4218 6446
231 428 364 493 1145

1441 430 1678 490 SACRA
1721 428 2145 489 PARALLELA

3282 421 3416 486 1146

227 544 406 603 αὐτοῖς
430 539 587 609 ἡμεῖς
642 537 1004 610 ἰργασὼμεθα
1058 537 1245 615 κακόν.
1284 537 1453 591 Ὅταν
1485 536 1654 609 λάϐῃς
1680 536 1771 589 τὸν
1797 544 1846 598 Α
1873 552 1893 590 ῐ

1752 554 1771 588 ν
1797 544 1846 598 Α
1873 537 2001 592 mali
2036 537 2105 591 ab
2137 535 2377 591 inimicis
2415 535 2709 605 patiamur,
2752 535 2846 590 sed
2879 541 2938 589 ut
2962 532 3113 588 nullo
3150 546 3242 587 eos
3273 537 3418 588 malo

226 631 418 701 ἐχθρόν
446 647 540 683 σου
579 631 654 692 είς
688 632 784 693 τὰς
812 633 999 699 χεῖρας
1027 630 1123 692 τάς
1149 627 1267 694 σὰς,
1300 629 1375 700 μὴ
1406 628 1595 682 σκόπει
1622 628 1768 690 ὅπως

224 722 386 777 αὐτὸν
410 720 774 791 ἀμυνάμενος,
821 719 917 773 καὶ
964 720 1182 791 μυρίαις
1236 718 1443 782 πλύνας
1481 717 1767 789 λοιδορίαις

225 813 527 884 ἐκπέμψῃς,
556 812 668 865 ἀλλ’
697 812 841 873 ὅπως
882 811 1237 881 ἐπαναγάγῃς
1266 810 1401 881 πρὸς
1437 809 1762 864 ἐπιείκειαν

224 909 320 961 καὶ
363 907 437 977 μὴ
491 908 754 977 πρότερον
802 905 1062 975 ἀποστῇς,
1103 905 1206 969 ἕως
1266 907 1333 960 ἂν
1380 904 1641 976 περιγένῃ
1696 907 1764 976 τῇ

223 998 487 1070 πραότητι
514 993 615 1065 τῆς
650 996 925 1067 ὠμότητος
948 998 1045 1065 τῆς
1068 994 1293 1049 ἐκείνου.

292 1091 423 1142 Τότε
462 1088 676 1159 μείζους
700 1087 849 1160 παρά
869 1086 964 1141 τοῦ
994 1086 1109 1157 βίον
1149 1086 1419 1141 κείσονται
1449 1086 1761 1153 ἀντιδόσεις,

220 1178 350 1235 ὅταν
373 1181 539 1250 μυρία
569 1180 693 1242 τοὺς
714 1179 940 1251 ἐχθροὺς
962 1178 1140 1247 ἀγαθά
1170 1180 1508 1251 ποιήσαντες,
1547 1179 1763 1233 τούναν-

221 1274 313 1328 τία
343 1271 821 1341 ἀνταπολάϐωμεν.

308 1442 460 1497 οταν
486 1444 825 1512 ἐννοήσωμεν
856 1441 998 1514 ἆπερ
1021 1442 1293 1513 ἐπάθομεν
1320 1444 1469 1513 παρά
1500 1444 1606 1497 τῶν
1636 1461 1759 1497 συν-

217 1535 439 1596 οούλων,
464 1532 802 1602 λογισώμεθα
823 1534 963 1605 ειπερ
987 1534 1319 1603 ἐποιήσαμεν
1347 1537 1427 1598 εἰς
1450 1535 1539 1587 τὸν
1562 1536 1761 1587 Δεσπόο

217 1644 338 1695 την,
370 1624 461 1678 καὶ
493 1625 571 1695 τῷ
626 1625 776 1694 φόϐῳ
811 1625 923 1678 τῶν
952 1625 1166 1678 οίκείων
1210 1626 1616 1697 ἁμαρτημάτων
1670 1625 1761 1678 τὸν

218 1716 389 1785 θυμὸν
426 1716 518 1769 ἐπὶ
562 1718 675 1778 τοῖς
712 1715 1011 1786 ἀλλοτρίοις
1072 1714 1505 1785 πλημμελήμασι
1555 1716 1760 1786 ταχέως

213 1806 540 1861 ἀπώσασθαι
564 1806 921 1879 δυνησόμεθα.
946 1806 1006 1859 Εί
1022 1807 1127 1876 γὰρ
1149 1807 1230 1860 δεῖ
1252 1807 1553 1877 μεμνῆσθαι
1584 1810 1761 1879 ἁμαρ·

212 1899 495 1969 τημάτων,
521 1898 631 1953 τῶν
690 1898 907 1951 οίκείων
945 1899 1027 1952 δεῖ
1079 1898 1388 1969 μεμνῆσθαι
1435 1901 1627 1971 μόνον’
1659 1900 1761 1954 κάν

208 1988 326 2041 τῶν
380 1989 594 2042 οίκείων
656 1990 1152 2061 μνημονεύσωμεν,
1198 1989 1451 2044 οὐδέποτε
1505 1990 1761 2061 ἀλλότρια

212 2079 397 2148 λογιού
405 2079 565 2150 μεθα.

282 2297 313 2337 ³
352 2298 476 2353 Ἐὰν
505 2296 633 2369 ἔχῃς
656 2315 708 2350 τι
725 2297 868 2352 κατά
895 2297 989 2352 τοῦ
1020 2298 1237 2371 ἐχθροῦ,
1263 2299 1411 2364 ἔξελε
1430 2299 1527 2369 τὴν
1558 2300 1754 2371 λύπην,

208 2386 545 2457 θεράπευσον
574 2386 672 2459 τὴν
694 2387 880 2459 ὀργήν,
906 2388 1063 2442 λυσον
1082 2389 1181 2460 τὴν
1213 2388 1434 2462 ἔχθραν,
1469 2391 1553 2443 ἵνα
1587 2389 1778 2462 λάϐῃς,

206 2477 509 2548 θεραπείαν
559 2478 667 2532 ἀπὸ
726 2483 824 2550 τῆς
880 2479 1180 2550 τραπέζης·
1248 2479 1418 2552 Θυσίᾷ
1479 2481 1756 2554 προσέρχῃ

205 2571 413 2640 φρικτῇ
441 2569 534 2621 καὶ
552 2570 701 2641 ἁγίᾳ,
753 2571 1027 2641 αίδέσθητι
1049 2571 1147 2641 τὴν
1188 2572 1440 2625 ὑπόθεσιν
1457 2574 1625 2643 αὐτῆς
1656 2572 1754 2643 τῆς

204 2662 538 2732 προσφορᾶς.
575 2660 945 2731 Ἐσφαγμένος
974 2663 1257 2724 πρόκειται
1288 2665 1316 2716 ὁ
1358 2664 1588 2733 Χριστός
1609 2681 1622 2694 ·
1659 2665 1753 2718 καὶ

200 2752 350 2812 τίνος
379 2751 562 2803 ἕνεκεν
592 2753 802 2823 ἐσφάγη
830 2769 845 2817 ;
879 2754 971 2805 καὶ
1003 2753 1087 2806 διά
1121 2752 1340 2819 τί;”Ινα
1367 2754 1752 2826 είρηνοποιήσῃ

201 2838 275 2891 τὰ
306 2842 362 2891 ἐν
391 2839 467 2909 τῷ
497 2840 708 2910 οὐρανῷ
736 2842 829 2895 καὶ
863 2842 932 2894 τά
960 2843 1051 2894 ἐπὶ
1069 2842 1167 2912 τῆς
1197 2842 1320 2914 γῆς·
1352 2843 1437 2896 ἵνα
1467 2845 1559 2897 καὶ
1583 2845 1749 2912 ἀγγέ-

201 2928 320 2987 λοις
336 2930 393 2980 σὲ
417 2930 611 3000 ποιήσῃ
637 2930 804 2998 φίλον.

1866 629 2176 683 multemus.
2213 626 2347 682 Cum
2384 627 2598 681 hostem
2631 635 2784 680 tuum
2808 626 2862 680 in
2910 630 3234 696 potestatem
3265 632 3415 678 tuam

1866 720 2160 791 redegeris,
2194 735 2304 775 non
2352 718 2405 773 id
2451 734 2570 786 age,
2604 727 2661 772 ut
2695 733 2817 772 eum
2850 717 2995 772 male
3028 722 3330 787 acceptum,
3364 724 3418 768 et

1864 813 2143 869 sexcentis
2194 812 2504 867 maledictis
2554 826 2840 880 aspersum
2885 809 3155 875 dimittas,
3202 808 3297 864 sed
3347 808 3415 862 ad

1863 906 2141 962 lenitatem
2179 905 2417 960 reducas
2448 924 2461 959 :
2488 920 2587 959 nec
2626 910 2756 957 ante
2790 901 3020 965 absiste,
3054 916 3216 972 quam
3251 913 3415 953 man-

1861 996 2155 1053 suetudine
2186 1002 2281 1049 tua
2323 994 2589 1050 stevitiam
2635 993 2809 1063 ipsius
2844 992 3066 1047 viceris.

1931 1083 2126 1149 Ejusd.
2173 1113 2243 1125 —
2271 1081 2410 1137 Tum
2450 1082 2668 1137 demum
2732 1082 2908 1153 major
2960 1095 2995 1134 a
3047 1079 3157 1135 Deo
3203 1094 3412 1134 merces

1860 1175 2020 1231 nobis
2055 1173 2411 1244 rependetur,
2446 1189 2570 1229 cum
2620 1174 2691 1227 ab
2738 1173 3004 1238 inimicis,
3034 1186 3171 1241 quos
3210 1170 3413 1224 benell-

1861 1265 1962 1321 ciis
2010 1267 2315 1323 innumeris
2375 1266 2721 1332 auxerimus,
2790 1264 3071 1320 contraria
3136 1264 3411 1331 receperi-

1861 1373 2006 1412 mus.

1931 1444 2120 1516 Ejusd.
2172 1446 2309 1510 Quid
2352 1446 2405 1499 in
2443 1445 2643 1514 injuria
2691 1445 3047 1513 spectandum.
3080 1443 3303 1497 —Cum
3354 1440 3409 1494 in

1857 1548 2097 1593 mentem
2132 1538 2363 1603 venerit,
2409 1537 2541 1606 quid
2588 1536 2914 1606 injuriarum
2942 1550 2971 1588 a
3005 1534 3291 1590 conservis
3321 1548 3410 1586 ac-

1859 1632 2196 1700 ceperimus,
2249 1627 2663 1684 consideremus
2724 1628 2890 1683 etiam
2953 1626 3082 1696 quid
3143 1626 3409 1680 adversus

1859 1720 2146 1775 Dominum
2176 1718 2579 1773 commisimus.
2613 1719 2691 1772 ita
2715 1719 2830 1783 ﬁet,
2868 1726 2928 1772 ut
2951 1726 3263 1773 nostrorum
3284 1731 3410 1786 pec-

1860 1822 2110 1869 catorum
2159 1820 2304 1867 metu
2356 1810 2699 1864 iracundiam
2730 1811 2801 1864 ob
2829 1812 3005 1866 aliena
3034 1810 3228 1865 delicta
3273 1823 3410 1864 con-

1862 1914 2072 1975 ceptam
2104 1903 2216 1956 cito
2257 1901 2652 1972 propellamus.
2689 1898 2819 1954 Nam
2870 1900 2916 1957 si
2960 1910 3184 1970 peccata
3215 1899 3270 1953 in
3294 1915 3409 1955 me-

1862 1993 2032 2048 moria
2061 1990 2266 2058 habere
2288 1995 2522 2058 oportet,
2548 1996 2866 2043 nostrorum
2894 1988 3165 2043 duntaxat
3195 1988 3410 2041 incum-

1858 2083 1937 2137 bit
1968 2056 2305 2136 meminisse.
2324 2056 2399 2131 *εἰ
2436 2084 2753 2131 nostrorum
2792 2074 3226 2137 meminerimus,
3264 2089 3408 2127 nun-

1857 2187 2022 2245 quam
2054 2170 2230 2224 aliena
2256 2167 2726 2239 percensebimus.

1924 2284 2114 2354 Ejusd.
2142 2282 2302 2339 Hom.
2339 2284 2403 2337 de
2424 2282 2576 2352 prod.
2604 2282 2780 2337 ludat.
2806 2311 2874 2321 —
2897 2281 2953 2335 Si
2990 2282 3250 2335 adversus
3299 2279 3407 2335 ini-

1855 2377 2390 2432 micumolieusionis
2421 2376 2591 2430 habes
2628 2375 2858 2445 aliquid,
2888 2375 3066 2429 exime
3092 2388 3404 2438 maerorem,

1854 2470 2186 2523 iracundiam
2212 2468 2364 2531 seda,
2389 2467 2691 2536 comprime
2716 2466 3086 2531 inimicitiam,
3111 2475 3221 2518 uta
3246 2479 3403 2519 sacra

1852 2581 2039 2622 mensa
2085 2565 2412 2620 medicinam
2469 2577 2679 2617 sumas.
2729 2560 2813 2615 Ad
2876 2561 3217 2615 tremendum
3276 2573 3404 2612 san-

1851 2668 2109 2728 ctumque
2136 2657 2468 2713 sacriﬁcium
2500 2654 2714 2709 accedis
2753 2653 2927 2708 :illud
2970 2653 3118 2723 quod
3152 2652 3401 2716 oﬂertur,

1850 2765 2123 2806 reverere.
2179 2748 2450 2803 Mactatus
2503 2746 2758 2800 Christus
2820 2748 3145 2814 proponitur
3194 2762 3207 2798 :
3266 2744 3398 2812 quid

1850 2858 2011 2913 porro
2046 2856 2224 2897 causae
2266 2847 2373 2903 est,
2422 2838 2780 2909 quamobrem
2829 2838 2900 2892 sit
2941 2837 3250 2891 mactatus?
3294 2835 3398 2889 Ec-

1848 2950 1966 2998 cur,
1998 2933 2264 3004 inquam?
2291 2931 2584 2990 Nimirum.
2616 2941 2674 2982 ut
2698 2945 2818 2997 qua:
2851 2930 2903 2983 in
2939 2929 3078 2983 caelo
3111 2936 3166 2981 et
3194 2942 3315 2996 quae
3342 2928 3396 2979 iu

1847 3033 1991 3079 terra
2036 3034 2202 3088 sunt,
2248 3022 2543 3093 paciﬁcet,
2594 3021 2803 3089 tibique
2850 3020 3166 3090 angelorum
3210 3017 3399 3070 amici-

1848 3116 1974 3170 tiam
1986 3115 2275 3170 .conciliet.
2926 3134 2929 3137 ·

268 3208 473 3278 Μηδεὶς
504 3210 678 3296 τοίνυν
706 3209 844 3296 ἔστω
899 3211 1117 3270 Ἰούδας,
1160 3213 1345 3277 μηδεὶς
1374 3217 1630 3283 πονηρίας
1653 3218 1744 3281 γέ-
1772 3206 1819 3268 C
1916 3230 1934 3295 ε

1728 3247 1744 3259 -
1772 3206 1819 3268 C
1916 3229 2071 3296 331
2111 3224 2381 3293 Ejusdem.
2402 3254 2479 3287 .—
2512 3221 2708 3275 Nullus
2735 3221 2901 3291 igitur
2955 3218 3123 3273 Judas
3155 3218 3394 3288 reperia~

198 3316 340 3367 μων,
373 3299 556 3364 μηδεὶς
580 3294 715 3363 ἔχων
745 3294 821 3348 ίδν
871 3296 927 3347 ἐν
955 3299 1018 3365 τῇ
1060 3297 1287 3368 διανοίᾳ,
1335 3300 1410 3370 μὴ
1456 3303 1536 3364 είς
1574 3306 1742 3359 κατά..

193 3404 379 3456 κρίσιν
406 3387 563 3455 λάϐῃ.
588 3388 693 3439 Καὶ
720 3388 826 3457 γὰρ
852 3388 969 3440 τότε
1004 3389 1140 3457 μετά
1158 3390 1218 3441 τὸ
1249 3390 1430 3443 λαϐεῖν
1453 3393 1549 3464 τὴν
1578 3414 1744 3466 προσ-

193 3478 390 3546 φορὰν,
456 3478 716 3529 ἐπέπεσεν
770 3477 846 3547 τῷ
912 3478 1079 3549 Ἰούδᾳ.
1114 3482 1142 3532 ὁ
1205 3480 1479 3547 διάϐολος·
1530 3487 1592 3538 οὐ
1649 3487 1740 3540 τοῦ

194 3568 449 3636 σώματος
498 3569 846 3637 καταφρονῶν
890 3569 983 3622 τοῦ
1033 3572 1395 3636 Δεσποτικοῦ,
1459 3576 1592 3630 ἀλλὰ
1644 3579 1743 3648 τῆς

192 3657 593 3727 ἀναισχυντίας,
629 3660 905 3730 ἐπιπηδών
945 3660 1039 3713 τοῦ
1090 3662 1283 3727 Ἰούδα,
1334 3666 1419 3719 ἵνα
1460 3668 1738 3738 μάθωμεν,

189 3752 275 3802 ὅτι
314 3752 426 3811 τοῖς
455 3750 687 3813 ἀναξίως
735 3752 1019 3822 μετέχουσι
1067 3755 1175 3808 τῶν
1209 3756 1368 3811 θείων
1405 3762 1735 3830 μυστηρίων,

187 3840 405 3903 τούτοις
436 3840 670 3909 μάλιστα
704 3842 941 3914 ἐπιπηδᾷ
975 3844 1071 3899 καὶ
1124 3846 1393 3900 ἐπιϐαίνει
1435 3852 1670 3920 συνεχῶς
1710 3855 1738 3905 ὁ

189 3930 455 3993 διάϐολος.
480 3932 663 4001 ὥσπερ
686 3932 764 4003 τῷ
811 3933 977 4004 Ἰούδᾳ
1019 3935 1161 3989 τότε.
1194 3938 1258 3989 Δί
1300 3941 1409 4008 γάρ
1435 3942 1589 4010 τιμαὶ
1614 3945 1738 4006 τοὺς

189 4021 380 4084 ἀξίους
405 4021 703 4087 ὠφελοῦσιν
722 4040 735 4052 ·
769 4024 896 4087 τοὺς
922 4024 979 4076 δὲ
1016 4026 1166 4096 παρὰ
1193 4028 1291 4097 τὴν
1331 4029 1485 4092 ἀξίαν
1533 4032 1736 4085 ἀπολαο

190 4112 410 4174 ϐάντας,
479 4114 557 4172 εἰς
604 4114 822 4182 μείζονα
880 4118 1150 4186 τιμωρίαν
1208 4118 1582 4186 ἐμϐάλλουσιν.
1630 4126 1737 4179 Καὶ

186 4203 365 4257 ταῦτα
414 4205 577 4273 λέγω,
632 4206 729 4275 οὐχ
778 4208 862 4259 ἵνα
908 4208 1148 4279 φοϐήσω,
1202 4211 1315 4263 ἀλλ’
1363 4214 1446 4266 ἵνα
1506 4216 1735 4283 ἀσφαλί-

189 4314 395 4365 σωμαι.

261 4409 336 4460 Σὺ
365 4408 443 4477 τῷ
489 4409 756 4479 συνδούλῳ
798 4410 976 4481 μένεις
1011 4413 1326 4484 ἐχθραίνων,
1367 4420 1459 4473 καὶ
1497 4420 1610 4483 πῶς
1643 4421 1734 4474 δυ-

1848 3326 1970 3381 ιυι·;
2007 3316 2188 3369 nullus
2216 3313 2585 3384 improbitatis
2614 3313 2848 3379 plenus;
2903 3311 3084 3364 nullus
3115 3311 3207 3379 qui
3239 3310 3392 3364 virus

1844 3404 2026 3458 animo
2060 3403 2334 3457 conditum
2394 3402 2636 3455 habeat:
2681 3417 2745 3455 ne
2786 3402 2837 3455 in
2883 3401 3388 3454 condemnationem

1842 3497 2093 3565 accipiat.
2135 3493 2290 3548 Tunc
2315 3494 2460 3548 enim
2485 3500 2773 3563 postquam
2798 3492 3003 3562 accepit
3035 3493 3387 3554 oblationem,

1841 3585 2088 3640 diabolus
2114 3586 2167 3639 in
2187 3584 2385 3639 Judam
2420 3584 2623 3638 decidit
2652 3599 2815 3639 :'non
2854 3582 2998 3653 quod
3027 3582 3236 3637 Domini
3266 3598 3389 3637 cor-

1842 3691 1941 3744 pus
1963 3682 2355 3738 contemneret,
2387 3673 2479 3730 sed
2507 3682 2567 3725 ut
2588 3675 2938 3731 impudentia:
2968 3672 3386 3729 Judwinsulta-

1841 3776 1939 3821 ret.
1968 3765 2037 3821 Ut
2068 3767 2435 3837 intelligamus
2461 3764 2736 3832 diabolum
2776 3765 2828 3818 in
2859 3780 2954 3820 eos
2980 3763 3276 3834 praesertim
3309 3764 3387 3819 in-

1838 3859 2013 3919 silire.
2074 3859 2166 3927 qui
2220 3857 2403 3912 divina
2464 3856 2719 3927 mysteria
2767 3856 2988 3925 indigne
3044 3854 3381 3926 percipiunt;

1839 3946 2289 4017 quemadmodum
2320 3956 2453 4001 tunc
2490 3946 2544 3999 in
2565 3940 2783 4001 Iudam.
2816 3946 3096 4015 Siquidem
3132 3954 3189 4000 ut
3208 3946 3383 4000 hono-

1840 4054 1925 4092 res
1955 4039 2022 4092 iis
2055 4039 2145 4107 qui
2173 4037 2320 4107 digni
2349 4046 2478 4091 sunt
2510 4037 2800 4092 utilitatem
2828 4036 3064 4090 aderunt
3095 4052 3110 4088 :
3140 4036 3222 4091 sic
3244 4052 3379 4091 con-

1837 4136 1920 4181 tra
1943 4128 2065 4182 illos
2089 4127 2182 4196 qui
2206 4127 2427 4196 indigne
2453 4137 2701 4190 sumunt,
2761 4127 2817 4180 in
2862 4127 3122 4193 maiorem
3163 4128 3382 4182 crucia-

1837 4226 1947 4271 tum
1981 4217 2298 4286 conjiciunt.
2326 4218 2447 4272 Haec
2473 4233 2638 4287 porro
2669 4234 2773 4271 non
2795 4232 2861 4273 eo
2891 4232 2921 4271 a
2963 4235 3047 4274 me
3099 4218 3379 4283 dicuntur,

1836 4319 1892 4365 ut
1918 4320 2183 4366 terrorem
2218 4311 2503 4377 incutiam,
2568 4310 2662 4366 sed
2717 4319 2777 4365 ut
2825 4311 3097 4366 cautiores
3134 4312 3377 4366 reddam.

1860 4490 1867 4499 I
1905 4421 2044 4478 Ibid.
2070 4454 2140 4467 —
2165 4423 2299 4479 Cum
2326 4431 2383 4478 tu
2423 4423 2680 4478 infestum
2706 4424 2760 4477 in
2816 4438 3143 4480 conservum
3193 4425 3379 4479 odium

185 4500 345 4597 vv'EO-n‘
373 4497 606 4597 βαδίζειν
638 4502 852 4597 τὴν
881 4503 980 4597 τῆς
1021 4506 1242 4575 εἰρήνης
1277 4510 1587 4578 τράπεζαν;
1624 4513 1728 4565 Καὶ
1758 4541 1802 4597 D
1833 4531 1851 4568 ι

1717 4518 1728 4565 l
1758 4541 1802 4597 υ
1833 4497 2093 4579 retineas,
2125 4530 2356 4584 quonam
2386 4514 2638 4584 pacto.ad
2661 4530 2903 4570 mensam
2934 4516 3086 4585 pacis
3113 4530 3283 4585 queas
3298 4531 3383 4571 ac-

184 4592 300 4658 γὰρ
324 4592 351 4641 ὁ
379 4591 607 4659 Χριστὸς
632 4592 750 4645 οὐδὲ
768 4594 1057 4649 ἀποθανεῖν
1075 4597 1211 4669 ὑπὲρ
1240 4599 1331 4653 σοῦ
1356 4605 1726 4674 παρῃτήσατο,

185 4684 252 4734 σὺ
282 4681 339 4733 δὲ
372 4682 489 4734 ούδέ
515 4682 683 4752 ὀργὴν
724 4685 938 4751 ἀφιέναι
966 4688 1042 4757 τῷ
1094 4690 1357 4761 συνδούλῳ
1385 4692 1472 4745 διὰ
1513 4695 1733 4747 σεαυτὸν

182 4772 378 4840 ἀνέχῃ.
442 4772 741 4843 Ἐπηρὲασε
805 4775 948 4846 γὰρ,
1024 4780 1192 4847 φησὶ,
1240 4781 1334 4834 καὶ
1383 4782 1451 4834 τὰ
1505 4783 1733 4852 μέγιστα

185 4860 635 4931 ἐπλεονέκτησεν.
693 4867 802 4919 Καὶ
842 4867 895 4919 τί
944 4869 1130 4933 τοῦτο;
1182 4872 1263 4934 είς
1293 4873 1546 4942 χρήματα
1636 4875 1732 4945 ζη-

184 4953 285 5019 μία
313 4970 327 4983 ·
359 4954 566 5006 οὐδέπω
596 4956 923 5026 ἐσταύρωσε,
977 4959 1224 5031 καθάπερ
1278 4963 1368 5015 τὸν
1405 4965 1638 5034 Χριστὸν
1680 4967 1728 5019 οί

195 5045 439 5097 Ἰουδαῖοι
459 5045 599 5096 ’ἀλλ’
622 5047 769 5114 ὅμως
790 5048 885 5101 καὶ
906 5050 1035 5103 αὐτὸ
1054 5052 1113 5103 τὸ
1141 5046 1297 5122 αἷμα,
1329 5055 1463 5125 ὅπερ
1490 5054 1724 5127 ἐξέχεεν,

181 5139 266 5197 εἰς
306 5135 575 5207 σωτηρίαν
611 5142 720 5200 τοῖς
773 5140 1025 5209 ἐκχέασιν
1057 5142 1274 5198 ἔδωκεν.
1318 5144 1383 5197 Τί
1417 5146 1587 5217 τούτῳ
1616 5149 1727 5202 ἴσον

182 5226 331 5293 ἔχεις
362 5227 566 5291 εἰπεῖνς
612 5227 736 5281 Ἐὰν
776 5230 849 5301 μὴ
878 5231 1019 5301 ἀφῇς
1049 5233 1125 5302 τῷ
1170 5234 1366 5304 ἐχθρῷ,
1396 5238 1494 5289 οὐκ
1523 5239 1725 5291 ἐκεῖνον

179 5316 449 5385 ἠδίκησας
504 5317 783 5388 μᾶλλον,ῆ
829 5323 1040 5376 σαυτόν.
1108 5325 1341 5378 Ἐκεῖνον
1380 5328 1477 5397 μὲν
1509 5329 1618 5400 γὰρ
1648 5332 1725 5394 είς

179 5408 277 5459 τὸν
315 5409 551 5479 παρόντα
575 5411 687 5480 βίον
726 5415 1087 5483 παρέϐλεψας,
1119 5419 1310 5470 ἐαυτὸν
1338 5419 1394 5471 δέ
1445 5422 1722 5489 ἀσύγγνω-

182 5513 313 5549 στον
344 5500 601 5568 ἐποίησας
635 5503 770 5571 πρὸς
799 5503 895 5572 τὴν
926 5506 1216 5572 ἀπολογίαν
1244 5507 1341 5579 τὴν
1371 5509 1449 5572 εἰς
1473 5512 1572 5579 τὴν
1596 5510 1721 5580 μέ).-

180 5586 381 5641 λουσαν
437 5591 664 5661 ἡμέραν.
703 5593 865 5646 Οὐδὲν
908 5596 1015 5665 γὰρ
1071 5595 1211 5649 οὕτω
1249 5600 1445 5667 μισεῖό
1483 5599 1631 5666 Θεὸς,
1652 5600 1727 5664 ὡς

1829 4606 2060 4661 cedere?
2086 4606 2297 4660 Etenim
2324 4605 2575 4659 Christus
2622 4621 2689 4659 ne
2729 4616 2958 4658 mortem
3012 4606 3229 4675 quidem
3282 4622 3380 4675 pro

1831 4706 1883 4749 te
1911 4704 2169 4767 oppetere
2207 4698 2481 4751 recusavit
2532 4716 2544 4750 :
2598 4706 2654 4749 tu
2695 4712 2824 4750 vero
2878 4713 2946 4751 ne
3009 4706 3097 4750 tua
3156 4699 3375 4767 quidem

1826 4802 1994 4841 causa
2028 4789 2162 4841 iram
2191 4801 2457 4842 conservo
2508 4787 2785 4841 remittere
2835 4787 3098 4841 sustines.
3147 4790 3236 4849 At,
3292 4788 3377 4841 iu-

1824 4876 1972 4943 quis,
2006 4876 2136 4930 mihi
2194 4875 2498 4939 insultavit,
2541 4875 2988 4946 gravissimisque
3032 4875 3375 4933 detrimentis

1826 4966 1895 5019 ab
1924 4980 1989 5019 eo
2015 4980 2135 5021 sum
2165 4964 2410 5020 affectus.
2437 4964 2578 5030 Quid
2595 4980 2724 5019 vero
2783 4965 2961 5019 istud?
2989 4966 3247 5020 damnum
3270 4966 3375 5021 hoc

1828 5063 1880 5110 in
1941 5058 2183 5127 pecuniis
2211 5066 2420 5112 tantum
2479 5057 2645 5111 situm
2680 5067 2785 5113 est.
2818 5058 3137 5114 Nondumte
3173 5060 3373 5114 incru-

1823 5162 1940 5201 cem
1968 5149 2099 5216 egit,
2122 5148 2199 5200 uti
2224 5146 2504 5201 Christum
2531 5146 2700 5202 Judaei
2726 5166 2740 5202 :
2768 5156 2821 5203 et
2852 5158 3031 5203 tamen
3059 5150 3375 5219 illeipsum-

1826 5247 1936 5292 met
1958 5237 2297 5305 sanguinem,
2334 5253 2493 5306 quem
2549 5237 2760 5300 effudit,
2804 5240 3066 5293 ineorum
3099 5256 3127 5293 a
3173 5240 3370 5307 quibus

1823 5328 2078 5396 profusus
2094 5337 2198 5393 est,
2222 5329 2451 5383 salutem
2480 5329 2649 5383 dedit.
2703 5329 2837 5395 Quid
2879 5329 3146 5399 ejusmodi
3178 5330 3369 5385 alferre

1825 5418 2039 5486 queas?
2068 5416 2122 5471 Si
2149 5418 2289 5473 hosti
2328 5430 2418 5473 tuo
2468 5420 2717 5488 iniuriam
2783 5435 2885 5475 rion
2944 5421 3209 5483 remittas,
3256 5435 3364 5472 non

1828 5509 1978 5562 illum
2002 5509 2192 5577 magis,
2219 5526 2379 5580 quam
2403 5512 2633 5580 teipsum
2665 5513 2887 5572 laeseris.
2917 5512 3066 5566 ldum
3096 5512 3361 5581 siquidem

1832 5602 1885 5655 in
1919 5602 2171 5669 praesenti
2207 5602 2315 5657 vita
2347 5604 2483 5658 male
2515 5604 2809 5660 habueris:
2863 5613 2917 5657 at
2946 5603 3067 5669 tibi,
3124 5619 3246 5658 cum
3302 5602 3360 5657 in

255 5785 282 5825 ιι
324 5782 541 5842 Diversa
577 5789 686 5844 lucc
726 5800 850 5845 sunt
882 5792 946 5845 ah
985 5794 1162 5859 editis,
1200 5798 1355 5851 tertia
1399 5798 1625 5868 proinde
1657 5802 1914 5857 orationis
1941 5803 2097 5873 hujus
2141 5803 2390 5857 editione.
