4218 6446
204 433 337 499 1149

1447 434 1681 495 SACRA
1719 438 1909 501 PARA
1920 444 2172 504 LLELA.

3266 440 3404 511 1150

276 572 294 605 ι
327 552 458 605 Θεὸν
489 551 577 604 τὸν
621 550 958 619 γενειήσαντά
1009 566 1068 602 σε
1116 550 1490 619 ἐγκατέλιπες,
1520 557 1615 607 καὶ
1646 555 1742 607 ἑπ-
1769 565 1816 619 Α
1903 554 1942 607 ll

1739 565 1816 619 ιΑ
1903 554 2059 609 Deut.
2097 572 2283 620 χχιιι,
2316 555 2367 611 8.
2402 586 2464 595 —
2500 572 2518 606 ι
2552 553 2716 609 Deum
2765 555 2860 627 qui
2905 564 2958 610 te
2997 556 3178 625 genuit
3207 556 3405 615 dere“.

198 644 387 698 ελάθου
413 644 547 697 Θεοῦ
578 643 670 696 τοῦ
700 643 991 713 τρέφοντάς
1026 660 1106 699 σε.
1137 662 1155 695 ι

274 758 292 790 ι
326 739 442 791 Ἰνα
470 736 547 807 μὴ
578 735 816 807 ἀπολέσῃ
856 734 1181 805 ἁμαρτωλὸς
1216 738 1306 787 τὸν
1344 736 1747 809 ἀναμάρτητον,

197 828 259 880 ού
298 826 370 896 μὴ
397 824 598 897 θελήσῃ
632 827 660 877 ὁ
688 824 818 887 Θεὸς
840 823 1185 878 εύιλατεῦσαι
1207 824 1379 896 αύτῷο
1417 827 1530 880 ἀλλ’
1560 830 1753 882 ἐκκαυο

202 920 425 989 θήσεται
461 918 597 989 ὀργὴ
630 918 858 990 Κυρίου,
889 918 983 973 καὶ
1006 919 1035 972 δ
1064 918 1223 989 ζῆλος
1269 920 1432 974 αὐτοῦ
1456 923 1522 991 ἐν
1554 921 1631 993 τῷ
1655 923 1750 975 ἀν-

201 1012 230 1063 θ
238 1010 404 1081 ρώπῳ
438 1010 648 1079 ἐκείνῳ.
684 1028 704 1061 ι
1468 1011 1477 1022 '

272 1122 292 1155 ι
347 1101 793 1172 Ἐξολοθρεύσατε
820 1102 888 1157 τὰ
930 1103 1055 1175 ἔθνη
1084 1102 1257 1159 ταῦτα
1298 1106 1407 1159 ἀπὸ
1454 1104 1750 1176 προσώπου

201 1199 375 1267 ὑμῶν,
426 1197 519 1250 καὶ
557 1198 656 1250 οὐκ
701 1196 911 1251 ἔσονται
954 1198 1083 1267 ὑμῖν
1120 1199 1198 1261 είς
1235 1198 1490 1266 παγίδας,
1531 1199 1626 1251 καὶ
1673 1200 1751 1262 είς

202 1292 491 1356 σκάνδαλα,
520 1292 613 1343 καὶ
642 1292 719 1354 είς
745 1292 913 1361 ἥλους
934 1292 992 1344 ἐν
1020 1293 1136 1354 ταῖς
1169 1292 1426 1363 πτέρναις
1453 1292 1626 1361 ὑμῶν,
1659 1292 1752 1344 καὶ

202 1386 282 1446 εἰς
314 1384 517 1453 βολίδας
544 1385 601 1435 ἐν
630 1385 742 1447 τοῖς
764 1383 1057 1453 ὀφθαλμοῖς
1087 1383 1237 1453 ὑμῶν
1258 1400 1273 1416 ο
1313 1385 1395 1436 ὅτι
1442 1383 1542 1436 ούκ
1587 1384 1752 1454 ἡκού-

202 1493 330 1528 σατε
367 1476 463 1544 τῆς
492 1473 675 1543 φωνῆς
705 1474 907 1543 Κυρίου
941 1472 1034 1526 τοῦ
1055 1474 1190 1527 Θεοῦ
1224 1474 1400 1543 ὑμῶν.

273 1568 385 1620 Καὶ
422 1567 590 1629 ἔσται,
622 1566 712 1623 τὸν
736 1565 935 1633 τρόπον
967 1566 1253 1637 ηὐφράνθη
1280 1565 1480 1637 Κύριος
1528 1569 1585 1619 ἐν
1624 1568 1752 1638 ὑμῖν

200 1658 297 1711 τοῦ
329 1654 389 1711 εὖ
418 1659 640 1727 ποιῆσαι
689 1658 850 1726 ὑμᾶς,
886 1658 1057 1721 οὕτως
1086 1658 1520 1730 εὐφρανθήσεται
1551 1659 1752 1729 Κύριος

146 1808 149 1811 _
202 1752 288 1817 ἐφ’
311 1750 458 1819 ύμῖν,
488 1749 862 1819 ὲξολοορεῦσαι
895 1750 1057 1820 ὑμᾶς.
1095 1767 1114 1800 ι
1662 1744 1682 1757 ⁸

196 1846 199 1849 ’
239 1855 246 1865 ’
281 1860 302 1893 ι
358 1844 445 1909 Ἐξ
475 1843 690 1912 ἀνόμων
718 1843 1055 1907 ἐξελεύσεται
1087 1842 1450 1915 πλημμέλεια.
1493 1862 1512 1895 ι

285 2066 304 2097 ι
365 2046 608 2114 Ἐγένετο
653 2045 810 2113 λόγος
871 2046 1074 2115 Κυρίου
1125 2045 1262 2117 πρὸς
1307 2043 1494 2097 Βασσά
1544 2043 1754 2111 λέγων’

216 2135 358 2190 Ἀνθ’
388 2128 460 2187 ὧν
493 2135 685 2203 ὕψωσά
708 2152 764 2187 σε
791 2135 881 2189 ἐπὶ
911 2136 1009 2206 τῆς
1036 2135 1161 2204 γῆς.
1189 2135 1283 2191 καὶ
1311 2133 1485 2189 ἐδωκά
1512 2149 1570 2186 σε
1595 2131 1759 2203 ἡγού-

207 2245 368 2296 μενον
390 2228 479 2280 ἐπὶ
501 2227 592 2281 τὸν
620 2228 744 2281 λαόν
772 2245 895 2295 μου,
927 2228 1019 2280 καὶ
1048 2229 1347 2300 ὲπορεύθης
1378 2232 1435 2284 ὲν
1460 2230 1564 2300 ὁδῷ
1594 2227 1758 2297 Ἰερο-

204 2323 369 2390 ϐοάμ,
396 2314 494 2377 καὶ
523 2322 828 2392 ἐξήμαρτες
853 2322 943 2375 τὸν
965 2323 1093 2379 λαόν
1121 2341 1221 2394 μου
1260 2326 1350 2379 τὸν
1390 2328 1629 2398 Ἰσραὴλ,
1664 2327 1758 2380 τοῦ

204 2411 538 2481 παροργίσαι
567 2427 635 2478 με
659 2413 716 2463 ὲν
745 2413 857 2475 τοῖς
886 2412 1137 2480 ματαίοις
1163 2414 1360 2480 αὐτῶν,
1394 2416 1504 2469 ἰδοὺ
1534 2416 1645 2477 ἐγὼ
1669 2415 1759 2481 ea-

205 2502 406 2573 εγείρω
436 2502 612 2555 ὀπίσω
659 2519 773 2565 σου,
805 2504 899 2556 καὶ
931 2504 1105 2557 ὀπίσω
1127 2504 1222 2558 τοῦ
1254 2505 1404 2558 οἴκου
1455 2522 1546 2558 σου
1580 2506 1757 2560 κακά·

206 2595 302 2645 καὶ
342 2593 496 2646 δώσω
533 2593 624 2646 τὸν
655 2588 804 2647 οῐκόν
844 2611 959 2658 σου,
1008 2596 1083 2658 ὡς
1128 2597 1217 2649 τδν
1250 2592 1400 2650 οἶκον
1459 2597 1757 2669 Ἱεροϐοάμ.

202 2685 309 2737 Τὸν
338 2683 634 2753 τεθνηκότα
664 2683 755 2737 τοῦ
792 2686 973 2738 Βασσά
1006 2687 1064 2737 ὲν
1095 2689 1160 2757 τῇ
1196 2686 1369 2753 πόλει,
1414 2688 1762 2758 καταφάγον-

205 2794 298 2830 ται
358 2779 406 2830 οί
452 2775 611 2840 κύνες
634 2794 648 2808 ·
679 2781 773 2830 καὶ
823 2778 916 2832 τὸν
955 2777 1253 2850 τεθνηκότα
1290 2782 1347 2836 ἐν
1372 2780 1449 2854 τῷ
1481 2782 1664 2853 πεδίῳ,
1693 2781 1762 2836 τά

202 2866 429 2920 ⁹πετεινά
452 2866 543 2918 τοῦ
571 2865 821 2935 οὐρανοῦ.
854 2886 872 2919 ι

284 2979 302 3009 ι
339 2959 653 3029 Εύφροσύνη
694 2960 903 3013 ἀσεϐῶν
944 2962 1142 3031 πτῶμα
1187 2964 1458 3031 ἐξαίσιον·
1505 2965 1756 3037 χαρμονὴ

203 3045 261 3097 δὲ
306 3046 635 3115 παρανόμων
682 3048 945 3104 ἀπώλεια.
1009 3052 1133 3104 Ἐὰν
1188 3054 1357 3125 ἀνέϐη
1410 3056 1488 3118 είς
1537 3054 1763 3127 οὐρανὸν

205 3134 375 3186 αὐτοῦ
404 3134 471 3188 τὰ
501 3135 667 3204 δῶρα,
707 3138 742 3207 ὴ
773 3136 831 3190 δὲ
884 3138 1042 3192 θυσία
1087 3141 1266 3195 αὐτῶν
1302 3143 1481 3212 νεφῶν
1519 3144 1760 3214 ἅψηται·

1849 647 2012 717 quisti
2034 686 2049 711 ,
2079 647 2279 702 oblitus
2309 662 2372 704 es
2401 647 2492 702 Dei
2523 648 2618 716 qui
2650 655 2702 701 te
2731 646 2924 715 pascit.
2963 663 2982 697 ι

1917 738 2070 794 Deut.
2106 754 2267 803 xxix,
2298 738 2391 794 9.0.
2418 769 2487 779 —-
2520 757 2537 790 ι
2575 736 2654 792 Ne
2701 746 2956 808 peccator
2993 751 3182 794 secum
3215 738 3407 809 perdat

1849 832 2228 897 innocentem,
2257 845 2366 884 non
2397 832 2509 885 vult
2559 830 2698 884 Deus
2731 829 3011 899 ignoscrre
3040 830 3089 885 ei
3113 869 3131 895 ,
3165 830 3262 887 sed
3311 844 3406 885 ac-

1849 925 2109 982 cendetur
2138 926 2219 979 ira
2248 922 2461 979 Domini
2489 935 2543 979 et
2576 924 2725 979 zelus
2751 922 2873 993 ejus
2920 923 3181 979 adversus
3227 923 3408 978 homi-

1848 1032 1970 1072 nem
1998 1016 2183 1070 istum.
2220 1033 2240 1066 ι

1917 1108 2082 1163 Num.
2118 1123 2267 1161 xxxu
2285 1146 2301 1170 ,
2329 1105 2428 1168 52,
2461 1105 2551 1159 55.
2579 1133 2649 1144 —-
2677 1123 2695 1156 ι
2727 1103 3030 1174 Disperdite
3055 1113 3243 1176 gentes
3270 1104 3409 1162 istas

1848 1214 1881 1255 a
1910 1198 2048 1254 facie
2078 1207 2290 1265 vestra,
2324 1206 2377 1254 et
2421 1212 2527 1253 non
2562 1206 2723 1251 erunt
2768 1199 2923 1255 vobis
2973 1198 3028 1252 in
3064 1198 3325 1267 laqueos,
3356 1206 3413 1252 et

1850 1294 1905 1347 in
1941 1292 2195 1347 scandala
2215 1333 2231 1357 ,
2263 1302 2315 1346 et
2344 1292 2399 1345 in
2430 1292 2615 1344 clavos
2662 1290 2931 1347 calcaneis
2982 1291 3186 1348 vestris
3215 1332 3229 1352 .
3264 1300 3318 1346 et
3352 1292 3411 1347 in

1850 1384 2013 1441 sudes
2045 1384 2101 1437 in
2129 1383 2303 1438 oculis
2329 1384 2524 1439 vestris
2552 1401 2567 1450 ;
2600 1398 2666 1438 eo
2695 1383 2839 1453 quod
2871 1399 2980 1438 non
3008 1382 3293 1439 audieritis
3323 1399 3415 1439 vo-

1852 1478 1967 1531 Cem
1996 1474 2207 1529 Domini
2239 1474 2331 1529 Dei
2366 1478 2556 1531 vestri.
2592 1493 2611 1527 ι

1922 1568 2073 1622 Deut.
2110 1583 2276 1621 xxvm
2298 1568 2417 1630 ,65.
2444 1597 2515 1608 —
2537 1587 2555 1619 ι
2589 1566 2657 1622 Ει
2686 1568 2810 1633 erit,
2834 1568 3287 1638 quemadmodum
3322 1569 3416 1625 la-

1852 1669 1994 1716 tatus
2023 1669 2106 1715 est
2142 1659 2401 1714 Dominus
2430 1675 2592 1728 super
2625 1676 2723 1715 vos
2754 1670 2813 1714 ut
2844 1660 3196 1717 benefaceret
3224 1662 3379 1717 vobis
3398 1701 3415 1727 ,

1853 1753 1926 1807 ita
1955 1752 2223 1807 laetabitur
2253 1751 2517 1805 Dominus
2542 1750 2597 1803 in
2629 1752 2784 1807 vobis
2810 1758 2870 1805 ut
2893 1767 2990 1807 vos
3016 1743 3321 1822 disperdat.
3354 1770 3375 1803 ι

1924 1845 1952 1899 I
1990 1844 2110 1914 Reg.
2149 1859 2296 1907 xxxv,
2329 1843 2414 1896 14.
2438 1873 2508 1885 -
2537 1860 2557 1894 ι
2586 1842 2668 1898 Ab
2716 1842 2902 1913 impiis
2937 1845 3249 1914 egredietur
3296 1860 3421 1915 pec-

1784 1914 1827 1969 B
1856 1946 2059 2001 catmn,
2087 1955 2105 1987 ι

1931 2028 2027 2084 III
2061 2027 2183 2097 Reg.
2221 2043 2344 2090 xw,
2378 2026 2493 2080 1-4.
2530 2056 2599 2065 —
2638 2043 2655 2076 ι
2693 2025 2918 2081 Factum
2953 2034 3178 2081 verbum
3210 2027 3418 2081 Domini

1859 2123 1925 2177 ad
1952 2124 2115 2177 Bassa
2143 2121 2366 2176 dicens:
2398 2118 2503 2175 Pro
2529 2135 2595 2175 eo
2626 2121 2772 2189 quod
2800 2120 3034 2175 exaltari
3080 2129 3134 2175 te
3188 2122 3253 2175 de
3296 2120 3424 2191 pul-

1858 2228 2018 2279 vere,
2065 2220 2119 2267 et
2168 2210 2324 2281 posui
2371 2218 2426 2267 te
2477 2210 2675 2265 ducem
2723 2227 2886 2281 super
2939 2212 3195 2282 populum
3244 2226 3423 2266 meum

1860 2304 2043 2359 Israel.
2072 2303 2152 2357 Tu
2192 2310 2372 2371 autem
2426 2302 2723 2356 ambulain
2775 2302 2828 2355 in
2875 2301 2962 2355 via
3010 2300 3337 2367 Jeroboam,
3368 2310 3426 2355 et

1862 2410 2085 2465 peccare
2132 2393 2313 2449 fecisti
2346 2393 2601 2463 populum
2638 2408 2816 2447 meum
2850 2391 3013 2448 Israel
3039 2434 3056 2459 ,
3085 2400 3146 2446 ut
3177 2408 3263 2448 me
3294 2393 3423 2447 irri-

1862 2497 2007 2543 tares
2039 2488 2095 2541 in
2124 2486 2456 2540 vanitatibus
2480 2499 2668 2540 eorum
2695 2501 2711 2550 ;
2742 2500 2871 2539 ecce
2899 2500 3001 2555 ego
3050 2485 3258 2541 suscito
3303 2493 3428 2556 post

1861 2592 1944 2647 te,
1992 2588 2047 2635 et
2076 2588 2197 2650 post
2224 2579 2445 2633 domum
2493 2586 2643 2631 tuam
2690 2577 2872 2632 mala:
2923 2586 2977 2633 et
3020 2579 3163 2633 dabo
3206 2577 3425 2633 domum

1862 2682 2011 2727 tuam
2034 2713 2049 2738 ,
2079 2680 2138 2726 ut
2163 2671 2383 2725 domum
2412 2668 2719 2725 Jeroboam.
2748 2669 2851 2736 Qui
2884 2681 3129 2726 mortuus
3163 2669 3328 2725 fuerit
3359 2670 3428 2725 de

1862 2765 2028 2820 Bassa
2060 2763 2115 2818 in
2147 2763 2401 2826 civitate,
2428 2763 2717 2817 comedent
2748 2776 2914 2817 canes
2942 2778 2955 2814 :
2986 2771 3040 2815 et
3061 2763 3150 2828 qui
3177 2770 3426 2841 mortuus

1864 2857 2026 2911 fuerit
2058 2857 2112 2911 in
2143 2870 2307 2927 agro,
2344 2853 2629 2910 comedent
2658 2854 2911 2910 volucres
2939 2854 3086 2910 caeli.
3121 2873 3141 2907 ι
3195 2841 3202 2849 ’

1930 2945 2031 3001 Job
2068 2963 2171 3014 xx,
2213 2947 2277 3010 5,
2318 2945 2371 3000 6.
2405 2974 2474 2985 -—-
2513 2962 2531 2996 ι
2560 2944 2830 2999 Gaudium
2888 2946 3217 3015 impiorum,
3265 2944 3426 3000 ruina

1863 3040 2135 3108 gravior:
2189 3037 2375 3092 ltelitia
2428 3048 2603 3091 autem
2659 3037 3012 3105 iniquorum,
3064 3035 3317 3107 perditio.
3366 3035 3426 3093 Si

1867 3131 2209 3187 ascenderint
2234 3131 2286 3185 in
2313 3129 2507 3185 caelum
2532 3130 2673 3184 dona
2695 3130 2815 3198 ejus
2834 3169 2850 3195 ,
2875 3140 2930 3183 et
2953 3130 3279 3185 sacriﬁcium
3304 3131 3427 3200 ejus

206 3226 313 3278 κάν
340 3227 467 3297 δοκῇ
496 3228 594 3298 ἤδη
618 3231 1058 3301 κατεστηρίχθαι,
1090 3235 1209 3285 τότε
1255 3235 1335 3292 είς
1362 3237 1516 3295 τέλος
1548 3240 1766 3293 ἀπολεῖ·
1791 3251 1833 3306 c
1867 3236 1872 3273 ¹

1757 3251 1833 3306 ,C
1867 3219 2036 3274 nubes
2085 3219 2357 3287 attigerit,
2413 3227 2467 3272 et
2517 3218 2768 3272 videatur
2816 3217 2927 3287 jam
2982 3217 3230 3272 ﬁrmatus
3272 3233 3423 3284 esse,

205 3332 321 3368 ται.
362 3319 425 3368 0t
456 3319 512 3366 δὲ
547 3314 747 3377 ῑδόντες
778 3314 940 3367 αὐτὸν
967 3316 1170 3385 ἐροῦσι·
1205 3318 1312 3370 Ποῦ
1340 3321 1485 3373 ἐστιν
1515 3338 1529 3387 ;
1577 3341 1597 3373 ι

288 3508 308 3540 ε
346 3488 526 3557 eum,
572 3489 662 3541 ἐπὶ
691 3490 1051 3559 ἁμαρτωλοὺς
1094 3492 1470 3562 ἐπελεύσεται,
1505 3498 1600 3553 καὶ
1646 3501 1768 3555 τότε

210 3580 509 3651 γνώσονται
535 3579 638 3632 ποῦ
668 3580 816 3633 ἐστιν
845 3582 1022 3635 αὐτῶν
1049 3584 1083 3653 ἡ
1111 3583 1230 3654 ὕλη.
1274 3603 1292 3635 ι

292 3693 310 3719 σ
347 3674 408 3724 Oi
462 3671 772 3742 σπείροντες
827 3673 894 3726 τά
935 3673 1145 3740 ἀτοπα,
1204 3676 1394 3742 ὀδύνας
1442 3680 1765 3751 θερίσουσιν.

224 3766 361 3817 Ἀπὸ
408 3764 463 3817 δὲ
508 3765 927 3834 προστάγματος
958 3768 1162 3839 Κυρίου
1192 3769 1540 3837 ἀπολοῦνται,
1581 3775 1688 3828 ἀπὸ
1711 3776 1768 3828 δὲ

213 3853 522 3921 πνεύματος
549 3854 715 3925 ὀργῆς
746 3855 912 3909 αύτοῦ
950 3857 1430 3927 ἀφανισθήσονται.
1463 3882 1481 3914 ι

290 3965 307 3995 ε
351 3945 459 4014 Πρὸ
502 3944 793 4016 προσώπου
824 3947 1051 4011 ἀσεϐοῦς
1092 3949 1175 4013 τίς
1220 3950 1451 4022 ἔπηξενς
1484 3954 1601 4018 Φῶς
1646 3957 1769 4010 ἀσε-

212 4037 325 4087 ϐῶν
358 4038 728 4107 σϐεσθήσεται.
774 4056 793 4090 ι

291 4146 309 4176 ι
347 4126 615 4197 [Ιτιόσωπα
645 4127 854 4180 ἀσεϐῶν
874 4127 1101 4199 ἀτιμίας
1130 4130 1596 4205 ἐμπλησθήσεται.
1640 4153 1659 4187 ι

291 4321 309 4351 ‹
350 4302 462 4363 Πᾶς
486 4301 514 4352 ὁ
545 4302 655 4371 βίος
694 4303 922 4368 ἀσεϐοῦς
946 4304 1004 4358 ἐν
1032 4308 1294 4377 φροντίδι·
1316 4308 1444 4363 ὅταν
1466 4310 1595 4382 δοκῇ
1625 4312 1769 4383 είρη-

211 4391 410 4451 νεύειν,
437 4391 555 4461 ἣξει
586 4393 749 4445 αὐτοῦ
779 4397 811 4464 ἡ
848 4397 1216 4465 καταστροφή.
1258 4416 1278 4448 ι

289 4496 307 4527 ι
357 4479 539 4540 Ἐλπὶς
568 4479 795 4542 ἀσεϐοῦς
826 4481 1104 4535 ἀπολεῖται
1130 4500 1143 4514 ο
1176 4485 1430 4553 ἀοίκητος
1458 4485 1565 4557 γὰρ
1589 4487 1755 4541 αὐτοῦ

1868 3314 1997 3360 tunc
2028 3324 2080 3361 In
2109 3309 2265 3361 tinem
2298 3308 2513 3375 peribit.
2544 3307 2645 3374 Qui
2672 3316 2848 3363 autem
2876 3318 3250 3377 cognoverunt
3275 3324 3422 3373 eum,

1867 3395 2082 3452 dicent:
2118 3396 2219 3451 Ubi
2253 3406 2351 3452 est.
2387 3416 2407 3450 ι

1937 3488 2037 3542 Job
2090 3504 2216 3552 xIx,
2248 3488 2337 3543 29.
2384 3519 2453 3528 —
2504 3507 2523 3540 ι
2557 3490 2733 3545 Furor
2780 3505 2945 3559 super
2989 3501 3303 3561 peccatores
3349 3493 3425 3546 ir—
3464 3519 3472 3523 ~

1868 3589 1990 3635 ruet
2013 3599 2027 3646 ;
2054 3590 2108 3635 et
2134 3590 2262 3634 tunc
2287 3590 2615 3649 cognoscent
2639 3584 2727 3636 ubi
2759 3591 2844 3637 est
2871 3583 3115 3651 ipsorum
3141 3584 3418 3638 materia.)

1936 3670 2036 3725 Job
2070 3687 2143 3737 ιν,
2175 3672 2313 3727 8.-
2336 3691 2353 3724 ι
2379 3671 2482 3738 Qui
2512 3672 2785 3727 seminant
2818 3673 3001 3742 iniqua
3023 3712 3040 3735 ,
3071 3673 3287 3729 dolores
3311 3690 3423 3728 me-

1868 3772 2001 3817 teut.
2040 3762 2285 3817 Mamlato
2314 3762 2524 3818 Domini
2555 3764 2803 3833 peribunt
2822 3806 2837 3832 ,
2867 3771 2921 3819 et
2956 3764 3150 3835 spiritu
3187 3766 3280 3820 ira:
3308 3766 3423 3835 ejus

1866 3854 2300 3922 exstinguentur.
2331 3871 2350 3904 ι
3351 3854 3362 3869 ³

1933 3944 2035 3997 Job
2073 3960 2201 4000 xvut
2224 3984 2240 4009 ,
2282 3945 2335 3999 5.
2372 3976 2439 3987 —
2470 3964 2486 3997 ι
2521 3943 2658 4000 Ante
2692 3944 2881 4001 faciem
2914 3945 3062 4015 impii
3103 3946 3225 4017 quis
3264 3945 3426 4003 ﬁxit?

1868 4034 1980 4088 Lux
2007 4035 2292 4105 impiorum
2316 4035 2714 4104 exstinguetur.
2740 4052 2759 4084 ›

1935 4126 2036 4180 Job
2070 4144 2167 4191 ιι..
2200 4127 2293 4181 15.
2323 4157 2392 4169 --
2423 4147 2440 4179 ι
2480 4126 2672 4183 Facies
2718 4126 3007 4198 impiorum
3056 4125 3425 4196 implebuntur

1868 4219 2183 4289 ignominia.
2225 4238 2243 4272 ι

1935 4308 2094 4379 333
2127 4307 2227 4362 Job
2259 4326 2349 4375 xv,
2377 4309 2467 4363 29.
2496 4340 2565 4350 —-
2592 4328 2610 4360 ι
2640 4308 2831 4366 Omnis
2861 4310 2971 4364 vita
3006 4309 3063 4363 in
3097 4323 3228 4364 cura
3256 4328 3270 4364 :
3302 4324 3425 4365 cum

1865 4400 2020 4456 visus
2048 4401 2208 4457 fuerit
2240 4402 2295 4457 in
2324 4418 2456 4471 pace
2486 4418 2680 4470 agere,
2712 4403 2897 4457 veniet
2923 4403 3043 4473 ejus
3070 4404 3371 4459 subversio.
3400 4422 3421 4456 ι

1933 4492 2036 4546 Job
2093 4510 2219 4557 vm,
2267 4494 2354 4549 15.
2386 4526 2455 4533 -
2488 4513 2505 4545 ι
2536 4494 2671 4564 Spes
2706 4495 2856 4564 impii
2892 4495 3122 4564 peribit:
3160 4495 3428 4550 inhabita-

211 4571 369 4622 ἔσται
423 4574 450 4622 ὀ
494 4566 657 4632 οἶκος.
733 4573 965 4644 Ἀράχνη
1015 4575 1072 4628 δὲ
1131 4575 1294 4629 αὑτοῦ
1353 4578 1686 4650 ἀποϐήσεται
1728 4581 1761 4651 ἡ
1796 4581 1877 4639 D1

1796 4583 1840 4639 D
1868 4581 1992 4637 bilis
2022 4582 2167 4637 enim
2202 4584 2307 4637 erit
2335 4585 2527 4638 domus
2560 4585 2675 4651 ejus
2703 4602 2717 4637 :
2752 4584 2894 4637 sicut
2926 4584 3030 4638 tela
3060 4586 3277 4650 aranei,
3310 4587 3428 4657 ejus

213 4662 409 4727 σκηνή.
454 4679 470 4709 ι

292 4770 311 4799 ι
370 4750 431 4802 Ἠ
444 4750 581 4820 μέρα
612 4754 778 4822 οργής
815 4753 1014 4826 ἐπέλθῃ
1046 4757 1212 4828 αὐτῷ.
1260 4777 1277 4809 ι

294 4862 310 4890 ι
387 4842 619 4895 Ἀσεϐῶν
676 4844 864 4915 λύχνος
921 4846 1295 4917 σϐεσθήσεται.
1360 4849 1666 4904 Ἐλεύσεται
1716 4850 1772 4903 δὲ

212 4938 399 4997 αὐτοῖς
428 4938 458 5003 ἡ
496 4939 863 5011 καταστροφὴ,
897 4943 990 4994 καὶ
1010 4941 1223 4996 ἔσονται
1251 4944 1437 5015 ὥσπερ
1470 4945 1648 5016 ἄχυρα
1667 4944 1773 5000 ἀπὸ

214 5028 443 5083 ἀνέμου.
485 5047 503 5079 ι

298 5162 316 5191 α
380 5140 678 5212 Ὀφθαλμοὶ
711 5145 920 5197 ἀσεϐῶν
948 5148 1290 5219 τακήσονται.
1354 5150 1417 5203 Ἦ
1466 5151 1571 5220 γὰρ
1623 5152 1775 5215 ἐλπὶς

219 5234 288 5284 αὑ
298 5232 401 5283 τῶν
438 5232 699 5287 ἀπώλεια.
743 5252 762 5284 ι

298 5367 316 5397 ι
368 5349 427 5401 Ὀ
455 5349 684 5416 ἀγαπῶν
712 5351 811 5421 τὴν
849 5353 1094 5420 ἀδικίαν,
1139 5359 1289 5425 μισεῖ
1312 5357 1409 5430 τὴν
1456 5359 1647 5413 ἑαυτοῦ
1673 5361 1773 5427 ψυ-

220 5457 343 5507 χην.
378 5457 397 5489 β

301 5569 319 5601 ι
373 5550 745 5606 Ἐλασσονοῦσι
777 5555 950 5624 φυλάς
972 5558 1253 5631 ἁμαρτίαι.
1298 5581 1313 5612 ι

305 5684 321 5715 ι
364 5668 704 5739 Παρανομίαι
746 5671 913 5744 ἄνδρα
957 5676 1270 5747 ἀγρεύουσι,
1327 5681 1530 5750 σειραῖς
1566 5680 1617 5734 δὲ
1672 5681 1777 5735 τῶν

224 5757 435 5811 lauto}:
462 5761 735 5833 ἁμαρτιῶν
765 5766 989 5832 ἕκαστος
1023 5769 1325 5837 σφίγγεται.
1360 5787 1378 5821 ι

1794 4708 1797 4713 -
1872 4674 2085 4727 eveniet
2118 4674 2543 4728 tabernaculum.
2604 4692 2623 4724 ι

1943 4764 2085 4819 Ibid.
2108 4794 2175 4804 --
2201 4782 2221 4816 ι
2250 4764 2377 4821 Dies
2407 4766 2500 4819 irae
2530 4765 2874 4833 superveniet
2903 4766 3008 4819 ei.»

1940 4856 2041 4910 Job
2078 4874 2165 4911 xxI
2188 4895 2203 4920 ,
2246 4857 2333 4909 17.
2364 4885 2436 4898 —-
2466 4874 2484 4908 ι
2520 4856 2769 4910 Lucerna
2805 4858 3089 4926 impiorum
3120 4861 3430 4933 exstingue-

1874 4955 1979 5001 tur.
2014 4947 2364 5017 Superveniet
2394 4947 2475 5002 eis
2510 4948 2791 5002 subversio
2817 4966 2829 5001 :
2860 4956 2913 5002 et
2943 4957 3108 5003 erunt
3142 4952 3285 5007 sicut
3334 4970 3428 5024 pa—

1874 5036 1969 5090 leae
1996 5044 2119 5089 ante
2142 5044 2386 5088 ventum.
2417 5053 2436 5087 ι

1943 5149 2046 5203 Job
2085 5167 2131 5201 xl
2157 5190 2170 5210 ,
2206 5150 2298 5204 20.
2320 5176 2389 5188 -—
2414 5167 2432 5199 ι
2462 5147 2615 5203 Oculi
2650 5148 2938 5217 impiorum
2968 5148 3258 5205 tabescent.
3290 5151 3425 5209 Nam

1875 5257 1998 5313 spes
2028 5256 2209 5295 eorum
2245 5240 2493 5309 perditio.
2534 5259 2552 5291 ι

1948 5355 2097 5407 Psal.
2141 5370 2168 5407 χ
2196 5395 2208 5417 ,
2251 5355 2302 5409 6.
2330 5384 2399 5393 —-
2438 5371 2457 5405 ι
2488 5353 2587 5419 Qui
2645 5352 2821 5424 diligit
2875 5352 3211 5422 iniquitatem
3239 5395 3253 5421 ,
3309 5354 3426 5411 odit

1876 5462 2108 5501 animam
2145 5462 2320 5501 suam.
2354 5466 2372 5497 ι

1946 5560 2105 5614 Prov.
2146 5576 2257 5623 xiv,
2294 5560 2383 5615 26.
2412 5588 2478 5598 -
2512 5577 2529 5610 ι
2560 5557 2784 5614 Peccata
2817 5555 3071 5611 minuunt
3100 5556 3293 5611 tribus.
3329 5573 3351 5608 ι

1947 5673 2099 5726 Prov.
2146 5689 2199 5736 v,
2239 5673 2327 5725 29..
2361 5703 2426 5713 —-
2456 5690 2473 5723 ι
2514 5672 2831 5741 lniquitates
2862 5670 3037 5723 virum
3074 5668 3291 5735 capiunt
3314 5676 3425 5735 ,ει

1878 5764 2084 5817 catenis
2118 5771 2459 5833 peccatorum
2502 5777 2724 5817 suorum
2756 5760 3127 5835 unusquisque
3156 5759 3431 5817 constrins

1882 5863 2039 5917 gitur.
2072 5872 2089 5905 ι
