4218 6446
806 377 941 442 1155

1961 379 2020 434 S.
2051 378 2368 437 JOANNIS
2394 377 2817 438 DAMASCENI

3874 386 4007 454 1156

802 493 986 541 furore
1017 495 1070 540 et
1102 487 1198 547 ira,
1247 487 1310 539 ad
1368 484 1675 553 ponendum
1710 485 1897 538 orbem
1944 489 2258 540 universum
2293 489 2348 540 in‘
2377 497 2418 549 Α
2447 489 2468 542 ό

2339 495 2348 538 ἑ
2377 497 2418 549 Α
2447 489 2636 559 ὀργῆς,
2667 489 2839 542 θεῖναι
2861 489 2961 558 τὴν
2987 490 3313 564 οἰκουμένην
3340 492 3470 566 ὃλην
3500 493 3724 566 ἔρημον,
3758 504 3852 553 ut
3883 506 4005 566 τοὺς

800 580 1172 639 solitudinem,
1204 586 1256 630 et
1291 579 1354 628 :nl
1389 577 1690 644 perdendos
1737 587 2054 645 peccatores
2087 595 2154 631 ex
2198 593 2282 632 ea.
2323 598 2342 628 ι

875 670 986 725 lsa.
1022 685 1168 731 XXVI,
1204 667 1289 720 19.
1320 698 1386 705 -
1420 687 1436 719 ι
1475 665 1642 720 Terra
1691 667 1979 735 impiorum
2010 669 2191 722 cadet.
2224 688 2241 719 ι

872 762 980 814 lsa.
1012 777 1201 821 xxxiii,
1241 761 1423 813 1ι.-ι
1453 761 1680 813 Tremor
1695 761 2300 828 apprelu-ndetimpios.
2329 779 2346 810 ι

869 849 982 904 Ιεα.
1025 867 1172 914 xxvr,
1209 851 1294 904 l0.
1326 882 1392 891 —
1429 871 1444 900 ι
1478 851 1766 904 Aul'eretur
1817 852 2034 920 impius,
2066 868 2133 904 ne
2175 852 2355 906 videat

801 943 1026 1012 gloriam
1062 943 1290 996 Domini.
1334 962 1351 993 ι

868 1031 980 1083 lsa.
1033 1049 1220 1094 ιιινιιι,
1276 1031 1364 1084 22.
1393 1060 1460 1068 -
1491 1049 1508 1082 ι
1545 1030 1660 1083 Νοιι
1713 1039 1796 1083 est
1841 1030 2099 1099 gaudium
2149 1031 2352 1101 impiis,

800 1123 937 1178 dicit
963 1124 1243 1178 Dominus.
1270 1143 1288 1175 ι

872 1214 984 1268 lsa.
1019 1233 1145 1279 LVII,
1173 1215 1261 1268 2L
1290 1245 1359 1256 -—
1387 1234 1407 1267 ‹
1438 1216 1494 1269 Si
1525 1231 1553 1267 a
1594 1232 1677 1270 me
1720 1216 2006 1281 abscedas,
2055 1218 2176 1287 plus
2224 1216 2354 1286 quid

803 1307 1051 1369 habebis,
1091 1309 1225 1360 dicit
1265 1307 1548 1362 Dominus.
1590 1327 1608 1358 ι

870 1399 983 1452 lsa.
1016 1415 1159 1464 wa,
1192 1402 1242 1453 5.
1278 1432 1342 1441 -
1371 1419 1388 1451 ι
1425 1399 1667 1469 Iniquus,
1701 1401 1791 1468 qui
1827 1399 2070 1453 immolat
2098 1397 2352 1461 vitulum,

805 1499 864 1544 ut
892 1492 981 1559 qui
1039 1493 1255 1544 occidat
1283 1507 1467 1544 canem
1503 1510 1516 1544 :
1571 1491 1664 1559 qui
1713 1490 1893 1544 offert.
1911 1489 2166 1551 similam,
2195 1489 2354 1557 quasi

804 1585 896 1651 qui
926 1585 1244 1652 sanguinem
1289 1579 1528 1637 suillum.
1565 1600 1584 1632 ι

881 1675 994 1727 Isa.
1042 1690 1119 1736 In,
1176 1675 1260 1727 11.
1291 1703 1361 1716 -
1411 1690 1429 1720 ι
1474 1673 1564 1723 Va:
1613 1670 1804 1739 impio,
1864 1671 2005 1723 mala
2056 1667 2354 1724 secundum

806 1781 966 1836 opera
1002 1767 1174 1834 ipsius
1203 1764 1482 1816 dabuntur
1517 1762 1646 1832 ipsi.
1683 1780 1700 1811 ι

2449 582 2804 650 ἁμαρτωλοὺς
2829 582 3096 637 ἀπολέσαι
3127 584 3187 648 ἐξ
3219 587 3406 656 αὐτῆς.
3447 608 3464 638 ι

2526 694 2544 725 ι
2589 676 2651 727 'H
2683 677 2753 745 γῆ
2777 675 2882 730 τῶν
2905 676 3120 730 ἀσεϐῶν
3146 681 3413 734 πεσεῖται.
3449 700 3467 733 ι

2525 785 2544 816 ι
2581 769 2795 839 Τρόμος
2830 769 3061 840 λήψεται
3089 773 3214 836 τοὺς
3241 775 3477 839 ἀσεϐεῖς.
3519 795 3538 827 ι

2527 878 2546 910 ι
2592 862 2840 932 ’Δρθήτω
2866 863 2896 915 6
2938 864 3164 935 ἀσεϐὴς,
3218 866 3303 918 ἵνα
3346 868 3421 939 μὴ
3463 869 3547 942 ἴδῃ
3567 871 3667 940 τὴν
3693 872 3853 937 δόξαν
3905 875 4009 927 Κυ-

2491 953 2588 1006 ίου.
2628 973 2647 1005 ι

2491 971 2588 1006 ιου.
2628 973 2647 1005 ι

2455 971 2486 1024 ρ
2527 1061 2545 1093 ι
2582 1044 2694 1096 Οὐκ
2731 1044 2846 1099 ἔστι
2878 1046 3089 1118 χαίρειν
3127 1051 3238 1114 τοῖς
3269 1051 3508 1119 ἀσεϐέσι,
3535 1054 3686 1125 λέγει
3717 1058 3940 1128 Κύριος.
3984 1081 4002 1112 ι

2528 1232 2548 1262 σ
2599 1216 2724 1272 Ἐὰν
2755 1219 2854 1274 ἀπ’
2880 1223 3014 1293 ἐμοῦ
3040 1224 3303 1298 ἀποστῇς,
3338 1230 3497 1287 πλέον
3533 1252 3584 1287 τι
3612 1237 3777 1301 ἕξεις,
3805 1237 3957 1293 εἶπεν
3982 1245 4010 1294 6

2455 1305 2676 1376 Κύριος.
2713 1330 2732 1362 ι

2525 1415 2544 1448 ι
2592 1399 2651 1454 'O
2688 1402 2885 1474 ἄνομος
2912 1406 3057 1462 θύων
3090 1412 3310 1484 μόσχον,
3339 1408 3416 1479 ῶς
3462 1418 3800 1478 ἀποκτείνων
3838 1427 4006 1480 κύνα·

2452 1488 2480 1540 6
2522 1490 2578 1543 δὲ
2614 1493 2900 1568 ἀναφέρων
2923 1502 3224 1571 σεμίδαλιν,
3250 1506 3324 1571 ῶς
3357 1503 3497 1580 αἷμα
3528 1511 3658 1568 ὑῶν.
3697 1536 3716 1567 ι

2531 1690 2548 1722 ι
2586 1673 2722 1726 Οὐαὶ
2749 1675 2828 1744 τῷ
2856 1677 3065 1750 ἀνόμῳ,
3097 1684 3310 1755 πονηρὰ
3330 1687 3468 1740 κατά
3497 1688 3568 1742 τά
3594 1689 3730 1761 ἔργα
3756 1693 3866 1746 τῶν
3891 1700 4002 1764 χεῖ-

2458 1764 2565 1833 ρῶν
2597 1766 2760 1819 αὐτοῦ
2788 1767 3071 1839 δοθήσεται
3100 1774 3264 1846 αὐτῷ.
3304 1796 3324 1829 ι

876 1855 1032 1924 335
1072 1854 1184 1904 lsa.
1239 1869 1386 1916 xxix,
1425 1853 1476 1905 5.
1509 1883 1576 1893 ——
1619 1869 1637 1901 ι
1671 1851 1733 1903 Et
1773 1857 1936 1904 erunt
1984 1849 2131 1903 sicut
2176 1849 2352 1917 pulvis
2384 1854 2425 1908 Β
2527 1875 2542 1907 ε

2345 1863 2352 1899 i
2384 1854 2425 1908 Β
2527 1875 2546 1907 ι
2591 1858 2780 1912 Ἔσται
2816 1861 2892 1924 ὡς
2917 1869 3188 1935 κονιορτὸς
3214 1870 3320 1924 ἀπὸ
3359 1873 3553 1943 τροχοῦ
3582 1877 3611 1929 ὁ
3647 1876 3877 1944 πλοῦτος
3907 1883 4011 1936 τῶν

806 1949 874 1998 de
907 1955 1028 1996 rota
1062 1942 1265 1997 divitia:
1300 1943 1613 2012 impiorum,
1641 1950 1694 1995 et
1729 1941 1874 1996 sicut
1905 1939 2090 1994 favilla
2115 1954 2236 2009 quae
2267 1952 2356 1992 ra-

808 2039 973 2106 pitur.
1011 2054 1028 2084 ι

883 2145 900 2176 ι
941 2126 1008 2178 Et
1031 2133 1192 2179 erunt
1226 2124 1367 2178 sicut
1395 2132 1676 2194 punctum.
1713 2142 1731 2173 ι

879 2217 994 2271 Ιια.
1047 2234 1206 2278 uix,
1265 2217 1316 2280 7,
1353 2218 1407 2271 8.
1452 2244 1519 2255 —-
1566 2236 1584 2266 ι
1631 2218 1695 2268 Ει
1743 2225 1908 2270 erunt
1956 2216 2230 2285 quomodo
2278 2216 2359 2268 vi-

808 2311 987 2362 dentis
1018 2309 1289 2362 somnium
1317 2317 1497 2368 nocte,
1534 2308 1734 2360 divitia:
1763 2307 2033 2375 gentium.
2074 2305 2355 2374 Eruntque

811 2403 951 2456 sicut
977 2401 1070 2469 qui
1104 2402 1157 2452 in
1189 2402 1399 2453 somnis
1423 2399 1674 2453 esuriunt
1701 2406 1754 2451 et
1783 2397 2100 2462 comedunt,
2126 2413 2359 2468 eumque

2455 1946 2689 2015 ἀσεϐῶν,
2712 1955 2807 2005 καὶ
2839 1952 2912 2016 ὡς
2938 1956 3097 2024 χνοῦς
3129 1961 3443 2031 φερόμενος.
3479 1983 3498 2017 ι

2532 2149 2549 2180 ι
2587 2131 2695 2183 Καὶ
2725 2133 2878 2190 ἔσται
2905 2137 2980 2202 ῶς
3008 2143 3231 2213 στιγμή.
3265 2164 3284 2194 ι

2533 2241 2552 2273 ι
2594 2224 2701 2276 Καὶ
2752 2227 2905 2280 ἔσται
2963 2231 3040 2294 ὡς
3088 2235 3540 2308 ἐνυπνιαζόμενος
3578 2244 3699 2297 καθ’
3751 2245 3943 2310 ὕπνον,
3987 2251 4016 2301 6

2456 2312 2684 2378 πλοῦτος
2712 2319 3035 2386 τῶν,ὲθνῶν,
3073 2327 3164 2378 καὶ
3192 2327 3403 2383 ἔσονται
3439 2331 3514 2395 ὡς
3537 2335 3586 2386 oi
3623 2336 3681 2389 ὲν
3717 2337 3872 2406 ὕπνῳ
3903 2358 4015 2392 πει-

2457 2405 2793 2501 νῶντος-καὶ.⁸
2813 2411 3101 2479 ἐσθίοντες,
3133 2420 3226 2471 καὶ
3260 2419 3666 2484 ἐξαναστάντων
3701 2405 3885 2483 αὐτῶν
3913 2434 4016 2501 μά-

811 2494 1176 2556 surrexerint,
1239 2507 1434 2547 vanum
1490 2499 1576 2546 est
1633 2492 1909 2546 somnium
1964 2491 2247 2562 ipsorum:
2307 2499 2362 2547 et
2455 2511 2477 2546 ει

2352 2501 2362 2545 ι
2455 2511 2606 2549 ταιον
2625 2498 2685 2549 τὸ
2706 2498 2954 2555 ἐνύπνιον
2979 2506 3190 2560 αὐτῶν·
3225 2511 3320 2562 καὶ
3356 2512 3416 2566 ὃν
3461 2516 3660 2586 τρόπον
3696 2491 4018 2584 homini-{e-

812 2588 957 2640 sicut
992 2587 1082 2655 q'ui
1122 2601 1216 2654 per
1245 2585 1517 2641 somnium
1554 2585 1670 2640 sitit
1708 2593 1762 2640 et
1791 2585 1950 2649 bibit,
1995 2594 2202 2641 etcum
2235 2602 2361 2641 sur-

811 2681 1036 2749 rexerit.
1070 2680 1248 2733 :idhuc
1301 2679 1442 2734 sitit.
1472 2686 1527 2733 et
1567 2677 1749 2732 anima
1776 2679 1898 2744 ejus
1927 2677 2135 2733 frustra
2177 2695 2364 2747 spera-

817 2775 910 2836 vit.
953 2770 1043 2826 Sic
1073 2782 1236 2826 erunt
1268 2771 1470 2826 divitiaa
1499 2770 1742 2824 omnium
1766 2770 2033 2840 gentium.
2061 2787 2080 2820 ι

881 2864 1077 2920 Jerem.
1113 2882 1202 2928 xv,
1236 2865 1290 2919 1.
1317 2891 1384 2903 -—-
1411 2880 1432 2914 ι
1462 2860 1537 2916 Ne
1564 2877 1722 2932 roges
1748 2877 1833 2914 me
1858 2876 1955 2931 pro
1986 2874 2189 2931 populo
2219 2863 2324 2914 isto
2347 2873 2361 2912 :

812 2956 1072 3034 quoniam
1107 2956 1151 3008 si
1181 2954 1433 3008 steterint
1472 2951 1685 3022 Moyses
1718 2959 1772 3006 et
1806 2951 2030 3004 Samuel
2064 2965 2249 3004 coram
2283 2948 2365 3003 fa-

784 3036 898 3105 cie
929 3067 1068 3117 mea,
1097 3066 1203 3104 non
1235 3056 1316 3104 est
1349 3048 1528 3102 anima
1563 3060 1683 3099 mea
1713 3045 1780 3099 ad
1810 3060 1925 3098 eos.
1965 3061 1983 3096 ι

895 3144 1010 3197 lsa.
1060 3158 1203 3205 stt,
1232 3140 1322 3193 9.4.
1347 3132 1414 3178 -—F
1436 3155 1454 3187 ι
1486 3135 1704 3190 Vermis
1725 3151 1914 3189 eorum
1942 3148 2048 3188 non
2077 3133 2360 3196 morietur,

815 3251 868 3295 et
900 3237 1039 3307 ignis
1066 3247 1254 3288 eorum
1273 3245 1380 3283 non
1405 3227 1780 3294 exslinguetur
1803 3242 1815 3277 :
1847 3233 1904 3278 et
1930 3233 2091 3277 erunt
2114 3226 2169 3275 in
2193 3224 2360 3275 visio-

817 3347 936 3386 nem
964 3328 1110 3382 onmi
1148 3323 1321 3377 carni.
1354 3340 1376 3374 ι

883 3417 1078 3470 Jercm.
1114 3428 1172 3474 ιι,
1207 3409 1294 3464 59..
1327 3437 1396 3447 ——
1430 3424 1448 3458 ι
1478 3404 1734 3474 Nunquid
1783 3403 2138 3481 obliviscetur
2163 3412 2361 3468 sponsa

817 3506 1124 3565 ornamenti
1197 3503 1306 3564 sui,
1337 3508 1391 3554 et
1455 3499 1608 3567 virgo
1662 3495 1845 3552 fasciae
1889 3491 2180 3564 pectoralis
2215 3488 2364 3543 suae?

817 3597 1061 3669 Populus
1104 3609 1231 3648 vero
1270 3605 1422 3646 meus
1468 3588 1672 3643 oblitus
1700 3592 1787 3640 est
1824 3584 1932 3640 mei
1961 3581 2157 3638 diebus
2199 3580 2364 3634 innu-

821 3692 1007 3746 meris.
1046 3708 1062 3740 ι

894 3779 1129 3836 Malach.
1165 3795 1204 3838 I,
1229 3777 1370 3830 4.-
1394 3793 1411 3826 ι
1442 3773 1569 3828 Haec
1597 3771 1732 3827 dicit
1771 3767 2029 3826 Dominus
2059 3764 2205 3835 :lpsi
2237 3763 2367 3818 aedi-

824 3874 1087 3934 ficabunt,
1127 3877 1181 3923 et
1208 3883 1307 3936 ego
1337 3866 1642 3920 destruant.
1675 3882 1694 3916 ι

894 3964 1022 4032 Sap.
1071 3977 1185 4024 xiv,
1237 3961 1291 4014 9.
1321 3987 1389 4000 σ-
1413 3976 1432 4008 ι
1469 3957 1692 4011 Simiter
1745 3955 1874 4008 odio
1906 3961 2034 4008 sunt
2083 3954 2288 4024 impius
2319 3959 2371 4007 et

821 4055 1075 4125 impietas
1135 4053 1277 4120 ejus.
1314 4050 1530 4104 Etenim
1561 4047 1706 4118 quod
1749 4046 1950 4100 factum
1989 4052 2072 4100 est
2120 4060 2242 4099 cum
2281 4045 2372 4098 illo

825 4149 916 4218 qui
952 4146 1097 4206 fecit,
1127 4142 1602 4198 exterminabitur.
1633 4157 1651 4190 ι

896 4240 1026 4306 Sap.
1072 4253 1125 4301 ι’,
1159 4237 1245 4289 15.
1292 4264 1359 4272 -—
1390 4252 1408 4284 ι
1443 4231 1580 4300 Spes
1637 4230 1928 4299 impiorum
1980 4237 2235 4296 tanquam
2282 4228 2375 4280 la-

827 4345 991 4399 nugo,
1024 4343 1145 4398 qua:
1192 4342 1220 4380 a
1267 4335 1430 4378 vcnlo
1459 4326 1694 4386 tollitur,
1729 4330 1784 4376 et
1831 4322 1972 4374 sicut
2011 4319 2188 4373 fumus
2217 4318 2310 4387 qui
2344 4332 2373 4370 ιι

826 4431 988 4496 vento
1016 4421 1371 4488 dispergitur.
1404 4436 1420 4466 ι

2458 2606 2544 2640 ται
2576 2593 2605 2643 6
2631 2589 2802 2660 διψῶν
2839 2593 2915 2657 ὼς
2952 2599 3172 2664 πεινῶν,
3219 2604 3314 2655 καὶ
3354 2603 3653 2672 ἐξαναστὰς
3689 2611 3770 2664 ἔτι
3796 2614 3950 2683 διψᾷ,
3987 2617 4020 2685 ἡ

2459 2681 2513 2734 δὲ
2529 2681 2676 2753 ψυχὴ
2702 2684 2864 2740 αὐτοῦ
2881 2688 2970 2751 εἰς
2996 2692 3150 2745 κενὸν
3175 2694 3423 2764 ἤλπισεν,
3443 2698 3615 2765 οὕτως
3637 2701 3791 2758 ἔσται
3815 2707 3844 2758 6

2460 2788 2549 2835 τος
2579 2775 2796 2830 πάντων
2824 2779 2933 2831 τῶν
2960 2782 3148 2839 ἐθνῶν.
3187 2803 3207 2836 ι

2535 2854 2754 2959 ιῌΕἷπεν
2802 2869 3004 2942 Κύριος
3045 2875 3180 2944 πρός
3205 2895 3304 2947 με’
3341 2880 3432 2950 Μὴ
3463 2885 3735 2959 προσεύξῃ
3761 2891 3897 2957 περὶ
3932 2891 4024 2944 τοῦ

2460 2952 2589 3008 λαοῦ
2619 2956 2829 3053 τούτου,
2861 2961 2942 3014 ὅτι
2973 2962 3071 3016 ὲάν
3104 2969 3200 3037 στῇ
3232 2970 3469 3040 Μωῦσῆς
3499 2952 3592 3028 καὶ
3628 2952 3888 3051 Σαῇουῆλ
3923 2985 4027 3053 πρὸ

2462 3048 2750 3119 προσώπου
2778 3070 2900 3122 μου,
2933 3055 3031 3109 οὐκ
3053 3057 3203 3111 ἔσται
3225 3063 3256 3132 ή
3279 3061 3420 3133 ψυχή
3452 3083 3552 3133 μου
3582 3069 3717 3137 πρὸς
3748 3048 3982 3136 αὐτούς..
4005 3093 4021 3122 ι

2540 3161 2559 3193 ι
2606 3141 2666 3195 '0
2694 3144 2906 3216 σκώληξ
2937 3148 3117 3201 αὐτῶν
3140 3151 3200 3203 οὐ
3221 3156 3558 3226 τελευτήσει,
3587 3161 3680 3212 καὶ
3706 3163 3766 3213 τὸ
3803 3163 3919 3234 πῦρ
3969 3165 4028 3216 οὗ

2464 3235 2818 3299 σσεσθήσεται
2841 3249 2854 3262 ⁸
2891 3243 2984 3285 καὶ
3012 3241 3223 3289 ἔσονται
3247 3248 3326 3301 εἰς
3353 3249 3541 3310 ὅρασιν
3571 3253 3722 3323 πάσῃ
3746 3256 3937 3320 σαρκί,
3974 3277 3990 3304 ι

2540 3431 2556 3460 ι
2604 3411 2693 3481 Μὴ
2734 3412 3048 3483 ἐπιλήσεται
3101 3419 3286 3491 νύμφη
3318 3419 3410 3474 τὸν
3453 3423 3658 3495 κόσμον
3684 3429 3894 3501 αὐτῆς,
3940 3440 4029 3488 καὶ

2465 3501 2731 3595 παρθένος
2779 3505 2878 3574 τὴν
2931 3507 3318 3579 στηθοδεσμίδα
3363 3514 3564 3584 αὐτῆς;
3615 3520 3644 3571 6
3681 3520 3737 3573 δὲ
3767 3523 3900 3587 λαός
3933 3545 4030 3595 μου

2467 3593 2751 3675 ἐπελάθετο
2779 3599 3134 3672 μυιὴμέρας
3159 3596 3233 3657 ὧν
3260 3605 3359 3658 οὐκ
3387 3605 3532 3664 ἔστιν
3565 3611 3819 3684 ἀριθμός.
3862 3637 3881 3668 ι

2541 3790 2560 3823 ι
2595 3773 2733 3826 Τάδε
2762 3773 2912 3843 λέγει
2961 3777 3162 3849 Κύριος
3183 3798 3197 3813 ο
3224 3781 3388 3837 Αὐτοὶ
3425 3785 3896 3860 οἰκοδομήσωσιν,
3922 3797 4029 3863 ἐγὼ

2466 3863 2523 3916 δὲ
2549 3867 2924 3935 καταστρέφω.
2971 3887 2992 3921 ι

2546 3973 2565 4007 ι
2603 3956 2691 4008 Ἐν
2735 3957 2832 4028 ἴσῳ
2882 3962 3101 4030 μισητὰ,
3146 3964 3240 4016 καὶ
3265 3965 3293 4018 6
3326 3966 3558 4034 ἀσεϐῶν,
3589 3972 3681 4024 καί
3711 3973 4026 4043 ήάσέϐειαο

2469 4046 2530 4099 τὸ
2557 4047 2795 4118 πραχθὲν
2823 4050 2917 4103 σὺν
2943 4051 3020 4122 τῷ
3048 4052 3302 4122 δράσαντι
3331 4055 3863 4130 ὲξολοθρευθήσεται.
3901 4085 3921 4118 ι

2547 4239 2566 4272 ι
2614 4217 2798 4286 Ἐλπὶς
2826 4225 3037 4279 ἀσεϐῶν
3066 4229 3140 4292 ὡς
3169 4232 3462 4302 φερόμενος
3489 4236 3647 4305 χνοῦς
3667 4239 3771 4292 ὑπὸ
3799 4242 4028 4312 ἀνέμου,

2473 4313 2566 4367 καὶ
2595 4315 2668 4378 ὡς
2698 4317 2898 4382 καπνὸς
2918 4320 3025 4373 ἀπὸ
3044 4323 3245 4392 ἀνέμου
3282 4325 3522 4397 διεχύθη.
3556 4348 3572 4380 ι

899 4511 1026 4579 Sap.
1087 4527 1164 4572 ιιι,
1213 4510 1416 4590 19η-
1451 4525 1468 4557 ι
1527 4506 1771 4559 Nationis
1824 4505 2022 4573 iniqum
2065 4502 2200 4557 dira:
2251 4508 2456 4576 sunt”
2554 4537 2565 4568 ε

1931 4520 2022 4573 lum
2065 4502 2200 4557 dira!
2251 4508 2379 4554 sum
2408 4519 2456 4576 D
2554 4537 2571 4568 ι
2603 4519 2796 4583 Γενεᾶς
2833 4521 3017 4575 ἀδίκου
3049 4524 3259 4593 χαλεπά
3289 4527 3356 4580 τὰ
3393 4526 3541 4594 τέλη.
3578 4547 3597 4579 ι

828 4585 1354 4660 consummationes.
1394 4618 1410 4648 ι

901 4712 1030 4781 Sap.
1067 4726 1187 4775 xm,
1220 4710 1272 4772 1,
1308 4708 1359 4770 2,
1400 4708 1484 4762 10.
1517 4737 1584 4745 —
1615 4725 1633 4757 ι
1663 4705 1950 4760 Vanisunt
1981 4722 2174 4760 omnes
2204 4707 2377 4758 homi-

833 4821 952 4869 nes,
984 4805 1037 4858 in
1065 4803 1267 4872 quibus
1316 4818 1421 4854 non
1455 4801 1650 4855 subest
1682 4799 1914 4854 scientia
1958 4797 2050 4850 Dei
2090 4815 2102 4850 :
2137 4804 2191 4851 et
2220 4796 2286 4849 de
2313 4796 2379 4850 iis

2552 4737 2570 4768 ι
2609 4718 2839 4773 Μάταιοι
2875 4721 2973 4791 μὲν
3001 4725 3199 4786 πάντες
3229 4724 3521 4795 ἄνθρωποι,
3570 4721 3651 4788 οἷς
3689 4731 3871 4798 παρῆν
3895 4729 4032 4784 Θεοῦ

2477 4808 2737 4875 ἀγνωσία,
2768 4813 2858 4864 καὶ
2881 4814 2945 4865 ἐκ
2972 4814 3081 4866 τῶν
3100 4816 3390 4884 ὁρωμένων
3426 4817 3646 4882 ἀγαθῶν
3679 4819 3778 4870 οὐκ
3801 4821 4033 4888 ἴσχυσαν

832 4916 952 4970 quze
1007 4899 1258 4952 videntur
1315 4896 1494 4957 bonis,
1553 4909 1662 4970 non
1721 4899 2021 4962 potuerunt
2082 4891 2382 4959 intelligere
2479 4918 2498 4954 ε

2366 4905 2382 4943 3
2479 4906 2672 4958 εἰδέναι
2689 4905 2756 4957 τά
2777 4905 2925 4968 ὄντα,
2945 4904 3065 4958 οὕτε
3091 4909 3198 4967 τοῖς
3214 4907 3391 4975 ἔργοις
3409 4908 3763 4975 προσέχοντες
3789 4911 4032 4976 ἐπέγνω-

833 5008 958 5047 eum
997 4990 1219 5061 quiest,
1254 4987 1430 5057 neque
1461 4987 1725 5056 operibus
1768 4983 2113 5040 attendentes
2141 4997 2379 5052 agnove-

833 5087 964 5139 runt
1014 5081 1303 5135 artificem.
1353 5077 1606 5132 Infelices
1642 5083 1822 5130 autem
1855 5084 2008 5142 sunt,
2045 5082 2100 5129 et
2141 5074 2199 5128 in
2237 5088 2383 5128 mor-

838 5177 952 5229 tuis
979 5188 1106 5242 spes
1134 5173 1349 5226 illorum
1377 5177 1481 5224 est.
1523 5187 1542 5220 ι

2484 5013 2580 5048 σαν
2604 4997 2694 5049 τὸν
2721 4995 2987 5066 τεχνίτην.
3014 4997 3378 5066 Ταλαξπωροι,
3404 4999 3495 5050 καὶ
3524 5001 3580 5050 ἐν
3610 5003 3822 5070 νεκροῖς
3858 5005 3912 5054 αἱ
3945 5004 4028 5052 1:).-

2482 5087 2630 5150 πίδες
2651 5089 2846 5143 αὐτῶν.
2883 5105 2902 5138 ι

2553 5221 2571 5253 ι
2611 5203 2734 5266 Τοῖς
2777 5203 2997 5258 ἀσεϐέσι
3053 5203 3215 5274 μέχρι
3263 5203 3447 5266 τέλους
3493 5205 3809 5275 ἀνελεήμων
3867 5208 4035 5275 θυμὸς

910 5283 1036 5349 δαν.
1063 5297 1175 5344 xix,
1202 5280 1255 5336 1.
1273 5313 1339 5328 -
1361 5298 1380 5330 ι
1403 5278 1588 5347 Impiis
1607 5292 1776 5346 usque
1803 5276 1859 5330 in
1885 5277 2239 5332 novissimum
2268 5277 2384 5334 sine
2480 5293 2702 5363 ἐπέστη,
2749 5312 2768 5344 ,

842 5371 1222 5424 misericordia
1263 5372 1342 5422 ira
1374 5366 1710 5436 supervenit.
1743 5383 1761 5417 ι

913 5477 1082 5531 Ειτιὶ.
1120 5493 1230 5539 im,
1249 5477 1306 5532 9.
1326 5504 1396 5517 -
1426 5494 1446 5527 ι
1466 5476 1523 5529 ln
1554 5489 1830 5546 synagoga
1861 5476 2202 5546 peccantium
2229 5493 2384 5533 exar-

841 5570 989 5623 debit
1019 5569 1182 5638 ignis.
1221 5587 1238 5619 ι

919 5685 1085 5738 necti.
1116 5698 1216 5749 vu,
1266 5684 1351 5738 l9.
1384 5717 1448 5727 —
1473 5702 1491 5734 ι
1524 5681 1776 5737 Vindicta
1829 5681 2116 5753 impiorum
2163 5683 2304 5752 ignis
2334 5692 2385 5738 et

842 5793 1068 5834 vernus.
1099 5798 1118 5829 ι

2558 5512 2576 5543 ι
2619 5491 2706 5546 Ἐν
2734 5496 3019 5566 συναγωγῇ
3057 5495 3389 5566 ἁμαρτωλῶν
3416 5496 3815 5566 ἐκκαυθήσεται
3840 5497 3973 5570 πῦρ.
4014 5515 4032 5551 ι

2558 5709 2574 5743 ι
2603 5691 2906 5780 Ἐκδξκησις
2934 5691 3164 5762 ἀσεϐῶν,
3196 5697 3306 5766 πῦρ
3342 5695 3432 5750 καὶ
3455 5692 3686 5766 σκώληξ.
3732 5711 3752 5749 ι
