4218 6446
158 415 302 485 1157

1419 415 1651 475 SACRA
1692 415 2155 475 PARALIELJ.

3235 418 3368 484 1158

236 533 424 605 «Πῦρ,
475 531 697 602 χάλαζα,
743 529 833 582 καὶ
889 527 1067 597 λιμὸς,
1122 528 1215 582 καὶ
1246 527 1493 590 θάνατος,
1541 527 1719 580 πάντα

1754 540 1793 595 Α
1894 526 2058 580 Eccli'.
2108 542 2317 591 xxxv",
2353 527 2444 581 55.
2471 559 2535 570 —
2558 547 2578 579 ‹
2616 530 2786 600 Ignis,
2820 533 3054 601 grando,
3085 542 3139 589 et
3172 537 3368 600 fames.

145 631 327 685 ταῦτα
356 632 434 689 εἰς
459 627 677 678 κόλασιν
708 620 1046 693 ἁμαρτωλῶν
1080 620 1323 690 ἐκτίσθη.
1364 638 1382 668 ι

224 825 245 858 ι
285 803 546 865 Θάνατος,
570 800 663 855 καὶ
686 800 820 869 ἔρις,
843 797 937 851 καὶ
962 798 1223 867 ῥομφαία,
1250 795 1344 849 καὶ
1380 795 1599 865 μάστιξ,
1622 796 1716 848 ἐπὶ

142 899 279 960 τοὺς
308 898 541 967 ἀνόμους
565 894 913 960 ἐκτίσθησαν.
956 910 973 941 ι

224 1009 245 1042 ι
280 988 416 1042 Οὐαὶ
448 989 598 1057 ὑμῖν,
631 986 819 1055 ἄνδρες
850 982 1085 1046 ἀσεϐεῖς,
1109 983 1305 1044 οἵτινες
1332 979 1716 1049 ἐγκατελίπετε

143 1082 318 1151 νόμον
354 1080 589 1149 Κυρίου.ι
625 1098 644 1129 ι

225 1189 245 1223 ‹
286 1170 486 1232 Πένθος
511 1166 703 1238 νεκροῦ
740 1166 875 1220 ἑπτὰ
906 1166 1136 1235 ἡμέραι·
1178 1162 1359 1234 μωροῦ
1392 1162 1449 1213 δὲ
1473 1161 1565 1213 καὶ
1590 1160 1715 1213 ἀσε·

144 1262 302 1326 ϐους,
332 1263 505 1315 πείσαι
529 1247 815 1329 αἶ’ὴμέραι
844 1258 942 1326 τῆς
977 1256 1123 1324 ζωῆς
1161 1256 1348 1308 αὑτοῦ.
1379 1272 1395 1302 ι

228 1374 249 1407 ι
294 1353 382 1418 Ὠς
417 1352 656 1424 ῥομφαία
678 1353 945 1420 δίστομος,
974 1350 1121 1401 πᾶσα
1162 1344 1403 1415 ἁμαρτία
1462 1363 1478 1393 ι

225 1557 246 1590 ε
289 1538 405 1589 Οὐκ
429 1536 637 1589 εὐδοκεῖ
663 1536 692 1587 6
726 1531 945 1601 ὕψιστος
977 1531 1033 1583 ὲν
1054 1528 1391 1598 προσφοραῖς
1422 1524 1654 1579 ἀσεϐῶν.
1690 1540 1707 1573 ι

224 1733 243 1765 ι
294 1712 387 1774 Ὠς
416 1712 523 1765 ἀπὸ
546 1710 836 1780 προσώπου
868 1707 1043 1773 δφεως
1066 1705 1233 1773 φεῦγε
1277 1702 1387 1756 ἀπὸ
1416 1700 1709 1770 ἁμαρτίας.

158 1805 292 1858 Ἐἀν
315 1805 423 1873 γὰρ
454 1797 774 1872 προσέλθῃς,
820 1798 999 1863 ἕξεται
1031 1812 1124 1849 σε·
1160 1795 1372 1857 ὀδόντες
1414 1792 1625 1853 λέοντος
1659 1791 1709 1842 οί

144 1896 362 1959 ὀδόντες
386 1895 573 1966 αὐτῆς,
602 1891 949 1962 ἀναιροῦντες
985 1889 1182 1960 ψυχάς.
1218 1905 1236 1937 ›

222 2107 243 2139 ι
287 2088 480 2140 Πολλοὶ
509 2087 695 2156 έροῦσί
725 2101 813 2154 μοι
839 2084 895 2135 ἐν
929 2084 1113 2151 ἐκείνῃ
1158 2082 1223 2148 τῇ
1250 2079 1434 2149 ἡμέρᾳ
1456 2092 1469 2105 ·
1518 2073 1711 2146 Κύριε,

142 2179 346 2248 Κύριε,
375 2178 434 2231 οὐ
460 2176 537 2247 τῷ
566 2175 663 2246 σῷ·
687 2176 911 2244 ὀνόματι
952 2171 1460 2242 προεφητεύσαμεν,
1494 2167 1587 2219 καὶ
1636 2164 1713 2233 τῷ

143 2270 227 2341 σῷ
252 2270 477 2336 ὀνόματι
505 2269 760 2337 δυνάμεις
812 2265 1013 2327 πολλὰς
1051 2264 1412 2332 ἐποιήσαμεν.
1452 2261 1561 2312 Καὶ
1595 2260 1711 2312 τότε

143 2361 471 2431 ὁμολογήσω
497 2361 699 2421 αὐτοῖς,
738 2358 822 2410 ὃτι
853 2355 1125 2408 Οὐδέποτε
1153 2353 1322 2420 ἔγνων
1357 2352 1515 2419 ὑμᾶς.
1560 2350 1742 2401 Ἀνα-“

142 2454 377 2523 χωρεῖτε
402 2452 495 2504 ἀπ’
525 2450 656 2522 ἐμοῦ
688 2451 736 2502 οί
757 2448 1115 2519 ἐργαζόμενοι
1139 2445 1237 2515 τὴν
1265 2443 1511 2520 ἀνομίαν.
1548 2462 1566 2493 ι

224 2564 243 2595 ι
284 2545 397 2607 Πᾶς
442 2547 471 2598 6
526 2544 696 2597 ποιῶν
750 2542 847 2611 τὴν
897 2538 1193 2609 ἁμαρτίαν,
1251 2536 1435 2599 δοῦλός
1473 2535 1713 2605 έστιτῆς

142 2638 425 2710 ἁμαρτίας
445 2654 459 2668 °
487 2638 516 2689 6
545 2637 602 2691 δὲ
633 2633 817 2696 δοῦλος
843 2633 905 2685 οὐ
941 2632 1091 2702 μένει
1131 2631 1188 2683 ἐν
1215 2632 1281 2702 τῇ
1308 2630 1476 2700 οἰκίᾳ.
1514 2647 1532 2679 ι

224 2835 243 2867 ι
281 2792 296 2855 ί
338 2814 516 2877 Τάλας
544 2812 673 2883 ἐγὼ,
696 2813 817 2867 οὐδὲ
855 2811 1131 2883 ἐμνήσθην
1156 2849 1173 2873 ,
1217 2811 1298 2863 ὅτι
1352 2810 1380 2862 6
1413 2808 1543 2871 Θεὸς
1588 2806 1709 2860 νοῦν

141 2908 271 2977 ὁρᾷ,
300 2906 394 2959 καὶ
421 2905 601 2976 ψυχῆς
626 2907 876 2976 ἐπιτηρεῖ
899 2904 1103 2973 φωνήν.
1141 2900 1423 2972 Συνεργῶν
1464 2901 1492 2952 ὁ
1523 2902 1715 2972 ἐχθρὸς

142 3000 287 3069 πρὸς
307 2999 602 3070 ἁμαρτίαν,
635 2997 769 3069 πρὸς
789 2995 1024 3066 ἐμαυτὸν
1052 2995 1198 3063 λέγει
1224 3011 1237 3023 ο
1271 2993 1424 3063 Ἐλεή
1436 3011 1549 3063 μων
1568 2994 1714 3045 ἐστὶν

142 3090 176 3142 6
221 3088 376 3155 Θεὸς,
430 3088 523 3140 καὶ
552 3086 797 3151 ἀνέξεταί
844 3103 964 3155 μου.
1020 3085 1129 3137 Καὶ
1164 3083 1239 3152 μὴ
1271 3083 1497 3153 πληγεὶς
1545 3098 1715 3151 παρα-

144 3182 339 3251 χρῆμα
365 3220 379 3244 ,
407 3179 508 3232 οὐκ
542 3177 890 3247 ἐπαυσάμην,
923 3175 1058 3230 ἀλλά
1105 3174 1305 3245 μᾶλλον
1332 3174 1713 3243 κατεφρόνησα

144 3270 498 3335 συγγνώμης.
537 3271 629 3318 καὶ
662 3272 975 3328 aaut-ama;
1003 3268 1138 3312 Θεου
1174 3258 1575 3328 μακροθυμίαν.
1616 3284 1636 3306 ι

1818 627 1873 673 et
1932 633 2104 680 mors,
2164 621 2277 675 haec
2337 621 2523 676 omnia
2558 624 2625 676 ad
2666 624 2969 679 vindictam
3020 636 3369 697 peccatorum

1816 716 2000 764 creata
2024 719 2175 765 sunt.
2216 731 2237 765 ι

1889 800 2058 855 Eccli.
2112 819 2202 866 XL,
2226 805 2279 859 9.
2305 835 2374 843 -—
2399 824 2417 856 ι
2470 804 2639 868 Mors,
2677 813 2731 859 et
2756 812 3064 877 contentio,
3097 820 3153 866 et
3185 812 3375 865 rhom-

1816 894 1988 963 pliaza,
2026 902 2079 948 et
2106 893 2404 965 flagellum,
2431 913 2594 965 super
2628 897 2844 965 iniquos
2878 909 3064 956 creata
3095 913 3247 967 sunt.
3282 922 3301 953 ι

1887 984 2057 1039 Eccli.
2117 1002 2227 1046 XLI,
2266 988 2351 1041 Η.
2382 1019 2449 1029 —
2477 1008 2493 1038 ι
2548 989 2635 1043 Va:
2666 991 2843 1055 vobis,
2905 994 3005 1047 viri
3067 995 3242 1065 impii,
3282 996 3375 1063 qui

1814 1076 2186 1144 dereliquistis
2216 1078 2387 1145 legem
2423 1077 2659 1133 ﬂamini.
2698 1098 2715 1130 ι

1882 1169 2045 1220 Eccli.
2080 1184 2213 1231 χχιι,
2248 1171 2333 1222 15.
2357 1199 2425 1207 -
2456 1191 2472 1220 ι
2511 1172 2714 1227 Luctus
2747 1174 2948 1225 mortui
2989 1186 3194 1245 septem
3222 1176 3372 1230 dies:

1818 1256 1952 1311 fatui
1994 1269 2177 1313 autem
2217 1270 2272 1315 et
2302 1262 2477 1329 impii,
2508 1278 2701 1318 omnes
2732 1265 2849 1319 dies
2878 1266 3002 1317 vitae
3032 1268 3174 1330 ejus.
3214 1286 3229 1315 ι

1892 1350 2054 1405 Ecch‘.
2104 1367 2216 1415 xxi,
2261 1352 2409 1406 4.-
2440 1373 2458 1405 ‹
2491 1353 2657 1427 Quasi
2700 1357 3017 1426 rbompbaea
3065 1358 3150 1412 bis
3194 1367 3405 1422 acuta,.

1816 1443 1995 1494 omnis
2020 1442 2304 1508 iniquitas.
2342 1462 2361 1494 ι

1885 1528 2053 1582 Eccli.
2111 1545 2294 1591 χχχιιι,
2342 1532 2531 1586 25.--
2569 1553 2587 1584 σ
2648 1535 2765 1589 Νοη
2810 1538 3111 1606 complacet
3161 1538 3378 1592 Altissi-

1816 1637 1938 1675 mus
1967 1622 2020 1674 in
2053 1621 2429 1676 oblationibus
2462 1626 2776 1694 impiorum.
2811 1648 2829 1679 ι

1886 1713 2054 1766 Eccli.
2106 1730 2220 1775 xxI,
2271 1717 2423 1768 2.-
2454 1733 2471 1765 t
2531 1716 2697 1781 Quasi
2734 1734 2762 1770 a
2803 1719 2941 1773 facie
2990 1720 3201 1773 colubri
3252 1719 3379 1785 fuge

1814 1813 2120 1874 peccatum.
2174 1804 2308 1857 Nam
2362 1808 2408 1859 si
2439 1812 2744 1861 accesseris
2790 1810 2861 1861 ad
2915 1813 3032 1875 illa,
3070 1812 3380 1880 suscipient

1751 1904 1790 1959 Β
1824 1903 1896 1949 te.
1941 1895 2139 1951 Dentes
2194 1896 2368 1950 leonis
2419 1896 2610 1951 dentes
2655 1899 2800 1963 eius,
2837 1899 3236 1956 interticientes
3261 1904 3379 1956 ani-

1821 2001 1937 2040 mas
1965 1986 2270 2041 hominum.
2311 2002 2330 2035 ι

1887 2072 2086 2131 Matth.
2148 2094 2243 2141 vn,
2298 2077 2392 2138 2‘2.
2447 2078 2539 2132 25.
2587 2110 2653 2117 --
2690 2099 2708 2130 ι
2749 2078 2900 2133 multi
2934 2081 3115 2135 dicent
3152 2080 3285 2134 milii
3323 2083 3376 2134 in

1820 2173 1913 2226 illa
1948 2174 2078 2226 die:
2138 2172 2386 2234 Domine,
2433 2172 2680 2235 Domine,
2721 2188 2902 2227 nonne
2942 2176 2994 2227 in
3031 2176 3252 2229 nomine
3285 2182 3380 2227 tuo

1818 2263 2295 2333 prophetavimus,
2326 2273 2378 2315 et
2420 2264 2471 2316 in
2521 2266 2741 2318 nomine
2780 2277 2875 2318 tuo
2914 2267 3147 2321 virtutes
3179 2272 3377 2321 multas

1821 2356 2092 2411 fecimus?
2146 2356 2212 2409 Et
2243 2364 2374 2409 tunc
2418 2358 2724 2412 confitebor
2782 2360 2914 2422 illis,
2954 2362 3082 2429 quia
3115 2377 3223 2414 non
3254 2362 3376 2415 novi

1756 2501 1765 2521 ι
1820 2464 1916 2503 vos
1950 2468 1962 2501 ;
1999 2448 2269 2501 discedite
2304 2462 2332 2499 a
2369 2464 2453 2502 me
2486 2450 2579 2518 qui
2615 2452 2917 2518 operamini
2956 2453 3320 2521 iniquitatem.
3352 2472 3372 2505 ι

1886 2537 2053 2593 Joan.
2101 2555 2217 2601 vm,
2273 2539 2363 2593 54.
2392 2570 2463 2579 ---
2491 2560 2507 2590 ι
2539 2540 2731 2596 Omnis
2782 2544 2875 2612 qui
2908 2543 3038 2597 facit
3072 2555 3377 2614 peccatum,

1818 2647 2015 2686 servus
2063 2639 2147 2685 est
2180 2633 2409 2700 peccati.
2452 2630 2658 2687 Servus
2705 2643 2883 2687 autem
2927 2652 3034 2689 non
3088 2648 3270 2691 manet
3324 2641 3377 2692 in

1818 2718 1983 2771 domo
2016 2719 2069 2771 in
2100 2729 2388 2774 aeternum.
2424 2738 2444 2772 ι

1888 2808 2052 2878 336
2086 2807 2206 2861 Ezrd
2239 2811 2445 2863 octrina
2490 2810 2658 2866 Petri.
2687 2841 2758 2856 —
2780 2831 2799 2864 ι
2865 2815 2947 2870 Me
2980 2818 3263 2882 miserum,
3288 2820 3381 2888 qui

1820 2915 1887 2954 ne
1924 2900 2055 2953 illud
2107 2902 2326 2970 quidem
2370 2903 2760 2984 meminerim,’
2793 2905 2962 2960 Deuni
3010 2919 3245 2963 mentem
3299 2913 3385 2965 in-

1819 2993 1982 3053 tueri,
2013 3001 2066 3046 et
2094 2995 2287 3047 anima:
2330 3009 2514 3048 vocem
2556 2997 2869 3052 observare.
2906 2998 3089 3055 Hostis
3122 3019 3275 3056 meus
3316 3004 3382 3057 ad

1822 3092 2103 3151 peccatum
2144 3100 2229 3137 me
2260 3084 2551 3153 adjuvans,
2592 3089 2693 3144 hoc
2731 3094 2987 3160 proponit
3025 3095 3181 3157 milii,
3214 3095 3382 3149 Deum

1821 3172 1886 3225 ad
1918 3174 2353 3227 misericordiam
2388 3191 2719 3245 propensum
2752 3196 2895 3245 esse,
2926 3198 3122 3251 meque
3153 3201 3382 3253 peccan-

1737 3263 1780 3313 C
1815 3270 1921 3314 tem
1964 3268 2346 3318 toleraturum.
2390 3270 2466 3318 Ac
2509 3283 2634 3319 cum
2661 3270 2885 3325 minime
2912 3278 3097 3327 statim
3129 3278 3230 3330 sim
3262 3293 3385 3347 per-

141 3363 396 3420 cussus,2
425 3352 690 3424 peccandi
742 3362 1033 3422 propterea
1081 3350 1243 3405 finem
1285 3365 1398 3404 non
1446 3348 1583 3415 feci;
1651 3365 1838 3405 verum
1875 3352 2057 3406 potius
2106 3355 2319 3408 veniam
2353 3361 2681 3427 contempsi.
2761 3377 2825 3416 ac
2864 3363 2957 3418 Dei
3009 3368 3288 3422 lenitatem
3326 3378 3383 3425 et

143 3449 316 3505 animi
350 3448 657 3518 aequitatem
695 3446 1029 3514 consumpsi.
1068 3462 1087 3495 ι

223 3558 243 3593 ι
276 3540 486 3608 Ὥσπερ
518 3537 833 3605 συλλέγεται
866 3537 932 3589 τὰ
974 3536 1206 3599 ζιζάνια,
1253 3537 1347 3587 καὶ
1393 3535 1526 3605 πυρὶ
1550 3552 1717 3588 κατα-

146 3631 382 3693 καίεται,
412 3630 583 3694 οῦτως
607 3628 758 3682 ἔσται
787 3629 845 3680 ὲν
872 3630 936 3699 τῇ
963 3626 1239 3697 συντελείᾳ
1262 3625 1356 3678 τοῦ
1386 3626 1578 3686 αἰῶνος
1597 3626 1715 3679 τού-

1888 3533 2087 3599 Matth,
2117 3521 2356 3598 xmfw,
2391 3538 2479 3592 41.
2513 3569 2581 3578 —
2616 3558 2632 3589 ι
2671 3541 2825 3595 Sicut
2868 3545 3209 3614 colliguntur
3236 3550 3384 3605 ziza-

1818 3624 1929 3687 nia,
1958 3633 2011 3677 et
2053 3626 2164 3693 igni
2204 3628 2624 3695 comburuntur,
2676 3633 2755 3686 sic
2782 3636 2888 3688 erit
2926 3636 2979 3689 in
3022 3652 3382 3696 consumma-

145 3742 263 3781 του,
308 3722 621 3777 Ἀποστελεῖ
640 3724 668 3775 6
698 3721 826 3785 Υἱὸς
857 3720 950 3801 τοῦ
984 3720 1272 3792 ἀνθρώπου
1293 3720 1421 3783 τοὺς
1455 3719 1716 3787 ἀγγέλους

1817 3718 1964 3770 tione
1993 3718 2179 3771 surculi
2210 3718 2395 3787 hujus.
2446 3719 2620 3776 llittct
2654 3721 2827 3778 Filius
2866 3725 3111 3783 hominis
3151 3735 3378 3801 angelos

146 3814 333 3879 αὑτοῦ,
369 3814 462 3868 καὶ
490 3813 830 3879 συλλέξουσιν
853 3796 924 3864 ei
944 3812 1043 3881 τῆς
1066 3811 1338 3881 βασιλείας
1358 3811 1522 3863 αὑτοῦ
1544 3810 1716 3864 πάντα

1814 3825 1966 3880 suos,
1998 3817 2053 3863 et
2090 3810 2350 3879 colligent
2402 3828 2470 3867 ex
2516 3830 2689 3885 regno
2732 3817 2852 3885 ejus
2880 3820 3164 3881 scandala,
3198 3831 3252 3876 et
3281 3839 3376 3879 eos

145 3907 221 3960 τὰ
253 3904 546 3971 σκάνδαλα,
596 3904 690 3958 καὶ
720 3904 847 3967 τοὺς
875 3902 1161 3965 ποιοῦντας
1186 3903 1285 3973 τὴν
1326 3902 1578 3973 ἀνομίαν,
1622 3902 1715 3955 καὶ

1813 3902 1904 3971 qui
1950 3902 2160 3956 faciunt
2206 3903 2580 3973 iniquitatem.
2621 3910 2930 3977 et'mittent
2976 3927 3071 3967 eos
3110 3914 3165 3968 in
3200 3918 3377 3969 cami-

146 3996 481 4067 ἐμϐαλοῦσιν
505 3995 701 4057 αὐτοὺς
721 3994 802 4057 είς
828 3996 925 4064 τὴν
951 3993 1180 4064 κάμινον
1217 3993 1310 4045 τοῦ
1348 3995 1539 4064 πυρός.
1574 3996 1717 4047 Ἐκεῖ

148 4092 302 4144 ἔσται
324 4090 353 4142 6
381 4086 682 4158 κλαυθμὸς,
706 4087 801 4139 καὶ
824 4089 852 4140 ὁ
883 4086 1128 4158 βρυγμὸς
1161 4087 1269 4139 τῶν
1295 4086 1543 4139 ὀδόντων.
1586 4105 1604 4137 ι

224 4199 243 4233 ι
284 4182 417 4233 Τότε
466 4182 580 4250 ὲρεϊ
610 4182 636 4234 6
669 4180 917 4250 βασιλεὺς
974 4180 1066 4233 καὶ
1114 4182 1225 4242 τοῖς
1287 4178 1346 4243 ἐξ
1396 4180 1709 4248 εὐωνύμων.

149 4273 455 4344 Πορεύεσθε
487 4272 582 4327 ἀπ’
604 4272 761 4343 ἐμοῦ,
810 4273 858 4324 ol
888 4273 1277 4341 κατηραμένοι,
1304 4274 1379 4335 είς
1426 4273 1486 4324 τὸ
1518 4270 1627 4333 πῦρ
1653 4270 1714 4323 τὸ

1813 4278 1841 4317 a
1880 4266 2122 4319 sinistris
2185 4276 2346 4319 erunt

148 4367 386 4430 αίὼνιον,
406 4366 465 4420 τὸ
491 4364 890 4436 ἡτοιμασμένον
912 4363 987 4433 τῷ
1010 4364 1260 4434 διαϐόλῳ,
1290 4360 1381 4418 καί
1414 4366 1523 4427 τοῖς
1550 4365 1709 4431 ἀγγέ-
1734 4407 1741 4423 ,

150 4478 261 4514 Αοις
294 4476 459 4513 αυτου
469 4498 482 4513 ο
516 4476 535 4510 ι

225 4502 229 4513 ,
294 4478 482 4513 αυτου.
516 4478 535 4510 ι
1620 4478 1635 4484 ν

225 4478 261 4603 «ς
300 4552 357 4604 '0
388 4554 621 4622 πονηρὸς
653 4548 938 4621 ἄνθρωπος
957 4550 1023 4603 ἐκ
1042 4552 1136 4601 του
1172 4566 1408 4620 πονηρου
1438 4548 1706 4619 Θησαυροῦ

148 4646 253 4713 τῆς
285 4640 511 4711 καρδίας
544 4640 804 4711 προφέρει
841 4641 911 4693 τὰ
936 4641 1167 4711 πονηρά.
1218 4640 1312 4693 Ἐκ
1352 4644 1460 4709 γὰρ
1492 4637 1584 4692 τοῦ
1612 4655 1705 4690 πευ

1815 4010 1941 4048 num
1974 3993 2137 4064 ignis.
2169 3993 2244 4049 lbi
2277 3997 2383 4050 erit
2414 3997 2570 4052 fletus
2598 4009 2651 4053 et
2678 4002 2881 4057 stridor
2904 4001 3172 4063 (lantiunt.
3211 4027 3231 4059 ι

1885 4169 2079 4225 Matth.
2131 4188 2254 4235 xxv,
2297 4174 2387 4227 41.
2414 4209 2469 4217 -η
2517 4196 2534 4227 ‹
2570 4176 2724 4231 Tunc
2754 4179 2900 4233 dicet
2934 4195 3027 4235 rex
3058 4187 3112 4235 et
3158 4182 3244 4235 bis
3275 4184 3372 4255 qui

2452 4268 2721 4323 υιευνιιίιθ
2750 4286 2777 4323 a
2840 4287 2946 4337 me,
2989 4274 3284 4338 maledicti,
3318 4276 3371 4329 in

1773 4347 1780 4361 ’
1815 4358 1994 4426 ignem
2035 4365 2325 4420 aeternum,
2361 4361 2451 4427 qui
2474 4347 2724 4427 'pnratus
2761 4376 2844 4418 est
2883 4365 3103 4440 diabolo
3132 4374 3186 4421 et
3214 4383 3373 4438 ange-

1743 4444 1785 4497 Ι)
1816 4450 1883 4503 lis
1914 4450 2047 4517 ejus.

1887 4541 2009 4595 Lur.
2045 4560 2119 4604 νι,
2153 4546 2242 4609 45,
2286 4546 2374 4599 ιδ.
2408 4576 2473 4585 ---
2509 4566 2523 4587 σ
2573 4545 2745 4599 Malus
2772 4550 2935 4601 homo
2963 4549 3031 4601 de
3072 4549 3215 4601 malo
3250 4550 3367 4603 the~

1812 4651 1978 4687 sauro
2028 4638 2217 4689 cordis
2276 4636 2485 4704 profert
2536 4638 2696 4688 mala.
2750 4635 2882 4689 Nam
2945 4654 3006 4692 ex
3034 4639 3369 4695 abundantia

153 4732 514 4804 ρισσεύματος
533 4730 634 4799 τῆς
665 4730 892 4801 καρδίας
934 4729 993 4782 τὸ
1025 4730 1197 4798 στόμα
1243 4728 1411 4780 λαλεῖ.
1440 4729 1553 4778 Οὐκ
1597 4727 1710 4777 ἔστι

1809 4725 1989 4778 cordis
2027 4741 2090 4780 os
2133 4726 2398 4795 loquitur.
2438 4724 2550 4777 Non
2578 4733 2660 4779 est
2700 4728 2840 4780 bona
2884 4730 3049 4782 arbor
3079 4747 3200 4800 quae
3241 4731 3371 4786 facit

148 4823 363 4892 δένδρον
390 4821 572 4887 καλὸν,
624 4820 811 4874 ποιοῦν
844 4821 1051 4891 καρπὸν
1091 4820 1315 4889 σαπρὸν,
1355 4818 1471 4871 οὐδὲ
1499 4817 1711 4885 δένδρον

1811 4818 2047 4870 fructum
2091 4821 2336 4875 malum;
2385 4836 2561 4887 neque
2609 4819 2772 4873 arbor
2807 4820 2969 4885 mala,
3007 4820 3215 4877 faciens
3256 4823 3370 4877 fru-

150 4915 381 4983 σαπρὸν,
408 4914 590 4968 ποιοῦν
615 4913 825 4983 καρπὸν
857 4913 1036 4966 καλόν.
1083 4913 1178 4964 Ἐκ
1209 4914 1315 4983 γὰρ
1361 4911 1452 4964 τοῦ
1496 4910 1708 4979 καρποῦ

1754 4911 1762 4945 ι
1809 4914 1955 4959 ctum
1988 4907 2211 4963 bonum.
2261 4903 2335 4963 Ex
2370 4912 2552 4963 fructu
2604 4910 2751 4963 enim
2784 4910 2951 4965 arbor
2990 4914 3365 4981 cognoscitur.

149 5008 208 5059 τὸ
240 5006 455 5076 δένδρον
496 5006 842 5072 γινώσκεται.
898 5006 971 5057 Οὐ
1019 5005 1125 5073 γὰρ
1154 5005 1208 5069 ἐξ
1244 5003 1491 5058 ἀκανθῶν
1522 5004 1707 5055 συλλέο

152 5099 299 5163 ξουσι
329 5098 486 5160 σῦκα,
517 5098 635 5150 οὐδὲ
672 5101 735 5150 ὲκ
759 5098 918 5164 βάτου
952 5098 1189 5168 τρυγῶσι
1222 5098 1511 5168 σταφυλήν.
1548 5116 1566 5147 ι

225 5211 241 5241 ι
286 5193 367 5243 Ta
391 5191 594 5259 ὀψώνια
622 5192 718 5261 τῆς
746 5192 1036 5261 ἁμαρτίας,
1073 5191 1317 5253 θάνατος.
1360 5209 1379 5242 ι

226 5305 243 5335 ι
289 5284 357 5336 'H
380 5282 644 5354 ἐπιθυμία
676 5283 1014 5337 συλλαϐοῦσα
1043 5287 1212 5336 τίκτει
1256 5284 1609 5354 ἁμαρτίαν·ἠ
1654 5285 1708 5338 δὲ

154 5378 397 5447 ἁμαρτία
435 5376 870 5439 ἀποτελεσθεῖσα,
903 5376 1130 5429 ἀποκύει
1163 5376 1409 5428 θέινατον.
1444 5396 1455 5425 ε

1808 4996 1922 5053 Non
1948 5002 2091 5055 enim
2125 5002 2191 5057 de
2219 5004 2391 5073 spinis
2428 5004 2687 5072 colligent
2735 5004 2893 5068 licus,
2933 5019 3110 5074 neque
3136 5004 3203 5060 de
3229 5007 3367 5061 rubo

1808 5106 1941 5145 uvas
1977 5092 2332 5147 vindemiant.
2370 5112 2388 5145 ι

1878 5180 2029 5234 Rom.
2067 5198 2142 5246 v1,
2168 5182 2258 5238 23.
2285 5214 2341 5221 -
2384 5202 2402 5233 ι
2442 5182 2724 5254 Stipendia
2753 5184 2962 5253 peccati
2993 5199 3160 5240 mors.
3200 5204 3218 5236 ι

1873 5270 1995 5324 Jac.
2024 5288 2063 5335 ι,
2116 5274 2200 5327 l5.
2233 5304 2300 5312 —
2326 5291 2344 5324 ι
2382 5274 2845 5343 Coneupisccntia
2872 5289 2995 5328 cum
3028 5277 3359 5345 conceperit,

1806 5366 1947 5434 parit
1988 5374 2293 5433 peccatum.
2325 5364 2615 5420 Peccatum
2648 5374 2823 5421 autem
2851 5380 2975 5421 cum
3009 5382 3361 5424 consumma-

1807 5468 1921 5510 tuin
1957 5457 2145 5523 fuerit,
2176 5468 2402 5529 generat
2436 5466 2684 5513 mortem.
2719 5476 2739 5509 ι

1407 5633 1633 5690 VARI/li
1675 5633 2077 5694 LECTIONES.

226 5757 239 5795 ί
274 5753 508 5830 ln_ll_up.
542 5754 625 5830 liE
643 5771 719 5830 _1:.
769 5753 853 5830 tit_.
895 5750 984 5813 27,
1021 5758 1145 5830 περι
1191 5750 1440 5830 πονηρῶν
1608 5748 1837 5830 ἀσεϐῶν,
1866 5750 1957 5830 καὶ
1987 5752 2345 5824 ἁμαρτωλῶν,
2384 5755 2472 5812 hic
2513 5757 2666 5813 locus
2696 5764 2996 5828 excerptus
3027 5757 3253 5827 dicunt,
3285 5739 3351 5813 ἐκ

153 5824 242 5895 τῆς
272 5825 361 5877 τοῦ
398 5818 550 5887 ἁγίου
582 5823 789 5892 Πέτρου
816 5821 1187 5881 δικασκαλίας,
1223 5820 1293 5872 Et
1340 5822 1509 5874 sancti
1538 5818 1682 5873 Petri
1713 5819 1975 5874 doctrina.
