4218 6446
836 387 969 454 1159

1994 392 2053 450 S.
2092 389 2410 450 JOANNIS
2439 391 2855 454 DAMASCENI

3892 402 4026 471 1160

898 497 1063 552 Joan.
1094 513 1148 563 v,
1177 496 1230 552 8.
1254 525 1320 536 --
1341 514 1359 547 ι
1388 496 1491 562 Qui
1541 496 1673 549 facit
1723 508 2029 566 peceatum,
2060 515 2126 554 ex
2157 499 2375 554 diabolo
2403 506 2449 562 Α
2550 520 2564 552 ι

2351 512 2375 553 D
2403 506 2449 562 Α
2550 520 2568 552 t
2616 502 2675 554 '0
2702 505 2866 555 ποιῶν
2898 505 2997 572 τὴν
3030 506 3320 575 ἁμαρτίαν,
3348 506 3413 560 ἐκ
3443 508 3537 562 τοῦ
3573 509 3820 564 διαϐόλου
3854 513 4017 574 ἐστὶν.

828 594 940 652 est;
971 585 1226 653 quoniam
1258 585 1324 634 ab
1364 584 1520 637 initio
1549 584 1797 638 diabolus
1828 596 2035 655 peccat.
2074 607 2090 639 ι

901 674 929 728 Ι
966 675 1103 727 Tun.
1136 690 1189 737 v,
1237 674 1323 729 Η.
1354 705 1416 715 -
1445 693 1462 725 ι
1502 674 1873 739 Quorumdam
1929 687 2158 746 peccata
2203 679 2378 734 mani-

2474 594 2557 646 ὅτι
2588 594 2683 646 ἀπ’
2711 595 2884 665 ἀρχῆς
2912 597 2939 646 ὁ
2969 595 3210 659 διάὁολος
3250 600 3574 668 ἁμαρτάνει.
3614 620 3632 652 ι

2465 722 2505 751 Δ,
2548 699 2567 732 ι
2602 684 2775 736 Τινῶν
2802 687 2857 739 αί
2900 687 3159 755 ἁμαρτίαι
3206 689 3460 758 πρόδηλοί
3483 692 3639 758 εἰσιν,
3682 694 4021 764 προάγουσαι

830 772 965 828 festa
1013 782 1162 835 sunt,
1220 774 1583 841 praecedentia
1634 772 1701 825 ad
1742 770 2055 840 judicium:
2114 787 2379 841 quorum-
2473 787 2496 825 ε

2041 787 2055 823 :
2114 787 2379 841 quorum-
2473 772 2553 834 εἰς
2580 776 2791 842 κρίσιν·
2832 776 2993 828 τινῶν
3012 776 3068 828 δὲ
3090 777 3642 836 καὶέπακολουθοῦσι.
3682 804 3700 837 ι

826 866 948 919 dam
978 873 1159 918 autem
1194 874 1249 919 et
1278 865 1708 931 subsequuntur.
1745 880 1765 915 ι

893 954 1066 1008 Βαείί.
1094 955 1151 1008 in
1181 954 1428 1010 Carn.—
1452 954 1857 1009 Acerbissimus
1892 952 2167 1009 cruciatus
2190 959 2276 1008 est
2307 952 2376 1007 iis

823 1047 915 1117 qui
948 1056 1090 1103 recte
1120 1049 1358 1119 sapiunt,
1391 1064 1422 1102 a
1449 1047 1559 1103 Deo
1587 1049 1823 1120 sejungi.

893 1138 1162 1207 Ejusdem.
1192 1169 1262 1180 —
1291 1139 1548 1209 Impietas
1586 1140 1806 1210 proprie
1848 1139 2157 1210 appellatur
2183 1151 2377 1208 pecca-

822 1238 959 1295 tum,
992 1231 1136 1300 quod
1175 1231 1227 1284 in
1258 1229 1425 1285 Deum
1455 1233 1841 1287 committitur.

896 1322 1035 1376 Fieri
1075 1337 1182 1376 non
1226 1330 1427 1392 potest,
1468 1333 1528 1376 ut
1572 1324 1710 1377 illia
1743 1329 1892 1379 recta
1942 1337 2030 1377 vta
2064 1322 2372 1387 deflectant,

820 1432 1051 1485 qtmrtttn
1090 1416 1261 1470 animi
1293 1417 1568 1470 oblivione
1597 1415 1687 1469 Dei
1721 1430 1829 1471 non
1854 1416 2126 1471 laborant.

890 1507 964 1561 Ne
1026 1508 1153 1577 quis
1203 1523 1393 1562 eorum
1431 1507 1528 1576 qui
1576 1521 1774 1576 pravas
1807 1507 1875 1562 de
1923 1505 2036 1559 Deo
2084 1504 2373 1575 opiniones

820 1606 1028 1658 tenent,
1062 1596 1342 1650 existimet
1377 1601 1633 1663 acceptas
1674 1608 1798 1648 esse
1841 1590 2030 1645 laudes
2060 1606 2199 1661 quas
2223 1592 2370 1662 psal-

818 1704 1032 1741 morum
1058 1695 1223 1741 cantu
1256 1685 1369 1739 Deo
1401 1680 1749 1751 persolverit.

887 1778 1078 1846 Ejusd.
1116 1776 1275 1831 Hom.
1307 1774 1521 1827 adhort.
1562 1771 1630 1826 ad
1660 1771 1821 1842 Bapt.
1855 1801 1927 1814 -—
1955 1772 2049 1828 Dei
2077 1772 2366 1843 ignoratio,

820 1883 968 1921 mors
992 1876 1077 1921 est
1112 1866 1329 1918 animm.

883 1959 985 2012 Cui
1014 1956 1137 2010 vae?
1177 1957 1266 2010 cui
1316 1955 1641 2010 tribulatio?
1686 1955 1774 2009 cui
1821 1953 2077 2009 anxietas
2114 1954 2279 2009 animi
2312 1960 2368 2008 ct

813 2049 1088 2103 tenebrae?
1118 2046 1205 2100 cui
1235 2054 1440 2101 acterna
1483 2045 1905 2100 condemnatio?
1950 2027 2141 2100 Nonne
2174 2046 2242 2100 iis
2273 2045 2364 2115 qui

815 2155 844 2193 a
903 2139 1007 2193 fide
1051 2137 1421 2198 desciverunt.
1473 2153 1704 2207 eamque
1764 2137 2129 2207 abjurarunt?
2178 2136 2366 2202 Quod-

814 2246 938 2284 nam
964 2237 1142 2283 autem
1168 2228 1544 2298 abnegationis
1568 2229 1834 2282 indicium
1857 2239 1942 2283 est
1962 2228 1984 2281 ἲ
2005 2228 2204 2281 Annon
2235 2227 2363 2297 quia

811 2321 1210 2377 confessionem
1258 2336 1413 2375 suam
1476 2321 1840 2390 abjecernnt?
1887 2319 2362 2385 Quemadmodum

809 2416 955 2471 enim
983 2415 1183 2470 divina:
1212 2413 1338 2469 fidei
1367 2414 1648 2470 confessio
1693 2415 2019 2485 promissam
2054 2414 2159 2483 piis
2197 2413 2364 2468 beati-

813 2510 1060 2564 tudinem
1110 2508 1405 2574 conciliat;
1464 2509 1546 2563 sic
1585 2507 1831 2577 ejusdem
1878 2505 2364 2576 inﬁciatioimpie-

813 2601 941 2655 talis
968 2614 1139 2669 patum
1158 2598 1456 2653 obnoxium
1479 2598 1757 2651 hominem
1782 2594 1981 2649 reddit.

882 2691 1072 2760 Ejusd.
1136 2692 1193 2743 in
1257 2689 1395 2755 mal.
1461 2703 1657 2743 xxxnt.
1704 2720 1771 2729 -—
1815 2689 2081 2742 Immittet
2135 2687 2363 2757 angelus

814 2778 1047 2833 Domini.
1081 2776 1347 2833 Omnibus
1376 2777 1471 2847 qui
1511 2776 1723 2831 Domini
1757 2776 1914 2830 lidetn
1945 2776 2178 2846 atuplcxi
2210 2782 2360 2839 sunt,

810 2871 1036 2940 angelus
1086 2869 1303 2923 Domini
1345 2883 1562 2937 semper
1613 2868 1867 2926 assistit;
1923 2866 2222 2921 dummodo
2264 2882 2361 2936 per

808 2960 1077 3031 ﬂagitiosa
1114 2974 1280 3030 Opera
1340 2960 1520 3029 ipsum
1572 2960 1795 3014 minime
1851 2957 2238 3028 propellamus.
2292 2957 2360 3014 Ut

807 3053 949 3107 enim
980 3066 1109 3121 apes
1144 3052 1328 3107 fumus
1368 3051 1537 3120 abigit
1587 3058 1642 3105 ct
1672 3049 1873 3105 fetidus
1906 3048 2041 3103 odor
2067 3048 2354 3102 columbas

808 3142 1000 3212 pellit;
1037 3142 1116 3197 sic
1142 3141 1307 3196 etiam
1355 3141 1665 3196 luctuosum
1703 3140 2040 3210 fetidumque
2069 3147 2355 3210 peccatum

810 3233 940 3287 vita:
982 3241 1188 3288 nostra:
1217 3234 1501 3287 custodem
1537 3233 1813 3299 angelum.

877 3323 943 3378 In
999 3325 1138 3394 paul.
1194 3339 1381 3377 xum.
1433 3350 1503 3362 —
1536 3321 1636 3385 Qui
1688 3321 1952 3373 laboravit
2004 3318 2059 3385 in
2108 3317 2215 3371 hoc
2262 3330 2361 3371 sa-

806 3413 955 3475 culo,
1003 3412 1145 3466 vivet
1187 3412 1242 3463 in
1294 3412 1478 3463 finem.
1522 3407 1679 3476 337
1709 3406 1812 3471 Qui
1845 3414 2025 3460 autem
2060 3403 2117 3457 in
2147 3403 2359 3471 deliciis

807 3513 861 3559 et
907 3501 1058 3556 omni
1090 3501 1338 3556 mollitiei
1394 3514 1591 3569 genere
1639 3497 1803 3551 vitam
1834 3495 1963 3568 agit,
2025 3495 2101 3548 ita
2152 3503 2213 3548 ut
2250 3508 2360 3564 prae

808 3597 939 3650 luxu
990 3608 1230 3664 purpura
1265 3599 1321 3647 et
1366 3591 1530 3661 bysso
1578 3589 1862 3651 induatur,
1906 3586 2138 3657 singulis
2167 3587 2357 3642 diebus

807 3684 1091 3759 splendide
1124 3684 1449 3747 oblectetur,
1500 3690 1555 3738 et
1600 3694 1793 3736 omnes
1842 3679 2044 3750 quibus
2094 3677 2355 3733 virtutem

806 3780 1159 3849 adipiscatur,
1215 3776 1429 3830 labores
1485 3771 1754 3843 refugiat;
1809 3771 1857 3826 is
1912 3772 1968 3825 in
2001 3771 2108 3825 hoc
2152 3770 2354 3826 saeculo

806 3870 1030 3924 minime
1072 3868 1363 3930 laboravit,
1412 3880 1514 3921 nec
1554 3865 1702 3919 vivet
1733 3865 1789 3918 in
1824 3863 2028 3927 futuro,
2061 3863 2156 3918 sed
2190 3863 2353 3917 vitam

804 3961 1020 4016 eminus
1048 3960 1269 4023 videlnt,
1299 3957 1618 4029 persolvens
1646 3954 1916 4028 ptenasin
1943 3955 2159 4009 camino
2188 3954 2350 4023 ignis.

872 4052 1338 4119 Quemadmodum
1386 4051 1580 4105 umbra
1618 4064 1841 4119 corpus,
1875 4049 2204 4118 sicepcceata
2232 4045 2352 4099 ani-

806 4162 922 4198 mas
956 4145 1317 4207 comitantur,
1354 4152 1551 4211 etqnm
1594 4141 1890 4196 commissa
1934 4154 1965 4193 a
1999 4138 2158 4194 nobis
2194 4137 2351 4208 ﬂagi-

806 4240 881 4295 tia
911 4247 1062 4302 sunt,
1099 4243 1516 4308 repraesentant.

875 4326 941 4380 In
984 4327 1236 4382 Hexaein.
1298 4326 1390 4380 lib.
1444 4341 1495 4379 v.
1543 4354 1614 4366 -—
1654 4323 1905 4379 Nondum
1966 4320 2349 4377 condemnatio

807 4414 1072 4470 fertilitati
1127 4425 1287 4470 terra:
1348 4415 1797 4484 impedimentum
1869 4412 2147 4468 afferebat.
2226 4411 2347 4466 Ilaec

2291 3188 2355 3237 1'"
2386 3188 2429 3247 C

2530 947 2824 1024 ’Βαρυτάτη
2859 956 3079 1020 κόλασις
3115 960 3226 1022 τοῖς
3257 953 3318 1010 εὖ
3348 960 3654 1028 φρονοῦσιν,
3682 964 3711 1016 ὀ
3752 964 3862 1019 ἀπὸ
3890 963 4021 1019 Θεοῦ

2473 1045 2765 1116 χωρισμός.
3334 1057 3341 1067 ‘

2555 1136 2800 1189 Ἀσέϐεια
2827 1141 3026 1207 κυρίως
3057 1136 3326 1210 λέγεταιή
3358 1140 3436 1203 εἰς
3464 1139 3596 1195 Θεὸν
3620 1144 3887 1216 ἁμαρτία.

2556 1309 2858 1382 Ἀμήχανον
2883 1313 3219 1384 ἐκτραπῆναι
3244 1317 3343 1387 τῆς
3369 1318 3582 1384 δικαίας
3608 1319 3730 1373 ὁδοῦ
3749 1362 3766 1386 ,
3803 1324 3880 1395 μὴ
3925 1325 4021 1396 λή-

2469 1400 2568 1473 θην
2593 1401 2728 1455 Θεοῦ
2751 1408 2869 1468 ταῖς
2895 1406 3092 1475 ψυχαῖς
3116 1408 3471 1478 νοσήσαντας.

2537 1495 2738 1563 Μηδεὶς
2765 1496 2959 1550 οίέσοω
2976 1500 3083 1551 τῶν
3108 1501 3449 1570 ὲαφαλμένας
3479 1505 3605 1574 περὶ
3626 1506 3761 1560 θεοῦ
3793 1508 4021 1578 ἑχόντων

2470 1583 2783 1652 ὑπολήψεις,
2812 1587 2897 1639 ὅτι
2920 1586 3107 1642 δεκταὶ
3135 1591 3318 1644 αὐτῶν
3345 1592 3485 1645 εἰσὶν
3507 1594 3565 1646 αί
3596 1597 3654 1649 ὲν
3682 1598 4021 1670 ψαλμῳδίαις

2468 1674 2718 1740 αίνέσεις.

2536 1766 2671 1819 Θεοῦ
2694 1768 2882 1837 ἄγνοια
2906 1769 3133 1834 θάνατός
3164 1774 3280 1825 ἐστι
3312 1774 3512 1846 ψυχῆς.

2532 1948 2651 2014 Τίνι
2682 1949 2836 2016 οὐαί;
2865 1950 2970 2003 τίνι
2994 1950 3233 2021 θλίψεις
3263 1953 3370 2005 τίνι
3408 1955 3611 2025 ἀπορία
3660 1956 4016 2026 καὶλσκὸτοςς

2461 2038 2566 2091 τίνι
2595 2040 2788 2092 αἰωνία
2809 2043 3164 2111 κατάκρισις;
3196 2043 3257 2096 οὐ
3280 2046 3391 2109 τοῖς
3412 2047 3792 2115 παραϐάταις;
3826 2052 3888 2102 οὐ
3910 2054 4018 2114 τοῖς

2461 2131 2557 2203 τὴν
2588 2130 2767 2183 πίστιν
2788 2132 3182 2204 ἀρνησαμένοις
3203 2152 3219 2201 ;
3248 2136 3343 2200 Τίς
3366 2135 3422 2189 δὲ
3446 2137 3546 2208 τῆς
3567 2138 3848 2209 ἀρνήσεως
3870 2142 4020 2209 ἑλετ-

2461 2238 2588 2292 χος;
2610 2224 2704 2293 οὐχ
2724 2225 2801 2277 ὅτι
2819 2225 2917 2288 τὰς
2942 2229 3147 2290 οἰκείας
3174 2227 3459 2298 ὁμολογίας
3477 2228 3745 2301 ἠθέτησαν
3769 2250 3782 2293 ς
3809 2233 4020 2304 Ὠσπερ

2458 2314 2718 2383 ὁμολογία
2755 2316 2852 2387 τῆς
2894 2317 2974 2379 είς
3002 2316 3135 2370 Θεὸν
3182 2318 3439 2388 πίστεως,
3468 2321 3561 2374 τὸν
3604 2325 3703 2393 τῆς
3737 2323 4020 2389 εὐσεϐείας

2461 2406 2807 2475 μακαρισμὸν
2831 2408 3099 2477 προξενεῖ,
3133 2408 3275 2463 οὕτω
3302 2413 3397 2466 καὶ
3420 2415 3455 2484 ἠ
3495 2414 3727 2485 ἄρνησις
3758 2418 3826 2487 τῇ
3848 2432 4017 2471 κατα-

2459 2494 2635 2566 κρίσει
2656 2497 2754 2565 τῆς
2779 2498 3068 2569 ἀθεότητος
3096 2502 3405 2559 ὑποϐάλλει.

2529 2680 2874 2751 Παρεμϐαλεῖ
2913 2681 3143 2749 ἄγγελος
3184 2683 3391 2754 Κυρίου
3419 2686 3583 2739 παντὶ
3634 2690 4021 2744 πεπιστευκότι

2457 2770 2536 2832 εἰς
2560 2770 2649 2821 τὸν
2681 2769 2899 2839 Κύριον.
2955 2771 3219 2840 Ἀγγελος
3271 2773 3617 2845 παρεδρεύει,
3666 2776 3762 2830 ἐὰν
3809 2780 4022 2848 μήποτε

2457 2861 2619 2913 αὑτὸν
2647 2862 2809 2930 ἡμεῖς
2838 2863 2904 2914 ἐκ
2949 2863 3056 2915 τῶν
3094 2863 3349 2935 πονηρῶν
3399 2864 3574 2935 ἔργων
3602 2867 4017 2941 ἀποδιώξωμεν.

2468 2952 2554 3015 Ὠς
2581 2953 2687 3023 γὰρ
2714 2954 2811 3016 τὰς
2854 2954 3112 3023 μελίσσας
3160 2957 3365 3020 καπνὸς
3414 2958 3728 3027 φυγαδεύει,
3791 2966 3891 3016 καὶ
3926 2962 4021 3026 τὰς

2456 3044 2780 3114 περιστερὰς
2808 3044 3087 3108 ἐξελαύνει
3112 3046 3365 3110 δυσωδία,
3391 3046 3535 3102 οὕτω
3563 3050 3658 3103 καὶ
3685 3052 3777 3104 τὸν
3802 3052 4021 3121 φύλακα

2457 3135 2557 3205 τῆς
2587 3134 2732 3206 ζωῆς
2770 3137 2927 3208 ἡμῶν
2952 3138 3179 3207 ἄγγελον
3208 3142 3243 3211 ἡ
3275 3139 3622 3213 πολύδακρυς
3656 3143 3749 3197 καὶ
3779 3145 4024 3219 δυσώδης

2459 3227 2749 3297 ἀφίστησιν
2777 3232 3040 3293 ἁμαρτία.

2539 3311 2600 3364 '0
2620 3312 2888 3374 κοπιάσας
2923 3315 2981 3365 ὲν
3010 3313 3277 3384 τῴ,αἰῶνι
3314 3326 3511 3387 τουτῳ,
3543 3325 3769 3389 ζήσεται
3804 3330 3888 3385 εἰς
3934 3329 4021 3377 τέ-

2456 3401 2568 3465 λος.
2606 3402 2664 3455 ’0
2692 3401 2748 3454 δὲ
2778 3406 2837 3455 ὲν
2858 3406 3036 3474 τρυφῇ
3063 3405 3159 3459 καὶ
3206 3405 3427 3460 ἐκλύσει
3472 3408 3623 3481 πασῃ
3669 3409 3899 3480 διάγων,
3934 3415 4022 3469 διὰ

2455 3491 2518 3543 τὸ
2546 3489 2883 3561 ἁϐροδίαιτον
2931 3494 3220 3565 πορφύραν
3260 3496 3356 3549 καὶ
3407 3495 3603 3566 βύσσον
3650 3499 4018 3573 ἐνδεδυμένος,

2455 3582 2550 3634 καὶ
2585 3581 3009 3651 εὐφραινόμενος
3037 3584 3158 3638 καθ’
3183 3585 3400 3657 ἡμέραν
3436 3586 3724 3660 λαμπρῶς,
3762 3594 3864 3645 καὶ
3891 3595 4018 3663 φεύ-

2454 3688 2567 3741 γων
2587 3673 2713 3737 τοὺς
2739 3673 2876 3745 ὑπὲρ
2905 3675 3110 3747 ἀρετῆς
3139 3677 3440 3746 καμάτους,
3466 3680 3590 3734 οὒτε
3630 3683 3930 3739 ἐκοπίασεν
3957 3690 4014 3741 ἐν

2454 3762 2529 3834 τῷ
2550 3762 2706 3817 αἰῶνι
2732 3765 2928 3835 τούτῳ,
2954 3764 3079 3818 οὔτε
3106 3764 3334 3837 ζήσεται
3362 3768 3421 3820 ἐν
3453 3769 3530 3839 τῷ
3564 3770 3812 3840 μέλλοντι
3838 3814 3853 3836 ,
3880 3776 4015 3828 ἀλλὰ

2455 3856 2671 3926 μακρὰν
2694 3856 2885 3927 ὄψεται
2910 3858 3010 3929 τὴν
3036 3856 3200 3929 ζωὴν,
3228 3858 3651 3932 βασανιζόμενος
3677 3867 3737 3916 ἐν
3759 3868 3829 3936 τῇ
3854 3866 4013 3935 φλογὶ

2451 3951 2550 4017 τῆς
2570 3947 2820 4018 καμίνου.

2523 4038 2732 4108 Ὥσπερ
2757 4040 2790 4108 ἡ
2817 4036 2944 4091 σκιά
2975 4037 3053 4109 τῷ
3078 4037 3312 4110 σώματι,
3356 4040 3495 4093 οὕτω
3544 4043 3665 4105 ταῖς
3709 4042 3910 4115 ψυχαῖς
3953 4046 4010 4099 αἱ

2451 4129 2716 4200 ἁμαρτίαι
2750 4129 3106 4199 παρέπονται,
3129 4129 3379 4199 ἐναργεῖς
3413 4130 3511 4193 τὰς
3545 4131 3770 4201 πράξεις
3800 4133 4009 4196 ἐξεικο-

2449 4220 2708 4284 νίζουσαι,

2517 4309 2733 4381 Οὖπωή
2773 4310 3034 4380 καταδίκη
3061 4309 3328 4375 ἐνεπόδιξε
3372 4314 3436 4382 τῇ
3477 4310 3699 4380 εὖθηνία
3726 4312 3826 4380 τῆς
3877 4312 4003 4383 γῆς.

2448 4403 2802 4475 Πρεσϐυτέρα
2830 4402 2936 4471 γὰρ
2967 4401 3100 4471 αὕτη
3131 4402 3228 4471 τῆς
3254 4402 3547 4471 ἁμαρτίας,
3568 4402 3635 4455 δι’
3656 4403 3725 4470 ἢν
3748 4404 4006 4473 κατεκρίο

803 4505 948 4559 cnitn
1003 4504 1279 4571 antiquior
1333 4512 1452 4557 erat
1502 4513 1750 4572 peccato,
1812 4513 2034 4572 propter
2082 4503 2227 4572 quod
2282 4516 2345 4558 ea
2379 4494 2469 4579 οὒ

2339 4494 2620 4579 ιηθημεν
2653 4495 2710 4544 ἐν
2756 4493 2939 4563 ἱδρῶτι
2977 4492 3070 4544 τοῦ
3127 4492 3413 4560 προσώπου
3460 4492 3613 4561 ἡμῶν
3662 4491 3863 4543 ἐσθίειν
3912 4493 4005 4545 τὸν

802 4610 961 4665 pmua
1008 4595 1221 4648 multati
1275 4592 1487 4660 sumus,
1538 4604 1597 4647 ut
1639 4610 1836 4663 panem
1871 4606 2117 4649 nostrum
2147 4594 2348 4650 sudore
2380 4577 2394 4579 —
2448 4587 2468 4638 ἀ

2338 4617 2348 4649 ι
2380 4577 2394 4579 —
2448 4585 2630 4653 ἄρτον.
2667 4582 2811 4651 Πλὴν
2832 4582 2891 4634 τὸ
2912 4582 3062 4652 ῥόδον
3085 4581 3213 4635 ἄνευ
3235 4581 3475 4650 ἀκάνθης
3496 4577 3562 4650 ἦν
3590 4581 3746 4633 πότε’
3776 4579 4004 4650 ὕστερον

803 4684 991 4737 vultus
1052 4682 1484 4736 comederemus.
1525 4680 1795 4735 Caeterum
1843 4695 1967 4734 rosa
2003 4683 2132 4736 olim
2176 4685 2348 4753 spina:

694 4838 701 4850 ο
804 4788 1001 4842 expers
1024 4780 1143 4826 erat
1179 4789 1192 4825 :
1226 4780 1350 4841 pust
1397 4780 1604 4836 autem,
1653 4771 1805 4826 floris
1843 4772 2129 4840 elegantia:
2151 4774 2346 4840 adjun-

803 4875 889 4919 cta
921 4866 1074 4936 spina
1123 4872 1229 4929 est,
1281 4873 1342 4919 ut
1384 4863 1724 4934 jucunditati
1762 4863 2001 4917 vicinum
2057 4878 2345 4919 maerorem

804 4959 1121 5019 habeamus,
1184 4956 1372 5025 sicque
1430 4964 1716 5026 peccatum
1787 4955 1947 5009 nobis
2000 4954 2055 5007 in
2111 4961 2345 5007 utentem

806 5047 1005 5110 veniat,
1035 5046 1193 5115 cujus
1220 5060 1382 5100 causa
1410 5053 1614 5099 terram
1639 5044 1824 5114 spinas
1848 5053 1902 5098 et
1931 5042 2163 5097 tribulos
2189 5043 2346 5098 nobis

803 5138 1049 5208 proferre
1077 5151 1304 5192 necesse
1332 5135 1421 5190 sit.
1584 5194 1587 5195 ν

880 5229 940 5286 1η
994 5228 1246 5283 Hexaem.
1296 5227 1389 5283 lib.
1438 5243 1512 5282 vi.
1544 5256 1607 5265 —
1636 5225 1692 5280 Si
1741 5235 2039 5294 conspectu
2078 5226 2211 5280 solis
2260 5241 2346 5280 sa-

805 5319 929 5373 tiari
988 5335 1095 5372 non
1143 5333 1464 5389 possumus,
1515 5333 1622 5388 qua
1672 5317 1889 5371 tandem
1940 5316 2346 5386 pulchritudine

805 5410 1007 5479 fulgeat
1054 5419 1267 5479 oportet
1299 5409 1391 5465 Sol
1445 5411 1534 5464 ille
1576 5408 1842 5479 justitiaa?
1890 5407 1946 5461 Si
1986 5422 2131 5462 caeco
2173 5407 2344 5461 detri-

802 5509 1046 5556 mentum
1096 5509 1181 5557 est
1229 5503 1398 5556 solem
1452 5501 1600 5554 illum
1655 5512 2043 5562 uomeernere,
2076 5507 2342 5567 quantum

802 5592 1023 5648 tandem
1068 5593 1351 5662 peccaturi
1369 5592 1626 5646 danmum
1663 5597 1746 5645 cst
1778 5604 1903 5644 vera
1945 5590 2048 5644 hac
2076 5588 2199 5643 luce
2231 5586 2342 5656 pri-

801 5682 945 5737 vari!

870 5770 957 5826 Ea:
980 5788 1166 5824 canon.
1203 5774 1411 5827 constil.
1448 5805 1511 5813 ——
1544 5774 1717 5829 Grave
1748 5784 1829 5828 est
1856 5779 2163 5843 peccatum,
2197 5769 2340 5842 quod

2445 4676 2501 4728 δὲ
2523 4675 2601 4745 τῷ
2623 4676 2805 4728 κάλλει
2837 4675 2931 4729 τοῦ
2963 4674 3153 4737 ἄνθους
3178 4674 3388 4743 ἁκάνθη
3425 4671 3776 4743 συνεζεύχθη,
3806 4672 3895 4725 ἵνα
3923 4673 4004 4743 τῷ

2444 4764 2658 4836 τέρπνῳ
2686 4766 2785 4835 τῆς
2836 4764 3187 4826 ἀπολαύσεως
3214 4764 3443 4832 ἔγγυθεν
3490 4761 3700 4832 ἔχωμεν
3729 4777 4002 4830 παρακει-

2450 4856 2616 4926 μένην
2642 4855 2740 4926 τὴν
2774 4855 2966 4925 λύπην,
3023 4856 3357 4925 μεμνημένοι
3386 4853 3483 4923 τῆς
3513 4851 3806 4922 ἁμαρτίας,
3838 4852 3903 4904 δι’
3933 4854 4004 4920 ἣν

2446 4948 2683 5011 ἀκάνθας
2710 4948 2803 5002 καὶ
2830 4949 3111 5018 τριϐόλους
3145 4948 3274 5018 ἡμῖν
3296 4950 3327 5017 ἡ
3358 4946 3427 5016 γῆ
3448 4946 3758 5001 ἀνατέλλειν
3786 4945 4002 4998 κατεδι-

2445 5038 2639 5107 κάσθη.

2516 5224 2576 5274 Εἰ
2604 5223 2895 5291 ἀκόρεστος
2924 5220 3018 5273 τοῦ
3050 5221 3200 5289 ἡλίου
3231 5222 3418 5272 τούτου
3458 5221 3490 5287 ἡ
3522 5217 3640 5280 θέα,
3664 5216 3900 5275 ποταπὸς
3915 5216 3996 5281 τῷ

2444 5313 2630 5367 κάλλει
2660 5314 2689 5364 ὁ
2714 5313 2812 5382 τῆς
2850 5311 3191 5380 δικαιοσύνης
3233 5311 3458 5372 ’Ἢλιος;
3493 5308 3555 5361 El
3607 5307 3789 5375 τυφλῷ
3819 5306 3995 5376 ζημία

2444 5403 2633 5455 τοῦτον
2659 5404 2733 5474 μὴ
2757 5403 2990 5472 βλέπειν,
3022 5400 3236 5472 ποταπὴ
3262 5401 3430 5472 ζημία
3457 5398 3535 5468 τῷ
3564 5397 3875 5471 ἁμαρτωλῷ
3894 5396 3994 5450 τοῦ

2444 5494 2692 5564 ἀληθινοῦ
2718 5495 2890 5564 φωτὸς
2919 5493 3270 5564 στερηθῆναι;

2513 5770 2709 5840 Βαρεῐα
2764 5770 3063 5841 ἠάμαρτὶα
3095 5811 3107 5833 ,
3158 5769 3485 5822 καθέλκουαα
3543 5770 3642 5838 τὴν
3690 5766 3869 5838 ψυχὴν
3906 5766 3991 5831 sic
