4218 6446
148 459 283 527 1161

1376 429 1611 489 SACRA
1648 417 2111 484 PARALLELA.

3246 393 3381 457 .1162

147 511 400 644 πυθμένα
430 567 578 639 ᾅδου.
608 562 683 614 Τὸ
722 554 1055 629 ἁμαρτάνειν
1103 547 1235 619 ἡμῖν
1274 544 1414 598 κατά
1442 538 1710 597 ἀπουσίαν
1739 554 1786 605 Α

1739 533 2054 605 Αιιιιὶιιιιιιιι
2118 529 2174 582 in
2228 523 2560 596 profundum
2614 516 2817 575 inferni
2877 515 3171 584 deprimat.
3230 511 3386 576 Quod

1823 634 2113 644 __‘--_...-
2200 632 2310 644 ...ι-
2369 611 2596 644 ..ιιηηλο
2650 609 2828 644 ηι-ἶιηι-
2898 622 3061 644 ηιιςιιιι
3098 604 3246 644 nnnd
3298 602 3386 644 nni

148 665 246 721 τοῦ
276 661 420 717 θείου
450 656 617 728 φόΰου
647 652 879 723 γίνεται.

230 865 293 917 El
327 860 423 933 μὲν
448 855 614 913 καλὸν
638 855 671 923 ἡ
704 846 969 920 ἁμαρτία,
1004 832 1491 933 φύλασσεῃταύτην
1530 833 1611 894 εἰς
1638 828 1726 933 τεο

1822 634 2140 695 peccemus,
2200 632 2312 671 non
2369 611 2597 669 aliunde
2650 609 2850 674 oritur,
2898 622 3062 677 quam
3098 604 3248 675 quod
3296 602 3391 657 Dei

1826 724 2009 770 metus
2047 728 2077 767 a
2107 710 2267 765 nobis
2307 708 2470 762 absit.

1902 830 2179 900 Ejusdem,
2211 823 2423 877 adhort.
2474 822 2543 875 ad
2594 819 2757 886 Bapt.
2785 848 2854 859 —
2877 812 3166 885 Siquidem
3194 824 3395 883 pecca-

156 908 758 1016 λοξίἘῗὲὲΠρλασέρί
784 908 866 1007 τίς)
909 908 1178 991 ποιοῦντι,
1219 926 1273 979 τί
1304 924 1585 994 ὲπιμένεις
1617 921 1729 981 τοῖς

1726 936 1729 971 τ
1826 934 1943 978 ιιιιιι
1986 922 2191 976 bonum
2222 918 2313 980 sit,
2350 914 2416 969 ad
2449 922 2755 968 extremum
2787 925 2965 981 usque
2994 908 3177 979 ipsum
3211 918 3392 962 serva.

157 1014 457 1112 ὀλεθρίοιςς
489 1014 663 1098 οὐδεὶς
716 1030 879 1101 χολὴν
927 1026 1121 1097 ἐμέσαι
1171 1019 1349 1089 ζητῶν
1384 1020 1447 1112 ὲκ
1486 1014 1731 1112 πονηρᾶς

1832 1016 1929 1069 Sin
1966 1020 2149 1066 autem
2183 1007 2556 1080 periculosum
2595 1012 2679 1059 est
2704 1005 2786 1059 eis
2816 1019 2847 1058 a
2881 1017 2992 1073 quo
3025 1006 3397 1073 perpetratur,

161 1090 457 1112 ""‘r"'vv
499 1090 511 1091 ί
645 1090 660 1098 -
718 1090 750 1101 η
835 1090 847 1100 .
962 1090 973 1097 .

161 1140 260 1192 καὶ
283 1132 583 1189 ἀκολάστου
619 1126 852 1195 διαίτης,
882 1114 1287 1174 πολυπλασίονα
1320 1108 1525 1177 ταύτην
1555 1104 1733 1174 ἐαυτῷ

1831 1094 1933 1163 cur
1960 1107 2016 1159 in
2050 1104 2139 1157 his
2168 1117 2291 1172 qua:
2318 1099 2555 1153 exitiosa
2605 1103 2761 1158 sunt,
2822 1093 3185 1165 perseveras?
3226 1090 3400 1145 Nemo

162 1227 501 1300 θησαυρίζει.

240 1523 383 1577 Νοῦν
416 1539 508 1573 σου
542 1517 640 1586 τὴν
667 1510 980 1583 ὑπέρθεσιν,
1012 1502 1114 1559 κᾶν
1143 1494 1459 1570 περιστείλῃ
1494 1494 1605 1555 τοῖς
1640 1490 1739 1561 ῥή-

1834 1200 2001 1255 bilem
2029 1210 2280 1252 evomere
2310 1206 2584 1263 quaerens.
2630 1188 2764 1244 illud
2796 1187 2909 1256 agit
2940 1202 3049 1256 quo
3075 1200 3170 1255 per
3195 1184 3398 1239 malam

1834 1298 1892 1346 et
1916 1290 2374 1357 intemperantem
2412 1283 2599 1338 victus
2640 1278 2914 1335 rationem
2964 1274 3249 1346 copiosius
3280 1287 3401 1328 eam

1838 1381 1945 1437 sibi
1983 1388 2230 1451 oggerat.

1911 1486 2469 1546 Ibid.—-Dilationis
2519 1491 2628 1538 tum
2688 1497 2913 1537 causam
2967 1479 3250 1550 intelligo;
3302 1480 3409 1534 etsi

174 1629 376 1687 μασιν·
412 1610 554 1665 αὐτά
590 1606 691 1676 βοᾷ
739 1603 807 1656 τὰ
835 1600 1157 1672 πράγματα,
1200 1591 1305 1644 κᾶν
1341 1591 1408 1659 τῇ
1435 1587 1586 1687 φωνῇ
1619 1598 1744 1633 σιω-

1842 1585 2027 1640 verbis
2062 1597 2183 1637 eam
2217 1579 2455 1649 obtegis.
2502 1575 2612 1631 Res
2660 1574 2792 1643 ipsa:
2844 1575 3107 1636 clamant.
3156 1573 3412 1644 quamvis

1882 1678 1894 1687 -
1923 1676 1954 1687 η
2294 1686 2331 1687 η
2748 1682 2768 1687 -
2796 1664 2810 1687 .
2845 1665 3022 1687 ._-__,,.
3063 1664 3412 1687 -.___‘_____

324 1664 557 1760 -Ἕασον,
589 1664 1065 1764 ἀποχρήσομαιήτῇ
1090 1681 1252 1753 σαρκὶ
1279 1679 1417 1750 πρὸς
1443 1671 1745 1768 ἀπόλαυσιν

1843 1676 2181 1731 obticeseas.
2210 1671 2363 1735 Siue,
2390 1669 2599 1739 inquis.
2649 1675 2709 1720 ut
2744 1664 2812 1720 ad
2844 1665 3027 1734 turpia
3059 1664 3414 1733 obscenaque

172 1764 285 1850 τείν
306 1792 565 1863 αἰσχρῶν.
613 1778 948 1854 Ἐγκυλισθῶ
972 1776 1051 1847 τῷ
1086 1774 1329 1845 βορϐόρῳ
1366 1768 1474 1821 τῶν
1504 1760 1706 1834 ἡδονῶν
1728 1775 1744 1790 ο

1845 1771 2253 1824 oblectamenta
2296 1778 2464 1818 carne
2497 1762 2724 1826 abutar,
2768 1766 2827 1813 ut
2851 1761 2905 1814 iu
2939 1756 3285 1833 voluptatum
3320 1773 3416 1812 voc

176 1886 399 1956 αίμάξω
426 1862 524 1945 τὰς
554 1882 772 1951 χεῖρας-⁸
808 1871 1094 1941 ἀφέλωμαι
1125 1868 1192 1920 τά
1221 1862 1480 1931 ἀλλότρια
1501 1873 1516 1887 ·
1548 1870 1746 1956 πορευο

178 1982 259 2035 θῶ
278 1978 486 2039 δολίως,
513 1970 845 2040 ἐπιορκήσω,
874 1964 1182 2031 ψεύσωμαι,
1213 1957 1310 2011 καὶ
1331 1954 1450 2007 τότε
1481 1946 1744 2021 μετανοῶ.

179 2076 326 2144 Ὅρα
350 2069 424 2140 μὴ
444 2065 530 2119 ἐπ’
552 2062 723 2116 ἐλπίδι
756 2059 854 2129 τῆς
878 2051 1306 2123 ἀπολυτρώσεως
1339 2044 1540 2115 πλῆθος
1563 2037 1749 2093 κακῶν

182 2128 614 2227 συλλεξάμενος,
654 2150 753 2219 τὴν
793 2128 891 2217 μὲν
942 2142 1215 2213 ἁμαρτίαν
1254 2134 1533 2205 ἀθροίσῃς,
1562 2129 1662 2199 τῆς
1694 2128 1752 2181 δὲ

183 2251 585 2322 συγχωρήσεως
610 2240 911 2311 ἁποτὺχῃς.
948 2242 951 2247 ⁷

257 2471 390 2532 Θεὸς
416 2469 477 2521 οὐ
533 2461 943 2536 μυκτηρίζεται.
979 2456 1071 2524 Μὴ
1104 2451 1412 2525 ὲμπορεύου
1442 2449 1541 2517 τὴν
1575 2446 1755 2515 χάριν.

187 2568 283 2633 Mr;
311 2563 470 2632 εἴπης
492 2577 503 2589 ·
536 2558 701 2619 καλὸς
734 2556 830 2625 μὲν
867 2554 896 2605 ὁ
922 2550 1115 2619 νόμος,
1162 2545 1276 2599 ἀλλ’
1304 2542 1467 2613 ἡδίων
1511 2542 1544 2610 ἠ
1582 2540 1762 2608 ἀμαρ-

188 2660 282 2711 τία
305 2673 318 2687 ’
348 2654 507 2726 ἡδονὴ
539 2648 832 2720 ἄγγιστρόν
870 2647 1017 2697 ἐστιν
1064 2638 1157 2693 τοῦ
1191 2637 1439 2692 διαϐόλου
1474 2634 1608 2706 πρὸς
1657 2633 1763 2684 ἀπ-

189 2751 390 2803 ώλειαν
432 2746 622 2799 ἕλκον·
659 2739 822 2811 ἡδονὴ
887 2739 1066 2807 μήτηρ
1112 2733 1213 2800 τῆς
1272 2727 1567 2800 ἁμαρτίας,
1628 2726 1657 2788 ἡ
1704 2722 1761 2769 δὲ

194 2843 443 2914 ἁμαρτία
491 2839 551 2891 τὸ
602 2810 825 2902 κέντρον
879 2831 995 2881 ἐστὶ
1044 2827 1296 2873 θανάτου.
1344 2814 1538 2914 Ἡδονὴ
1566 2810 1765 2914 τροιρός

196 2902 331 2986 ιᾶτί
351 2934 445 2981 τοῦ
476 2926 692 2979 αἰωνίου
724 2918 1025 2988 σκώληκος,
1076 2916 1110 2983 ἢ
1141 2912 1277 2981 πρὸς
1313 2907 1502 2976 καιρὸν
1548 2902 1767 2958 καταλιο

200 3022 386 3075 παίνει
406 3019 497 3070 τὸν
519 3013 920 3085 ἁμαρτάνοντα,
962 3006 1189 3073 ὕστερον
1227 3003 1283 3054 δὲ
1317 2997 1648 3068 πικροτέρας
1676 3012 1767 3065 χο-

200 3113 303 3181 λῆς
330 3110 565 3160 ποιεῖται
592 3104 691 3165 τὰς
718 3099 1021 3160 ἀναδόσεις.
1051 3095 1217 3147 Οὐδὲν
1249 3092 1375 3146 ἄλλο
1412 3091 1508 3161 βοᾷ
1534 3091 1566 3160 ἡ
1598 3088 1768 3181 ὑπερ-

205 3174 377 3265 θενσις,
402 3200 433 3269 ἢ
455 3197 626 3250 ταῦτα
649 3211 659 3221 ·
688 3189 1058 3263 βασιλευσάτω
1079 3190 1136 3239 ἐν
1159 3186 1282 3253 ἐμοὶ
1307 3186 1339 3253 ἡ
1362 3182 1629 3253 ἁμαρτία,
1651 3174 1768 3233 εἶτα

1848 1862 1994 1915 luter
2040 1874 2225 1923 emno,
2278 1863 2340 1911 ut
2384 1870 2583 1910 manus
2622 1861 2934 1915 eruentem,
2994 1858 3055 1905 ut
3102 1850 3281 1905 aliena
3326 1865 3419 1903 ra-

1856 1956 2025 2025 piam,
2077 1960 2140 2005 ut
2186 1948 2415 2005 subdole
2463 1945 2736 2008 incedam,
2779 1952 2838 1997 ut
2869 1943 3131 2013 pejerem,
3166 1952 3221 1997 et
3264 1959 3421 1998 men-

1857 2047 1985 2109 tiar,
2036 2053 2278 2112 tuncque
2328 2038 2711 2111 pmnitentiam
2760 2050 2936 2105 agam.
2991 2034 3126 2089 Vide
3168 2050 3256 2102 ne,
3291 2038 3420 2089 dum

1859 2153 1956 2208 spe
1989 2136 2163 2191 venia:
2215 2143 2565 2205 peccatorum
2616 2145 2809 2201 agmen
2863 2127 3101 2196 colligis.
3140 2136 3424 2205 peceatum

1859 2230 2081 2301 quidem
2118 2227 2387 2291 cumules,
2441 2224 2656 2278 veniam
2711 2233 2891 2277 autem
2956 2219 3179 2275 minime
3229 2235 3427 2275 conse-

1862 2320 2077 2392 quaris.

1939 2453 2078 2507 Ibid.
2122 2481 2193 2493 -
2235 2450 2379 2505 Deus
2411 2464 2519 2503 non
2576 2446 2841 2502 irridetur
2873 2446 3088 2515 (Calai.
3119 2462 3195 2512 vt,
3230 2446 3320 2515 7).
3352 2444 3433 2501 Ne

1867 2548 2055 2619 gratia:
2110 2552 2480 2599 mercaturam
2537 2541 2728 2595 facias.
2765 2538 2843 2594 Ne
2876 2540 3052 2605 dicas,
3096 2540 3179 2595 lex
3209 2539 3431 2610 quidem

1869 2644 2013 2697 bona
2047 2646 2130 2689 est
2171 2655 2185 2685 τ
2236 2636 2334 2686 sed
2370 2632 2679 2699 jucundius
2711 2640 2795 2683 est
2824 2641 3133 2698 peccatum.
3164 2632 3434 2700 Voluptas

1869 2730 2070 2783 bamus
2113 2723 2316 2779 diaboli
2356 2729 2466 2785 est,
2498 2722 2566 2777 ad
2595 2721 2825 2776 exitium
2874 2723 3121 2779 trahens.
3167 2722 3435 2796 Voluptas

1872 2828 2047 2874 mater
2077 2824 2162 2872 est
2205 2815 2443 2886 peccati,
2478 2813 2742 2877 stimulus
2790 2813 3291 2886 mortis.Voluptas
3315 2833 3439 2873 ver-

1873 2911 1979 2966 mis
2004 2909 2196 2963 zeterni
2267 2906 2455 2961 nutrix
2508 2914 2618 2967 est,
2673 2919 2784 2974 qua
2820 2905 2887 2959 ad
2939 2906 3106 2962 breve
3159 2907 3434 2979 quoddam

1873 3013 2090 3071 tempus
2127 3009 2415 3072 peceatum
2445 3000 2765 3068 saginatur;
2814 2986 2941 3070 post
2983 3010 3165 3056 autem
3197 3002 3437 3057 amario-

1875 3111 1961 3149 res
1992 3094 2116 3151 felle
2138 3103 2332 3149 ructus
2360 3099 2563 3148 movet.
2603 3090 2747 3147 Nihil
2783 3092 2936 3147 aliud
2963 3092 3159 3148 dilatio
3197 3094 3439 3160 clamat,
3487 3106 3491 3113 ’

1877 3188 1983 3242 nisi
2014 3188 2121 3241 ista
2155 3200 2171 3239 :
2222 3184 2434 3257 Regnet
2489 3186 2545 3239 in
2586 3201 2671 3240 me
2702 3193 3029 3255 peccatum;
3081 3187 3312 3258 posthac
3337 3190 3440 3243 ali-

209 3293 516 3365 βασιλεύσει
552 3286 682 3338 ποτε⁹
716 3284 811 3337 καὶ
852 3284 880 3334 ὁ
911 3279 1132 3350 Κύριος.
1180 3276 1525 3348 Παραστήσω
1555 3290 1654 3343 μου
1702 3272 1773 3325 τὰ
1799 3277 1842 3336 c
1874 3310 1875 3319 η

1799 3277 1842 3336 C
1874 3278 2099 3349 quando
2130 3293 2351 3350 quoque
2378 3277 2645 3333 Dominus
2669 3277 2943 3348 regnabit.
2970 3278 3255 3334 Exhibebo
3273 3296 3440 3335 mem-

211 3384 349 3456 μέλη
378 3381 515 3434 ὅπλα
542 3376 754 3437 ἀδικίας
777 3376 844 3443 τῇ
879 3373 1073 3441 ἀνομίᾳ
1101 3370 1253 3427 ποτὲ,
1291 3369 1386 3420 καὶ
1406 3366 1546 3419 ὅπλα
1568 3366 1777 3417 δικαιο-

212 3476 381 3543 σύν-ης
410 3471 546 3524 αὑτά
572 3469 650 3538 τῷ
673 3466 810 3536 Θεῷ.
840 3464 994 3515 Οὕτω
1022 3462 1115 3514 καὶ
1142 3462 1170 3512 ὁ
1196 3462 1333 3514 Κάῖν
1356 3458 1663 3529 προσέφερε
1682 3456 1781 3520 τὰς

211 3567 426 3627 θυσίας,
464 3564 532 3615 τὰ
556 3560 746 3630 πρῶτα
777 3559 841 3626 τῇ
875 3554 1172 3608 ἀπολαύσει
1195 3555 1261 3623 τῇ
1294 3550 1488 3605 ἑαυτοῦ
1512 3594 1527 3617 ,
1559 3552 1627 3606 τὰ
1661 3551 1783 3605 δεύ-

211 3671 353 3725 τερα
377 3651 455 3721 τῷ
478 3650 723 3701 κτίσαντι
744 3648 838 3698 καὶ
866 3642 1244 3711 δωρησαμένῳ
1274 3640 1413 3710 Θεῷ.
1454 3640 1582 3692 Ὅτε
1622 3640 1784 3693 δυνα-

214 3748 307 3808 τὸς
339 3740 388 3797 εἷ
439 3745 497 3795 ἐν
534 3742 737 3811 ἔργοις,
793 3736 893 3805 τὴν
928 3734 1160 3805 νεότητά
1194 3750 1286 3786 σου
1317 3735 1439 3794 ταῖς
1486 3733 1785 3803 ἁμαρτίαις

218 3833 710 3908 προσαναλίσκειςο
764 3829 891 3881 ὅταν
942 3826 1208 3897 ἀποκάμῃ
1254 3825 1323 3878 τὰ
1388 3825 1616 3895 ὄργανα,
1665 3824 1787 3876 τότε

220 3930 517 3999 προσάγεις
550 3924 686 3977 αὺτά
719 3920 798 3990 τῷ
828 3919 968 3989 Θεῷ,
1000 3920 1089 3972 ὅτε
1119 3922 1197 3982 εἰς
1227 3918 1381 3971 οὐδέν
1408 3920 1559 3971 ἐστιν
1604 3919 1789 3977 αὐτοῖς

221 4016 549 4091 χρήσασθαι,
584 4013 697 4065 ἀλλ’
720 4012 931 4081 ἀνάγκη
965 4010 1197 4072 κεῖσθαι,
1224 4010 1311 4063 διὰ
1338 4010 1430 4062 τὸν
1461 4011 1524 4062 ὲκ
1546 4008 1641 4061 τοῦ
1665 4008 1789 4079 χρό-

222 4127 317 4164 νου
352 4106 637 4178 μαρασμὺν
682 4103 1085 4174 παραλυθέντος
1115 4102 1208 4154 τοῦ
1247 4102 1422 4155 τόνου.
1465 4100 1529 4153 Ἢ
1554 4102 1613 4154 ὲν
1644 4102 1794 4172 γήρα

226 4197 575 4269 σωφροσύνη.
606 4197 667 4248 οὐ
702 4194 1025 4265 σωφροσύνη
1048 4234 1063 4256 .
1110 4194 1226 4247 ἀλλ’
1263 4193 1561 4255 ἀκολασίας
1594 4192 1791 4246 ἀδυνα-

228 4290 329 4361 μία
351 4305 366 4319 ·
398 4289 586 4357 νεκρὸς
602 4289 662 4338 οὐ
695 4284 1073 4353 στεφανοῦται.
1094 4316 1099 4321 ι
1121 4286 1307 4348 Οὐδεὶς
1346 4286 1549 4349 δίκαιος
1573 4286 1640 4338 δι’
1670 4286 1796 4336 ἀδυ-

228 4381 432 4452 ναμίαν
458 4379 550 4431 τοῦ
580 4377 773 4432 κακοῦ.
816 4377 960 4437 Ἕως
998 4378 1116 4429 ἐστὶ
1162 4378 1412 4446 δύναμις,
1436 4378 1579 4447 λόγῳ
1605 4376 1796 4447 κράτει

227 4476 327 4542 τῆς
359 4472 654 4541 ἁμαρτίας.
689 4470 859 4523 Τοῦτο
885 4471 992 4539 γάρ
1017 4472 1164 4521 ἐστιν
1190 4469 1379 4538 ἀρετὴ,
1420 4468 1661 4531 ἔκκλισις
1689 4468 1798 4521 ἀπὸ

231 4563 429 4624 κακοῦ,
456 4562 549 4613 καὶ
574 4560 790 4629 ποίησις
828 4557 1057 4625 ἀγαθοῦ.
1102 4559 1165 4629 Ἡ
1202 4558 1259 4610 δὲ
1288 4558 1455 4627 ἀργία
1486 4560 1585 4628 τῆς
1635 4574 1800 4627 πονη-

1880 3371 1977 3425 bra
2010 3385 2128 3424 mea
2162 3383 2314 3423 arma
2363 3368 2653 3437 iniustitiae
2698 3366 2767 3422 ad
2817 3368 3207 3439 iniquitatem,
3245 3370 3444 3425 deinde

1878 3478 1941 3517 ea
1974 3462 2143 3516 etiam
2182 3461 2295 3515 Deo
2341 3470 2681 3515 armaturam
2738 3461 3017 3531 pmbebo.
3051 3462 3145 3517 Sic
3179 3462 3443 3517 nimirum

1878 3554 2013 3610 Cain
2049 3569 2271 3624 quoque
2300 3552 2570 3609 sacrificia
2604 3553 2889 3618 offerebat,
2936 3555 3112 3623 prima
3143 3554 3362 3624 quidem
3394 3565 3451 3611 et

1881 3647 2266 3717 prtestantiora
2297 3646 2426 3701 usui
2464 3660 2567 3699 suo
2606 3653 2661 3700 et
2705 3645 2995 3715 voluptati,
3044 3646 3287 3701 secunda
3320 3662 3452 3702 vero

1882 3748 1937 3791 et
1970 3739 2246 3793 deteriora
2284 3738 2562 3792 conditori
2600 3747 2655 3793 et
2699 3737 2957 3792 donatori
3014 3737 3148 3796 Deo.
3187 3737 3324 3793 Dum
3369 3740 3454 3793 vi-

1884 3829 2035 3884 rilms
2089 3829 2156 3882 ad
2212 3829 2551 3896 operandam
2622 3828 2819 3899 polles,
2864 3827 3167 3898 juvenilem
3239 3840 3454 3886 aetatem

1886 3929 2032 3973 tuam
2093 3919 2147 3973 in
2201 3921 2444 3988 peccatis
2502 3921 2787 3976 consumis
2834 3938 2850 3975 :
2895 3936 3022 3976 cum
3088 3923 3452 3978 instrumenta

1888 4013 2278 4084 elangucrunt.
2332 4024 2449 4068 tum
2498 4015 2617 4085 ipsa
2670 4014 2782 4070 Deo
2828 4014 3017 4080 oﬂ‘ers,
3053 4015 3158 4070 hoc
3188 4026 3293 4079 est,
3330 4031 3456 4070 eum

1892 4106 2024 4159 nulli
2050 4106 2163 4175 jam
2196 4106 2320 4160 usui
2351 4114 2516 4169 sunt;
2562 4108 2695 4173 quin
2747 4117 2803 4157 ut
2832 4107 3059 4173 jaceant
3094 4121 3322 4162 necesse
3353 4115 3458 4170 est,

1891 4196 2067 4251 fracto
2098 4198 2359 4248 videlicet
2388 4195 2575 4262 vigore
2606 4202 2831 4263 propter
2862 4195 3044 4249 tabem
3093 4196 3461 4254 diuturnitate

1894 4286 2163 4355 temporis
2190 4293 2556 4340 contractam.
2595 4286 2762 4356 338
2807 4286 2971 4356 Atqui
3019 4289 3207 4343 senilis
3231 4291 3462 4347 castitas

1896 4394 2007 4433 non
2037 4389 2145 4439 est,
2181 4392 2367 4431 verum
2403 4378 2647 4432 libidinis
2687 4380 3035 4449 impotentia.
3074 4379 3324 4436 Mortuus
3351 4399 3460 4437 non

1899 4472 2136 4525 donatur
2195 4484 2421 4523 corona.
2479 4467 2648 4521 Nemo
2689 4470 2759 4521 oh
2820 4470 3170 4539 perpetrandi
3232 4473 3463 4529 sceleris

1904 4560 2332 4615 imbecillitatem
2360 4560 2542 4629 justus
2569 4570 2849 4614 censetur.
2883 4559 3020 4614 Dum
3051 4561 3262 4617 viribus
3292 4564 3462 4631 vales,

236 4656 377 4727 ρίας,
411 4651 537 4705 οὔτε
564 4652 801 4703 ἐπαίνων
830 4652 968 4719 αὐτὴ
990 4650 1108 4702 καθ’
1136 4651 1354 4718 ἑαυτὴν,
1380 4648 1504 4702 οὔτε
1526 4649 1797 4711 κολάσεως
1832 4622 1876 4678 D

1794 4622 1990 4709 'Dfae
2040 4654 2273 4707 rationis
2323 4668 2426 4722 ope
2452 4661 2737 4722 peccatmu
2793 4654 3003 4707 vineas.
3056 4654 3114 4707 In
3168 4654 3269 4711 hoc
3315 4658 3460 4712 enim

234 4744 504 4812 ἀξιοῦται.
552 4743 682 4819 Ἰξὶάν
709 4742 777 4793 δι’
806 4741 1025 4811 ἡλικίαν
1052 4740 1237 4811 παύσῃ
1262 4742 1358 4808 τῆς
1384 4740 1678 4809 ἁμαρτίας,
1706 4742 1803 4809 τῆς

233 4837 522 4898 ἀσθενείας
547 4837 580 4904 ἡ
618 4836 798 4905 χάρις.
840 4832 1197 4902 Ἐπαινοῦμεν
1219 4834 1276 4885 δὲ
1302 4834 1425 4895 τοὺς
1446 4833 1587 4885 κατά
1620 4833 1807 4902 προαί-

240 4946 392 5001 ρεσιν
426 4926 683 4995 ἀγαθοὺς,
724 4927 785 4978 οὐ
810 4926 931 4989 τοὺς
966 4926 1069 4977 ὑπὸ
1095 4925 1339 4992 ἀνάγκης
1368 4926 1803 4995 ἐξειργομένους.

236 5022 336 5083 Τίς
359 5022 414 5073 δέ
446 5037 527 5073 σοι
553 5020 645 5072 καὶ
670 5019 760 5072 τὸν
791 5019 913 5089 ὅρον
946 5019 1042 5085 τῆς
1078 5018 1219 5086 ζωῆς
1251 5018 1477 5086 ἕπηξεν;
1511 5020 1562 5072 τί
1603 5036 1683 5071 σοι
1709 5017 1806 5088 τὴν

241 5112 581 5183 προθεσμίαν
612 5112 704 5165 τοῦ
733 5113 919 5187 γήρως
950 5110 1182 5181 ὦρισενς
1215 5111 1294 5173 τίς
1319 5105 1472 5173 οὗτος
1499 5111 1807 5175 ἀξιόπιστος

241 5206 397 5276 παρά
427 5222 509 5256 σοι
540 5205 647 5256 τῶν
684 5204 985 5273 μελλόντων
1013 5205 1288 5273 ἐγγυητής
1313 5221 1328 5267 ;
1358 5204 1455 5273 οὐχ
1484 5206 1615 5274 ὁρᾷς
1640 5206 1808 5273 νήπια

242 5296 640 5367 ἁρπαζόμενα;
672 5295 800 5356 τοὺς
826 5297 884 5346 ὲν
913 5295 1097 5365 ἡλικίᾳ
1134 5295 1545 5364 ἀπαγομένους;
1578 5296 1677 5347 οὐκ
1699 5296 1810 5366 ἔχει

246 5388 379 5460 μίαν
414 5388 749 5457 προθεσμίαν
773 5388 803 5438 δ
848 5386 980 5457 βίος.
1011 5387 1076 5439 Τί
1120 5388 1406 5455 ἀναμένεις
1457 5387 1694 5455 πυρετοῦ
1728 5405 1812 5441 σοι

242 5479 418 5549 δῶρον
448 5477 700 5547 γενέσθαι
730 5477 829 5547 τὴν
862 5478 1172 5547 μετάνοιαν,
1206 5477 1294 5529 ὅτε
1319 5476 1442 5530 οὔτε
1475 5476 1811 5546 φθέγξασθαι

242 5570 473 5638 δυνήσῃ,
517 5569 659 5636 τάχα
708 5566 765 5619 δὲ
800 5566 921 5619 οὐδὲ
977 5565 1229 5626 ἀκοῦσαι,
1256 5565 1317 5617 οὐ
1345 5567 1533 5635 χεῖρας
1572 5560 1701 5633 ἆραι
1730 5565 1809 5627 εἰς

246 5662 373 5721 τοὺς
404 5659 685 5729 οὐρανοὺς,
711 5658 814 5709 οὐκ
838 5657 928 5709 ἐπὶ
955 5657 1122 5719 πόδας
1149 5656 1519 5726 διαναστῆναι,
1547 5656 1607 5708 οὺ
1634 5654 1810 5709 κλῖναι

249 5752 378 5817 γόνυ
408 5752 485 5813 εἰς
512 5750 609 5821 τὴν
638 5748 1024 5820 προσκὼησιν.

1902 4748 2079 4818 posita
2110 4748 2283 4801 virtus
2331 4754 2449 4807 est;
2480 4753 2539 4798 ut
2589 4746 2717 4813 quis
2761 4744 3004 4799 declinet
3045 4761 3073 4798 a
3109 4747 3270 4811 malo,
3299 4755 3355 4802 et
3386 4747 3465 4801 fa-

1904 4840 2027 4892 ciat
2052 4840 2275 4891 h0num.
2312 4836 2447 4890 Nam
2482 4836 2686 4905 alioqui
2719 4836 2999 4891 abstinere
3030 4852 3058 4889 a
3088 4846 3332 4906 peccato,
3367 4854 3466 4909 per

1905 4947 1965 4985 se
1994 4930 2395 5000 ejusmodiest,
2436 4938 2493 4982 nt
2538 4944 2637 4982 nec
2687 4929 2924 4993 laudem,
2956 4944 3055 4983 nec
3088 4946 3301 4999 poenam
3348 4947 3465 4986 me-

1906 5034 2114 5079 reatur.
2150 5023 2206 5076 Si
2260 5018 2484 5093 prepter
2514 5028 2727 5074 atatem
2766 5036 2995 5091 peccare
3028 5021 3260 5086 desinis,
3309 5024 3464 5078 infir-

1910 5117 2085 5170 mitati
2129 5114 2383 5168 habenda
2417 5116 2591 5183 gratia
2621 5122 2725 5167 est.
2777 5112 2949 5167 Porro
2979 5129 3074 5167 eos
3107 5113 3319 5168 demum
3348 5115 3470 5168 lau-

1910 5206 2074 5261 dibus
2106 5204 2388 5270 aﬂicimus,
2427 5205 2516 5274 qui
2548 5203 2829 5256 voluntate
2861 5211 2915 5257 et
2955 5202 3274 5258 inductione
3297 5204 3469 5258 animi

1912 5298 2037 5352 boni
2098 5306 2247 5359 sunt,
2298 5312 2407 5350 non
2443 5296 2533 5365 qui
2596 5294 2925 5349 necessitate
2960 5293 3196 5362 quadam
3240 5308 3472 5363 peccare

1913 5389 2300 5458 prohibentur.
2350 5386 2468 5440 Jam
2510 5385 2633 5455 quis
2683 5384 2783 5438 tibi
2822 5383 2945 5436 vita:
2978 5382 3212 5453 praeﬁxit
3241 5383 3475 5436 metam?

1912 5481 2041 5549 quis
2089 5480 2395 5535 senectutis
2444 5476 2682 5547 spatium
2718 5475 3005 5531 definivit?
3052 5474 3178 5544 quis
3227 5474 3370 5543 apud
3423 5481 3477 5527 te

1914 5583 2027 5626 tam
2060 5580 2245 5628 certus
2272 5571 2582 5627 futurorum
2616 5582 2854 5639 sponsor
2886 5566 3007 5621 est?
3042 5564 3159 5620 Non
3205 5565 3357 5619 vides
3394 5563 3480 5617 in-

1920 5667 2099 5722 fantes
2136 5674 2311 5719 morte
2340 5661 2555 5731 abripi?
2588 5678 2697 5715 non
2748 5667 2907 5714 :etate
2954 5658 3212 5712 ﬂorentes
3243 5654 3481 5708 abduci?

1924 5768 2031 5807 non
2066 5770 2209 5809 unus
2240 5756 2401 5827 plane
2448 5752 2702 5821 idemQue
2744 5750 2870 5805 vitae
2908 5749 3177 5803 terminus
3224 5743 3480 5798 omnibus

251 5838 580 5910 ντεεεΐίνιυε
610 5848 710 5891 εει·
742 5837 882 5923 Quid
914 5846 1225 5908 exspectas.
1278 5841 1404 5897 dum
1442 5839 1610 5898 febris
1649 5842 1920 5900 beneﬁcio
1956 5845 2047 5902 tibi
2082 5847 2407 5916 pmnilentia
2477 5844 2793 5916 cpntiugal?
2862 5857 2981 5899 eum
3047 5838 3301 5895 videlicet
3380 5850 3479 5890 nec

569 5930 837 5991 ΡΑτιιοι.
884 5932 996 5991 CR.
1044 5931 1211 5993 XCV.

3058 5931 3128 5992 37
