4218 6446
202 395 340 463 1165

1444 397 1677 455 SACRA
1718 394 2185 453 I’ARALI.EI.A.

3286 400 3422 470 1166

278 517 342 568 Ἢ
371 510 464 567 τοῦ
491 510 662 567 κακοῦ
691 512 899 575 στάσις,
927 510 1068 581 ἀρχὴ
1092 512 1191 582 τῆς
1219 507 1361 562 κατὰ
1385 508 1584 579 ἀρετήν
1612 509 1759 559 ἐστιν
1788 510 1832 563 Α
1934 504 1944 555 l

1749 510 1832 563 νΑ
1934 503 2121 571 Ejusd.
2165 506 2241 559 De
2292 509 2609 576 perfectione
2643 513 2781 565 vim.
2814 542 2882 554 -—
2913 513 3144 570 Cessare
3193 530 3223 569 a
3271 518 3415 570 malo

195 611 394 678 ὁρμῆς-

269 699 380 753 Ούκ
408 698 552 751 ἐστιν
585 696 717 767 ἄλλη
752 713 835 759 τις
864 694 958 749 τοῦ
990 692 1163 749 κακοῦ
1185 695 1502 759 ὑπόστασις,
1536 694 1585 746 εἰ
1622 690 1697 762 μὴ
1726 692 1756 744 ὁ

198 788 474 861 χωρισμὸς
506 789 601 842 τοῦ
631 788 837 857 ἀγαθοῦ
877 788 969 840 καὶ
1008 789 1334 859 κρείττονος.
1714 804 1717 805 ⁷

194 920 232 928 η
259 884 343 936 .Ἦ
382 884 646 953 ἁμαρτία,
675 883 779 945 ἓως
816 882 913 951 μὲν
947 881 1013 935 ἂν
1062 881 1328 942 ὠδίνεται,
1358 878 1469 948 ἔχει
1507 878 1629 931 τινά
1670 878 1755 930 αί-

199 976 425 1046 σχύνην.
460 976 709 1029 Ἐπειδὰν
733 975 789 1027 δὲ
818 974 1069 1044 τελεσθῇ,
1097 974 1219 1025 τότε
1245 969 1756 1041 ἀναισχυντοτέρους

195 1070 344 1120 ποιεῖ
371 1069 495 1131 τοὺς
524 1067 928 1139 ἐργαζομένους
957 1066 1147 1120 αὐτήν.

267 1249 343 1302 Ού
389 1248 450 1301 τὸ
480 1247 755 1301 θλίϐεσθαι
783 1247 973 1311 κακὸν,
1006 1246 1142 1301 ἀλλά
1181 1246 1241 1301 τὸ
1287 1244 1620 1317 ἁμαρτάνειν
1658 1260 1759 1296 κα-

197 1339 314 1393 κόν.
352 1339 417 1392 Ἢ
444 1338 651 1409 χαλεπὴ
676 1338 852 1406 θλίψις
878 1336 1034 1390 τοῦτό
1062 1340 1230 1389 ἐστιν.

270 1432 381 1502 Ούχ
422 1433 472 1483 oi
521 1430 841 1491 ἀσεϐοῦντες
894 1431 1074 1499 μόνον,
1106 1429 1242 1483 ἀλλά
1270 1428 1362 1480 καὶ
1395 1428 1443 1480 οἱ
1474 1427 1756 1496 δυνάμενοι

202 1524 303 1593 μὲν
333 1526 638 1591 ἀπαγαγεῖν
693 1524 791 1590 τῆς
822 1522 1097 1586 ἀσεϐείας,
1127 1521 1201 1591 μὴ
1241 1520 1552 1589 βουλόμενοι
1579 1519 1656 1582 δὲ,
1690 1518 1757 1570 δι’

198 1620 357 1671 ὄκνον
386 1618 419 1689 ἢ
452 1618 539 1671 διὰ
566 1615 817 1679 νωθείαν,
848 1616 1047 1685 ὁμοίως
1080 1612 1418 1677 κολάζονται.

268 1799 360 1867 Μὴ
397 1796 675 1869 προσεύξῃ
724 1797 853 1868 περὶ
899 1794 993 1849 τοῦ
1027 1793 1157 1848 λαοῦ
1190 1795 1407 1859 τούτου,
1454 1791 1591 1862 φησι
1622 1794 1759 1861 πρὸς

1859 599 2263 663 pregressionis
2296 602 2361 653 ad
2396 602 2655 655 virtutem
2682 604 2896 659 initium
2935 616 3038 660 est.

1928 688 2120 756 Ejusd.
2154 690 2209 742 in
2237 689 2711 749 Cantia—Nulla
2753 697 2860 750 alia
2912 699 3040 751 mali
3089 698 3421 756 substantia.

1860 795 1955 836 seu
1993 794 2188 835 natura
2220 792 2325 848 est,
2356 798 2715 858 praeterquam
2747 790 3015 845 discessio
3038 806 3067 844 a
3105 792 3269 845 bono.

1931 874 2122 945 Chrys.
2153 877 2208 928 in
2234 880 2352 932 Act.
2396 889 2569 945 apost.
2592 907 2663 921 -
2684 880 3003 945 Peccatum,
3027 882 3155 937 dum
3187 882 3418 951 paritur.

1858 969 2086 1035 pudoris
2118 969 2329 1038 aliquid
2362 970 2681 1038 adjunctum
2715 974 2877 1028 habet
2911 994 2925 1029 :
2962 990 3087 1028 cum
3117 984 3301 1028 autem
3329 975 3423 1026 ad-

1860 1061 2088 1115 missum
2123 1074 2228 1128 est,
2272 1078 2368 1118 eos
2410 1063 2503 1134 qui
2571 1062 2939 1133 admiserunt,
2990 1065 3423 1135 impudentiorcs

1861 1149 2066 1203 reddit.

1934 1239 2206 1309 Ejusdem.
2259 1273 2328 1285 —
2377 1242 2494 1298 Non
2525 1244 2712 1314 amigi,
2765 1244 2863 1299 sed
2919 1260 3165 1316 peccare,
3218 1246 3423 1301 malum

1861 1341 1963 1387 est.
1998 1331 2235 1403 Haecque
2264 1335 2449 1404 gravis
2479 1336 2703 1391 amictio
2730 1343 2836 1391 est.

1937 1423 2189 1493 Ejusdem
2228 1437 2274 1480 ι.
2303 1456 2374 1466 -—
2401 1425 2519 1480 Non
2557 1429 2635 1482 illi
2680 1428 2968 1491 duntaxat,
3028 1428 3119 1498 qui
3165 1427 3331 1498 impie
3371 1442 3429 1480 se

1863 1526 2084 1586 gerunt,
2138 1518 2234 1572 sed
2282 1528 2337 1572 et
2364 1533 2527 1587 poma
2558 1521 2748 1574 eadem
2792 1521 3135 1589 plectuntur,
3169 1520 3264 1590 qui
3301 1534 3426 1573 cum

1864 1609 2004 1663 alios
2071 1610 2139 1663 ab
2222 1609 2505 1681 impietate
2586 1620 2796 1681 queant
2858 1612 3158 1677 abducere,
3216 1613 3289 1667 ob
3339 1629 3428 1668 se-

1865 1700 2090 1770 gnitiem
2122 1708 2302 1756 tamen
2335 1711 2391 1755 ct
2426 1701 2736 1756 socordiam
2770 1702 2821 1756 id
2866 1702 3049 1757 facere
3078 1710 3359 1759 recusant.

1938 1792 2211 1860 Ejusdem.
2242 1792 2414 1848 —Ne
2461 1809 2624 1865 roges
2666 1809 2766 1863 pro
2810 1795 3017 1864 populo
3063 1794 3192 1856 hoc.
3222 1793 3428 1863 inquit,

208 1892 481 1960 Ἱερεμίαν
514 1890 541 1942 ό
573 1889 725 1951 Θεὸς,
749 1890 831 1941 ὅτι
858 1888 952 1941 ἐὰν
972 1890 1069 1957 στῇ
1101 1888 1340 1955 Μωῦσῆς
1369 1885 1465 1939 καλ⁸
1486 1884 1754 1954 Σαμουὴλ,
1790 1870 1832 1925 Β
1860 1882 1874 1935 1

1790 1870 1832 1925 Β
1860 1882 2002 1938 Dens
2052 1883 2122 1937 ad
2165 1883 2503 1938 Jeremiam:
2534 1886 2821 1953 quoniam,
2878 1885 2927 1939 si
2974 1886 3234 1940 steterint
3280 1884 3427 1956 Moy-

196 1984 299 2035 ούκ
333 1982 722 2053 είσακούσομαι
755 1980 954 2034 αὐτῶν.
985 1980 1171 2044 Οὕτως
1197 1981 1344 2032 ἐστὶν
1382 1978 1756 2048 ἁμαρτήματα
1788 1994 1792 1997 ‘

198 2074 380 2126 πᾶσαν
408 2072 804 2143 ὑπερϐαίνοντα
836 2069 1186 2142 συγγνώμην,
1215 2070 1309 2123 καὶ
1330 2068 1629 2136 ἀπολογίας
1661 2084 1756 2119 τυ-

197 2169 316 2237 χεῖν
348 2166 406 2218 ού
436 2165 728 2233 δυνάμενα.

269 2259 342 2310 Τὸ
371 2257 806 2326 ἀνεπισκόπητον
838 2256 931 2309 καὶ
971 2254 1308 2326 ἀπρονόητον
1336 2250 1758 2321 ἐγκατελειφθῆ-

194 2369 284 2402 ναι
312 2349 415 2403 ὑπὸ
452 2348 549 2403 τοῦ
579 2350 733 2413 Θεοῦ,
771 2351 991 2403 πάντων
1021 2347 1433 2418 ὀλεθριώτατον,
1464 2346 1559 2399 καὶ
1602 2346 1635 2414 ἠ
1666 2344 1757 2396 ἐπὶ

194 2444 311 2504 τοῖς
337 2442 612 2511 μεγίστοις
638 2442 940 2509 ἀδικήμασι
975 2444 1205 2511 μεγίστη
1233 2439 1471 2508 τιμωρία
1506 2435 1666 2506 αὓτη,
1697 2434 1757 2488 τὸ

197 2534 408 2602 ἔρημον
441 2534 535 2586 καὶ
591 2533 823 2602 ὀρφανὸν
877 2529 1131 2598 γενέσθαι
1183 2531 1327 2581 ποιεῖ
1366 2526 1522 2580 Θεοῦ.
1560 2528 1619 2578 Ὀ
1650 2526 1756 2595 γὰρ

196 2625 347 2689 ξένος
368 2624 460 2677 τοῦ
502 2623 699 2694 βοηθοῦ
756 2623 850 2675 καὶ
881 2622 1131 2691 Σωτῆρος
1169 2619 1483 2691 γενόμενος,
1516 2618 1621 2671 ὑπὸ
1646 2620 1757 2674 τοῖς

192 2718 409 2787 ἐχθροῖς
438 2718 530 2768 καὶ
560 2717 672 2778 τοῖς
703 2715 925 2788 λῃσταῖς
956 2712 1118 2781 εὐθύς
1145 2716 1311 2762 ἐστιν.

266 2806 397 2862 Εἶτα
428 2808 679 2873 βασιλεὺς
712 2809 809 2869 μὲν
835 2804 1071 2868 ἐπίγειος
1104 2792 1418 2851 πιστεύεται
1444 2790 1603 2858 εἶναι,
1635 2794 1757 2849 καί·
1824 2860 1829 2867 ⁸

196 2913 309 2965 περ
343 2897 417 2964 μὴ
445 2898 574 2948 πᾶσι
604 2895 932 2963 βλεπόμενος
960 2908 973 2921 ’
1002 2892 1089 2947 διὰ
1127 2892 1182 2943 δὲ
1216 2892 1421 2959 νόμων,
1455 2893 1546 2943 καὶ
1574 2890 1758 2943 διατά-

194 2987 333 3052 ξεων
365 2986 549 3050 αὑτοῦ,
576 2986 670 3038 καὶ
704 2983 982 3048 ἐξουσιῶν,
1020 2985 1116 3036 καὶ
1154 2984 1461 3052 δυνάμεων,
1496 2984 1590 3035 καὶ
1614 2983 1756 3035 εικό-

192 3094 301 3127 νων
332 3077 550 3139 νοεῖται,
577 3073 667 3125 τὸν
693 3072 749 3125 δὲ
771 3073 902 3125 Θεὸν
925 3074 985 3125 ού
1013 3072 1192 3142 βούλει
1224 3071 1457 3125 νοεῖσθαι
1485 3071 1551 3124 δι’
1582 3071 1758 3143 ἔργων

194 3167 292 3218 καὶ
312 3165 613 3231 δυνάμεων.
658 3175 663 3179 ’

268 3257 341 3308 Ού
366 3256 458 3307 τὸν
492 3254 620 3305 Θεὸν
645 3252 917 3323 βλάψομεν
938 3252 1254 3319 ἀγνοοῦντες
1282 3250 1468 3317 αὐτὸν,
1490 3250 1603 3304 ἀλλ’
1633 3252 1756 3303 ἐαυ-

191 3350 320 3411 τοὺς
354 3348 797 3416 ἀποστερήσομεν
827 3346 924 3415 τῆς
953 3344 1114 3397 αὑτοῦ
1153 3346 1353 3413 φιλίας.

266 3530 530 3582 Οὐδέποτε
559 3527 771 3596 αἵρεσις
793 3524 890 3593 τὴν
944 3523 1271 3595 Ἐκκλησίαν
1310 3526 1579 3594 ἐνίκησεν,
1618 3526 1755 3580 ἀλλά

193 3621 282 3671 ἀεὶ
336 3618 605 3686 μαίνεται,
654 3616 747 3668 καὶ
780 3618 899 3669 κατ’
934 3617 1113 3684 ὀλίγον
1168 3618 1509 3686 προελθοῦσα
1552 3618 1753 3682 εὐθέως

190 3709 397 3761 λύεται.
1293 3749 1301 3756 _

264 3801 471 3868 Ὠσπερ
499 3799 769 3868 ὀφθαλμός
795 3799 1220 3868 τεταραγμένος,
1260 3800 1403 3853 οὓτω
1426 3802 1521 3853 καὶ
1547 3803 1579 3871 ἡ
1604 3801 1749 3871 ψυχὴ

188 3894 304 3952 τοῖς
326 3891 473 3959 παρὰ
505 3889 666 3956 φύτιν
696 3890 993 3943 θολωθεῖσα
1026 3891 1313 3958 δόγμασιν,
1345 3894 1443 3961 οὐχ
1476 3888 1564 3945 οἷά
1601 3910 1660 3945 τε
1689 3895 1750 3945 τὸ

190 3981 307 4047 φῶς
340 3980 439 4047 τῆς
467 3981 722 4048 ἀληθείας
751 3981 972 4032 διιδέναι
997 3981 1264 4051 ἀκριϐῶς,
1289 3982 1424 4035 ἀλλά
1462 3986 1555 4036 καὶ
1580 3984 1647 4036 τά
1691 3985 1750 4035 ὲν

191 4070 323 4123 ποσὶ
356 4072 589 4139 παρορᾷ.
630 4071 717 4123 Ἑν
756 4066 847 4122 οὖν
890 4069 1094 4140 θολερῷ
1123 4070 1297 4135 ὕδατι,
1329 4072 1543 4135 καὶτὰς
1592 4073 1749 4142 ἐγχέ-

189 4162 302 4223 λεις
339 4161 656 4215 ἁλίσκεσθαι
689 4178 853 4230 φασιν
882 4162 1389 4231 ἀποτυφλουμένας.

263 4338 541 4411 Κρείττωιν
600 4339 899 4413 εὐημερίας
947 4339 1280 4409 ἀχαλινώτου
1334 4342 1487 4407 νόσος
1532 4344 1747 4413 φιλόσο-

163 4447 167 4453 ‘
190 4451 314 4503 φος.

1857 1992 1946 2031 ses
1976 1986 2031 2030 et
2065 1976 2309 2041 Samuel,
2347 1992 2456 2030 non
2507 1978 2797 2031 exaudiam
2831 1992 2950 2033 eos.
3000 1974 3081 2030 Ex
3112 1992 3225 2047 quo
3270 1978 3433 2032 intel-

1858 2070 1951 2139 ligi
1986 2070 2171 2130 datur,
2204 2077 2428 2139 peccata
2472 2070 2720 2137 quaedam
2767 2085 2895 2126 esse
2935 2084 3058 2140 quae
3086 2068 3303 2124 veniam
3334 2086 3428 2126 ex-

1857 2162 2074 2223 cedant,
2114 2176 2214 2214 nec
2238 2160 2653 2215 excusationem
2679 2162 2842 2215 ullam
2865 2161 3130 2231 consequi
3162 2161 3381 2231 possint
3401 2193 3413 2207 -

1926 2250 2083 2304 Dion.
2117 2252 2270 2306 Alex.
2310 2282 2372 2292 -
2395 2251 2541 2306 Nihil
2584 2253 2879 2309 exitiosius
2914 2264 3019 2319 est,
3049 2269 3218 2325 quam
3246 2268 3279 2309 a
3313 2251 3430 2306 Deo

1858 2344 1929 2398 ita
1982 2344 2185 2408 deseri,
2241 2354 2300 2400 ut
2350 2362 2455 2401 nec
2500 2355 2691 2401 nostra
2742 2348 3072 2417 prospiciat,
3122 2361 3227 2401 nec
3267 2344 3428 2399 nobis

1858 2437 2146 2506 provideat
2174 2456 2194 2491 ι
2234 2447 2289 2492 ει
2328 2438 2556 2507 gravius
2607 2439 2942 2508 supplicium
2994 2440 3065 2492 ob
3098 2437 3428 2508 gravissima

1860 2531 2094 2589 scelera,
2151 2532 2253 2584 hoc
2287 2539 2392 2595 cst,
2429 2540 2489 2584 ut
2517 2534 2640 2596 quis
2680 2547 2707 2583 a
2748 2531 2857 2585 Deo
2902 2530 3235 2585 destituatur
3264 2537 3320 2585 et
3340 2545 3432 2584 or-

1858 2621 2038 2669 betnr.
2076 2619 2209 2669 Nam
2241 2621 2336 2686 qui
2370 2617 2460 2671 Dei
2491 2618 2794 2673 Salvatoris
2826 2635 2930 2687 ope
2958 2628 3130 2685 caret,
3166 2622 3257 2673 hic
3295 2635 3430 2675 con-

1859 2706 2038 2762 festim
2080 2709 2184 2762 sub
2218 2709 2459 2763 hostium
2493 2717 2549 2763 et
2585 2710 2905 2779 predonum
2945 2719 3219 2780 potestate
3260 2719 3367 2767 εει.

1929 2798 2222 2869 Theophili.
2247 2830 2313 2841 —-
2335 2801 2482 2855 Itane
2507 2800 2728 2857 tandem
2755 2818 2847 2856 rex
2883 2810 3158 2867 terrenus,
3189 2803 3291 2857 etsi
3329 2804 3433 2857 mi-

1856 2891 2000 2944 nime
2032 2892 2246 2946 videtur
2275 2893 2341 2947 ab
2378 2893 2660 2957 omnibus,
2693 2900 2877 2947 tamen
2912 2909 3011 2963 per
3053 2894 3202 2964 leges
3230 2902 3286 2949 et
3312 2893 3433 2949 ed5-

1857 2991 1967 3042 cta,
2017 2982 2515 3051 auctoritatemque
2570 2988 2626 3035 et
2691 2984 2996 3052 potentiam
3044 2997 3107 3035 ac
3161 2982 3430 3053 imagines

1855 3074 2125 3127 exsistere
2156 3075 2403 3129 creditur
2429 3091 2444 3140 ;
2470 3074 2641 3128 Deum
2686 3090 2823 3129 vero
2852 3090 2917 3129 ex
2949 3074 3212 3145 operibus
3246 3083 3301 3130 et
3331 3090 3432 3146 po-

1860 3165 2032 3219 tentia
2062 3166 2292 3236 intelligi
2336 3182 2445 3220 non
2475 3167 2596 3220 vis?

1930 3256 2156 3311 Juslini.
2187 3288 2255 3296 —
2292 3257 2350 3311 Si
2384 3258 2551 3312 Deum
2604 3257 2950 3327 ignoramus.
2984 3273 3091 3312 non
3128 3268 3422 3329 propterea

1860 3346 2038 3416 ipsum
2072 3349 2330 3405 laudemus
2362 3369 2377 3405 :
2422 3353 2517 3407 sed
2551 3353 2670 3422 ejus
2699 3354 2940 3408 amicitia
2973 3369 3074 3408 nos
3104 3354 3206 3425 ipsi
3241 3355 3429 3424 priva-

1859 3435 2059 3491 bimus.

1930 3528 2206 3597 Serapion.
2239 3563 2304 3571 -
2330 3530 2486 3585 Nulla
2522 3548 2761 3602 unquam
2815 3534 3043 3589 haeresis
3075 3535 3145 3589 de
3180 3533 3426 3589 Ecclesia

1861 3620 2251 3690 triumphavit;
2309 3626 2402 3679 sed
2459 3640 2675 3694 semper
2712 3626 2935 3694 quidem
2973 3626 3128 3690 furit.
3180 3636 3235 3681 et
3281 3637 3429 3697 post-

1860 3726 2021 3780 quam
2065 3713 2391 3781 aliquandiu
2440 3730 2729 3783 progressa
2765 3724 2871 3778 est,
2909 3717 3092 3771 statim
3128 3716 3423 3792 evanescit.

1929 3804 2097 3856 Clem.
2148 3806 2305 3858 Alex.
2350 3820 2415 3858 et:
2445 3805 2662 3874 Pwdag.
2690 3835 2758 3846 —
2787 3804 2948 3860 Velut
2997 3806 3196 3860 oculus
3237 3807 3425 3859 turba-

1858 3902 1966 3960 tus,
2023 3896 2102 3949 sic
2153 3898 2335 3950 anima
2394 3913 2674 3977 quoquea
2728 3897 3165 3966 repugnantibus
3211 3905 3425 3950 natum

1857 3986 2095 4043 decretis
2155 4000 2545 4057 conspurcata,
2605 3990 2862 4044 veritatis
2907 3991 3084 4044 lucem
3133 3991 3293 4058 plene
3342 3990 3424 4043 in»

1859 4081 1997 4133 tueri
2048 4096 2153 4132 non
2189 4088 2404 4149 potest;
2442 4092 2500 4130 ut
2541 4094 2663 4145 qua:
2697 4094 2799 4132 nec
2828 4094 2891 4132 ea
2921 4093 3044 4142 qua:
3078 4079 3238 4133 obvia
3270 4090 3420 4137 sunt.

1857 4182 2063 4223 cernat.
2117 4170 2279 4239 Atqui
2311 4171 2363 4222 in
2418 4169 2634 4223 turbida
2685 4184 2826 4239 aqua
2883 4170 3194 4225 testudines
3255 4171 3419 4225 etiam

1856 4262 2157 4315 obczecatas
2187 4263 2307 4330 capi
2336 4262 2511 4315 aiunt.

1926 4349 2076 4421 Greg.
2111 4348 2251 4406 Naz.
2277 4381 2348 4392 —
2372 4350 2652 4406 Eﬂrenata
2691 4351 2996 4422 cupiditate
3033 4353 3262 4411 morbus
3287 4369 3413 4411 cum

1764 4441 1775 4462 ⁸
1857 4442 2123 4512 sapientia
2156 4440 2485 4511 ccnjunctus
2514 4444 2866 4513 prestautior
2896 4453 3000 4499 est.

264 4528 327 4579 Οί
352 4541 519 4579 πολλα
555 4543 859 4591 πταιοντες,
894 4546 988 4581 και
1017 4522 1094 4600 μὴ
1139 4528 1515 4598 κολαζόμενοι,
1569 4530 1749 4599 φοϐεῖ·-
1777 4565 1829 4625 D
1927 4554 1930 4576 ‹

1740 4561 1829 4625 ιθ
1927 4532 2173 4602 Cltysost.
2200 4532 2399 4597 --Qui
2439 4548 2564 4589 cum
2596 4535 2767 4587 multa
2817 4542 3068 4604 peccent.
3116 4535 3287 4592 nullis
3328 4544 3406 4593 ta-

191 4618 319 4673 σθαι
348 4618 443 4670 καὶ
479 4617 774 4672 δεδοικέναι
806 4620 1130 4687 ὀφείλουσιν.
1167 4622 1399 4687 Abi-ﬁsus
1430 4624 1540 4694 γὰρ
1570 4625 1751 4688 αὐτοῖς
1780 4617 1820 4625 ⁷
1852 4640 1857 4678 l

1742 4643 1751 4688 ;
1780 4617 1820 4625 ⁷
1852 4639 1974 4679 men
2021 4624 2199 4693 pcenis
2240 4624 2577 4692 plectuntur,
2612 4624 2665 4678 in
2702 4633 2849 4678 metu
2887 4634 2941 4679 et
2968 4626 3167 4681 timore
3196 4633 3408 4685 versari

187 4710 263 4763 τά
293 4711 393 4780 τῆς
417 4712 685 4781 τιμωρίας
716 4712 805 4766 διὰ
838 4707 953 4781 τῆς
973 4716 1353 4787 ἀτιμωρησίας
1390 4718 1484 4770 καὶ
1517 4716 1615 4786 τῆς
1646 4734 1750 4787 μα-

188 4821 224 4856 κ
234 4802 497 4874 ροθυμίας
518 4805 613 4857 τοῦ
643 4805 800 4860 Θεοῦ.

262 4896 514 4962 Πὲφυκεν
540 4898 769 4959 ἱκαστος
809 4899 921 4951 τῶν
949 4901 1272 4971 κακουργῶν
1306 4886 1515 4972 ἀνδρῶν
1561 4905 1622 4957 τὸ
1666 4905 1747 4957 δί-

186 5005 345 5040 καιον
370 4988 545 5056 λέγων
570 4990 756 5044 κακόν.
879 4986 886 4992 ’

261 5170 323 5221 El
374 5168 539 5236 μηδὲν
574 5169 836 5239 πράττεις
874 5169 1097 5237 φαῦλον,
1136 5171 1300 5240 μηδὲν
1332 5173 1572 5244 φοϐηθῇς
1602 5175 1719 5245 πάμ

185 5278 314 5313 παν.
344 5261 404 5312 Et
436 5260 493 5313 δὲ
516 5261 663 5314 κακά
694 5261 921 5332 ὲογάζῃ,
950 5262 1214 5331 φοϐήθητι
1239 5265 1329 5315 τὸν
1358 5266 1593 5336 Κριτήν,

256 5436 316 5487 ΕΞ
345 5434 670 5506 εὑρίσκομεν
701 5438 851 5506 ὁφεις
883 5437 1058 5506 ὄφεων
1087 5438 1439 5508 δεινοτέρους,
1481 5442 1636 5508 δῆλον
1665 5444 1746 5497 ὅτι

1847 4715 2065 4770 debent.
2103 4714 2315 4769 Etenim
2354 4716 2684 4785 supplicium
2727 4731 2920 4769 eorum
2969 4733 3066 4787 pcr
3113 4717 3409 4789 impunita-

1847 4812 1956 4861 tem
1994 4804 2084 4858 Dei
2120 4806 2520 4860 incrementum
2554 4807 2719 4874 capit.

1918 4893 2077 4966 340
2103 4892 2327 4946 Maximi
2355 4895 2417 4947 de
2460 4894 2673 4946 arbitrii
2712 4895 2973 4949 libertate.
2998 4928 3065 4938 --
3090 4898 3407 4953 Sceleratus

1855 4988 2106 5055 quisque,
2167 4985 2299 5039 illud
2351 4986 2494 5054 quod
2537 4995 2750 5055 iustum
2812 4996 2916 5053 est,
2966 4990 3170 5043 malum
3221 4990 3407 5045 dicere

1856 5079 2158 5133 consuevit.

1928 5169 2242 5229 Nili,3089.
2265 5200 2331 5209 —
2354 5170 2409 5236 δί
2437 5169 2567 5222 nihil
2604 5170 2851 5225 admittis
2897 5171 3045 5234 mali,
3076 5173 3213 5226 nihil
3249 5188 3403 5241 pror-

1852 5278 1948 5317 sus
1988 5262 2362 5316 exslimescas.
2394 5262 2489 5314 Sin
2525 5262 2665 5315 male
2693 5272 2745 5315 et
2776 5263 3040 5317 scelerate
3060 5264 3219 5329 vivis,
3251 5263 3401 5319 Judi-

1850 5370 1966 5408 cem
1999 5363 2196 5407 metue.

1922 5446 2195 5515 Ejusdem,
2220 5447 2383 5499 9.759.
2414 5473 2478 5484 —
2506 5447 2562 5499 Si
2598 5446 2739 5500 inter
2773 5457 3079 5516 serpentes.
3113 5447 3250 5502 alios
3280 5448 3403 5502 aliis

1472 5558 1700 5619 VARIIE
1735 5562 2132 5621 LECTIONES.

261 5652 273 5717 ι
327 5639 381 5693 lr.
416 5638 964 5723 Rtllpefzexcerptu'm
1007 5643 1149 5699 hanc
1174 5646 1597 5723 inscriptionem
1638 5655 1825 5715 habet,
1850 5653 1945 5706 τοῦ
1974 5652 2139 5705 αὺτοῦ
2162 5693 2175 5715 ,
2208 5655 2269 5704 ἐκ
2294 5651 2387 5723 τοῦ
2437 5659 2484 5705 α’
2546 5652 2677 5723 πρός
2731 5650 3053 5723 Ἰουλιανόν·
3084 5650 3313 5717 ejusdem
3342 5665 3405 5723 ex

182 5712 359 5793 primo
418 5710 484 5793 (id
519 5709 840 5793 {Iulianith
880 5710 1000 5793 Non
1067 5722 1283 5793 exstant
1332 5709 1598 5793 ejusmodi
1623 5724 1746 5778 libri
1777 5709 2261 5793 Chrysostmni'ad
2300 5709 2599 5777 lulianum:
2637 5709 2824 5789 Neque
2868 5720 2956 5773 hic
2990 5709 3145 5774 locus
3168 5721 3407 5793 occurrit

184 5782 307 5915 ab.p
341 5795 368 5901 ἴ.
417 5780 610 5835 Cvrilli
653 5783 806 5837 Alex.
878 5790 1071 5838 contra
1133 5780 1427 5854 lulianum,
1490 5792 1567 5845 uti
1611 5810 1709 5851 nec
1756 5796 1861 5850 alia
1894 5780 2012 5863 quae
2047 5809 2109 5848 ex
2156 5794 2344 5848 iisdem
2377 5794 2530 5850 libris
2568 5780 2788 5860 acet-pta
2829 5799 3087 5857 notantur
3118 5789 3319 5858 passim
3348 5790 3405 5841 in

240 5866 250 5899 ι
310 5866 337 5905 ε
366 5889 378 5901 .

240 5866 378 5905 ιιιιει.
