4218 6446
741 1905 750 1918 ν
831 1877 1131 1930 tatiouibus
1186 1878 1356 1932 variis
1409 1880 1662 1946 jactata:

845 379 970 440 illi?

2013 377 2068 429 ὃ.
2099 371 2418 432 JUANNIS
2457 371 2883 430 l).\M:\SCE.\°l

3938 369 4062 435 1168

840 491 1146 544 atrociores
1171 488 1503 550 invenimus,
1552 502 1658 540 non
1693 492 1778 538 est
1805 483 2061 545 dubium.
2094 485 2229 552 quin
2262 484 2403 536 inter
2432 494 2477 545 Α

2395 494 2477 545 Ἀ
2509 484 2600 535 καὶ
2647 483 2798 552 πάθη
2855 481 3041 535 παθῶν
3093 484 3208 535 ἐστι
3243 481 3624 553 χαλεπώτερα,
3672 480 3765 534 καὶ
3807 481 4061 551 δαιμόνωδ

837 581 970 633 vitia
1004 582 1112 634 alia
1144 596 1366 649 quoque
1401 580 1526 634 aliis
1575 579 1687 632 siut
1721 578 2001 646 graviora,
2031 584 2083 627 et
2124 576 2266 628 inter
2295 575 2404 629 dm-

836 685 1030 722 moues
1062 670 1367 738 improbos,
1419 669 1780 738 improbiores
1812 669 1906 721 alii
1956 667 2088 730 siut,
2126 675 2180 720 et
2209 668 2404 722 crude-

838 762 1026 822 liores,
1053 770 1108 812 et
1140 763 1303 814 malis
1329 762 1647 830 nequiores.

909 850 1180 919 Ejusdem.
1218 882 1286 893 -ο
1315 854 1449 906 Cum
1490 853 1712 908 animus
1759 868 1854 922 per
1879 859 2166 922 peccatmu
2199 849 2266 903 ab
2300 851 2402 904 im-

836 945 992 1010 puris
1037 945 1384 998 d:emonibus
1453 945 1756 1006 inescatus,
1807 944 1967 997 facile
2028 944 2400 1007 iutcrimatur,

833 1045 957 1103 apte
986 1036 1204 1091 loeutus
1229 1045 1314 1091 est
1347 1037 1442 1107 qui
1464 1037 1643 1092 dixit:
1690 1037 1892 1106 (ὶδιρίοτ
1923 1037 2071 1090 velut
2099 1036 2166 1087 ad
2196 1035 2401 1090 caedem

835 1125 941 1180 leo.

906 1219 1186 1290 Ejusdem,
1234 1220 1396 1276 5617.
1427 1249 1498 1262 -
1527 1221 1737 1275 Bonum
1782 1229 1977 1291 suapte
2032 1231 2227 1274 natura
2275 1233 2401 1273 sur-

837 1329 955 1364 sum
988 1313 1128 1365 fert:
1165 1314 1366 1364 malum
1397 1319 1578 1364 autem
1611 1328 1734 1365 eum
1766 1313 1859 1382 qui
1900 1313 2046 1365 malo
2073 1311 2400 1371 delectatur,

833 1402 898 1452 :ul
933 1401 1039 1452 ima
1061 1401 1330 1454 detrahit:
1361 1401 1825 1468 quemadmodum
1859 1409 1912 1453 et
1945 1399 2202 1452 Salomon
2229 1399 2398 1451 dixit:

836 1513 853 1541 ι
895 1492 1065 1544 Pedes
1110 1492 1357 1545 stultitia:
1403 1507 1523 1553 eos,
1561 1493 1653 1559 qui
1692 1493 1810 1561 ipsa
1845 1499 2098 1553 utuntur,
2147 1492 2201 1542 in
2235 1489 2403 1543 infer-

834 1600 963 1636 num
999 1585 1280 1636 deducunt
1315 1583 1513 1652 (Prov.
1540 1601 1594 1647 ν,
1627 1585 1659 1633 εἰ
1683 1587 1720 1648 ).
1762 1605 1777 1632 ι

907 1694 1174 1762 Ejusdem.
1205 1724 1272 1732 —
1290 1693 1394 1749 l’er
1421 1695 1753 1764 Babylonem
1781 1709 2176 1762 nonnunquam
2208 1693 2399 1747 diabo-

833 1788 919 1839 lus
944 1786 1305 1854 intelligitur;
1340 1787 1674 1857 quandoque
1719 1787 1900 1840 anima
1952 1786 2193 1839 hominis
2223 1801 2252 1839 a
2284 1796 2404 1838 teu-

829 1971 1237 2038 coufusionem,
1291 1972 1840 2041 ludificationemque
1903 1981 1958 2024 et
2014 1971 2398 2040 imposturam,

828 2083 951 2136 quae
981 2067 1036 2120 in
1071 2067 1192 2138 ipso
1220 2075 1501 2121 versatur.

905 2180 1179 2248 Ejusdem,
1231 2179 1392 2232 5642.
1416 2209 1481 2218 —
1510 2178 1743 2244 Quidam
1796 2180 1962 2233 etiam
1997 2179 2118 2233 sine
2164 2178 2274 2231 ulla
2303 2177 2400 2230 ad-

830 2276 1090 2328 versitate
1123 2281 1176 2327 et
1205 2271 1560 2335 necessitate,
1590 2270 1778 2324 divino
1812 2270 2096 2324 desiderio
2127 2280 2181 2324 et
2215 2285 2403 2323 amore

835 2365 1078 2433 impulsi,
1112 2365 1177 2416 ad
1221 2363 1390 2417 Deum
1445 2363 1736 2426 accedunt,
1793 2362 1921 2430 fuga
1971 2363 2181 2417 relictis
2212 2364 2403 2424 rebus,

831 2474 952 2524 qua:
983 2457 1037 2510 iu
1073 2457 1175 2510 hoc
1208 2456 1413 2509 mundo
1450 2456 1693 2524 pulchra:
1730 2465 1782 2508 et
1814 2455 2074 2523 jucunda:
2125 2456 2401 2509 videnlur.

831 2554 898 2601 At
931 2559 1013 2612 tu,
1040 2550 1132 2616 qui
1170 2558 1248 2600 tot
1278 2547 1540 2600 aerumnis
1569 2545 1860 2612 perculsus
1892 2564 1970 2605 es,
2014 2546 2195 2595 adhuc
2236 2546 2404 2598 obsti-

831 2649 998 2692 natus
1029 2639 1226 2700 haeres,
1259 2643 1316 2686 ut
1356 2649 1446 2687 res
1474 2647 1598 2686 cum
1635 2631 1867 2684 materia
1920 2630 2253 2698 coujuuctas
2285 2646 2402 2682 am-

834 2731 1130 2800 plectaris:
1168 2741 1408 2795 cumque
1453 2723 1694 2794 peccatis
1752 2722 2090 2791 przefoccris,
2125 2723 2176 2775 id
2219 2730 2404 2775 tamen

834 2821 1043 2874 sentire
1102 2831 1213 2871 non
1255 2815 1362 2879 vis,
1412 2813 1508 2868 sed
1540 2812 1702 2882 quasi
1735 2812 2007 2864 instructa
2054 2812 2173 2864 acie
2209 2809 2403 2873 Deum,

835 2917 1004 2966 homo
1032 2909 1363 2972 tuiserrime,
1397 2905 1463 2960 ad
1493 2904 1837 2958 iracundiam
1867 2904 2178 2972 provocas?

910 3027 1186 3098 Ejusdem.
1218 3057 1286 3066 —
1317 3024 1376 3078 Si
1428 3037 1594 3079 sensu
1647 3021 1912 3092 praeditus
1965 3035 2142 3082 esses,
2189 3020 2322 3090 ipsa!
2352 3029 2407 3075 tc

835 3136 926 3175 res
973 3119 1140 3187 hujus
1187 3117 1313 3170 vita:
1364 3116 1712 3184 impellerent
1748 3123 1808 3165 ut
1840 3113 1906 3166 ad
1951 3111 2120 3166 Deum
2167 3111 2404 3182 fugeres,

2505 576 2762 646 πονηρῶν
2803 575 2980 646 ἕτεροι
3014 575 3368 646 πονηρότεροι
3419 576 3512 628 καὶ
3543 576 3860 647 πικρότεροι
3898 576 4062 646 ύπάρ-

2503 686 2662 738 χουσι
2684 669 2961 740 δαίμονες,
2985 669 3079 722 καὶ⁵
3102 668 3324 738 φαύλων
3345 669 3688 738 φαυλότεροι.

2575 845 2687 915 Τῆς
2714 845 2894 915 ψυχῆς
2926 845 3023 899 τοῦ
3064 846 3357 918 ἀνθρώπου
3390 845 3585 917 ῥαδίως
3626 844 3716 898 διά
3758 844 3860 914 τῆς
3896 845 4057 914 ἀμαρ-

2501 935 2624 997 τίας
2661 935 3030 1005 φονευομένης
3075 937 3180 990 ὑπὸ
3218 936 3323 989 τῶν
3351 935 3714 1000 δελεαζόντων
3749 935 4060 1004 ἀκαθάρτων

2501 1026 2795 1095 δαιμόνων,
2843 1027 3116 1096 εὐστόχως
3161 1024 3316 1081 εἶπεν
3342 1029 3371 1080 ὁ
3417 1027 3598 1093 λέξας,
3657 1029 3741 1081 ὅτι
3769 1026 4059 1098 ἀγρεύομαι

2504 1115 2692 1186 ὥσπερ
2723 1116 2862 1169 λέων
2892 1118 2974 1180 εἰς
2997 1119 3232 1185 σφαγήν.

2574 1209 2654 1279 Ὶῇ
2684 1207 2842 1276 φύσει
2864 1209 2924 1262 τὸ
2951 1209 3153 1276 ἀγαυὸν
3180 1209 3295 1263 ἂνω
3326 1210 3492 1279 φέρον
3519 1209 3778 1278 ὑπάρχει,
3800 1208 3861 1262 τὸ
3889 1209 3943 1262 δὲ
3969 1227 4057 1261 κα-

2504 1299 2598 1351 κὸν
2621 1301 2756 1370 πρὸς
2785 1301 2853 1352 τὰ
2873 1301 3027 1354 κάτω
3056 1301 3310 1354 καθέλκει
3332 1302 3424 1353 τὸν
3445 1303 3792 1373 κεχρημένον
3815 1319 3828 1332 ·
3860 1302 3933 1364 ῶς
3964 1318 4056 1353 που

2503 1391 2599 1442 καὶ
2627 1393 2656 1444 ὁ
2697 1391 2948 1462 Σολομὼν
2999 1395 3298 1464 ἐφράσατο,
3325 1395 3408 1446 ὅτι
3441 1413 3459 1444 ι
3480 1397 3540 1446 Οἱ
3586 1395 3744 1456 πόδες
3773 1397 3873 1463 τῆς
3907 1395 4056 1464 ἀφρο-

2504 1483 2672 1553 σύνης
2725 1486 2852 1548 τοὺς
2903 1487 3222 1556 χρωμένους
3271 1487 3412 1557 αὐτῇ
3473 1488 3555 1548 εἰς
3616 1485 3751 1554 ἄδην
3807 1486 4057 1552 κατάγειν·

2505 1591 2610 1626 σ.ν.
2647 1595 2664 1625 Ι

2575 1686 2836 1738 Βαϐυλὼν
2867 1688 2996 1742 ποτὲ
3035 1689 3134 1760 μὲν
3163 1691 3192 1742 ὁ
3218 1690 3464 1754 διάϐολος
3498 1690 3742 1758 λέγεται,
3772 1693 3904 1746 ποτὶ
3946 1693 3995 1744 δὲ
4028 1695 4054 1762 ἠ

2502 1777 2648 1848 ψυχὴ
2675 1778 2964 1847 ἀνθρώπου
3027 1781 3412 1851 συγκεχυμένη
3453 1785 3518 1835 ὲκ
3549 1785 3872 1856 πειρασμῶν
3918 1785 4054 1854 χαλε-

1719 1878 1994 1931 ξιιιοηιιηη
2039 1877 2299 1939 "anulus,
2329 1879 2400 1931 ob
2433 1853 2475 1908 Β
2504 1863 2642 1927 πῶν,
2677 1864 2809 1916 ποτὲ
2912 1867 2940 1917 ὁ
2974 1867 3180 1935 κόσμος
3209 1866 3277 1918 δι’
3299 1868 3469 1938 αὐτὴν
3500 1870 3558 1920 ὲν
3597 1853 3761 1939 αύτῷ
3787 1853 4052 1921 πολιτευο-

2506 1957 2676 2028 μένην
2702 1957 2988 2027 σύγχυσιν,
3014 1959 3111 2011 καὶ
3140 1958 3363 2031 χλεύην,
3388 1959 3483 2014 καὶ
3510 1961 3728 2032 ἀπάτην

2572 2175 2731 2239 Τινὲς
2761 2176 2855 2228 καὶ
2885 2178 3054 2248 χωρὶς
3078 2179 3477 2248 περιστάσεως,
3502 2181 3598 2234 καὶ
3630 2181 3903 2251 ἀνάγκης,
3931 2181 4065 2249 πόθῳ

2506 2265 2636 2336 θείῳ
2660 2269 2754 2319 καὶ
2783 2268 2951 2338 ἔρωτι
2990 2272 3388 2340 προσέρχονται
3424 2272 3500 2341 τῷ
3529 2273 3668 2341 Θεῷ,
3703 2274 4064 2342 ἀποφυγόντες

2505 2360 2572 2412 τὰ
2598 2359 2857 2414 δοκοῦντα
2890 2363 2949 2413 ἐν
2999 2362 3192 2434 κόσμῳ
3241 2363 3419 2434 ὡραίά
3474 2382 3535 2418 τε
3587 2368 3680 2418 καὶ
3719 2368 3963 2435 τερπνά·
4008 2371 4064 2418 σὺ

2505 2453 2799 2514 τοσαύταις
2831 2453 3050 2522 βληθεὶς
3081 2455 3503 2526 ταλαιπωρίαις,
3535 2458 3720 2528 μένεις
3761 2460 3950 2528 ἀκμὴν
3987 2477 4064 2527 ςι-

2509 2539 2786 2607 λονεικῶν,
2813 2544 2906 2595 καὶ
2934 2543 3181 2615 στέργων
3203 2547 3273 2599 τά
3300 2548 3463 2600 oms
3491 2549 3817 2619 πράγματα,
3842 2552 3935 2603 καὶ
3958 2553 4064 2611 ταῖς

2503 2631 2800 2697 ἁμαρτίαις
2846 2637 3342 2706 καταπνιγόμενος,
3374 2640 3434 2690 ού
3471 2639 3653 2707 βούλει
3697 2639 4065 2700 αἰσθάνεσθαι,

2505 2718 2622 2770 ἀλλ’
2662 2721 2726 2771 ὲκ
2758 2722 3114 2790 παρατάξεως
3169 2729 3259 2776 τὸν
3312 2731 3447 2784 Θεὸν
3506 2734 3888 2804 παροργίζεις,
3930 2749 4066 2803 τρισ-

2505 2809 2659 2862 άθλιε
2684 2827 2699 2873 ;

2578 3017 2750 3087 Εἴπερ
2769 3017 3024 3088 αἴσθησιν
3050 3013 3219 3089 εἶχες,
3252 3021 3392 3074 αύτά
3419 3022 3486 3075 τά
3508 3021 3602 3075 τοῦ
3627 3024 3745 3094 βίου
3778 3027 4066 3096 πράγματα

2506 3109 2707 3178 ἤλαυνέ
2741 3126 2798 3161 σε
2819 3115 3154 3179 καταφυγεῖν
3186 3112 3323 3183 πρὸς
3349 3115 3503 3176 Θεὸν,
3527 3118 3620 3168 καὶ
3645 3118 3910 3186 σωθῆναι.
3945 3119 4064 3173 Ἀλλ’

834 3218 1133 3285 salvusque
1180 3213 1360 3267 fieres.
1405 3211 1476 3262 At
1532 3210 1794 3279 quoniam
1843 3215 2038 3276 sponte
2080 3207 2305 3277 langues
2351 3209 2404 3260 in
2432 3199 2479 3261 C

2399 3228 2404 3259 ι
2432 3199 2479 3261 C
2509 3200 2698 3268 ἐπειδὴ
2731 3201 3100 3268 έθελοκακεῖς,
3129 3203 3294 3274 βλέπε
3328 3207 3399 3258 τὰ
3429 3208 3854 3278 καταληψόμενά
3883 3228 3963 3271 σε,
3993 3213 4065 3263 ἶνα

835 3309 1001 3370 malo,
1055 3305 1176 3359 vide
1227 3318 1350 3372 quae
1398 3311 1452 3355 te
1483 3310 1769 3368 arreptura
1818 3307 1969 3362 sunt,
2007 3305 2066 3350 ut
2110 3297 2168 3352 in
2220 3297 2404 3350 medio

836 3416 1017 3454 rerum
1066 3395 1469 3450 mundanarum
1522 3392 1761 3461 pessimo
1793 3389 1901 3443 fato
1944 3391 2113 3442 vitam
2151 3389 2402 3454 claudas,

832 3501 887 3544 et
922 3491 987 3542 ad
1025 3488 1268 3540 futurqu
1297 3500 1472 3538 aevum
1505 3483 1730 3537 virtutis
1767 3495 1975 3535 vacuus
2000 3479 2188 3533 abeas.

911 3602 1181 3672 Eiusdem,
1232 3599 1396 3654 5662.
1425 3627 1495 3637 -
1532 3595 1858 3651 Studiorum
1914 3604 2138 3648 tuorum
2187 3593 2402 3646 fructus

837 3701 953 3766 ipse
998 3694 1265 3749 comedis.
1301 3691 1517 3746 Etenim
1547 3690 1619 3744 ab
1648 3688 1787 3743 lsaia
1827 3688 2036 3742 dictum
2070 3695 2196 3743 est:
2240 3707 2258 3737 ι
2299 3686 2401 3754 Ipsi

834 3789 1127 3840 eotuedcut
1185 3799 1356 3855 opera
1417 3783 1641 3836 malitia:
1699 3795 1811 3834 suae
1861 3777 2018 3846 (lsa.
2073 3793 2157 3844 Ill,
2215 3778 2342 3844 10).
2379 3796 2397 3827 ι

839 3879 1007 3932 l’orro
1036 3893 1161 3932 cum
1198 3885 1392 3946 pectus
1432 3875 1783 3945 improbitate
1831 3876 2182 3939 informatur,
2244 3890 2404 3930 exse-

835 3972 1056 4026 cranda:
1081 3987 1145 4022 ex
1175 3985 1242 4023 eo
1270 3969 1636 4035 cogitationes
1678 3969 1994 4034 prosiliunt.

905 4079 1305 4135 Perridiculum
1335 4076 1524 4141 fuerit,
1548 4078 1836 4146 mancipiis
1863 4082 2084 4148 quidem
2112 4081 2401 4152 imperare.

836 4191 864 4227 a
896 4179 1127 4242 peccato
1163 4179 1345 4224 autent
1376 4171 1431 4223 in
1467 4171 1735 4224 servitute
1760 4172 1961 4224 teneri.

909 4285 1188 4350 Eiusdem,
1223 4282 1396 4339 3882.
1423 4314 1493 4324 —
1519 4283 1842 4338 Pcccatores
1881 4300 2074 4339 omnes
2112 4283 2401 4338 multilarii

836 4380 1121 4434 dicuntur.
1153 4377 1308 4430 Alius
1347 4377 1492 4429 enim
1517 4384 1602 4430 est
1626 4377 1822 4430 modus
1851 4378 2228 4432 scortationis.
2263 4379 2404 4431 alius

839 4473 954 4534 iraa,
1011 4470 1153 4524 alius
1215 4469 1394 4521 inanis
1441 4469 1647 4536 gloriae,
1718 4469 1953 4533 invidiae,
2007 4471 2400 4524 recordationis

841 4563 1196 4634 injuriarum,
1231 4572 1283 4614 et
1323 4559 1659 4628 reliquorum
1699 4559 1824 4612 item
1876 4561 2155 4614 vitiorum.
2193 4561 2396 4614 Contra

833 4657 970 4726 justi
1002 4656 1166 4709 unius
1197 4651 1342 4707 modi
1376 4660 1524 4706 sunt.
1553 4651 1820 4716 Quocirca
1854 4652 2046 4707 beatus
2081 4653 2251 4708 David
2277 4655 2352 4706 ait
2379 4672 2390 4706 :

844 4769 862 4799 ι
902 4747 1167 4800 Dominus
1227 4745 1480 4797 habitare
1529 4745 1658 4797 facit
1702 4746 1866 4798 unius
1917 4748 2089 4800 moris
2140 4749 2192 4802 in
2236 4748 2400 4802 domo

837 4843 856 4908 (
883 4837 1034 4892 Psal.
1059 4851 1193 4899 cxu,
1225 4835 1322 4903 9),
1360 4853 1378 4884 ι
1411 4835 1680 4903 spirituali
1712 4835 1857 4888 licet.

908 4949 1190 5017 Ejusdem,
1225 4947 1386 5001 5898.
1422 4977 1486 4986 -—
1515 4945 1571 4999 Si
1601 4947 1850 5016 leprosus
1871 4949 2145 5018 quondam
2177 4965 2398 5019 aspersa

841 5043 1063 5110 punctis
1115 5055 1305 5100 carne,
1343 5040 1508 5092 simul
1563 5046 1727 5108 atque
1776 5055 1900 5093 cum
1960 5041 2063 5094 fide
2119 5043 2400 5097 Christum

837 5147 1155 5202 supremum
1189 5133 1354 5184 Deum
1387 5131 1543 5192 adiit,
1577 5130 1718 5184 hanc
1751 5134 1820 5184 ab
1855 5133 2003 5184 omni
2048 5133 2167 5186 labe
2202 5150 2393 5202 puram

841 5227 1079 5292 recepit;
1131 5223 1329 5291 ecquid
1364 5229 1419 5273 tu
1450 5223 1608 5274 fidem
1642 5231 1696 5276 et
1737 5240 1929 5291 preces
1972 5225 2228 5279 adhibere
2273 5244 2403 5296 gra-

841 5317 1007 5372 \aris.
1044 5321 1102 5365 ut
1133 5329 1163 5366 a
1209 5312 1434 5367 nefariis
1471 5313 1815 5384 impurisque
1847 5316 2042 5370 anima:
2087 5318 2297 5372 morbis
2339 5319 2401 5372 li-

841 5409 1049 5462 bereris
1074 5406 1098 5458 ?

914 5515 1186 5584 Ejusdem,
1219 5515 1376 5568 596i.
1403 5547 1470 5556 —-
1495 5517 1575 5568 An
1602 5525 1655 5570 te
1682 5517 1812 5570 illud
1846 5519 2002 5588 fugit,
2036 5521 2180 5590 quod
2213 5537 2243 5574 a
2277 5524 2403 5591 qui-

839 5610 939 5664 bus
972 5609 1170 5662 animm
1213 5609 1366 5662 vitiis
1413 5611 1686 5678 quispiam
1732 5622 2024 5678 superatus
2058 5618 2163 5679 est,
2210 5633 2399 5669 eorum

836 5712 1060 5766 quoque
1095 5712 1290 5751 servus
1315 5696 1587 5751 edicitur?
1614 5699 1775 5768 Atqui
1807 5716 1913 5753 non
1947 5718 2138 5756 sumus
2185 5704 2277 5756 lilii
2308 5721 2404 5756 au-

839 5790 998 5851 rilla',
1053 5789 1144 5844 sed
1200 5790 1401 5857 liberte.
1453 5798 1509 5844 ut
1563 5806 1589 5842 a
1629 5793 1866 5859 peccatis
1908 5793 2105 5850 divulsi
2152 5795 2400 5848 libertate

2506 3293 2564 3343 ἐν
2603 3294 2755 3362 μέσῳ
2795 3293 2903 3347 τῶν
2951 3295 3223 3364 βιωτικῶν
3270 3300 3615 3368 πραγμάτων
3643 3305 3893 3370 κακίστῳ
3931 3304 4065 3372 μόρῳ

2505 3381 2596 3433 τὸν
2634 3381 2747 3451 βίον
2776 3383 3110 3456 καταλύσεις,
3134 3385 3354 3439 κάκεῖσε
3382 3387 3622 3458 ἀπέλθῃς
3650 3390 3859 3459 γυμνὸς
3882 3393 4063 3461 ἀρετῆς

2508 3491 2710 3544 πάσης.

2577 3589 2721 3652 Τοὺς
2765 3591 3012 3660 καρποὺς
3065 3591 3174 3644 τῶν
3229 3589 3340 3644 σῶν
3413 3590 3863 3660 ἐπιτηδευμάτων
3915 3594 4062 3655 αὐτὸς

2505 3679 2851 3743 ὲσΟίεις.Καὶ
2868 3683 2975 3751 γάρ
2992 3679 3206 3752 εἴρηται
3227 3682 3376 3748 παρά
3395 3681 3470 3750 τῷ
3499 3683 3710 3750 Ἡσαΐᾳ,
3737 3684 3820 3736 ὅτι
3849 3704 3867 3734 ι
3892 3686 4060 3736 Ἕὸον·

2505 3789 2595 3824 ται
2624 3773 2692 3824 τὰ
2719 3772 2855 3841 ἔργα
2880 3773 2980 3841 τῆς
3026 3772 3294 3843 πονηρίας
3321 3773 3516 3825 αὐτῶν.
3555 3793 3571 3824 ι
3612 3773 3722 3842 Τῆς
3760 3775 3817 3826 δὲ
3852 3777 4059 3846 καρδίας

2512 3865 2579 3932 τῇ
2616 3865 2854 3933 πονηρία
2895 3864 3358 3936 μεμορφωμὲνης.
3391 3863 3636 3934 βδελυροὶ
3663 3867 3729 3918 ὲκ
3757 3867 3959 3935 ταύτης
3986 3867 4062 3917 λοι

2505 3955 2699 4022 γισμοὶ
2733 3955 3072 4022 ἀναπηδῶσι.

2579 4085 3009 4152 Καταγὲλαστον
3036 4085 3106 4139 ἂν
3133 4087 3218 4155 εἴη
3257 4087 3320 4139 τὸ
3349 4088 3643 4159 κατάρχειν
3678 4088 3787 4140 τῶν
3816 4088 4060 4158 ἀνδραπόο

2503 4173 2638 4237 δων,
2671 4171 3220 4243 ἐξανδραποδίζεσθαι
3256 4176 3314 4229 δὲ
3345 4177 3452 4229 ὑπὸ
3481 4178 3583 4246 τῆς
3614 4178 3908 4248 ἁμαρτίας.

2575 4285 2786 4348 Πάντες
2815 4288 2863 4337 οἱ
2887 4289 3206 4357 ἁμαρτωλοὶ
3233 4289 3563 4362 πολύτροποι
3587 4293 3858 4358 λέγονται.
3885 4293 4059 4354 Ἀλλος

2507 4375 2616 4445 γὰρ
2644 4377 2845 4445 τρόπος
2875 4381 3154 4448 πορνείας,
3211 4385 3304 4434 καὶ
3331 4382 3488 4445 ἄλλος
3519 4384 3717 4453 τρόπος
3748 4383 3942 4452 Θυμοῦ,
3978 4388 4058 4436 καὶ

2513 4465 2700 4535 ἕτερος
2735 4468 3038 4532 κενοδοξίας
3067 4471 3289 4540 τρόπος,
3312 4473 3404 4523 καὶ⁵
3433 4471 3649 4540 φθόνου,
3681 4476 3775 4524 καὶ
3815 4490 4059 4542 μνησικα-

2515 4558 2660 4619 κίας,
2693 4560 2786 4610 καὶ
2816 4559 2922 4610 τῶν
2956 4560 3101 4630 ἑξῆς.
3137 4564 3198 4612 υἱ
3230 4561 3284 4613 δὲ
3319 4563 3513 4615 δίκαιοι
3550 4563 3874 4632 μονότροποξ
3910 4567 4053 4616 εἰσιν.

2511 4649 2714 4718 Διόπερ
2746 4651 2912 4720 φησὶν
2947 4655 2974 4704 ὁ
3019 4653 3288 4722 μακάριος
3327 4654 3509 4716 Δαϐὶδ,
3539 4655 3619 4706 ὅτι
3657 4672 3674 4704 ι
3709 4655 3912 4724 Κύριος
3941 4673 4055 4707 κατ-

2507 4738 2703 4801 οικίζει
2740 4741 3120 4811 κοινοτρόπους
3155 4744 3212 4794 ὲν
3239 4744 3372 4813 οἴκῳ
3401 4763 3418 4794 ι
3457 4744 3832 4814 πνευματικῷ.

2583 4953 2642 5005 Εἰ
2665 4954 2864 5023 λεπρὸς
2895 4975 3025 5010 ποτε
3057 4961 3415 5024 κατάστικτος
3445 4963 3544 5030 τὴν
3586 4962 3780 5031 σάρκα,
3820 4963 3955 5033 μετὰ
3981 4965 4053 5014 πξο

2511 5059 2681 5107 στεως
2709 5048 3021 5114 προσελθὼν
3053 5051 3275 5120 Χριστῷ
3305 5052 3380 5122 τῷ
3411 5053 3725 5120 πανυιξὲστῳ
3753 5053 3893 5122 Θεῷ,
3908 5056 4048 5106 ἀπεί-

2508 5140 2678 5208 ληφεν
2716 5142 2918 5204 εὐθέως
2957 5145 3160 5213 ταύτην
3213 5148 3409 5209 παντὸς
3459 5147 3702 5219 καθαράν
3731 5149 3940 5210 σπίλον,
3975 5149 4053 5199 διὰ

2507 5232 2560 5282 τί
2595 5233 2754 5295 αὐτος
2788 5233 2967 5296 ὀκνεῖς
3005 5237 3185 5290 πίστει
3236 5239 3330 5292 καὶ
3378 5239 3562 5306 δεήσει
3611 5239 3938 5309 χρήσασθαι.
3973 5238 4053 5290 καὶ

2508 5323 2615 5373 τῶν
2647 5324 2880 5392 μιαρῶν,
2912 5328 3005 5378 καὶ
3032 5329 3358 5398 ἀκαθάρτων
3392 5330 3578 5382 παθῶν
3612 5330 3712 5400 τῆς
3756 5331 3929 5400 ψυχῆς
3975 5331 4027 5382 λυ

2507 5415 2779 5483 τρωθῆναι
2804 5432 2819 5479 ;

2582 5529 2694 5579 Ούκ
2720 5524 2876 5580 οἶσθα
2905 5529 2984 5581 ὅτι
3013 5522 3087 5581 ὧν
3116 5547 3198 5593 τις
3233 5533 3457 5601 ἡττῆται
3497 5534 3674 5603 ψυχῆς
3706 5535 3915 5596 παθῶν,
3952 5531 4051 5586 tci-

2508 5634 2612 5668 των
2655 5619 2860 5685 γίνεται
2902 5619 2996 5672 καὶ
3039 5621 3221 5685 δοῦλος
3255 5626 3575 5692 μαστιγίαςς
3607 5626 3720 5677 ἀλλ’
3749 5631 3851 5679 οὑκ
3902 5628 4050 5691 ἐσμέι

2509 5710 2668 5774 ἡμεῖς
2714 5711 3008 5779 παιδίσκης
3041 5713 3226 5776 τέκνα,
3273 5715 3409 5768 ἀλλὰ
3446 5717 3543 5784 τῆς
3579 5718 3884 5785 ἐὶευοέρας,
3917 5720 4049 5769 ὅπως

2508 5799 2895 5870 τῆῖάξιςαρτῖας
2930 5802 3287 5873 διαιρεθέντες
3355 5809 3814 5872 ὶῑνῦερῖάσισιιθῖν.
3845 5811 4044 5873 Αξρετὶ.
