4218 6446
226 381 362 446 1173

1505 397 1742 459 SACRA
1783 399 2243 464 PARALLELAo

3324 420 3462 488 1174

298 514 315 544 ι
360 494 680 563 Ἐπανάγων
728 497 836 550 ἀπὸ
877 498 1224 572 δικαιοσύνης
1272 505 1353 567 εἰς
1411 506 1708 579 ἁμαρτίαν,
1755 513 1783 563 ὁ
1811 515 1861 569 Α
1960 556 1964 564 .

1811 515 1861 569 Α
1960 513 2127 571 Eccli.
2155 534 2304 583 xxvr,
2328 517 2420 571 ‘27.
2446 549 2515 559 --
2548 539 2563 569 ι
2603 520 2707 587 Qui
2755 527 3048 582 revertitur
3073 543 3101 582 a
3147 530 3363 600 justitta
3388 540 3459 593 ad

223 585 423 654 Κύριος
454 589 733 656 ἑτοιμάσει
768 590 848 653 είς
882 594 1153 662 ῥομφαῖαν
1185 596 1369 649 αὐτόν.
1404 616 1423 648 ι

303 696 320 726 ι
354 680 541 742 Οὐδεὶς
571 681 846 734 ἐπιϐαλὼν
876 685 973 753 τὴν
1006 689 1165 755 χεῖρα
1217 688 1381 740 αὑτοῦ
1416 692 1502 743 ἐπ’
1533 692 1785 765 ἄροτρον,

224 771 317 820 καὶ
353 770 565 838 βλέπων
596 777 674 837 εἰς
703 777 771 828 τὰ
795 778 992 845 ὀπίσω,
1023 779 1123 831 οὐκ
1159 777 1375 845 εὔθετός
1399 784 1546 838 ἐστιν
1574 789 1653 849 εἰς
1690 790 1789 857 τὴν

222 858 501 927 βασιλείαν
534 865 626 917 τοῦ
648 866 804 921 Θεοῦ.
847 887 864 919 ι

302 974 315 1003 ι
355 956 411 1006 Ι·Σί
442 960 813 1025 ἀποφυγόντες
842 964 908 1017 τὰ
939 966 1225 1036 μιάσματα
1249 968 1340 1021 τοῦ
1365 969 1566 1039 κόσμου
1592 974 1648 1023 ὲν
1671 972 1791 1023 ἐπι-

222 1043 419 1108 γνώσει
446 1047 538 1098 τοῦ
572 1051 776 1120 Κυρίου
822 1056 977 1123 ἡμῶν
1012 1059 1104 1109 καὶ
1150 1061 1399 1130 Σωτῆρος
1438 1062 1609 1131 Ἰησοῦ
1654 1064 1789 1133 Χρι-

224 1136 378 1197 στοῦ,
409 1140 582 1209 τούτῳ
603 1143 658 1194 δὲ
687 1144 852 1197 πάλιν
886 1150 1275 1217 ἐμπλακέντες.
1312 1154 1599 1223 ἡττῶνται,
1634 1155 1789 1223 γέγο-

220 1246 309 1279 νεν
334 1232 513 1296 αὐτοῖς
543 1237 609 1288 τὰ
639 1235 838 1305 ἔσχατα
870 1240 1087 1311 χείρονα
1111 1245 1219 1311 τῶν
1250 1246 1499 1314 πρώτων.
1521 1248 1787 1317 Κρεῖσσον

220 1324 546 1391 γαρναὺτοῖς
601 1327 675 1397 μὴ
718 1331 1090 1398 ἐπεγνωκέναι
1136 1338 1233 1405 τὴν
1280 1338 1395 1390 ὁδὸν
1430 1339 1531 1405 τῆς
1584 1340 1787 1393 δικαιο-

220 1412 409 1481 σύνης,
438 1417 468 1482 ῆ
503 1419 815 1484 ἐπιγνοῦσιν
850 1424 1190 1495 ὑποστρέψαι
1225 1430 1287 1481 ὲκ
1326 1431 1425 1498 τῆς
1460 1432 1785 1502 παραδοθεί-

222 1520 321 1570 σης
359 1507 539 1570 αὐτοῖς
570 1510 666 1579 τῆς
717 1512 877 1579 ἁγίας
911 1516 1147 1586 ἐντολῆς.
1181 1520 1501 1592 Συμόέϐηκε
1547 1525 1656 1593 γὰρ
1686 1525 1783 1576 αὺ-

217 1597 333 1656 τοῖς
364 1597 422 1647 τὸ
464 1601 560 1666 τῆς
595 1601 829 1671 ἀληθοῦς
875 1610 1204 1678 παροιμίας·
1256 1612 1402 1664 κύων
1453 1616 1787 1684 ἐπιστρέψας

217 1686 313 1736 ἐπὶ
376 1689 434 1739 τὸ
488 1690 619 1742 ἴδιον
655 1693 955 1769 ἐξέρασμα,
985 1701 1079 1753 καὶ
1103 1696 1165 1765 ὗς
1205 1704 1540 1775 λουσάμενος
1571 1710 1651 1770 είς
1691 1709 1785 1761 κύ-

216 1773 387 1842 λισμα
421 1776 706 1851 βορϐόρου.
742 1803 761 1836 ι

1886 616 2195 675 peccaturo,
2231 612 2443 679 parabit
2468 628 2591 667 eum
2623 615 2884 672 Dominus
2920 620 2987 674 ad
3021 626 3379 694 romphaeam.
3430 649 3449 680 ›

1957 697 2084 752 Luc.
2125 717 2199 761 ix,
2232 702 2320 756 62.
2355 734 2421 742 ——
2458 722 2475 753 ι
2505 704 2673 758 Nemo
2700 708 2924 764 mittens
2946 728 3165 769 manum
3187 734 3345 772 suam
3390 725 3457 775 ad

1890 800 2158 855 aratrum,
2187 802 2243 846 et
2275 796 2581 864 respiciens
2612 806 2781 865 retro,
2814 812 2977 872 aptus
3008 816 3091 860 est
3112 823 3278 879 regno
3301 809 3452 867 Dei.»

1963 961 2027 1016 11
2053 963 2198 1018 Petr.
2234 980 2293 1026 It,
2316 964 2504 1020 20-22.
2533 997 2604 1009 —
2639 986 2658 1020 ι
2690 966 2746 1022 Si
2778 971 3106 1042 refugientes
3134 977 3459 1048 coinquina-

1890 1056 2063 1111 tiones
2121 1059 2307 1112 mundi
2339 1059 2390 1113 in
2423 1063 2736 1127 cognitione
2784 1062 2998 1122 Domini
3032 1071 3209 1125 nostri
3246 1080 3299 1127 et
3331 1072 3458 1127 Sal-

1889 1150 2094 1204 vatoris
2142 1149 2271 1204 Jesu
2311 1151 2692 1215 Cbristi,buic
2719 1170 2913 1211 rursus
2968 1158 3233 1229 implicati
3291 1179 3458 1233 supe-

1888 1248 2102 1304 rantur,
2118 1239 2258 1293 facta
2286 1249 2413 1294 sunt
2435 1243 2516 1295 eis
2536 1246 2842 1312 posteriora
2861 1249 3131 1305 deteriora
3156 1254 3457 1321 prioribus.

1890 1330 2083 1385 Melius
2106 1332 2251 1385 enim
2294 1342 2411 1387 erat
2441 1335 2549 1388 illis
2586 1351 2694 1390 non
2724 1354 3064 1408 cognoscere
3095 1344 3240 1398 viam
3281 1347 3457 1415 justi-

1888 1424 1999 1488 tiae,
2030 1440 2194 1493 quam
2228 1435 2351 1494 post
2380 1428 2716 1496 agnitionem
2767 1439 3071 1488 retrorsum
3103 1439 3351 1491 converti
3385 1440 3455 1493 ab

1889 1531 1956 1571 eo
1987 1518 2134 1600 quod
2197 1518 2462 1572 traditum
2523 1528 2629 1584 est,
2653 1533 2847 1577 sancto
2880 1526 3160 1581 mandato.
3220 1528 3459 1600 Contigit

1887 1610 2033 1664 enim
2062 1594 2141 1665 eis
2169 1612 2301 1665 illud
2335 1612 2447 1666 veri
2478 1614 2780 1681 proverbii,
2809 1615 2968 1685 35,3
2998 1618 3169 1672 Canis
3199 1634 3459 1678 reversus

1886 1697 1956 1752 ad
1990 1713 2150 1753 suum
2182 1699 2469 1764 vomitum,
2493 1711 2548 1755 et
2576 1717 2670 1757 sus
2703 1702 2812 1756 lota
2840 1701 2896 1757 in
2932 1705 3220 1761 volutabro
3247 1708 3368 1764 luti.
3399 1728 3420 1761 ι

305 1870 564 1923 Ἐλεεινὸν
597 1873 794 1945 θέαμα,
843 1879 982 1948 μετά
1016 1884 1287 1950 νηστείαν,
1347 1886 1485 1954 μετὰ
1545 1856 1855 1958 σκληρα·Β
1964 1912 1971 1929 λ

1811 1856 1855 1909 Β
1964 1875 2133 1929 Basil.
2158 1874 2315 1930 "om.
2342 1878 2396 1930 in
2421 1879 2592 1945 princ.
2612 1878 3215 1936 Prov.—Miserandum
3243 1889 3459 1950 specta—

220 1964 453 2029 γωγὶαν,
492 1968 628 2033 μετά
657 1972 966 2042 προσευχὴν
998 1976 1209 2046 ἐκτενῆ,
1266 1978 1404 2047 μετά
1434 1980 1667 2050 δάκρυον
1695 1983 1787 2034 δα-

219 2054 392 2121 ¹ᾇιλὲς,
427 2059 562 2126 μετὰ
583 2063 907 2131 ἐγκράτειαν
927 2067 1062 2119 ἑτῶν
1094 2068 1264 2122 εἴκοσί
1288 2072 1437 2141 πουῆ
1471 2076 1784 2143 τριάκοντα,

218 2145 289 2197 δι’
312 2150 641 2219 ἀπροσεξίαν
670 2154 846 2225 ψυχῆς
867 2160 962 2211 καὶ
986 2160 1243 2229 ἀμέλειαν
1276 2164 1482 2232 γυμνὸν
1527 2166 1785 2219 ἁπάντων

217 2239 647 2311 ἀποδειχθῆναι,
700 2249 795 2300 καὶ
848 2252 1222 2323 παραπλήσιον
1283 2256 1534 2323 γενέσθαι
1590 2258 1681 2310 τὸν
1717 2262 1782 2328 τῇ

220 2331 452 2401 ἐργασίᾳ
513 2335 620 2386 τῶν
658 2339 885 2393 ἐντολῶν
940 2343 1334 2415 εὐθηνούμενον
1388 2348 1615 2418 ἐμπόρῳ
1678 2351 1785 2403 τινὶ

218 2427 661 2499 μεγαλοπλοὺτῳ,
699 2432 755 2496 ὂς
784 2435 851 2487 τὰ
876 2437 1052 2506 πλήθη
1086 2439 1191 2490 τῶν
1250 2441 1551 2511 ἀγωγίμων
1577 2443 1781 2511 ἐπαγὸσ

217 2535 399 2584 μενος,
431 2522 488 2586 ἐξ
516 2524 704 2594 οὐρίας
748 2527 901 2597 αὐτῷ
930 2530 1029 2599 τῆς
1068 2531 1193 2601 νηὸς
1226 2536 1557 2604 φερομένης,
1587 2536 1655 2588 τά
1683 2554 1779 2604 φο·-

214 2611 351 2677 ὅερὶι
386 2614 592 2685 πελάγη
640 2618 974 2689 διαδραμὼν,
1023 2626 1159 2693 πρὸς
1205 2627 1388 2688 αὐτοῖς
1431 2630 1546 2691 τοῖς
1596 2628 1779 2699 λιμέσι

211 2702 601 2773 διαῤῥαγέντος
636 2710 729 2762 τοῦ
788 2713 996 2777 πλοίου,
1048 2718 1263 2769 πάντων
1323 2716 1529 2787 ἕρημος
1584 2719 1780 2787 ἀθρόον

211 2795 533 2868 ἀπεδείχθη.
575 2800 697 2853 Ἐὰν
752 2805 846 2855 καὶ
898 2801 1051 2865 οὗτος
1085 2809 1152 2855 τὰ
1184 2804 1400 2874 μυρίοις
1451 2806 1634 2867 πόνοις
1686 2809 1780 2860 καὶ

216 2881 406 2949 ἱδρῶσι
434 2889 723 2954 κτηθέντα,
757 2890 855 2960 μιᾷ
891 2892 1159 2961 προσϐολῇ
1216 2894 1467 2963 δαίμονος
1510 2896 1775 2968 ἀπολέσῃ,

213 2968 406 3043 ὥσπερ
458 2978 565 3029 τινὶ
611 2979 788 3050 ἀγρίῳ
843 2981 1063 3035 λαίλαπι
1092 2987 1157 3054 τῇ
1188 2986 1434 3056 ἁμαρτία
1482 2988 1771 3057 βυθισθείςο

213 3064 503 3132 πρέπουσα
529 3071 682 3140 φωνὴ
705 3072 781 3142 τῷ
811 3075 991 3127 πᾶσαν
1020 3076 1155 3145 ὁμοῦ
1204 3077 1303 3148 τὴν
1358 3082 1561 3149 ἀρετὴν
1609 3100 1775 3135 ναυα-

212 3158 468 3223 γήσαντι.
500 3179 518 3210 ι
550 3156 752 3215 Ἦλθον
807 3168 887 3227 εἰς
912 3167 980 3219 τὰ
1025 3167 1162 3239 βάθη
1216 3170 1315 3241 τῆς
1359 3171 1654 3245 θαλάσσης,
1682 3176 1775 3227 καὶ

210 3247 469 3314 καταιγὶς
501 3254 856 3308 κατεπόντισε-Ξ
889 3273 977 3325 με.
1008 3276 1025 3308 ι

298 3422 358 3474 Ὀ
393 3424 451 3475 ἐν
481 3432 728 3498 προκοπῇ
792 3432 1084 3500 γενόμενος
1144 3435 1366 3503 ἀγαθῶν
1418 3438 1617 3508 ἔργων,
1664 3437 1785 3493 εἶτα

210 3513 656 3585 παλινδρομήσας
705 3522 839 3589 πρὸς
897 3524 997 3593 τὴν
1051 3527 1284 3595 ἀρχαίαν
1342 3533 1664 3599 συνήθειαν,
1722 3534 1782 3584 οὐ

214 3607 379 3674 μόνον
430 3610 541 3670 τοῖς
590 3613 986 3682 πεπονημένοις
1042 3618 1232 3685 μισθὸν
1294 3619 1599 3694 ἐζημιώθη,
1647 3625 1782 3679 ἀλλὰ

210 3697 310 3748 καλ⁵
336 3696 645 3768 βαρυτέρας
671 3702 919 3768 ἀξιοῦται
952 3706 1052 3776 τῆς
1076 3713 1475 3783 κατακρίσεως.

284 3874 357 3925 Τὸ
402 3876 548 3943 ἅπαξ
611 3879 731 3932 τινὰ
774 3883 1205 3953 μετανοήσαντα,
1259 3886 1359 3955 τὴν
1399 3888 1569 3959 αὐτὴν
1616 3893 1781 3947 πάλιν

205 3965 433 4030 ποιῆσαι
466 3958 762 4036 ἁμαρτίαν,
797 3972 1014 4043 ἔλεγχός
1047 3976 1161 4028 ἐστι
1206 3977 1384 4043 τοῦτο,
1441 3970 1657 4050 πρῶτον
1689 3987 1785 4055 αἶ’-π

203 4073 323 4108 τιον
360 4061 458 4127 τῆς
511 4061 788 4131 ἁμαρτίας
833 4067 1052 4137 ἐκείνης
1081 4071 1155 4140 μὴ
1205 4072 1563 4143 κεκαθάρθαι,
1596 4078 1689 4144 ἀφ’
1716 4073 1775 4131 οὗ

201 4147 459 4220 καθάπερ
487 4152 591 4203 ἀπὸ
614 4154 769 4222 ῥίζης
796 4158 940 4219 τινος
961 4160 1026 4211 τὰ
1062 4158 1152 4214 ἶσα
1185 4162 1415 4229 φύεσθαι
1465 4168 1771 4234 συμϐαίνει.

203 4242 421 4311 ’Ὥσπερ
456 4244 508 4294 εἴ
530 4249 808 4314 τιςφυτοῦ
832 4249 1057 4314 κλάδους
1089 4255 1317 4324 ἐκκόψαι
1350 4256 1646 4327 θελησειεν,
1677 4261 1776 4330 τὴν

201 4334 365 4402 ῥίζαν
416 4337 620 4401 ἐάσας,
669 4341 819 4392 οὐδὲν
862 4339 1023 4412 ἦττον
1062 4348 1094 4414 ἡ
1132 4348 1257 4417 ῥίζα
1328 4350 1565 4419 μένουσα
1610 4351 1773 4404 πάλιν

200 4426 515 4496 βλαστάνει.

1892 1968 2095 2022 culum.
2129 1965 2261 2021 Post
2293 1967 2585 2038 jejunium,
2644 1979 2768 2040 post
2810 1986 3062 2042 asperum
3112 1974 3237 2028 vitae
3265 1989 3457 2043 genus.

1892 2066 2015 2126 post
2045 2058 2293 2111 assiduas
2334 2069 2691 2130 preces,post
2718 2060 2914 2117 uberes
2971 2062 3240 2135 Iacrymas
3265 2105 3279 2129 ,
3338 2072 3461 2134 post

1892 2149 2280 2203 abstinentiam
2312 2151 2506 2218 viginti
2538 2152 2758 2207 circiter
2788 2162 2881 2207 aut
2916 2155 3139 2225 triginta
3164 2171 3457 2218 annorum,

1893 2248 2112 2308 propter
2156 2240 2354 2293 anima:
2394 2242 2780 2312 negligentiam
2823 2251 2876 2299 et
2903 2244 3173 2299 incuriam
3205 2247 3459 2302 omnibus

1890 2332 2095 2395 orbari,
2125 2339 2177 2385 et
2208 2348 2330 2386 eum
2360 2334 2451 2403 qni
2485 2335 2862 2389 mandatorum
2893 2336 3203 2390 divinorum
3236 2354 3437 2393 exsecu

1889 2426 2035 2479 tione
2059 2434 2113 2479 et
2144 2437 2350 2496 quaestu
2381 2426 2653 2489 attinebat,
2689 2428 2927 2483 similem
2956 2430 3187 2486 evadere
3221 2432 3460 2502 locuple-

1889 2518 2104 2573 tissimo
2123 2519 2335 2573 cuidam
2368 2520 2714 2589 negotiatori,
2739 2522 2831 2591 qui
2852 2522 3223 2592 amplissimas
3249 2540 3458 2582 merces

1888 2625 2073 2663 secum
2105 2610 2358 2676 eifcrens,
2391 2621 2444 2665 et
2470 2612 2712 2666 secundo
2735 2622 2898 2667 vento
2931 2615 3239 2683 periculosa
3286 2616 3458 2669 maria

1887 2714 2164 2761 emensus,
2206 2700 2259 2752 in
2321 2701 2441 2769 ipso
2494 2701 2677 2757 littore
2719 2703 2943 2757 eﬂ’racta
2997 2706 3144 2770 navi,
3202 2706 3457 2761 omnibus

1886 2792 2065 2843 statim
2096 2790 2294 2862 Opibus
2324 2793 2571 2861 privatur
2603 2812 2616 2847 :
2651 2795 2698 2849 si
2745 2795 2967 2866 quidem
3004 2797 3092 2851 llic
3121 2814 3340 2867 quoque
3391 2815 3455 2855 ea

1884 2900 2005 2954 qum
2052 2886 2326 2939 sexcentis
2376 2886 2655 2943 laboribus
2699 2897 2754 2942 et
2805 2890 3101 2946 sudoribus
3140 2894 3454 2961 quaesierat,

1884 2978 2046 3032 unico
2096 2976 2359 3032 daemonis
2411 2980 2620 3033 assultu
2678 2980 2891 3050 perdat,
2946 2997 2975 3035 a
3023 2993 3248 3052 peccato
3286 2986 3455 3039 veluti

1884 3085 2025 3126 Saevo
2058 3070 2291 3141 quodam
2326 3073 2545 3126 turbine
2593 3074 2938 3130 submersus.
2986 3074 3125 3131 Hinc
3177 3093 3329 3143 sane,
3360 3079 3455 3148 qui

1885 3165 2112 3219 virtutes
2147 3178 2335 3219 omnes
2392 3164 2538 3219 facto
2576 3166 2861 3237 naufragio
2902 3168 3169 3231 amiserit.
3212 3185 3315 3223 vox
3351 3171 3456 3225 ista

1887 3258 2199 3311 convenerit
2231 3298 2245 3311 .
2279 3277 2297 3310 ι
2331 3256 2466 3312 Veni
2511 3260 2565 3312 in
2611 3260 2954 3315 altitudinem
3006 3262 3201 3326 maris,
3229 3270 3283 3319 et
3317 3270 3455 3317 tem-

1886 3356 2067 3418 pestas
2096 3349 2357 3405 demersit
2386 3367 2469 3405 mc
2502 3350 2675 3420 (Psal.
2701 3368 2889 3417 vatn,
2920 3352 2997 3424 5).
3034 3372 3052 3403 ι

1957 3440 2112 3510 Ejus.
2162 3441 2302 3495 hom.
2339 3443 2401 3496 de
2436 3443 2596 3498 llebr.
2623 3475 2694 3482 —
2724 3445 2824 3511 Qui
2881 3446 2937 3500 in
2983 3446 3143 3501 bonis
3192 3447 3451 3515 operibus

1886 3548 2234 3603 progressum
2266 3534 2414 3597 fecit,
2445 3551 2510 3590 ac
2548 3537 2758 3592 deinde
2782 3537 2848 3592 ad
2894 3546 3132 3593 veterem
3157 3550 3452 3594 consuetu-

1884 3628 2065 3682 dinem
2105 3628 2289 3691 rediit,
2326 3629 2373 3684 is
2406 3645 2515 3684 non
2551 3632 2730 3685 solum
2766 3632 3013 3685 laborum
3037 3647 3176 3700 quos
3206 3633 3452 3685 exantla-

1882 3719 1957 3772 vit
1984 3720 2163 3772 l'ructu
2188 3720 2472 3786 multatur,
2506 3722 2601 3777 sed
2654 3731 2708 3777 et
2751 3722 3001 3793 graviore
3030 3723 3298 3793 supplicio
3331 3722 3449 3777 alli-

1881 3812 2045 3865 citur.

1949 3904 2105 3969 Quod
2139 3906 2412 3975 quispiam
2452 3915 2575 3977 post
2626 3909 3003 3976 pmnitentiam
3037 3909 3178 3963 idem
3229 3923 3448 3963 rursum

1878 3996 2058 4049 scelus
2106 3995 2376 4060 admittat,
2421 3996 2474 4050 id
2520 4007 2843 4066 argumento
2877 4007 2981 4059 est,
3013 3998 3243 4068 primam
3302 3997 3449 4050 illius

1878 4087 2088 4155 peccati
2120 4102 2342 4141 causam
2381 4087 2603 4142 minime
2639 4085 2989 4157 repu‘rgatam
3034 4103 3189 4154 esse;
3263 4097 3450 4157 utpote

1875 4194 1937 4229 ex
1972 4192 2077 4246 qua
2110 4186 2369 4246 tanquam
2401 4194 2465 4231 ex
2494 4180 2679 4231 radice
2732 4178 2991 4247 quadam,
3031 4179 3220 4233 eadem
3262 4181 3446 4247 pullu-

1878 4266 1989 4317 lare
2049 4269 2348 4335 contingat.
2425 4266 2893 4331 Quemadmodum
2944 4268 2990 4321 si
3040 4267 3167 4336 quis
3227 4269 3443 4324 arboris

1876 4368 2057 4407 ramos
2136 4362 2427 4425 amputare
2481 4355 2753 4423 cupiens,
2830 4355 3069 4411 radicem
3126 4358 3438 4427 relinquat,

1874 4445 2235 4501 nihilominus
2274 4446 2425 4500 radix
2460 4461 2689 4501 manens
2729 4448 2927 4501 iterum
2966 4448 3264 4503 l'ruticabit.

289 4520 405 4587 Ἐφ’
432 4516 512 4585 οἷς
544 4522 609 4574 ἂν
640 4522 786 4592 εὕρω
847 4527 988 4595 ὑμᾶς
1034 4530 1127 4580 ἐπὶ
1184 4530 1391 4591 τούτοις
1447 4535 1539 4586 καὶ
1575 4537 1765 4605 κρινῶο
1802 4550 1845 4603 D
1944 4546 1955 4591 l

1802 4550 1845 4603 υ
1944 4537 2111 4592 Clem.
2143 4540 2318 4603 Alcm,
2356 4538 2614 4595 Stromat.
2647 4540 2778 4605 Qui:
2806 4542 2947 4594 dives
2974 4542 3107 4596 salv.
3145 4540 3172 4611 §
3202 4539 3289 4595 60.
3318 4539 3336 4579 ι
3368 4570 3438 4582 --

196 4614 296 4664 καὶ
326 4615 647 4681 παρέκαστα
680 4618 778 4685 βοᾷ
800 4618 858 4669 τὸ
890 4621 1039 4683 τέλος
1063 4623 1342 4689 ἁπάντων,
1375 4619 1519 4679 ῶστε
1576 4630 1668 4682 καὶ⁵
1697 4629 1765 4683 τὰ

200 4705 437 4772 μέγιστα
482 4707 541 4759 εὖ
587 4710 909 4779 πεποιηκότι
956 4713 1045 4766 τὸν
1098 4713 1250 4783 βίον,
1298 4717 1390 4768 ἐπὶ
1419 4718 1475 4770 δὲ
1524 4720 1619 4772 τοῦ
1674 4721 1766 4774 τέο

194 4797 328 4858 λονς
366 4799 696 4861 ἐξοκείλαντι
729 4803 863 4873 πρὸς
914 4807 1113 4859 κακίαν
1138 4848 1151 4870 ,
1199 4810 1442 4878 ἀνόνητοι
1478 4814 1677 4877 πάντες
1717 4816 1767 4867 οἱ

195 4889 438 4957 πρόσθεν
470 4893 639 4952 πόνοι,
670 4894 761 4945 ἐπὶ
791 4898 855 4965 τῇ
881 4902 1227 4968 καταστροφῇ
1252 4901 1345 4953 τοῦ
1380 4902 1653 4973 δράματος
1679 4904 1766 4968 ἐξ·

193 4982 379 5035 ἁθλων
403 4985 727 5053 γενομένων.

273 5160 444 5211 Ὅταν
486 5160 770 5229 ἄνθρωπος
814 5164 1021 5229 δίκαιος
1073 5168 1302 5240 ἐκπέσῃ.
1341 5169 1593 5241 λέγωμεν
1638 5175 1766 5241 περὶ

194 5248 365 5299 αᾲτοῦ
395 5251 455 5300 τὸ
495 5250 679 5320 λεχθὲν
719 5255 869 5322 παρὰ
898 5256 993 5307 τοῦ
1034 5258 1256 5311 Ἠσαίου
1298 5274 1313 5287 ·
1349 5280 1365 5310 ι
1400 5264 1522 5325 Πῶς
1572 5265 1762 5326 ἐξέπε-

194 5357 289 5390 σεν
320 5341 347 5390 ὁ
380 5342 651 5411 ἑωσφόρος
675 5344 733 5407 ἐξ
754 5345 1001 5414 οὐρανοῦ,
1062 5352 1155 5401 καὶ
1204 5353 1285 5413 είς
1322 5352 1423 5422 τὴν
1476 5356 1579 5424 γῆν
1635 5373 1759 5408 συν-

192 5433 420 5500 ετρίεη;
447 5451 462 5480 ι

1876 4630 1932 4683 In
1963 4631 2167 4698 quibus
2197 4644 2291 4682 vos
2321 4629 2603 4691 invenero,
2652 4630 2706 4683 in
2744 4631 2827 4685 bis
2856 4632 3017 4684 etiam
3038 4632 3298 4700 judicabo
3334 4651 3346 4686 :
3380 4631 3435 4685 id

1872 4723 2018 4791 quod
2050 4722 2105 4774 in
2133 4735 2459 4790 unaquaque
2489 4737 2547 4775 re
2578 4721 2702 4774 linis
2737 4721 2981 4775 omnium
3006 4723 3227 4777 clamat.
3253 4724 3435 4792 Itaque

1868 4813 1995 4866 licet
2029 4813 2151 4881 quis
2181 4818 2328 4865 recte
2358 4812 2524 4864 vitam
2560 4826 2777 4865 omnem
2818 4813 3166 4884 transegerit,
3210 4814 3296 4867 ubi
3332 4816 3434 4869 sub

1866 4905 1989 4957 vita:
2022 4902 2179 4957 ﬁnem
2228 4904 2283 4956 in
2316 4902 2506 4956 vilium
2548 4902 2651 4956 erit
2707 4905 3045 4972 provolutus,
3106 4906 3312 4959 nullum
3363 4922 3431 4960 ex

1866 4996 2110 5066 pristinis
2137 4994 2392 5049 omnibus
2426 4996 2697 5050 laboribus
2759 4996 2990 5050 fructum
3037 5007 3423 5067 consequetur,

1864 5088 2100 5157 praemiis
2133 5086 2312 5141 fabula
2348 5096 2563 5156 peracta
2601 5087 2715 5157 jam
2748 5089 3075 5143 distributis.

1933 5179 2048 5231 Nili
2085 5180 2261 5233 Ascet.
2294 5179 2517 5232 —Dum
2552 5180 2715 5233 homo
2737 5180 2919 5249 justus
2946 5195 2975 5233 a
3019 5180 3236 5249 justitia
3270 5181 3421 5233 exci-

1857 5273 2015 5331 derit.
2052 5271 2119 5325 de
2161 5273 2251 5324 illo
2282 5271 2528 5325 dicamus
2571 5271 2714 5341 quod
2749 5272 2815 5323 ab
2846 5270 2985 5324 Isaia
3015 5272 3218 5325 dictum
3266 5270 3368 5324 fuit
3402 5290 3415 5322 :

1862 5380 1880 5412 ι
1919 5361 2199 5425 Quomodo
2227 5362 2425 5415 cecidit
2451 5377 2480 5415 ο
2509 5364 2648 5415 ccnlo
2673 5361 2909 5425 Lucifer,
2942 5370 2994 5417 et
3024 5362 3076 5415 in
3108 5368 3251 5416 terra
3282 5378 3418 5415 con-

1856 5454 2013 5505 tritus
2039 5452 2151 5505 est?
2184 5471 2203 5502 ι
2240 5449 2375 5521 (Isa.
2404 5466 2511 5517 XIV,
2546 5450 2659 5505 ιε.)

1469 5607 1697 5663 VARle
1741 5611 2140 5666 LEtlTIONES.

236 5758 241 5764 ,
276 5684 287 5722 ¹
333 5685 387 5781 ll"
426 5684 615 5750 RHlll'l'.
653 5689 763 5768 Itan:
787 5703 1007 5781 accepta
1051 5695 1322 5759 feruntur,
1365 5703 1430 5754 ἐκ
1472 5703 1564 5755 τοῦ
1592 5712 1639 5756 α’
1670 5706 1913 5775 Στρωμη,
1940 5723 2003 5760 ea:
2030 5706 2121 5759 lib.
2159 5721 2173 5757 ι
2211 5703 2406 5759 Strom.
2429 5701 2545 5781 “Ubi
2568 5717 2687 5781 _t_t0_u
2732 5700 3244 5781 οςευγγειηιρεεςιλιι
3273 5699 3413 5754 “bro

192 5756 447 5851 eiusgetn
474 5762 735 5819 auctoris,
770 5766 857 5818 cui
885 5756 1077 5823 titulus
1107 5777 1191 5825 cst
1217 5789 1228 5825 :
1260 5756 1391 5835 Qui;
1421 5774 1557 5829 dire;
1576 5756 2184 5851 salt'an'dus’s'it,“quiin
2208 5756 2398 5832 iisdem
2427 5770 2707 5827 Parallelis
2742 5768 3054 5839 identidem.
3085 5776 3133 5840 η’
3170 5770 3407 5839 Στρωμ..

195 5843 296 5883 νηιι
324 5823 518 5882 Strom.
576 5841 820 5887 vocatur.
