4218 6446
227 424 371 491 1177

1448 436 1680 497 SACRA
1717 438 2177 500 PARALLELA.

3310 443 3448 510 1178

224 538 337 590 ἀπὸ
359 536 456 605 τῆς
477 536 636 607 δόξης
657 522 757 608 τῆς
788 537 971 608 ίσχύος
1000 539 1186 606 αὑτοῦ,
1214 542 1345 596 ὅταν
1377 544 1583 615 άναστῆ
1618 544 1788 616 οραῡ-
1813 550 1890 604 Α.

1837 550 1861 604 ι
1886 555 1940 600 et
1976 562 2007 600 a
2035 547 2208 618 gloria
2237 546 2459 602 virtutis
2484 546 2625 618 ejus,
2658 545 2882 618 quando
2931 548 3240 604 surrexerit
3278 564 3473 608 contt-
3499 571 3503 575 ·

228 645 320 681 σαι
351 628 451 697 τὴν
479 628 603 697 γῆν.
630 647 650 681 ι

305 738 325 773 ι
376 721 503 775 Ἰδοὺ
526 720 710 791 ήμέρα
736 722 944 794 Κυρίου
972 724 1195 788 ἀνίατος
1249 725 1468 797 ἔρχεται
1521 730 1663 798 μετὰ
1691 730 1789 783 θυ-

231 813 334 882 μοῦ
368 814 463 866 καὶ
489 812 679 884 ὀργῆς,
707 814 866 884 θῆναι
898 818 998 887 τὴν
1040 819 1366 889 οἰκουμένην
1411 822 1541 893 ὃλην
1586 823 1790 892 ἔρημον

229 907 327 957 καὶ
373 905 501 968 τοὺς
544 906 904 977 ἁμαρτωλοὺς
960 910 1212 965 ἀπολέσει
1256 912 1313 979 ἐξ
1353 914 1542 983 αὐτῆς.
1594 918 1655 969 υἱ
1681 917 1790 988 γὰρ

224 995 455 1066 ἀστέρες
506 996 605 1050 τοῦ
655 1000 908 1069 οὐρανοῦ,
964 1002 1110 1055 καὶὸ
1140 1004 1357 1073 Ὠρίων,
1404 1007 1497 1058 καὶ
1528 1009 1557 1060 6
1587 1008 1789 1078 κόσμος

225 1088 337 1151 πᾶς
379 1087 474 1140 τοῦ
517 1089 768 1159 οὐρανοῦ,
797 1090 859 1143 τὸ
903 1092 1018 1160 φῶς
1073 1093 1254 1146 αὐτῶν
1303 1096 1362 1148 ού
1393 1096 1644 1161 δώσουσι,
1695 1100 1789 1153 καὶ

227 1180 692 1251 σκοτασθήσονται
713 1181 806 1235 τοῦ
836 1182 988 1252 ηλίου
1011 1185 1412 1252 ἀνατέλλοντος,
1442 1192 1538 1243 καὶ
1565 1192 1599 1261 ή
1628 1190 1789 1262 σελή-

223 1288 291 1340 νη
325 1271 386 1323 ού
414 1271 578 1326 δώσει
600 1273 663 1326 τὸ
688 1273 824 1342 φῶς.
872 1276 981 1329 Καὶ
1036 1276 1356 1349 ἐπελοῦμαι
1383 1283 1450 1351 τῇ
1494 1282 1788 1356 οίκουμένῃ

221 1362 319 1433 ὅλῃ
356 1365 520 1427 κακά,
553 1366 647 1418 καὶ
696 1369 811 1431 τοῖς
846 1368 1070 1422 ἀσεϐέσι
1096 1370 1194 1434 τὰς
1223 1372 1501 1440 ἁμαρτίας
1553 1374 1732 1427 αὐτῶν
1765 1389 1784 1407 ⁶

222 1456 319 1507 καὶ
338 1455 595 1510 ἀπολέσω
634 1457 792 1530 ὕϐριν
812 1460 1048 1530 ἀνόμων,
1082 1462 1177 1515 καὶ
1211 1461 1369 1533 ὓϐριν
1420 1464 1786 1535 ὑπερηφάνων

218 1547 567 1603 ταπεινὼσω.
601 1568 619 1600 ι

301 1659 321 1693 ι
371 1641 791 1713 Ἀναστήσονται
824 1645 874 1698 oi
917 1646 1122 1717 νεκροὶ,
1172 1662 1268 1701 και
1319 1646 1706 1720 ἐγερθήσονται
1734 1650 1783 1703 οί

220 1734 280 1786 ἐν
310 1736 423 1796 τοῖς
455 1735 761 1804 μνημείοις.
789 1756 808 1788 ι

295 1848 315 1880 ι
348 1827 488 1893 Ἐγὼ
541 1829 612 1883 τὰ
664 1830 799 1901 ἔργα
854 1831 1068 1899 αὐτῶν,
1127 1833 1221 1886 καὶ
1266 1832 1359 1887 τὸν
1423 1833 1782 1906 συλλογισμὸν

214 1920 451 1993 ἔρχομαι
481 1927 831 1993 συναγαγεῖν.
850 1943 869 1977 ι

293 2032 311 2065 ι
346 2014 695 2086 Εἱλιγήσεται
727 2018 757 2069 6
783 2017 1011 2089 οὐρανὸς
1062 2016 1139 2081 ὼς
1175 2017 1402 2089 βιϐλίον,
1458 2019 1553 2071 καὶ
1602 2019 1782 2073 πάντα

212 2107 287 2160 τὰ
337 2108 512 2176 ἄστρα
561 2108 853 2163 πεσοῦνται
896 2110 974 2173 ὡς
1012 2109 1211 2179 φύλλον
1250 2109 1311 2175 ἐξ
1351 2110 1629 2181 ἀμπέλου,
1686 2110 1782 2164 καί⁷

213 2197 293 2262 ὡς
317 2198 506 2252 πίπτει
533 2198 729 2268 φύλλον
754 2200 864 2253 ἀπὸ
892 2200 1083 2269 συκῆς.
1124 2219 1146 2255 ι

291 2311 309 2343 ι
353 2293 506 2344 Πίσα
554 2293 705 2363 φωνὴ
752 2295 1113 2363 ἀναστήσεται
1165 2294 1299 2365 πρὸς
1345 2297 1403 2350 σὲ
1439 2298 1521 2359 είς
1569 2295 1775 2366 κρίσιν,

210 2384 311 2437 καὶ
344 2386 520 2439 πάντα
568 2387 765 2451 αὐτοὺς
810 2389 994 2443 ἐτάσει
1027 2406 1044 2422 ·
1080 2391 1130 2444 oi
1155 2390 1211 2444 δὲ
1237 2389 1407 2461 ἔνοχοι
1463 2389 1676 2443 ἔσονται
1716 2392 1774 2444 ἐν

210 2472 376 2546 λύπῃ.
402 2496 420 2529 ι

289 2586 310 2619 ι
359 2569 489 2623 Ἰδοὺ
513 2572 542 2624 6
571 2571 703 2636 Θεὸς
734 2572 915 2645 ἡμῶν,
978 2573 1087 2627 ἰδοὺ
1114 2575 1144 2626 6
1165 2573 1367 2645 Κύριος
1420 2574 1581 2645 ἡμῶν
1633 2574 1773 2645 μετὰ

215 2659 401 2729 ἰσχύος
428 2661 663 2732 ἔρχεται.
716 2665 846 2718 Ἰδοὺ
872 2667 901 2718 6
939 2666 1128 2736 μισθὸς
1158 2666 1276 2737 μετ’
1326 2667 1492 2721 αὑτοῦ
1513 2708 1528 2731 ,
1583 2670 1676 2721 καὶ
1709 2668 1772 2721 τὸ

210 2749 373 2820 ἔργον
396 2752 624 2807 ἐνώπιον
646 2755 831 2809 αὑτοῦ.
853 2774 873 2808 ι

285 2862 304 2896 ι
354 2844 481 2899 Ἰδοὺ
511 2847 714 2916 Κύριος
745 2847 822 2911 ὡς
853 2847 965 2916 πῦρ
1015 2849 1157 2915 ἥξει,
1209 2847 1305 2901 καὶ
1330 2846 1405 2911 ὡς
1430 2849 1683 2917 καταιγὶς
1702 2849 1770 2903 τὰ

1894 656 2015 695 rere
2040 649 2242 696 terram
2252 682 2266 696 .
2309 661 2327 694 ι

1962 731 2079 790 lsa.
2113 749 2233 800 xm,
2262 734 2414 788 9-H.
2442 764 2513 773 —
2538 750 2557 784 ι
2588 732 2729 788 Ecce
2762 733 2881 791 dies
2923 734 3169 802 Domini,
3224 738 3467 793 crudelis

1888 826 2039 880 venit
2062 839 2187 878 cum
2213 823 2588 895 indignatione
2614 831 2669 879 et
2697 824 2802 889 ira,
2830 825 2897 880 ad
2924 827 3242 895 ponendum
3272 828 3463 882 orbem

1887 926 2047 972 terra:
2085 918 2140 971 in
2193 918 2537 973 solitudinem
2572 936 2587 973 :
2617 926 2671 973 et
2704 929 3023 986 peccatores
3066 919 3350 989 disperdet
3378 934 3449 973 ex

1887 1028 1970 1067 ea.
2006 1013 2189 1067 Stellae
2220 1013 2365 1069 enim
2399 1014 2546 1077 cteli,
2596 1024 2652 1070 et
2691 1014 2861 1070 Orion
2902 1023 2957 1071 et
3002 1014 3185 1070 omnis
3227 1023 3461 1070 ornatus

1886 1104 2011 1158 cmli
2038 1103 2219 1159 lumen
2247 1119 2408 1159 suum
2452 1120 2563 1158 non
2603 1105 2836 1168 dabunt,
2860 1113 2916 1159 et
2944 1105 3463 1159 obtenebrabuntur

1886 1194 2003 1249 sole
2050 1194 2286 1259 oriente,
2320 1202 2376 1249 et
2418 1194 2548 1248 luna
2608 1210 2719 1249 non
2765 1194 2920 1251 dabit
2969 1195 3150 1249 lumen
3182 1212 3367 1259 suum,
3408 1204 3463 1249 et

1885 1285 2155 1339 mandabo
2191 1287 2447 1341 universo
2496 1286 2614 1341 orbi
2656 1288 2834 1352 mala,
2888 1293 2944 1342 et
2996 1286 3182 1358 impiis
3229 1296 3459 1358 peccata

1884 1392 2093 1433 eorum.
2129 1376 2195 1430 Et
2249 1378 2470 1447 perdam
2506 1379 2761 1449 injuriam
2800 1378 3137 1449 iniquorum,
3172 1389 3226 1434 et
3258 1388 3459 1435 contu-

1882 1469 2100 1524 meliam
2137 1470 2498 1539 superborum
2533 1468 2857 1523 humiliabo.
2893 1487 2912 1521 ι

1940 1626 2063 1700 ‘Isa.
2094 1662 2240 1710 xxvi,
2276 1645 2364 1702 16.
2388 1675 2457 1686 --
2487 1664 2506 1697 ι
2538 1646 2840 1716 llesurgent
2878 1646 3105 1706 mortui,
3152 1653 3207 1698 et
3254 1660 3455 1698 exsur-

1881 1744 2010 1805 gent
2039 1736 2129 1805 qui
2166 1737 2219 1788 in
2256 1738 2626 1791 monumentis
2651 1749 2797 1789 sunt.
2835 1754 2854 1788 ι

1952 1827 2066 1880 Isa.
2092 1842 2237 1893 Lm,
2268 1829 2353 1882 18.
2383 1858 2450 1868 -—
2477 1846 2495 1874 ο
2525 1827 2637 1898 Ego
2666 1843 2832 1896 opera
2860 1841 3051 1882 eorum
3078 1841 3228 1888 novu,
3255 1837 3309 1880 et
3329 1840 3457 1879 con-

1809 1903 1851 1958 Β
1882 1920 2250 1990 gregationem
2288 1922 2447 1975 venio
2482 1935 2837 1990 congregare.
2868 1939 2887 1971 ι

1954 2010 2063 2065 Isa.
2097 2027 2279 2075 xxxiv,
2308 2010 2438 2064 4.-
2473 2029 2492 2061 ι
2516 2010 2950 2079 Complicabitur
2975 2009 3173 2063 cmlum
3206 2016 3267 2061 ut
3292 2008 3451 2073 liber,

1879 2112 1933 2157 et
1962 2104 2145 2157 omnia
2171 2114 2319 2157 astra
2356 2103 2551 2157 cadent
2600 2112 2659 2157 ut
2690 2101 2881 2157 folium
2911 2118 2979 2157 ex
3034 2101 3166 2163 vite,
3200 2109 3254 2154 et
3305 2101 3451 2154 sicut

1877 2196 2025 2250 cadit
2064 2195 2250 2249 folium
2282 2195 2350 2249 de
2389 2195 2516 2248 lit-u.
2549 2212 2569 2246 ι

1952 2308 1971 2341 ι
2011 2288 2201 2345 Omnis
2252 2305 2353 2342 vox
2415 2295 2678 2357 exsurget
2731 2302 2797 2340 an
2852 2294 2906 2340 te
2954 2302 3006 2339 in
3055 2286 3351 2354 junctum,
3394 2294 3450 2337 et

1875 2381 2058 2435 omnia
2080 2397 2174 2436 eos
2196 2381 2614 2442 exatninabunt,
2640 2386 2696 2435 et
2725 2386 2988 2434 nocentes
3015 2389 3185 2433 erunt
3215 2380 3269 2432 in
3309 2392 3447 2432 nue-

1873 2489 2019 2529 rore.
2060 2492 2079 2525 ι

1945 2566 2059 2621 Ira.
2092 2582 2222 2631 un,
2256 2566 2341 2620 ll.
2382 2594 2442 2606 -—
2492 2583 2512 2617 ι
2555 2564 2694 2621 Ecce
2734 2562 2879 2621 Deus
2909 2573 3129 2627 noster.
3170 2581 3301 2620 ecce
3339 2564 3445 2618 Do-

1872 2661 2055 2714 minus
2079 2668 2284 2724 noster,
2313 2673 2437 2713 cum
2464 2659 2664 2713 virtute
2689 2658 2894 2712 veniet.
2919 2656 3060 2713 Ecce
3082 2672 3295 2713 merces
3322 2657 3445 2725 ejus

1868 2766 1992 2805 cum
2031 2765 2117 2813 eo,
2148 2758 2203 2804 et
2231 2764 2372 2819 opus
2399 2748 2521 2817 ejus
2558 2765 2744 2804 coram
2772 2750 2886 2803 illo.
2928 2768 2947 2800 ι

1939 2841 2057 2897 Ιεα.
2088 2858 2233 2907 ιινι,
2278 2842 2367 2896 15.
2406 2871 2478 2883 -
2521 2860 2541 2895 ι
2580 2840 2721 2898 Ecce
2771 2842 3033 2898 Dominus
3085 2842 3246 2913 quasi
3297 2840 3442 2911 ignis

208 2934 435 3003 ἅρματα
489 2935 675 3000 αὐτοῦ,
706 2936 1000 2990 ἀποδοῦναι
1042 2939 1099 2990 ἐν
1129 2938 1285 3008 θυμῷ
1336 2940 1614 3009 ἐκδίκησιν
1675 2941 1769 2994 καὶ
1869 2950 1874 2970 ‘

1869 2934 2068 2998 veniet,
2102 2942 2156 2988 et
2190 2935 2346 3003 quasi
2396 2941 2687 3004 tempestas
2718 2949 2918 2988 currus
2944 2935 3085 3001 ejus,
3120 2933 3349 2988 reddere
3383 2934 3438 2988 in

208 3026 687 3095 ἀποσκορακισμὸν
708 3029 766 3081 ἐν
801 3028 961 3096 φλογὶ
1010 3029 1199 3099 πυρός.
1241 3031 1326 3083 Ἐν
1369 3033 1477 3103 γὰρ
1509 3031 1586 3102 τῷ
1633 3032 1765 3105 πυρὶ
1865 3029 1874 3079 1

1865 3025 2050 3080 furore
2079 3024 2341 3082 ultionem
2373 3035 2426 3082 et
2460 3028 2885 3097 increpationem
2930 3026 3091 3099 345
3127 3028 3182 3081 in
3217 3026 3436 3081 ﬂamma

207 3116 420 3187 Κυρίου
447 3117 769 3189 κριθήσεται
798 3120 948 3173 πᾶσα
978 3122 1010 3189 ὴ
1039 3122 1128 3192 γῆ.
1150 3140 1170 3173 ι
1866 3122 1873 3177 i

1866 3119 2029 3187 ignis.
2087 3117 2144 3172 In
2207 3119 2329 3191 igne
2385 3119 2530 3175 enim
2592 3118 2807 3174 Domini
2859 3119 3199 3190 judicabitur
3257 3121 3437 3174 omnis

1865 3216 2027 3263 terra.
2072 3227 2090 3260 ι

280 3315 300 3347 ι
330 3296 471 3350 Τάδε
523 3296 669 3365 λέγει
710 3295 916 3368 Κοιριός
943 3302 1056 3361 τοίς
1100 3300 1311 3363 ὀστέοις
1338 3303 1548 3365 τούτοις
1572 3320 1588 3337 ’
1629 3305 1760 3359 Ἰδοὺ
1789 3270 1830 3326 c
1935 3312 1946 3351 Α

1789 3270 1830 3326 C
1935 3300 2124 3353 Ezech.
2155 3316 2359 3365 xxxvn,
2391 3301 2444 3362 5.
2469 3302 2522 3356 6.
2543 3332 2614 3343 —
2639 3320 2659 3354 ι
2691 3302 2817 3357 llaec
2839 3303 2975 3357 dicit
3000 3303 3262 3358 Dominus
3289 3302 3437 3357 ossi-

202 3389 319 3457 ἐγὼ
379 3389 529 3457 φέρω
578 3390 833 3459 ἐφ’ὑμᾶς
874 3389 1091 3460 πνεῦμα
1144 3390 1312 3461 ζωῆς,
1361 3396 1454 3446 καὶ
1494 3394 1646 3447 δώσω
1676 3396 1760 3464 ἐφ’
1863 3393 1868 3447 1

1863 3393 1964 3447 bus
2006 3392 2123 3446 istis
2156 3410 2169 3446 :
2214 3392 2353 3448 Ecce
2385 3409 2486 3463 ego
2524 3395 2788 3449 adducam
2837 3411 3000 3466 super
3028 3411 3126 3450 vos
3169 3396 3428 3465 spirituum

201 3480 350 3549 ὑμᾶς
398 3480 588 3551 νεῦρα,
649 3481 743 3533 καὶ
795 3481 909 3548 ἄξω
969 3484 1053 3551 ἐφ’
1101 3483 1243 3552 ὑμᾶς
1289 3485 1501 3553 σάρκα”
1536 3488 1631 3538 καὶ
1668 3487 1762 3557 Ci;-
1860 3495 1867 3513 ‘

1860 3481 2003 3540 vitae,
2034 3488 2086 3534 et
2118 3480 2259 3535 dabo
2306 3498 2469 3552 super
2506 3500 2602 3539 vos
2636 3500 2853 3549 nervos,
2887 3493 2942 3540 et
2979 3484 3235 3540 inducam
3265 3501 3432 3556 super

198 3571 384 3634 σεσθε,
426 3573 521 3625 καὶ
546 3571 837 3639 γνώσεσθε,
868 3574 950 3625 ὅτι
976 3572 1087 3641 ἐγώ
1117 3576 1231 3645 είμι
1278 3576 1500 3645 Κύριος.
1522 3596 1541 3627 r
1860 3587 1864 3597 '

1860 3586 1957 3625 vos
1988 3587 2221 3638 carnes;
2256 3583 2308 3627 et
2329 3575 2542 3642 vivetis,
2581 3582 2635 3631 et
2664 3578 3007 3646 cqgnoscetis
3031 3578 3290 3645 quoniam
3324 3593 3426 3646 ego

1858 3675 1978 3715 sum
2018 3660 2297 3716 Dominus.
2343 3681 2363 3715 ι

1925 3749 2118 3805 Jerem.
2148 3769 2270 3817 xxv,
2300 3754 2388 3807 5L
2414 3784 2482 3793 —
2521 3773 2539 3806 ι
2575 3754 2853 3810 Judicium
2904 3756 3134 3811 Domino
3160 3756 3215 3811 in
3249 3757 3427 3828 genti-

1855 3841 1980 3906 bus,
2004 3855 2058 3897 ut
2086 3845 2202 3914 ipse
2224 3845 2435 3913 judicet
2467 3861 2683 3902 omnem
2706 3863 2947 3902 carnem.
2986 3866 3005 3898 ι

1926 3934 2064 3989 Dan.
2114 3951 2205 3999 vn,
2237 3934 2292 3998 9,
2328 3936 2411 3990 l0.
2459 3966 2528 3975 —
2583 3955 2602 3987 ι
2643 3939 2985 4007 Aspiciebam
3028 3938 3201 3992 donec
3233 3938 3416 3993 throni

1857 4027 2018 4096 positi
2046 4038 2209 4080 sunt:
2241 4036 2294 4080 et
2323 4027 2590 4096 Antiquus
2609 4030 2817 4082 dierum
2847 4031 3003 4084 sedit.
3037 4030 3101 4083 Et
3130 4031 3422 4085 vestimen-

275 3769 296 3801 ι
319 3750 517 3821 Κρίσις
578 3750 654 3821 τῷ
679 3751 867 3821 Κυρίῳ
895 3752 954 3804 ἐν
980 3752 1091 3815 τοῖς
1120 3751 1319 3815 ἔθνεσι,
1360 3752 1636 3824 κρίνεσθαι
1660 3753 1759 3806 αύ-

190 3856 290 3905 τος
323 3844 462 3912 πρὸς
490 3844 672 3895 πᾶσαν
702 3844 898 3912 σάρκα.
930 3860 950 3893 ι

273 3952 292 3983 ι
342 3930 640 4001 Ἐθεώρουν
670 3932 774 3991 ἐως
806 3927 869 3985 οὗ
912 3933 1090 4003 θρόνοι
1131 3933 1414 4003 ἐτέθησαν,
1471 3936 1566 3987 καὶ
1592 3935 1621 3988 6
1654 3952 1759 3989 πα-

188 4022 348 4086 λαιὸς
380 4022 599 4093 ἡμερῶν
629 4024 883 4094 ἐκάθητο.
916 4025 1023 4077 Καὶ
1038 4025 1097 4077 τὸ
1128 4024 1335 4095 ἔνδυμα
1358 4025 1521 4078 αὐτοῦ
1566 4026 1757 4080 λευκὸν

187 4115 330 4167 ὡσεὶ
353 4113 506 4183 χιὼν,
541 4115 635 4168 καὶ
666 4116 699 4187 η
728 4116 846 4185 θρὶξ
873 4118 973 4186 τῆς
997 4117 1241 4186 κεφαλῆς
1263 4116 1427 4171 αὐτοῦ
1463 4118 1597 4170 ὡσεὶ
1614 4117 1756 4186 ἔριον

1754 4139 1756 4155 ι
1857 4129 1967 4171 tum
1998 4119 2119 4187 ejus
2141 4119 2431 4173 candidum
2462 4121 2615 4188 quasi
2644 4122 2757 4184 nix,
2796 4131 2851 4176 et
2876 4122 3054 4191 capilli
3076 4124 3272 4191 capitis
3298 4124 3420 4192 ejus

188 4207 470 4277 καθαρόν
503 4207 600 4261 καὶ
640 4210 669 4260 6
700 4207 887 4278 θρόνος
954 4208 1118 4262 αὐτοῦ
1153 4207 1287 4277 φλὸξ
1341 4210 1531 4281 πυρὸς,
1588 4212 1681 4262 καὶ
1707 4213 1757 4264 οί

1746 4213 1757 4263 ί
1854 4209 2009 4280 quasi
2059 4210 2179 4263 lana
2216 4211 2437 4262 munda.
2474 4210 2540 4261 Et
2583 4211 2809 4263 thronus
2850 4211 2970 4279 ejus
3000 4210 3217 4266 ﬂamma
3247 4213 3412 4283 ignis,

186 4298 387 4368 τροχοὶ
422 4296 591 4351 αὐτοῦ
626 4297 737 4367 πῦρ
786 4298 1005 4366 φλέγον.
1052 4299 1300 4372 Ποταμὺς
1356 4300 1530 4369 πυρὸς
1578 4295 1757 4353 εἷλκεν

1748 4318 1757 4347 ν
1854 4311 1909 4354 et
1938 4310 2068 4353 rotae
2096 4300 2214 4367 ejus
2243 4300 2383 4368 ignis
2430 4314 2713 4354 accensus.
2757 4299 2982 4356 Fluvius
3034 4302 3227 4370 igneus
3262 4318 3414 4372 egre-

188 4389 634 4459 ἐκπορευόμενος
682 4390 993 4461 ἔμπροσθεν
1037 4391 1222 4447 αὑτοῦ.
1281 4391 1459 4445 Χιλίαι
1522 4390 1755 4460 χιλιάδες

1748 4409 1755 4451 :
1854 4391 2104 4445 diebatur
2137 4406 2166 4444 a
2205 4390 2343 4444 facie
2372 4389 2511 4459 ejus.
2551 4389 2719 4446 Millia
2755 4392 2983 4445 millium
3031 4392 3414 4449 ministrabant

187 4480 577 4550 ἐλειτούργουν
608 4480 776 4549 αὐτῷ,
806 4484 901 4535 καὶ
948 4483 1135 4553 μυρίαι
1171 4483 1425 4552 μυριάδες
1471 4481 1757 4551 παρειστή-

1744 4509 1757 4520 -
1854 4480 1926 4545 ei,
1958 4490 2011 4534 et
2040 4480 2218 4533 decies
2276 4480 2471 4533 millies
2520 4486 2745 4533 centena
2801 4480 2969 4532 millia
3002 4480 3334 4534 assistebant
3360 4482 3410 4533 ei

69 4577 73 4581 ’
186 4586 387 4622 κεισαν
410 4569 577 4639 αὐτῷ.
611 4572 958 4641 Ἐμπροσθεν
990 4572 1154 4626 αὑτοῦ
1177 4573 1456 4645 κριτήριον
1478 4572 1731 4625 ἐκάθισεν

1736 4611 1751 4635 ,
1785 4610 1828 4665 D
1856 4587 2037 4627 coram
2070 4572 2209 4641 ipso.
2237 4570 2509 4625 Iudicium
2541 4570 2701 4629 sedit.
2731 4578 2785 4625 et
2816 4571 2941 4625 liltri
2978 4571 3153 4640 aperti
3196 4581 3344 4626 sunt.
3386 4592 3402 4622 ι

74 4850 79 4879 ῖ
182 4842 381 4910 ἄρχων
408 4842 437 4894 6
467 4842 661 4912 μέγας,
681 4846 710 4895 6
730 4844 975 4913 ἑστηκὼς
996 4845 1088 4897 ἐπὶ
1111 4847 1236 4908 τοὺς
1264 4846 1414 4909 υἱοὺς
1452 4846 1544 4898 τοῦ
1584 4845 1711 4898 λαοῦ
1737 4862 1751 4876 ·

186 4658 292 4712 καὶ
323 4659 381 4713 αἱ
408 4658 578 4725 βίϐλοι
597 4660 971 4730 ὴνεῴχθησαν.
1006 4680 1026 4714 ι

270 4768 289 4801 ι
342 4750 431 4803 Ἐν
459 4749 538 4820 τῷ
595 4751 773 4823 καιρῷ
827 4752 1023 4822 ἐκείνῳ
1075 4753 1435 4825 ἀναστήσεται
1477 4753 1695 4825 Μιχαὴλ
1728 4755 1757 4806 6
1922 4752 1936 4804 λ

1744 4755 1757 4806 l
1922 4751 2064 4806 Dan.
2112 4767 2210 4816 xu,
2252 4750 2463 4805 l-5.—
2513 4770 2532 4802 ι
2567 4748 2624 4804 1η
2676 4758 2919 4821 tempore
2973 4751 3068 4806 illo
3117 4761 3410 4821 consurget

1854 4842 2077 4897 Michael
2106 4844 2355 4913 princeps
2382 4857 2633 4909 magnus,
2655 4843 2746 4912 qui
2772 4850 2880 4896 stat
2905 4858 3003 4911 pro
3028 4842 3152 4898 [iliis
3185 4845 3367 4912 populi
3392 4861 3407 4902 :

68 4972 75 4977 ς
183 4932 293 4986 καὶ
323 4931 475 4984 ἔσται
534 4934 721 5004 καιρὸς
753 4932 1006 5003 θλίψεως,
1065 4928 1177 4997 οἷος
1202 4936 1263 4987 οὐ
1312 4936 1534 5003 γέγονεν
1572 4935 1667 5001 ἀφ’
1693 4931 1734 4986 oi

1744 4932 1754 4984 ὸ
1853 4945 1909 4990 et
1943 4936 2047 4990 erit
2084 4944 2297 5004 tempus
2329 4934 2702 4988 tribulationis
2728 4935 2889 5003 quale
2915 4948 3023 4988 non
3054 4932 3178 4997 iuit,
3208 4949 3273 4988 ex
3301 4950 3410 5004 quo

68 5064 85 5083 ._
183 5023 490 5091 γεγένηται
518 5022 668 5086 ἔθνος
701 5025 793 5076 ἐπὶ
823 5025 922 5094 τῆς
977 5025 1101 5094 γῆς,
1151 5026 1255 5088 ἕως
1292 5026 1485 5097 καιροῦ
1521 5027 1750 5080 ἐκείνου.

1855 5042 1982 5095 gens
2019 5024 2156 5078 facta
2181 5034 2264 5078 est
2284 5038 2449 5093 super
2472 5033 2671 5077 terram
2705 5038 2876 5090 usque
2906 5021 2969 5074 ad
3003 5030 3219 5093 tempus
3252 5022 3407 5077 illud.

80 5144 83 5145 ν
182 5116 305 5168 Καὶ
335 5114 392 5165 ἐν
419 5112 496 5181 τῷ
519 5113 694 5184 καιρῷ
731 5115 924 5185 ἐκείνῳ
954 5115 1257 5189 σωθήσεται
1286 5118 1314 5169 6
1345 5116 1469 5179 λαός
1505 5134 1599 5169 σου
1648 5119 1746 5180 πᾶς

1743 5135 1755 5180 ῖ
1856 5120 1921 5173 Ει
1959 5119 2011 5172 in
2044 5128 2282 5186 tempore
2327 5118 2419 5171 illo
2449 5117 2746 5172 salvabitur
2780 5117 3009 5185 populus
3052 5124 3201 5179 tuus,
3231 5118 3409 5171 omnis

70 5268 77 5285 ζ
177 5207 214 5256 6
254 5203 502 5271 εὑρεθεὶς
545 5206 929 5275 γεγραμμένος
981 5210 1040 5260 ἐν
1072 5210 1139 5278 τῇ
1193 5208 1360 5279 βίϐλῳ
1397 5208 1600 5279 ταύττγ
1661 5210 1736 5261 κα

1744 5218 1757 5261 ι
1855 5212 1947 5281 qui
1990 5214 2237 5265 inventus
2260 5209 2418 5264 fuerit
2451 5209 2704 5289 scriptus‘
2726 5208 2780 5262 in
2805 5208 2952 5285 libro
2986 5210 3105 5263 hoc.
3146 5207 3211 5261 Et
3254 5209 3410 5263 multi

70 5280 91 5367 ’Δ
179 5294 384 5347 πολλοὶ
410 5294 519 5345 τῶν
574 5296 943 5351 καθευδόντων
972 5300 1028 5351 ἐν
1050 5300 1153 5369 γῆς
1201 5299 1416 5370 χώματι
1462 5300 1755 5370 ἐξεγερθή·

80 5648 93 5663 ’
180 5658 287 5713 καὶ
321 5658 432 5711 άπὸ
457 5660 566 5713 τῶν
608 5660 833 5717 δικαίων
855 5664 963 5718 τῶν
994 5665 1226 5733 πολλῶν,
1260 5664 1393 5720 ὡσεὶ
1418 5667 1647 5738 ἀστέρες
1676 5670 1756 5733 εἰς

1856 5306 1923 5359 de
1945 5305 2013 5359 iis
2039 5303 2130 5374 qui
2162 5302 2440 5357 dormiunt
2470 5303 2523 5356 in
2560 5287 2719 5356 terra:
2742 5290 2749 5302 ’
2772 5298 3367 5371 ρυινετθ,“ενὶκίιοί)υιιι
3394 5320 3407 5354 :

180 5401 401 5441 σονται.
461 5380 619 5440 Οὗτοι
678 5389 755 5450 εἰς
812 5388 957 5458 ζωὴν
1012 5390 1272 5455 αἰώνιον,
1334 5392 1428 5444 καὶ
1480 5386 1624 5445 οὗτοι
1675 5394 1756 5455 εἰς

1740 5410 1756 5455 :
1856 5398 1942 5451 alii
1968 5398 2019 5449 in
2053 5397 2212 5450 vitam
2234 5402 2513 5457 aeternam,
2538 5402 2591 5448 ct
2616 5393 2708 5449 alii
2740 5379 2792 5447 in
2808 5374 3177 5462 goppr'obrium
3199 5398 3254 5445 et
3278 5406 3406 5446 eon-

90 5521 99 5535 ι
178 5476 524 5545 ὀνειδισμὸν,
571 5479 664 5532 καὶ⁹
702 5481 963 5551 αἰσχύνην
1009 5482 1223 5537 αἰώνιον
1246 5499 1259 5512 ⁸
1292 5485 1383 5537 καὶ
1405 5486 1453 5536 οἱ
1486 5486 1755 5550 συνιέντες

1744 5504 1755 5550 ς
1860 5487 2124 5540 fusionem
2160 5496 2436 5540 aeternam.
2495 5483 2561 5538 Et
2617 5485 2709 5555 ιιύί
2771 5470 3071 5554 intelligent
3120 5481 3410 5552 fulgebunt

92 5622 99 5629 δ
177 5568 567 5635 ἱκλάμψουσιν
616 5568 691 5633 ὡς
746 5572 781 5641 η
830 5571 1147 5645 λαμπρότης
1210 5575 1303 5630 τοῦ
1354 5578 1753 5648 στερεώματος,

1742 5619 1753 5643 ,
1856 5577 2009 5648 quasi
2046 5578 2305 5647 splendor
2335 5558 2682 5643 ﬁrmamenti,
2726 5568 3408 5645 et'eit‘multis‘justorum

1858 5681 1915 5724 ut
1943 5677 2089 5725 astra
2125 5672 2179 5725 in
2208 5680 2491 5724 atternum.
2525 5687 2544 5719 ι
2688 5663 2692 5667 ’
2791 5651 2800 5663 ’

177 5749 285 5807 ςὸν
310 5750 499 5803 αἰῶνα.
524 5769 543 5803 ι

268 5855 289 5890 ι
323 5839 483 5909 Λέγω
507 5845 658 5915 ὑμῖν,
705 5846 783 5901 ὅτι
843 5850 951 5903 πᾶν
1000 5847 1150 5920 ῥῆμα
1210 5850 1375 5919 ἀργὸν
1405 5850 1431 5904 ὃ
1459 5850 1553 5906 ἐὰν
1591 5851 1751 5922 λαλή-
1932 5897 1934 5904 .

1738 5882 1751 5891 -
1932 5849 2125 5905 Mauh.
2161 5868 2253 5919 xu,
2287 5852 2375 5907 56.
2414 5882 2479 5895 σ-
2518 5873 2533 5907 ι
2566 5853 2695 5907 Dico
2728 5847 2900 5917 vobis,
2931 5847 3073 5921 quod
3104 5860 3261 5903 omne
3289 5856 3404 5902 ver-
