4218 6446
188 435 314 496 ιιει

1470 439 1702 498 ΞΑΟΗΑ
1746 440 2207 504 PAHALLELA.

3271 449 3408 512 1182

181 547 490 618 O'::oo;1.évn.
516 546 578 597 Al
612 548 719 614 γὰρ
756 545 1010 614 δυνάμεις
1052 545 1160 598 τῶν
1201 548 1444 617 οὐρανῶν
1481 551 1744 620 σαλευθή-

1853 554 1999 608 tione
2028 573 2241 620 eorum,
2270 573 2393 627 qua:
2421 558 2812 626 supervenient
2836 559 3092 612 universo
3121 561 3261 613 orbi.
3295 561 3424 615 Nam

180 657 389 700 σον-ται,
418 641 512 691 καὶ
546 641 665 690 τότε
714 637 934 706 ὄψονται
987 639 1079 690 τδν
1131 639 1259 690 Υἱὸν
1309 639 1404 692 τοῦ
1459 640 1748 711 ἀνθρώπου

181 733 476 802 ἐρχόμενον
508 734 566 782 ἐν
593 729 789 802 νεφέλῃ
823 729 962 801 μετά
990 731 1271 800 δυνάμεως
1300 741 1394 785 καὶ
1422 733 1578 804 δόξης
1611 735 1742 787 πολ-

178 824 298 892 ξιῆς.
335 826 636 894 Προσέχετε
671 825 886 886 ἑαυτοῖς
929 825 1138 894 μήποτε
1176 825 1519 896 βαρυνθῶσιν
1597 827 1748 896 ὑμῶν

182 917 238 965 αἱ
269 915 486 984 καρδίαι
515 915 570 965 ἐν
598 915 896 984 κραιπάλῃ,
939 916 1030 967 καὶ
1087 915 1247 990 μέθῃ,
1297 917 1390 970 καὶ
1457 918 1749 988 μερίμναις

184 1008 486 1075 βιωτικαῖς,
531 1009 623 1060 καὶ
653 1007 932 1076 αἰφνιδίως
958 1011 1040 1077 ἐφ’
1075 1011 1217 1076 ὑμᾶς
1274 1011 1470 1079 ἐπιστῇ
1500 1013 1530 1080 ἠ
1567 1013 1748 1082 ἡμέρα

181 1103 393 1172 ἐκείνη.
455 1102 544 1165 Ὠς
605 1101 770 1168 παγὶς
825 1103 933 1172 γὰρ
989 1103 1338 1154 ἐπελεύσεται
1399 1103 1491 1154 ἐπὶ
1543 1105 1751 1167 πάντας

182 1197 310 1258 τοὺς
343 1193 681 1262 καθημένους
710 1195 801 1247 ἐπὶ
829 1195 1116 1267 πρόσωπον
1151 1195 1330 1263 πάσης
1359 1194 1455 1261 τῆς
1479 1196 1596 1266 γῆς.
1621 1215 1639 1246 ι

263 1306 281 1337 ι
328 1287 496 1338 Ὅταν
537 1287 599 1338 ἐκ
636 1287 847 1358 νεκρῶν
897 1288 1226 1347 ἀναστῶσιν,
1279 1286 1402 1338 οὕτε
1462 1287 1748 1356 γαμοῦσιν,

184 1380 309 1433 οὔτε
369 1379 715 1448 γαμίζονται,
779 1379 895 1432 ἀλλ’
939 1381 1014 1443 ὠς
1074 1379 1296 1448 ἄγγελοί
1350 1381 1485 1432 εἰσιν
1541 1382 1599 1434 ἐν
1656 1383 1752 1433 ού-

188 1473 359 1544 ρανῷ.
387 1491 406 1523 ι

265 1585 284 1617 ι
326 1566 646 1634 Λογίζομαι,
681 1567 762 1617 ὅτι
790 1565 888 1618 οὐκ
913 1565 1035 1628 ἀξια
1060 1564 1128 1616 τὰ
1161 1565 1461 1636 παθήματα
1505 1565 1598 1618 τοῦ
1657 1565 1752 1620 νῦν

138 1703 140 1707 ,
185 1658 383 1728 καιροῦ
438 1658 572 1728 πρὸς
614 1658 710 1727 τὴν
755 1656 1056 1725 μέλλουσαν
1097 1656 1252 1721 δόξαν
1303 1658 1753 1726 ἀποκαλυφθῆναι

186 1754 268 1813 εἰς
301 1753 470 1821 ἡμᾶς.
506 1751 570 1804 Ἠ
603 1751 711 1821 γὰρ
744 1751 1154 1820 ἀποκαραδοκία
1196 1752 1294 1821 τῆς
1361 1753 1591 1815 κτίσεως
1657 1752 1754 1822 τὴν

185 1844 531 1911 ἀποκάλυψιν
557 1843 665 1895 τῶν
699 1843 831 1895 υἰῶν
856 1843 951 1895 τοῦ
977 1842 1113 1896 Θεοῦ
1142 1843 1522 1914 ἀπεκδέχεται.
1546 1863 1565 1896 ι

269 1955 289 1988 ε
342 1938 599 1990 Ἐκάστου
647 1935 896 2006 τὸέργον
950 1938 1131 1990 ὁποῖόν
1183 1939 1298 1990 ἐστι
1343 1936 1404 1989 τὸ
1447 1937 1555 2008 πῦρ
1613 1938 1756 1991 δοκι-

191 2027 378 2096 μάσει.
440 2027 506 2080 Εῖ
542 2043 687 2088 τινος
729 2026 789 2079 τὺ
832 2023 1220 2097 ἔργον’μένει,
1253 2027 1280 2080 ὃ
1311 2028 1750 2098 ἐπῳκοδόμησεν,

191 2118 384 2187 μισθὸν
447 2117 696 2187 λήψεται.
738 2117 804 2170 Ei’
829 2135 970 2180 τινος
1002 2117 1063 2169 τὸ
1115 2116 1274 2186 ἔργον
1327 2120 1750 2188 κατακαήσεται,

180 2211 617 2282 ζημιωθήσεται.
673 2209 842 2272 Αὐτὸς
867 2210 924 2261 δὲ
965 2209 1292 2280 σωθήσεται,
1351 2208 1527 2272 οὕτως
1575 2209 1631 2262 δὲ
1677 2210 1751 2273 ὼς

177 2303 272 2356 διά
299 2303 493 2372 πυρός.
520 2320 540 2354 ι

262 2411 281 2444 ι
328 2393 514 2455 Οὕτως
565 2393 875 2463 γέγραπται
903 2409 918 2424 ·
959 2393 1208 2463 Ἐγένετο
1240 2397 1268 2447 6
1298 2395 1514 2467 πρῶτος
1545 2395 1754 2467 ἄνθρω-

180 2501 286 2548 πος
319 2486 397 2547 εἰς
428 2483 604 2553 ψυχὴν
639 2483 839 2549 ζῶσαν,
872 2485 900 2537 6
935 2485 1164 2557 ἔσχατος
1200 2487 1371 2558 Ἀδὰμ
1401 2491 1479 2552 εἰς
1533 2489 1750 2556 πνεῦμα

178 2574 470 2638 ζωοποιόν.
518 2575 657 2627 Ἀλλ’
687 2577 746 2628 ού
776 2576 993 2647 πρῶτον
1016 2578 1075 2630 τὸ
1103 2581 1474 2648 πνευματικόν
1500 2599 1512 2610 -
1539 2581 1566 2631 6
1598 2579 1751 2648 πρῶ-

175 2685 274 2730 τος
303 2667 586 2736 ἅνθρωπος
615 2669 678 2720 ἐκ
717 2668 823 2737 γῆς
880 2671 1080 2738 χοῖκὸς,
1114 2673 1142 2724 6
1172 2671 1420 2742 δεύτερος
1467 2671 1751 2742 ἄνθρωπος

176 2762 207 2811 ό
246 2759 448 2828 Κύριος
472 2759 530 2821 ἐξ
570 2760 823 2829 ούρανοῦ.
859 2757 985 2823 Οἶος
1021 2764 1048 2815 6
1076 2763 1256 2832 χοῖκὸς
1306 2761 1540 2815 τοιοῦτοι
1579 2764 1670 2814 καὶ
1699 2763 1749 2812 οἱ

176 2851 359 2920 χοϊκοί
390 2868 404 2881 ·
432 2851 526 2904 καὶ
559 2846 669 2913 οἷος
694 2854 1032 2922 ἐπουράνιος,
1063 2854 1291 2906 τοιοῦτοι
1319 2854 1412 2905 καὶ
1432 2853 1481 2905 οἰ
1513 2852 1749 2921 ἐπουρά-

174 2963 308 2998 νιοι.
351 2945 546 3003 Καθὼς
610 2945 950 3012 ἐφορὲσαμεν
1001 2944 1100 3013 τὴν
1152 2944 1337 2998 εἰκόνα
1386 2945 1478 2998 τοῦ
1540 2946 1748 3016 χοϊκοῦ,

175 3035 506 3104 φορέσωμεν
535 3037 628 3087 καὶ
660 3035 758 3104 τὴν
807 3035 991 3088 εἰκόνα
1028 3036 1123 3089 τοῦ
1187 3038 1535 3108 ἐπουρανίου.
1580 3039 1750 3092 Τοῦτό

172 3144 350 3196 φημι,
377 3127 591 3194 ἀδελφοί
627 3146 751 3196 μου,
785 3129 867 3179 ὃτι
931 3127 1067 3195 σὰρξ
1115 3129 1208 3182 καὶ
1269 3125 1410 3197 αἷμα
1472 3129 1748 3198 βασιλείαν

173 3218 320 3271 (θεοῦ
345 3217 757 3288 ’κληρονομῆσαι
791 3219 852 3270 οὐ
885 3217 1158 3284 δύνανται,
1211 3221 1333 3272 οὐδὲ
1374 3224 1406 3290 ἡ
1438 3221 1612 3291 φθορὰ
1648 3223 1746 3290 τὴν

171 3309 490 3384 ἀφθαρσίαν
525 3314 872 3384 κληρονομεῖ.
912 3315 1045 3366 Ἰδοὺ
1083 3317 1381 3384 μυστήριον
1410 3317 1536 3384 ὑμῖν
1571 3317 1745 3384 λέγω’

171 3409 381 3468 πάντες
443 3405 542 3474 μὲν
569 3407 628 3458 οὐ
663 3405 1133 3476 κοιμηθησόμεθα,
1194 3409 1394 3472 πάντες
1419 3411 1475 3462 δὲ
1513 3409 1752 3480 ἀλλαγη-

172 3497 408 3566 σόμεθα.
457 3497 544 3548 Ἐν
573 3497 776 3566 ἀτόμῳ,
808 3497 888 3548 ἐν’
923 3498 1055 3568 ῥιπῇ
1117 3497 1418 3567 ὀφθαλμοῦ,
1455 3500 1511 3550 ἐν
1545 3501 1746 3572 ἐσχάτη

170 3591 445 3656 σάλπιγγι
469 3604 484 3620 ⁸
513 3588 762 3642 σαλπίσει
786 3589 896 3658 γάρ
916 3607 931 3620 ο
965 3591 1058 3642 καὶ
1089 3590 1136 3641 οἰ
1179 3591 1362 3659 νεκροὶ
1424 3592 1748 3662 ἐγερθήσον-

166 3700 265 3734 ται
295 3679 588 3748 ἄφθαρτοι,
621 3679 714 3731 καὶ
747 3680 908 3747 ἡμεῖς
953 3679 1402 3748 ἀλλαγησόμεθα.
1429 3683 1521 3732 Δεῖ
1551 3682 1658 3750 γὰρ
1687 3683 1748 3734 τὸ

168 3769 416 3840 φθαρτὸν
445 3769 601 3822 τοῦτο
625 3768 951 3821 ἐνδύσασθαι
976 3769 1308 3837 ἀφθαρσίαν,
1330 3771 1424 3822 καὶ
1452 3771 1512 3824 τὸ
1551 3771 1746 3840 θνητὸν

165 3862 334 3917 τοῦτο
360 3860 634 3914 ἐνδύσεται
657 3860 973 3914 ἀθανασίαν.
993 3862 1162 3913 Ὀταν
1183 3860 1238 3912 δὲ
1262 3862 1321 3912 τὸ
1336 3861 1574 3932 φθαρτὸν
1588 3863 1745 3916 τοῦτο

165 3955 455 4009 ἐνδύσεται
487 3953 816 4022 ἀφθαρσίαν,
847 3954 941 4004 καὶ
970 3952 1031 4004 τὸ
1054 3953 1246 4020 θνητὸν
1279 3954 1436 4007 τοῦτο
1463 3955 1746 4010 ἐνδύσεται

165 4046 500 4104 ἀθανασίαν.
551 4038 670 4097 τότε
723 4046 1013 4115 γενήσεται
1037 4047 1064 4098 6
1090 4045 1245 4113 λόγος
1277 4047 1306 4098 ό
1328 4048 1740 4118 γεγραμμένος.

164 4133 469 4206 Κατεπόθη
496 4139 524 4190 6
546 4137 772 4198 θάνατος
794 4140 872 4200 είς
923 4139 1090 4200 νῖκος.
1139 4137 1247 4190 Ποῦ
1281 4157 1394 4204 σου,
1431 4140 1652 4205 Θανατε,
1684 4141 1744 4194 τὸ

164 4235 432 4301 κέντρονς
465 4230 566 4283 ποῦ
598 4247 709 4286 σου,
735 4229 855 4299 ᾇδη,
879 4228 941 4280 τὸ
968 4232 1145 4294 νῖκοςς
1180 4230 1238 4282 τὸ
1261 4230 1486 4300 κέντρον
1521 4233 1614 4284 τοῦ
1643 4233 1744 4287 θα-

162 4326 337 4378 νάτου
389 4325 422 4393 ἡ
482 4323 757 4392 ἀμαρτία;
794 4322 860 4374 Ἠ
893 4321 948 4374 δὲ
984 4320 1216 4392 δύναμις
1246 4324 1344 4393 τῆς
1389 4325 1687 4394 ἁμαρτίας,
1714 4330 1742 4380 6

162 4420 360 4486 νόμος.
383 4433 402 4466 ι

249 4531 272 4564 ι
302 4510 444 4572 Τοὺς
468 4509 674 4571 πάντας
703 4510 849 4578 ἡμᾶς
876 4509 1278 4579 φανερωθῆναι,
1315 4510 1396 4562 δεῖ
1429 4510 1737 4580 ἔμπροσθεν

159 4603 269 4656 τοῦ
301 4600 543 4669 βήματος
566 4598 660 4651 τοῦ
686 4601 943 4668 Χριστοῦ,
970 4600 1056 4653 ἵνα
1087 4600 1383 4670 κομίσηται
1420 4602 1647 4664 ἕκαστος
1668 4603 1736 4656 τὰ

157 4692 260 4746 διὰ
289 4688 385 4742 τοῦ
423 4686 693 4759 σώματος,
726 4689 869 4743 καθὰ
923 4689 1182 4758 ἔπραξεν,
1207 4693 1317 4744 εῐτε
1359 4691 1582 4760 ἀγαθὸν,
1625 4692 1736 4746 εἴτε

157 4781 398 4853 φαῦλον.
431 4797 450 4831 ι

242 4891 265 4923 ‹
306 4872 373 4925 Ὃ
423 4869 530 4940 γάρ
577 4868 644 4924 ἂν
683 4869 880 4942 σπείρῃ
929 4868 1247 4940 ἄνθρωπος;
1292 4871 1448 4924 τοῦτο
1501 4874 1595 4926 καὶ
1646 4873 1734 4926 θε-

159 4966 335 5034 ρίσει.
366 4980 384 5013 ι

238 5073 262 5106 ‹
311 5055 388 5107 Οὐ
419 5053 556 5107 θέλω
580 5053 636 5106 δὲ
701 5054 845 5122 ὑμᾶς
895 5054 1129 5120 ἀγνοεῖν,
1183 5055 1422 5123 ἀδελφοὶ,
1461 5057 1587 5127 περὶ
1625 5058 1735 5110 τῶν

157 5145 612 5217 κεκοιμημένων,
638 5145 724 5198 ἵνα
757 5145 830 5216 μὴ
869 5144 1135 5214 λυπῆσθε,
1162 5146 1340 5210 καθὼς
1363 5149 1458 5201 καὶ
1482 5148 1530 5199 οἱ
1558 5148 1736 5203 λοιποὶ

154 5244 208 5295 οἱ
249 5241 328 5310 μὴ
359 5239 572 5307 ἔχοντες
597 5237 806 5290 ἐλπίδα.
847 5255 865 5289 ι

241 5351 260 5382 ι
301 5331 438 5398 Περὶ
466 5329 521 5381 δὲ
546 5329 655 5380 τῶν
679 5328 886 5398 χρόνων
925 5329 1017 5381 καὶ
1068 5329 1176 5381 τῶν
1228 5329 1456 5398 καιρῶν,
1495 5329 1732 5398 ἀδελφοὶ,

154 5425 220 5476 οὐ
261 5421 458 5490 χρείαν
488 5418 638 5488 ἔχετε
665 5419 1136 5489 ὑμῖνγράφεσθαι.
1167 5420 1329 5470 Αὐτοὶ
1357 5421 1464 5490 γὰρ
1494 5421 1735 5490 ἀκριὸὦς

155 5516 372 5572 οἴδατε,
423 5512 505 5564 ὃτι
555 5512 588 5581 ἡ
628 5511 814 5579 ἡμέρα
853 5511 1058 5581 Κυρίου
1095 5511 1168 5573 ὡς
1205 5511 1440 5578 κλέπτης
1473 5515 1528 5564 ἐν
1557 5514 1731 5574 νυκτὶ,

157 5604 342 5664 οὕτως
405 5602 643 5672 ἔρχεται.
681 5601 851 5654 Ὅταν
923 5601 1031 5670 γὰρ
1089 5603 1334 5653 εἴπωσινο
1384 5603 1586 5672 Εἰρήνη
1643 5605 1736 5657 καὶ

155 5695 466 5764 ἀσφάλεια,
515 5694 630 5746 τότε
687 5694 948 5763 αἰφνίδιος
990 5695 1174 5757 αὑτοῖς
1229 5698 1578 5766 ἐπιστήσεται
1627 5697 1737 5750 δλεο

154 5786 318 5857 Θρος.
353 5782 623 5853 ’Ὥσπερὴ
655 5783 782 5837 ὠδὶν
805 5787 873 5857 τῇ
923 5786 979 5839 ἐν
1018 5786 1215 5857 γαστρὶ
1260 5786 1478 5860 ἐχούσῃ,
1523 5789 1616 5842 καὶ
1672 5790 1732 5843 οὑ

163 5880 245 5950 μὴ
281 5875 618 5945 ἐκφύγωσιν.
655 5894 674 5928 ι

1851 646 2083 703 virtutes
2114 650 2380 704 caelorum
2433 651 2820 707 movebuntur.
2869 650 2935 704 Et
2985 661 3117 705 tunc
3167 651 3427 706 videbunt

1851 735 2048 793 Filium
2084 739 2322 794 hominis
2356 743 2660 797 venientem
2707 743 2764 796 in
2818 744 2962 798 nube
2996 758 3121 796 cum
3158 752 3426 813 potestate

1850 839 1903 884 et
1933 832 2211 901 majestate
2241 833 2427 886 multa.
2464 834 2742 887 Attendite
2776 843 2955 888 autem
2985 836 3144 889 vobis
3185 851 3254 888 ne
3285 835 3425 889 forte

1851 936 2143 993 graventur
2172 924 2332 977 corda
2362 935 2542 979 vestra
2576 928 2627 978 in
2665 909 2912 996 crapula,
2949 935 3001 978 et
3039 929 3328 986 ebrietate.
3369 935 3424 980 et

1851 1015 1998 1068 curis
2035 1015 2194 1083 hujus
2222 1015 2364 1072 vitae.
2396 1023 2448 1067 et
2478 1025 2694 1084 repente
2719 1017 3070 1085 superveniat
3096 1018 3149 1070 in
3182 1033 3278 1070 vos
3305 1017 3424 1070 dies

1851 1103 1961 1157 illa.
1990 1103 2272 1172 Tanquam
2306 1103 2532 1173 laqueus
2564 1105 2707 1176 enim
2765 1107 3113 1175 superveniet.
3149 1107 3205 1162 in
3234 1122 3424 1162 outnes

1852 1200 1942 1266 qui
1983 1196 2170 1249 sedent
2211 1213 2373 1264 super
2401 1195 2592 1250 faciem
2630 1199 2806 1250 omnis
2841 1207 3021 1252 terrae.
3057 1216 3076 1250 ι

1922 1285 2094 1340 Marc.
2128 1303 2224 1347 xu,
2252 1289 2342 1341 25.
2375 1320 2440 1331 ——
2482 1308 2500 1340 ι
2533 1287 2670 1341 Cum
2699 1304 2726 1340 a
2753 1291 2982 1343 mortuis
3004 1292 3422 1352 resurreXerint,

1851 1396 2030 1448 neque
2060 1381 2283 1442 nubent,
2321 1397 2494 1450 neque
2526 1382 2823 1446 nubentur;
2855 1383 2949 1436 sed
2984 1392 3112 1436 sunt
3145 1382 3289 1436 sicut
3324 1397 3422 1434 au-

1852 1472 1955 1544 geli
1998 1473 2051 1524 iu
2086 1473 2246 1526 caelo.
2284 1491 2302 1522 ι

1924 1561 2076 1615 Rom.
2109 1579 2222 1626 vm,
2260 1563 2345 1616 18.
2383 1592 2452 1602 -ο
2483 1581 2501 1614 ι
2545 1562 2812 1618 Existimo
2835 1563 2979 1632 quod
3005 1579 3110 1618 non
3141 1573 3268 1619 sunt
3291 1579 3426 1619 con-

1853 1655 2029 1723 dignae
2053 1655 2332 1724 passiones
2361 1653 2524 1722 hujus
2560 1655 2819 1724 temporis
2838 1655 2902 1708 atl
2926 1655 3161 1709 futuram
3195 1657 3423 1726 gloriam

1855 1759 1976 1812 qua:
2028 1743 2356 1798 revelabitur
2408 1743 2458 1796 in
2502 1744 2678 1797 nobis.
2715 1743 2849 1798 Nam
2899 1745 3239 1814 exspectatio
3267 1761 3425 1800 crea-

1783 1854 1826 1909 B
1856 1845 2008 1898 tura},
2035 1835 2420 1890 revelationem
2462 1835 2696 1888 ﬁliorum
2726 1835 2816 1890 Dei
2851 1843 3151 1905 exspectat.
3193 1855 3212 1888 ι

1774 3184 1820 3247 C

1771 4521 1813 4575 D

1839 3409 1957 3461 non
1993 3392 2351 3457 dormienms,
2401 3408 2591 3446 omnes
2640 3405 2818 3447 autem
2879 3395 3336 3449 immutabimur:

1926 1929 1955 1983 1
1991 1929 2117 1984 Cor.
2148 1944 2231 1991 ιιι,
2259 1928 2346 1989 15,
2380 1927 2542 1981 14.-
2570 1947 2588 1979 ι
2625 1926 3072 2000 Uniuseujusque
3100 1945 3238 1999 opus
3267 1930 3429 2000 quale

1855 2020 1944 2079 sit.
1980 2019 2121 2089 ignis
2144 2018 2418 2087 probabit.
2476 2018 2532 2072 Si
2581 2019 2741 2087 cujus
2788 2033 2926 2087 Opus
2958 2021 3243 2082 mansvrit,
3280 2021 3424 2088 quod

1854 2109 2325 2178 superaediticavit,
2357 2110 2660 2163 mercedem
2709 2110 2964 2178 accipiet.
2998 2107 3056 2162 Si
3089 2109 3249 2176 cujus
3287 2123 3428 2178 Opus

1854 2203 2073 2263 arserit,
2104 2200 2489 2254 detrimentum
2547 2199 2798 2270 accipiet.
2860 2199 2977 2269 Ipse
3029 2209 3206 2255 autem
3244 2201 3428 2257 salvus

1852 2299 1957 2352 erit
1999 2315 2012 2350 :
2055 2297 2132 2351 sic
2167 2305 2342 2348 tamen
2374 2295 2528 2363 quasi
2577 2311 2671 2364 per
2705 2297 2902 2364 ignem.
2945 2313 2963 2346 ι

1927 2387 1955 2442 Ι
1983 2388 2104 2442 Cor.
2136 2405 2224 2453 xv,
2258 2388 2448 2442 44-56.
2473 2418 2542 2427 —
2575 2407 2593 2437 ι
2628 2387 2719 2440 Sic
2762 2389 3031 2456 scriptum
3063 2395 3147 2442 est
3181 2403 3194 2441 :
3231 2385 3426 2441 Fartus

1853 2489 1935 2537 est
1959 2485 2166 2550 primus
2200 2481 2361 2534 homo
2391 2481 2444 2534 in
2471 2481 2710 2534 animam
2749 2481 3018 2535 viventem
3047 2500 3060 2535 :
3098 2479 3428 2534 novissimus

1852 2575 2019 2627 Adam
2067 2575 2118 2626 in
2157 2573 2406 2640 spiritum
2439 2572 2823 2627 viviﬁcantem.
2877 2571 2981 2626 Sed
3035 2588 3140 2626 non
3193 2573 3426 2640 primunt

1853 2665 1994 2734 quod
2027 2664 2314 2734 spirituale
2342 2675 2447 2717 est.
2487 2663 2701 2715 Primus
2745 2663 2906 2716 homo
2944 2662 3011 2715 de
3045 2671 3214 2724 terra,
3258 2671 3430 2716 terre.

1853 2770 2002 2807 nus:
2042 2753 2317 2806 secundus
2369 2754 2553 2814 homo,
2599 2751 2859 2805 Dominus
2909 2755 2976 2807 de
3025 2757 3186 2808 coelo.
3243 2753 3428 2820 Qualis

1854 2851 2127 2902 terrenus,
2161 2842 2298 2895 tales
2338 2851 2391 2895 et
2431 2843 2631 2896 terreni
2672 2860 2692 2901 ε,
2720 2850 2773 2897 ει
2804 2843 2984 2912 qualis
3008 2846 3267 2907 caelestis,
3293 2847 3428 2900 tales

1852 2942 1906 2987 et
1934 2935 2206 2987 caalesles.
2248 2933 2310 2986 Et
2343 2935 2486 2988 sicut
2516 2936 2858 3002 portavimus
2885 2935 3173 3004 imaginem
3201 2937 3426 3000 terreni,

1832 3027 2132 3096 'portemus
2169 3035 2222 3080 et
2255 3026 2544 3096 imaginem
2579 3028 2846 3081 caelestis.
2891 3028 3003 3082 Hoc
3032 3028 3176 3089 ilico,
3233 3029 3428 3082 fratres

1852 3119 1978 3181 mei,
2010 3118 2134 3185 quia
2186 3131 2315 3171 caro
2366 3127 2419 3170 et
2475 3118 2698 3186 sanguis
2740 3134 2966 3188 regnum
3002 3117 3092 3171 Dei
3147 3120 3427 3188 possidere

1852 3224 1956 3262 non
1985 3219 2232 3277 possunt,
2267 3224 2366 3262 nec
2400 3210 2679 3276 corruptio
2741 3209 3205 3278 incorruptionem
3239 3213 3429 3280 possi-

1851 3301 1960 3354 det.
2012 3299 2150 3353 Ecce
2204 3301 2525 3370 mysterium
2569 3301 2722 3354 vobis
2753 3301 2878 3354 dico
2917 3320 2929 3355 :
2967 3317 3158 3356 omnes
3206 3302 3424 3370 quidem

3373 3398 3425 3450 in

1849 3495 2146 3548 momento,
2189 3486 2239 3538 in
2279 3487 2388 3538 ictu
2429 3486 2597 3546 oculi,
2635 3486 2686 3538 in
2725 3486 3024 3540 novissima
3052 3488 3183 3540 tuba
3221 3507 3233 3541 :
3267 3497 3427 3541 canet

1849 3573 1996 3626 enim
2030 3573 2158 3626 tuba
2187 3583 2242 3628 et
2280 3576 2480 3626 mortui
2526 3582 2814 3644 resurgent
2867 3575 3196 3645 incorrupti,
3241 3585 3292 3632 et
3324 3594 3424 3632 nos

1849 3663 2282 3717 inunutabimur.
2316 3665 2544 3732 Oportet
2591 3666 2736 3718 enim
2776 3668 3135 3736 corruptibile
3189 3668 3292 3722 hoc
3341 3668 3424 3722 in-

1849 3755 2013 3810 duere
2037 3756 2531 3822 incorruptionem,
2560 3765 2614 3812 et
2652 3759 2884 3812 mortale
2922 3759 3026 3812 hoc
3063 3759 3293 3814 induere
3327 3760 3428 3813 im-

1848 3847 2254 3901 mortalitatem.
2343 3847 2475 3900 Cum
2527 3859 2706 3903 autem
2769 3851 3122 3919 corruptibile
3181 3852 3283 3906 hoc
3343 3853 3426 3904 iu-

1847 3939 2023 3993 duerit
2082 3938 2569 4008 incorruptionem,
2607 3950 2657 3994 et
2711 3941 2942 3995 mortale
3012 3942 3114 3996 hoc
3184 3943 3424 3998 induerit

1848 4031 2336 4092 immortalitatem,
2362 4041 2493 4084 tunc
2527 4031 2617 4084 [iet
2645 4048 2826 4086 sermo
2855 4033 2949 4102 qui
2997 4033 3239 4102 scriptus
3263 4035 3425 4106 347

1846 4130 1946 4176 est.
1992 4121 2260 4190 Absorpta
2297 4130 2379 4174 est
2411 4136 2559 4176 mors
2595 4123 2649 4176 in
2698 4123 2944 4176 victoria.
2981 4122 3081 4176 Ubi
3117 4135 3222 4189 est,
3252 4141 3421 4190 mors,

1846 4212 2137 4266 stinmlus?
2178 4211 2269 4265 ubi
2295 4221 2400 4274 est,
2437 4228 2606 4274 mors,
2649 4214 2922 4266 victoria?
2955 4215 3222 4270 Stimulos
3241 4230 3422 4273 autem

1847 4304 2039 4358 mortis
2075 4313 2359 4374 peccatum
2389 4312 2474 4358 est
2503 4323 2514 4357 :
2544 4304 2722 4358 virtus
2760 4323 2887 4364 vero
2907 4308 3143 4381 peccati,
3178 4310 3287 4365 lex.
3326 4329 3345 4362 ι

1915 4499 1974 4554 ΙΙ
2029 4499 2154 4555 Cor.
2210 4516 2262 4564 v,
2320 4500 2440 4551 l0l.
2498 4529 2566 4540 —
2606 4519 2624 4550 ι
2664 4497 2868 4557 Omnes
2918 4518 3020 4558 nos
3073 4490 3418 4560 manifestar-i

1844 4601 2059 4664 oportet
2098 4600 2225 4645 ante
2262 4591 2502 4646 tribunal
2527 4590 2760 4655 Christi,
2793 4603 2850 4647 ut
2889 4595 3092 4649 referat
3120 4600 3419 4664 uimsquis-

1843 4703 1947 4757 qtte
1971 4701 2091 4755 qua:
2123 4700 2220 4754 per
2248 4698 2452 4754 corpus
2491 4683 2685 4754 gessit,
2716 4685 2832 4740 sive
2882 4686 3108 4755 bonum,
3157 4690 3274 4744 sive
3305 4707 3421 4744 ma-

1844 4783 1976 4836 lum.
2011 4801 2031 4833 ι

1913 4874 2092 4928 Galat.
2129 4890 2203 4938 vi,
2229 4873 2282 4926 8.
2324 4902 2396 4913 —
2422 4892 2440 4923 ι
2473 4871 2629 4937 Quod
2661 4872 2807 4928 enim
2850 4871 3200 4928 seminaverit
3233 4873 3416 4938 homo,

1842 4967 1945 5020 hoc
1973 4977 2027 5020 et
2062 4971 2243 5017 metet.
2274 4981 2292 5012 ι

1913 5061 1942 5112 1
1977 5055 2156 5109 Thess.
2190 5069 2262 5115 tv,
2303 5054 2390 5106 12.
2417 5084 2485 5094 —
2531 5073 2550 5103 ‹
2588 5051 2727 5108 Nolo
2758 5061 2940 5107 autem
2993 5067 3092 5108 vos
3140 5054 3411 5122 ignorare,

1842 5149 2060 5206 fratres,
2114 5146 2182 5198 de
2229 5145 2665 5206 dormientibus,
2736 5157 2794 5198 ut
2854 5159 2963 5198 non
3017 5146 3415 5202 contristemini

1841 5243 1982 5295 sicut
2012 5247 2064 5291 et
2095 5237 2277 5291 caeteri
2305 5238 2397 5306 qui
2437 5253 2588 5306 spem
2621 5251 2732 5290 non
2768 5237 2990 5291 habent.
3021 5256 3041 5289 ι

1911 5330 1940 5385 Ι
1977 5331 2158 5384 Thess.
2194 5346 2248 5394 v,
2309 5331 2416 5384 1-5.
2452 5359 2522 5370 -
2560 5349 2578 5380 ι
2613 5329 2684 5382 De
2730 5330 3070 5398 temporibus
3129 5340 3310 5386 autem
3363 5343 3418 5387 et

1841 5423 2154 5487 momentis,
2214 5421 2437 5483 fratres,
2494 5437 2603 5476 non
2654 5421 2940 5512 ipiligetis,
3001 5424 3417 5492 ut_scribatttus

1840 5516 2015 5570 vobis.
2049 5514 2154 5584 Ipsi
2182 5516 2329 5569 enim
2363 5515 2654 5585 diligenter
2671 5516 2848 5579 scitis,
2879 5518 3002 5583 quia
3029 5517 3147 5572 dies
3178 5517 3414 5580 Domini,

1842 5608 1984 5661 sicut
2014 5606 2099 5660 fur
2129 5607 2180 5660 in
2214 5618 2392 5670 nocte,
2423 5607 2495 5660 ita
2530 5608 2727 5662 veniet.
2772 5608 2908 5664 Cum
2953 5611 3103 5664 enim
3138 5611 3413 5664 dixerint:

1839 5698 1953 5752 Pax
1985 5707 2039 5752 et
2070 5700 2365 5762 securitas,
2399 5708 2530 5752 tunc
2579 5701 2896 5769 repentinus
2930 5702 3013 5757 eis
3068 5711 3414 5772 supervemet

1843 5790 2117 5855 interitus,
2151 5791 2292 5848 sicut
2320 5790 2478 5846 dolor
2503 5791 2722 5849 babenti
2756 5792 2810 5848 in
2835 5801 3014 5862 utero,
3047 5803 3100 5851 ct
3131 5809 3237 5849 non
3276 5792 3414 5848 ellu-

1842 5882 2007 5952 gient.
2047 5899 2065 5932 ι
