4218 6446
139 408 280 471 3135

1365 402 1598 461 ςλαῐιΑ
1638 402 2106 466 ΡΑΠΛΙᾸΕΙΛ.

3246 396 3384 464 1Ῑεῦ

140 526 470 594 πράγματα,
503 520 566 573 οὐ
597 518 782 588 φωνην
798 516 1052 587 άφίεντα,
1094 514 1234 568 ἀλλά
1268 515 1493 569 τοιαῦτα
1523 516 1712 585 φαινό-
1742 523 1783 577 Α

1742 523 1783 577 Α
1815 519 1939 571 dem
1971 519 2174 573 emissa
2208 530 2361 580 voce,
2394 514 2488 569 sed
2516 523 2790 584 quatenus
2807 511 3079 584 ejusmodi
3113 521 3380 582 apparent

140 633 303 685 μενα,
339 607 427 667 οἶα
451 611 539 678 ὑφ’
566 611 724 680 ἡμῶν
755 608 1070 679 γεγένηται.

217 708 313 759 Ἐν
337 705 428 758 καὶ
458 702 617 756 τοῦτο
652 705 752 773 τῆς
782 701 875 755 τοῦ
904 701 1151 755 διαὸόλου
1178 700 1473 771 μεθοδείας,
1497 700 1557 753 τὸ
1583 700 1709 763 τοὺς

140 795 372 857 πολλοὺς
390 793 500 847 τῶν
528 792 849 864 ἀνθρώπων,
888 792 1078 862 ῶσπερ
1125 792 1547 861 ἐπιλαθομένους
1599 790 1710 844 τῶν

140 885 415 939 τοσούτων
453 886 801 952 ἀποφάσεων,
838 882 988 943 τέλος
1021 880 1294 933 κολάσεων
1339 881 1549 942 ἑαυτοῖς
1579 879 1712 932 ύπο-

144 978 403 1048 γράφειν,
437 977 517 1037 εἰς
545 976 605 1027 τὸ
638 974 836 1044 μᾶλλον
870 972 1212 1043 κατατολμᾷν
1258 972 1358 1042 τῆς
1414 972 1717 1042 ἁμαρτίας.-

152 1088 172 1117 1
213 1068 269 1120 '0
298 1068 403 1137 γάρ
429 1064 643 1134 σκώληξ
679 1064 861 1118 αὐτῶν
905 1062 965 1115 οὑ
994 1063 1328 1133 τελευτήσει,
1364 1064 1461 1115 καὶ
1499 1062 1561 1115 τὸ
1598 1061 1712 1133 πῦρ

149 1160 333 1213 αὐτῶν
352 1160 412 1211 οῦ
441 1156 819 1227 σὸεσθήσεται.
853 1173 871 1205 ι

235 1254 382 1305 Ἐκεῖ
402 1249 667 1321 κρίνεται,
694 1249 815 1317 οὐχὶ
870 1248 1030 1317 μόνον
1067 1245 1097 1297 ὁ
1126 1244 1590 1315 καθηγησάμενος
1619 1240 1712 1295 τοῦ

146 1342 349 1405 δεινοῦ,
384 1340 518 1395 ἀλλά
552 1340 644 1392 καὶ
672 1340 702 1391 ό
732 1338 952 1411 πονηρῷ
985 1337 1211 1409 ἡγεμόνι
1244 1337 1377 1407 πρὸς
1407 1335 1504 1405 τὴν
1532 1335 1712 1403 ἀμαρ-

149 1437 274 1489 τίαν
299 1434 687 1502 ἀκολουθήσας.

224 1528 391 1595 Φησὶν
434 1527 463 1577 ὁ
523 1526 809 1594 προφήτης
834 1539 845 1551 ’
889 1541 908 1574 ι
948 1523 1066 1574 Ἵνα
1103 1522 1156 1575 τί
1191 1522 1347 1590 ὑμεῖς
1379 1519 1589 1587 ζητεῖτε
1616 1521 1715 1590 τὴν

155 1619 371 1687 ἡμέραν
400 1617 601 1685 Κυρίου
624 1634 637 1682 ;
670 1616 760 1668 καὶ
784 1612 921 1683 αῦτη
952 1614 1068 1666 ἐστὶ
1091 1614 1301 1676 σκότος,
1324 1614 1418 1663 καὶ
1440 1612 1501 1664 οὐ
1532 1611 1673 1679 φῶς⁶
1690 1628 1708 1661 ι

160 1710 351 1771 σκότος
377 1708 434 1760 δὲ
491 1707 735 1778 δηλονότι
793 1708 903 1769 τοῖς
936 1704 1108 1768 ἀξίοις
1150 1705 1243 1756 τοῦ
1278 1704 1522 1765 σκότους.
1567 1702 1717 1754 Ἐπεὶ

158 1801 460 1869 άνέσπερον
489 1800 581 1851 καὶ
604 1796 903 1865 ἀδιάδοχον,
938 1797 1031 1849 καί
1072 1793 1429 1863 ἀτελεύτητον
1457 1792 1554 1862 τὴν
1580 1791 1717 1862 ὴμέ-

1806 614 2001 682 quales
2035 622 2197 680 gesta:
2232 627 2261 664 a
2304 611 2464 665 nobis
2497 610 2740 663 fuerunt.

1878 703 1962 757 Ea:
1996 702 2120 773 Reg.
2156 703 2292 756 brev.
2336 710 2524 771 φανεῖ.
2554 700 2680 755 267.
2726 731 2797 742 -
2826 700 2984 757 Unus
3022 711 3243 769 quoque
3292 695 3381 751 hic

1809 796 2011 851 diaboli
2045 803 2197 849 astus
2220 806 2325 858 est,
2359 794 2503 865 quod
2534 793 2791 847 nimirum
2830 792 3082 862 plerique
3130 788 3383 844 homines

1812 890 1957 945 velut
1982 897 2062 943 tot
2086 897 2469 956 tantarumque
2492 885 2887 940 sententiarum
2916 884 3098 945 obliti,
3124 881 3388 951 supplicii

1810 980 1911 1035 sibi
1946 979 2108 1032 linem
2152 977 2256 1046 ipsi
2289 976 2512 1047 lingunt,
2555 986 2615 1030 ut
2649 976 2913 1028 audacius
2950 980 3199 1044 peccent.
3250 973 3387 1027 Nam

1817 1089 1835 1120 ι
1874 1069 2077 1123 verutis
2114 1084 2304 1123 eorum
2331 1108 2347 1131 ,
2409 1068 2587 1134 inquit
2647 1068 2767 1128 ille,
2808 1082 2916 1119 non
2957 1067 3243 1129 morietur,
3284 1078 3384 1118 nec

1812 1158 1952 1228 ignis
1976 1173 2165 1210 eorum
2198 1157 2579 1226 exstinguetur
2605 1154 2746 1225 (Im.
2786 1169 2930 1216 vat,
2958 1154 3071 1219 ει).
3110 1172 3129 1205 ι

1884 1249 2232 1311 Εἱιιδάρπι.-
2262 1250 2378 1303 Illic
2414 1248 2835 1311 condemnatur,
2867 1262 2978 1300 non
3017 1247 3063 1301 is
3101 1247 3389 1307 duntaxat,

1813 1344 1904 1413 qui
1936 1344 2159 1397 sceleris
2207 1353 2400 1397 auctor
2443 1344 2567 1400 luit.
2602 1343 2697 1395 sed
2744 1343 2834 1396 ille
2864 1342 3032 1395 etiam
3061 1340 3155 1411 qui
3192 1341 3388 1395 ducent

1817 1438 2016 1491 malum
2058 1437 2121 1491 ad
2156 1446 2438 1505 peceatum
2474 1447 2697 1490 secutus
2726 1444 2829 1488 est.

1888 1528 2043 1583 Horn.
2075 1530 2108 1581 Ξ
2143 1531 2194 1581 in
2255 1528 2510 1581 llexaem.
2546 1556 2617 1569 -—
2644 1527 2735 1579 Ait
2775 1525 3037 1594 propheta
3080 1543 3093 1579 :
3138 1544 3155 1575 ι
3186 1522 3393 1593 thuid

1815 1634 1912 1673 vos
1956 1621 2201 1689 ulmei-itis
2258 1620 2399 1671 diem
2444 1618 2701 1671 Domini?
2734 1624 2789 1671 et
2848 1618 2965 1685 ipse
2999 1623 3083 1669 est
3126 1615 3395 1693 tenebrieg

1816 1719 1995 1765 etnon
2022 1712 2108 1762 lux
2131 1727 2144 1762 :
2166 1729 2183 1758 ι
2206 1708 2440 1762 tenebrae
2466 1708 2721 1761 nimirum
2749 1709 2817 1761 iis
2841 1707 2937 1776 qui
2966 1706 3206 1760 tenebris
3242 1699 3391 1775 dign‘

1820 1812 1965 1858 sunt.
1999 1800 2132 1854 Nam
2163 1800 2367 1870 alioqui
2396 1799 2540 1854 diem
2583 1799 2734 1853 illum
2767 1814 2995 1867 vespera
3044 1807 3099 1853 et
3152 1797 3261 1851 line
3299 1811 3396 1850 ca-

161 1909 263 1961 ραν
292 1868 503 1959 ὲκείνην
529 1885 670 1941 οἶδεν
700 1891 729 1942 ὁ
757 1886 935 1955 λόγος,
970 1889 1035 1958 ἢν
1068 1888 1163 1940 καὶ
1212 1885 1403 1954 ὀγδόην
1428 1886 1457 1937 ό
1493 1884 1720 1953 ψαλμῳ-
1752 1868 1794 1924 Β
1826 1912 1827 1917 η

1752 1868 1794 1924 Β
1826 1910 1964 1955 rere,
2002 1908 2101 1947 nec
2147 1893 2443 1946 obnoxium
2495 1906 2617 1946 esse
2683 1892 3056 1952 successioni,
3110 1889 3396 1958 Scriptura

156 1985 248 2048 δὸς
290 1982 745 2053 προσηγόρευσεν,
774 1980 863 2034 διά
894 1980 954 2035 τὸ
980 1980 1083 2046 ἔξω
1113 1978 1325 2033 κεῖσθαι
1367 1978 1462 2030 τοῦ
1493 1977 1725 2046 ἑϐδομα·

155 2074 315 2127 τικοῦ
335 2073 523 2127 τούτου
580 2073 797 2143 χρόνου.
831 2071 993 2123 Ὥστε
1028 2068 1132 2122 κᾶν
1174 2069 1389 2140 ἡμέραν
1421 2068 1602 2135 εἴπῃς,
1632 2063 1724 2117 καὶ

158 2165 355 2229 αἰῶνα,
385 2164 485 2234 τὴν
532 2164 700 2233 αὐτὴν
746 2164 890 2232 ὲρεῖς
936 2162 1166 2215 ἔννοιαν.
1212 2162 1333 2213 Εἴτε
1360 2160 1452 2212 οῦν
1483 2157 1662 2228 ἡμέρα
1689 2159 1723 2227 ὴ

160 2240 496 2317 κατάστασις
518 2255 704 2323 ἐκείνη
734 2252 965 2318 λέγοιτο,
997 2252 1094 2323 μία
1124 2254 1259 2316 ἐστὶ,
1296 2253 1389 2304 καὶ
1414 2251 1473 2304 ού
1500 2250 1719 2304 πολλαί·

159 2349 273 2399 εἴτε
321 2345 453 2398 αἰὼν
499 2344 978 2417 προσαγορεύοιτο,
1034 2343 1265 2414 μοναχκ
1294 2342 1360 2396 ἂν
1399 2342 1504 2412 εἰη,
1544 2343 1635 2395 καί
1661 2341 1723 2394 ού

160 2435 477 2497 πολλοστὸς.

239 2614 417 2668 Καλὸν
444 2614 518 2685 μὴ
550 2613 793 2683 ῥήματος
840 2612 1000 2682 μόνον
1024 2613 1119 2666 καὶ
1165 2611 1435 2681 πράξεως,
1467 2608 1604 2663 ἀλλά
1634 2609 1727 2662 καὶ

164 2706 359 2776 καιροῦ
390 2707 609 2767 παντὸς,
639 2706 735 2757 καὶ⁵
783 2704 930 2774 ὥρας
977 2705 1147 2772 αὐτῆς
1192 2703 1284 2756 τοῦ
1315 2704 1605 2769 ἀκαριαίου
1638 2702 1728 2752 καὶ

165 2795 494 2850 λεπτοτάτου
520 2794 725 2847 οἴεσθαι
749 2794 905 2857 λόγον
929 2790 1277 2845 ἀπαιτεῖσθαι
1313 2791 1479 2859 ἡμᾶς.

241 2984 481 3039 Γίνωσκε
508 2978 861 3048 συλλέγεσθαι
889 2978 969 3041 εἰς
999 2976 1246 3045 ὕστερον.

243 3077 407 3131 Ούδὲν
430 3075 565 3136 ὅλως
588 3073 695 3125 τῶν
722 3068 961 3139 ἀγαθῶν,
994 3066 1099 3121 xiv
1145 3066 1339 3136 μικρὸν
1364 3061 1422 3137 ᾗ,
1451 3065 1705 3135 παροφθή

171 3184 328 3221 σεται
358 3168 473 3219 ἐκεῖ
500 3163 649 3236 παρὰ
670 3161 763 3215 τοῦ
790 3158 998 3230 κριτοῦ.
1057 3158 1117 3208 Εἰ
1165 3157 1273 3227 γάρ
1320 3158 1731 3226 ἁμαρτημάτων

171 3261 270 3315 καὶ
304 3258 562 3330 ῥημάτων
626 3256 720 3307 καὶ
761 3247 1159 3321 ἐνθυμημάτων
1206 3248 1441 3300 τιννύειν
1470 3248 1733 3318 μέλλομεν

169 3350 443 3419 τιμωρίας
480 3347 661 3416 ἡμεῖς,
720 3341 899 3410 πολλῷ
955 3339 1154 3410 μᾶλλον
1207 3338 1277 3391 τὰ
1315 3339 1735 3409 κατορθώματα,

172 3444 281 3497 xiv
300 3440 469 3511 μικρά
484 3436 879 3504 λογισθήσεται.

260 3535 598 3591 ἰντίστασις
650 3530 802 3579 ἔσται
846 3528 963 3579 ἐκεῖ
1007 3526 1115 3577 τῶν
1180 3524 1431 3594 πονηρῶν
1462 3523 1734 3593 πράξεων,

176 3625 273 3676 καὶ
306 3621 413 3673 τῶν
442 3620 501 3671 ού
523 3616 777 3671 τοιούτων
804 3633 817 3646 ⁸
849 3617 951 3669 xiv
1004 3615 1103 3684 μὲν
1154 3609 1315 3666 αὗται
1363 3612 1737 3666 καθελκύσωσι

175 3713 269 3764 τὸν
296 3709 479 3775 ζυγὸν,
525 3707 735 3759 ἔσωσαν
776 3704 836 3757 οὐ
867 3704 1069 3773 μικρᾶς
1110 3701 1201 3754 τὸν
1228 3700 1466 3770 ἐργάτην
1489 3700 1595 3753 τῶν
1616 3701 1739 3752 ἑαυ-

177 3804 289 3855 τῶν
309 3819 321 3831 ·
356 3800 457 3852 xiv
475 3798 745 3850 τοσούτων
783 3795 976 3865 ἰσχύσῃ
1020 3793 1271 3862 πονηρῶν
1298 3792 1550 3860 πράξεων
1580 3793 1744 3860 ἔργα·

181 3894 273 3945 σία
304 3889 521 3959 βλάψαι,
573 3889 696 3940 ὅσον
742 3885 1090 3938 κατασπάσαι
1127 3885 1227 3952 τῆς
1270 3882 1490 3952 πρώτης
1538 3883 1737 3953 χώρας,

180 3981 346 4033 αὑτὸν
378 3979 456 4037 εἰς
500 3976 559 4026 τὸ
602 3975 701 4042 τῆς
745 3974 971 4040 γεέννης
1005 3971 1279 4039 ἀπάγουσι
1311 3969 1443 4039 πῦρ,
1472 3970 1558 4022 διὰ
1586 3971 1646 4022 τὸ
1668 3972 1741 4041 μὴ

183 4068 327 4123 εἶναι
370 4068 431 4120 το
470 4067 672 4135 πλῆθος
711 4064 821 4117 τῶν
862 4063 1319 4134 κατορθωμάτων,
1354 4062 1429 4125 ώς
1468 4062 1562 4115 καὶ
1588 4062 1745 4132 δυνη-

184 4163 349 4229 θῆναι
388 4157 697 4227 ἀντιστῆναι
757 4155 893 4224 πρὸς
931 4154 1022 4207 τὸν
1066 4152 1236 4223 βίαιον
1290 4155 1494 4207 ἐκεῖνον
1542 4150 1743 4206 ἀνωθι-

187 4269 218 4302 σ
228 4251 350 4318 μόν.

263 4346 645 4411 Μνημονευετε
674 4339 773 4409 τῆς
796 4337 1118 4409 φρικώδους,
1148 4338 1241 4391 καί
1263 4338 1741 4409 φοόερᾶςήμέρας,

192 4441 252 4490 ὲν
337 4435 534 4494 πάντες
592 4431 954 4500 παρίστανται
998 4428 1077 4497 τῷ
1122 4428 1325 4499 βήματι
1367 4430 1462 4481 τοῦ
1490 4431 1743 4501 Χριστοῦ,

1825 1990 2077 2037 testatur.
2106 1982 2277 2048 Quem
2316 1984 2481 2036 etiam
2532 1987 2784 2035 octavum
2838 1981 3127 2034 Psaltnista
3159 1980 3399 2049 appella-

1827 2078 1902 2130 vit
1930 2076 2109 2148 (Psal.
2144 2092 2221 2137 vn,
2264 2076 2288 2128 l
2334 2115 2352 2140 ,
2394 2074 2538 2145 quod
2575 2090 2602 2128 a
2648 2078 2960 2145 septenario
3006 2074 3109 2127 hoc
3153 2082 3401 2142 tempore

1829 2170 2107 2236 sejunctus
2137 2168 2229 2223 sit.
2253 2167 2450 2233 Quare,
2486 2167 2599 2221 sive
2623 2166 2791 2228 diem,
2816 2167 2932 2221 sive
2959 2182 3134 2219 :evum
3163 2164 3396 2225 dixeris.

1828 2261 2018 2316 eodem
2052 2275 2215 2314 sensu
2263 2268 2561 2327 utrumque
2617 2258 2940 2328 appellabis.
3002 2257 3079 2311 Ac
3143 2257 3399 2327 proinde,

1832 2350 1945 2405 sive
1974 2350 2093 2405 dies
2138 2359 2316 2405 status
2368 2351 2457 2405 ille
2486 2358 2856 2418 nuncupetur,
2894 2365 3037 2402 unus
3063 2357 3166 2413 est,
3193 2364 3257 2401 ae
3293 2364 3400 2402 non

1834 2443 1987 2496 nmlti
2028 2461 2043 2497 :
2084 2443 2197 2498 sive
2224 2457 2401 2497 aevum
2442 2448 2688 2507 vocetur,
2721 2442 2945 2495 unicum
2984 2449 3090 2504 est,
3125 2457 3231 2495 non
3265 2440 3405 2493 mul-

1832 2536 2021 2605 tiplex.

1904 2628 2041 2680 Nuz.
2072 2636 2211 2679 orat.
2243 2626 2332 2678 26.
2363 2655 2433 2665 --
2469 2623 2681 2693 Optima
2709 2640 2798 2679 res
2840 2634 2946 2689 est,
2990 2634 3049 2678 ut
3085 2640 3193 2677 non
3242 2622 3406 2677 modo

1834 2716 2101 2770 sermonis
2128 2723 2182 2767 et
2230 2715 2483 2779 actionis,
2533 2717 2626 2769 sed
2677 2716 2841 2769 etiam
2880 2714 3165 2783 temporis,
3196 2716 3326 2781 quin
3353 2723 3406 2765 et

1836 2817 2229 2861 momentanere
2264 2808 2705 2875 tenuissimaque
2747 2807 2920 2876 partis
2962 2806 3110 2859 hora:
3138 2807 3403 2859 rationem

1837 2911 1867 2950 a
1891 2895 2049 2950 nobis
2079 2896 2395 2965 exigendam
2419 2896 2821 2949 existimemus.

1909 2986 2057 3039 Scito
2088 2995 2147 3040 ut
2184 2986 2237 3040 in
2273 2994 2488 3055 tempus
2527 2993 2809 3055 posterum
2841 2983 3087 3055 colligas.

1907 3073 2178 3143 Chrysa“.
2205 3072 2506 3127 —Nu|lum
2540 3089 2765 3144 prorsus
2801 3073 3026 3135 bonmn,
3057 3073 3409 3141 quantumvis

1838 3168 2091 3236 exiguum
2128 3167 2206 3228 lit,
2239 3182 2266 3219 a
2296 3165 2479 3234 judice
2518 3166 2845 3236 negligetur.
2881 3163 3017 3217 Nam
3059 3179 3181 3215 cum
3216 3179 3411 3233 pecca-

1838 3265 2037 3318 torum,
2070 3271 2489 3325 sermonumque
2518 3267 2572 3309 et
2600 3255 2994 3326 cogitationum
3026 3268 3215 3323 pceuas
3238 3254 3411 3306 simus

1840 3347 2205 3417 pcrsoluturi;
2256 3350 2426 3402 multo
2476 3365 2608 3403 sane
2667 3349 2843 3418 magis
2898 3356 3045 3401 rei-te
3110 3348 3408 3408 factorum,

1839 3439 2136 3506 quamlibet
2160 3453 2326 3508 parva
2353 3441 2487 3502 sint,
2521 3440 2661 3493 ratio
2684 3439 2993 3493 habebitur.

1911 3528 2183 3596 Ejusdem.
2211 3560 2280 3571 --
2313 3532 2582 3585 Bonarum
2612 3532 2724 3585 illic
2750 3542 2803 3585 et
2839 3533 3105 3586 malarum
3132 3530 3411 3584 actiontuu

1839 3622 2172 3689 comparatio
2203 3621 2347 3675 erit:
2382 3635 2446 3674 ac
2474 3621 2744 3690 siquidem
2778 3621 2882 3674 illa:
2916 3619 3410 3691 prieponderarint,

1840 3714 2047 3766 auctori
2078 3728 2179 3766 suo
2211 3713 2352 3766 haud
2390 3713 2713 3767 mediocrem
2758 3713 2995 3767 salutem
3027 3710 3278 3764 aﬂ‘erent.
3313 3707 3411 3761 Sin

1842 3812 2030 3858 contra
2078 3804 2339 3857 malarum
2384 3804 2661 3857 actionum
2706 3804 3039 3873 perpetratio
3081 3812 3295 3854 tantum
3326 3797 3412 3851 ai-

1845 3893 1986 3947 l'erre
2013 3894 2319 3947 detrimenti
2349 3894 2609 3963 potuerit,
2642 3902 2699 3947 ut
2728 3910 2852 3947 eum
2902 3909 2932 3947 e
2964 3894 3136 3963 prima
3186 3890 3413 3959 regione

1844 3986 2125 4049 detrahat;
2163 3985 2338 4053 ipsum
2373 3984 2436 4036 ad
2462 3985 2723 4053 geheuna:
2750 3984 2929 4052 ignem
2974 3981 3195 4034 abducit
3221 3998 3236 4036 :
3267 3978 3412 4048 quod

1845 4076 2095 4129 videlicet
2128 4090 2233 4128 non
2266 4082 2415 4127 tanta
2442 4077 2512 4126 sit
2535 4082 2682 4125 recte
2711 4074 2979 4123 laetorum
3010 4073 3185 4138 copia,
3211 4079 3267 4121 ut
3299 4085 3414 4122 vio-

1848 4170 1994 4225 lento
2029 4168 2105 4223 illi
2142 4166 2399 4236 impulsui
2429 4165 2695 4218 obsistere
2718 4172 2901 4232 queat.

1918 4344 2259 4414 Ejusdem—
2280 4340 2620 4397 llorrendum
2650 4340 2800 4395 illum
2821 4350 2873 4395 et
2902 4340 3240 4393 tremendum
3264 4338 3407 4393 diem

1851 4438 2108 4492 memoria
2162 4443 2361 4498 tenete,
2400 4435 2453 4487 in
2495 4449 2604 4503 quo
2648 4448 2839 4486 onmes
2896 4432 3100 4484 Christi
3152 4429 3407 4484 tribunali

191 4528 459 4583 δώσοντες
496 4522 648 4584 δίκας
675 4520 784 4573 τῶν
804 4518 1225 4589 πεπραγμένων,
1254 4519 1381 4572 ἔνθα
1415 4519 1521 4588 πρὸ
1548 4521 1744 4589 ὀφθαλ-
1774 4555 1824 4615 D
1850 4546 1857 4583 ε

1739 4552 1824 4615 ·¹)
1850 4531 2132 4592 sistentur,
2175 4542 2360 4581 eorum
2406 4542 2527 4595 quae
2578 4527 2631 4579 in
2671 4526 2779 4578 vita
2809 4526 3099 4594 gesserint,
3141 4523 3405 4576 rationem

195 4618 317 4687 μῶν
349 4616 565 4668 πάντων
614 4611 1017 4681 προτεθήσεται
1061 4609 1131 4663 τά
1191 4610 1601 4680 ἁμαρτήματα,
1656 4613 1749 4666 καί

193 4704 733 4773 ἀποκαλυφθήσεται,
792 4704 887 4755 καὶ
924 4704 1035 4764 τοῖς
1067 4700 1353 4768 ἀγνοοῦσιν
1386 4702 1751 4775 ἐπιδειχθήσε-

193 4815 287 4849 ται
308 4814 323 4829 ο
358 4794 484 4847 ἔνθα
520 4794 553 4864 ή
577 4795 726 4863 πηγὴ
754 4793 848 4846 τοῦ
874 4793 1063 4862 πυρὸς,
1100 4794 1193 4845 καὶ
1230 4794 1259 4845 ό
1284 4794 1581 4863 ἀκοίμητος
1608 4794 1751 4848 σκώ-

195 4889 324 4957 ληξ.
358 4884 525 4938 Ἔνθα
554 4885 729 4937 πάντα
753 4884 933 4953 γυμνά
956 4884 1051 4937 καὶ
1086 4884 1556 4955 τετραχηλισμένα
1576 4901 1591 4917 ο
1625 4887 1753 4941 ἔνθα

201 4980 375 5050 βίϐλοι
404 4977 507 5028 τῶν
537 4977 771 5046 καρδιῶν
793 4976 947 5047 ⁴ἡμῶν
978 4978 1378 5047 ἀνοιγήσονται,
1405 4981 1499 5032 καὶ
1523 4981 1581 5031 ὲν
1607 4981 1755 5051 μέσῳ

199 5070 677 5138 ἀναγνωσθήσεται
705 5070 773 5121 τά
805 5067 1017 5139 φανερά
1045 5070 1137 5121 καὶ
1173 5068 1243 5121 τὰ
1271 5072 1646 5141 κεκρυμμένα,
1688 5074 1757 5127 τά

202 5164 261 5215 ἐν
290 5160 467 5223 νυκτὶ,
504 5160 597 5211 καὶ
625 5159 692 5211 τά
716 5160 997 5230 ὲνήμέρᾳ.

288 5274 416 5327 Ἐπί
446 5277 539 5326 τοῦ
576 5273 696 5336 ἐνὸς
744 5273 806 5326 ού
846 5272 1072 5343 θέλομεν
1092 5275 1471 5346 ἀσχημονῆσαι
1504 5280 1756 5346 ἐνταῦθα,

207 5365 300 5417 ἐπὶ
322 5364 378 5416 δὲ
415 5364 685 5434 μυριάδων
710 5364 977 5418 τοσούτων
1006 5365 1125 5419 ἐκεῖ
1150 5367 1203 5419 τί
1234 5369 1531 5439 ποιήσομεν

283 5532 552 5604 Καθάπερ
578 5536 734 5603 ἡμεῖς
767 5537 874 5597 τοῖς
896 5535 1131 5596 οἰκέταις
1167 5538 1275 5599 τοῖς
1308 5538 1614 5610 ἡμετέροις,
1644 5543 1763 5613 οὐχί

211 5628 309 5697 τῆς
339 5626 514 5690 ἐξόδου
541 5627 719 5695 μόνον,
752 5627 887 5683 ἀλλά
921 5628 1137 5697 καὶτῆς
1186 5629 1393 5682 εἰσόδου
1430 5632 1764 5705 ἀπαιτοῦμεν

214 5720 304 5769 τὸν
334 5717 511 5784 λόγον,
539 5717 876 5783 ἐξετάζοντες
920 5718 1082 5771 πόθεν
1130 5719 1453 5785 ὑπεδέξαντο
1486 5727 1761 5796 χρήματα,

219 5810 307 5861 καὶ
342 5809 491 5879 παρὰ
526 5808 709 5874 τίνων,
758 5808 851 5864 καὶ
892 5809 1043 5877 πότε,
1083 5810 1178 5865 καί
1240 5810 1379 5879 πῶς,
1428 5814 1524 5867 καὶ
1589 5818 1761 5873 πόσα·

1852 4618 2135 4673 reddituri.
2172 4618 2285 4670 illic
2311 4616 2455 4671 enim
2499 4624 2626 4669 ante
2656 4618 2849 4669 oculos
2898 4616 3086 4669 onmiu
3111 4635 3137 4663 ιι
3182 4621 3409 4683 peccata

1853 4717 2223 4780 proponentur
2248 4716 2689 4778 retegenturque,
2709 4718 2763 4762 ct
2790 4708 2856 4762 iis
2873 4708 2963 4777 qui
2981 4722 3042 4760 ea
3064 4706 3406 4775 ignorabant,

1853 4800 2228 4854 ostendentur.
2246 4798 2356 4851 Illic
2383 4798 2507 4853 fons
2537 4800 2701 4867 ignis,
2722 4808 2773 4852 et
2799 4798 3022 4868 pervigil
3046 4798 3264 4851 vermis.
3298 4798 3409 4849 Illic

1853 4891 2034 4943 omnia
2057 4889 2199 4943 nuda
2219 4896 2273 4944 et
2294 4898 2497 4959 aperta.
2531 4890 2641 4943 Illic
2663 4889 2909 4941 «ordinm
2940 4896 3253 4942 nostrorum
3285 4888 3406 4939 lihri

1857 4980 2177 5048 pandentur,
2212 4987 2375 5048 atque
2415 4979 2469 5032 in
2508 4980 2689 5033 medio
2731 4988 2839 5029 tam
2887 4977 3191 5045 perspicua,
3246 4989 3406 5044 quam

1855 5070 2143 5132 abstrusa;
2180 5077 2288 5121 tam
2317 5084 2437 5137 quze
2464 5079 2650 5132 noctu,
2678 5083 2840 5138 quam
2871 5083 2991 5138 qua:
3015 5067 3249 5121 interdiu
3288 5082 3409 5136 per-

1857 5169 2064 5231 petrata
2094 5168 2244 5223 sunt,
2276 5163 2643 5232 perlegentur.

1929 5273 2199 5342 Ejusdem.
2218 5302 2291 5312 --
2317 5273 2512 5328 Coram
2535 5290 2644 5327 uno
2681 5273 2903 5329 homine
2930 5273 3185 5328 indecore
3205 5268 3406 5340 aliquid

1860 5381 2019 5435 agere
2048 5382 2146 5421 nos
2176 5368 2341 5437 pudet
2377 5386 2390 5421 :
2426 5367 2537 5421 illic
2566 5376 2742 5422 autem
2768 5381 2946 5422 coram
2974 5374 3051 5419 tot
3076 5361 3408 5433 myriadibus

1859 5458 1988 5528 quid
2022 5458 2318 5514 faciemus?

1932 5546 2097 5618 3&9
2124 5547 2395 5617 Ejusdem.
2428 5578 2497 5587 ——
2519 5546 2985 5615 Quemadmodum
3020 5561 3049 5599 a
3096 5545 3277 5600 vernis
3306 5557 3406 5597 no-

1864 5643 2016 5704 stris,
2076 5656 2185 5695 non
2241 5657 2498 5713 egressus
2552 5642 2736 5706 modo,
2788 5642 2883 5697 sed
2936 5641 3099 5695 etiam
3155 5638 3408 5693 introitus

1865 5735 2132 5789 rationem
2167 5734 2535 5804 exposcimus,
2573 5736 3029 5804 sciscitamurque
3060 5731 3127 5787 ab
3155 5733 3236 5787 eis
3265 5726 3409 5784 unde

1868 5825 2130 5895 pecunias
2163 5826 2517 5895 sumpserint.
2540 5836 2590 5880 et
2627 5842 2661 5881 ο
2701 5826 2924 5895 quibus,
2957 5833 3011 5883 et
3040 5822 3405 5897 quandonlm.
