4218 6446
828 337 955 401 ειοι
1965 342 2026 397 s.
2067 339 2386 400 JOANNIS
2426 339 2851 405 DAMASCEN'I
3945 349 4082 415 tta:

896 453 1046 504 Psat.
1101 467 1147 502 v.
1187 452 1269 505 Il.
1314 480 1376 491 —
1421 469 1436 498 ι
1470 450 1658 502 Judiea
1693 450 1837 513 illos,
1871 449 2033 505 Deus.
2070 450 2330 504 Decidaut
2369 465 2397 502 a
2428 462 2473 515 Α

2428 462 2473 515 Α
2578 471 2597 504 ι
2632 456 2833 526 Κρῖνον
2856 456 3054 521 αὐτοὺς
3080 457 3111 510 ὁ
3131 457 3266 522 Sed;
3297 473 3312 491 ·
3363 459 3801 516 ἅποπεσάτωσαν
3835 464 3948 517 ἀπὸ
3969 466 4078 518 τίον

822 545 1260 612 cogitationibus
1291 545 1430 598 suis.
1465 563 1484 595 ι

1465 563 1484 595 ι
2499 547 2823 602 διαὼυλιῶν
2855 549 3060 606 αὐτῶν.
3092 569 3110 602 ι

896 632 1048 689 Ρεαι.
1084 649 1158 694 vt,
1195 632 1279 686 10.
1307 663 1378 672 —
1404 652 1422 684 ι
1457 632 1876 688 Confundautur
1903 644 1961 690 et
1996 636 2401 690 conturbentur

2567 655 2586 686 ι
2615 637 3050 711 Δίσχυνθείησαν
3081 680 3098 704 ,
3141 642 3234 696 καὶ
3287 644 3697 717 ταραχθείησαν
3763 649 3972 714 πάντες
4026 654 4073 704 ci

823 738 1022 780 omnes
1059 725 1269 780 inimici
1308 726 1435 780 mei.
1481 745 1498 777 ι

1235 726 1269 780 :i
1308 726 1435 780 mei.
1481 745 1498 777 ι
2499 727 2684 800 ἐχθροί
2719 747 2845 801 μου.
2882 750 2901 785 ι

897 818 1049 872 Ρεαι.
1093 835 1285 884 xxxix,
1331 819 1418 872 15.
1453 846 1526 860 -ο
1552 837 1571 870 ι
1620 805 2043 876 confundantur
2079 829 2134 876 et
2167 836 2401 878 conver-

2577 839 2596 873 ι
2631 823 3089 897 Αἰσχυνθείησαν,
3125 827 3223 882 καὶ
3276 829 3679 904 ὲντραπείησαν
3715 834 3767 888 oi
3787 833 4070 906 ζητοῦντες

824 917 1025 964 tantur
1059 913 1151 982 qui
1184 919 1438 982 quaarunt
1472 913 1711 967 animam
1745 930 1943 969 meam.
1980 934 2000 966 ι

1889 931 1943 968 ιι.
1980 934 2000 966 ι
2497 913 2598 986 τὴν
2619 916 2800 986 ψυχήν
2820 935 2948 987 μου.
2982 939 3003 972 ι
3547 956 3551 960 ι

892 1003 1050 1072 351
1097 1003 1246 1057 Psal.
1286 1020 1441 1068 cvm,
1491 1005 1554 1070 9,
1593 1005 1678 1058 I2.
1730 1035 1800 1045 —
1851 1024 1869 1057 ι
1905 1004 2025 1059 Νοη
2071 1007 2397 1061 miserearis

2576 1023 2598 1056 ι
2633 1007 2723 1077 Μὴ
2749 1007 3114 1079 οἰκτειρήσεις
3145 1010 3352 1078 πάντας
3388 1013 3516 1078 τοὺς
3543 991 3949 1087 ἐργαζομένους
3977 1020 4070 1071 τὶν

822 1099 1082 1151 omnibus
1124 1099 1219 1168 qui
1268 1108 1577 1166 operantur
1635 1099 2006 1169 iniquitatem.
2045 1100 2191 1155 Dens
2243 1115 2400 1155 meus

2397 1134 2400 1147 ι
2499 1095 2754 1167 ἀνομίαν.
2799 1100 2857 1152 '0
2885 1100 3020 1164 Θεός
3051 1119 3154 1171 μου
3178 1103 3342 1168 δείξει
3369 1123 3459 1177 μοι
3486 1109 3544 1161 ἐν
3571 1111 3684 1171 τοῖς
3705 1110 3926 1180 ἐχθροῖς
3951 1126 4063 1182 μου·

823 1189 1082 1242 ostendet
1111 1191 1244 1242 milii
1277 1205 1447 1259 super
1481 1192 1738 1246 inimicos
1769 1205 1922 1245 meos
1956 1210 1971 1246 :
2004 1208 2071 1246 ne
2103 1193 2348 1246 occidas.
2377 1213 2394 1242 ο

1351 1205 1447 1259 per
1481 1192 1738 1246 inimicos
1769 1205 1922 1245 meos
1956 1210 1971 1246 :
2004 1208 2071 1246 ne
2103 1193 2348 1246 occidas.
2377 1213 2394 1242 ο
2504 1189 2957 1264 μὴὰποκτείνῃς.
2987 1213 3007 1245 ι

898 1281 1052 1335 Psal.
1089 1297 1278 1345 vatn,
1301 1284 1394 1336 22.
1430 1315 1497 1323 ——
1537 1302 1555 1335 ι
1588 1282 1711 1337 Fiat
1755 1288 1945 1340 mensa
1975 1301 2168 1340 eorum
2210 1301 2396 1340 coram

2576 1299 2596 1332 ι
2629 1281 2919 1354 Γενηθήτω
2941 1287 2974 1355 ἠ
3009 1285 3260 1356 τράπεζα
3288 1287 3468 1342 αὐτῶν
3506 1289 3738 1347 ἐνώπιον
3781 1293 3963 1346 αὐτῶν
3997 1296 4064 1358 εἰς

824 1371 960 1441 ipsis
995 1375 1051 1425 in
1079 1373 1363 1441 laqueum.
1405 1393 1423 1425 ι

2502 1373 2729 1442 παγίδα.
2769 1393 2789 1427 ι
2873 1423 2879 1428 .
3434 1365 3447 1376 ’

894 1462 1049 1517 Psal.
1092 1481 1318 1527 Lxxvm,
1347 1465 1398 1520 6.
1433 1495 1500 1506 -—
1548 1485 1567 1516 ι
1607 1465 1840 1522 Effunde
1897 1484 2067 1539 super
2115 1485 2211 1543 eos
2262 1469 2400 1523 iram

2579 1483 2598 1517 ι
2639 1468 2865 1535 Ἐκχεον
2896 1469 2983 1521 ἐπ’
3010 1469 3210 1534 αὐτοὺς
3246 1471 3349 1543 τὴν
3373 1472 3542 1546 ὀργήν
3567 1490 3683 1541 σου,
3710 1477 3806 1529 ἐπὶ
3849 1478 3922 1531 τὰ
3952 1478 4065 1548 ἔθνη

823 1566 977 1610 tuam
1007 1574 1022 1622 ;
1058 1559 1112 1612 iu
1155 1568 1348 1626 gentes
1384 1562 1476 1629 qui
1512 1570 1565 1616 te
1596 1579 1704 1615 non
1745 1573 2036 1618 noverunt.
2075 1583 2093 1615 ι
2485 1594 2489 1604 ι

2485 1559 2582 1630 ιμὴ
2612 1559 2951 1628 γινώσκοντὰ
2979 1577 3060 1616 σε.
3097 1580 3142 1643 ι,
3879 1631 3884 1639 Ι

896 1647 1053 1701 Ρεαι.
1087 1664 1296 1713 Luxu,
1326 1651 1414 1712 I4.
1441 1653 1524 1707 17.
1561 1680 1632 1691 -
1664 1671 1683 1704 ι
1724 1653 1868 1708 Deus
1895 1670 2074 1718 meus,
2102 1671 2244 1725 pone
2273 1657 2400 1711 illos

2395 1674 2400 1708 ;
2580 1669 2598 1701 ι
2647 1651 2705 1703 '0
2733 1651 2864 1713 Θεός
2889 1669 3016 1720 μου,
3057 1651 3151 1705 Θοῦ
3183 1653 3383 1718 αὐτοὺς
3408 1656 3487 1720 ὡς
3533 1661 3726 1730 τροχὸν
3745 1701 3761 1724 ,
3805 1661 3884 1724 ὡς
3912 1662 4061 1715 an;

824 1750 886 1794 ut
919 1751 1120 1802 rotam,
1154 1744 1300 1796 sicut
1326 1743 1590 1815 stipulam
1625 1756 1751 1799 ante
1791 1745 1988 1801 faciem
2017 1748 2186 1802 venti.
2231 1747 2401 1819 Imple

2395 1768 2401 1801 ι
2505 1759 2612 1812 μην
2639 1743 2782 1796 κατὰ
2800 1744 3091 1813 πρόσωπον
3114 1746 3339 1814 ἀνέμου.
3371 1748 3669 1820 Πλήρωσον
3697 1751 3767 1804 τὰ
3806 1754 4061 1824 πρόσωπα

824 1831 995 1886 Iaeies
1024 1848 1214 1886 eorum
1244 1835 1569 1904 ignominia,
1606 1845 1661 1891 et
1691 1848 1959 1906 quaerant.
2000 1857 2020 1890 ι
2431 1828 2473 1883 Β

1847 1848 1959 1892 ant.
2000 1857 2020 1890 ι
2431 1828 2473 1883 Β
2501 1833 2684 1887 αὐτῶν
2706 1834 2950 1904 ἀτιμίας,
2987 1837 3082 1890 καὶ
3106 1835 3453 1906 ζητήσουσιν.
3489 1858 3508 1892 ι

893 1925 1046 1982 Ρσαι.
1106 1941 1261 1989 cvm,
1309 1929 1396 1990 I7,
1429 1931 1522 1984 29.
1548 1960 1619 1970 —
1658 1949 1677 1980 ι
1711 1929 1899 1984 Noluit
1936 1933 2399 2000 benedictionem,

2397 1980 2399 1991 ,
2577 1943 2596 1977 ι
2632 1926 2746 1980 Οὐκ
2805 1925 3073 1997 ἠθέλησεν
3129 1923 3412 1998 εὐλογίαν,
3479 1933 3576 1986 καὶ
3628 1935 4063 2005 μακρυνθήσεται

823 2026 877 2070 et
893 2017 1243 2086 elongabitur
1263 2019 1330 2078 ab
1351 2035 1440 2075 eo.
1466 2020 1774 2076 lnduantur
1793 2023 1889 2093 qui
1921 2023 2223 2079 detrahunt
2243 2028 2399 2091 mibi,

2500 2018 2596 2072 ἀπ’
2624 2017 2812 2073 αὐτοῦ.
2862 2018 3304 2076 Ἐνδυσάσοωσαν
3324 2025 3376 2076 οἱ
3415 2025 3854 2091 ὲνδιαόἁλλοντές
3902 2046 3967 2098 με
3994 2032 4069 2082 ὲν-

825 2107 1060 2178 pudore.
1091 2129 1109 2162 ι

2501 2114 2736 2183 τροπήν.
2778 2133 2797 2164 ι

897 2199 1052 2255 Psal.
1085 2218 1139 2267 x,
1168 2203 1253 2258 I5.
1288 2231 1357 2246 --
1385 2222 1405 2256 ι
1449 2205 1684 2262 Contere
1710 2205 1998 2265 brachium
2026 2214 2331 2282 peccatoris
2350 2224 2404 2270 et

2403 2260 2404 2266 η
2573 2225 2598 2259 Ἰ
2635 2207 2936 2278 Σύντριψον
2957 2209 3052 2285 ,τὸν
3089 2209 3349 2280 βραχίονα
3376 2211 3470 2265 τοῦ
3495 2212 3822 2284 ἅμαρτωλοῦ
3862 2215 3957 2268 καὶ
3982 2231 4069 2267 πο-

835 2294 1085 2362 maligni.
1117 2313 1136 2346 ι
2208 2302 2211 2306 ’

1080 2334 1085 2348 .
1117 2313 1136 2346 ι
2208 2302 2211 2306 ’
2504 2301 2691 2371 νηροῦ.
2729 2319 2746 2352 ι

900 2386 1055 2440 Psal.
1087 2403 1236 2450 xxiv.
1270 2388 1325 2444 ξ’).
1351 2418 1420 2428 -
1456 2407 1474 2441 ι
1502 2388 1934 2446 Confundantur
1977 2408 2171 2451 omnes
2217 2395 2409 2468 inique

2279 2397 2409 2468 ique
2583 2414 2600 2446 ι
2641 2393 3101 2466 Αίσχυνθήτωσαν
3129 2397 3176 2449 οἱ
3207 2396 3538 2468 ἀνομοῦντες
3564 2399 3651 2452 διὰ
3685 2401 3873 2470 κενῆς.
3917 2419 3937 2452 ι

774 2528 779 2533 .
829 2489 1058 2547 agentes
1089 2495 1456 2550 supervacue.
1499 2501 1518 2534 ι

893 2567 1025 2623 Osee
1069 2585 1144 2635 ix,
1196 2571 1282 2624 Η.
1315 2601 1384 2611 --
1415 2590 1435 2624 ι
1467 2572 1543 2626 Da
1580 2574 1688 2638 eis,
1731 2572 1984 2640 Domine,
2033 2578 2251 2632 vulvam
2285 2580 2405 2633 sine

2583 2591 2601 2624 ι
2643 2573 2742 2636 Δὸς
2766 2574 2971 2636 αὐτοῖς,
3007 2571 3201 2642 Κύριε,
3227 2573 3443 2643 μήτραν
3471 2573 3828 2639 ἁτεκνοῦσαν,
3861 2577 3957 2628 καὶ
3983 2594 4073 2647 μα-

829 2661 1048 2726 Iibcris,
1070 2673 1125 2718 et
1156 2663 1329 2717 ubera
1357 2665 1590 2719 arentia.
1622 2685 1640 2718 ι

1303 2679 1329 2716 a
1357 2665 1590 2719 arentia.
1622 2685 1640 2718 ι
2508 2664 2664 2725 στοὺς
2694 2662 2909 2733 ξηροὺς.
2953 2682 2969 2711 ι

902 2755 1016 2808 Isa.
1052 2770 1136 2820 Ill,
1170 2756 1262 2810 24.
1295 2786 1364 2795 -
1401 2775 1420 2808 ι
1457 2758 1524 2810 Et
1567 2759 1674 2812 crit
1713 2759 1877 2814 vobis
1911 2774 2014 2829 pro
2040 2762 2198 2815 suavi
2238 2761 2439 2817 odore

2437 2781 2439 2784 ‹
2584 2773 2604 2806 ι
2645 2756 2839 2808 Ἔσται
2872 2756 3001 2824 ὑμῖν
3033 2754 3157 2807 ἀντὶ
3201 2754 3379 2825 ὀσμῆς
3427 2756 3611 2823 ἡδείας
3649 2759 3954 2828 κονιορτὸς,
3987 2760 4074 2810 καὶ

831 2848 972 2902 fetor
1000 2863 1016 2901 :
1049 2855 1104 2902 et
1149 2863 1248 2919 pro
1296 2864 1434 2902 zona
1476 2852 1606 2904 fune
1665 2851 1910 2920 cingeris
1945 2868 1960 2905 :
1992 2860 2046 2906 et
2079 2868 2181 2922 pro
2209 2862 2407 2907 ornatu

2509 2846 2631 2899 ἀντὶ
2659 2843 2835 2914 ζώνης
2867 2843 3086 2914 σχοινίῳ
3120 2842 3294 2913 ζώσῃ,
3328 2844 3424 2898 καὶ
3458 2846 3579 2898 ἀντὶ
3626 2847 3835 2915 κόσμου
3858 2847 3961 2917 τῆς
3991 2866 4075 2901 κε-

831 2941 1032 3010 capitis
1064 2957 1254 3008 aureo,
1288 2942 1578 2996 calvitium
1607 2952 1836 3013 prapter
1863 2957 2031 3014 Opera
2060 2926 2154 2998 tua
2189 2963 2203 2998 :
2234 2955 2288 3000 et
2312 2960 2409 3014 pro

2510 2937 2685 3006 φαλῆς
2712 2933 2808 2987 τοῦ
2850 2934 3098 3004 χρυσίου,
3141 2933 3491 3011 φαλακρωμα
3540 2933 3680 2999 ἔξεις
3711 2935 3802 2989 διὰ
3835 2936 3905 2988 τὰ
3952 2935 4077 3006 ἔργα

835 3034 1027 3087 tunica
1055 3035 1265 3088 clavata
1295 3050 1566 3104 purpura,
1603 3037 1862 3106 accinges
1889 3051 2139 3092 saccum.
2174 3036 2241 3092 Et
2263 3038 2410 3093 ﬁlius

2513 3047 2628 3090 σου,
2667 3030 2763 3082 καὶ
2789 3029 2910 3082 ἀντὶ
2942 3027 3170 3096 χιτῶνος
3196 3027 3620 3098 μεσοπορφύρου
3643 3027 3927 3098 περιζώσῃ
3955 3030 4078 3082 adx-

832 3135 969 3180 tutts
1001 3126 1432 3195 pulcherrimus,
1463 3144 1626 3198 quem
1667 3129 1877 3200 diligis,
1928 3128 2115 3199 gladio
2151 3130 2327 3196 cadet,
2355 3143 2411 3185 et
2441 3187 2478 3200 Α

2441 3187 2478 3200 Α
2511 3140 2628 3176 κον.
2667 3121 2776 3174 Καὶ
2803 3122 2830 3174 ὁ
2858 3120 2970 3182 υἱός
2995 3137 3090 3172 σου
3113 3123 3141 3173 ὁ
3172 3120 3480 3184 κάλλιστος,
3512 3121 3572 3174 δν
3605 3120 3848 3190 ἀγαπᾷς,
3888 3121 4078 3190 μαχαί-

834 3187 1015 3273 fortes.
1038 3220 1207 3273 vestri
1252 3187 1438 3289 gladio
1476 3187 1750 3288 peribunt.
1769 3187 1875 3274 νΕί
1898 3187 2233 3292 ῐξιὶιιιιυετίε
2267 3187 2407 3288 sola,
2436 3187 2478 3244 ο

2436 3187 2478 3244 C
2514 3230 2584 3286 ρᾳ
2613 3216 2882 3276 πεσεῖται,
2920 3212 3014 3264 καὶ
3041 3212 3090 3263 οἱ
3115 3212 3390 3281 ἰσχύοντες
3408 3212 3566 3280 ἡμῶν
3589 3187 3839 3282 μαχαίρᾳ
3862 3187 4077 3264 πισῶν-

833 3317 890 3363 et
925 3309 981 3362 in
1008 3318 1209 3364 terram
1239 3312 1632 3381 prosterneris.
1666 3329 1684 3362 ι

2511 3323 2601 3359 ται
2625 3345 2640 3370 ,
2671 3305 2767 3360 καὶ⁵
2798 3305 3209 3374 καταλειφθήσῃ
3234 3304 3394 3374 μόνη,
3416 3306 3512 3357 καὶ
3534 3306 3614 3367 εἰς
3640 3303 3741 3373 τὴν
3765 3304 3874 3373 γῆν
3901 3303 4082 3372 ἐδαφι-

2514 3393 2711 3447 σθήση.
2761 3413 2779 3445 ι

2514 3395 2574 3446 σθ

908 3487 1113 3546 I'Tim.
1141 3504 1216 3552 tv,
1249 3489 1336 3543 14.
1363 3518 1434 3529 -
1459 3506 1478 3540 ι
1508 3487 1818 3544 Alexander
1838 3489 2072 3545 aerarius
2103 3490 2275 3544 multa
2299 3506 2415 3544 ma-

2514 3395 2577 3446 σθ
2622 3410 2654 3445 σ
2697 3433 2711 3447 .
2761 3413 2779 3445 ι

2582 3395 2614 3536 ii
2655 3412 3003 3556 ἰξἈλέξανδρος
3029 3486 3060 3537 ὀ
3088 3484 3325 3557 χαλκεὺς
3359 3484 3532 3538 πολλά
3580 3502 3672 3554 μοι
3713 3484 3866 3538 κακᾶ
3899 3485 4086 3539 mest-

839 3583 891 3636 Ia
925 3583 1059 3636 mihi
1117 3583 1379 3636 ostendit.
1426 3581 1638 3637 Ileddet
1679 3582 1758 3636 illi
1803 3581 2070 3638 Dominus
2108 3584 2413 3639 secundum

2514 3577 2665 3645 ξατο.
2714 3575 3010 3630 ’Δποδώσει
3039 3577 3189 3648 αύτῷ
3225 3579 3256 3631 ὁ
3291 3577 3495 3647 Κύριος
3515 3577 3656 3629 κατὰ
3679 3576 3818 3647 ἔργα
3842 3576 4025 3630 αὑτοῦ.
4064 3596 4079 3628 ι

837 3687 1005 3743 opera
1037 3689 1162 3727 sua.
1203 3691 1222 3723 ι

862 3782 1014 3838 ΤΙΤ.
1050 3778 1214 3838 XVII.
1259 3781 1430 3862 τ.ος
1470 3784 1536 3836 iis
1578 3784 1921 3862 qtti‘injuria
1957 3785 2257 3854 afficiuntur
2281 3801 2301 3841 :
2330 3794 2380 3839 et
2513 3779 2528 3831 έ

2513 3776 2696 3833 ΤΙΤΛ.
2720 3776 2820 3830 1Ζ’.
2853 3805 2924 3817 —-
2951 3775 3091 3843 Περὶ
3115 3775 3522 3862 ἀδικρυιίένων
3539 3791 3553 3805 ⁸
3582 3773 3672 3828 ὅτι
3706 3773 3826 3843 χρὴ
3844 3775 4089 3841 βσηθεῖν

1155 3854 1294 3924 quod
1327 3855 1457 3921 ipsis
1486 3870 1634 3920 opem
1667 3855 1806 3921 ferre
1843 3866 2101 3923 oporteat.

1753 3871 1806 3919 re
1843 3866 2101 3923 oporteat.
3196 3854 3419 3908 αὑτοῐςο

913 3937 1087 4002 Εέοιι.
1108 3961 1170 4006 ιι.
1192 3946 1214 3999 1
1233 3947 1278 3998 1.
1303 3975 1369 3986 -
1393 3965 1411 3998 ι
1439 3944 1495 3998 In
1529 3946 1726 4001 diebus
1752 3947 1882 4008 illis.
1909 3963 2032 4000 cum
2075 3947 2300 4015 grandis
2327 3962 2420 4001 es-

2593 3959 2612 3991 ι
2663 3941 2754 3992 Ἐν
2778 3941 2901 4002 ταῖς
2931 3937 3168 4008 ἡμέραις
3209 3937 3450 4000 ἐκείναις
3499 3936 3674 4007 μέγας
3726 3937 4019 4004 γενόμενος
4064 3939 4089 3988 ὁ

845 4047 930 4095 set
965 4039 1148 4092 factus
1177 4036 1418 4107 Moyses,
1451 4036 1626 4091 exivit
1655 4038 1722 4091 ad
1754 4038 1954 4094 fratres
1983 4053 2119 4093 suos
2153 4039 2294 4092 filios
2342 4039 2419 4092 Is-

2518 4034 2777 4104 Μωῦσῆς,
2803 4031 2988 4102 ἐξῆλθε
3016 4030 3152 4100 πρὸς
3181 4029 3310 4091 τοὺς
3339 4028 3599 4098 ἀδελφοὺς
3617 4026 3784 4081 αὑτοῦ
3799 4029 3929 4090 τοὺς
3949 4030 4087 4089 υἱοὺς

844 4129 980 4186 rael.
1033 4128 1412 4184 Considerans
1453 4135 1640 4181 autem
1700 4129 1943 4182 laborem
2004 4143 2219 4193 eorum,
2271 4129 2421 4185 videt

2533 4126 2751 4197 Ἰσραήλ
2774 4139 2788 4153 ⁸
2822 4123 3166 4192 κατανοήσας
3211 4121 3267 4175 δὲ
3296 4121 3387 4174 τὸν
3411 4121 3578 4174 πόνον
3607 4121 3787 4173 αὐτῶν
3808 4159 3823 4182 ,
3867 4123 3967 4190 ὁρᾷ
3997 4121 4088 4172 ἄν·

847 4221 1122 4276 Itominetn
1173 4220 1491 4290 Egyptium
1533 4222 1917 4273 verberantetn
1979 4220 2269 4289 quemdam
2315 4219 2420 4275 Ile-

2419 4252 2420 4259 η
2523 4217 2739 4288 Θρωπον
2768 4216 3068 4284 Αἰγύπτιον
3094 4215 3367 4267 τύπτοντα
3394 4213 3517 4266 τινὰ
3561 4212 3812 4280 Ἐεραῖον
3837 4211 3946 4264 τῶν
3967 4211 4085 4263 ἑαυ-

850 4313 1054 4367 braeum
1098 4311 1166 4366 de
1213 4310 1486 4364 fratribus
1521 4309 1640 4364 suis
1692 4310 1822 4365 filiis
1861 4310 2045 4366 Israel.
2087 4311 2425 4382 Circumspi-

2420 4340 2425 4354 ›
2520 4313 2616 4365 τοῦ
2644 4311 2888 4380 ἀδελφῶν
2910 4309 3018 4364 τῶν
3050 4309 3184 4362 υἱῶν
3219 4308 3453 4379 Ἰσραήλ.
3511 4307 3860 4377 Περιῦλέψας
3890 4305 3948 4359 δὲ
3992 4299 4086 4360 ὧδε

850 4407 1009 4459 ciens
1041 4413 1224 4457 autem
1263 4402 1374 4456 Ituc
1405 4409 1461 4457 et
1493 4402 1645 4466 illuc,
1677 4402 1947 4456 neminem
1982 4404 2128 4456 videt
2161 4421 2174 4457 :
2207 4414 2260 4458 et
2295 4421 2422 4474 per-

2418 4435 2422 4444 ν
2521 4405 2618 4458 καὶ
2643 4398 2768 4466 ὧδε,
2810 4403 2908 4472 οὐχ
2938 4404 3039 4472 ὁρᾷ
3092 4401 3284 4454 οὐδένα
3306 4418 3321 4432 ο
3376 4401 3470 4453 καὶ
3503 4400 3750 4463 πατάξας
3782 4399 3880 4450 τὸν
3928 4399 4084 4464 Αἰγύ-

850 4497 1067 4547 cutiens
1090 4483 1433 4561 Egyptiutn,
1460 4490 1752 4545 abscondit
1774 4507 1900 4546 eum
1936 4493 1990 4545 in
2008 4507 2195 4546 arena.
2223 4492 2423 4548 Exiens
2455 4519 2507 4580 ι)

2418 4512 2423 4545 ι
2455 4519 2507 4580 ι)
2529 4515 2704 4561 πτιον,
2735 4497 2972 4567 ἔκρυψεν
2996 4495 3156 4548 αὐτὸν
3187 4496 3247 4546 ὲν
3285 4497 3350 4564 τῇ
3399 4494 3591 4562 ἄμμῳ.
3653 4491 3919 4556 Ἐξελθὼν
3949 4491 4004 4543 δὲ
4028 4493 4084 4558 τῇ

853 4595 1040 4639 autem
1092 4584 1181 4637 die
1231 4583 1498 4648 secundo,
1555 4583 1704 4637 videt
1768 4585 1905 4638 duos
1970 4585 2122 4639 viros
2175 4585 2428 4642 IIebrzeos

2419 4603 2428 4642 ι
2525 4591 2715 4661 ἡμέρᾳ.
2748 4593 2814 4660 τῇ
2842 4583 3090 4660 δευτέρᾳ,
3137 4589 3238 4659 ὁρᾷ
3268 4587 3360 4640 δύο
3393 4587 3589 4655 ἄνδρας
3634 4583 4085 4654 διαπληκτιζομέ-

855 4680 1121 4739 rixantes,
1145 4687 1200 4730 et
1231 4675 1374 4729 dixit
1401 4676 1451 4729 ei
1485 4676 1583 4745 qui
1623 4675 1864 4730 faciebat
1905 4676 2163 4745 injuriarn
2197 4693 2210 4730 :
2248 4668 2428 4743 Quare

2422 4699 2428 4732 ι
2528 4699 2672 4745 νους,
2707 4682 2799 4734 καὶ
2818 4681 2967 4748 λέγει
2989 4680 3067 4748 τῷ
3086 4680 3388 4731 ἀδικοῦντι·
3406 4681 3505 4730 Διὰ
3531 4678 3581 4729 τί
3599 4677 3823 4738 τύπτεις
3843 4676 3936 4727 τὸν
3951 4674 4088 4741 πλη-

854 4779 917 4823 tu
943 4770 1204 4824 verberas
1235 4769 1548 4837 proximqu
1575 4768 1598 4820 ?
1627 4769 1697 4821 At
1730 4769 1820 4823 ille
1841 4767 1979 4821 dixit
2014 4769 2201 4844 :_Quis
2227 4778 2282 4822 te
2307 4785 2431 4824 con-

2420 4797 2431 4810 -
2531 4772 2646 4823 σίον
2666 4813 2679 4835 ,
2724 4769 2782 4821 '0
2809 4769 2866 4820 δὲ
2899 4765 3019 4820 εἷπε
3042 4784 3056 4797 '
3086 4768 3181 4828 Τίς
3208 4783 3267 4818 σε
3297 4766 3597 4835 καθέστησε
3622 4766 3860 4834 ἄρχοντα
3891 4765 3984 4817 καὶ
4017 4762 4086 4814 δι-

858 4861 1040 4915 stituit
1085 4859 1392 4929 principem
1438 4869 1494 4914 et
1533 4859 1778 4928 iudicem
1816 4873 1983 4928 super
2019 4859 2160 4912 nos?
2201 4859 2339 4914 Num
2373 4871 2456 4914 ιιι⁸

2423 4878 2456 4914 ι⁸
2531 4858 2738 4928 καστὴν
2785 4858 2870 4925 ἐφ’
2920 4858 3104 4926 ἡμᾶς;
3141 4857 3209 4908 Ἢ
3241 4857 3449 4910 ἀνελεῖν
3489 4872 3555 4924 με
3591 4854 3784 4915 θέλεις.
3810 4853 3869 4906 ὃν
3900 4853 4089 4921 τρόπον

858 4953 1090 5006 νὶεκιιιε
1153 4952 1430 5016 occidere,
1493 4949 1953 5020 quemadmodum
2007 4952 2262 5006 occidisti
2311 4952 2431 5006 lteri

2421 4952 2431 5006 't
2532 4954 2740 5015 ἀνεῖλες
2783 4953 2908 5023 χθὲς
2934 4954 3024 5006 τὸν
3061 4952 3393 5019 Αἱγύπτιον;
3445 4950 3684 5020 ἐφοϐήθη
3737 4950 3793 5001 δὲ
3836 4948 4087 5014 Μωῦσῆςι

863 5042 1216 5114 Egyptium?
1243 5041 1450 5096 Timuit
1478 5052 1664 5096 autem
1701 5041 1938 5112 Moyses,
1963 5051 2020 5096 et
2054 5041 2195 5096 dixit
2228 5061 2242 5097 :
2272 5041 2329 5098 Si
2351 5045 2434 5101 sic

2423 5061 2434 5100 ι
2535 5051 2631 5102 καὶ
2680 5041 2879 5099 εἷπενο
2928 5045 2990 5100 El
3050 5044 3224 5107 οὕτως
3283 5042 3524 5113 ἐμφανὲς
3594 5041 3786 5108 γέγονε
3843 5039 3907 5090 τὸ
3949 5039 4089 5108 ῥῆμα

865 5135 1218 5191 manifestum
1252 5133 1454 5187 factum
1481 5143 1568 5188 est
1595 5133 1817 5187 verbum
1846 5132 1992 5186 hoc?
2030 5149 2050 5184 ι
2380 5165 2384 5170 ι

1108 5144 1218 5188 tum
1252 5133 1454 5187 factum
1481 5143 1568 5188 est
1595 5133 1817 5187 verbum
1846 5132 1992 5186 hoc?
2030 5149 2050 5184 ι
2380 5165 2384 5170 ι
2533 5138 2726 5202 ago-3m;
2756 5157 2774 5189 ι

937 5224 1040 5279 Job
1101 5241 1256 5286 xxix,
1289 5225 1380 5289 I2,
1414 5224 1501 5278 I7.
1538 5254 1609 5263 —
1644 5241 1664 5274 ι
1703 5222 1955 5277 Liberavi
2010 5237 2306 5292 pauperem
2365 5222 2434 5279 de

2404 5239 2434 5279 θ
2609 5251 2629 5285 ι
2667 5235 2912 5286 Διέσωσα
2937 5230 3152 5298 πτωχὸν
3181 5231 3243 5283 ὲκ
3277 5230 3457 5301 χειρδς
3481 5229 3763 5282 δυνάστου.
3799 5227 4068 5296 Συνέτριῷ

867 5333 1038 5372 manu
1092 5317 1356 5385 potentis.
1407 5316 1651 5370 Contrivi
1707 5316 1888 5370 molas
1945 5315 2260 5384 iniquorum
2318 5335 2330 5346 ·
2368 5315 2437 5370 de

2429 5333 2437 5369 ι
2540 5324 2716 5395 μυλὰς
2749 5325 2971 5385 ἀδίκων,
2996 5326 3062 5378 ἐκ
3093 5325 3149 5378 δὲ
3189 5324 3358 5392 μέσου
3390 5323 3498 5374 τῶν
3527 5322 3755 5374 ὀδόντων
3796 5320 3981 5374 αὐτῶν
4021 5323 4095 5388 Ξει-

869 5409 1072 5464 mediis
1101 5417 1284 5462 autent
1314 5407 1572 5462 dentibus
1604 5422 1796 5462 eorum
1829 5406 2069 5476 praedam
2105 5408 2300 5461 evulsi.
2339 5425 2357 5458 ι
2437 5451 2440 5458 ,
2538 5435 2734 5487 παγμα
2757 5418 3053 5483 agam“,
3096 5437 3116 5469 ι

941 5499 1105 5554 Prov.
1139 5515 1288 5560 xxiv,
1325 5500 1412 5555 Il.
1448 5529 1519 5538 -—
1556 5517 1574 5550 ι
1610 5499 1772 5554 Erue‘
1802 5514 1901 5554 eos
1932 5500 2026 5568 qui
2056 5497 2337 5553 ducuntur
2369 5499 2436 5553 ad

2431 5500 2436 5552 ί
2618 5531 2636 5562 ι
2685 5511 2873 5564 Ῥῧσαι
2906 5510 3285 5580 ἀπαγομένους
3337 5509 3417 5569 εἰς
3456 5507 3717 5568 θάνατον,
3753 5506 3849 5559 καὶ
3881 5504 4097 5573 ἐκπριιί

872 5601 1134 5656 mortem,
1171 5601 1226 5646 et
1255 5592 1430 5646 libera
1468 5607 1564 5646 eos
1595 5592 1688 5661 qui
1732 5591 2141 5646 interficiuntur
2171 5612 2182 5644 :
2213 5606 2280 5644 ne
2311 5607 2439 5660 par-

2432 5620 2439 5630 '
2541 5604 2940 5674 κτεινομένους,
2999 5603 3072 5672 μὴ
3121 5601 3304 5672 φείσῃ.
3353 5600 3477 5652 Ἐὰν
3518 5599 3573 5651 δὲ
3607 5598 3792 5665 εἴπῃς,
3827 5599 3944 5649 Οὖκ
4003 5594 4098 5649 οἶδα

874 5701 993 5742 cas.
1043 5684 1201 5752 Quod
1251 5684 1299 5739 si
1346 5684 1576 5750 dixeris,
1611 5683 1730 5739 Non
1768 5684 1892 5739 novi
1936 5698 2085 5748 cum,
2129 5683 2270 5738 scito
2294 5682 2441 5752 quod

2430 5682 2441 5735 ι
2541 5696 2747 5759 τοῦτον,
2772 5694 3004 5762 γίνωσκε
3026 5695 3107 5746 ὅτι
3123 5694 3322 5763 Κύριος
3345 5693 3566 5756 καρδίας
3584 5690 3801 5743 πάντων
3823 5689 4096 5758 γινώσκει,

876 5777 1142 5834 Dominus
1171 5776 1341 5832 corda
1370 5777 1614 5832 omnium
1639 5778 1949 5851 cognoscit,
1973 5777 2070 5850 qui
2099 5776 2281 5836 reddit
2319 5777 2438 5838 uui’

2230 5777 2281 5834 ηίι
2319 5777 2438 5838 ΜΨ
2541 5791 2601 5854 ὃς
2631 5787 2953 5843 ἀποδίδωσιν
2985 5786 3196 5856 ἑκάστῳ
3231 5787 3368 5839 κατὰ
3397 5785 3616 5854 sitim-'1
3645 5782 3833 5836 αὐτοῦ.
3879 5801 3896 5833 ι

879 5875 1080 5947 cuique
1103 5875 1258 5946 juxta
1294 5888 1459 5947 opera
1492 5888 1611 5931 sua.
1649 5892 1668 5925 ι
