4218 6446
174 410 313 475 1193

1418 401 1654 461 SACRA
1686 401 2145 460 PARALLELA.

3258 392 3395 458 1194

248 543 266 573 ι
314 520 587 584 Ἐξέλεσθε
632 515 1040 590 διηρπαγμένον
1098 515 1164 567 ὲκ
1205 513 1384 584 χειρὸς
1421 510 1733 572 ἀδικοῦντος
1760 519 1806 572 Α
1901 544 1914 560 .

1729 519 1806 572 :A
1901 508 2015 564 Jer.
2044 523 2180 572 xxii,
2209 508 2263 559 5.
2294 531 2363 545 --
2406 525 2425 555 ι
2459 505 2663 574 Eripite
2703 494 2828 558 eum
2871 504 2966 574 qui
3015 503 3296 573 diripitur,
3327 504 3395 558 de

168 612 353 665 αὐτόν.
392 630 410 661 ι

248 721 269 754 ι
324 700 558 754 Ἀδικίαν
604 701 699 753 καὶ
742 697 1116 766 ταλαιπωρίαν
1161 695 1459 765 ἀφέλεσθε·
1502 693 1727 765 ἐξάρατε

172 790 630 847 καταδυναστείαν
661 791 725 841 ὲκ
752 787 845 841 τοῦ
874 787 1004 841 λαοῦ
1037 803 1159 857 μου,
1193 785 1341 853 λέγει
1371 783 1592 856 Κύριος.
1637 802 1655 833 υ

250 994 269 1026 ι
311 974 524 1039 Ἐξελοῦ
552 971 906 1042 ἀδικούμενον
943 972 1008 1023 ἐκ
1049 968 1230 1040 χειρὸς
1279 966 1591 1030 ἀδικοῦντος
1633 968 1732 1019 αὖ·

171 1068 291 1120 τόν.
337 1085 355 1117 ι

249 1159 360 1220 Πᾶς
383 1158 411 1209 δ
442 1156 619 1208 πλέων
648 1154 813 1223 ἐγγύς
840 1155 958 1206 ἐστι
980 1151 1074 1204 τοῦ
1104 1150 1381 1220 ναυαγὶου,
1414 1151 1508 1203 καὶ
1548 1148 1735 1203 τοσού-

174 1266 255 1318 τῳ
282 1248 500 1318 μᾶλλον,
529 1248 638 1315 ὅσῳ
660 1242 1016 1315 σφοδρότερον
1038 1242 1190 1296 πλέει
1213 1258 1227 1271 ⁸
1260 1242 1356 1295 καὶ
1386 1243 1494 1303 πᾶς
1521 1243 1550 1293 ὁ
1580 1240 1735 1310 σῶμα

177 1338 580 1409 περικείμενος,
628 1335 793 1405 ἐγγύς
850 1338 968 1390 ἐστι
996 1336 1104 1389 τῶν
1129 1333 1224 1388 τοῦ
1251 1333 1504 1402 σώματος
1530 1349 1735 1393 κακιυν,

176 1433 273 1485 καὶ
293 1430 531 1500 τοσούτῳ
570 1430 767 1499 μᾶλλον
790 1467 806 1491 ,
841 1429 1057 1498 ὅσῳπερ
1086 1426 1153 1478 ἂν
1177 1424 1351 1496 ὀρθῶς
1387 1423 1610 1494 βαδίζει,
1643 1422 1739 1475 καὶ

179 1522 256 1592 μὴ
287 1522 470 1592 βλέπει
499 1522 624 1582 τοὺς
658 1522 764 1591 πρὸ
790 1520 955 1573 αὐτοῦ
979 1517 1288 1587 κειμένους.
1315 1517 1461 1577 Ἕως
1499 1514 1653 1574 πλεῖς
1682 1512 1740 1574 ἐξ

175 1613 384 1684 οὐρίας,
407 1611 485 1682 τῷ
515 1610 841 1679 ναυαγοῦντι
872 1610 959 1672 δὸς
984 1611 1141 1679 χεῖρα
1166 1622 1180 1637 ·
1214 1607 1319 1670 ἓως
1351 1607 1614 1667 εὐεκτεῖς,
1646 1601 1743 1655 καὶ

177 1705 451 1766 πλουτεῖς,
477 1702 557 1773 τῷ
584 1700 986 1756 κακοπαθοῦντι
1017 1700 1299 1769 βοήθησον.
1331 1697 1421 1767 Μὴ
1450 1694 1743 1765 ἀναμείνῃς

180 1797 271 1849 ἐπὶ
301 1795 527 1847 σεαυτοῦ
559 1794 767 1864 μαθεῖν,
794 1795 916 1845 ὅσον
955 1794 1121 1846 κακόν
1161 1794 1311 1844 ἐστιν
1355 1786 1738 1857 ἀπανθρωπία,

1831 614 1993 651 manu
2024 599 2144 665 ejus
2174 598 2267 669 qui
2298 598 2442 651 laedit
2474 612 2623 650 eum.
2673 615 2692 646 ι

1901 688 2244 753 Haec/unm,
2317 688 2369 742 9.
2420 719 2487 726 —
2544 688 2567 738 ι
2611 686 2953 756 Iuiquitatem
3010 698 3065 741 et
3120 688 3395 741 miseriam

1832 782 2010 835 tollite
2043 797 2057 835 :
2086 782 2302 835 auferte
2341 781 2761 851 oppressionem
2802 796 2831 833 a
2860 781 3060 850 populo
3097 797 3241 847 meo,
3266 782 3399 836 dicit

1833 872 2124 927 Dominus.
2158 890 2175 922 ι

1905 963 2069 1016 Ercli.
2101 980 2176 1023 iv,
2204 964 2259 1017 9.
2285 982 2356 1002 -+-
2382 982 2398 1013 (
2429 962 2623 1016 Libera
2662 979 2812 1026 eum,
2844 964 2937 1033 qui
2970 963 3229 1033 iniuriam
3260 966 3402 1035 pati-

1833 1065 1945 1120 tur,
1971 1056 2039 1109 de
2076 1070 2237 1107 manu
2271 1054 2688 1108 calunmiantis.
2720 1073 2738 1104 ι

1908 1144 2049 1199 Naz.
2079 1145 2173 1200 0r.
2210 1145 2386 1199 i5.-—
2415 1143 2676 1212 Quisquis
2708 1148 2947 1213 navigat,
2972 1144 3257 1214 naufragio
3280 1161 3403 1215 pro-

1837 1239 2079 1309 pinquus
2117 1248 2224 1302 est,
2262 1253 2326 1291 ac
2365 1252 2433 1292 eo
2465 1238 2662 1307 magis,
2699 1253 2810 1306 quo
2855 1238 3075 1307 navigat
3115 1239 3405 1292 vehemen-

1838 1332 1951 1383 tius
1985 1347 1999 1383 :
2036 1331 2311 1383 consimili
2364 1329 2533 1382 modo
2564 1328 2821 1397 quisquis
2862 1343 3093 1395 corpore
3130 1329 3405 1382 convesti-

1840 1434 1926 1478 tus
1965 1433 2074 1486 est,
2112 1425 2362 1492 corporis
2388 1423 2548 1475 malis
2580 1422 2920 1491 pmpinquus
2945 1430 3048 1483 est,
3084 1436 3261 1490 eoque
3288 1437 3404 1474 ma-

1838 1521 1948 1588 gis,
1978 1532 2089 1586 quo
2114 1516 2319 1569 rectior
2346 1516 2571 1576 incedit,
2599 1531 2698 1568 nec
2725 1530 2820 1568 eos
2846 1516 2937 1583 qui
2967 1524 3094 1569 ante
3120 1530 3181 1568 se
3199 1516 3406 1582 jacent,

1844 1610 2108 1661 intuetur.
2152 1606 2285 1659 Dum
2324 1609 2571 1659 secundo
2596 1617 2757 1659 vento
2792 1607 3038 1673 navigas,
3063 1606 3111 1658 ei
3139 1606 3231 1673 qui
3268 1620 3408 1658 nau-

1846 1700 2075 1768 fragium
2104 1698 2264 1767 352
2318 1696 2466 1761 fecit,
2513 1713 2734 1749 manum
2784 1698 3024 1765 porrige.
3070 1698 3201 1749 Dum
3238 1712 3408 1749 sanus

1844 1805 1929 1851 es,
1962 1797 2016 1839 et
2041 1789 2305 1855 locuples,
2330 1800 2488 1854 opem
2523 1785 2603 1838 l'cr
2630 1786 2847 1838 alliicto.
2877 1783 2994 1837 Non
3020 1795 3327 1853 eupectos,
3351 1795 3410 1838 ut

181 1887 273 1939 καὶ
296 1880 408 1938 οἷον
427 1886 624 1954 ἀγαθὸν
650 1885 928 1953 σπλάγχνα
950 1886 1061 1945 τοῖς
1080 1879 1370 1952 χρῄζουσιν
1394 1876 1736 1945 ἀνοιγόμενα.
1773 1866 1814 1921 Β
1841 1901 1847 1929 t

1773 1866 1814 1921 Β
1841 1896 1905 1933 ες
1966 1879 2139 1947 teipso
2188 1877 2395 1940 discas,
2450 1885 2715 1944 quantum
2768 1876 2972 1957 nialu'ui
3027 1878 3101 1930 sit
3151 1877 3407 1929 inhuma-

250 2147 534 2219 Χρηστοὺς
577 2143 714 2198 εἶναι
764 2144 871 2214 χρὴ
919 2144 1033 2206 τοῖς
1061 2157 1488 2213 προεμπεσουσι,
1530 2154 1627 2192 και
1662 2139 1741 2208 τῷ

180 2240 317 2308 ἐλέῳ
338 2238 572 2293 κτᾶσθαι
598 2236 691 2291 τὸν
713 2236 882 2289 ἔλεον.

266 2418 352 2469 Ἐν
377 2417 498 2479 ταῖς
523 2413 831 2484 ἀλλοτρίαις
858 2414 1165 2482 συμφοραῖς
1202 2411 1272 2465 τὰ
1299 2412 1474 2465 οἰκεῖα
1504 2407 1565 2465 εὖ
1593 2410 1741 2464 τεθε-

178 2506 307 2559 σθαι
335 2506 463 2576 χρὴ,
490 2505 584 2557 καὶ
628 2502 894 2564 δανείζειν
940 2500 1057 2568 Θεῷ
1085 2500 1176 2554 τὸν
1210 2501 1358 2553 ἔλεον
1389 2502 1570 2565 ἐλέους
1608 2503 1738 2571 χρῄ-

177 2600 408 2664 ζειντας,
451 2597 546 2651 καὶ
593 2596 670 2666 μὴ
726 2596 1086 2665 καταφρονεῖν
1116 2593 1418 2666 ἀνθρώπων
1465 2594 1740 2664 ἄνθρωποι

177 2692 354 2754 ὄντες.

254 2881 345 2949 Μὴ
366 2878 599 2950 γελάσῃς
625 2877 824 2947 πτῶμα
853 2874 949 2927 τοῦ
973 2875 1138 2937 πέλας
1157 2890 1171 2905 ·
1206 2873 1446 2927 διάϐαινε
1482 2873 1538 2926 δὲ
1563 2874 1740 2941 ἀσφα-

180 2975 311 3036 λῶς,
337 2975 434 3022 ὅσ*
466 2989 549 3025 σοι
586 2971 838 3040 δύναμις,
868 2967 1005 3024 ἀλλά
1050 2969 1145 3022 καὶ
1175 2967 1318 3021 δίδου
1368 2969 1523 3036 χεῖρα
1569 2967 1742 3035 χαμαὶ

183 3066 444 3135 κειμένῳ.

1843 1970 2025 2032 nitas,
2088 1979 2468 2037 quantumque
2545 1968 2769 2030 bonum,

1843 2059 2076 2129 aperire.

1917 2152 2189 2218 Benignos
2228 2164 2353 2201 esse
2385 2158 2601 2217 oportet
2644 2148 2754 2202 illis
2810 2149 2908 2218 qui
2947 2150 3001 2202 in
3042 2149 3410 2202 calamitatem

1838 2242 1953 2310 juni
2008 2243 2345 2306 inciderunt,
2416 2251 2470 2293 et
2529 2241 2966 2296 misericordiam
3026 2240 3411 2296 misericordia

1842 2348 2098 2403 compara
2109 2349 2182 2385 re.

1905 2426 1989 2479 Id.
2019 2424 2174 2479 Orat.
2204 2426 2293 2479 20.
2316 2454 2380 2467 -
2415 2424 2471 2477 In
2496 2424 2693 2479 alienis
2717 2423 3119 2479 calamitatibus
3142 2437 3288 2479 recre
3315 2439 3415 2478 nos

1842 2525 2062 2582 oportet
2091 2516 2301 2569 nostris
2338 2514 2506 2569 rebus
2535 2517 2850 2579 consult-re,
2882 2524 2936 2568 et
2963 2515 3071 2569 Deo
3099 2516 3413 2569 misericor-

1844 2611 1989 2661 diam
2033 2607 2301 2666 fenerare,
2338 2620 2461 2659 cum
2497 2606 2602 2674 ipsi
2638 2606 3015 2659 misericordia
3048 2620 3186 2669 opus
3215 2606 3414 2658 habea-

1845 2715 1967 2752 mus
2000 2715 2012 2750 :
2046 2712 2148 2751 nec
2176 2696 2430 2750 homines
2465 2711 2828 2765 aspernemur
2867 2708 2961 2749 aut
2989 2713 3090 2766 pro
3121 2698 3292 2752 mltilo
3320 2698 3416 2749 du-

1843 2804 2055 2852 camus,
2083 2790 2306 2859 quando
2336 2789 2439 2858 ipsi
2473 2790 2723 2843 homines
2759 2804 2974 2843 sumus.

1914 2880 2189 2949 Ejusdem.
2235 2910 2305 2919 —
2352 2881 2553 2935 Casum
2613 2883 2842 2935 alterius
2898 2880 3077 2936 ridere
3128 2882 3262 2935 noli.
3305 2880 3413 2936 Sed

1842 2988 2005 3042 quam
2031 2981 2149 3026 tute
2182 2982 2360 3043 potes,
2406 2974 2619 3040 inCedc,
2665 2983 2829 3044 atque
2884 2975 3035 3027 humi
3071 2975 3274 3043 jacenti
3309 2988 3416 3026 Ina-

1844 3080 1972 3117 num
2002 3065 2223 3133 porrige
2239 3104 2251 3116 .

2851 1968 3060 2021 viscera
3123 1967 3409 2038 egentibus

233 3200 415 3253 'I‘ITA.
456 3197 561 3251 ur.
593 3223 664 3236 -
697 3193 835 3269 Περὶ
879 3191 1137 3269 ἀγάπης,
1174 3164 1269 3242 νέαι
1301 3186 1566 3256 ειρήνης,
1588 3187 1683 3241 καὶ
1773 3206 1816 3263 ρ
1886 3198 1899 3215 σ

1773 3206 1816 3263 C
1886 3197 2020 3251 TIT.
2054 3196 2239 3249 XVIII.
2262 3228 2330 3237 ——
2358 3197 2429 3250 De
2467 3199 2747 3260 charitate,
2782 3207 2830 3250 et
2860 3213 3009 3266 pace,
3041 3207 3090 3250 et
3115 3198 3351 3267 paciﬁcis

738 3268 1151 3332 εἰρηνοποιῶν.

260 3401 276 3432 ι
318 3378 448 3433 Εἷπε
478 3379 708 3448 Νοεμεῖν
743 3375 879 3446 πρὸς
912 3371 1098 3426 Ῥούθ’
1167 3372 1298 3424 Ἰδοὺ
1337 3369 1663 3439 ἀνέστρεψεν
1711 3369 1744 3437 ἡ

187 3472 495 3540 σύννυμφός
528 3487 620 3521 σου
652 3467 787 3538 πρὸς
809 3466 935 3519 λαὸν
958 3464 1143 3532 αὐτῆς,
1169 3464 1258 3515 καὶ
1286 3462 1420 3533 πρὸς
1444 3462 1567 3522 τοὺς
1592 3459 1746 3523 θεοὺς

185 3565 375 3631 ait-73;,
406 3561 767 3630 ὲπιστράφηθι
790 3559 882 3611 καὶ
912 3558 998 3610 σύ.
1015 3552 1151 3610 Εἷπε
1175 3556 1230 3608 δὲ
1246 3554 1399 3607 Ῥούθ
1424 3570 1437 3583 ·
1462 3554 1553 3623 Μὴ
1569 3554 1745 3605 ἁπαν-

185 3651 357 3721 τήσῃς
388 3665 477 3717 μοι
500 3646 593 3699 τοῦ
630 3646 948 3699 καταλιπεῖν
971 3662 1052 3708 σε,
1080 3647 1163 3698 ὅτι
1182 3645 1312 3696 ὅπου
1331 3642 1425 3695 ὲάν
1454 3643 1743 3713 πορευθῇς,

187 3742 525 3809 πορεύσομαι
544 3757 557 3770 ⁸
605 3740 702 3792 καὶ
745 3740 773 3791 ὁ
800 3738 928 3801 λαός
958 3754 1075 3803 σου,
1100 3738 1225 3800 λαός
1273 3754 1396 3806 μου,
1441 3736 1584 3791 καὶὸ
1614 3736 1747 3799 Θεός

186 3850 302 3895 σου,
333 3832 462 3893 Θεὸς
499 3847 617 3899 μου.
661 3849 680 3881 ι

262 3943 280 3976 ι
311 3922 611 3993 Προσέθετο
653 3921 909 3974 ἰωνάθαν
928 3919 1142 3990 ὀμῶσαι
1181 3918 1261 3990 τῷ
1290 3918 1475 3981 Δαδὶδ,
1504 3919 1583 3972 ὃτι
1608 3917 1745 3986 ἠγά-

185 4030 359 4084 πησεν
389 4014 422 4082 ἡ
454 4012 600 4083 ψυχὴ
629 4009 947 4079 ἀγαπῶντος
977 4008 1157 4063 αὐτόν.
1198 4027 1217 4061 ι

259 4208 279 4241 ι
331 4190 503 4255 Ἀ).γῶ
529 4189 623 4241 ἰπὶ
661 4188 741 4250 σὲ,
766 4186 960 4257 ἀδελφέ
992 4204 1092 4259 μου
1135 4187 1408 4241 Ἰωνάθαν.
1438 4187 1739 4257 Ὠραιώθης

189 4299 283 4351 μοι
314 4280 547 4353 σφόδρα·
572 4279 1016 4351 ἐθαυμαστώθηὴ
1034 4280 1309 4351 ἀγάπησίς
1334 4297 1427 4332 σου
1457 4276 1580 4349 ἐμοὶ
1604 4280 1743 4347 ὑπὲρ

184 4376 409 4445 ἀγάπης
435 4373 727 4441 γυναικῶν.
767 4391 785 4424 ι

264 4485 285 4519 t
316 4467 557 4535 Ζήτησον
579 4464 821 4535 εἰρήνην,
847 4464 939 4517 καὶ
956 4461 1144 4527 δίωξον
1170 4464 1359 4533 αὑτήν.
1403 4483 1422 4516 ι

265 4681 286 4713 ι
322 4662 383 4715 Οἱ
416 4660 725 4731 βουλόμενοι
756 4660 998 4730 εἰρήνην,
1029 4658 1510 4727 εὐφρανθήσονται.
1548 4680 1567 4711 ›

268 4857 288 4887 ι
330 4836 540 4898 Πάντας
576 4836 703 4897 τοὺς
733 4836 807 4906 μὴ
830 4834 1268 4903 φιλονεικοῦντας
1300 4836 1527 4905 καλύψει
1561 4838 1711 4905 φιλία
1732 4857 1744 4870 ο

189 4931 217 4981 ὁ
247 4928 482 4997 ἐλέγχων
504 4928 639 4997 μετὰ
666 4928 996 4997 παρρησίας,
1028 4929 1374 4998 εἰρηνοποιεῖ.
1410 4948 1427 4979 ι

272 5122 291 5153 ι
327 5103 689 5172 Μακρόῡυμος
717 5104 855 5176 ἀνὴρ
877 5105 1200 5159 κατασὸἐσει
1222 5108 1428 5178 κρίσεις
1454 5127 1464 5139 ·
1496 5112 1524 5163 ὁ
1544 5110 1599 5163 δὲ
1622 5112 1749 5164 ἀσε-

191 5192 296 5263 6ης
321 5195 500 5263 ὲγερεῖ
522 5193 739 5262 μᾶλλον.
774 5214 791 5243 ν

271 5301 290 5333 ι
332 5283 709 5337 Καλύπτουσιν
738 5283 934 5353 ἔχθραν
960 5284 1111 5354 χείλη
1136 5286 1338 5339 δίκαια.
1379 5306 1397 5337 3

272 5478 293 5511 ο
340 5461 621 5530 Κρεξσσων
642 5461 828 5532 ψωμὸς
855 5462 973 5530 μεθ’
997 5465 1183 5533 ἡδονῆς
1212 5466 1267 5517 ὲν
1296 5468 1507 5537 εἰρήνῃ,
1544 5469 1575 5539 ἢ
1602 5466 1746 5533 οἶκος

194 5552 412 5623 πλήρης
450 5552 659 5605 πολλῶν
711 5552 930 5619 ἀγαθῶν
961 5556 1049 5606 καὶ
1076 5555 1273 5607 ἀδίκων
1300 5556 1555 5627 θυμάτων
1608 5562 1746 5628 μετά

194 5645 395 5713 μάχηςι
442 5663 460 5695 ι

270 5754 291 5787 ι
329 5736 507 5806 Θυμδν
534 5737 726 5808 ἀνδρὸς
758 5739 982 5808 πραΰνει
1015 5739 1265 5808 θεράπων
1309 5742 1585 5812 φρόνιμος.
1619 5764 1633 5792 ι

477 5917 721 5975 Pnaor.
766 5916 877 5976 GR.
932 5916 1092 5975 XCV.

1918 3373 2056 3426 Ruth
2097 3390 2135 3434 ι,
2187 3374 2272 3427 15.
2307 3403 2369 3415 --
2402 3392 2420 3422 ι
2455 3371 2599 3425 Dixit
2640 3370 2828 3425 Nocmi
2861 3372 2927 3426 ad
2977 3372 3121 3426 Ruth
3158 3391 3173 3426 :
3210 3372 3287 3426 En
3325 3388 3409 3426 re-

1846 3481 2007 3519 versa
2058 3472 2143 3519 est
2187 3464 2336 3519 socia
2368 3474 2459 3516 tua
2500 3463 2566 3516 ad
2608 3465 2869 3533 pupulum
2908 3475 3060 3518 tuum
3095 3476 3146 3519 et
3180 3464 3245 3519 ad
3280 3466 3414 3521 deus

1845 3573 1999 3612 suos.
2028 3557 2324 3611 Revertere
2358 3565 2414 3611 tu
2464 3572 2705 3626 quoque.
2728 3557 2872 3610 Rulli
2909 3573 3038 3611 vero
3068 3558 3207 3611 dixit
3249 3577 3260 3611 :
3302 3558 3412 3612 Nec

1845 3663 2110 3703 occurras
2143 3648 2273 3700 mihi
2308 3656 2365 3700 ut
2398 3648 2702 3716 relinquam
2739 3657 2791 3702 te
2816 3657 2870 3702 et
2899 3650 3113 3702 abeam.
3138 3650 3409 3715 Quoniam

1845 3756 2179 3810 quocunque
2211 3741 2547 3809 perrexeris,
2597 3756 2821 3809 pergam
2860 3761 2872 3795 :
2909 3750 2962 3795 et
2992 3743 3223 3811 popul‘us
3260 3752 3408 3804 tuus,

1847 3833 2085 3902 populus
2118 3847 2293 3896 meus,
2334 3840 2390 3885 et
2422 3831 2732 3895 Deustuus,
2776 3831 2918 3885 Deus
2946 3847 3120 3885 meus.
3154 3852 3172 3883 ι

1918 3919 1944 3975 Ι
1983 3920 2108 3990 Reg.
2152 3936 2257 3983 xx,
2307 3920 2392 3973 i7.
2429 3947 2498 3959 --
2533 3937 2551 3969 ι
2595 3918 2660 3970 Et
2697 3918 2908 3971 addidit
2951 3916 3217 3971 Jonatlias
3265 3917 3413 3985 deje-

1846 4027 1973 4067 rare
2007 4012 2198 4075 David,
2232 4027 2297 4066 eo
2327 4010 2475 4080 quod
2516 4010 2773 4080 diligeret
2804 4025 2927 4063 eum
2956 4009 3139 4063 anima
3175 4010 3410 4080 diligen-

1845 4104 1919 4158 tis
1954 4119 2033 4158 se.
2073 4122 2091 4153 ι

1920 4194 1984 4249 ΙΙ
2022 4195 2143 4266 Reg.
2178 4212 2216 4261 I,
2238 4195 2329 4249 26.
2354 4227 2423 4235 —-
2454 4215 2470 4245 ι
2512 4195 2680 4248 Doleo
2716 4208 2880 4262 super
2908 4200 2981 4255 te,
3022 4192 3189 4247 frater
3212 4194 3284 4248 mi
3314 4193 3410 4248 Jo-

1847 4291 2036 4341 natlia.
2064 4289 2359 4357 Speciosus
2389 4288 2523 4340 milii
2552 4302 2674 4340 eras
2703 4288 2877 4339 valde.
2914 4285 3270 4341 Admirabilis
3290 4297 3408 4341 erat

1846 4378 1981 4432 mihi
2018 4378 2240 4434 dilectio
2269 4387 2363 4432 tua
2390 4394 2555 4447 super
2575 4392 2818 4431 amorem
2852 4377 3164 4431 mulierum.
3201 4395 3220 4429 ›

1918 4472 2070 4525 Psal.
2103 4488 2297 4535 xxxru,
2333 4470 2416 4523 14.
2454 4499 2521 4508 -
2556 4487 2576 4521 ι
2606 4470 2828 4538 lnquire
2870 4484 3082 4539 pacem,
3128 4476 3181 4523 et.
3222 4484 3407 4539 perse-

1780 4548 1826 4605 D
1852 4578 2019 4633 quere
2051 4578 2200 4617 eam.
2232 4582 2249 4613 ι

1916 4653 2072 4707 Prov.
2118 4670 2214 4719 xu,
2258 4654 2347 4707 20.
2383 4683 2453 4693 -
2488 4672 2507 4704 ι
2550 4653 2651 4719 Qui
2703 4654 2849 4722 pacis
2905 4652 3095 4705 ineunt
3146 4652 3403 4718 consilia,

1846 4747 2097 4814 sequitur
2129 4761 2223 4799 eos
2262 4747 2546 4814 gaudium.
2584 4763 2602 4795 ι

1919 4833 2079 4886 Prov.
2113 4848 2165 4895 χ,
2194 4833 2281 4896 il,
2315 4831 2403 4886 1‘2.
2434 4860 2505 4869 —-
2531 4849 2549 4879 ι
2575 4832 2778 4885 Omnes
2810 4847 2905 4885 eos
2931 4832 3020 4899 qui
3059 4832 3248 4884 nolunt
3269 4846 3404 4883 con-

1845 4925 2093 4988 tendere,
2128 4926 2309 4995 operit
2358 4924 2622 4978 amicitia.
2664 4923 2767 4989 Qui
2796 4925 2977 4992 arguit
3006 4925 3194 4986 libere,
3220 4923 3405 4992 pacili-

1847 5033 1945 5071 CUS
1972 5028 2073 5071 CSL
2110 5037 2127 5069 ι

1917 5106 2074 5161 Prov.
2121 5123 2211 5170 xv,
2255 5106 2345 5161 18.
2377 5135 2446 5150 --
2471 5125 2489 5157 ι
2521 5105 2617 5160 Vir
2658 5107 2874 5175 patiens
2902 5107 3212 5176 exstinguet
3241 5108 3402 5161 lites:

1852 5196 2059 5266 impius
2086 5213 2178 5251 eas
2206 5197 2387 5264 potius
2413 5196 2724 5251 suscitabit.
2760 5216 2775 5246 ι

1858 5354 1861 5357 ἤ
1918 5287 2076 5342 Prov.
2119 5303 2172 5349 κ,
2225 5287 2314 5341 18.
2377 5319 2446 5328 —
2508 5307 2526 5339 ι
2582 5286 2851 5353 Oper-inut
2907 5290 3219 5341 inimicitias
3266 5289 3406 5342 labia

1846 5380 2014 5449 justa.
2057 5400 2075 5431 ι

1920 5469 2078 5523 Prov.
2110 5486 2244 5528 xm.
2284 5469 2334 5522 1.
2373 5500 2440 5508 —
2476 5488 2493 5520 t
2526 5468 2714 5523 Melior
2743 5479 2824 5521 est
2852 5470 3092 5523 linrcella
3119 5469 3260 5521 sicca
3283 5485 3405 5519 i-nin

1848 5562 2044 5628 gaudio
2078 5560 2130 5612 iti
2164 5576 2316 5637 pace,
2340 5576 2501 5628 quam
2535 5563 2731 5615 donius
2768 5564 2921 5631 plena
2955 5563 3144 5616 multis
3171 5562 3407 5614 victimis

1849 5651 2005 5703 bonis
2037 5659 2089 5702 et
2118 5642 2321 5718 iniquis
2343 5651 2684 5720 cumjurgio.
2722 5671 2735 5701 ι

1925 5738 2079 5791 Prov;
2112 5756 2265 5806 xrin,
2297 5740 2380 5793 14.
2404 5773 2467 5786 .-
2500 5759 2517 5789 ι
2555 5739 2693 5793 Iram
2720 5742 2818 5794 κίε-ἰ
2846 5743 2997 5797 sedat
3024 5742 3258 5796 famulus
3278 5758 3407 5812 pru-

1852 5829 2007 5882 dens.
2046 5851 2063 5879 ι

3043 5924 3115 5985 38
