4218 6446
196 393 331 456 1197

1483 376 1718 436 sacrm
1750 373 2207 461 PARALLELA.

3286 368 3419 435 1198

196 504 319 558 καθ’
355 497 656 569 ὑπερϐολὴν
678 494 792 548 ὁδὸν
817 494 943 562 ύμῖν
975 492 1245 557 δείκνυμι.
1291 487 1415 539 Ἐἀν
1444 488 1563 546 ταῖς
1587 483 1756 551 γλώσ·
1787 492 1830 544 Α

1787 492 1830 544 Α
1863 464 2006 535 mata
2028 477 2340 535 meliora.Et
2358 478 2531 533 adhuc
2547 479 2982 534 excellentiorem
3006 480 3143 532 viam
3164 478 3313 534 vobis
3331 482 3424 536 ded

196 610 319 655 σαις
344 590 449 642 τῶν
475 588 568 640 ἀνο
580 585 772 656 ρώπων
800 581 966 639 λαλῶ,
994 582 1088 633 καὶ
1111 578 1220 629 τῶν
1244 576 1514 646 ἀγγέλων,
1544 574 1761 642 ἀγάπην

192 686 254 737 δὲ
280 683 353 753 μὴ
379 681 503 749 ἔχω,
538 681 732 745 γέγονα
763 674 960 743 χαλκὸς
987 671 1157 740 ἠχῶν,
1194 669 1226 740 ἢ
1256 667 1535 736 κύμϐαλον
1562 665 1759 719 ἀλαλά-

196 777 311 839 ζον.
367 771 484 824 Κάν
538 770 646 839 ἔχω
702 765 1057 835 προφητείαν,
1112 762 1207 813 καὶ
1260 760 1354 811 ἴδω
1392 758 1460 811 τά
1496 759 1767 827 μυστήρια

198 866 400 927 πάντα,
431 863 525 915 καί⁸
557 862 735 912 πᾶσαν
769 858 865 927 τὴν
899 856 1097 923 γνῶσιν
1121 870 1133 882 ·
1172 851 1273 905 κᾶν
1306 850 1411 921 ἔχω
1465 851 1641 902 πᾶσαν
1667 846 1767 916 τὴν

199 959 407 1018 πίστιν,
444 954 583 1006 ὥστε
612 953 710 1021 ὅρη
744 948 1109 1021 μεθιστάνειν,
1156 944 1379 1013 ἀγάπην
1410 943 1466 996 δὲ
1516 942 1591 1012 μὴ
1635 939 1761 1010 ἔχω,

200 1050 357 1103 οὐδέν
386 1049 535 1115 εἰμι·
574 1043 675 1096 κᾶν
709 1040 941 1111 ψωμίζω
992 1040 1169 1092 πάντα
1207 1037 1276 1090 τά
1314 1033 1625 1106 ὑπάρχοντά
1652 1048 1762 1100 μοι,

199 1140 307 1193 κάν
334 1136 556 1207 παραδῶ
575 1136 635 1187 τὸ
663 1133 822 1202 σῶμά
852 1148 975 1202 μου,
1026 1132 1112 1183 ἵνα
1142 1127 1524 1198 καυθήσωμαι,
1547 1125 1767 1194 ἀγάπην

196 1236 258 1288 δὲ
285 1233 346 1286 ού
377 1233 451 1303 μὴ
479 1230 605 1301 ἔχω,
638 1228 788 1282 οὐδὲν
820 1224 1155 1294 ὠφελοῦμαι.
1195 1222 1257 1275 Ἢ
1285 1221 1472 1289 αγάπη
1509 1218 1571 1270 οὐ
1596 1216 1765 1287 ζηλοίο

198 1330 236 1399 ὴ
275 1326 461 1394 ἀγάπη
514 1319 878 1392 μακροθυμεῖ,
936 1315 1339 1388 χρηστεύεται’
1402 1314 1435 1380 ἡ
1467 1312 1654 1380 ἀγάπη
1706 1309 1765 1360 οὐ

202 1413 631 1488 περπερεύεται,
653 1412 714 1463 οὐ
744 1408 1056 1479 φυσιοῦται,
1090 1408 1188 1459 οὐκ
1219 1404 1543 1474 ἀσχημονεῖ,
1575 1402 1636 1452 ού
1669 1400 1767 1468 ζη-

199 1507 379 1560 τεῖτά
404 1505 623 1573 ἑαυτῆς.
655 1503 839 1555 Πάντα
872 1498 1140 1561 πιστεύει,
1176 1497 1354 1549 πάντα
1381 1493 1610 1556 ἐλπίζει,
1636 1490 1771 1542 πάν-

201 1616 272 1649 τα
324 1596 600 1666 ὑπομένει.
650 1594 716 1645 'H
759 1591 944 1661 ἀγάπη
988 1589 1241 1642 οὐδέποτε
1288 1587 1562 1639 ἐκπίπτει.
1605 1603 1622 1634 ι
1664 1583 1773 1636 Καὶ

202 1690 401 1741 πάλιν
448 1706 466 1738 ι
510 1686 642 1739 Νυνὶ
667 1685 723 1737 δὲ
756 1683 906 1754 μένει
954 1681 1155 1744 πίστις,
1211 1678 1385 1740 ἐλπὶς,
1440 1677 1651 1746 ἀγάπη,
1705 1678 1773 1729 τά

201 1781 331 1852 τρία
362 1780 535 1832 ταῦτα
557 1793 570 1806 ’
598 1775 799 1847 μείζων
830 1776 887 1829 δὲ
926 1773 1125 1842 τούτων
1151 1774 1184 1843 ἡ
1218 1771 1428 1840 ἀγάπη.
1462 1790 1479 1821 ι

336 2065 517 2118 Πάντα
549 2061 700 2130 ὑμῶν
729 2062 784 2110 ἐν
814 2058 1004 2128 ἀγάπῃ
1028 2057 1278 2124 γινέσθω.
1320 2075 1338 2107 ι

284 2262 303 2296 ι
342 2242 688 2314 Εἰρηνεύετε,
715 2240 953 2308 ἀδελφοὶ,
984 2238 1077 2292 καὶ
1099 2239 1128 2290 ὁ
1156 2236 1288 2299 Θεὸς
1315 2236 1415 2306 τῆς
1438 2235 1653 2304 ἀγάπης
1677 2232 1770 2287 καὶ

205 2337 432 2405 εἰρήνης
462 2332 612 2385 ἔσται
642 2332 761 2402 μεθ’
797 2330 971 2402 ύμῶν.
1003 2348 1021 2381 ι

282 2447 301 2476 ς
341 2426 436 2478 Διά
465 2425 561 2493 τῆς
581 2424 799 2490 ἀγάπης
820 2420 1096 2473 δουλεύετε
1125 2419 1393 2489 ἀλλήλοις.
1442 2416 1499 2469 Ὀ
1533 2414 1637 2485 γὰρ
1667 2416 1775 2475 πᾶς

206 2520 370 2588 νόμος
400 2518 478 2569 ἐνὶ
516 2516 656 2584 λόγῳ
705 2514 1079 2582 πεπλήρωται,
1104 2514 1159 2564 ἐν
1195 2510 1293 2581 τῷ,
1325 2509 1655 2577 ’Λγαπήσεις
1685 2507 1774 2559 τὸν

209 2610 437 2679 πίησίον
470 2624 562 2659 σου
589 2607 664 2665 ὡς
694 2605 939 2657 σεαυτόν.
981 2624 998 2654 ι

285 2721 304 2754 ι
342 2700 559 2753 Γίνεσθε
589 2703 669 2760 εις
697 2698 956 2764 ἀλλήλους
979 2694 1228 2765 χρηστοὶ,
1258 2692 1643 2761 εὔσπλαγχνοι,
1675 2708 1774 2759 χα-

211 2793 486 2864 ριζόμενοι
518 2793 748 2853 ἑαυτοῖς,
775 2787 954 2848 καθὼς
986 2787 1078 2837 καὶ
1100 2787 1129 2837 ὀ
1151 2785 1279 2847 Θεὸς
1305 2785 1596 2853 ἐχαρίσατο
1620 2785 1772 2851 ἡμῖν.

211 2886 432 2936 Γίνεσθε
470 2882 562 2934 ούν
595 2882 827 2949 μιμηταὶ
849 2878 1007 2937 Θεοῦ,
1031 2878 1103 2939 ὡς
1136 2878 1301 2928 τέκνα
1354 2874 1633 2943 ἀγαπητά,
1680 2874 1776 2924 καὶ

209 2974 564 3043 περιπατεῖτε
594 2973 651 3023 ἐν
677 2972 882 3037 ἀγάπη,
913 2966 1089 3029 καθὼς
1126 2967 1217 3019 καὶ
1244 2966 1272 3018 ὁ
1301 2966 1535 3037 Χριστὸς
1560 2964 1776 3032 ἠγάπη-

211 3084 305 3119 σεν
334 3066 501 3136 ἡμᾶς,
524 3064 616 3117 καὶ
651 3062 962 3130 παρέδωκεν
1005 3059 1197 3112 ἑαυτὸν
1230 3059 1369 3128 ὑπὲρ
1401 3057 1560 3127 ἡμῶν
1606 3072 1773 3127 προσ-

209 3158 381 3230 φορὰν
402 3157 497 3211 καὶ
526 3154 717 3209 θυσίαν
740 3153 817 3223 τῷ
846 3151 966 3221 Θεῷ
989 3154 1066 3214 εἰς
1096 3150 1270 3221 ὀσμὴν
1302 3148 1548 3214 εὐωδίας.
1579 3166 1598 3200 ι

287 3357 306 3390 ι
349 3338 468 3389 Ἐπὶ
494 3337 626 3389 πᾶσι
673 3336 772 3405 τὴν
804 3335 1023 3401 ἀγάπην
1059 3332 1303 3395 διώκετε,
1330 3334 1412 3384 ὅτι
1444 3333 1560 3382 ἐστὶ
1592 3329 1773 3382 σύνδε-

212 3447 348 3499 σμος
374 3430 469 3497 τῆς
496 3428 845 3495 τελειότητος.
899 3427 1006 3476 Καὶ
1054 3427 1085 3494 ἡ
1118 3425 1307 3494 εἰρήνη
1347 3422 1441 3475 τοῦ
1472 3421 1606 3474 Θεοῦ
1639 3421 1773 3493 βρα-

210 3521 428 3572 ϐεύεται
460 3520 517 3570 ὲν
550 3520 665 3576 ταῖς
696 3516 941 3584 καρδίαις
974 3515 1145 3583 ὑμῶν.
1192 3534 1209 3564 ι

286 3629 307 3663 ε
345 3612 575 3679 Εἰρήνην
604 3607 826 3660 διώκετε
860 3604 1000 3674 μετά
1043 3604 1283 3666 πάντων,
1332 3603 1427 3655 καὶ
1480 3601 1569 3653 τὸν
1617 3602 1771 3669 ἁγια-

215 3702 374 3771 σμὸν,
409 3696 469 3753 οῦ
496 3700 659 3768 χωρὶς
683 3697 854 3759 οὐδεὶς
879 3696 1068 3766 ὄψεται
1103 3694 1191 3747 τὸν
1214 3693 1442 3765 Κύριον.
1482 3714 1500 3749 ι

291 3904 310 3936 ι
348 3884 570 3953 Καρπὸς
596 3880 939 3953 δικαιοσύνης
992 3882 1050 3936 ὲν
1103 3883 1291 3954 εἰρήνῃ
1338 3879 1619 3950 σπείρεται
1662 3882 1771 3943 τοῖς

212 3978 453 4032 ποιοῦσιν
479 3977 716 4045 εἰρήνην.
754 3991 775 4024 ι

288 4090 307 4120 ι
349 4072 407 4120 '0
430 4066 656 4136 ἀγαπῶν
683 4066 773 4119 τὸν
804 4065 1030 4135 ἀδελφὸν
1054 4063 1239 4127 αὑτοῦ,
1282 4066 1338 4115 ἐν
1384 4062 1462 4132 τῷ
1497 4063 1635 4132 φωτὶ
1675 4063 1773 4132 μὲ-

210 4181 314 4216 νει.
355 4180 373 4212 >

288 4270 307 4302 ι
358 4252 449 4303 Ἐκ
479 4249 718 4319 καθαρᾶς
750 4247 976 4319 καρδίας
1008 4247 1282 4313 ἀγαπᾶτε.
1332 4264 1349 4295 ι

285 4362 307 4396 ι
361 4344 571 4411 Ἀγάπη
601 4338 864 4392 καλύπτει
888 4338 1089 4408 πλῆθος
1116 4337 1417 4407 ἁμαρτιῶν.
1456 4356 1473 4388 ι

1869 585 2135 628 monstro.
2167 572 2224 627 Si
2248 573 2450 642 linguis
2480 573 2759 627 hominum
2794 572 2986 643 loquar
3007 586 3059 628 ct
3082 574 3423 642 angelorum,

1866 664 2183 719 charitatem
2217 670 2397 716 autem
2427 677 2532 715 non
2564 663 2811 729 habeam,
2838 663 3018 716 factus
3040 671 3161 716 sunt
3182 664 3327 717 velut
3352 679 3428 717 as

1868 770 2092 820 sonans,
2150 762 2244 809 aut
2291 754 2601 825 cymbalum
2658 756 2916 810 tinuieus.
2975 754 3038 808 Et
3088 755 3130 808 si
3182 756 3429 810 habuero

1868 849 2236 920 prophetiam,
2285 862 2339 905 et
2384 851 2627 904 noverim
2676 852 2931 919 mysteria
2979 848 3180 911 omnia,
3227 859 3283 903 et
3319 863 3430 903 om—

1872 959 1990 997 nem
2022 943 2335 1008 scientiam,
2360 952 2412 998 et
2442 944 2486 997 si
2515 944 2756 997 habuero
2790 958 3007 996 onmem
3050 941 3233 1005 fidem,
3267 944 3338 996 ita
3369 951 3427 996 ut

1871 1045 2086 1089 montes
2119 1034 2469 1099 transferam,
2497 1036 2821 1089 charitatem
2863 1046 3043 1088 autem
3080 1048 3186 1087 non
3225 1033 3430 1088 habue-

1874 1142 1952 1191 ro,
1990 1126 2127 1179 nihil
2150 1142 2294 1180 sum.
2324 1127 2391 1180 Et
2413 1128 2456 1180 si
2494 1126 2825 1181 distribuero
2865 1128 2917 1179 in
2946 1128 3098 1182 cibos
3129 1142 3322 1181 omnes
3347 1125 3457 1184 [ει-λ

1870 1219 2102 1272 cultates
2131 1234 2282 1273 meas
2304 1258 2318 1279 ,
2347 1228 2401 1273 et
2436 1219 2480 1273 si
2508 1219 2783 1275 tradidero
2806 1233 3004 1287 corpus
3042 1235 3214 1274 meum
3257 1219 3332 1273 ita
3367 1225 3432 1272 ut

1872 1313 2113 1377 ardeam,
2140 1313 2465 1366 chariiatem
2491 1320 2675 1366 autem
2704 1327 2809 1366 non
2843 1311 3109 1375 habuero,
3142 1312 3275 1364 nihil
3298 1311 3433 1364 mihi

1873 1404 2114 1469 prodest.
2145 1401 2401 1458 Charitas
2436 1420 2545 1458 non
2595 1403 2879 1457 aemulatur
2914 1423 2926 1457 :
2956 1403 3200 1457 charitas
3231 1403 3438 1472 patiens

1871 1505 1974 1558 est,
2013 1495 2246 1564 benigna
2286 1503 2393 1550 est.
2421 1495 2683 1549 Charitas
2716 1510 2825 1548 non
2854 1496 2964 1565 agit
2991 1508 3299 1564 perperam,
3330 1508 3437 1547 non

1873 1585 2114 1650 inﬂatur,
2160 1603 2267 1642 non
2332 1596 2416 1643 est
2456 1586 2765 1651 ambitiosa,
2808 1600 2916 1639 non
2951 1588 3292 1655 qumritqua:
3337 1600 3435 1639 sua

1873 1686 2022 1733 sunt.
2050 1678 2239 1733 Omnia
2272 1680 2470 1743 credit,
2498 1679 2681 1733 omnia
2715 1688 2921 1748 sperat,
2967 1679 3147 1733 omnia
3180 1677 3437 1732 sustinet.

1875 1771 2130 1826 Charitas
2161 1787 2438 1840 nunquam
2482 1772 2708 1826 excidit.
2743 1791 2761 1822 ι
2810 1769 2878 1825 Et
2923 1786 3139 1825 rursum
3179 1786 3193 1823 :
3230 1786 3250 1820 ι
3286 1767 3438 1822 Nunc

1877 1874 2058 1919 autem
2087 1875 2326 1929 manent,
2362 1866 2512 1930 fides,
2552 1880 2699 1933 spes,
2730 1865 2993 1929 charitas,
3030 1863 3136 1918 tria
3164 1863 3299 1917 haec.
3327 1862 3440 1915 Ma-

1866 1956 1954 2026 jor
1983 1966 2166 2010 autem
2198 1957 2393 2009 horum
2422 1964 2506 2011 est
2544 1956 2804 2011 charitas.
2853 1976 2871 2008 ι

1944 2051 1971 2106 Ι
2005 2053 2126 2108 Cor.
2179 2069 2291 2119 xvi,
2345 2053 2433 2107 14.
2456 2082 2525 2092 -
2552 2069 2570 2102 ι
2605 2051 2797 2106 Omnia
2835 2063 3017 2107 vestra
3063 2052 3118 2105 in
3172 2049 3440 2105 charitate

1874 2145 2165 2271 ἢθῗῗὸον.
2209 2232 2328 2281 xut,
2362 2216 2448 2271 11.
2482 2247 2543 2255 -
2573 2235 2591 2267 ι
2634 2214 2829 2270 Pacem
2867 2216 3083 2282 habete,
3132 2215 3355 2283 fratres,
3387 2225 3442 2271 ct

1876 2307 2016 2383 Deus
2043 2307 2353 2362 dilectionis
2382 2318 2435 2361 et
2458 2308 2610 2375 pacis
2639 2309 2744 2362 erit
2769 2306 3070 2361 vobiscum.
3117 2326 3135 2358 ι

1945 2400 2125 2454 Galat.
2161 2416 2215 2463 ν,
2250 2401 2336 2455 15.
2357 2430 2421 2440 -
2443 2420 2459 2450 ι
2486 2400 2588 2452 Per
2626 2400 2949 2453 charitatem
2986 2402 3210 2469 spiritus
3242 2402 3442 2455 servite

1876 2492 2129 2547 invicem.
2164 2492 2353 2545 Omnis
2393 2494 2535 2546 enim
2571 2492 2656 2544 lex
2692 2507 2805 2545 uno
2834 2507 3086 2546 sermone
3139 2492 3391 2560 impletur
3422 2509 3437 2524 ο

1879 2585 2079 2652 Diliges
2108 2585 2414 2651 proximum
2450 2592 2601 2633 tuum
2629 2581 2773 2634 sicut
2795 2583 3053 2649 teipsum.
3100 2601 3119 2633 ι

1948 2673 2138 2741 Eplies.
2168 2674 2351 2738 tv,5:2;
2386 2689 2438 2734 ν,
2472 2676 2520 2727 1;
2550 2701 2615 2713 -
2647 2694 2664 2723 ι
2691 2672 2875 2726 Estote
2924 2673 3156 2727 invicem
3196 2676 3439 2747 benigni,

1878 2766 2288 2827 misericordes,
2347 2750 3107 2832 donantesvvobismetipsis,
3178 2766 3322 2820 sicut
3386 2775 3442 2821 et

1878 2856 2017 2911 Deus
2045 2856 2269 2933 donavit
2294 2841 2473 2909 nobis.
2502 2854 2694 2911 listote
2723 2872 2851 2925 ergo
2872 2858 3173 2911 imitatores
3205 2858 3299 2911 Dei
3328 2860 3441 2913 sic-

1878 2962 1936 3003 ut
1984 2949 2078 3003 ftlii
2122 2948 2471 3012 charissitni,
2546 2960 2600 3004 et
2643 2933 2920 3003 ambulate
2980 2949 3143 3021 354
3199 2953 3248 3003 in
3309 2952 3440 3004 dile-

1878 3030 2077 3107 ctione,
2112 3041 2252 3095 sicut
2284 3049 2340 3095 et
2366 3037 2614 3094 Christus
2642 3040 2835 3093 dilexit
2868 3052 3063 3103 nos,et
3091 3041 3316 3094 tradidit
3350 3057 3440 3096 se-

1877 3135 2163 3202 metipsum
2199 3148 2295 3202 pro
2330 3131 2488 3184 nobis
2522 3132 2849 3185 oblationem
2890 3140 2943 3183 et
2979 3132 3306 3186 sacrificiqu
3330 3132 3439 3188 Deo

1874 3226 1930 3279 in
1978 3225 2201 3278 odorem
2234 3222 2543 3277 suavitatis.
2579 3240 2596 3271 ι

1896 3300 1901 3303 ’
1945 3313 2437 3378 Coloss.m;l4.—
2469 3331 2485 3362 ‹
2521 3310 2697 3381 Super
2719 3313 2898 3365 omnia
2921 3314 3433 3369 autemcharitatem

1874 3408 2181 3471 sectamini,
2215 3392 2341 3475 quia
2373 3417 2457 3459 est
2496 3404 2767 3458 vinculum
2824 3406 3198 3475 perfectionis.
3236 3404 3301 3459 Et
3331 3422 3435 3477 pax

1873 3505 1966 3557 Dei
1997 3502 2236 3554 exsultat
2267 3502 2317 3551 in
2349 3498 2609 3551 cordibus
2632 3498 2852 3550 vestris.
2894 3514 2912 3547 ι

1945 3593 2111 3647 Hebr.
2147 3607 2244 3656 xit,
2280 3591 2365 3643 14.
2399 3616 2467 3630 -
2506 3606 2524 3638 ι
2563 3587 2756 3642 Pacem
2806 3589 3094 3657 sequimini
3142 3608 3264 3645 cum
3316 3606 3435 3646 om-

1872 3687 2056 3754 nibus,
2113 3696 2168 3742 et
2214 3680 2667 3747 sanctimoniam,
2724 3681 2842 3735 sine
2882 3698 2988 3751 qua
3035 3699 3194 3737 nemo
3234 3686 3438 3739 videbit

1872 3782 2061 3839 Deum.
2095 3801 2112 3832 ι

1898 3938 1903 3941 τ
1940 3881 2063 3935 Jac.
2092 3897 2171 3944 ιιι,
2193 3881 2278 3932 18.
2300 3908 2372 3919 --
2400 3897 2417 3929 ι
2446 3878 2677 3930 Fructus
2703 3873 2934 3942 iustitia:
2965 3876 3016 3930 in
3048 3892 3178 3946 pace
3202 3880 3438 3935 semina-

1871 3983 1962 4029 tur
1991 3972 2316 4027 facientibus
2347 3988 2552 4039 pacem.
2591 3989 2608 4020 ι

1944 4062 1973 4116 1
2001 4061 2165 4117 Joau.
2194 4078 2255 4125 ιι,
2291 4062 2379 4115 10.
2405 4092 2477 4101 --
2509 4082 2525 4113 ‹
2566 4060 2666 4127 Qui
2708 4062 3135 4132 diligitfratrcm
3171 4078 3351 4126 suum,
3381 4064 3434 4118 in

1871 4155 2074 4210 lumine
2101 4161 2301 4208 manet.
2341 4173 2359 4204 ι

1944 4247 1971 4301 Ι
2015 4246 2155 4300 Tim.
2189 4264 2228 4309 ι,
2262 4246 2316 4301 5.
2350 4276 2421 4289 -
2454 4264 2471 4297 ι
2517 4245 2595 4299 Ex
2631 4262 2766 4313 puro
2801 4249 2966 4301 corde
2996 4248 3224 4317 diligite.
3272 4266 3289 4298 ι

1943 4337 1971 4391 l
2001 4336 2148 4391 Petr.
2174 4352 2245 4401 tv,
2272 4335 2415 4414 8η-
2456 4355 2474 4386 ι
2503 4335 2757 4393 Charitas
2805 4340 2983 4408 operit
3033 4340 3434 4394 multitudinem

1871 4438 2237 4501 peccatorum.
2289 4448 2305 4479 ι

286 4528 519 4588 «Τέκνα,
566 4524 640 4595 μὴ
693 4521 996 4591 ἀγαπῶμεν
1042 4520 1213 4591 λόγῳ,
1250 4520 1383 4593 μηδὲ
1433 4519 1499 4588 τῇ
1524 4516 1763 4588 γλώσσῃ,
1801 4552 1845 4606 D
1946 4563 1952 4573 .

1801 4552 1845 4606 υ
1946 4518 1976 4573 1
2005 4518 2168 4573 Joan.
2205 4537 2287 4586 ιιι,
2320 4521 2406 4575 18.
2438 4552 2503 4563 —
2543 4542 2561 4573 ι
2591 4522 2793 4587 Filioli,
2843 4539 2949 4577 non
2989 4524 3283 4595 diligamus
3311 4540 3430 4581 ver-

207 4620 326 4675 ἀλλ’
353 4621 495 4689 ἔργῳ
522 4619 615 4671 καὶ
640 4617 887 4686 ἀληθείᾳ.
917 4614 1027 4667 Καὶ
1053 4615 1111 4668 ἐν
1129 4613 1301 4682 τούτῳ
1331 4611 1667 4681 γνωσόμεθα,
1687 4611 1768 4663 ὃτι

208 4714 275 4764 ἐκ
298 4711 394 4778 τῆς
425 4709 683 4779 ἀληθείας
720 4709 904 4775 ἐσμέν.
946 4725 965 4757 ι
1490 4739 1495 4749 .

287 4819 306 4850 ι
353 4801 672 4870 Ἀγαπητοὶ,
706 4798 1009 4867 ἀγαπῶμεν
1044 4795 1323 4867 ἀλλήλους,
1362 4798 1443 4850 ὅτι
1582 4796 1769 4868 ἀγάπη

210 4896 273 4933 ιν
307 4890 400 4942 τοῦ
430 4889 563 4942 Θεοῦ
586 4891 762 4959 ἐστιν’
803 4889 897 4941 καὶ
934 4889 1098 4949 πᾶςὸ
1135 4887 1387 4955 ἀγαπῶν,
1425 4890 1488 4939 ὲκ
1512 4886 1646 4938 Θεοῦ
1681 4904 1773 4953 γε·

207 4984 486 5049 γεννηται,
515 4982 607 5032 καὶ
636 4979 891 5048 γινώσκει
914 4981 1002 5030 τὸν
1022 4978 1175 5033 Θεόν.
1223 4980 1280 5031 '0
1305 4979 1379 5049 μὴ
1406 4978 1652 5046 ἀγαπῶν,
1672 4980 1769 5031 ούκ

209 5073 471 5140 ἔγνωιτὸν
501 5072 651 5136 Θεὸν,
695 5076 777 5125 ὅτι
831 5076 858 5124 ὀ
890 5073 1019 5135 Θεὸς
1056 5072 1244 5139 ἀγάπη
1297 5071 1433 5123 ἐστί.
1474 5070 1640 5132 Φόϐος
1671 5071 1768 5121 οὐκ

209 5164 445 5214 ἐστινέν
478 5165 543 5231 τῇ
566 5163 754 5233 ἀγάπῃ
783 5180 797 5194 ·
830 5165 863 5233 ἡ
895 5166 1001 5235 γάρ
1030 5162 1208 5215 τελεία
1232 5163 1419 5230 ἀγάπη
1441 5160 1545 5224 ἔξω
1585 5162 1765 5230 βάλλει

204 5256 302 5304 τὸν
328 5252 512 5318 φόϐονο
542 5256 569 5306 ὁ
590 5255 644 5306 δὲ
674 5254 1023 5322 φοϐούμενος,
1050 5257 1108 5307 οὐ
1134 5254 1428 5307 τελειοῦται
1458 5257 1514 5306 ἐν
1546 5256 1612 5322 τῇ
1636 5254 1763 5319 ἀγά-

205 5362 307 5412 πῃ.
327 5344 452 5395 Ἐάν
480 5361 563 5406 τις
589 5344 737 5418 εἴπῃ,
758 5346 840 5397 ὅτι
871 5346 1092 5412 Ἀγαπῶ
1120 5346 1205 5397 τὸν
1224 5347 1374 5408 Θεὸν,
1393 5346 1483 5396 καὶ
1508 5345 1599 5397 τὸν
1619 5345 1768 5396 ἀδελ-

206 5434 310 5499 φὸν
338 5433 501 5485 αὑτοῦ
540 5438 709 5502 μισεῖ,
741 5436 977 5503 ψευστής
1003 5438 1168 5488 ἐστιν.
1214 5437 1270 5487 '0
1296 5436 1399 5504 γάρ
1437 5436 1510 5505 μὴ
1539 5435 1766 5503 ἀγαπῶν

202 5525 305 5576 τὸν
331 5524 555 5592 ἀδελφὸν
584 5527 771 5589 αὐτοῦ,
808 5529 867 5579 ὃν
889 5528 1119 5598 ἑώρακε,
1151 5529 1239 5581 τὸν
1281 5528 1411 5579 Θεὸν
1443 5529 1500 5580 ὃν
1530 5529 1625 5597 οὐχ
1663 5527 1763 5579 ἐώ-

205 5629 368 5684 ρακε,
394 5615 508 5677 πῶς
535 5616 756 5671 δύναται
788 5621 1035 5688 ἀγαπᾷν;
1083 5640 1100 5670 ›

279 5706 447 5758 Οὐδέν
477 5708 624 5760 ἐστιν
675 5708 895 5779 ἄμεινον
919 5712 1186 5780 εἰρήνης,
1236 5712 1292 5763 ὲν
1384 5713 1491 5773 πάς
1535 5710 1765 5780 πόλεμος

201 5801 583 5866 καταργεῖται.

1874 4612 1961 4675 bo,
1996 4626 2175 4679 neque
2208 4613 2412 4680 lingua,
2442 4614 2536 4667 sed
2572 4630 2736 4683 opere
2765 4626 2819 4669 et
2852 4618 3098 4671 veritate.
3132 4618 3200 4672 Et
3231 4618 3285 4673 in
3327 4620 3432 4674 hoc

1871 4702 2127 4767 sciemus,
2162 4706 2307 4772 quod
2335 4719 2399 4756 ex
2431 4706 2658 4760 veritate
2689 4724 2902 4763 sumus.
2935 4727 2953 4758 ι

1942 4791 1973 4845 Ι
2004 4790 2166 4846 Joan.
2216 4811 2289 4859 Iv,
2325 4794 2380 4856 7,
2424 4796 2511 4859 18,
2548 4797 2639 4850 20.
2664 4826 2732 4837 --
2770 4819 2787 4849 ι
2839 4800 3184 4867 Cltarissitni,
3243 4804 3435 4872 diliga-

1870 4899 1993 4938 mus
2025 4884 2253 4939 i‘nviceui
2291 4903 2304 4938 :
2340 4886 2463 4953 quia
2511 4888 2749 4943 charitas
2787 4906 2851 4943 ex
2883 4892 2992 4945 Deo
3015 4904 3120 4958 est,
3164 4903 3221 4948 et
3256 4897 3435 4951 omnis

1872 4976 1966 5043 qui
1997 4976 2193 5046 diligit,
2232 4992 2297 5029 ex
2343 4977 2450 5031 Deo
2489 4991 2648 5032 natus
2681 4989 2786 5044 est,
2830 4995 2885 5034 et
2924 4987 3208 5053 cognoscit
3238 4986 3431 5045 Deum.

1872 5065 1975 5131 Qui
2002 5082 2107 5119 non
2138 5067 2334 5134 diligit,
2369 5057 2478 5122 noti
2515 5072 2665 5122 novit
2696 5070 2883 5134 Deum,
2913 5075 3043 5143 quia
3084 5074 3225 5131 Dens
3247 5077 3434 5132 chari-

1874 5166 1957 5211 tas
1985 5166 2091 5241 est.
2120 5155 2307 5209 Timor
2334 5174 2444 5211 non
2476 5168 2561 5213 est
2588 5162 2640 5213 in
2674 5162 2960 5219 charitate.
2994 5164 3239 5221 Perfecta
3285 5170 3434 5223 enim

1868 5251 2110 5304 charitas
2139 5251 2286 5303 foras
2311 5252 2471 5305 mittit
2497 5253 2899 5321 timoremuQui
2922 5268 3100 5313 autem
3133 5261 3303 5322 timet,
3328 5280 3434 5317 non

1867 5353 1953 5397 cst
1977 5330 2252 5412 perfectus
2289 5347 2342 5399 in
2369 5347 2658 5401 charitate.
2705 5349 2761 5402 Si
2792 5351 2915 5416 quis
2942 5350 3144 5405 dixerit
3172 5356 3429 5421 quoniam

1865 5435 2046 5506 Diligo
2097 5436 2291 5507 Deum,
2349 5450 2405 5493 et
2437 5439 2659 5494 fratrem
2713 5444 2848 5505 odit,
2898 5446 3128 5498 mendax
3174 5456 3278 5501 est.
3327 5447 3431 5515 Qui

1867 5530 2010 5583 enim
2044 5546 2151 5584 non
2176 5532 2352 5599 diligit
2388 5531 2610 5585 fratrem
2659 5550 2814 5588 suum
2851 5552 3009 5604 quem
3048 5538 3213 5600 videt,
3260 5539 3429 5595 Deum

1868 5637 2027 5691 quem
2057 5638 2164 5676 non
2209 5623 2373 5688 videt,
2403 5629 2679 5693 quomodo
2704 5626 2931 5695 diligere
2967 5631 3189 5695 potest?
3229 5649 3247 5680 ι

1937 5712 1998 5767 S.
2038 5712 2235 5781 Ignatt'i
2264 5714 2363 5781 Ep.
2388 5715 2457 5768 ad
2502 5715 2690 5784 Epiros.
2738 5720 2986 5785 t'utevpol.
3021 5750 3089 5762 —
3122 5721 3258 5773 Pace
3295 5721 3432 5778 nihil

1868 5816 1952 5861 est
1982 5806 2359 5875 praestantius,
2400 5810 2448 5859 in
2474 5808 2587 5873 ιμιςι
2616 5808 2811 5861 bellum
2846 5825 3007 5861 (mitte
3036 5810 3303 5865 aboletur.
