4218 6446
263 403 387 467 1201

1502 423 1731 482 SACRA
1774 423 2212 486 PARALLELA

3344 438 3476 503 1202

259 528 380 577 σιας
408 516 722 586 σύνδεσμος.
765 519 1252 594 ’Λγάπηππόλεμον
1280 527 1381 579 οὐκ
1425 525 1588 591 οἶδεν,
1623 533 1815 603 ὲχῡρδν
1847 539 1886 593 Α
1917 553 1925 584 ι

1808 552 1815 578 ν
1847 539 1886 593 Α
1917 548 2124 597 comes,
2173 539 2546 605 apostolorum
2593 542 2744 595 chori
2771 543 2942 604 socia,
2979 545 3256 600 vinculum
3292 549 3474 606 Eccle-

255 606 354 657 οὐκ
402 607 536 676 ἔχει,
562 608 786 678 εἰρήνην
826 612 1140 680 πρεσϐεύει.
1171 614 1382 690 Ἀγάπη
1419 625 1672 687 φονικοὺς
1721 625 1812 676 θυ-

169 719 173 722 ~
259 699 392 767 μοὺς
437 699 688 768 πραΰνει,
731 701 980 769 λογικοὺς
1025 705 1189 771 λαοὺς
1238 711 1514 780 σεμνύνει.
1593 716 1807 787 ’Λγάπη

254 791 315 840 ὲν
354 786 434 859 τῷ
466 791 656 862 κόσμῳ
709 793 784 864 μὴ
820 796 1090 866 χωροῦσα,
1133 801 1224 852 καὶ
1253 803 1312 854 ὲν
1358 810 1583 876 ταπεινῇ
1616 809 1814 879 καρδίᾳ

254 878 605 932 κατοικοῦσα.
645 880 856 954 Ἀγάπη
911 886 1126 954 μέλιτος
1166 876 1262 942 καὶ
1300 892 1566 959 γάλακτος
1610 898 1810 964 γλυκυο

251 966 406 1036 τέρα,
437 969 469 1038 ὴ
499 970 574 1041 μὴ
606 971 766 1041 μόνον
796 977 852 1026 ἐν
897 976 974 1046 τῷ
1018 981 1244 1048 στόματι
1281 982 1342 1033 τὸ
1375 985 1543 1050 γλυκὺ
1592 987 1808 1056 ἔχουσα,

249 1053 388 1111 ἀλλά
427 1062 485 1112 ὲν
548 1061 624 1132 τῷ
667 1063 822 1134 βάθει
868 1066 968 1136 τῆς
1014 1071 1240 1140 καρδίας
1281 1073 1342 1125 τὸ
1369 1074 1466 1143 ἡδὺ
1525 1079 1808 1146 κέκτηται.

265 1149 480 1221 Ἀγάπη
608 1155 826 1208 πάντων
856 1158 1097 1230 ἁρμογὴ,
1129 1162 1198 1214 δι’
1253 1159 1323 1236 ἦς
1376 1169 1670 1238 συνέστηκε
1713 1172 1810 1240 μὲν

250 1241 322 1293 τά
353 1243 594 1310 ἐπίγεια,
640 1246 788 1310 αὔξει
820 1250 875 1301 δὲ
907 1251 975 1304 τὰ
1021 1253 1263 1323 ούράνια.
1297 1257 1528 1326 ’Λγάπη.
1575 1261 1644 1312 δι’
1674 1263 1739 1332 ἣν
1783 1267 1811 1316 ὁ

249 1330 385 1393 Θεὸς
405 1334 497 1386 τὸν
523 1336 717 1389 ἑαυτοῦ
745 1339 872 1390 Υίὸν
892 1342 1208 1397 ἀπέστειλεν
1223 1349 1302 1410 εἰς
1328 1350 1420 1400 τὸν
1450 1353 1652 1422 κόσμον
1673 1357 1811 1426 ὑπὲρ

251 1422 443 1490 ήμῶν·
477 1426 617 1479 ὥστε
649 1431 738 1482 τὸν
777 1433 900 1485 Υἰὸν
927 1433 1095 1489 αὑτοῦ
1144 1438 1237 1491 τὸν
1289 1443 1554 1512 μονογενῆ
1609 1446 1808 1500 ἔδωκεν

249 1514 456 1606 εἱςτδν
486 1518 688 1588 κόσμον
716 1522 856 1592 ὑπὲρ
910 1525 1085 1594 ήμῶν.
1141 1530 1353 1600 ’Ληάπη
1390 1533 1458 1586 τὰ
1495 1534 1661 1606 ζεύγη
1703 1540 1809 1592 τῶν

167 1619 178 1624 ·
247 1605 500 1675 ἀρότρων
527 1610 843 1678 ὀμοφρόνως
881 1615 959 1685 τῷ
997 1617 1140 1688 ξύλῳ
1163 1620 1256 1672 τοῦ
1295 1628 1528 1697 σταυροῦ
1577 1621 1808 1693 ὑπέζευ-

248 1695 368 1759 ξεν⁸
396 1700 672 1764 κινδύνους
709 1703 766 1755 δὲ
795 1708 936 1761 κατὰ
959 1711 1061 1778 γῆν
1093 1711 1184 1764 καὶ
1208 1713 1481 1772 θάλασσαν
1516 1721 1807 1791 ὑπομένειν

248 1787 504 1856 ἐδίδαξεν.
575 1791 784 1879 Ἀγάπη
850 1797 1134 1872 μάρτυρας
1191 1805 1422 1872 τελειοῖ,
1475 1787 1808 1879 ἀποστόλους

249 1882 523 1946 στεφανοῖ.
555 1877 765 1956 Ἀγάπη
796 1886 974 1955 ἄλλον,
998 1891 1073 1955 ὡς
1098 1893 1289 1948 ἑαυτὸν
1316 1899 1438 1968 ὁρᾷ,
1468 1901 1565 1954 καὶ
1591 1903 1659 1956 τὰ
1700 1874 1806 1960 ἴδιά
1839 1874 1880 1926 Β

247 1969 406 2021 κοινὰ
436 1972 602 2025 πᾶσιν
639 1976 877 2045 ἡγεῖται.
917 1981 1130 2053 ’Δγάπη
1159 1983 1258 2055 τὴν
1291 1986 1499 2043 ἔνδειαν
1536 1992 1632 2046 τοῦ
1670 1996 1805 2067 πλη-

250 2057 365 2158 σίον
391 2062 664 2134 μέριμναν
694 2069 831 2123 ίδίαν
857 2072 1093 2143 τίθησιν.
1132 2076 1343 2150 Ἀγάπη
1383 2083 1569 2154 κοινὴν
1598 2057 1803 2158 τράπε-

247 2148 350 2215 ζαν
377 2157 540 2208 πᾶσιν
572 2158 712 2230 ίστᾷ,
738 2162 975 2235 πλουσίῳ
1002 2183 1061 2218 τε
1091 2168 1184 2220 καὶ
1213 2169 1427 2241 πένητι,
1459 2176 1606 2246 σοφῷ
1621 2196 1678 2231 τε
1709 2183 1804 2236 καὶ

251 2244 463 2316 ἰδιώτῃ.
497 2248 708 2322 Ἀγάπη
737 2253 836 2325 τὴν
877 2261 1330 2332 πεπικρασμένην
1379 2266 1554 2338 ψυχὴν
1579 2271 1803 2336 γλυκαί-

247 2352 352 2401 νει,
379 2339 475 2407 τὴν
495 2342 860 2418 τεθλιμμένην
880 2348 1194 2419 Θεραπεύει,
1218 2353 1315 2425 τὴν
1332 2366 1803 2436 τεταπεινωμένην

251 2427 573 2527 ἀναϐάλλειν
620 2440 781 2493 ποιεῖ.
839 2441 1049 2515 Ἀγάπη
1089 2448 1348 2505 ἄσϐεστον
1390 2427 1646 2522 λαμπάδα
1703 2427 1802 2527 της

247 2519 546 2616 παρθενίας
577 2530 886 2601 περιφέρει,
913 2539 1006 2589 καὶ
1033 2540 1153 2604 τοὺς
1188 2543 1348 2606 ἰδίους
1383 2519 1798 2616 περιεργάζετάι

247 2609 508 2709 ζητοῦσα.
545 2617 758 2690 Ἀγάπη
798 2626 896 2688 τὰς
923 2630 1023 2699 τῆς
1053 2631 1330 2701 βασιλείας
1376 2638 1544 2707 ούρας
1571 2641 1798 2709 ἀνοίγει,

244 2701 490 2766 καὶτοὺς
522 2706 581 2759 ὲν
609 2710 792 2780 σεμνῷ
823 2717 985 2785 γάμῳ
1021 2719 1266 2788 βιοῦντας
1303 2701 1562 2780 είσελδείν
1596 2731 1658 2782 ού

243 2790 382 2845 λύει.
421 2793 633 2870 Ἀγάπη
661 2801 760 2870 τὴν
793 2803 1166 2877 ἐλεημοσύνην
1202 2811 1363 2878 φιλεῖ,
1400 2816 1492 2867 καὶ
1526 2816 1603 2887 τῷ
1629 2817 1803 2872 ταῦτα

242 2886 476 2954 γεωργῷ
527 2890 822 2958 στεφάνους
875 2903 1203 2967 χρυσαυγεῖς
1249 2904 1548 2974 ἐτοιμάζει.
1586 2909 1797 2981 ’Δγάπη

244 2972 629 3064 ὑπερηφάνους
655 2983 751 3036 οὐκ
777 2980 936 3050 οἶδεν,
966 2996 1252 3056 ταπεινοὺς
1287 2996 1342 3048 δὲ
1372 2998 1602 3064 δοξάζει.
1638 3001 1800 3070 Ἀγά-

243 3084 323 3135 πη
365 3071 688 3140 κακολογίαν
717 3075 930 3145 φεύγει,
963 3081 1210 3151 εὐλογίαν
1234 3085 1291 3138 δὲ
1319 3089 1554 3158 στέργει.
1586 3093 1798 3164 ’Λγάπη

241 3159 414 3229 ἄνδρα
469 3164 561 3215 καὶ

244 3251 622 3319 συμϐουλεύει,
657 3259 982 3327 χωρίζεσθαι
1022 3264 1078 3317 δὲ
1111 3267 1205 3319 ἀπ’
1263 3270 1504 3341 ἀλλήλων
1549 3276 1794 3331 οὐδέποτε

242 3339 407 3394 θέλει.
445 3344 655 3418 Ἀγάπη
699 3351 824 3414 τοὺς
867 3356 1108 3424 πατέρας
1141 3360 1314 3426 φιλεῖν
1346 3367 1413 3416 τὰ
1459 3365 1622 3419 τέκνα
1661 3387 1797 3439 προο-

241 3432 526 3500 τρέπεται,
562 3439 656 3491 καὶ
684 3441 750 3493 τὰ
779 3441 941 3496 τέκνα
966 3446 1234 3502 δουλεύειν
1261 3451 1338 3514 ὼς
1368 3454 1656 3522 δεσπόταις
1685 3464 1796 3523 τοῖς

241 3523 510 3588 γονεῦσιν.
529 3528 739 3600 ’Δγάπη
769 3535 894 3597 τοὺς
913 3536 1174 3602 δεσπότας
1196 3541 1489 3612 ἐλεήμονας
1506 3544 1643 3602 εἶναι
1662 3551 1796 3621 πρὸς

239 3613 369 3674 τοὺς
390 3614 604 3681 οἰκέτας
625 3623 953 3689 παρακαλεῖ,
987 3628 1079 3680 καὶ
1106 3632 1229 3694 τοὺς
1263 3634 1478 3699 οίκέτας
1504 3639 1795 3711 ὑπουργεῖν

240 3703 357 3764 τοῖς
389 3703 680 3773 δεσπόταις
701 3711 903 3778 ἀδόλως
923 3722 1197 3788 παραινεῖ.

315 3991 602 4094 ξιολλαχιῖις
620 3999 808 4072 ἀγάπη
833 4009 1050 4070 νοεῖται,
1078 4011 1166 4066 διὰ
1193 4016 1517 4088 πραότητος,
1539 4021 1630 4075 διὰ
1661 4041 1794 4094 χρηη

241 4081 518 4149 στότητος,
555 4088 624 4140 δι’
658 4091 950 4164 ὑπομονῆς,
980 4100 1067 4154 διὰ
1111 4103 1369 4169 ἀφθονίας
1409 4110 1501 4160 καὶ
1535 4111 1784 4183 ἀζηλίας,

236 4173 310 4223 δι’
340 4174 760 4245 ἀμνησικακίας.
809 4186 1124 4260 ’Δμέριστὸς
1164 4196 1310 4250 ἐστιν
1349 4200 1405 4251 ὲν
1435 4203 1593 4266 πᾶσι,
1639 4205 1812 4261 ἀδιάυ

238 4278 428 4330 κριτος
458 4275 773 4344 κοινωνικὴ.

313 4515 521 4584 Τρισσά
548 4521 661 4592 ετδη
715 4527 896 4594 φιλίας
945 4532 1330 4607 διδασκόμεθα,
1364 4545 1456 4596 καὶ
1501 4548 1704 4601 τούτων
1734 4553 1792 4604 τὸ
1823 4550 1868 4606 D

238 4605 344 4674 μὲν
380 4611 592 4679 πρῶτον
626 4619 719 4670 καὶ
755 4619 998 4690 ἄριστον,
1029 4629 1088 4680 τὸ
1139 4635 1256 4684 κατ’
1305 4636 1504 4708 ἀρετήν
1534 4656 1544 4668 ³
1585 4645 1786 4714 στερρὰ

234 4697 404 4802 γάρὴ
528 4704 685 4802 λόγου
727 4711 946 4785 ἀγάπη·
983 4719 1043 4770 τὸ
1070 4720 1127 4773 δὲ
1171 4697 1421 4796 δεύτερον
1456 4697 1548 4782 καὶ
1603 4697 1787 4802 μέσον,

904 4784 910 4785 ,
1329 4784 1339 4796 ι
1603 4784 1614 4802 ι
1634 4784 1664 4786 "
1684 4784 1696 4787 ’
1716 4784 1729 4787 '
1750 4784 1756 4787 '
1775 4784 1784 4800 '

231 4784 300 4835 τὸ
329 4790 448 4840 κατ’
478 4792 709 4867 ἀμοιϐήν
727 4815 741 4829 ·
768 4809 1078 4859 κοινωνικὸν
1097 4810 1274 4879 τοῦτο,
1297 4817 1389 4868 καὶ
1418 4821 1784 4887 μεταδοτικὸν,

233 4878 335 4929 καὶ
372 4880 662 4951 βιωφελές·
703 4893 855 4963 κοινὴ
881 4897 989 4964 γὰρ
1021 4902 1052 4968 ἡ
1078 4902 1396 4971 εὐχάριστός
1422 4909 1588 4975 φιλία.
1628 4913 1700 4964 Τὸ
1731 4917 1786 4966 δὲ

234 4967 468 5024 ὕστατον
492 4977 584 5028 καὶ
616 4981 815 5048 τρίτον,
863 4987 1022 5055 ἡμεῖς
1052 4990 1150 5058 μὲν
1186 4993 1246 5044 τὸ
1273 4995 1336 5047 ὲκ
1369 4999 1653 5066 συνηθείας
1681 5021 1783 5070 φα-

238 5061 363 5129 μὲν,
392 5067 440 5116 οἱ
477 5067 531 5118 δὲ
558 5070 814 5141 Ἕλληνές
859 5095 1011 5145 φασι,
1060 5082 1118 5132 τὸ
1164 5085 1286 5136 καθ’
1330 5089 1520 5158 ἡδονὴν
1556 5096 1784 5161 τρεπτὸν

231 5159 332 5208 καὶ
367 5160 714 5232 μετάϐλητον.
752 5169 959 5222 Θύκοῦν
992 5174 1023 5241 ή
1062 5174 1163 5242 μέν
1206 5177 1289 5240 τίς
1341 5181 1455 5232 ἐστι
1498 5184 1782 5254 φιλοσόφου

229 5250 410 5318 φιλία,
443 5256 476 5324 ἡ
504 5255 559 5307 δὲ
593 5257 902 5329 ἀνθρώπου,
927 5266 958 5332 ή
987 5266 1043 5317 δὲ
1073 5267 1234 5330 ζὼου.

1915 628 2027 680 siae.
2087 627 2345 684 Charitas
2394 631 2592 685 bellum
2653 635 2847 693 nescit,
2884 636 3043 691 hoste
3073 649 3248 704 caret,
3283 655 3470 710 pacem

1912 718 2195 773 conciliat.
2246 720 2498 778 Charitas
2542 721 2782 777 furentes
2824 725 2874 779 iu
2905 727 3105 782 caedem
3136 732 3350 786 animos
3374 733 3476 785 mi-

1913 809 2073 878 tigat,
2104 811 2316 864 ratione
2353 813 2610 880 praeditos
2664 816 2892 883 populos
2935 830 3188 873 exornat.
3223 820 3473 877 Charitas

1911 901 2068 969 cujus
2113 917 2284 970 capax
2313 919 2418 957 non
2458 915 2543 959 est
2568 905 2824 970 mundus,
2849 907 2900 960 in
2933 909 3122 963 humili
3163 912 3330 966 corde
3357 913 3462 966 do-

1913 991 2175 1045 micilium
2198 992 2381 1049 habet.
2405 993 2656 1050 Charitas
2700 998 2855 1051 melle
2881 1002 3073 1066 quovis
3093 1011 3146 1056 et
3174 1003 3313 1057 lacte
3347 1003 3471 1056 dul-

1912 1085 2034 1137 cior
2065 1093 2148 1139 est
2179 1102 2192 1138 :
2226 1086 2495 1156 siquidem
2551 1088 2641 1141 illa
2701 1106 2808 1143 non
2846 1091 2897 1142 in
2934 1107 3029 1146 ore
3050 1093 3250 1158 solum,
3273 1112 3469 1166 verum

1913 1175 2078 1228 etiam
2115 1177 2167 1228 in
2202 1176 2392 1230 intimo
2431 1188 2651 1248 pectore
2701 1182 3040 1236 dulcedinem
3066 1183 3250 1238 habet.
3280 1185 3472 1240 Chari-

1911 1275 1994 1322 tas
2044 1268 2289 1320 omnium
2357 1285 2538 1323 rerum
2591 1285 2883 1341 compages
2925 1282 3008 1328 est
3046 1289 3190 1343 :per
3223 1292 3386 1346 quam
3417 1289 3471 1331 ct

1911 1366 2124 1410 terrena
2173 1359 2465 1424 cohaerent,
2523 1373 2576 1416 ct
2602 1363 2845 1417 caelestia
2899 1365 3293 1420 incrementum
3327 1370 3473 1422 acci-

1911 1450 2089 1518 piunt.
2133 1449 2390 1506 Charitas
2441 1452 2556 1520 ipsa
2609 1463 2716 1516 est,
2780 1455 2850 1508 ob
2881 1471 3045 1524 quam
3103 1456 3246 1512 Deus
3270 1457 3466 1538 Filium

1909 1556 2068 1593 suum
2105 1542 2254 1596 misit
2290 1544 2342 1596 in
2390 1548 2648 1597 mundum
2682 1562 2693 1596 :
2728 1548 2802 1599 ita
2833 1555 2889 1598 ut
2925 1547 3118 1602 Filium
3152 1566 3312 1605 suum
3348 1534 3471 1605 uiui-

1909 1634 2152 1699 genitum
2205 1635 2258 1688 in
2314 1637 2572 1689 mundum
2630 1655 2725 1707 pro
2770 1641 2927 1694 nobis
2954 1641 3186 1696 dederit.
3215 1642 3470 1698 Charitas

1909 1726 2075 1777 aratri
2100 1726 2229 1794 juga
2264 1729 2442 1782 crucis
2497 1729 2640 1798 ligno
2665 1733 2955 1786 concordia
3013 1733 3264 1803 subjecit,
3301 1744 3354 1789 et
3375 1752 3473 1805 pe-

1909 1816 2081 1870 ricula
2113 1826 2259 1873 terra
2292 1822 2539 1889 marique
2588 1824 2776 1880 subire
2809 1813 3018 1879 docuit.
3046 1825 3302 1882 Charitas
3321 1843 3464 1880 mar-

1907 1917 2054 1978 tyres
2095 1911 2329 1978 perficit,
2357 1927 2559 1966 corona
2620 1916 2837 1970 redimit
2881 1919 3184 1988 apostolos.
3217 1921 3471 1975 Charitas

1908 2002 2217 2070 proximum
2275 2005 2424 2058 velut
2477 2007 2718 2076 seipsum
2759 2018 3072 2073 contuetur,
3128 2026 3194 2066 ac
3243 2014 3467 2082 propria

1908 2106 2168 2164 tauquam
2226 2098 2486 2152 omnibus
2511 2101 2823 2154 communia
2878 2104 3182 2157 existimat.
3215 2103 3468 2158 Charitas

1905 2198 2203 2256 egestatem
2280 2191 2510 2257 proximi
2563 2192 2947 2248 sollicitudinis
2996 2210 3109 2249 sua:
3145 2195 3304 2251 finem
3358 2203 3468 2249 sta-

1907 2281 2033 2333 tuit.
2070 2279 2325 2336 Charitas
2346 2297 2693 2336 communem
2725 2276 2987 2341 omnibus
3014 2301 3262 2341 mensam
3281 2288 3464 2357 ponit;

1906 2371 2007 2425 hoc
2067 2381 2170 2434 est,
2226 2381 2337 2426 tam
2406 2375 2583 2435 diviti,
2616 2391 2779 2444 quam
2826 2378 3078 2446 pauperi,
3107 2385 3218 2433 tam
3263 2379 3462 2455 docto,

1900 2477 2062 2530 quam
2093 2463 2332 2517 indocto.
2364 2465 2614 2520 Charitas
2675 2469 3052 2522 exacerbatum
3085 2470 3326 2522 animum
3359 2469 3466 2521 mi-

1902 2555 2056 2623 tigat.
2109 2569 2430 2622 oppressum
2473 2556 2688 2620 delinit,
2725 2559 2994 2627 dejectum
3030 2561 3213 2630 erigit,
3239 2575 3305 2615 ac
3323 2563 3466 2616 vire-

1902 2655 2145 2700 sccutem
2193 2647 2388 2701 reddit.
2439 2649 2694 2704 Charitas
2757 2651 3252 2722 inexstinguibilem
3299 2654 3466 2723 virgi-

1903 2736 2089 2790 nitatis
2142 2736 2446 2814 lampadem
2501 2740 2908 2810 circumgestat,
2938 2755 3001 2796 ac
3029 2758 3244 2798 summo
3283 2744 3464 2799 studio

1900 2827 2174 2894 conquirit
2239 2843 2390 2884 suos.
2444 2830 2698 2885 Charitas
2760 2833 2910 2902 regni
2972 2846 3157 2903 portas
3186 2834 3379 2904 aperit,
3410 2843 3464 2887 et

1899 2933 1994 2972 cos
2043 2919 2136 2980 qui
2197 2921 2427 2976 honesto
2482 2923 2763 2977 connubio
2808 2925 3020 2988 vivunt,
3065 2927 3317 2996 ingressu
3347 2943 3457 2981 non

1900 3020 2068 3067 arcet.
2129 3013 2381 3071 Charitas
2430 3017 2833 3088 eleemosynam
2891 3027 3056 3081 amat,
3087 3028 3140 3073 et
3171 3019 3463 3074 rutilantes

1901 3119 2037 3157 auro
2092 3121 2325 3161 coronas
2375 3124 2480 3162 suo
2523 3109 2716 3163 cultori
2754 3117 2930 3178 parat.
2981 3109 3236 3164 Charitas
3283 3111 3463 3164 nescit

615 3171 850 3233 γυναῖκα
908 3173 1070 3242 γάμῳ
1127 3180 1496 3246 συναφθέντας
1555 3186 1800 3253 ὁμονοεῖν
1829 3213 1872 3272 C
1903 3196 2193 3265 superbos,
2244 3199 2273 3251 Ιι

1790 3207 1872 3272 ιο
1903 3196 2193 3265 superbos,
2244 3199 2478 3254 humiles
2530 3201 2782 3253 honorat.
2820 3200 3073 3255 Charitas
3123 3200 3456 3256 maledicen-

1901 3284 2028 3338 tiam
2088 3286 2244 3356 fugit,
2305 3289 2751 3343 benediceutiam
2785 3291 3152 3359 amplexatur.
3194 3290 3454 3347 Charitas

1897 3376 2070 3430 virum
2127 3388 2181 3432 et
2210 3381 2489 3434 mulierem
2520 3381 2781 3435 connubii
2828 3397 2970 3434 nexu
3029 3381 3314 3450 copulatos
3350 3380 3450 3433 ad-

1899 3477 2082 3521 monet
2130 3479 2190 3521 ut
2220 3471 2574 3524 concordiam
2606 3471 2810 3530 colant.
2845 3486 2945 3524 nec
2973 3471 3086 3523 vult
3116 3471 3186 3524 ab
3218 3469 3449 3523 invicem

1896 3557 2129 3628 scjungi.
2169 3559 2420 3615 Charitas
2447 3570 2648 3630 patres,
2671 3570 2730 3615 ut
2757 3571 2938 3616 ament
2973 3562 3132 3621 filios,
3165 3562 3446 3616 hortatur:

1896 3647 2035 3702 filios
2058 3659 2257 3714 autem,
2287 3661 2344 3704 ιιι
2363 3651 2881 3722 patribustanqua—m
2912 3653 3149 3707 dominis
3181 3653 3445 3707 serviant.

1893 3739 2146 3795 Charitas
2182 3742 2437 3798 dominos
2492 3752 2649 3816 rogat
2689 3754 2746 3799 ut
2804 3745 2994 3800 faciles
3027 3761 3084 3799 se
3129 3753 3186 3799 et
3240 3747 3450 3800 miseri-

1893 3832 2085 3884 cordes
2147 3831 2366 3888 famulis
2399 3837 2680 3903 praebeant
2713 3857 2726 3891 ε
2765 3853 2828 3889 ac
2885 3853 3078 3891 rursus
3109 3852 3296 3891 servos
3327 3853 3442 3890 mo-

1895 3929 1985 3973 net
2033 3930 2094 3974 ut
2123 3922 2271 3978 heris
2299 3927 2416 3980 suis
2454 3927 2573 3981 sine
2604 3928 2731 3981 fuco
2755 3945 2817 3982 ac
2847 3929 3036 3981 fraude
3069 3929 3332 3982 serviant.

1957 4011 2120 4082 356
2136 4014 2300 4069 Clem.
2335 4017 2486 4070 Alex.
2519 4034 2554 4071 ιι
2582 4019 2781 4072 Strom.
2802 4048 2871 4058 —-
2901 4019 3084 4073 Multis
3109 4019 3286 4072 modis
3310 4019 3446 4072 cha-

1891 4102 2025 4156 ritas
2043 4105 2390 4174 perspicitur.
2418 4109 2672 4161 nimirum
2703 4125 2798 4178 per
2830 4111 3132 4173 lenitatem,
3168 4125 3264 4178 per
3291 4110 3443 4162 heni-

1890 4193 2175 4260 gnitatetn,
2215 4212 2308 4263 per
2341 4200 2674 4266 patientiam,
2701 4214 2798 4269 per
2820 4201 2984 4253 animi
3006 4199 3343 4254 affectionem
3374 4204 3444 4252 ab

1888 4284 2036 4335 omni
2092 4284 2260 4340 livore
2319 4297 2370 4340 ct
2404 4288 2607 4342 invidia
2676 4289 2923 4352 liberam,
2980 4304 3078 4358 per
3106 4289 3438 4343 oblivionem

1891 4373 2237 4441 injuriarum.
2275 4378 2512 4448 Simplex
2561 4389 2644 4434 est
2688 4381 2744 4434 in
2776 4381 3050 4444 omnibus,
3083 4387 3140 4436 et
3169 4380 3292 4435 sine
3327 4379 3441 4433 dis-

1889 4467 2118 4523 crimine
2143 4473 2526 4526 communicat.

1967 4556 2110 4612 Ibid.
2136 4591 2204 4601 —
2239 4562 2367 4615 Tria
2425 4577 2550 4617 esse
2580 4561 2832 4615 amicitiae
2860 4577 3062 4631 geucra
3095 4560 3390 4616 didicimus
3423 4579 3436 4614 :

1896 4663 2129 4717 quorum
2193 4652 2428 4719 primum
2483 4663 2536 4706 et
2604 4653 3113 4721 praestantissimum
3157 4653 3211 4706 in
3241 4653 3442 4704 virtute

1897 4742 2132 4808 positum
2165 4753 2265 4796 est.
2297 4742 2480 4798 Firma
2509 4745 2710 4814 quippe
2753 4745 2974 4799 dilectio
3005 4751 3114 4805 est,
3153 4757 3318 4813 quam
3351 4759 3441 4795 ra-

1893 4832 1972 4884 tio
2023 4834 2301 4888 conciliat.
2337 4834 2650 4900 Secundum
2701 4845 2755 4891 et
2787 4836 3051 4900 medium,
3084 4836 3137 4888 in
3163 4850 3230 4889 eo
3261 4850 3441 4888 versa-

1894 4933 2002 4986 tur,
2038 4932 2096 4977 ιιι
2130 4926 2269 4977 inter
2304 4941 2404 4980 nos
2460 4927 2708 4981 vicissim
2747 4927 3233 4981 communicemus.
3269 4928 3443 4995 Atque

1896 5014 1997 5067 hoc
2053 5031 2270 5084 quoque
2320 5017 2544 5072 liberale
2569 5031 2675 5080 cst,
2706 5019 3028 5082 benelicum,
3059 5025 3226 5087 atque
3257 5018 3322 5070 ad
3360 5019 3442 5070 vi-

1891 5115 2000 5159 tam
2035 5109 2288 5161 tuendam
2308 5111 2466 5164 utile.
2499 5112 2820 5165 Communis
2846 5112 3160 5186 quippevest
3181 5110 3438 5171 amicitia,

1893 5197 2281 5253 beneficiorum
2313 5217 2538 5254 memor.
2571 5201 2820 5255 Tcrlitttn
2853 5219 2916 5256 ac
2956 5212 3315 5270 postremum,
3342 5215 3442 5253 nos

1891 5290 2109 5355 quidem
2149 5291 2203 5343 id
2231 5293 2376 5360 quod
2410 5294 2809 5346 consuetudine
2858 5293 3224 5351 contrahitur,
3256 5291 3439 5359 appel-

231 5352 413 5404 lamus
447 5369 460 5404 :
494 5355 724 5420 gentiles
755 5373 884 5410 vero
931 5359 982 5412 id
1016 5362 1157 5428 quod
1196 5364 1511 5418 delectabile
1566 5375 1670 5430 est,
1742 5352 1942 5430 flimnu
2019 5390 2072 5432 et
2143 5352 2424 5437 mutabile.
2483 5385 2750 5448 Quocirca
2815 5385 2981 5452 prima
3036 5384 3125 5434 illa
3203 5382 3441 5435 amicitia

229 5443 543 5514 philosophi
572 5455 676 5511 est,
717 5450 885 5503 altera
914 5451 1172 5515 hominis,
1194 5455 1356 5510 tertia
1385 5457 1550 5511 bruti.

303 5543 380 5598 Τὸ
435 5548 652 5616 ἀγαπᾷν
697 5549 822 5611 τοὺς
851 5551 1096 5620 ἐχθροὺς,
1129 5554 1227 5604 οὐκ
1268 5555 1486 5626 ἀγαπᾷν
1526 5557 1587 5608 τὸ
1620 5558 1785 5610 κακὸν

227 5641 402 5709 λέγει,
430 5642 548 5694 οὐδὲ
578 5643 850 5707 ἀσέϐειαν,
890 5647 1007 5697 οὐδὲ
1036 5649 1297 5714 μοιχείαν,
1336 5650 1366 5717 ἢ
1401 5651 1622 5720 κλοπὴν,
1650 5652 1784 5704 ἀλλὰ

225 5735 325 5788 τὸν
356 5735 613 5804 κλέπτην,
644 5739 737 5790 καὶ
764 5739 854 5790 τὸν
889 5740 1104 5809 μοιχόνθ
1145 5743 1203 5792 ού
1236 5741 1354 5794 καθ’
1394 5743 1421 5794 ὃ
1461 5745 1780 5812 ἁμαρτάνει,

228 5824 330 5880 καὶ
358 5827 421 5896 τῇ
453 5829 581 5897 ποιᾷ
624 5829 868 5898 ἐνεργείᾳ
911 5831 1124 5899 μολύνει
1175 5831 1270 5900 τὴν
1300 5833 1584 5901 ἀνθρώπου
1619 5851 1782 5905 προσ-

1964 5561 2234 5628 Ejusdem,
2268 5562 2359 5616 lib.
2403 5577 2476 5617 tv.
2509 5561 2716 5615 —I)um
2747 5561 3027 5632 Scriptura
3053 5574 3236 5615 amare
3257 5559 3440 5613 inimi-

1890 5668 1985 5705 cos
2040 5652 2210 5720 jubet,
2264 5667 2370 5705 non
2434 5655 2538 5707 hoc
2576 5654 2708 5716 vult,
2756 5661 2815 5706 ut
2847 5653 3348 5711 malum’amemus.
3381 5662 3445 5704 ut

1893 5744 2243 5813 impietatem,
2297 5755 2354 5797 ut
2393 5743 2746 5810 adulterium,
2809 5753 2904 5799 aut
2957 5744 3199 5808 furtum;
3236 5743 3330 5798 sed
3382 5757 3437 5793 Ill

1891 5838 2063 5892 furem
2118 5843 2170 5890 et
2202 5835 2508 5892 adulterum
2543 5851 2694 5890 :nou
2757 5846 3028 5907 quatenus
3071 5843 3279 5904 peccat,
3307 5835 3434 5894 etin
