4218 6446
248 450 383 515 1205

246 656 381 727 πρὸς
405 653 531 713 τοὺς
561 641 960 719 ἐργαζομένους
994 636 1164 704 αὐτὴν
1190 628 1472 701 ἐπανήξει.
1506 645 1524 676 ι

325 849 345 881 ι
381 828 494 890 ua;
520 827 549 879 ὁ
602 823 784 895 φαῦλα
823 820 1104 891 πράσσων,
1139 817 1285 885 μισεῖ
1304 813 1366 865 τὸ
1415 808 1551 879 φῶς,
1581 809 1674 860 καὶ
1701 806 1801 857 οὐκ

246 923 464 994 ἔρχεται
492 918 629 989 πρὸς
656 916 720 969 τὸ
768 915 904 983 φῶς,
942 912 1029 963 ἴνα
1062 908 1136 979 μὴ
1170 904 1399 975 ἐλεγχθῇ
1432 902 1499 955 τὰ
1533 900 1668 994 ἔργα
1706 898 1804 994 αύ-

243 991 362 1068 τοῦ.
398 1014 453 1067 '0
481 1013 536 1065 δὲ
562 1010 729 1063 ποιῶν
752 1008 850 1077 τὴν
872 1004 1150 1074 ἀλήθειαν,
1173 1000 1391 1071 ἔρχεται
1421 995 1556 1066 πρὸς
1575 993 1635 1046 τὸ
1665 991 1801 1061 φῶς,

248 1107 336 1161 ἴνα
371 1104 657 1175 φανερωθῇ
710 1101 781 1154 τά
834 1099 971 1170 ἔργα
1015 1094 1214 1158 αὑτοῦ,
1272 1092 1354 1145 ὅτι
1402 1092 1459 1143 ὲν
1486 1085 1606 1157 Θεῷ
1654 1087 1803 1138 ἐστιν

246 1197 609 1271 εἰργασμένα.
644 1215 663 1247 ι

324 1310 342 1341 ι
390 1288 743 1357 Ἀποθέμενοι
776 1302 836 1337 το
858 1283 1075 1353 γευδος,
1120 1277 1326 1332 λαλεῖτε
1366 1275 1625 1346 ἀλήθειαν
1671 1271 1799 1323 Exa-

247 1400 370 1446 στος
412 1380 550 1452 μετά
597 1378 691 1432 τοῦ
743 1376 971 1447 πλησίον
1018 1369 1313 1435 αὐτοῦ,ὃτι
1364 1366 1528 1436 ἐσμὲν
1560 1363 1803 1432 ἀλλήλων

249 1474 409 1544 μέλη.
446 1491 465 1523 ι

323 1583 343 1617 t
379 1564 615 1628 Μείζονα
658 1561 861 1629 ταύτης
889 1560 990 1612 οὐκ
1030 1555 1139 1626 ἔχω
1174 1553 1375 1623 χαρὰν,
1398 1550 1485 1602 ἵνα
1527 1545 1710 1601 ἀκούω
1736 1543 1801 1597 τά

245 1658 358 1729 ἐμά
387 1658 550 1711 τέκνα
578 1658 635 1708 ἐν
668 1652 898 1722 ἀληθεία
924 1646 1354 1720 περιπατοῦντα.
1394 1664 1412 1695 ι

314 1830 390 1885 Te.
418 1831 708 1903 κράτιστον
732 1800 842 1881 τῶν
866 1825 1085 1896 ἀγαθῶν
1108 1825 1141 1893 ἡ
1168 1821 1417 1892 ἀλήθεια.

316 2023 660 2096 Δυσθήρατός
706 2026 854 2076 ἐστιν
883 2022 912 2074 ὁ
946 2024 1043 2091 τῆς
1090 2018 1349 2089 ἀληθείας
1396 2017 1577 2085 λόγος,
1611 2014 1803 2086 ῥᾳδίως

243 2115 541 2187 δυνάμενος
570 2117 833 2185 ἐκφυγεῖν
855 2114 981 2174 τοὺς
1010 2110 1086 2181 μὴ
1120 2109 1507 2181 προσέχοντας.

316 2288 569 2343 Τοιοῦτόν
593 2305 647 2343 τι
689 2289 722 2356 ή
749 2287 960 2355 ἀλογία,
991 2286 1087 2339 καὶ
1139 2285 1201 2338 τὸ
1253 2280 1391 2355 πρὸς
1418 2283 1517 2354 τὴν
1546 2281 1803 2352 ἀλήθειαν

244 2380 656 2449 ἀπομάχεσθαι,
688 2379 763 2441 ὼς
800 2379 934 2449 μηδὲ
988 2377 1423 2450 περιπίπτοντας
1451 2376 1649 2439 αὐτοὺς
1678 2374 1805 2427 ἐαυ-

242 2473 378 2537 τοίς,
411 2471 445 2541 ἦ
479 2476 637 2535 νοεῖν,
667 2470 701 2541 ἦ
732 2470 1104 2540 αἰσχύνεσθαι.
1742 2472 1745 2475 ’

317 2647 591 2718 Οωεμιᾶς
619 2648 790 2701 δεῖται
824 2647 1076 2719 βοηθείας
1120 2650 1154 2717 ἡ
1181 2649 1280 2717 τῆς
1330 2648 1587 2717 ἀληθείας
1629 2647 1800 2717 ἰσχὺς,

243 2740 383 2794 ἀλλά
421 2741 524 2793 κᾶν
552 2740 780 2811 μυρίους
825 2740 922 2812 ἔχῃ
971 2743 1098 2804 τοὺς
1152 2740 1476 2801 σϐεννύντας
1520 2737 1705 2808 αὐτὴν,
1740 2738 1803 2790 ού

246 2830 411 2900 μόνον
435 2832 534 2883 οὐκ
558 2831 897 2898 ἀφανίζεται,
923 2828 1060 2883 ἀλλά
1104 2829 1198 2881 καὶ
1217 2828 1286 2880 δι’
1322 2829 1502 2882 αὐτῶν
1529 2826 1636 2879 τῶν
1668 2827 1804 2897 επη-

246 2919 464 2989 ρεάζειν
511 2919 933 2989 ἐπιχειρούντων
976 2918 1308 2987 φαιδροτέρα
1340 2916 1535 2983 ἄνεισι,
1578 2914 1687 2969 τῶν
1713 2931 1805 2967 κο-

244 3009 493 3065 πτόντων
524 3010 752 3074 ἑαυτοὺς
778 3009 1157 3080 καταγελῶσα.

1519 416 1751 480 SACRA
1788 394 2250 471 PARALLELA.

320 580 341 614 ι
377 556 605 614 Πετεινά
645 552 780 623 πρὸς
811 548 880 601 τὰ
918 548 1079 617 ὃμοια
1117 538 1392 599 καταλύει,
1430 536 1525 587 καὶ
1572 528 1799 599 ἀλήθεια
1831 528 1874 581 Λ

3333 370 3471 442 1206

1976 515 2144 569 Ecrli.
2171 526 2344 573 xxvu,
2382 508 2543 562 iO.——
2567 520 2586 555 ι
2611 500 2865 556 Volatilia
2898 497 2963 550 ad
2996 493 3079 549 sui
3102 490 3301 547 similia
3334 504 3468 543 con-

1907 608 2129 662 veniunt
2160 622 2173 658 :
2205 610 2259 656 et
2306 602 2509 655 veritas
2556 596 2624 651 ad
2658 608 2755 650 eos
2794 592 2889 661 qui
2932 594 3230 659 cperantur
3294 580 3496 646 illam,

1905 704 2235 754 revertetur.
2276 712 2295 745 ι

1973 789 2134 844 Joau.
2163 802 2245 851 Ill,
2267 784 2361 840 20.
2394 813 2463 823 —
2490 801 2510 834 ι
2553 777 2746 835 Omnis
2794 773 2886 844 qui
2923 769 3065 824 male
3081 767 3213 838 agit,
3241 762 3358 821 odit
3383 763 3471 817 lu~

1902 897 2042 946 cem,
2077 887 2130 934 ct
2162 892 2270 933 non
2318 873 2470 930 venit
2529 872 2597 926 ad
2645 870 2845 929 lucem,
2891 869 2950 915 ut
3005 875 3116 914 non
3168 864 3472 927 arguantur

1902 987 2067 1042 opera
2133 970 2276 1039 ejus.
2330 966 2436 1033 Qui
2492 972 2673 1017 autem
2705 959 2837 1014 facit
2888 953 3193 1016 veritatem,
3224 950 3369 1007 venit
3405 949 3471 1007 uti

1903 1065 2100 1127 lucem,
2139 1071 2199 1117 ut
2247 1058 2673 1115 manilestcntur
2733 1068 2898 1123 Opera
2930 1050 3072 1119 ejus,
3114 1048 3241 1118 quia
3270 1049 3324 1100 in
3360 1045 3480 1099 Deo

1905 1164 2036 1211 sunt
2064 1154 2227 1208 facta.
2261 1174 2279 1206 ι

1972 1245 2161 1314 ΕρΙιεε.
2184 1262 2256 1308 ιν,
2282 1245 2455 1299 Ωδμ-
2488 1262 2507 1295 ι
2538 1242 2879 1311 Deponentcs
2905 1239 3269 1301 mendacium,
3296 1233 3473 1304 loqui-

1904 1335 2040 1390 mini
2098 1335 2384 1388 veritatem
2432 1333 2815 1402 unusquisque
2856 1344 2981 1384 cum
3040 1325 3292 1399 proximo
3346 1334 3470 1383 suo,

1904 1428 2161 1497 quoniam
2193 1439 2389 1480 sumus
2418 1423 2652 1476 invicem
2679 1419 2946 1474 membra.
2983 1435 3002 1469 ι

1974 1518 2068 1574 ΙΙΙ
2093 1518 2255 1574 Joan.
2290 1534 2344 1571 v.
2372 1516 2425 1569 4.
2444 1542 2513 1554 —-
2536 1531 2554 1564 ι
2587 1512 2844 1581 Majorem
2878 1510 2980 1564 hac
3008 1505 3248 1561 laetitiam
3274 1501 3472 1557 habeo.

1904 1632 2067 1687 quam
2121 1626 2180 1671 ut
2236 1614 2451 1667 audiam
2515 1609 2657 1664 ﬁlios
2719 1622 2868 1661 meos
2923 1606 2976 1659 in
3020 1603 3249 1657 veritate
3279 1598 3472 1651 amhu-

1905 1715 2039 1766 larc.
2085 1729 2102 1760 ι

1977 1803 2033 1857 8.
2071 1802 2235 1855 Basil.
2269 1794 2880 1852 —Pra:stantissimum
2931 1789 3173 1844 omnium
3201 1785 3474 1838 bonorum.

1838 1870 1875 1923 Β
1905 1903 1991 1950 est
2022 1894 2247 1947 veritas.

1980 1985 2169 2055 Ejusd.
2221 1983 2362 2037 hom.
2390 1982 2444 2034 in
2466 1998 2485 2032 ι
2515 1978 2735 2033 Attende
2768 1975 2860 2029 tibi
2891 1975 3014 2043 ipsi.
3034 1965 3472 2039 i—Captudiﬂi-

1902 2078 2023 2131 cilis
2049 2086 2133 2130 est
2162 2088 2345 2129 sermo
2379 2070 2649 2134 veritatis,
2681 2077 2741 2123 ut
2767 2067 2861 2138 qui
2898 2065 3057 2119 facile
3092 2078 3190 2117 eos
3234 2060 3477 2129 eﬂ‘ugcre

1905 2176 2093 2238 queat,
2127 2165 2220 2235 qui
2245 2164 2486 2218 animum
2519 2177 2629 2215 non
2665 2160 2803 2215 satis
2834 2157 3123 2212 attendunt

1977 2259 2037 2313 S.
2062 2257 2216 2328 Greg.
2239 2256 2511 2312 Nazianz.
2539 2285 2609 2296 —
2635 2252 2918 2323 Ejusmodi
2974 2249 3237 2321 quiddam
3272 2253 3357 2301 est
3382 2260 3472 2298 ve-

1904 2352 2113 2415 cordia,
2147 2350 2452 2418 initumque
2504 2347 2774 2402 adversus
2829 2343 3117 2398 veritatem
3153 2347 3469 2403 certamen;

1907 2452 1963 2494 ut
1986 2456 2113 2495 cum
2142 2439 2359 2509 ipsimet
2389 2452 2576 2492 secum
2613 2444 2883 2506 pugnent,
2919 2432 2973 2487 id
3007 2443 3188 2486 tamen
3221 2442 3325 2485 nec
3348 2444 3474 2482 sen-

1904 2538 2064 2594 tiunt,
2093 2544 2193 2583 nec
2245 2528 2596 2582 erubescant.

1974 2623 2320 2691 Clirysost.—
2341 2619 2595 2673 Veritatis
2615 2614 2783 2671 robur
2804 2616 3007 2670 nullam
3032 2628 3186 2684 opem
3210 2610 3466 2682 requirit:

1903 2714 1998 2769 sed
2030 2713 2280 2782 quamvis
2334 2710 2609 2765 innumeri
2665 2709 2799 2769 sint,
2832 2707 2923 2776 qui
2958 2722 3078 2761 eam
3122 2704 3473 2774 exstinguere

1905 2806 2221 2868 moliantur,
2255 2802 2392 2857 adeo
2416 2811 2595 2856 tamen
2654 2816 2762 2855 non
2806 2797 3197 2867 exstinguitur,
3226 2795 3477 2850 utetiam

1905 2913 2001 2966 per
2056 2896 2181 2951 illos
2213 2896 2303 2965 qui
2342 2897 2516 2963 ipsam
2560 2909 2757 2948 vexare
2790 2899 3091 2953 conantur,
3131 2887 3473 2959 splendidior

1903 2983 2175 3045 exsistat,
2225 2981 2482 3037 deridens
2542 2982 2669 3036 illos
2717 2980 2810 3051 qui
2877 2995 3000 3035 sese
3052 2978 3260 3035 frustra
3296 2976 3471 3033 confi-

1904 3075 2074 3129 ciunt.

311 3181 449 3234 Οὔτε
476 3182 538 3234 τὸ
566 3182 682 3251 φῶς
710 3183 861 3237 ἔσται
916 3185 1104 3246 σκότος
1137 3184 1292 3247 ποτὲ,
1324 3183 1427 3245 ἕως
1459 3182 1525 3235 ἂν
1642 3182 1758 3251 φῶς
1781 3199 1796 3213 ο
1828 3208 1871 3267 c
1925 3258 1956 3269 η

1828 3208 1871 3267 c
1980 3167 2039 3221 S.
2066 3166 2287 3221 Justiui.
2312 3196 2378 3208 —
2407 3165 2517 3222 Nec
2542 3167 2634 3220 lux
2657 3182 2899 3236 unquam
2933 3165 3112 3236 caligo
3141 3164 3269 3231 erit,
3298 3179 3468 3236 quau-

243 3273 369 3327 οὔτε
416 3277 450 3344 ἠ
480 3275 586 3326 τῶν
621 3278 750 3343 παρ’
781 3278 913 3344 ἡμῖν
962 3274 1304 3344 πραγμάτων
1346 3273 1573 3344 ἀλήθεια
1601 3274 1805 3341 διελεγ-

243 3365 527 3433 χθήσεται.
545 3364 794 3434 Ἀλήθεια
824 3367 932 3434 γάρ
953 3365 1198 3428 ἐστι,καὶ
1226 3362 1431 3432 ταύτης
1461 3363 1803 3433 ἰσχυρότερον

243 3453 423 3507 οὐδὲν.
706 3501 709 3503 .

314 3545 428 3607 Πᾶς
452 3547 480 3597 ὁ
503 3546 799 3615 δυνάμενος
830 3546 1008 3612 λέγειν
1050 3546 1144 3615 τὴν
1175 3546 1455 3617 ἀλήθειαν,
1482 3548 1576 3600 καὶ
1611 3547 1684 3617 μὴ
1716 3547 1803 3599 λέο

241 3655 379 3706 γων,
413 3638 731 3709 κριθήσεται
761 3640 865 3692 ὑπὸ
895 3638 987 3691 τοῦ
1018 3639 1173 3693 Θεοῦ.

320 3815 533 3869 Βέλτιον
564 3813 729 3893 λίθον
741 3814 927 3884 βαλεῖν
955 3814 1099 3882 εικῆ,
1131 3814 1162 3881 ἦ
1195 3814 1369 3881 λόγον.
1420 3815 1579 3868 Λάλει
1627 3815 1662 3868 ἆ
1696 3817 1796 3877 δεῖ,

240 3905 337 3957 καὶ
368 3905 455 3957 ὅτε
490 3905 589 3969 δεῖ,
627 3905 719 3958 καὶ
758 3906 857 3957 οὐκ
905 3903 1157 3966 ἀκούσεις
1182 3903 1217 3957 ἀ
1271 3904 1344 3974 μὴ
1368 3903 1466 3958 δεῖ.
1502 3906 1665 3975 Σιγᾷν
1698 3907 1797 3977 τὴν

239 3995 502 4065 ἀλήθειαν
528 3998 726 4068 χρυσόν
756 3998 870 4049 ἐστι
898 3995 1147 4049 θάπτειν.

237 4277 425 4330 ΤΙΤΛ.
451 4279 535 4330 K'.
568 4306 640 4319 —-
667 4276 801 4343 Περὶ
829 4274 1171 4345 ἀρχομένων
1193 4290 1209 4306 ·
1255 4273 1341 4345 ὅτι
1387 4275 1796 4345 ἐξομοιοῦν-ται

315 4348 436 4413 τοῖς
473 4346 589 4399 τῶν
619 4343 994 4415 κρατούντων
1029 4345 1221 4413 ἤθεσι,
1266 4343 1379 4398 κάν
1410 4343 1792 4415 τεήχρηστοὶ,

314 4417 429 4469 κάν
459 4436 518 4470 τε
538 4416 827 4486 μοχθηροὶ
864 4416 1192 4485 ὑπάρχωσι.

320 4550 338 4581 ι
372 4525 501 4581 Eine
535 4527 736 4581 Γεδεὼν
759 4529 894 4599 πρὸς
922 4528 1014 4581 τὸν
1034 4527 1178 4580 λαόν·
1208 4526 1403 4590 Καθὼς
1429 4526 1586 4588 ποιῶ,
1619 4525 1789 4592 οὕτως
1821 4545 1866 4599 υ

234 4622 522 4691 ποιήσατε.
558 4619 774 4671 Σαλπιῶ
824 4621 880 4671 ἐν
910 4621 974 4689 τῇ
1030 4617 1318 4688 κερατίνη,
1369 4618 1466 4671 καὶ
1515 4616 1792 4671 σαλπιεῖτε

234 4713 426 4781 κύκλῳ
454 4712 549 4781 τῆς
576 4709 948 4781 παρεμϐολῆς.
991 4730 1009 4761 ι

319 4888 336 4919 ι
374 4868 602 4921 Ἔλαϐεν
642 4867 925 4937 Ἀὖιμὲλεχ
953 4867 1050 4938 τὴν
1078 4869 1286 4939 ἀξίνην,
1319 4871 1414 4923 καὶ
1444 4869 1635 4939 ἔκοψεν
1662 4871 1792 4925 κλά-

231 4964 364 5021 δους
397 4961 588 5026 ξύλων,
619 4961 711 5013 καὶ
762 4960 955 5030 ἔθηκεν
1000 4961 1092 5011 ἐπὶ
1142 4961 1247 5013 τῶν
1274 4960 1438 5030 ὤμων
1471 4962 1653 5026 αὐτοῦ,
1701 4966 1794 5015 καὶ

233 5047 361 5104 εἷπε
397 5051 472 5119 τῷ
500 5049 611 5119 λαῴ
638 5049 715 5119 τῷ
752 5049 868 5119 μετ’
899 5049 1083 5102 αὑτοῦ·
1108 5052 1170 5103 Ὃ
1203 5050 1379 5103 οἴδατε
1416 5052 1672 5105 ποιοῦντά
1703 5072 1790 5122 με,

235 5145 527 5211 ποιήσατε.
559 5162 575 5191 ι

320 5254 339 5286 ι
379 5237 531 5287 Κατά
562 5235 653 5287 τὸν
684 5233 877 5305 κριτὴν
920 5233 1013 5286 τοῦ
1045 5233 1194 5298 λαοῦ,
1240 5234 1409 5299 οὕτως
1457 5237 1550 5289 καὶ
1577 5239 1625 5290 οἱ
1681 5238 1789 5291 λει-

232 5328 459 5395 τουργοὶ
510 5325 708 5378 αὐτοῦ’
750 5328 846 5378 καὶ
888 5326 1027 5379 κατά
1067 5326 1158 5379 τὸν
1213 5326 1513 5396 ἡγούμενον
1553 5330 1651 5399 τῆς
1698 5332 1793 5383 πό-

233 5419 401 5479 λεως,
433 5418 630 5481 πάντες
661 5418 709 5471 οἱ
733 5417 1111 5480 κατοικοῦντες
1141 5420 1198 5471 ὲν
1221 5419 1378 5489 αὐτῇ.
1411 5439 1430 5471 ι

316 5510 455 5580 Πρὸς
484 5510 544 5561 τὸ
573 5508 681 5562 τῶν
706 5509 1047 5577 κρατούντων
1076 5506 1209 5580 ἦθος
1254 5512 1582 5566 πλάττεσθαι
1619 5516 1790 5585 πέφυο

235 5620 339 5655 κεν
389 5602 464 5666 ὡς
489 5604 554 5655 τά
600 5602 773 5655 πολλὰ
808 5602 867 5655 τὸ
907 5602 1226 5672 ἀρχόμενον.
1257 5604 1419 5658 Ὥστε
1462 5608 1632 5660 ὁποῖοί
1663 5628 1791 5662 ποτε

236 5695 311 5747 ἂν
340 5705 388 5745 οι
416 5695 637 5761 ἄγοντες
665 5688 788 5761 ὦσι,
807 5693 1048 5751 τοῖοὖτον
1077 5700 1287 5770 ἀνάγκη
1323 5701 1497 5756 καὶτὸ
1525 5703 1792 5772 ἀγόμενον

237 5778 404 5836 εἶναι.

1905 3258 1996 3310 diu
2032 3259 2118 3311 lux
2155 3258 2317 3311 fuerit
2350 3274 2493 3313 :ncc
2544 3274 2730 3311 rerum
2762 3266 3080 3313 nostrarum
3111 3257 3313 3313 veritas
3346 3256 3475 3313 falsi

1907 3367 2143 3419 unquam
2160 3353 2537 3406 convincetur.
2559 3349 2776 3407 Veritas
2807 3351 3007 3421 quippe
3040 3358 3146 3412 est,
3186 3365 3294 3421 qua
3324 3348 3461 3421 nihil

1903 3458 2023 3497 esse
2045 3443 2239 3497 fortius
2272 3442 2465 3512 possit.
3330 3442 3337 3451 ”

1977 3534 2264 3602 Ejusdem,
2325 3534 2469 3589 Dial.
2510 3552 2630 3588 cum
2683 3535 2879 3606 Trypli.
2922 3545 3066 3605 part.
3116 3553 3175 3591 ιι.
3212 3536 3470 3603 —Quis-

1902 3628 2023 3694 quis
2045 3643 2169 3678 cum
2204 3626 2485 3681 veritatem
2511 3627 2695 3682 dicere
2755 3635 2940 3698 queat,
2972 3642 3092 3682 eam
3140 3629 3400 3694 suhticet,
3434 3647 3471 3685 α

1904 3717 2011 3769 De"
2051 3718 2526 3773 condemnabitur.

1973 3807 2162 3877 Evagr.
2194 3840 2261 3849 —
2306 3807 2531 3862 Priestat
2587 3808 2818 3878 lapidem
2873 3810 3149 3865 incassum
3218 3813 3459 3874 mittere,

1898 3914 2060 3968 quam
2118 3915 2451 3954 sermonem.
2486 3900 2732 3971 Loquere
2772 3918 2893 3971 qua:
2916 3913 3160 3972 oportet;
3222 3913 3276 3959 et
3333 3920 3460 3958 cum

1898 3997 2113 4060 oportet
2148 4005 2253 4045 :ac
2298 4006 2404 4045 non
2460 3992 2651 4047 audies
2707 4009 2827 4062 qua:
2878 4010 2984 4047 non
3031 4004 3268 4063 oportet.
3302 3992 3459 4049 Veri-

1898 4087 2062 4133 tatem
2118 4079 2299 4143 silere,
2357 4079 2497 4134 idem
2538 4082 2807 4151 estquod
2867 4100 3059 4137 aurum
3108 4085 3275 4138 humo
3326 4100 3459 4139 con-

1896 4171 2045 4227 dere.

1897 4283 2028 4339 TIT.
2065 4282 2184 4339 XX.
2215 4315 2284 4325 ——
2315 4284 2390 4339 De
2442 4284 2664 4337 subditis
2697 4285 2874 4353 :quod
2908 4284 3105 4339 subditi
3160 4287 3467 4356 principum

2001 4370 2167 4408 mores
2207 4356 2506 4415 imitantur,
2536 4356 2644 4408 sive
2678 4356 2715 4406 ii
2747 4357 2887 4418 boni,
2922 4356 3029 4409 sive
3059 4358 3189 4409 mali
3217 4359 3346 4414 sint.

1959 4504 2143 4561 Jndic.
2178 4523 2269 4568 vn,
2313 4507 2398 4559 18.
2437 4535 2507 4546 -
2546 4525 2562 4556 ι
2608 4503 2747 4559 Dixit
2776 4505 2991 4559 Gedcon
3023 4506 3090 4559 ad
3138 4507 3397 4576 populum
3431 4525 3465 4562 τ’

1895 4596 2047 4664 Quod
2097 4614 2183 4651 me
2231 4597 2477 4652 videritis
2529 4598 2729 4661 facere,
2777 4598 2959 4652 facite.
3001 4597 3229 4663 Quando
3258 4615 3450 4669 perso-

1894 4688 2070 4742 nuerit
2111 4689 2239 4743 tuba
2265 4688 2318 4741 in
2361 4703 2528 4742 manu
2566 4704 2705 4752 mea,
2743 4704 2838 4742 vos
2873 4704 3091 4758 quoque
3117 4705 3210 4759 per
3243 4691 3450 4746 circui-

1893 4787 2004 4832 tqu
2040 4788 2347 4833 castrorum
2374 4778 2607 4847 clangite
2631 4785 2685 4832 et
2714 4789 3021 4847 personate.
3068 4799 3086 4830 ι

1963 4870 2142 4924 Judic.
2164 4885 2235 4932 Ix,
2250 4868 2335 4922 48.
2356 4898 2422 4907 ——
2444 4885 2461 4918 ι
2492 4868 2825 4931 Abimelech,
2846 4879 3056 4937 arrepta
3075 4874 3280 4935 securi,
3306 4886 3445 4941 pra:-

1890 4962 2027 5013 cidit
2082 4976 2261 5013 ramos
2322 4959 2560 5022 arboris,
2602 4970 2655 5015 et
2719 4960 2976 5028 imposuit
3021 4961 3262 5017 humeris
3307 4965 3443 5031 suis,

1891 5051 2135 5121 dixitque
2162 5052 2358 5120 populo
2384 5051 2477 5119 qui
2508 5066 2632 5105 cum
2668 5050 2786 5120 ipso
2807 5059 2925 5105 erat
2955 5049 3144 5116 :Quod
3179 5069 3262 5108 me
3292 5054 3445 5109 vide-

1892 5146 1963 5199 tis
1990 5142 2190 5203 facere,
2222 5143 2404 5197 facite.
2445 5162 2463 5192 ι

1953 5235 2121 5289 Eccli.
2148 5251 2201 5297 x,
2228 5236 2281 5287 2.
2308 5265 2372 5275 —
2412 5252 2430 5285 ι
2469 5233 2777 5289 Secundum
2826 5233 3063 5301 judicem
3115 5234 3317 5302 populi,
3364 5236 3443 5290 sic

1890 5338 1943 5385 et
1969 5330 2201 5383 ministri
2230 5330 2349 5396 ejus
2382 5348 2394 5383 :
2421 5339 2474 5381 et
2496 5328 2674 5398 qualis
2697 5336 2778 5381 est
2809 5335 2988 5380 rector
3020 5325 3279 5389 civitatis,
3312 5328 3444 5382 tales

1891 5435 1945 5480 et
1981 5424 2342 5479 inhabitantes
2373 5423 2426 5477 in
2463 5438 2546 5476 ea.
2588 5440 2606 5472 ι

1961 5514 2021 5572 S.
2059 5514 2227 5567 Basit.
2250 5515 2305 5566 in
2332 5512 2443 5567 lsa.
2472 5543 2538 5551 —
2560 5511 2638 5563 Ad
2668 5508 2974 5581 principum
3012 5523 3191 5563 mores
3218 5524 3338 5564 sese
3385 5517 3444 5563 ut

1893 5608 2179 5678 pluriuunn
2207 5605 2455 5675 cﬂingere
2470 5603 2632 5672 358
2662 5606 2838 5658 solent
2869 5601 2903 5653 ii
2949 5601 3040 5669 qui
3076 5600 3177 5653 sub
3198 5598 3444 5667 ipsorum

1894 5700 2121 5768 imperio
2151 5707 2295 5752 sunt.
2328 5698 2403 5750 Ac
2430 5696 2655 5765 proinde
2676 5695 2863 5763 quales
2900 5693 3063 5746 duces
3112 5691 3419 5744 exstiterint

1896 5790 2037 5843 tales
2068 5804 2160 5844 eos
2212 5788 2301 5859 qui
2349 5789 2414 5841 ah
2467 5788 2574 5840 illis
2602 5786 2993 5856 gubernantur,
3049 5798 3171 5836 csse
3220 5795 3445 5835 necesse

1896 5891 1995 5937 est.
2302 5890 2305 5891 ⁷
