4218 6446
231 408 364 471 Ῐὲθθ

1461 401 1697 459 SACRA
1737 399 2197 461 l’ARAI.LELA.

3319 393 3453 457 1210

296 522 436 583 Τοὺς
472 517 577 571 ὑπὸ
625 514 888 587 βασιλέως
936 512 1442 583 χειροτονουμὲνους
1480 513 1784 581 ἄρχοντας,
1815 517 1863 568 Δ
1959 529 1962 554 ι

1815 517 1863 568 Δ
1959 509 2233 580 Chrysost.
2269 508 2784 578 —Pra:fectos,qui
2822 508 2893 561 ab
2916 509 3450 575 imperatorecream-

226 615 332 669 κᾶν
357 612 583 683 πονηροὶ
608 604 763 675 ὦσιν,
794 609 983 679 ἓτερον
1011 606 1303 659 δεδοικέναι
1331 605 1459 675 χρὴ,
1488 606 1549 657 οὐ
1569 603 1657 656 διὰ
1687 602 1786 673 τὴν
1889 616 1892 652 ι

1889 612 1997 662 tur,
2031 603 2245 656 tametsi
2280 601 2447 671 359
2501 601 2733 669 improbi
2792 610 2942 663 sunt,
3005 610 3245 652 tuetuere
3272 605 3452 651 tamen

226 705 489 773 πονηρίαν
514 700 980 771 καταφρονοῦντες
1009 697 1209 758 αὐτῶν,
1236 696 1370 749 ἀλλά
1400 696 1488 749 διὰ
1510 696 1607 766 τὴν
1632 694 1786 759 ἀξίαν
1886 714 1892 744 ι

1783 713 1786 733 ν
1886 694 2170 756 debemus,
2204 709 2303 747 nec
2333 709 2429 747 eos
2460 694 2743 761 aspernari
2775 702 2994 762 propter
3030 690 3449 759 improbitatem,

225 798 321 849 τοῦ
350 794 826 866 χειροτονήσαντος
862 790 1290 859 δυσωπούμενοι.

296 975 500 1035 Πάντες
530 975 576 1024 οί
602 970 864 1040 ἄρχεσθαι
899 968 1085 1032 κακῶς
1125 967 1523 1037 μεμαθηκότες,
1562 968 1655 1018 καὶ
1682 965 1784 1036 ἄρ-

223 1085 341 1137 χειν
358 1067 617 1132 εἴσονται,
649 1062 1009 1133 παρελθόντες
1038 1062 1117 1123 είς
1150 1061 1401 1126 ἐξουσίαν
1424 1060 1613 1113 αὑτοῦ.

305 1247 364 1297 '0
397 1244 583 1314 μαθὼν
608 1242 889 1312 ἄρχεσθαι.
940 1239 1035 1292 καὶ
1064 1238 1253 1307 ἄρχειν
1300 1234 1461 1297 εὐθὺς
1495 1232 1777 1302 μανθάνει.

221 1341 355 1394 Οὐδὲ
386 1340 495 1409 γὰρ
543 1341 591 1391 εἰ
639 1338 820 1406 πάσης
870 1334 978 1405 γῆς
1031 1334 1129 1387 καὶ
1170 1332 1440 1400 θαλάττης
1488 1329 1550 1381 τὸ
1581 1327 1780 1398 κράτος

217 1432 477 1501 ἀνάψοιτό
511 1448 619 1496 τις,
666 1428 849 1501 ἄρχων
893 1428 959 1480 ἂν
984 1427 1067 1498 εἴη
1109 1425 1247 1496 πρὸς
1286 1422 1564 1494 ἀλήθειαν,
1596 1423 1644 1473 εί
1704 1419 1780 1490 μὴ

220 1525 380 1594 μάθοι
412 1522 509 1575 καὶ
536 1520 956 1593 προπαιδευθείη
985 1519 1047 1572 τὺ
1074 1517 1356 1589 ἄρχεσθαι.

288 1616 362 1669 Τὸ
392 1613 788 1668 ὑποτάττεσθαι
822 1615 939 1675 τοῖς
984 1612 1312 1683 κρείττοσιν,
1359 1608 1778 1679 ὠφελιμώτατον

214 1706 488 1775 ἀνθρώπῳ
506 1721 519 1735 ·
548 1705 781 1776 χαλεποῦ
810 1705 961 1768 ὄντος
983 1705 1045 1758 τὸ
1085 1704 1283 1757 ειδέναι
1328 1702 1613 1772 ἄρχεσθαι,
1662 1717 1776 1752 κιν-

213 1798 427 1851 δυνεύει
456 1797 633 1869 πολλῷ
658 1796 1033 1867 χαλεπώτερον
1059 1797 1121 1849 τὸ
1161 1794 1349 1866 ἄρχειν
1380 1790 1700 1863 ἀνθρώπων.

215 1994 399 2050 ΤῙΤΔ.
422 1995 761 2063 KB’.—Hspl
786 1994 1094 2079 ἀναρχίας,
1115 1991 1245 2061 ἦτοι
1260 1992 1411 2045 λαοῦ
1425 1990 1510 2060 μὴ
1530 1990 1776 2059 ἔχοντος

860 2080 1130 2131 πυομενα.

292 2198 312 2232 ι
349 2180 599 2249 Ποιήσεις
645 2179 772 2240 τοὺς
823 2177 1143 2249 ἀνθρώπους
1179 2179 1255 2240 ὼς
1299 2178 1425 2239 τοὺς
1462 2175 1650 2246 ἰχθύας
1675 2192 1777 2245 της

216 2272 512 2339 θαλάσσης,
538 2272 633 2324 καὶ
653 2270 727 2333 ὡς
744 2272 811 2324 τά
829 2271 1034 2340 ἑρπετά
1058 2271 1159 2323 οὐκ
1181 2270 1372 2339 ἔχοντα
1404 2251 1722 2339 ἡγούμενον.
1749 2286 1768 2319 ι

291 2385 311 2416 ι
383 2363 586 2417 Ἐλθὼν
631 2367 659 2417 ὁ
729 2363 959 2435 Ἰησοῦς.
1026 2359 1163 2415 εἶδεν
1216 2361 1373 2431 ὄχλον
1432 2362 1620 2426 πολὺν,
1677 2362 1774 2414 καὶ

216 2458 621 2529 ἐσπλαγχνίσθη
660 2459 747 2510 ἐπ’
800 2458 1021 2521 αὐτοῖς,
1083 2456 1164 2509 ὄτι
1218 2450 1359 2527 ἦσαν
1406 2454 1481 2517 ὠς
1527 2452 1777 2524 πρόϐατα

217 2550 504 2620 ἁποίμενα.
545 2570 563 2601 ι

288 2644 359 2695 Τό
375 2660 429 2693 τε
458 2643 709 2711 ἄναρχον,
736 2642 965 2695 ἄτακτον
989 2658 1003 2671 ·
1022 2640 1081 2692 τὸ
1104 2639 1433 2710 πολύαρχον,
1457 2639 1775 2701 στασιῶδες,

220 2734 313 2785 καὶ
337 2733 504 2795 οὕτως
532 2734 785 2803 ἄναρχον,
816 2733 909 2785 καὶ
932 2731 1104 2793 οὕτως
1150 2733 1406 2784 ἄτακτον.
1442 2731 1535 2793 Εἰς
1582 2730 1778 2782 ταύτὸν

216 2824 327 2893 γάρ
352 2824 635 2894 ἀμφότερα
666 2823 842 2891 φέρει,
894 2823 993 2891 τὴν
1024 2819 1274 2884 ἀταξίαν,
1323 2822 1404 2884 είς
1441 2820 1499 2873 δὲ
1532 2820 1770 2874 ἔκλυσιν.

226 2914 450 2977 Ἀταξία
479 2913 585 2985 γὰρ
618 2914 814 2983 μελέτη
845 2912 1073 2975 λύσεως.

1896 789 1990 839 sed
2024 795 2244 855 propter
2281 787 2403 855 ejus
2435 801 2464 838 a
2489 793 2601 843 Quo
2635 785 2918 839 constituti
2948 791 3098 845 sunt,
3134 782 3450 851 dignitatem

1887 879 2151 931 revereri.

1952 970 2190 1038 Iosephi.
2220 1000 2290 1009 —
2317 981 2514 1023 Jmnes
2544 969 2639 1038 qui
2671 969 2905 1023 subesse
2940 976 2992 1021 et
3023 980 3217 1036 parere
3245 963 3449 1017 didice-

1884 1072 2031 1128 runt,
2060 1072 2209 1116 recte
2241 1076 2461 1130 quoque
2490 1063 2669 1117 scient
2694 1062 2985 1129 imperare,
3027 1059 3119 1113 ubi
3151 1056 3451 1110 auctorita--

1884 1165 1992 1209 tem
2021 1156 2380 1210 obtinuerint.

1956 1247 2164 1302 Philan.
2184 1278 2252 1289 -
2266 1248 2369 1314 Qui
2384 1246 2609 1303 subesse
2625 1244 2835 1308 didicit,
2852 1244 2972 1297 aliis
2986 1256 3199 1311 quoque
3219 1252 3450 1308 praaesse

1880 1340 2281 1409 quamprimum
2329 1341 2487 1395 sciet.
2530 1337 2717 1407 Neque
2749 1338 2896 1392 enim
2929 1335 2974 1388 si
3014 1334 3140 1403 quis
3183 1334 3449 1386 uniVersm

1882 1439 2040 1485 terra:
2056 1439 2111 1485 et
2139 1433 2305 1486 maris
2342 1430 2631 1500 imperium
2655 1427 2985 1498 susceperit,
3014 1439 3142 1478 vere
3164 1430 3449 1492 propterea

1880 1522 2133 1591 princeps
2162 1522 2345 1583 fuerit,
2384 1521 2490 1574 nisi
2518 1522 2671 1590 prius
2697 1520 2859 1572 etiam
2891 1531 3083 1586 parere
3107 1512 3383 1569 didicerit.

1950 1614 2010 1668 S.
2042 1613 2261 1684 (ἕτερον.
2328 1612 2600 1665 Nazianz.
2647 1642 2717 1653 -——
2762 1609 3075 1663 I‘otioribus
3137 1607 3449 1675 subjectum

1876 1721 1997 1761 esse
2020 1722 2106 1760 res
2131 1708 2383 1777 perutilis
2405 1714 2510 1758 est.
2536 1707 2669 1759 Cum
2700 1702 2907 1757 homini
2934 1715 3097 1772 grave
3120 1700 3209 1760 sit,
3234 1699 3279 1752 si
3312 1696 3451 1751 sciat

1877 1813 1937 1851 se
1971 1798 2076 1851 sub
2116 1806 2387 1867 potestate
2416 1813 2561 1859 esse,
2615 1806 2729 1849 tum
2777 1796 2936 1865 longe
2965 1791 3140 1862 magis
3172 1781 3450 1859 periclita-

1873 1902 1983 1951 tur,
2008 1890 2052 1944 si
2088 1892 2401 1945 hominibus
2433 1891 2683 1959 imperet.

1877 2001 2011 2057 TI'I‘.
2039 2002 2202 2058 XXII.
2228 2034 2295 2043 -—
2333 2003 2403 2056 De
2433 2002 2685 2055 auare/tia
2711 2042 2727 2065 ,
2766 1999 2871 2053 sive
2919 1999 2981 2052 de
3014 1996 3205 2065 populo
3236 1996 3325 2064 qui
3353 2009 3450 2063 pa-

2477 2084 2617 2127 stare
2644 2082 2841 2125 careat.

1952 2187 2155 2242 Ilabac.
2188 2203 2230 2253 ι,
2266 2187 2352 2241 Η.
2387 2219 2453 2229 —-
2485 2206 2503 2238 ι
2543 2186 2731 2241 Facies
2793 2186 3043 2240 homines
3079 2184 3237 2252 quasi
3266 2183 3448 2251 pisces

1877 2280 2066 2340 maris,
2092 2287 2147 2333 et
2166 2281 2323 2348 quasi
2356 2279 2567 2347 reptilia
2601 2294 2707 2331 non
2740 2277 2994 2329 habentia
3025 2276 3242 2329 ducem.
3279 2293 3294 2324 ι

1948 2368 2144 2423 Matth.
2181 2388 2257 2432 Ix,
2309 2371 2496 2425 36.—
2528 2390 2546 2423 ι
2582 2372 2719 2424 Cum
2779 2368 3019 2424 venisset
3069 2366 3254 2427 Iesus,
3312 2365 3450 2419 vidit

1876 2462 2088 2514 turbam
2143 2477 2435 2531 magnam,
2465 2468 2520 2513 et
2580 2462 2840 2514 misertus
2878 2466 2960 2513 est
2991 2457 3093 2519 eis,
3125 2455 3249 2524 quia
3289 2460 3450 2508 erant

1875 2553 2019 2606 sicut
2046 2568 2173 2606 oves
2206 2568 2312 2606 non
2346 2554 2607 2606 habentes
2640 2562 2927 2619 pastorem.
2970 2569 2987 2599 ι

1945 2641 2004 2696 S.
2039 2642 2252 2711 (ἕτερον.
2290 2642 2559 2696 Nazianz.
2582 2653 2721 2695 erat.
2743 2643 2831 2695 55.
2864 2672 2921 2680 -
2956 2640 3110 2705 Quod
3145 2640 3263 2693 sine
3294 2639 3448 2707 prin-

1876 2735 1997 2803 cipe
2027 2744 2133 2797 est,
2159 2735 2352 2788 ordine
2376 2748 2526 2790 caret
2551 2754 2563 2789 :
2597 2736 2742 2804 quod
2770 2743 2952 2789 autem
2995 2734 3197 2787 multos
3239 2732 3449 2801 princi-

1881 2840 1977 2894 pes
2005 2825 2167 2878 habet
2195 2865 2209 2886 ,
2243 2824 2493 2878 dissidiis
2525 2824 2823 2878 obnoxium
2872 2832 2975 2886 est,
3035 2824 3279 2891 adeoque
3322 2838 3446 2875 cum

1885 2919 2265 2988 principatus,
2334 2926 2447 2970 tum
2500 2917 2712 2973 ordinis
2766 2932 2985 2988 expers.
3039 2916 3239 2970 Eodem
3302 2916 3449 2968 enim

215 3018 509 3072 utrumque
560 3003 771 3065 tendit,
831 3003 896 3055 ad
946 3001 1413 3070 perturbationem
1461 3004 1761 3072 nimirum,
1816 3007 2062 3076 quinimo
2090 3008 2157 3062 ad
2188 3006 2625 3062 dissolutionem.
2661 3006 2794 3059 Nam
2858 3006 3202 3077 perturbatio
3269 3007 3449 3061 disso‘

215 3098 439 3150 lutionis
459 3095 848 3149 commentatio
868 3105 973 3148 est.

295 3193 358 3243 'll
387 3191 483 3259 μὲν
509 3191 701 3253 ἀταξία
719 3190 983 3259 ἀναρχίας
1004 3190 1120 3243 ἐστὶ
1143 3188 1431 3261 γνώρισμα
1452 3208 1468 3224 ο
1492 3193 1527 3264 ἡ
1554 3193 1610 3245 δὲ
1630 3193 1780 3261 τάξις
1808 3204 1849 3261 c
1954 3235 1961 3245 4

1778 3204 1849 3261 rc
1954 3190 2216 3245 Athanas.
2267 3218 2338 3229 —-—
2391 3187 2616 3244 Ordinis
2670 3187 3014 3258 perturbatio
3066 3197 3444 3256 argumentum

213 3286 305 3337 τὸν
335 3282 728 3355 ἡγεμονεύοντα
754 3280 1043 3335 δείκνυσιν.

285 3458 455 3511 Ἔνθα
483 3459 555 3529 μή
583 3458 729 3511 ἐστιν
781 3457 984 3527 ἄρχων,
1008 3458 1125 3510 ἐκεῖ
1152 3459 1368 3522 πάντως
1402 3462 1597 3527 ἀταξία
1622 3465 1768 3533 γίνε-

210 3566 323 3604 ται.
364 3552 621 3618 Ἀναρχία
661 3549 859 3616 μᾶλλον
888 3549 983 3601 καὶ
1006 3549 1213 3613 στάσις,
1237 3550 1295 3613 ἐξ
1325 3551 1594 3620 ἰσοτιμίας
1626 3555 1776 3607 ἀντι-

211 3641 627 3712 παρεξαγομένη
659 3640 978 3711 πολυαρχία.

282 3811 353 3868 Ὦ
382 3817 521 3868 πόσα
548 3817 643 3869 καὶ
676 3818 841 3886 ἡλίκα
862 3817 1008 3870 κακά
1044 3818 1105 3883 ἐξ
1133 3818 1395 3889 ἀναρχίας
1425 3818 1648 3887 φύεταιί
1676 3820 1773 3874 Λί-

212 3908 338 3980 μὺς,
369 3908 617 3979 πόλεμος,
645 3909 871 3980 δηὼσεις
899 3912 1129 3981 χωρίων,
1151 3914 1407 3982 στέρησις
1438 3915 1759 3984 χρημάτων,

208 3998 530 4065 ἀπαγωγαὶ,
564 3999 614 4049 οἱ
652 4000 782 4070 περὶ
805 3999 1044 4065 δουλείας
1073 4002 1167 4054 καὶ
1194 4001 1424 4055 θανάτου
1451 4004 1628 4071 ῳόὄοι.

322 4222 504 4276 ΤΙΤΛ.
545 4219 758 4276 ΚΓ.-
779 4221 917 4291 Περὶ
950 4224 1220 4290 ἁκηδίας,
1257 4226 1351 4281 καὶ
1385 4228 1658 4298 ἀθυμίας.

294 4352 312 4383 ι
348 4334 461 4384 Ἶνα
491 4332 543 4383 τί
574 4332 870 4401 περίλυπος
900 4328 1023 4405 εἷ,ή
1048 4334 1192 4407 ψυχή
1220 4355 1350 4407 μου;
1374 4339 1457 4392 ἵνα
1486 4340 1538 4392 τί
1571 4358 1765 4395 συντα-

213 4441 436 4493 ρατσεις
466 4441 572 4493 με;
610 4443 629 4475 ι

1878 3288 1982 3345 est,
2017 3278 2292 3332 neminem
2318 3293 2443 3333 esse
2482 3278 2577 3348 qui
2612 3283 2784 3347 regat.
2812 3275 2959 3331 Ordo
2988 3284 3169 3329 autem
3194 3275 3446 3330 modera-

1876 3377 2047 3423 torem
2076 3369 2299 3427 indicat.

1948 3461 2165 3530 Dionys.
2194 3491 2263 3499 ——
2300 3459 2403 3513 Ubi
2432 3476 2539 3513 non
2572 3468 2657 3513 cst
2679 3458 2958 3529 princeps,
3000 3457 3077 3511 ibi
3104 3456 3264 3526 plane
3296 3456 3445 3510 ordi-

1874 3557 1963 3613 nis
1994 3554 2334 3626 perturbatio
2364 3563 2467 3607 est.
2519 3552 2815 3606 Multorum
2851 3551 3113 3619 regimen,
3140 3550 3229 3601 ubi
3255 3563 3443 3602 omnes

1874 3648 2079 3702 honore
2119 3655 2249 3700 sunt
2276 3646 2537 3716 aequales,
2568 3642 2855 3714 potesuatis
2888 3640 3127 3696 sublatio
3164 3647 3216 3692 et
3242 3641 3445 3693 solutio

1874 3741 2059 3809 potius
2088 3745 2192 3791 est.

1951 3831 2163 3883 Philan.
2188 3856 2253 3869 -ο
2289 3826 2333 3883 Ο
2356 3837 2488 3897 quot
2519 3841 2793 3897 quamque
2843 3823 3025 3895 gravia
3061 3823 3200 3875 mala
3235 3820 3442 3875 exstin-

1869 3932 1962 3976 cto
2009 3922 2315 3992 principatu
2372 3921 2706 3973 nascuntur!
2750 3917 2963 3981 Fames,
3001 3916 3224 3977 bellant,
3263 3915 3440 3983 regio-

1869 4032 1998 4069 num
2041 4014 2446 4084 populationes,
2479 4027 2647 4082 opum
2686 4010 3033 4079 ereptiones,
3061 4005 3441 4070 abductiones,

1868 4106 2149 4160 servitutis
2178 4115 2231 4157 et
2263 4103 2455 4157 mortis
2486 4110 2683 4156 metus.

1939 4239 2071 4294 TI'I‘.
2108 4237 2297 4294 XXIII.
2334 4267 2396 4279 -—
2423 4237 2495 4290 De
2524 4236 2731 4297 acedia,
2762 4242 2812 4287 et
2838 4233 3129 4302 defectione
3162 4231 3348 4285 animi.

1936 4351 2085 4405 Psal.
2113 4367 2218 4417 xu,
2253 4350 2305 4404 (i.
2332 4381 2403 4391 —-
2436 4370 2454 4401 ι
2487 4352 2667 4416 Quare
2692 4346 2862 4402 tristis
2886 4361 2968 4411 es,
3002 4344 3183 4397 anima
3210 4358 3349 4411 mea,
3380 4350 3436 4397 et

1866 4459 2036 4513 quare
2058 4444 2355 4498 conturbas
2378 4442 2497 4496 me?
2529 4460 2548 4493 ι

297 4530 314 4561 ι
486 4512 561 4583 τῷ
587 4514 879 4584 ἀκηδιᾶσαι
911 4516 1009 4589 τὴν
1053 4518 1280 4589 καρδίαν
1316 4537 1419 4591 μου
1464 4523 1521 4573 ὲν
1566 4523 1762 4594 πέτρα,
1794 4559 1842 4617 D
1886 4512 1893 4513 ί
1939 4536 1963 4587 1

1794 4559 1842 4617 D
1886 4512 1893 4513 ⁷
1939 4535 2086 4588 Psal.
2114 4550 2203 4599 ιτ,
2240 4537 2295 4589 '5.
2319 4563 2387 4575 -—
2415 4551 2434 4585 ι
2466 4532 2601 4588 Cum
2630 4530 2944 4587 anxiaretur
2974 4537 3028 4585 et
3056 4528 3313 4585 deﬁceret
3337 4542 3430 4583 cor

212 4605 439 4671 ὖψωσὰς
468 4622 554 4673 με.
593 4624 612 4655 ι

300 4715 318 4747 ι
353 4696 731 4768 Ἢδολέσχησα,
751 4700 845 4751 καὶ
868 4700 1241 4772 ὠλιγοψύχησε
1264 4702 1326 4754 τὸ
1346 4701 1558 4771 πνεῦμά
1588 4719 1709 4771 μου.
1742 4719 1761 4752 ι

298 4907 318 4940 ι
369 4888 687 4954 Ἐνύσταξεν
719 4893 753 4960 ἡ
786 4890 929 4962 ψυχή
961 4909 1061 4961 μου
1112 4892 1217 4944 ἀπὸ
1258 4892 1504 4962 ἀκηδίας,
1542 4891 1767 4961 βεϐαίων

213 4982 311 5035 σόν
344 5000 408 5051 με
436 4985 489 5035 ἐν
536 4986 644 5044 τοῖς
670 4984 847 5050 λόγοις
884 5000 995 5037 σου.
1038 4985 1267 5054 Ἀθυμία
1305 4985 1534 5054 κατέσχε
1569 5002 1636 5055 με
1661 4986 1769 5038 ἀπὸ

209 5072 556 5143 ἁμαρτωλῶν
576 5074 680 5124 τῶν
702 5075 1279 5143 ὲγκαταλιμπανόντων
1303 5077 1392 5128 τὸν
1411 5076 1571 5143 νόμον
1594 5094 1709 5129 σου.
1745 5096 1763 5127 ι

296 5182 313 5212 ι
364 5163 656 5232 ’ἰσχύσατε,
689 5168 867 5233 χεῖρες
889 5166 1188 5235 ἁνειμὲναι,
1213 5168 1304 5219 καὶ
1337 5168 1533 5236 γόνατα
1586 5185 1762 5237 παρα-

210 5251 506 5316 λελυμένα.
567 5254 881 5322 Ἰσχύσατε,
930 5256 1005 5326 μὴ
1053 5256 1325 5325 φοϐεῖσθε.
1399 5258 1529 5310 Ἰδοὺ
1575 5260 1603 5311 ὁ
1639 5258 1771 5321 Θεὸς

210 5344 248 5411 ἡ
258 5342 391 5408 μῶν.
432 5362 448 5392 ι

294 5448 314 5481 ι
356 5432 481 5485 Ἰδοὺ
507 5434 536 5483 ὁ
569 5435 770 5505 Κύριος
796 5436 952 5506 ήμῶν
978 5438 1116 5506 μετᾶ
1152 5439 1333 5508 ίσχύος
1364 5440 1600 5513 ἔρχεται.
1640 5460 1658 5492 ι

291 5627 313 5655 ς
361 5607 488 5659 Ἰδοὺ
518 5610 545 5660 ὁ
574 5610 765 5676 μισθὸς
820 5614 936 5682 μετ’
976 5616 1162 5681 αὑτοῦ,
1200 5618 1294 5671 καὶ
1324 5619 1386 5671 τὸ
1413 5618 1573 5690 ἔργον
1602 5621 1766 5675 αὑτοῦ

208 5695 445 5749 ἐνώπιον
468 5700 649 5753 αὑτοῦ.
688 5718 707 5753 ι

292 5803 313 5838 ι
354 5788 522 5861 Κύριε
570 5795 962 5867 παντοκράτορ,
1001 5800 1029 5851 ὁ
1066 5800 1196 5863 Θεὸς
1230 5801 1463 5874 Ἰσραὴλ,
1518 5804 1661 5876 ψυχὴ
1709 5808 1766 5859 ἐν

1870 4644 2050 4681 meum
2088 4628 2141 4681 in
2170 4637 2344 4696 petra,
2376 4625 2630 4680 exaltasti
2658 4640 2762 4678 me.
2797 4643 2817 4675 ι

1936 4718 2081 4772 Psal.
2106 4734 2285 4783 um,
2318 4718 2373 4771 9.
2422 4746 2492 4757 --
2532 4735 2551 4768 ι
2582 4715 2928 4770 Exercitatus
2956 4729 3102 4777 sum,
3149 4721 3205 4767 et
3229 4712 3427 4768 defecit

1864 4811 2091 4879 spiritus
2119 4824 2291 4863 meus.
2329 4826 2347 4858 ι

1936 4898 2387 4962 Psal.cxvm,28,
2412 4897 2575 4950 55.—
2596 4915 2614 4947 ι
2640 4894 3148 4949 Dormitavttanima
3173 4907 3288 4947 mea
3313 4908 3422 4962 pne

1865 4989 2023 5043 tazdio
2056 5009 2068 5044 :
2101 4991 2363 5043 conﬁrma
2405 5005 2489 5041 me
2512 4990 2566 5043 in
2596 4988 2781 5042 verbis
2815 4988 2950 5040 tuis.
2976 4985 3213 5039 Deiectio
3245 4987 3420 5040 tenuit

1868 5097 1951 5135 me
1977 5098 2069 5150 pro
2092 5081 2469 5151 peccatoribus
2490 5081 2994 5146 derelinquentibus
3021 5079 3189 5146 legem
3210 5085 3376 5131 tuam.
3392 5098 3413 5126 ι

1938 5168 2051 5223 Isa.
2080 5185 2241 5231 xxxv,
2270 5169 2321 5223 5.
2340 5199 2410 5209 -
2438 5188 2455 5218 ι
2476 5167 2883 5231 Confortamini,
2909 5182 3101 5221 manus
3116 5166 3411 5227 dissoluta),

1866 5266 1921 5311 et
1947 5274 2118 5329 genua
2172 5257 2393 5312 debilia.
2424 5258 2843 5325 Coufortamini,
2890 5266 2942 5311 et
2977 5256 3148 5329 nolite
3198 5258 3407 5310 timere.

1866 5346 2004 5404 Ecce
2034 5350 2173 5402 Deus
2198 5357 2402 5403 noster.
2444 5367 2461 5399 ι

1935 5441 2048 5495 lsa.
2081 5457 2170 5503 XL,
2205 5441 2288 5495 IO.
2316 5472 2380 5481 —-
2413 5460 2431 5491 ι
2461 5439 2599 5495 Ecce
2627 5441 2890 5494 Dominus
2929 5447 3119 5494 noster
3146 5454 3267 5495 cum
3300 5440 3409 5493 vir-

1864 5536 1980 5582 tute
2004 5530 2202 5584 veniet.
2240 5550 2260 5583 ρ
2650 5510 2651 5517 γ

1937 5619 2047 5673 lsa.
2079 5636 2212 5684 un,
2246 5622 2328 5673 tl.
2364 5652 2429 5660 —
2458 5639 2475 5671 ι
2517 5620 2652 5675 Ecce
2689 5635 2896 5676 merces
2929 5634 3051 5675 cum
3075 5634 3161 5683 co,
3191 5626 3245 5674 et
3269 5636 3407 5689 opus

1866 5710 1984 5780 ejus
2010 5727 2192 5764 coram
2216 5712 2327 5766 illo.
2369 5731 2387 5763 ι

1938 5799 2146 5857 Baruch
2172 5818 2252 5869 ut,
2304 5803 2354 5869 l,
2377 5803 2431 5860 2.
2463 5833 2529 5845 -
2555 5821 2573 5856 ι
2613 5803 3226 5873 Domineomnipotens,
3258 5799 3398 5857 Deus
