4218 6446
854 388 986 452 19.19

845 586 1484 655 adlia-resctriitjustitias,
1522 601 1633 639 non
1659 582 2088 638 confundentur.
2132 600 2151 632 ι

919 683 1072 736 Prov.
1112 697 1218 742 xiv,
1246 680 1301 733 2.
1338 708 1409 719 —
1447 697 1465 730 ι
1505 677 1608 743 Qui
1650 674 1898 730 ambulat
1924 682 2096 738 recte,
2122 672 2278 726 timet
2301 668 2407 724 Do-

917 870 1074 920 Prov.
1144 881 1242 928 xu,
1271 864 1359 918 15.
1383 891 1451 902 -—
1484 880 1502 912 ι
1551 860 1657 926 Qui
1687 858 1917 930 respicit
1973 857 2156 928 plane,
2190 853 2406 910 miseri-

844 961 1086 1015 cordiam
1106 966 1492 1028 consequetur.
1521 973 1539 1006 ι

915 1051 1072 1106 Prov.
1094 1068 1168 1112 xi,
1190 1050 1282 1112 20,
1311 1048 1404 1102 25.
1426 1079 1490 1089 —
1525 1065 1543 1098 ι
1578 1045 1797 1115 Αεεεριί
1817 1051 1942 1099 sunt
1972 1042 2198 1098 Domino
2220 1057 2411 1097 omnes

847 1145 1186 1198 immaculati
1223 1144 1278 1197 in
1307 1141 1393 1197 via
1418 1157 1542 1197 sua.
1571 1139 1864 1194 Benedicta
1897 1146 1983 1192 est
2011 1136 2198 1191 omnis
2227 1137 2410 1190 anima

847 1238 1102 1305 simplex.
1140 1255 1159 1287 ι

916 1329 1073 1382 Prov.
1128 1343 1238 1392 ιιν,
1296 1325 1385 1379 15.
1411 1355 1477 1366 -
1505 1341 1523 1374 ι
1561 1321 1831 1379 lnnocens
1868 1322 2054 1377 credit
2103 1319 2256 1376 omni
2284 1335 2410 1375 ver-

847 1422 937 1474 b0.
976 1441 994 1470 ι

917 1509 1077 1566 Prov.
1145 1527 1207 1576 ιι,
1255 1511 1343 1564 2|.
1402 1538 1469 1548 —
1514 1527 1532 1559 ι
1575 1506 1803 1578 Benigni
1867 1515 2029 1562 erunt
2075 1506 2414 1560 habitatores

846 1617 1009 1658 terra!
1039 1623 1054 1667 ;
1090 1604 1412 1657 innocentes
1443 1617 1572 1656 vero
1629 1601 2030 1672 permanebunt
2067 1599 2119 1652 in
2144 1614 2244 1665 ea;
2280 1599 2412 1667 quia

847 1699 983 1751 recti
1018 1695 1422 1749 liabitabunt'in
1453 1710 1537 1747 ea.
1582 1712 1601 1744 ι
2169 1751 2183 1759 .

923 1786 1090 1838 Basil.
1119 1788 1172 1837 in
1207 1785 1355 1850 princ
1408 1783 1564 1837 Prov.
1599 1811 1670 1821 —
1708 1781 1919 1851 Duplici
1951 1781 2114 1835 modo
2141 1781 2404 1836 innocen-

2003 381 2064 438 ὃ.
2101 377 2419 439 JOANNIS
2461 377 2880 435 DAMASCENI

918 496 1076 552 Prov.
1134 511 1245 558 xui,
1279 497 1332 558 6.
1363 520 1430 532 —
1473 509 1490 542 t
1522 491 1744 556 Quanto
1783 499 2028 558 tempore
2077 487 2406 541 innocentes
2438 492 2480 541 Δ

3947 379 4068 442 1220

2584 502 2600 533 ι
2632 483 2795 534 Ὅσον
2829 483 3020 550 χρόνον
3058 483 3269 551 ἔχονται
3320 485 3515 536 ἄκακοι
3555 484 3653 554 τῆς
3706 484 4066 554 δικαιοσυ-ιης,

2512 578 2611 626 οὐκ
2651 575 3125 642 αἰσχυνθήσονται.
3160 594 3178 626 v

2583 684 2601 714 ι
2625 665 2682 716 ὐ
2709 664 3069 734 πορευόμενος
3109 665 3302 736 ὀρθῶς,
3331 666 3573 732 φοὸεἰται
3604 669 3694 719 τὴν
3721 667 3947 737 Κύριον.
3983 685 4003 717 ι

2585 870 2604 903 ι
2626 853 2686 906 Ὀ
2707 853 2916 924 βλέπων
2944 854 3085 915 λεῖα,
3118 855 3494 926 ὲλεηῦήσεται.
3524 877 3545 910 ι

2586 1053 2605 1084 t
2646 1034 2976 1102 Προεδεκτοὶ
3010 1036 3198 1105 Κυρίῳ
3214 1040 3412 1100 πάντες
3435 1039 3658 1108 ἄμωμοι
3673 1039 3850 1109 ὲνὸδῷ
3873 1041 4065 1095 αὐτῶν.

2511 1129 2671 1197 Ψυχὴ
2698 1128 3058 1201 εὐλογημένη.
3089 1133 3237 1183 πᾶσα
3270 1134 3438 1203 ἁπλῆ.
3493 1154 3512 1186 ›

2590 1326 2607 1356 ι
2646 1307 2886 1366 Ἀκακος
2911 1305 3159 1358 πιστεύει
3186 1308 3348 1360 παντὶ
3373 1307 3533 1379 λόγῳ.
3563 1329 3582 1361 v

2590 1505 2608 1539 ι
2650 1487 2889 1557 Χρηστοὶ
2910 1485 3121 1538 ἔσονται
3151 1486 3433 1556 οἰκήτορες
3461 1485 3594 1554 γῆς·
3616 1485 3814 1539 ἄκακοι
3846 1488 3901 1538 δὲ
3937 1489 4065 1539 ὐπο-

2513 1579 2894 1648 λειφθήσονται
2925 1579 2983 1631 ὲν
3027 1577 3189 1648 αὐτῇ,
3232 1579 3314 1631 ὅτι
3353 1578 3531 1641 εὖθεῖς
3564 1579 4068 1647 κατασκηνὼσουσιν

2511 1671 2571 1723 ὲν
2601 1670 2737 1739 αὐτῇ
2748 1710 2760 1721 .
2802 1690 2821 1722 ι

2585 1779 2791 1842 Διττῶς
2811 1778 3040 1848 νοοῦμεν
3073 1779 3174 1848 τὴν
3201 1780 3456 1833 ἀκακίαν.
3480 1782 3548 1832 ’11
3579 1783 3685 1850 γάρ
3715 1797 3812 1848 την
3845 1781 3951 1832 ἀπὸ
3980 1781 4069 1846 τῆς

847 1877 975 1930 tiam
1010 1875 1387 1944 intelligimus.
1434 1873 1540 1926 Aut
1567 1871 1714 1926 enim
1731 1871 1959 1926 rationis
1991 1887 2090 1940 ope
2124 1886 2152 1923 a
2189 1881 2416 1941 peccato

2480 1862 2489 1912 ἶ
2516 1873 2791 1944 ἁμαρτίας
2827 1871 3178 1941 ἀλλοτρίωσιν
3199 1861 3452 1941 ’λογισμῷ
3484 1873 3953 1942 κατορθουμένην,
3986 1875 4071 1924 καὶ

849 1983 947 2019 nos
975 1965 1290 2027 avertendo,
1317 1973 1370 2015 ει
1393 1979 1487 2033 ρει·
1526 1963 1738 2030 longam
1791 1961 1960 2014 animi
2013 1961 2409 2022 attentionem,

848 2068 904 2111 et
951 2058 1217 2109 virtutum
1257 2054 1525 2119 studium,
1584 2052 1751 2106 veluti
1793 2053 1977 2106 radice
2023 2054 2263 2121 quadam
2297 2051 2413 2104 vitii

845 2151 1071 2216 excisa;
1112 2159 1204 2202 aut
1225 2149 1345 2216 ejus
1373 2150 1425 2202 in
1482 2156 1652 2201 totum
1694 2156 1946 2215 expertes
1969 2144 2120 2208 facti,
2149 2145 2414 2199 innocen-

847 2255 928 2298 tes
971 2241 1328 2310 appellamur.
1380 2240 1457 2291 Ac
1529 2254 1757 2292 rursum
1788 2239 2101 2292 innocentia
2153 2245 2256 2299 est,
2322 2237 2414 2290 ubi

850 2335 1093 2388 nondmn
1125 2333 1356 2386 collecta
1391 2332 1519 2384 mali
1557 2330 1902 2399 experientia
1935 2339 2062 2393 cst;
2103 2344 2228 2382 cum
2259 2328 2413 2382 vide-

847 2428 976 2481 licet
1023 2425 1300 2491 nonnulli,
1354 2427 1676 2494 plerumque
1705 2423 1776 2476 ob
1819 2422 2118 2490 juvenilem
2176 2430 2413 2487 atatem,

846 2518 931 2570 vel
964 2517 1184 2586 aliquod
1228 2518 1350 2568 vita:
1394 2515 1727 2576 institutum,
1761 2513 2021 2566 vitiorum
2051 2511 2414 2581 quorumdam

847 2609 1071 2662 minime
1100 2607 1400 2677 periculum
1419 2604 1687 2660 fecerunt.
1714 2601 1779 2659 ν.
1805 2620 1913 2672 gr.,
1942 2619 2075 2674 puer
2101 2603 2412 2672 superbiam

789 2737 793 2742 ι
849 2701 1048 2764 nescit,
1077 2699 1188 2754 doli
1221 2707 1274 2754 et
1304 2697 1514 2753 fraudis
1565 2706 1650 2752 est
1693 2698 1938 2766 ignarus.
2003 2694 2143 2760 Sunt
2199 2709 2413 2757 rursus,

845 2795 940 2864 qui
965 2809 1090 2846 cum
1116 2792 1232 2845 ruri
1257 2789 1476 2861 degant,
1509 2797 1833 2843 mercatura:
1856 2789 2127 2842 versutias
2152 2794 2206 2838 et
2230 2785 2417 2839 foren-

850 2902 942 2938 ses
975 2881 1412 2937 conllictationes
1458 2882 1739 2949 ignorant.
1773 2877 1935 2932 Tales
1969 2893 2134 2948 porro
2171 2877 2416 2932 dicimus

851 2979 1178 3032 innocentes
1217 2991 1230 3028 :
1263 2990 1372 3028 non
1425 2973 1569 3044 quod
1625 2973 1952 3026 inductione
2017 2970 2185 3023 animi
2214 2983 2243 3022 a
2284 2969 2416 3023 vitio

850 3069 1200 3132 remotisint,
1225 3067 1320 3122 sed
1343 3068 1470 3137 quia
1521 3064 1763 3120 nondum
1807 3064 1941 3133 ipsis
1978 3062 2210 3116 vitio‘sas
2246 3060 2416 3114 animi

849 3161 1210 3230 cogitationes
1267 3157 1501 3228 contigit
1549 3155 1815 3226 experiri.
1865 3154 2027 3208 Certa
2059 3168 2224 3221 porro
2252 3152 2414 3207 inno-

851 3252 1029 3307 centis
1068 3249 1306 3304 hominis
1361 3256 1488 3302 nota
1517 3247 1570 3300 in
1608 3262 1822 3300 morum
1853 3244 2207 3314 simplicitate
2236 3243 2415 3313 posita

853 3356 960 3398 εει.

923 3431 1288 3500 Ejusdcm,iu
1355 3427 1614 3481 Ilcraem.
1648 3457 1714 3466 ——
1777 3424 2076 3479 Veritatem
2144 3423 2417 3478 sinceram

850 3525 1267 3597 pcrsequimini.
1335 3522 1773 3588 smiplicitatcm,
1854 3518 2162 3586 justitiam.
2225 3515 2418 3570 Justus

853 3620 972 3672 sine
1036 3617 1164 3670 fuco
1210 3625 1320 3678 est,
1355 3622 1410 3668 et
1453 3615 1619 3665 veluti
1646 3610 2136 3676 Jacob.-Quocirca
2169 3609 2420 3664 habitare

853 3711 988 3766 facit
1023 3711 1187 3762 unius
1217 3708 1385 3762 moris
1417 3706 1472 3758 in
1505 3705 1691 3758 domo.

925 3799 1114 3872 Ejusd.
1168 3813 1232 3851 ex
1283 3813 1403 3850 can.
1435 3794 1622 3848 Const.
1681 3821 1755 3832 —
1813 3789 2128 3861 Simplicem
2185 3800 2347 3862 atque
2388 3806 2418 3846 a

853 3894 978 3948 dolo
1007 3893 1244 3946 alienum
1288 3904 1490 3946 mores,
1521 3899 1718 3938 arcana
1759 3884 1952 3937 anima:
1973 3882 2130 3937 facile
2160 3885 2418 3953 produnt.
2457 3905 2459 3910 ·

926 3980 1066 4040 Naz.
1122 3988 1262 4033 orat.
1301 3978 1324 4029 l
1370 3975 1524 4030 Cout.
1566 3973 1777 4026 Julian.
1805 3998 1880 4010 —
1907 3970 2107 4024 Parum
2143 3981 2303 4026 cauta
2336 3982 2418 4027 cst

855 4074 1175 4144 siirplicitas
1200 4111 1216 4135 ,
1247 4067 1630 4135 interdumque
1655 4064 1963 4133 benignitas
1997 4064 2268 4117 imbecilla
2297 4073 2414 4117 est:

854 4183 917 4221 ac
959 4166 1151 4218 vitium
1204 4161 1424 4215 minime
1490 4157 1828 4227 suspicatur,
1872 4158 1964 4225 qui
1998 4156 2136 4211 liber
2165 4165 2300 4211 esta
2339 4158 2419 4210 vi-

857 4260 953 4312 tio.
1223 4253 1230 4260 ’

927 4349 1082 4404 Orat.
1107 4347 1160 4400 in
1179 4344 1239 4401 S.
1265 4345 1536 4396 Athan.—
1555 4341 1656 4406 Qui
1685 4341 1750 4394 ad
1767 4341 1956 4393 vitium
1983 4355 2286 4408 propensus
2310 4354 2418 4392 non

855 4453 965 4502 est.
999 4457 1095 4495 nec
1117 4441 1181 4492 ad
1208 4436 1604 4506 suspicandum
1624 4441 1710 4487 est
1745 4433 2028 4502 proclivis.

924 4529 1086 4602 364
1116 4527 1281 4597 Cyril.
1321 4541 1383 4579 ea:
1411 4525 1503 4578 lib.
1529 4539 1596 4576 xv
1628 4523 1774 4576 Serv.
1805 4523 1858 4574 in
1894 4522 2067 4588 spirit.
2105 4551 2170 4560 ——
2200 4522 2420 4590 Simpli-
2452 4548 2494 4602 υ

855 4622 998 4674 citas
1051 4631 1267 4673 summo
1301 4613 1445 4684 apud
1488 4613 1658 4668 Deum
1701 4612 1753 4664 in
1783 4613 1961 4682 pretio
1985 4620 2092 4664 est.
2127 4612 2417 4666 (lalliditas

856 4715 1022 4775 enim,
1053 4711 1153 4764 etsi
1185 4708 1382 4762 divina:
1429 4705 1530 4773 legi
1565 4705 1950 4757 consentaneis
1979 4707 2268 4755 conatibus
2301 4722 2422 4772 pro-

859 4799 1037 4855 banda
1063 4807 1167 4860 est,
1211 4810 1493 4864 nunquam
1525 4803 1706 4846 tamen
1757 4793 1822 4846 ad
1849 4796 2176 4848 suavitatem
2202 4797 2416 4849 virtutis

859 4890 1215 4944 contrilmcre
1249 4885 1524 4940 censenda
1559 4884 1746 4938 fuerit.

860 5022 995 5078 ΤΙΤ.
1026 5019 1212 5076 XXVI.
1242 5048 1308 5064 —
1334 5019 1406 5072 De
1424 5028 1752 5087 paupertate,
1782 5029 1832 5073 et
1851 5019 2181 5088 sufﬁcientia,
2209 5032 2260 5075 et
2301 5024 2421 5076 vita:

1259 5097 1264 5103 ’
1449 5088 1775 5157 frugalitate.

929 5204 1080 5261 Psal.
1118 5219 1306 5266 xxxvi,
1340 5202 1429 5255 l6.
1457 5232 1522 5242 —
1558 5221 1577 5254 ‹
1609 5201 1802 5257 Melius
1833 5213 1918 5258 cst
1939 5204 2216 5259 modicum
2243 5207 2417 5274 justo,

859 5313 1022 5367 super
1043 5297 1260 5350 divitias
1281 5303 1626 5365 peccatorum
1645 5298 1866 5349 multas.
1906 5313 1926 5347 ι

929 5391 1086 5445 Prov.
1125 5404 1213 5449 xv,
1251 5391 1337 5449 l6,
1368 5389 1454 5444 17.
1489 5418 1560 5429 —-
1591 5409 1608 5438 ι
1638 5389 1829 5444 Melius
1853 5400 1937 5443 est
1957 5391 2130 5457 excipi
2159 5405 2282 5443 cum
2307 5391 2419 5444 ole-

864 5484 1014 5535 ribus
1036 5481 1102 5534 ad
1127 5481 1417 5534 amicitiam
1439 5491 1494 5533 et
1514 5483 1940 5550 gratiam,quam
1968 5483 2132 5534 multa
2155 5482 2424 5550 genimina

861 5575 1018 5628 vituli
1054 5590 1179 5629 cum
1237 5573 1388 5629 odio.
1419 5572 1612 5627 Melius
1642 5583 1728 5628 est
1757 5589 1947 5643 parum
1991 5574 2243 5644 accipere
2298 5590 2420 5628 cum

859 5667 1095 5736 iustitia,
1122 5680 1287 5735 quam
1312 5665 1481 5718 multa
1511 5677 1660 5734 parta
1687 5666 2173 5734 cuminiquitate.»

936 5755 1087 5810 Prov.
1122 5770 1252 5820 xvu,
1285 5756 1410 5810 1.-
1440 5772 1459 5806 t
1491 5753 1678 5810 Melior
1707 5764 1791 5810 est
1822 5756 2058 5810 buccella
2079 5771 2201 5809 cum
2222 5759 2420 5826 gaudio

2511 1965 2601 2019 διά
2625 1967 2845 2035 μακρᾶς
2878 1964 3173 2035 προσοχῆς,
3192 1965 3285 2016 καὶ
3317 1965 3546 2034 μελέτης
3570 1964 3678 2016 τῶν
3712 1966 3951 2030 ἀγαθῶν.
4003 1966 4072 2016 ol-

2513 2062 2622 2110 ονεὶ
2649 2055 2806 2127 ῥίζαν
2844 2057 2943 2122 τῆς
2968 2057 3166 2119 κακίας
3194 2057 3576 2126 ὲκτὲμνοντες·
3634 2058 3666 2125 ἢ
3718 2060 3862 2108 κατά
3895 2057 4074 2124 στέρτιο

2515 2166 2601 2201 σιν
2623 2148 2794 2216 αὐτῆς
2822 2149 3059 2218 παντελῆ
3091 2149 3188 2220 τὴν
3224 2150 3317 2201 τοῦ
3353 2151 3560 2203 ἀκάκου
3597 2154 3975 2221 προσηγορίαν
3997 2155 4071 2204 δε-

2513 2241 2740 2311 χόμεθα.
2770 2241 2878 2294 Καὶ
2905 2241 3064 2294 πάλιν
3089 2242 3295 2294 ἀκακία
3319 2243 3465 2295 ἐστὶν
3494 2246 3526 2312 ἡ
3564 2245 3727 2313 μήπω
3765 2245 3861 2296 τοῦ
3907 2245 4073 2297 κακοῦ

2514 2329 2792 2399 ἐμπειρία,
2825 2329 2911 2380 διὰ
2942 2328 3170 2399 νεότητα
3195 2331 3476 2394 πολλάκις,
3507 2333 3538 2401 ἢ
3571 2332 3686 2400 βίου
3720 2335 3866 2396 τινὸς
3889 2336 4074 2401 ὲπιτήο

2480 2447 2487 2458 ν
2513 2423 2714 2483 δευσιν.
2742 2421 2982 2491 ἀπείρως
3000 2421 3159 2474 τινῶν
3190 2422 3325 2491 πρός
3353 2440 3504 2484 τινας
3560 2426 3758 2487 κακίας
3808 2425 4076 2494 διακειμέ-

2515 2507 2782 2573 νων,οἷον
2813 2513 2841 2563 ό
2877 2516 3002 2574 παῖς
3025 2513 3125 2564 οὐκ
3179 2510 3320 2565 οἶδεν
3370 2515 3767 2584 ὑπερηφανίαν,
3817 2519 3922 2568 οὐκ
3980 2513 4075 2569 aias

2511 2603 2692 2666 δόλον,
2749 2603 3187 2673 ἢρᾳδιουργίαν.
3239 2605 3404 2658 Πάλιν
3465 2608 3569 2658 εἰσί
3636 2623 3780 2668 τινες
3832 2607 3945 2657 τῶν
3993 2610 4077 2675 τὴν

2511 2694 2795 2764 ἀγροικίαν
2815 2696 3122 2760 οἰκούντων,
3147 2698 3242 2749 οὐκ
3270 2697 3466 2758 εἰδότες
3491 2701 3586 2760 τὰς
3616 2700 3926 2768 ἐμπορικὰς
3958 2717 4077 2750 κακο

2514 2785 2906 2855 ουργίας,οὺδὲ
2934 2786 3031 2848 τὰς
3082 2787 3140 2838 ὲν
3186 2785 3517 2859 δικαστηρίῳ
3563 2790 3863 2852 διαπλοκάς
3890 2804 3904 2818 ⁶
3964 2793 4075 2849 τοὺς

2518 2873 2793 2938 τοιούτους
2864 2876 3105 2939 ἀκάκους
3163 2877 3413 2946 λέγομεν,
3469 2881 3567 2947 οὐχ
3599 2881 3673 2942 ὡς
3712 2883 3776 2932 ἐκ
3825 2882 4069 2950 προαιρέο

2517 2982 2654 3028 σεως
2682 2967 2878 3030 κακίας
2906 2967 3367 3038 κεχωρισμένους,
3392 2970 3506 3022 ἀλλ’
3526 2970 3600 3032 ὡς
3643 2971 3814 3040 μήπω
3860 2973 3941 3033 είς
3966 2972 4074 3022 πεῖ-

2519 3076 2616 3126 ραν
2639 3059 2736 3124 τῆς
2763 3061 3004 3130 πονηρᾶς
3056 3059 3223 3124 ἕξεως
3268 3063 3624 3131 ἀφιγμένους.
3675 3063 4075 3133 Χαρακτηρίζει

2516 3142 2608 3199 οὖν
2629 3148 2719 3200 τὸν
2755 3148 3017 3221 ἄκακονή
3052 3151 3294 3221 ἁπλότης
3326 3151 3419 3204 τοῦ
3470 3151 3656 3221 ἠθους.

2586 3425 2823 3480 Διὼκετε
2856 3426 3112 3500 ἀλήθειαν
3149 3427 3441 3497 εἰλικρινῆ,
3470 3427 3772 3497 ἁπλότητα,
3816 3431 4076 3484 δικαιότύο

2517 3537 2635 3588 νην.
2672 3519 2981 3582 Ἀπλαστος
3014 3522 3043 3572 ὀ
3090 3520 3318 3583 δίκαιος,
3345 3521 3525 3582 ὁποῖος
3566 3520 3762 3574 Ἰακώϐ
3789 3541 3801 3553 ·
3828 3523 3916 3576 δια
3935 3525 4076 3576 τοῦτο

2518 3613 2817 3677 κατοικίζει
2851 3613 3216 3684 μονοτρόπους
3241 3617 3298 3666 ἐν
3330 3615 3484 3684 οἴκῳ.

2590 3788 2696 3842 Τὸν
2753 3788 2956 3842 ἁπλοῦν
3017 3789 3110 3842 καὶ
3145 3789 3331 3843 ἄδολον
3363 3790 3599 3852 εὐκόλως
3653 3790 3970 3860 ἐξαγορεύει
4016 3792 4074 3841 τὰ

2517 3881 2802 3952 ἀπόρρητα
2827 3882 2923 3950 τῆς
2949 3881 3142 3951 φυχῆς.

2574 3973 2935 4042 ,Ὰφύλακτον
2977 3976 3009 4044 ἠ
3066 3975 3324 4039 ἁπλότης,
3367 3976 3460 4026 καὶ
3513 3976 3648 4042 μετά
3671 3975 3766 4027 τοῦ
3797 3975 3998 4045 σαθροῦ
4025 3977 4077 4025 τό

2519 4066 2917 4136 φιλάνθρωπον,
2985 4068 3089 4119 καὶο
3132 4068 3330 4136 ἥκιστα
3357 4067 3556 4120 κακίαν
3591 4068 3862 4138 ὑφορᾶται
3895 4069 3954 4118 τὸ
3987 4086 4076 4119 κα·

2518 4158 2642 4221 κίας
2667 4159 2972 4230 ἐλεύθερον.

2589 4333 2662 4384 Τὸ
2692 4334 2771 4396 είς
2799 4333 3000 4387 κακίαν
3027 4333 3124 4402 οὐχ
3169 4334 3387 4404 ἕτοιμον
3414 4334 3535 4387 οὐδὲ
3570 4335 3651 4393 είς
3705 4334 3962 4386 ὑπόνοιαν
3992 4338 4074 4386 εὖ.

2517 4423 2702 4491 χερές.

2600 4514 2663 4565 ἸΙ
2689 4512 2924 4582 ἁπλότης
2945 4513 3098 4582 τιμία
3125 4515 3274 4583 παρά
3301 4513 3440 4582 θεῷ.
3466 4514 3540 4566 Τὸ
3591 4515 3698 4584 γάρ
3757 4518 4074 4585 πανουργὶν,

2524 4607 2570 4658 εἰ
2603 4606 2696 4659 καὶ
2719 4605 2903 4658 δεκτὸν
2937 4607 3118 4668 ἐντοῖς
3144 4606 3282 4658 κατά
3312 4605 3445 4658 Θεὸν
3494 4609 3922 4677 σπουδάσμασιν,
3973 4608 4061 4660 ἀλλ

2523 4696 2770 4766 οὐδαμῶς
2792 4698 2870 4760 είς
2899 4697 3097 4767 ἀρετῆς
3116 4696 3341 4750 εὐωδίαν
3373 4699 3790 4767 καταλογισθείη
3822 4700 3976 4752 ποτέ.

2526 5029 2876 5095 ΤιτΑΑςςν.
2948 5055 3013 5067 -—-
3063 5027 3196 5092 Περὶ
3232 5029 3672 5095 (inmunia-nc,
3729 5028 3827 5079 καί
3879 5032 4081 5096 aurap-

2962 5099 3144 5161 κειίις,
3177 5099 3268 5147 καὶ
3300 5099 3389 5149 (.1:
3401 5097 3644 5163 τις-(θείας.

2601 5228 2618 5259 ι
2657 5211 2922 5279 Κρείσσον
2954 5209 3132 5274 ὀλίγον
3161 5209 3236 5277 τῷ
3263 5209 3474 5276 δικαίῳ,
3525 5210 3663 5277 ὑπὲρ
3701 5211 3937 5264 πλοῦτον
3986 5214 4082 5264 τῶν

2524 5303 2560 5354 ἀ
2567 5320 2638 5370 μα
2645 5301 2860 5370 ρτωλῶν
2893 5299 3076 5352 πολύν.
3101 5319 3118 5350 ι

2601 5414 2619 5442 ε
2663 5394 2943 5463 Κρείσσων
2970 5391 3222 5461 ξενισμὺς
3257 5394 3394 5461 μετά
3418 5392 3661 5461 λαχάνων
3715 5395 3855 5464 πρὸς
3911 5398 4084 5463 φιλίαν

2525 5487 2620 5538 καὶ
2647 5486 2826 5553 χάριν,
2849 5485 2882 5554 ἢ
2920 5484 3217 5551 παράθεσις
3243 5485 3457 5553 μόχθων
3491 5486 3628 5554 μετὰ
3655 5486 3875 5555 ἔχθρας.
3899 5490 4085 5557 lipsi:-

2528 5592 2634 5628 σων
2654 5575 2848 5641 ὀλίγων
2878 5574 3038 5641 λῆψις
3063 5576 3201 5642 μετὰ
3230 5575 3596 5646 δικαιοσύνης,
3629 5578 3662 5645 ἢ
3696 5578 3871 5632 πολλά
3900 5581 4084 5646 γεννή-

2527 5683 2670 5724 ιιατα
2709 5668 2846 5733 μετά
2873 5665 3101 5726 ἀδικίας.
3129 5684 3146 5716 ι

2602 5777 2619 5808 t
2650 5759 2930 5828 Κρείσσων
2963 5760 3149 5828 ’.ζωμὶς
3181 5759 3298 5829 μεθ’
3328 5759 3518 5830 ἡδονῆς
3543 5761 3600 5812 ὲν
3631 5763 3824 5832 εἰρήνῃ
3848 5806 3862 5825 ,
3898 5765 3929 5830 ἦ
3956 5760 4085 5821 sin;
