4218 6446
213 418 341 481 1221

1469 424 1703 479 SACllA
1744 420 2127 483 PARALLEL
2147 426 2195 483 Χ.

3279 431 3414 496 1222

206 527 419 579 πολλῶν
460 527 700 595 ἀγαθῶν,
757 529 847 581 καὶ
903 527 1102 582 ἀδίκων
1130 528 1423 598 χρημάτων
1467 530 1604 597 μετὰ
1654 527 1757 595 μά·
1793 527 1872 580 Ai

1752 557 1757 565 ι
1793 535 1836 580 Α
1869 526 1921 576 in
1960 541 2113 593 pace,
2143 545 2306 597 quam
2347 531 2542 584 domus
2600 535 2888 587 multorum
2928 535 3218 600 bonorum,
3241 549 3293 591 et
3328 555 3418 608 pe-

207 639 328 674 γης.
371 641 388 670 ι

208 640 328 674 -γ---.
371 641 388 670 ο

208 640 241 691 Λ
265 656 306 762 Ἰ
334 709 568 763 Πλοῦτον
609 710 702 760 καὶ
739 707 926 762 πενίαν
958 709 1030 779 μή
1064 725 1154 778 μοι
1182 707 1306 778 δῷς,
1341 709 1530 777 Κύριε,
1564 707 1760 759 σύνταο

207 806 296 868 ξον
317 805 372 856 δέ
404 821 492 873 μοι
521 805 587 857 τά
615 804 820 866 δέοντα,
843 805 933 856 καὶ
953 804 1021 856 τά
1050 803 1316 872 αὑτάρκη,
1355 803 1441 853 ἵνα
1488 800 1562 868 μὴ
1622 798 1758 865 πλη-

207 897 376 956 σθεὶς,
427 895 624 964 ψευδὴς
675 895 938 965 γένωμαι,
987 895 1080 946 καὶ
1133 896 1270 947 εἴπω
1297 910 1311 924 ·
1346 893 1440 954 Τίς
1470 908 1536 959 με
1559 892 1690 960 ὁρᾷ;
1724 889 1756 960 ἢ

205 991 482 1062 πενηθεὶς,
508 990 708 1058 κλέψω,
741 993 832 1044 καὶ
858 990 1040 1059 ὀμόσω
1073 989 1135 1042 τὸ
1162 988 1332 1058 ὄνομα
1350 986 1445 1040 τοῦ
1472 985 1628 1040 Θεοῦ.
1664 1003 1683 1035 ι

283 1192 302 1224 ι
337 1171 468 1224 Μέλι
489 1168 680 1240 εὑρὼν,
706 1166 844 1236 φάγε
884 1165 942 1218 τὸ
981 1165 1183 1230 ἱκανὸν,
1237 1162 1445 1232 μήποτε
1502 1157 1759 1228 πλησθεὶς

203 1263 492 1334 ἑξεμέσῃς.
538 1258 765 1313 Ἐσθίειν
790 1258 912 1328 μέλι
948 1256 1080 1309 πολὺ
1101 1256 1159 1308 οὑ
1185 1255 1368 1308 καλόν.

282 1464 303 1496 ι
339 1447 604 1516 Κρεῖσσον
636 1442 905 1511 πλήρωμα
930 1438 1124 1510 δρακὺς
1188 1436 1323 1505 μετά
1377 1429 1754 1498 ἀναπαύσεως,

200 1539 344 1606 ὑπὲρ
373 1537 642 1605 πλήρωμα
661 1532 752 1585 δύο
775 1531 986 1602 δρακῶν
1012 1532 1068 1582 ἐν
1096 1529 1293 1598 μόχθῳ.
1325 1545 1342 1578 ι

276 1645 295 1677 ι
331 1625 448 1695 Ζωὴ
471 1621 796 1692 αὐταρκείας
824 1621 1054 1692 ἐργάτου
1072 1619 1518 1688 γλυκανθησεται.
1557 1634 1575 1667 ι

283 1818 302 1850 ι
345 1798 544 1858 Ὕπνος
580 1795 766 1864 ὑγείας
794 1794 884 1847 ἐπὶ
907 1793 1105 1864 ἐντέρῳ
1133 1791 1357 1863 μετρίῳ.
1384 1810 1404 1843 ι

276 2018 296 2049 ι
333 1997 423 2068 Μὴ
452 1995 723 2068 κτήσησθε
759 2009 975 2064 χρυσον,
1009 1992 1142 2063 μηδὲ
1167 1992 1421 2062 ἄργυρον,
1460 1988 1592 2059 μηδὲ
1625 1987 1750 2057 χαλ⁹

195 2089 296 2140 κὺν
324 2091 401 2150 είς
428 2089 524 2150 τὰς
546 2087 720 2150 ζώνας
758 2085 926 2154 ὑμῶν,
963 2085 1036 2154 μὴ
1079 2084 1258 2153 πήραν
1288 2085 1365 2145 είς
1427 2082 1563 2146 ὁδὸν,
1617 2080 1749 2150 μηδὲ

194 2181 292 2231 δύο
311 2181 561 2248 χιτῶνας,
595 2177 728 2246 μηδέ
750 2177 1086 2245 ὑποδήματα,
1123 2175 1254 2244 μηδὲ
1284 2174 1530 2242 ῥάὸδους.
1570 2173 1750 2238 ’Ἄξιος

192 2274 307 2340 γάρ
336 2273 364 2323 ὁ
391 2272 623 2340 ἐργάτης
660 2270 757 2337 τῆς
780 2266 983 2339 τροφῆς
1005 2266 1168 2318 αὑτοῦ
1201 2267 1368 2320 ἐστιν.
1403 2283 1421 2314 ι

271 2468 292 2502 ι
330 2449 435 2503 Τοῦ
457 2451 513 2503 δὲ
547 2448 779 2520 πλήθους
806 2449 911 2501 τῶν
931 2447 1332 2501 πιστευσάντων
1360 2444 1427 2518 ἦν
1465 2449 1496 2516 ἡ
1555 2448 1748 2518 καρδία

195 2543 291 2595 καὶ
319 2544 352 2612 ἠ
382 2541 527 2611 ψυχὴ
559 2541 655 2609 μία
675 2557 688 2569 '
719 2541 811 2592 καὶ
841 2539 1012 2601 οὐδείς
1036 2557 1087 2590 τι
1121 2538 1229 2592 τῶν
1267 2540 1613 2609 ὑπαρχόντων
1639 2540 1748 2590 5).:-

194 2650 292 2702 γεν
329 2633 455 2686 ίδιον
476 2629 635 2700 εἶναι,
656 2631 771 2686 ἀλλ’
794 2627 862 2701 ἦν
891 2631 1071 2692 αὑτοῖς
1105 2631 1280 2684 πάντα
1312 2631 1483 2684 κοινά.
1515 2650 1533 2680 ι

270 2834 291 2867 ι
337 2814 620 2886 Ἀργυρίου
657 2815 689 2884 ἢ
713 2814 930 2883 χρυσίου
959 2815 990 2883 ἢ
1023 2814 1312 2882 ἱματισμοῦ
1331 2812 1535 2876 οὐδενὸς
1555 2813 1747 2865 ἐπεθύ-

197 2922 365 2974 μησα.
392 2905 554 2957 Αὐτοὶ
581 2906 894 2971 γινώσκετε,
930 2904 1010 2955 ὃτι
1059 2907 1176 2964 ταῖς
1226 2902 1434 2972 χρείαις
1473 2919 1598 2971 μου,
1653 2902 1746 2954 καὶ

190 3001 304 3063 τοῖς
339 2995 455 3053 οὖσι
479 2999 594 3068 μετ’
621 2996 753 3068 ἐμοῦ
782 2997 1128 3066 ὑπηρέτησαν
1153 2997 1206 3048 αἱ
1233 2998 1408 3066 χεῖρες
1435 2988 1613 3049 αὗται.
1651 3015 1670 3046 ι

270 3195 292 3229 ι
335 3175 474 3244 Ἐγὼ
503 3175 610 3247 γάρ
641 3174 842 3245 ἔμαθον
869 3174 928 3226 ἐν
955 3170 1035 3235 οἷς
1074 3174 1166 3242 είμ
1192 3214 1208 3237 ,
1248 3172 1526 3242 αὐτάρκης
1583 3167 1740 3224 εἶναι.

191 3265 322 3322 υἷδα
347 3268 457 3337 ἐγὼ
496 3270 588 3320 καὶ
610 3265 1016 3328 ταπεινοῦσθαι,
1046 3261 1160 3317 οἶδα
1192 3265 1285 3318 καὶ
1306 3265 1650 3334 περισσεύειν
1688 3267 1743 3316 ὲν

192 3365 373 3425 παντὶ,
406 3361 501 3412 καὶ
548 3362 604 3410 ἐν
657 3360 829 3411 πᾶσι·
881 3357 1164 3426 μεμύημαι
1227 3354 1318 3408 καὶ
1367 3354 1740 3424 χορτάζεσθαι,

193 3453 288 3504 καὶ
311 3451 515 3518 πεινᾷν,
538 3449 632 3502 καὶ
658 3446 1016 3517 περισσεύειν,
1047 3448 1140 3497 καὶ
1168 3443 1525 3513 ὑστερεῖσθαι.
1561 3444 1743 3496 Πάντα

194 3543 362 3613 ἰσχύω
387 3544 442 3595 ἐν
472 3541 547 3608 τῷ
573 3538 953 3608 ἐνδυναμοῦντί
986 3554 1055 3606 με
1079 3537 1314 3607 Χριστῷ.
1348 3557 1368 3590 ι

264 3742 282 3773 ι
339 3723 686 3790 Ἀρκούμενοι
713 3719 824 3780 τοῖς
870 3715 1137 3786 παροῦσιν
1159 3733 1174 3747 ·
1199 3715 1358 3776 αὐτὸς
1407 3714 1513 3784 γάρ
1548 3710 1698 3766 εἶπεν
1726 3731 1740 3745 ·

186 3815 261 3866 υὺ
295 3813 367 3881 μή
400 3828 458 3862 σε
488 3810 618 3872 ἀνῶ,
650 3808 755 3860 οὐδ’
789 3807 849 3858 οὑ
887 3807 959 3876 μή
990 3823 1048 3857 σε
1083 3804 1448 3872 ἐγκαταλίπω.
1484 3822 1500 3853 ι

259 3922 280 3954 ι
314 3902 522 3970 Μηκέτι
553 3898 850 3970 ὑδροπότει,
881 3896 994 3948 ἀλλ’
1017 3897 1142 3964 οἴνῳ
1183 3896 1342 3964 ὀλίγῳ
1366 3896 1478 3964 χρῶ
1521 3895 1608 3947 διὰ
1654 3895 1741 3946 τὸν

185 3993 452 4061 πομαχὸν
480 4007 593 4053 σου,
618 3989 712 4041 καὶ
741 3989 838 4050 τὰς
869 3987 1076 4048 πυκνάς
1127 4003 1217 4038 σου
1241 3987 1538 4045 ἀσθενείας.
1579 4005 1596 4035 ι

259 4190 278 4221 ι
313 4172 467 4224 Ἐστι
505 4169 773 4240 πορισμὸς
807 4169 979 4238 μέγας
1009 4169 1042 4237 ὴ
1073 4167 1320 4220 εὐσέϐεια
1363 4167 1498 4237 μετὰ
1538 4168 1742 4239 αὐταρ-

181 4266 358 4324 κείας.
385 4264 548 4316 Οὑδέν
572 4263 680 4332 γάρ
699 4262 1093 4331 εἰσηνέγκαμεν
1117 4264 1195 4322 είς
1244 4262 1333 4312 τὸν
1390 4261 1609 4330 κόσμον,
1647 4262 1740 4329 δῆ-

178 4358 272 4407 λον
318 4356 399 4406 ὅτι
453 4352 571 4404 οὑδέ
628 4352 929 4417 ἐξενεγκεῖν
981 4366 1033 4400 τι
1085 4349 1375 4417 δυνάμεθα.
1412 4350 1660 4418 Ἔχοντες
1684 4352 1739 4402 δὲ

179 4445 473 4515 διατροφάς
531 4444 626 4496 καὶ
683 4443 1073 4511 σκεπάσματα,
1133 4440 1342 4502 τούτοις
1389 4441 1737 4510 ἀρκεσθησώο

184 4537 352 4609 μεθα.
384 4555 402 4586 ι
887 4587 890 4592 .

255 4630 370 4682 Οὐκ
397 4627 625 4698 εὔχομαι
648 4625 914 4686 πλουτεῖν,
944 4623 1064 4676 οὔτε
1091 4623 1311 4692 ἔραμαι,
1338 4625 1474 4677 ἀλλά
1507 4643 1600 4691 μοι
1652 4627 1733 4694 εἴη

179 4722 298 4789 ζωὴ
330 4719 436 4771 ἀπὸ
458 4718 564 4768 τῶν
585 4715 778 4782 ὀλίγων
806 4715 970 4784 μηδὲν
999 4715 1171 4783 ἔχοντι
1194 4715 1424 4766 κακὸνιι.

251 4810 508 4877 Μεγάλην
530 4808 618 4876 ἔχε
640 4807 736 4875 τὴν
763 4806 937 4874 ψυχήν
964 4821 978 4834 ·
1000 4809 1166 4873 τοῖχοι.
1190 4805 1246 4857 δὲ
1276 4805 1461 4874 μικροὶ
1491 4807 1583 4858 καὶ
1619 4806 1737 4874 μεί-

178 4907 306 4969 ζους
334 4902 430 4971 τὴν
451 4901 616 4970 αὐτὴν
644 4901 830 4968 χρείαν
855 4897 1198 4967 παρέχονται.

263 5080 328 5131 Ἦ
353 5077 700 5147 οἶκονομοῦσα
726 5077 784 5129 τὸ
814 5076 948 5139 ζῶον
988 5076 1232 5144 δύναμις,
1268 5077 1592 5146 αὐτάρκειαν
1631 5076 1732 5146 μὲν

176 5172 276 5223 καὶ
313 5169 556 5239 λιτότητα
595 5168 790 5236 ῥᾳδίως
814 5168 1226 5235 κατειργάσατο,
1261 5169 1353 5219 καὶ
1392 5167 1632 5236 ᾠκείωσε
1655 5169 1731 5238 τῷ

174 5261 495 5330 τρεφομένῳ
517 5274 531 5289 ο
553 5245 896 5310 πολυτέλειαν
922 5258 977 5309 δὲ
1001 5259 1094 5311 καὶ
1141 5258 1408 5310 ποικιλίαν
1434 5259 1732 5331 βρωμάτων

173 5351 585 5421 παραλαϐοῦσα,
619 5346 737 5403 εἶτα
793 5351 1062 5419 ἀντισχεῖν
1118 5351 1252 5421 πρὸς
1297 5349 1357 5403 τὸ
1415 5351 1586 5420 πέρας
1632 5354 1729 5404 οὑκ

173 5446 536 5512 ἐξαρκέσασα,
604 5443 672 5496 τά
753 5441 1148 5512 ποικίλαιγένη
1221 5441 1329 5497 τῶν
1410 5446 1728 5515 νοσημάτων

173 5535 448 5604 ἐποίησεν.
1381 5531 1387 5539 ’

1761 4568 1813 4627 D

1864 619 2153 672 t-uniarum
2181 623 2512 687 injuslaruin
2541 640 2663 677 cum
2693 628 2893 696 jurgio.
2924 646 2938 676 ι

1936 711 2100 769 l'rov.
2155 731 2278 776 xxx,
2323 718 2374 769 8.
2407 747 2474 755 —-
2513 737 2529 766 ι
2572 717 2795 771 Divitias
2843 730 2896 772 et
2947 729 3323 788 paupertatem
3353 737 3420 775 ne

1863 803 2080 858 dederis
2141 807 2296 872 mihi,
2327 810 2420 860 scd
2481 811 2764 862 constitue
2798 811 2928 862 mihi
2959 825 3080 879 qua:
3111 813 3420 865 necessaria

1862 907 1990 950 sunt
2041 904 2096 950 et
2125 897 2495 965 sufficientia;
2554 918 2620 954 ne
2685 901 2825 954 forte
2886 903 3136 966 satiatus,
3186 905 3420 958 mendax

1861 988 2006 1050 fiam,
2061 997 2115 1040 et
2148 988 2325 1040 dicam
2363 1007 2374 1041 :
2416 990 2548 1054 Quis
2586 1007 2670 1046 me
2702 991 2891 1045 videt?
2921 991 2982 1046 Et
2998 1002 3240 1063 egestate
3267 1008 3419 1047 cout-

1857 1078 2071 1146 pulsus,
2109 1077 2277 1144 furer,
2306 1089 2359 1132 et
2385 1081 2615 1150 pejerem
2641 1098 2838 1136 nomen
2875 1081 2992 1137 Dei.
3045 1102 3063 1134 ι

1927 1167 2086 1221 Prov.
2121 1184 2246 1231 xxv,
2307 1169 2394 1231 t6,
2421 1169 2512 1222 27.
2548 1200 2616 1208 -
2646 1189 2663 1220 ι
2706 1171 2806 1226 Mcl
2857 1173 3160 1241 reperiens,
3195 1171 3422 1226 comede

1856 1269 2125 1325 quantum
2182 1260 2317 1312 satis
2347 1267 2466 1324 est;
2505 1276 2572 1312 ne
2610 1259 2749 1314 forte
2808 1263 3067 1325 satiatus,
3091 1277 3312 1316 evomas
3351 1262 3419 1314 il-

1856 1348 1968 1401 lud.
1999 1347 2294 1402 Comedere
2323 1352 2550 1402 multum
2589 1351 2762 1404 mellis
2793 1368 2897 1405 non
2927 1361 3011 1406 est
3040 1354 3263 1408 bonum.
3291 1371 3310 1403 ι

1921 1437 2088 1490 Eccle.
2111 1440 2304 1499 Iv,6.-—
2323 1458 2339 1489 ι
2367 1440 2554 1493 Melior
2565 1449 2646 1494 est
2665 1443 2895 1510 pugillus
2915 1459 3057 1497 unus
3071 1459 3193 1495 cum
3210 1443 3419 1511 requie,

1855 1549 2015 1601 quam
2051 1533 2334 1601 plenitudo
2368 1535 2597 1585 dum-um
2639 1536 2968 1604 pugillnrum
2997 1553 3121 1590 cum
3152 1538 3354 1590 labore.
3397 1557 3413 1586 ι

1928 1623 2092 1676 Eccli.
2154 1642 2238 1685 XL,
2305 1625 2390 1678 18.
2434 1643 2550 1675 -ι
2595 1625 2710 1680 Vita
2774 1627 3110 1682 sufﬁcientia:
3179 1629 3416 1698 operarii

1856 1715 2293 1767 condulcahitur.
2346 1734 2360 1763 ι

1929 1804 2098 1857 Eccli.
2155 1821 2306 1864 xxxi,
2339 1806 2430 1858 20.
2461 1835 2529 1845 -
2562 1827 2580 1856 ‹
2621 1806 2856 1863 Somnus
2887 1811 3141 1864 sanitatis
3192 1811 3244 1864 in
3282 1811 3419 1864 inte-

1785 1872 1825 1926 Β
1855 1897 2000 1949 stino
2029 1911 2216 1963 parco.
2249 1915 2265 1946 ι

1925 1984 2116 2037 Matth.
2148 2002 2200 2048 κ,
2225 1985 2279 2038 9.
2310 2016 2377 2025 --
2412 2005 2430 2036 ι
2467 1985 2649 2041 Nolite
2677 1989 2972 2058 possidere,
2998 2004 3174 2059 neque
3198 2006 3416 2054 aurum,

1857 2092 2030 2145 neque
2054 2086 2359 2146 argentum,
2401 2094 2578 2146 neque
2609 2078 2896 2147 pecuniam
2932 2079 2986 2132 in
3012 2080 3168 2132 zonis
3196 2081 3414 2139 vestris.

1855 2184 1962 2221 non
2024 2182 2206 2235 peram
2269 2168 2323 2221 in
2363 2170 2469 2233 via,
2507 2185 2685 2239 neque
2747 2173 2884 2224 duas
2946 2172 3184 2233 tunicas,
3244 2187 3418 2239 neque
3483 2175 3488 2182 ’

1853 2258 2241 2322 calceamenta,
2301 2275 2477 2328 neque
2508 2262 2706 2331 virgas.
2743 2263 2943 2332 Dignus
2999 2271 3082 2318 est
3111 2263 3254 2317 enim
3287 2277 3418 2331 ope-

1858 2350 2042 2402 rarius
2069 2351 2190 2403 cibo
2217 2365 2342 2402 suo.
2385 2369 2402 2400 ι

1927 2443 2048 2492 Aet.
2081 2455 2155 2500 tv,
2184 2440 2275 2492 52.
2304 2469 2370 2480 -
2411 2459 2427 2491 ι
2461 2439 2828 2494 Multitudinis
2862 2448 3042 2494 autem
3073 2440 3414 2494 credentium

1852 2543 1970 2583 erat
1997 2546 2092 2584 cor
2120 2545 2286 2582 unum
2311 2541 2365 2583 et
2390 2531 2572 2584 anima
2633 2547 2762 2596 una,
2790 2547 2890 2585 nec
2911 2531 3200 2600 quisquam
3224 2547 3414 2585 eorum

1851 2640 1974 2690 qua:
2006 2621 2341 2691 possidebat,
2403 2622 2610 2690 aliquid
2659 2638 2820 2677 suum
2852 2638 2976 2678 esse
3013 2623 3228 2678 dicebat
3267 2639 3283 2676 :
3317 2621 3414 2676 sed

1853 2721 2011 2766 erant
2037 2713 2141 2766 illis
2176 2713 2354 2764 omnia
2388 2714 2721 2765 communia.
2757 2733 2774 2764 ι

1921 2803 2039 2858 Act.
2065 2818 2155 2864 xx,
2179 2803 2269 2856 55.
2303 2832 2371 2841 -
2402 2822 2419 2850 ι
2449 2804 2773 2871 Argentum,
2799 2814 2852 2858 et
2882 2821 3102 2868 aurum,
3129 2815 3181 2859 et
3209 2817 3410 2861 vestem

1851 2896 2054 2949 nullius
2077 2895 2382 2962 conciipivi.
2421 2893 2522 2963 Ipsi
2578 2897 2733 2948 scitis
2765 2898 3022 2966 quoniam
3085 2899 3150 2950 ad
3190 2913 3252 2952 ea
3291 2915 3412 2966 qua:

1850 2987 1979 3040 mihi
2043 3003 2179 3056 opus
2217 2996 2395 3045 erant.
2443 2997 2497 3040 et
2553 2989 2637 3040 his
2673 3004 2885 3043 mecum
2921 2998 3098 3055 erant,
3131 2991 3411 3044 ministra-

1850 3090 2044 3131 verunt
2076 3093 2268 3130 manus
2306 3079 2443 3130 ista'.
2479 3097 2496 3127 ι

1922 3167 2153 3237 Philipp.
2218 3186 2332 3232 vin,
2369 3171 2452 3235 Η,
2514 3171 2695 3222 12.-
2725 3190 2742 3222 ι
2783 3170 2896 3241 Ego
2945 3173 3090 3226 enim
3150 3173 3319 3229 didici
3354 3176 3409 3229 in

1845 3263 2044 3330 quibus
2073 3277 2216 3323 sum,
2248 3262 2523 3316 sufficiens
2548 3279 2691 3316 esse.
2729 3262 2855 3318 Scio
2878 3280 2978 3334 ego
3003 3275 3057 3319 et
3080 3266 3352 3320 humiliari
3390 3284 3405 3318 :

1845 3352 1961 3404 scio
2016 3359 2072 3405 et
2098 3351 2381 3405 abundare
2428 3360 2442 3419 (
2482 3352 2681 3420 ubique
2720 3363 2772 3407 et
2830 3357 3089 3410 omnibus
3121 3358 3408 3411 institutus

1843 3440 2007 3509 sitm)
2041 3452 2095 3494 et
2120 3442 2334 3504 satiari,
2367 3451 2419 3495 et
2447 3445 2683 3507 esurire,
2731 3456 2784 3498 et
2818 3447 3121 3512 abundare,
3156 3457 3208 3503 et
3234 3466 3408 3519 penu—

1843 3532 1980 3584 riam
2012 3532 2143 3598 pati.
2173 3531 2366 3585 Omnia
2397 3548 2616 3601 possum
2653 3535 2707 3588 in
2743 3551 2810 3591 eo
2843 3537 2938 3605 qui
2976 3554 3062 3593 me
3111 3539 3405 3604 conl'ortat,

1841 3621 2080 3676 Christo.
2117 3641 2134 3672 ι
2434 3673 2439 3684 ,

1915 3715 2074 3769 Hebr.
2123 3732 2243 3780 xm,
2276 3717 2327 3768 5.
2361 3747 2426 3758 --
2464 3737 2480 3768 ι
2547 3719 2802 3773 Contenti
2853 3723 3236 3787 praesentibus.
3288 3724 3406 3792 Ipse

1839 3807 1983 3862 enim
2017 3807 2190 3860 dixit:
2230 3805 2345 3859 Non
2371 3817 2420 3860 te
2448 3808 2720 3870 deseram,
2747 3825 2843 3863 nec
2872 3819 2922 3864 te
2947 3813 3322 3881 derelinquam
3349 3834 3398 3866 ,ι

1917 3897 1944 3949 Ι
1985 3897 2121 3952 Tim.
2155 3915 2205 3962 ν,
2239 3899 2326 3950 25.
2359 3927 2428 3939 -—
2461 3918 2478 3949 ι
2511 3897 2628 3951 Noli
2668 3915 2865 3969 aquam
2920 3902 3129 3965 bibere,
3164 3902 3259 3958 sed
3287 3920 3404 3957 Ino-

1841 3989 2114 4042 dicovino
2143 3999 2293 4042 utere
2339 4000 2558 4059 propter
2587 3994 2956 4056 stomachum,
3009 4001 3064 4048 et
3086 3994 3403 4063 frequentes

1842 4088 1966 4132 tuas
2007 4079 2366 4131 infirmitates.
2383 4097 2400 4128 ι

1912 4169 1934 4220 1
1966 4169 2104 4221 Tim.
2141 4185 2210 4229 vi,
2236 4171 2290 4220 6.
2326 4197 2394 4205 ——
2428 4185 2446 4217 ι
2494 4167 2592 4220 Est
2616 4174 2796 4220 autem
2844 4182 3078 4237 magnus
3132 4180 3401 4239 quastus,

1843 4263 2150 4330 pietascum
2174 4259 2674 4313 suﬂicientia.Niltil
2700 4259 2984 4313 intulimus
3010 4262 3061 4314 in
3096 4263 3353 4316 mundum
3385 4282 3400 4327 ;

1842 4353 1983 4405 haud
2019 4351 2241 4404 dubium
2283 4349 2429 4418 quod
2499 4365 2600 4402 nec
2650 4351 2865 4403 auferre
2915 4351 3043 4418 quid
3084 4367 3400 4420 possumus.

1842 4444 2116 4496 Habentes
2171 4442 2336 4510 igitur
2362 4440 2620 4492 alimenta
2652 4448 2707 4494 et
2757 4441 3101 4504 vestimenta,
3141 4444 3226 4497 his
3262 4458 3394 4497 con-

1842 4535 1974 4589 tenti
2011 4536 2201 4588 simus.
2237 4552 2255 4584 ι

1909 4624 2077 4679 Βαιὶι.
2113 4622 2314 4676 -Νοιι
2345 4637 2472 4692 Opto
2502 4624 2656 4678 dives
2684 4621 2825 4686 fieri,
2856 4637 2959 4676 nec
2987 4621 3262 4689 desidero,
3299 4623 3394 4678 scd

1840 4731 2009 4785 parvo
2030 4714 2230 4774 vivere.
2272 4716 2411 4768 nihil
2432 4715 2558 4767 mali
2591 4714 2860 4767 tolerans.

1911 4805 2100 4875 Ejmd.
2171 4807 2330 4860 Orat.
2367 4807 2452 4858 ad.
2489 4807 2639 4862 divit.
2665 4835 2735 4845 —
2763 4803 2870 4857 Fac
2907 4819 3164 4875 magnum
3194 4804 3398 4860 habeas

1839 4901 2101 4951 animum.
2158 4896 2398 4950 Paiieles
2454 4908 2634 4952 autem
2662 4913 2760 4953 seu
2814 4898 2988 4967 parvi,
3041 4914 3138 4953 seu
3193 4903 3395 4970 magni,

1838 4987 2090 5040 eumdem
2119 4987 2319 5041 habent
2346 5003 2524 5040 usum.

1906 5076 2066 5145 365
2115 5077 2307 5142 Ejusd.
2348 5090 2485 5130 arat.
2511 5079 2536 5130 1
2581 5077 2658 5130 De
2689 5078 2912 5145 jejunio.
2943 5107 3014 5119 --
3043 5077 3139 5133 Vis
3185 5093 3246 5133 ea
3288 5096 3393 5148 qua

1834 5167 2130 5222 animantis
2157 5168 2264 5221 vita
2293 5167 2662 5237 dispensatur,
2699 5169 3039 5222 moderatum
3075 5178 3130 5223 et
3169 5185 3392 5238 parcum

1835 5257 2018 5311 cibum
2051 5256 2210 5310 facile
2254 5257 2495 5320 conficit,
2528 5265 2581 5312 et
2630 5257 2684 5309 in
2715 5255 2836 5323 ejus
2865 5255 3009 5325 quod
3036 5255 3220 5319 alitur,
3263 5257 3393 5308 sub.

1834 5351 2090 5403 stantiam
2124 5350 2305 5403 vertit.
2342 5347 2445 5403 Ubi
2483 5357 2662 5402 autem
2709 5347 2987 5416 profusam
3028 5355 3081 5400 et
3133 5347 3393 5416 multipli-

1835 5457 1952 5496 cem
1977 5443 2223 5498 ciborum
2255 5442 2470 5511 copiam
2509 5440 2742 5509 accepit,
2777 5456 2898 5494 cum
2943 5438 3176 5492 subinde
3219 5438 3388 5492 iinbe-

1832 5533 2010 5586 cillior
2046 5533 2116 5587 sit
2145 5546 2308 5600 quam
2360 5540 2418 5585 ut
2453 5547 2571 5585 eam
2634 5531 2789 5600 plene
2817 5544 3158 5598 concoquere
3191 5527 3386 5590 valeat,

1830 5623 1980 5675 varia
2005 5623 2320 5676 morborum
2350 5637 2544 5692 genera
2573 5628 2836 5690 procreat.

1430 5712 1656 5766 VARUE
1698 5717 1728 5768 Ι.
1743 5713 2092 5768 ECTIONES.

245 5806 277 5847 (ι
312 5797 499 5851 Billius
527 5803 610 5853 hic
647 5817 835 5855 versus
873 5802 1010 5855 duos
1035 5817 1061 5853 a
1098 5799 1299 5871 Solope
1325 5811 1581 5867 acceptos
1606 5804 1739 5856 dicit
1769 5822 1782 5867 ;
1827 5805 1879 5856 in
1923 5803 2061 5871 Rup.
2096 5804 2526 5869 veroinscriptio
2559 5803 2840 5871 fragmenti
2885 5803 2993 5854 lure
3025 5810 3108 5855 est
3140 5819 3152 5854 ε
3189 5801 3375 5854 Βασιλο

168 5870 248 5934 ὡς
271 5871 380 5923 ἀπὸ
404 5871 676 5938 Θεόγνιδος
705 5888 718 5901 ·
749 5873 919 5926 Βαείι.
952 5873 1085 5925 velut
1112 5887 1174 5924 cx

1264 5863 1547 5938 Iteoguidc:
1577 5891 1627 5924 ct
1661 5863 1802 5928 recte
1834 5863 2075 5941 quidem.
2116 5872 2244 5926 Vide
2281 5863 2477 5928 llomil.
2517 5875 2586 5926 ne
2615 5863 2820 5940 legend:
2853 5873 3032 5939 gentil.
3068 5871 3160 5922 lib.
