  <div class='ocr_page' id='page_1' title='image "/cluster/home/n/w/nwhite01/storage/ocr_20150623/95/nnc1.0046979816/618.png"; bbox 0 0 4218 6446; ppageno 0'>
   <div class='ocr_carea' id='block_1_1' title="bbox 220 460 354 524">
    <p class='ocr_par' dir='ltr' id='par_1_1' title="bbox 220 460 354 524">
     <span class='ocr_line' id='line_1_1' title="bbox 220 460 354 524; baseline -0.007 0"><span class='ocrx_word' id='word_1_1' title='bbox 220 460 354 524; x_wconf 74' lang='lat'><strong>1:225</strong></span> 
     </span>
    </p>
   </div>
   <div class='ocr_carea' id='block_1_2' title="bbox 1482 443 2205 504">
    <p class='ocr_par' dir='ltr' id='par_1_2' title="bbox 1482 443 2205 504">
     <span class='ocr_line' id='line_1_2' title="bbox 1482 443 2205 504; baseline -0.007 0"><span class='ocrx_word' id='word_1_2' title='bbox 1482 446 1713 504; x_wconf 69' lang='lat' dir='ltr'><strong>SACIlA</strong></span> <span class='ocrx_word' id='word_1_3' title='bbox 1750 443 2205 502; x_wconf 58' lang='lat' dir='ltr'><strong>l’AllAILELA.</strong></span> 
     </span>
    </p>
   </div>
   <div class='ocr_carea' id='block_1_3' title="bbox 3296 435 3430 504">
    <p class='ocr_par' dir='ltr' id='par_1_3' title="bbox 3296 435 3430 504">
     <span class='ocr_line' id='line_1_3' title="bbox 3296 435 3430 504; baseline 0 0"><span class='ocrx_word' id='word_1_4' title='bbox 3296 435 3430 504; x_wconf 71' lang='lat'><strong>1936</strong></span> 
     </span>
    </p>
   </div>
   <div class='ocr_carea' id='block_1_4' title="bbox 285 554 1951 642">
    <p class='ocr_par' dir='ltr' id='par_1_4' title="bbox 285 558 1951 642">
     <span class='ocr_line' id='line_1_4' title="bbox 285 558 1951 642; baseline -0.01 -19"><span class='ocrx_word' id='word_1_5' title='bbox 285 593 305 623; x_wconf 73' lang='grc' dir='ltr'><strong>ι</strong></span> <span class='ocrx_word' id='word_1_6' title='bbox 356 570 556 642; x_wconf 76' lang='grc' dir='ltr'>Ῥαχὴλ</span> <span class='ocrx_word' id='word_1_7' title='bbox 584 566 740 622; x_wconf 74' lang='grc' dir='ltr'>ἔλαϐε</span> <span class='ocrx_word' id='word_1_8' title='bbox 764 566 830 619; x_wconf 73' lang='grc' dir='ltr'><strong>τά</strong></span> <span class='ocrx_word' id='word_1_9' title='bbox 862 563 1077 629; x_wconf 81' lang='grc' dir='ltr'>εἴδωλα,</span> <span class='ocrx_word' id='word_1_10' title='bbox 1116 561 1207 615; x_wconf 81' lang='grc' dir='ltr'>καὶ</span> <span class='ocrx_word' id='word_1_11' title='bbox 1230 558 1489 613; x_wconf 72' lang='grc' dir='ltr'>ἐπέϐαλεν</span> <span class='ocrx_word' id='word_1_12' title='bbox 1521 558 1659 611; x_wconf 74' lang='grc' dir='ltr'>αὐτὰ</span> <span class='ocrx_word' id='word_1_13' title='bbox 1687 559 1763 617; x_wconf 86' lang='grc' dir='ltr'><strong>εἰς</strong></span> <span class='ocrx_word' id='word_1_14' title='bbox 1796 563 1841 615; x_wconf 83' lang='grc' dir='ltr'><strong>Α</strong></span> <span class='ocrx_word' id='word_1_15' title='bbox 1937 558 1951 608; x_wconf 77' lang='lat' dir='ltr'><strong>l</strong></span> 
     </span>
    </p>
   </div>
   <div class='ocr_carea' id='block_1_5' title="bbox 1767 554 3433 642">
    <p class='ocr_par' dir='ltr' id='par_1_5' title="bbox 1796 554 3433 630">
     <span class='ocr_line' id='line_1_5' title="bbox 1796 554 3433 630; baseline 0.002 -21"><span class='ocrx_word' id='word_1_16' title='bbox 1796 563 1841 615; x_wconf 82' lang='grc' dir='ltr'><strong>Α</strong></span> <span class='ocrx_word' id='word_1_17' title='bbox 1937 554 2065 609; x_wconf 82' lang='lat' dir='ltr'><strong>Cen.</strong></span> <span class='ocrx_word' id='word_1_18' title='bbox 2097 570 2243 618; x_wconf 71' lang='grc' dir='ltr'>χχχι,</span> <span class='ocrx_word' id='word_1_19' title='bbox 2307 554 2394 617; x_wconf 67' lang='grc'>54,</span> <span class='ocrx_word' id='word_1_20' title='bbox 2448 556 2535 607; x_wconf 75' lang='grc'><strong>55.</strong></span> <span class='ocrx_word' id='word_1_21' title='bbox 2572 587 2637 594; x_wconf 82' lang='lat'><strong>——</strong></span> <span class='ocrx_word' id='word_1_22' title='bbox 2685 555 2847 627; x_wconf 76' lang='lat'><strong>366</strong></span> <span class='ocrx_word' id='word_1_23' title='bbox 2911 576 2926 606; x_wconf 77' lang='grc' dir='ltr'><strong>ι</strong></span> <span class='ocrx_word' id='word_1_24' title='bbox 2966 556 3165 611; x_wconf 83' lang='lat' dir='ltr'><strong>Rachel</strong></span> <span class='ocrx_word' id='word_1_25' title='bbox 3221 563 3433 630; x_wconf 85' lang='lat' dir='ltr'><strong>accepit</strong></span> 
     </span>
    </p>
   </div>
   <div class='ocr_carea' id='block_1_6' title="bbox 222 652 1768 734">
    <p class='ocr_par' dir='ltr' id='par_1_6' title="bbox 222 652 1768 734">
     <span class='ocr_line' id='line_1_6' title="bbox 222 652 1768 734; baseline -0.011 -16"><span class='ocrx_word' id='word_1_26' title='bbox 222 668 279 720; x_wconf 77' lang='grc' dir='ltr'>τὰ</span> <span class='ocrx_word' id='word_1_27' title='bbox 303 664 557 734; x_wconf 84' lang='grc' dir='ltr'>σάγματα</span> <span class='ocrx_word' id='word_1_28' title='bbox 590 661 689 728; x_wconf 76' lang='grc' dir='ltr'>τῆς</span> <span class='ocrx_word' id='word_1_29' title='bbox 731 657 999 727; x_wconf 82' lang='grc' dir='ltr'>καμήλου,</span> <span class='ocrx_word' id='word_1_30' title='bbox 1046 656 1139 709; x_wconf 70' lang='grc' dir='ltr'><strong>καὶ</strong></span> <span class='ocrx_word' id='word_1_31' title='bbox 1192 652 1517 707; x_wconf 79' lang='grc' dir='ltr'>ἐπεκάθισεν</span> <span class='ocrx_word' id='word_1_32' title='bbox 1568 652 1768 715; x_wconf 80' lang='grc' dir='ltr'>αὐτοῖς,</span> 
     </span>
    </p>
   </div>
   <div class='ocr_carea' id='block_1_7' title="bbox 217 743 1770 824">
    <p class='ocr_par' dir='ltr' id='par_1_7' title="bbox 217 743 1770 824">
     <span class='ocr_line' id='line_1_7' title="bbox 217 743 1770 824; baseline -0.01 -14"><span class='ocrx_word' id='word_1_33' title='bbox 217 761 308 811; x_wconf 68' lang='grc' dir='ltr'>καὶ</span> <span class='ocrx_word' id='word_1_34' title='bbox 341 754 458 809; x_wconf 85' lang='grc' dir='ltr'>εἷπε</span> <span class='ocrx_word' id='word_1_35' title='bbox 503 753 581 824; x_wconf 83' lang='grc' dir='ltr'><strong>τῷ</strong></span> <span class='ocrx_word' id='word_1_36' title='bbox 628 754 793 822; x_wconf 80' lang='grc' dir='ltr'>πατρὶ</span> <span class='ocrx_word' id='word_1_37' title='bbox 827 751 1028 818; x_wconf 78' lang='grc' dir='ltr'>αὐτῆς·</span> <span class='ocrx_word' id='word_1_38' title='bbox 1071 751 1145 802; x_wconf 89' lang='grc' dir='ltr'>Ού</span> <span class='ocrx_word' id='word_1_39' title='bbox 1188 749 1426 817; x_wconf 89' lang='grc' dir='ltr'>δύναμαι</span> <span class='ocrx_word' id='word_1_40' title='bbox 1470 743 1770 814; x_wconf 78' lang='grc' dir='ltr'><strong>ἀναστῆναι</strong></span> 
     </span>
    </p>
   </div>
   <div class='ocr_carea' id='block_1_8' title="bbox 217 836 1770 912">
    <p class='ocr_par' dir='ltr' id='par_1_8' title="bbox 217 836 1770 912">
     <span class='ocr_line' id='line_1_8' title="bbox 217 836 1770 912; baseline -0.008 -11"><span class='ocrx_word' id='word_1_41' title='bbox 217 848 442 903; x_wconf 73' lang='grc' dir='ltr'>ἒνὼπιόν</span> <span class='ocrx_word' id='word_1_42' title='bbox 491 864 607 912; x_wconf 90' lang='grc' dir='ltr'>σου,</span> <span class='ocrx_word' id='word_1_43' title='bbox 632 847 712 899; x_wconf 87' lang='grc' dir='ltr'>ὅτι</span> <span class='ocrx_word' id='word_1_44' title='bbox 751 848 780 898; x_wconf 98' lang='lat'><strong>6</strong></span> <span class='ocrx_word' id='word_1_45' title='bbox 823 842 1147 912; x_wconf 76' lang='grc' dir='ltr'>κατεθισμδς</span> <span class='ocrx_word' id='word_1_46' title='bbox 1178 839 1285 893; x_wconf 83' lang='grc' dir='ltr'><strong>τῶν</strong></span> <span class='ocrx_word' id='word_1_47' title='bbox 1315 838 1638 908; x_wconf 82' lang='grc' dir='ltr'><strong>γυναικείων</strong></span> <span class='ocrx_word' id='word_1_48' title='bbox 1670 836 1770 905; x_wconf 87' lang='grc' dir='ltr'><strong>μού</strong></span> 
     </span>
    </p>
   </div>
   <div class='ocr_carea' id='block_1_9' title="bbox 220 960 436 996">
    <p class='ocr_par' dir='ltr' id='par_1_9' title="bbox 220 960 436 996">
     <span class='ocr_line' id='line_1_9' title="bbox 220 960 436 996; baseline -0.009 -2"><span class='ocrx_word' id='word_1_49' title='bbox 220 960 382 996; x_wconf 81' lang='grc' dir='ltr'>εστιν.</span> <span class='ocrx_word' id='word_1_50' title='bbox 418 960 436 992; x_wconf 75' lang='grc'><strong>1</strong></span> 
     </span>
    </p>
   </div>
   <div class='ocr_carea' id='block_1_10' title="bbox 292 1020 1775 1103">
    <p class='ocr_par' dir='ltr' id='par_1_10' title="bbox 292 1020 1775 1103">
     <span class='ocr_line' id='line_1_10' title="bbox 292 1020 1775 1103; baseline -0.013 -12"><span class='ocrx_word' id='word_1_51' title='bbox 292 1055 312 1088; x_wconf 74' lang='grc' dir='ltr'><strong>ι</strong></span> <span class='ocrx_word' id='word_1_52' title='bbox 364 1032 671 1103; x_wconf 81' lang='grc' dir='ltr'>Ἀπηγγέλη</span> <span class='ocrx_word' id='word_1_53' title='bbox 711 1033 776 1101; x_wconf 86' lang='grc' dir='ltr'>τῇ</span> <span class='ocrx_word' id='word_1_54' title='bbox 808 1029 1003 1100; x_wconf 84' lang='grc' dir='ltr'>Θάμαρ</span> <span class='ocrx_word' id='word_1_55' title='bbox 1042 1026 1320 1094; x_wconf 83' lang='grc' dir='ltr'>λέγοντες’</span> <span class='ocrx_word' id='word_1_56' title='bbox 1360 1024 1487 1077; x_wconf 80' lang='grc' dir='ltr'>Ἰδοὺ</span> <span class='ocrx_word' id='word_1_57' title='bbox 1524 1024 1552 1075; x_wconf 94' lang='lat'><strong>6</strong></span> <span class='ocrx_word' id='word_1_58' title='bbox 1586 1020 1775 1073; x_wconf 71' lang='grc' dir='ltr'>πενθεο</span> 
     </span>
    </p>
   </div>
   <div class='ocr_carea' id='block_1_11' title="bbox 219 1111 1776 1201">
    <p class='ocr_par' dir='ltr' id='par_1_11' title="bbox 219 1111 1776 1201">
     <span class='ocr_line' id='line_1_11' title="bbox 219 1111 1776 1201; baseline -0.013 -19"><span class='ocrx_word' id='word_1_59' title='bbox 219 1130 313 1201; x_wconf 86' lang='grc' dir='ltr'>ρὸς</span> <span class='ocrx_word' id='word_1_60' title='bbox 343 1144 435 1180; x_wconf 83' lang='grc' dir='ltr'><strong>σου</strong></span> <span class='ocrx_word' id='word_1_61' title='bbox 482 1124 759 1179; x_wconf 85' lang='grc' dir='ltr'>ἀναϐαίνει</span> <span class='ocrx_word' id='word_1_62' title='bbox 806 1123 988 1193; x_wconf 85' lang='grc' dir='ltr'>κεῖραι</span> <span class='ocrx_word' id='word_1_63' title='bbox 1028 1118 1097 1173; x_wconf 83' lang='grc' dir='ltr'><strong>τά</strong></span> <span class='ocrx_word' id='word_1_64' title='bbox 1143 1117 1391 1188; x_wconf 85' lang='grc' dir='ltr'>πρόϐατα</span> <span class='ocrx_word' id='word_1_65' title='bbox 1432 1111 1617 1167; x_wconf 82' lang='grc' dir='ltr'>αὐτοῦ.</span> <span class='ocrx_word' id='word_1_66' title='bbox 1666 1112 1776 1164; x_wconf 78' lang='grc' dir='ltr'><strong>Καὶ</strong></span> 
     </span>
    </p>
   </div>
   <div class='ocr_carea' id='block_1_12' title="bbox 221 1204 1775 1289">
    <p class='ocr_par' dir='ltr' id='par_1_12' title="bbox 221 1204 1775 1289">
     <span class='ocr_line' id='line_1_12' title="bbox 221 1204 1775 1289; baseline -0.014 -16"><span class='ocrx_word' id='word_1_67' title='bbox 221 1218 519 1289; x_wconf 76' lang='grc' dir='ltr'><strong>ἀφελομένη</strong></span> <span class='ocrx_word' id='word_1_68' title='bbox 554 1216 622 1269; x_wconf 76' lang='grc' dir='ltr'>τὰ</span> <span class='ocrx_word' id='word_1_69' title='bbox 670 1214 857 1282; x_wconf 79' lang='grc' dir='ltr'>ἱμάτια</span> <span class='ocrx_word' id='word_1_70' title='bbox 892 1214 989 1282; x_wconf 86' lang='grc' dir='ltr'><strong>τῆς</strong></span> <span class='ocrx_word' id='word_1_71' title='bbox 1034 1207 1343 1280; x_wconf 84' lang='grc' dir='ltr'>χηρεύσεως</span> <span class='ocrx_word' id='word_1_72' title='bbox 1396 1204 1584 1271; x_wconf 78' lang='grc' dir='ltr'>αὐτῆς,</span> <span class='ocrx_word' id='word_1_73' title='bbox 1619 1219 1775 1272; x_wconf 86' lang='grc' dir='ltr'>περι-</span> 
     </span>
    </p>
   </div>
   <div class='ocr_carea' id='block_1_13' title="bbox 221 1294 1777 1378">
    <p class='ocr_par' dir='ltr' id='par_1_13' title="bbox 221 1294 1777 1378">
     <span class='ocr_line' id='line_1_13' title="bbox 221 1294 1777 1378; baseline -0.013 -13"><span class='ocrx_word' id='word_1_74' title='bbox 221 1310 379 1365; x_wconf 78' lang='grc' dir='ltr'>έϐαλε</span> <span class='ocrx_word' id='word_1_75' title='bbox 415 1309 475 1361; x_wconf 75' lang='grc' dir='ltr'>τὸ</span> <span class='ocrx_word' id='word_1_76' title='bbox 506 1308 805 1378; x_wconf 84' lang='grc' dir='ltr'>θὲριστρον,</span> <span class='ocrx_word' id='word_1_77' title='bbox 836 1303 931 1357; x_wconf 73' lang='grc' dir='ltr'><strong>καὶ</strong></span> <span class='ocrx_word' id='word_1_78' title='bbox 963 1300 1389 1358; x_wconf 78' lang='grc' dir='ltr'>ἐκαλλωπίσατο.</span> <span class='ocrx_word' id='word_1_79' title='bbox 1408 1298 1500 1349; x_wconf 84' lang='grc' dir='ltr'><strong>καὶ</strong></span> <span class='ocrx_word' id='word_1_80' title='bbox 1529 1294 1777 1348; x_wconf 74' lang='grc' dir='ltr'>ἐκάθισεν</span> 
     </span>
    </p>
   </div>
   <div class='ocr_carea' id='block_1_14' title="bbox 221 1385 1779 1473">
    <p class='ocr_par' dir='ltr' id='par_1_14' title="bbox 221 1385 1779 1473">
     <span class='ocr_line' id='line_1_14' title="bbox 221 1385 1779 1473; baseline -0.013 -18"><span class='ocrx_word' id='word_1_81' title='bbox 221 1405 275 1455; x_wconf 72' lang='grc' dir='ltr'><strong>ὲν</strong></span> <span class='ocrx_word' id='word_1_82' title='bbox 326 1401 542 1473; x_wconf 79' lang='grc' dir='ltr'>παρόδῳ</span> <span class='ocrx_word' id='word_1_83' title='bbox 577 1398 786 1467; x_wconf 80' lang='grc' dir='ltr'>Θαμνᾷ.</span> <span class='ocrx_word' id='word_1_84' title='bbox 823 1392 943 1449; x_wconf 79' lang='grc' dir='ltr'>Εἶδε</span> <span class='ocrx_word' id='word_1_85' title='bbox 976 1393 1082 1463; x_wconf 81' lang='grc' dir='ltr'><strong>γάρ</strong></span> <span class='ocrx_word' id='word_1_86' title='bbox 1124 1393 1203 1445; x_wconf 82' lang='grc' dir='ltr'>ὅτι</span> <span class='ocrx_word' id='word_1_87' title='bbox 1249 1390 1420 1461; x_wconf 73' lang='grc' dir='ltr'>μέγας</span> <span class='ocrx_word' id='word_1_88' title='bbox 1447 1387 1633 1456; x_wconf 89' lang='grc' dir='ltr'>γέγονε</span> <span class='ocrx_word' id='word_1_89' title='bbox 1675 1385 1779 1453; x_wconf 86' lang='grc' dir='ltr'><strong>Ση-</strong></span> 
     </span>
    </p>
   </div>
   <div class='ocr_carea' id='block_1_15' title="bbox 222 1476 1779 1566">
    <p class='ocr_par' dir='ltr' id='par_1_15' title="bbox 222 1476 1779 1566">
     <span class='ocr_line' id='line_1_15' title="bbox 222 1476 1779 1566; baseline -0.013 -18"><span class='ocrx_word' id='word_1_90' title='bbox 222 1494 371 1566; x_wconf 77' lang='grc' dir='ltr'>λώμ’</span> <span class='ocrx_word' id='word_1_91' title='bbox 405 1492 563 1555; x_wconf 78' lang='grc' dir='ltr'>αὐτὸς</span> <span class='ocrx_word' id='word_1_92' title='bbox 607 1492 663 1545; x_wconf 80' lang='grc' dir='ltr'>δὲ</span> <span class='ocrx_word' id='word_1_93' title='bbox 710 1491 771 1543; x_wconf 85' lang='grc' dir='ltr'><strong>ού</strong></span> <span class='ocrx_word' id='word_1_94' title='bbox 813 1489 1041 1541; x_wconf 84' lang='grc' dir='ltr'>δέδωκεν</span> <span class='ocrx_word' id='word_1_95' title='bbox 1075 1485 1234 1539; x_wconf 80' lang='grc' dir='ltr'>αὑτὸν</span> <span class='ocrx_word' id='word_1_96' title='bbox 1272 1485 1350 1544; x_wconf 88' lang='grc' dir='ltr'><strong>εἰς</strong></span> <span class='ocrx_word' id='word_1_97' title='bbox 1386 1476 1779 1566; x_wconf 14' lang='grc' dir='ltr'>γυναῖκα,Καί</span> 
     </span>
    </p>
   </div>
   <div class='ocr_carea' id='block_1_16' title="bbox 221 1565 1779 1651">
    <p class='ocr_par' dir='ltr' id='par_1_16' title="bbox 221 1565 1779 1651">
     <span class='ocr_line' id='line_1_16' title="bbox 221 1565 1779 1651; baseline -0.012 -11"><span class='ocrx_word' id='word_1_98' title='bbox 221 1565 346 1640; x_wconf 74' lang='grc' dir='ltr'>ἰδὼν</span> <span class='ocrx_word' id='word_1_99' title='bbox 386 1584 583 1646; x_wconf 71' lang='grc' dir='ltr'>Ἰούδας</span> <span class='ocrx_word' id='word_1_100' title='bbox 607 1582 795 1651; x_wconf 83' lang='grc' dir='ltr'>αὐτὴν,</span> <span class='ocrx_word' id='word_1_101' title='bbox 823 1578 1055 1642; x_wconf 75' lang='grc' dir='ltr'>ἐξέκλινε</span> <span class='ocrx_word' id='word_1_102' title='bbox 1094 1575 1229 1645; x_wconf 84' lang='grc' dir='ltr'>πρὸς</span> <span class='ocrx_word' id='word_1_103' title='bbox 1273 1572 1459 1641; x_wconf 81' lang='grc' dir='ltr'>αὐτὴν,</span> <span class='ocrx_word' id='word_1_104' title='bbox 1507 1572 1602 1623; x_wconf 69' lang='grc' dir='ltr'>καὶ</span> <span class='ocrx_word' id='word_1_105' title='bbox 1626 1565 1779 1622; x_wconf 79' lang='grc' dir='ltr'>εἶπεν</span> 
     </span>
    </p>
   </div>
   <div class='ocr_carea' id='block_1_17' title="bbox 222 1659 1776 1748">
    <p class='ocr_par' dir='ltr' id='par_1_17' title="bbox 222 1659 1776 1748">
     <span class='ocr_line' id='line_1_17' title="bbox 222 1659 1776 1748; baseline -0.015 -14"><span class='ocrx_word' id='word_1_106' title='bbox 222 1682 357 1748; x_wconf 80' lang='grc' dir='ltr'>αύτῇ</span> <span class='ocrx_word' id='word_1_107' title='bbox 381 1694 395 1707; x_wconf 77' lang='grc'><strong><em>⁸</em></strong></span> <span class='ocrx_word' id='word_1_108' title='bbox 429 1676 624 1729; x_wconf 82' lang='grc' dir='ltr'>Ἐασόν</span> <span class='ocrx_word' id='word_1_109' title='bbox 674 1691 741 1744; x_wconf 90' lang='grc' dir='ltr'><strong>με</strong></span> <span class='ocrx_word' id='word_1_110' title='bbox 782 1671 1040 1724; x_wconf 75' lang='grc' dir='ltr'>εἰσελθεῖν</span> <span class='ocrx_word' id='word_1_111' title='bbox 1090 1667 1226 1738; x_wconf 72' lang='grc' dir='ltr'>πρῆς</span> <span class='ocrx_word' id='word_1_112' title='bbox 1252 1665 1334 1718; x_wconf 85' lang='grc' dir='ltr'>σέ.</span> <span class='ocrx_word' id='word_1_113' title='bbox 1361 1666 1435 1717; x_wconf 88' lang='grc' dir='ltr'>Ού</span> <span class='ocrx_word' id='word_1_114' title='bbox 1469 1663 1577 1732; x_wconf 79' lang='grc' dir='ltr'><strong>γάρ</strong></span> <span class='ocrx_word' id='word_1_115' title='bbox 1617 1659 1776 1727; x_wconf 75' lang='grc' dir='ltr'>ἔγνω,</span> 
     </span>
    </p>
   </div>
   <div class='ocr_carea' id='block_1_18' title="bbox 223 1752 1776 1839">
    <p class='ocr_par' dir='ltr' id='par_1_18' title="bbox 223 1752 1776 1839">
     <span class='ocr_line' id='line_1_18' title="bbox 223 1752 1776 1839; baseline -0.012 -16"><span class='ocrx_word' id='word_1_116' title='bbox 223 1773 304 1824; x_wconf 77' lang='grc' dir='ltr'><strong>δτι</strong></span> <span class='ocrx_word' id='word_1_117' title='bbox 333 1769 514 1839; x_wconf 84' lang='grc' dir='ltr'>νύμφη</span> <span class='ocrx_word' id='word_1_118' title='bbox 545 1764 707 1820; x_wconf 85' lang='grc' dir='ltr'>αὐτοῦ</span> <span class='ocrx_word' id='word_1_119' title='bbox 744 1765 907 1817; x_wconf 76' lang='grc' dir='ltr'>ἔστιν.</span> <span class='ocrx_word' id='word_1_120' title='bbox 953 1763 1017 1814; x_wconf 86' lang='grc' dir='ltr'><strong>Ἦ</strong></span> <span class='ocrx_word' id='word_1_121' title='bbox 1046 1760 1103 1813; x_wconf 86' lang='grc' dir='ltr'>δὲ</span> <span class='ocrx_word' id='word_1_122' title='bbox 1140 1754 1259 1811; x_wconf 78' lang='grc' dir='ltr'>εἷπε</span> <span class='ocrx_word' id='word_1_123' title='bbox 1286 1775 1299 1788; x_wconf 85' lang='grc'><em>’</em></span> <span class='ocrx_word' id='word_1_124' title='bbox 1332 1758 1397 1811; x_wconf 78' lang='grc' dir='ltr'>Τί</span> <span class='ocrx_word' id='word_1_125' title='bbox 1435 1771 1524 1826; x_wconf 87' lang='grc' dir='ltr'><strong>μοι</strong></span> <span class='ocrx_word' id='word_1_126' title='bbox 1569 1752 1776 1815; x_wconf 80' lang='grc' dir='ltr'>δώσεις,</span> 
     </span>
    </p>
   </div>
   <div class='ocr_carea' id='block_1_19' title="bbox 223 1845 1778 1929">
    <p class='ocr_par' dir='ltr' id='par_1_19' title="bbox 223 1845 1778 1929">
     <span class='ocr_line' id='line_1_19' title="bbox 223 1845 1778 1929; baseline -0.013 -15"><span class='ocrx_word' id='word_1_127' title='bbox 223 1863 317 1914; x_wconf 71' lang='grc' dir='ltr'><strong>ἐὰν</strong></span> <span class='ocrx_word' id='word_1_128' title='bbox 367 1859 610 1929; x_wconf 77' lang='grc' dir='ltr'>εἰσέλθῃς</span> <span class='ocrx_word' id='word_1_129' title='bbox 659 1855 795 1928; x_wconf 84' lang='grc' dir='ltr'>πρός</span> <span class='ocrx_word' id='word_1_130' title='bbox 851 1870 957 1925; x_wconf 88' lang='grc' dir='ltr'>με;</span> <span class='ocrx_word' id='word_1_131' title='bbox 1037 1852 1094 1903; x_wconf 88' lang='lat'><strong>&#39;0</strong></span> <span class='ocrx_word' id='word_1_132' title='bbox 1144 1850 1200 1903; x_wconf 84' lang='grc' dir='ltr'>δὲ</span> <span class='ocrx_word' id='word_1_133' title='bbox 1251 1846 1435 1901; x_wconf 71' lang='grc' dir='ltr'>εἶπεν·</span> <span class='ocrx_word' id='word_1_134' title='bbox 1504 1845 1645 1912; x_wconf 87' lang='grc' dir='ltr'><strong>Ἐγώ</strong></span> <span class='ocrx_word' id='word_1_135' title='bbox 1697 1860 1778 1895; x_wconf 90' lang='grc' dir='ltr'><strong>σοι</strong></span> 
     </span>
    </p>
   </div>
   <div class='ocr_carea' id='block_1_20' title="bbox 1876 646 3435 715">
    <p class='ocr_par' dir='ltr' id='par_1_20' title="bbox 1876 646 3435 715">
     <span class='ocr_line' id='line_1_20' title="bbox 1876 646 3435 715; baseline 0.004 -15"><span class='ocrx_word' id='word_1_136' title='bbox 1876 646 2037 709; x_wconf 86' lang='lat' dir='ltr'><strong>idola,</strong></span> <span class='ocrx_word' id='word_1_137' title='bbox 2070 655 2123 699; x_wconf 92' lang='lat' dir='ltr'><strong>et</strong></span> <span class='ocrx_word' id='word_1_138' title='bbox 2153 647 2339 713; x_wconf 82' lang='lat' dir='ltr'><strong>injecit</strong></span> <span class='ocrx_word' id='word_1_139' title='bbox 2372 663 2435 701; x_wconf 89' lang='lat' dir='ltr'><strong>ea</strong></span> <span class='ocrx_word' id='word_1_140' title='bbox 2476 649 2529 701; x_wconf 92' lang='lat' dir='ltr'><strong>in</strong></span> <span class='ocrx_word' id='word_1_141' title='bbox 2581 658 2880 703; x_wconf 84' lang='lat' dir='ltr'><strong>stramenta</strong></span> <span class='ocrx_word' id='word_1_142' title='bbox 2918 652 3133 715; x_wconf 84' lang='lat' dir='ltr'><strong>cameli,</strong></span> <span class='ocrx_word' id='word_1_143' title='bbox 3193 662 3247 705; x_wconf 87' lang='lat' dir='ltr'><strong>et</strong></span> <span class='ocrx_word' id='word_1_144' title='bbox 3291 655 3435 707; x_wconf 85' lang='lat' dir='ltr'><strong>sedit</strong></span> 
     </span>
    </p>
   </div>
   <div class='ocr_carea' id='block_1_21' title="bbox 1875 735 3435 812">
    <p class='ocr_par' dir='ltr' id='par_1_21' title="bbox 1875 735 3435 812">
     <span class='ocr_line' id='line_1_21' title="bbox 1875 735 3435 812; baseline 0.005 -23"><span class='ocrx_word' id='word_1_145' title='bbox 1875 750 2037 804; x_wconf 87' lang='lat' dir='ltr'><strong>super</strong></span> <span class='ocrx_word' id='word_1_146' title='bbox 2060 735 2250 799; x_wconf 89' lang='lat' dir='ltr'><strong>eis;et</strong></span> <span class='ocrx_word' id='word_1_147' title='bbox 2277 735 2416 787; x_wconf 81' lang='lat' dir='ltr'><strong>dixit</strong></span> <span class='ocrx_word' id='word_1_148' title='bbox 2449 738 2590 804; x_wconf 88' lang='lat' dir='ltr'><strong>patri</strong></span> <span class='ocrx_word' id='word_1_149' title='bbox 2627 753 2727 791; x_wconf 90' lang='lat' dir='ltr'><strong>suo</strong></span> <span class='ocrx_word' id='word_1_150' title='bbox 2758 758 2770 792; x_wconf 92' lang='lat'>:</span> <span class='ocrx_word' id='word_1_151' title='bbox 2806 738 2920 792; x_wconf 89' lang='lat' dir='ltr'><strong>Non</strong></span> <span class='ocrx_word' id='word_1_152' title='bbox 2955 755 3179 809; x_wconf 88' lang='lat' dir='ltr'><strong>possum</strong></span> <span class='ocrx_word' id='word_1_153' title='bbox 3212 758 3435 812; x_wconf 80' lang='lat' dir='ltr'><strong>surgere</strong></span> 
     </span>
    </p>
   </div>
   <div class='ocr_carea' id='block_1_22' title="bbox 1874 828 3436 898">
    <p class='ocr_par' dir='ltr' id='par_1_22' title="bbox 1874 828 3436 898">
     <span class='ocr_line' id='line_1_22' title="bbox 1874 828 3436 898; baseline 0.006 -17"><span class='ocrx_word' id='word_1_154' title='bbox 1874 842 2057 881; x_wconf 89' lang='lat' dir='ltr'><strong>coram</strong></span> <span class='ocrx_word' id='word_1_155' title='bbox 2090 828 2307 898; x_wconf 89' lang='lat' dir='ltr'><strong>te,quia</strong></span> <span class='ocrx_word' id='word_1_156' title='bbox 2340 844 2461 898; x_wconf 71' lang='lat' dir='ltr'><strong>quae</strong></span> <span class='ocrx_word' id='word_1_157' title='bbox 2482 840 2738 884; x_wconf 85' lang='lat' dir='ltr'><strong>consueta</strong></span> <span class='ocrx_word' id='word_1_158' title='bbox 2770 840 2897 887; x_wconf 91' lang='lat' dir='ltr'><strong>sunt</strong></span> <span class='ocrx_word' id='word_1_159' title='bbox 2924 834 3249 890; x_wconf 86' lang='lat' dir='ltr'><strong>mulieribus</strong></span> <span class='ocrx_word' id='word_1_160' title='bbox 3303 839 3436 893; x_wconf 87' lang='lat' dir='ltr'><strong>mihi</strong></span> 
     </span>
    </p>
   </div>
   <div class='ocr_carea' id='block_1_23' title="bbox 1876 919 2259 973">
    <p class='ocr_par' dir='ltr' id='par_1_23' title="bbox 1876 919 2259 973">
     <span class='ocr_line' id='line_1_23' title="bbox 1876 919 2259 973; baseline 0.008 -3"><span class='ocrx_word' id='word_1_161' title='bbox 1876 919 2211 973; x_wconf 89' lang='lat' dir='ltr'><strong>acciderunt.</strong></span> <span class='ocrx_word' id='word_1_162' title='bbox 2242 941 2259 972; x_wconf 75' lang='grc' dir='ltr'><strong>ι</strong></span> 
     </span>
    </p>
   </div>
   <div class='ocr_carea' id='block_1_24' title="bbox 1948 1009 3443 1077">
    <p class='ocr_par' dir='ltr' id='par_1_24' title="bbox 1948 1009 3443 1077">
     <span class='ocr_line' id='line_1_24' title="bbox 1948 1009 3443 1077; baseline 0.009 -14"><span class='ocrx_word' id='word_1_163' title='bbox 1948 1009 2073 1065; x_wconf 83' lang='lat' dir='ltr'><strong>Gen.</strong></span> <span class='ocrx_word' id='word_1_164' title='bbox 2108 1029 2333 1076; x_wconf 81' lang='lat' dir='ltr'><strong>xxxvm,</strong></span> <span class='ocrx_word' id='word_1_165' title='bbox 2370 1015 2559 1070; x_wconf 77' lang='grc'><strong>15-18.</strong></span> <span class='ocrx_word' id='word_1_166' title='bbox 2586 1046 2656 1055; x_wconf 88' lang='grc'><strong>-</strong></span> <span class='ocrx_word' id='word_1_167' title='bbox 2687 1035 2705 1066; x_wconf 74' lang='grc' dir='ltr'><strong>ι</strong></span> <span class='ocrx_word' id='word_1_168' title='bbox 2747 1016 2812 1069; x_wconf 89' lang='lat' dir='ltr'><strong>Et</strong></span> <span class='ocrx_word' id='word_1_169' title='bbox 2848 1020 3159 1074; x_wconf 90' lang='lat' dir='ltr'><strong>nuntiatum</strong></span> <span class='ocrx_word' id='word_1_170' title='bbox 3189 1031 3273 1076; x_wconf 90' lang='lat' dir='ltr'><strong>est</strong></span> <span class='ocrx_word' id='word_1_171' title='bbox 3299 1024 3443 1077; x_wconf 86' lang='lat' dir='ltr'><strong>Tha-</strong></span> 
     </span>
    </p>
   </div>
   <div class='ocr_carea' id='block_1_25' title="bbox 1878 1103 3441 1169">
    <p class='ocr_par' dir='ltr' id='par_1_25' title="bbox 1878 1103 3441 1169">
     <span class='ocr_line' id='line_1_25' title="bbox 1878 1103 3441 1169; baseline 0.01 -16"><span class='ocrx_word' id='word_1_172' title='bbox 1878 1116 2013 1166; x_wconf 90' lang='lat' dir='ltr'><strong>mar,</strong></span> <span class='ocrx_word' id='word_1_173' title='bbox 2043 1103 2287 1158; x_wconf 80' lang='lat' dir='ltr'><strong>dicentes</strong></span> <span class='ocrx_word' id='word_1_174' title='bbox 2322 1122 2335 1158; x_wconf 89' lang='lat'>:</span> <span class='ocrx_word' id='word_1_175' title='bbox 2382 1105 2522 1161; x_wconf 84' lang='lat' dir='ltr'><strong>Ecce</strong></span> <span class='ocrx_word' id='word_1_176' title='bbox 2566 1123 2725 1163; x_wconf 87' lang='lat' dir='ltr'><strong>socer</strong></span> <span class='ocrx_word' id='word_1_177' title='bbox 2769 1120 2897 1165; x_wconf 89' lang='lat' dir='ltr'><strong>tuus</strong></span> <span class='ocrx_word' id='word_1_178' title='bbox 2935 1115 3183 1168; x_wconf 76' lang='lat' dir='ltr'><strong>ascendit</strong></span> <span class='ocrx_word' id='word_1_179' title='bbox 3211 1117 3441 1169; x_wconf 79' lang='lat' dir='ltr'><strong>tondere</strong></span> 
     </span>
    </p>
   </div>
   <div class='ocr_carea' id='block_1_26' title="bbox 1879 1193 3440 1261">
    <p class='ocr_par' dir='ltr' id='par_1_26' title="bbox 1879 1193 3440 1261">
     <span class='ocr_line' id='line_1_26' title="bbox 1879 1193 3440 1261; baseline 0.008 -16"><span class='ocrx_word' id='word_1_180' title='bbox 1879 1207 2008 1247; x_wconf 86' lang='lat' dir='ltr'><strong>oves</strong></span> <span class='ocrx_word' id='word_1_181' title='bbox 2042 1209 2189 1250; x_wconf 89' lang='lat' dir='ltr'><strong>suas.</strong></span> <span class='ocrx_word' id='word_1_182' title='bbox 2224 1193 2289 1246; x_wconf 88' lang='lat' dir='ltr'><strong>Et</strong></span> <span class='ocrx_word' id='word_1_183' title='bbox 2320 1194 2574 1261; x_wconf 80' lang='lat' dir='ltr'><strong>auferens</strong></span> <span class='ocrx_word' id='word_1_184' title='bbox 2613 1199 2939 1254; x_wconf 82' lang='lat' dir='ltr'><strong>vestimenta</strong></span> <span class='ocrx_word' id='word_1_185' title='bbox 2964 1203 3246 1259; x_wconf 79' lang='lat' dir='ltr'><strong>viduitatis</strong></span> <span class='ocrx_word' id='word_1_186' title='bbox 3273 1222 3385 1260; x_wconf 69' lang='lat' dir='ltr'><strong>sua:</strong></span> <span class='ocrx_word' id='word_1_187' title='bbox 3411 1224 3440 1258; x_wconf 91' lang='lat' dir='ltr'><strong>a</strong></span> 
     </span>
    </p>
   </div>
   <div class='ocr_carea' id='block_1_27' title="bbox 1880 1286 3444 1356">
    <p class='ocr_par' dir='ltr' id='par_1_27' title="bbox 1880 1286 3444 1356">
     <span class='ocr_line' id='line_1_27' title="bbox 1880 1286 3444 1356; baseline 0.008 -18"><span class='ocrx_word' id='word_1_188' title='bbox 1880 1300 1956 1348; x_wconf 91' lang='lat' dir='ltr'><strong>se,</strong></span> <span class='ocrx_word' id='word_1_189' title='bbox 1981 1286 2261 1354; x_wconf 84' lang='lat' dir='ltr'><strong>cooperuit</strong></span> <span class='ocrx_word' id='word_1_190' title='bbox 2290 1301 2348 1340; x_wconf 89' lang='lat' dir='ltr'><strong>se</strong></span> <span class='ocrx_word' id='word_1_191' title='bbox 2392 1287 2676 1351; x_wconf 89' lang='lat' dir='ltr'><strong>theristro,</strong></span> <span class='ocrx_word' id='word_1_192' title='bbox 2713 1298 2765 1343; x_wconf 90' lang='lat' dir='ltr'><strong>et</strong></span> <span class='ocrx_word' id='word_1_193' title='bbox 2791 1291 3078 1345; x_wconf 90' lang='lat' dir='ltr'><strong>adornavit</strong></span> <span class='ocrx_word' id='word_1_194' title='bbox 3109 1311 3188 1356; x_wconf 90' lang='lat' dir='ltr'><strong>se,</strong></span> <span class='ocrx_word' id='word_1_195' title='bbox 3218 1303 3271 1350; x_wconf 89' lang='lat' dir='ltr'><strong>et</strong></span> <span class='ocrx_word' id='word_1_196' title='bbox 3301 1298 3444 1351; x_wconf 89' lang='lat' dir='ltr'><strong>sedit</strong></span> 
     </span>
    </p>
   </div>
   <div class='ocr_carea' id='block_1_28' title="bbox 1880 1377 3443 1453">
    <p class='ocr_par' dir='ltr' id='par_1_28' title="bbox 1880 1377 3443 1453">
     <span class='ocr_line' id='line_1_28' title="bbox 1880 1377 3443 1453; baseline 0.008 -24"><span class='ocrx_word' id='word_1_197' title='bbox 1880 1377 1933 1430; x_wconf 91' lang='lat' dir='ltr'><strong>in</strong></span> <span class='ocrx_word' id='word_1_198' title='bbox 1961 1379 2193 1433; x_wconf 85' lang='lat' dir='ltr'><strong>transitu</strong></span> <span class='ocrx_word' id='word_1_199' title='bbox 2223 1377 2486 1432; x_wconf 71' lang='lat' dir='ltr'><strong>&#39;l‘hamna.</strong></span> <span class='ocrx_word' id='word_1_200' title='bbox 2505 1378 2653 1434; x_wconf 82' lang='lat' dir='ltr'><strong>Vidit</strong></span> <span class='ocrx_word' id='word_1_201' title='bbox 2683 1384 2850 1445; x_wconf 89' lang='lat' dir='ltr'><strong>enim,</strong></span> <span class='ocrx_word' id='word_1_202' title='bbox 2869 1384 2995 1452; x_wconf 86' lang='lat' dir='ltr'><strong>quia</strong></span> <span class='ocrx_word' id='word_1_203' title='bbox 3014 1386 3237 1453; x_wconf 76' lang='lat' dir='ltr'><strong>grandis</strong></span> <span class='ocrx_word' id='word_1_204' title='bbox 3268 1388 3443 1442; x_wconf 80' lang='lat' dir='ltr'><strong>factus</strong></span> 
     </span>
    </p>
   </div>
   <div class='ocr_carea' id='block_1_29' title="bbox 1879 1470 3441 1539">
    <p class='ocr_par' dir='ltr' id='par_1_29' title="bbox 1879 1470 3441 1539">
     <span class='ocr_line' id='line_1_29' title="bbox 1879 1470 3441 1539; baseline 0.004 -13"><span class='ocrx_word' id='word_1_205' title='bbox 1879 1480 1959 1527; x_wconf 87' lang='lat' dir='ltr'><strong>est</strong></span> <span class='ocrx_word' id='word_1_206' title='bbox 1988 1470 2167 1524; x_wconf 91' lang='lat' dir='ltr'><strong>Selom</strong></span> <span class='ocrx_word' id='word_1_207' title='bbox 2200 1488 2213 1523; x_wconf 91' lang='lat'>:</span> <span class='ocrx_word' id='word_1_208' title='bbox 2248 1471 2362 1539; x_wconf 81' lang='lat' dir='ltr'><strong>ipse</strong></span> <span class='ocrx_word' id='word_1_209' title='bbox 2384 1480 2563 1527; x_wconf 90' lang='lat' dir='ltr'><strong>autem</strong></span> <span class='ocrx_word' id='word_1_210' title='bbox 2598 1488 2705 1527; x_wconf 91' lang='lat' dir='ltr'><strong>non</strong></span> <span class='ocrx_word' id='word_1_211' title='bbox 2740 1474 2888 1529; x_wconf 89' lang='lat' dir='ltr'><strong>dedit</strong></span> <span class='ocrx_word' id='word_1_212' title='bbox 2922 1492 3039 1530; x_wconf 88' lang='lat' dir='ltr'><strong>eam</strong></span> <span class='ocrx_word' id='word_1_213' title='bbox 3088 1478 3163 1531; x_wconf 79' lang='lat' dir='ltr'><strong>illi</strong></span> <span class='ocrx_word' id='word_1_214' title='bbox 3197 1495 3441 1535; x_wconf 83' lang='lat' dir='ltr'><strong>uxorem.</strong></span> 
     </span>
    </p>
   </div>
   <div class='ocr_carea' id='block_1_30' title="bbox 1880 1559 3439 1633">
    <p class='ocr_par' dir='ltr' id='par_1_30' title="bbox 1880 1559 3439 1633">
     <span class='ocr_line' id='line_1_30' title="bbox 1880 1559 3439 1633; baseline 0.009 -21"><span class='ocrx_word' id='word_1_215' title='bbox 1880 1559 1945 1612; x_wconf 88' lang='lat' dir='ltr'><strong>Et</strong></span> <span class='ocrx_word' id='word_1_216' title='bbox 1978 1560 2169 1615; x_wconf 85' lang='lat' dir='ltr'><strong>videns</strong></span> <span class='ocrx_word' id='word_1_217' title='bbox 2197 1560 2384 1628; x_wconf 84' lang='lat' dir='ltr'><strong>Judas,</strong></span> <span class='ocrx_word' id='word_1_218' title='bbox 2426 1563 2717 1619; x_wconf 89' lang='lat' dir='ltr'><strong>declinavit</strong></span> <span class='ocrx_word' id='word_1_219' title='bbox 2774 1568 2841 1620; x_wconf 94' lang='lat' dir='ltr'><strong>ad</strong></span> <span class='ocrx_word' id='word_1_220' title='bbox 2880 1583 3020 1633; x_wconf 89' lang='lat' dir='ltr'><strong>eam,</strong></span> <span class='ocrx_word' id='word_1_221' title='bbox 3066 1581 3119 1623; x_wconf 90' lang='lat' dir='ltr'><strong>et</strong></span> <span class='ocrx_word' id='word_1_222' title='bbox 3166 1571 3305 1625; x_wconf 75' lang='lat' dir='ltr'><strong>dixit</strong></span> <span class='ocrx_word' id='word_1_223' title='bbox 3344 1575 3389 1625; x_wconf 83' lang='lat' dir='ltr'><strong>ei</strong></span> <span class='ocrx_word' id='word_1_224' title='bbox 3427 1592 3439 1627; x_wconf 92' lang='lat'><strong>:</strong></span> 
     </span>
    </p>
   </div>
   <div class='ocr_carea' id='block_1_31' title="bbox 1882 1652 3441 1734">
    <p class='ocr_par' dir='ltr' id='par_1_31' title="bbox 1882 1652 3441 1734">
     <span class='ocr_line' id='line_1_31' title="bbox 1882 1652 3441 1734; baseline 0.007 -27"><span class='ocrx_word' id='word_1_225' title='bbox 1882 1652 2059 1707; x_wconf 89' lang='lat' dir='ltr'><strong>Sinito</strong></span> <span class='ocrx_word' id='word_1_226' title='bbox 2104 1669 2188 1708; x_wconf 90' lang='lat' dir='ltr'><strong>me</strong></span> <span class='ocrx_word' id='word_1_227' title='bbox 2228 1656 2432 1710; x_wconf 88' lang='lat' dir='ltr'><strong>intrare</strong></span> <span class='ocrx_word' id='word_1_228' title='bbox 2482 1657 2549 1710; x_wconf 91' lang='lat' dir='ltr'><strong>ad</strong></span> <span class='ocrx_word' id='word_1_229' title='bbox 2579 1664 2660 1720; x_wconf 86' lang='lat' dir='ltr'><strong>te;</strong></span> <span class='ocrx_word' id='word_1_230' title='bbox 2715 1674 2823 1712; x_wconf 88' lang='lat' dir='ltr'><strong>non</strong></span> <span class='ocrx_word' id='word_1_231' title='bbox 2869 1661 3012 1713; x_wconf 91' lang='lat' dir='ltr'><strong>enim</strong></span> <span class='ocrx_word' id='word_1_232' title='bbox 3063 1665 3282 1732; x_wconf 80' lang='lat' dir='ltr'><strong>agnovit</strong></span> <span class='ocrx_word' id='word_1_233' title='bbox 3317 1671 3441 1734; x_wconf 84' lang='lat' dir='ltr'><strong>quia</strong></span> 
     </span>
    </p>
   </div>
   <div class='ocr_carea' id='block_1_32' title="bbox 1882 1748 3440 1815">
    <p class='ocr_par' dir='ltr' id='par_1_32' title="bbox 1882 1748 3440 1815">
     <span class='ocr_line' id='line_1_32' title="bbox 1882 1748 3440 1815; baseline 0.007 -18"><span class='ocrx_word' id='word_1_234' title='bbox 1882 1760 2055 1799; x_wconf 90' lang='lat' dir='ltr'><strong>nurus</strong></span> <span class='ocrx_word' id='word_1_235' title='bbox 2089 1760 2184 1799; x_wconf 88' lang='lat' dir='ltr'><strong>sua</strong></span> <span class='ocrx_word' id='word_1_236' title='bbox 2215 1754 2317 1802; x_wconf 85' lang='lat' dir='ltr'><strong>est.</strong></span> <span class='ocrx_word' id='word_1_237' title='bbox 2373 1748 2441 1799; x_wconf 86' lang='lat' dir='ltr'><strong>At</strong></span> <span class='ocrx_word' id='word_1_238' title='bbox 2476 1748 2563 1801; x_wconf 90' lang='lat' dir='ltr'><strong>illa</strong></span> <span class='ocrx_word' id='word_1_239' title='bbox 2600 1748 2736 1802; x_wconf 82' lang='lat' dir='ltr'><strong>dixit</strong></span> <span class='ocrx_word' id='word_1_240' title='bbox 2776 1767 2789 1802; x_wconf 92' lang='lat'>:</span> <span class='ocrx_word' id='word_1_241' title='bbox 2838 1750 2978 1815; x_wconf 86' lang='lat' dir='ltr'><strong>Quid</strong></span> <span class='ocrx_word' id='word_1_242' title='bbox 3037 1755 3168 1808; x_wconf 90' lang='lat' dir='ltr'><strong>mihi</strong></span> <span class='ocrx_word' id='word_1_243' title='bbox 3206 1756 3360 1811; x_wconf 85' lang='lat' dir='ltr'><strong>dabis</strong></span> <span class='ocrx_word' id='word_1_244' title='bbox 3397 1762 3440 1810; x_wconf 91' lang='lat' dir='ltr'><strong>si</strong></span> 
     </span>
    </p>
   </div>
   <div class='ocr_carea' id='block_1_33' title="bbox 1884 1829 3439 1907">
    <p class='ocr_par' dir='ltr' id='par_1_33' title="bbox 1884 1829 3439 1907">
     <span class='ocr_line' id='line_1_33' title="bbox 1884 1829 3439 1907; baseline 0.012 -26"><span class='ocrx_word' id='word_1_245' title='bbox 1884 1829 2169 1886; x_wconf 83' lang='lat' dir='ltr'><strong>intraveris</strong></span> <span class='ocrx_word' id='word_1_246' title='bbox 2203 1833 2270 1886; x_wconf 88' lang='lat' dir='ltr'><strong>ad</strong></span> <span class='ocrx_word' id='word_1_247' title='bbox 2305 1835 2431 1887; x_wconf 87' lang='lat' dir='ltr'><strong>me?</strong></span> <span class='ocrx_word' id='word_1_248' title='bbox 2457 1837 2544 1889; x_wconf 91' lang='lat' dir='ltr'><strong>cui</strong></span> <span class='ocrx_word' id='word_1_249' title='bbox 2572 1839 2647 1889; x_wconf 88' lang='lat' dir='ltr'><strong>ait</strong></span> <span class='ocrx_word' id='word_1_250' title='bbox 2679 1856 2692 1892; x_wconf 90' lang='lat'><strong>:</strong></span> <span class='ocrx_word' id='word_1_251' title='bbox 2732 1838 2843 1907; x_wconf 85' lang='lat' dir='ltr'><strong>Ego</strong></span> <span class='ocrx_word' id='word_1_252' title='bbox 2896 1838 2990 1895; x_wconf 86' lang='lat' dir='ltr'><strong>tibi</strong></span> <span class='ocrx_word' id='word_1_253' title='bbox 3030 1846 3187 1897; x_wconf 87' lang='lat' dir='ltr'><strong>mitto</strong></span> <span class='ocrx_word' id='word_1_254' title='bbox 3230 1846 3439 1900; x_wconf 79' lang='lat' dir='ltr'><strong>lnedum</strong></span> 
     </span>
    </p>
   </div>
   <div class='ocr_carea' id='block_1_34' title="bbox 224 1911 1890 2020">
    <p class='ocr_par' dir='ltr' id='par_1_34' title="bbox 224 1911 1890 2020">
     <span class='ocr_line' id='line_1_34' title="bbox 224 1911 1890 2020; baseline -0.013 -14"><span class='ocrx_word' id='word_1_255' title='bbox 224 1911 532 2005; x_wconf 39' lang='grc' dir='ltr'>ά-ποστέλλω</span> <span class='ocrx_word' id='word_1_256' title='bbox 553 1911 751 2020; x_wconf 42' lang='grc' dir='ltr'>’ἔριφον</span> <span class='ocrx_word' id='word_1_257' title='bbox 775 1911 955 2015; x_wconf 40' lang='grc' dir='ltr'>αἰγῶν,</span> <span class='ocrx_word' id='word_1_258' title='bbox 976 1946 1039 1997; x_wconf 81' lang='grc' dir='ltr'>ὲκ</span> <span class='ocrx_word' id='word_1_259' title='bbox 1078 1942 1186 1994; x_wconf 85' lang='grc' dir='ltr'><strong>τῶν</strong></span> <span class='ocrx_word' id='word_1_260' title='bbox 1222 1939 1506 2012; x_wconf 87' lang='grc' dir='ltr'>προϐάτων</span> <span class='ocrx_word' id='word_1_261' title='bbox 1544 1953 1664 2007; x_wconf 85' lang='grc' dir='ltr'>μου.</span> <span class='ocrx_word' id='word_1_262' title='bbox 1714 1934 1779 1986; x_wconf 85' lang='grc' dir='ltr'><strong>Ἠ</strong></span> <span class='ocrx_word' id='word_1_263' title='bbox 1811 1911 1854 1965; x_wconf 75' lang='grc' dir='ltr'>Β</span> <span class='ocrx_word' id='word_1_264' title='bbox 1883 1943 1890 1972; x_wconf 77' lang='grc'><em>⁴</em></span> 
     </span>
    </p>
   </div>
   <div class='ocr_carea' id='block_1_35' title="bbox 1770 1911 3436 2020">
    <p class='ocr_par' dir='ltr' id='par_1_35' title="bbox 1770 1911 3436 1993">
     <span class='ocr_line' id='line_1_35' title="bbox 1770 1911 3436 1993; baseline 0.011 -19"><span class='ocrx_word' id='word_1_265' title='bbox 1770 1934 1779 1985; x_wconf 82' lang='grc'>[</span> <span class='ocrx_word' id='word_1_266' title='bbox 1811 1911 1854 1965; x_wconf 81' lang='grc' dir='ltr'>Β</span> <span class='ocrx_word' id='word_1_267' title='bbox 1883 1937 2169 1992; x_wconf 89' lang='lat' dir='ltr'><strong>caprarum</strong></span> <span class='ocrx_word' id='word_1_268' title='bbox 2191 1927 2259 1979; x_wconf 90' lang='lat' dir='ltr'><strong>de</strong></span> <span class='ocrx_word' id='word_1_269' title='bbox 2288 1927 2483 1983; x_wconf 87' lang='lat' dir='ltr'><strong>ovibus</strong></span> <span class='ocrx_word' id='word_1_270' title='bbox 2516 1931 2669 1984; x_wconf 90' lang='lat' dir='ltr'><strong>meis.</strong></span> <span class='ocrx_word' id='word_1_271' title='bbox 2710 1932 2801 1985; x_wconf 85' lang='lat' dir='ltr'><strong>Illa</strong></span> <span class='ocrx_word' id='word_1_272' title='bbox 2839 1948 2965 1987; x_wconf 86' lang='lat' dir='ltr'><strong>vero</strong></span> <span class='ocrx_word' id='word_1_273' title='bbox 2986 1935 3123 1989; x_wconf 80' lang='lat' dir='ltr'><strong>dixit</strong></span> <span class='ocrx_word' id='word_1_274' title='bbox 3154 1956 3167 1991; x_wconf 91' lang='lat'><strong>:</strong></span> <span class='ocrx_word' id='word_1_275' title='bbox 3199 1936 3273 1990; x_wconf 91' lang='lat' dir='ltr'><strong>Da</strong></span> <span class='ocrx_word' id='word_1_276' title='bbox 3312 1941 3436 1993; x_wconf 88' lang='lat' dir='ltr'><strong>mihi</strong></span> 
     </span>
    </p>
   </div>
   <div class='ocr_carea' id='block_1_36' title="bbox 224 2028 1779 2112">
    <p class='ocr_par' dir='ltr' id='par_1_36' title="bbox 224 2028 1779 2112">
     <span class='ocr_line' id='line_1_36' title="bbox 224 2028 1779 2112; baseline -0.012 -15"><span class='ocrx_word' id='word_1_277' title='bbox 224 2045 280 2097; x_wconf 79' lang='grc' dir='ltr'>δὲ</span> <span class='ocrx_word' id='word_1_278' title='bbox 321 2038 477 2096; x_wconf 74' lang='grc' dir='ltr'>εἷπε·</span> <span class='ocrx_word' id='word_1_279' title='bbox 509 2041 608 2103; x_wconf 76' lang='grc' dir='ltr'><strong>Δὸς</strong></span> <span class='ocrx_word' id='word_1_280' title='bbox 646 2039 959 2112; x_wconf 77' lang='grc' dir='ltr'>ἀρραϐῶνα,</span> <span class='ocrx_word' id='word_1_281' title='bbox 1001 2036 1104 2098; x_wconf 74' lang='grc' dir='ltr'><strong>ἕως</strong></span> <span class='ocrx_word' id='word_1_282' title='bbox 1133 2052 1193 2089; x_wconf 93' lang='grc' dir='ltr'><strong>ου</strong></span> <span class='ocrx_word' id='word_1_283' title='bbox 1236 2030 1547 2086; x_wconf 82' lang='grc' dir='ltr'>ἀποστεῖλαί</span> <span class='ocrx_word' id='word_1_284' title='bbox 1602 2045 1685 2081; x_wconf 88' lang='grc' dir='ltr'>σε.</span> <span class='ocrx_word' id='word_1_285' title='bbox 1720 2028 1779 2079; x_wconf 85' lang='grc' dir='ltr'>Ὀ</span> 
     </span>
    </p>
   </div>
   <div class='ocr_carea' id='block_1_37' title="bbox 224 2119 1780 2199">
    <p class='ocr_par' dir='ltr' id='par_1_37' title="bbox 224 2119 1780 2199">
     <span class='ocr_line' id='line_1_37' title="bbox 224 2119 1780 2199; baseline -0.012 -9"><span class='ocrx_word' id='word_1_286' title='bbox 224 2137 279 2190; x_wconf 80' lang='grc' dir='ltr'><strong>δὲ</strong></span> <span class='ocrx_word' id='word_1_287' title='bbox 310 2131 457 2188; x_wconf 73' lang='grc' dir='ltr'>εἴπεο</span> <span class='ocrx_word' id='word_1_288' title='bbox 504 2133 637 2186; x_wconf 83' lang='grc' dir='ltr'>Τίνα</span> <span class='ocrx_word' id='word_1_289' title='bbox 678 2131 831 2184; x_wconf 78' lang='grc' dir='ltr'>δώσω</span> <span class='ocrx_word' id='word_1_290' title='bbox 860 2146 943 2182; x_wconf 89' lang='grc' dir='ltr'><strong>σοι</strong></span> <span class='ocrx_word' id='word_1_291' title='bbox 972 2127 1287 2199; x_wconf 66' lang='grc' dir='ltr'>ἀρραϐῶνα.</span> <span class='ocrx_word' id='word_1_292' title='bbox 1340 2125 1401 2177; x_wconf 86' lang='grc' dir='ltr'><em>Ἥ</em></span> <span class='ocrx_word' id='word_1_293' title='bbox 1435 2123 1489 2176; x_wconf 83' lang='grc' dir='ltr'>δὲ</span> <span class='ocrx_word' id='word_1_294' title='bbox 1517 2120 1636 2175; x_wconf 81' lang='grc' dir='ltr'>εἰπε</span> <span class='ocrx_word' id='word_1_295' title='bbox 1660 2136 1673 2150; x_wconf 87' lang='grc'><strong>·</strong></span> <span class='ocrx_word' id='word_1_296' title='bbox 1706 2119 1780 2171; x_wconf 83' lang='grc' dir='ltr'><strong>Τὸ</strong></span> 
     </span>
    </p>
   </div>
   <div class='ocr_carea' id='block_1_38' title="bbox 224 2214 1781 2294">
    <p class='ocr_par' dir='ltr' id='par_1_38' title="bbox 224 2214 1781 2294">
     <span class='ocr_line' id='line_1_38' title="bbox 224 2214 1781 2294; baseline -0.01 -13"><span class='ocrx_word' id='word_1_297' title='bbox 224 2227 503 2281; x_wconf 67' lang='grc' dir='ltr'>δακτύλιᾶν</span> <span class='ocrx_word' id='word_1_298' title='bbox 532 2244 649 2289; x_wconf 91' lang='grc' dir='ltr'>σου,</span> <span class='ocrx_word' id='word_1_299' title='bbox 683 2226 775 2279; x_wconf 79' lang='grc' dir='ltr'><strong>καί</strong></span> <span class='ocrx_word' id='word_1_300' title='bbox 806 2224 895 2276; x_wconf 85' lang='grc' dir='ltr'><strong>τὸν</strong></span> <span class='ocrx_word' id='word_1_301' title='bbox 921 2223 1201 2294; x_wconf 82' lang='grc' dir='ltr'>ὁρμίσκον,</span> <span class='ocrx_word' id='word_1_302' title='bbox 1228 2218 1319 2272; x_wconf 67' lang='grc' dir='ltr'><strong>καί⁸</strong></span> <span class='ocrx_word' id='word_1_303' title='bbox 1345 2218 1442 2289; x_wconf 75' lang='grc' dir='ltr'>τὴν</span> <span class='ocrx_word' id='word_1_304' title='bbox 1470 2216 1659 2285; x_wconf 77' lang='grc' dir='ltr'>ῥάϐδον</span> <span class='ocrx_word' id='word_1_305' title='bbox 1684 2214 1781 2284; x_wconf 80' lang='grc' dir='ltr'>τὴν</span> 
     </span>
    </p>
   </div>
   <div class='ocr_carea' id='block_1_39' title="bbox 222 2305 1780 2391">
    <p class='ocr_par' dir='ltr' id='par_1_39' title="bbox 222 2305 1780 2391">
     <span class='ocr_line' id='line_1_39' title="bbox 222 2305 1780 2391; baseline -0.012 -17"><span class='ocrx_word' id='word_1_306' title='bbox 222 2323 285 2374; x_wconf 80' lang='grc' dir='ltr'>ὲν</span> <span class='ocrx_word' id='word_1_307' title='bbox 312 2324 377 2391; x_wconf 80' lang='grc' dir='ltr'>τῇ</span> <span class='ocrx_word' id='word_1_308' title='bbox 400 2319 539 2390; x_wconf 81' lang='grc' dir='ltr'>χειρί</span> <span class='ocrx_word' id='word_1_309' title='bbox 570 2337 682 2372; x_wconf 88' lang='grc' dir='ltr'>σου.</span> <span class='ocrx_word' id='word_1_310' title='bbox 727 2316 836 2371; x_wconf 70' lang='grc' dir='ltr'>Καὶ</span> <span class='ocrx_word' id='word_1_311' title='bbox 860 2316 1060 2368; x_wconf 81' lang='grc' dir='ltr'>ἔδωκεν</span> <span class='ocrx_word' id='word_1_312' title='bbox 1097 2313 1256 2382; x_wconf 84' lang='grc' dir='ltr'>αὐτῇ,</span> <span class='ocrx_word' id='word_1_313' title='bbox 1288 2312 1381 2364; x_wconf 78' lang='grc' dir='ltr'><strong>καί</strong></span> <span class='ocrx_word' id='word_1_314' title='bbox 1402 2306 1619 2377; x_wconf 80' lang='grc' dir='ltr'>εἰσῆλθε</span> <span class='ocrx_word' id='word_1_315' title='bbox 1646 2305 1780 2376; x_wconf 86' lang='grc' dir='ltr'>πρὸς</span> 
     </span>
    </p>
   </div>
   <div class='ocr_carea' id='block_1_40' title="bbox 220 2401 1475 2485">
    <p class='ocr_par' dir='ltr' id='par_1_40' title="bbox 220 2401 1475 2485">
     <span class='ocr_line' id='line_1_40' title="bbox 220 2401 1475 2485; baseline -0.01 -19"><span class='ocrx_word' id='word_1_316' title='bbox 220 2414 414 2485; x_wconf 80' lang='grc' dir='ltr'>αὐτὴν,</span> <span class='ocrx_word' id='word_1_317' title='bbox 435 2414 527 2464; x_wconf 81' lang='grc' dir='ltr'><strong>καὶ</strong></span> <span class='ocrx_word' id='word_1_318' title='bbox 558 2413 615 2463; x_wconf 82' lang='grc' dir='ltr'>ὲν</span> <span class='ocrx_word' id='word_1_319' title='bbox 643 2411 839 2479; x_wconf 77' lang='grc' dir='ltr'>γαστρὶ</span> <span class='ocrx_word' id='word_1_320' title='bbox 867 2406 1058 2460; x_wconf 80' lang='grc' dir='ltr'>ἔλαϐεν</span> <span class='ocrx_word' id='word_1_321' title='bbox 1077 2404 1203 2476; x_wconf 85' lang='grc' dir='ltr'>παρ’</span> <span class='ocrx_word' id='word_1_322' title='bbox 1234 2401 1420 2457; x_wconf 86' lang='grc' dir='ltr'>αὑτοῦ.</span> <span class='ocrx_word' id='word_1_323' title='bbox 1456 2418 1475 2452; x_wconf 71' lang='grc' dir='ltr'><strong>ι</strong></span> 
     </span>
    </p>
   </div>
   <div class='ocr_carea' id='block_1_41' title="bbox 297 2490 1783 2574">
    <p class='ocr_par' dir='ltr' id='par_1_41' title="bbox 297 2490 1783 2574">
     <span class='ocr_line' id='line_1_41' title="bbox 297 2490 1783 2574; baseline -0.013 -16"><span class='ocrx_word' id='word_1_324' title='bbox 297 2506 571 2573; x_wconf 72' lang='grc' dir='ltr'><strong>Σχόλιον.</strong></span> <span class='ocrx_word' id='word_1_325' title='bbox 604 2503 778 2574; x_wconf 82' lang='grc' dir='ltr'>ΙΤρείς</span> <span class='ocrx_word' id='word_1_326' title='bbox 829 2498 975 2561; x_wconf 83' lang='grc' dir='ltr'>υἰοὺς</span> <span class='ocrx_word' id='word_1_327' title='bbox 1020 2496 1173 2567; x_wconf 78' lang='grc' dir='ltr'>ἔσχεν</span> <span class='ocrx_word' id='word_1_328' title='bbox 1228 2497 1256 2548; x_wconf 94' lang='lat'><strong>6</strong></span> <span class='ocrx_word' id='word_1_329' title='bbox 1302 2492 1399 2562; x_wconf 76' lang='grc' dir='ltr'><strong>τῆς</strong></span> <span class='ocrx_word' id='word_1_330' title='bbox 1431 2490 1626 2561; x_wconf 83' lang='grc' dir='ltr'>Θάμαρ</span> <span class='ocrx_word' id='word_1_331' title='bbox 1658 2506 1783 2541; x_wconf 79' lang='grc' dir='ltr'>πεν-</span> 
     </span>
    </p>
   </div>
   <div class='ocr_carea' id='block_1_42' title="bbox 225 2579 1784 2666">
    <p class='ocr_par' dir='ltr' id='par_1_42' title="bbox 225 2579 1784 2666">
     <span class='ocr_line' id='line_1_42' title="bbox 225 2579 1784 2666; baseline -0.012 -16"><span class='ocrx_word' id='word_1_332' title='bbox 225 2596 384 2666; x_wconf 75' lang='grc' dir='ltr'>θερὸς</span> <span class='ocrx_word' id='word_1_333' title='bbox 425 2594 644 2658; x_wconf 85' lang='grc' dir='ltr'>Ἰούδας,</span> <span class='ocrx_word' id='word_1_334' title='bbox 680 2593 774 2646; x_wconf 73' lang='grc' dir='ltr'><strong>καὶ</strong></span> <span class='ocrx_word' id='word_1_335' title='bbox 819 2591 944 2654; x_wconf 82' lang='grc' dir='ltr'>τοὺς</span> <span class='ocrx_word' id='word_1_336' title='bbox 976 2588 1067 2641; x_wconf 90' lang='grc' dir='ltr'><strong>δύο</strong></span> <span class='ocrx_word' id='word_1_337' title='bbox 1119 2586 1242 2640; x_wconf 86' lang='grc' dir='ltr'>καθ’</span> <span class='ocrx_word' id='word_1_338' title='bbox 1284 2585 1379 2637; x_wconf 77' lang='lat' dir='ltr'><strong>Eva</strong></span> <span class='ocrx_word' id='word_1_339' title='bbox 1423 2579 1491 2653; x_wconf 78' lang='grc' dir='ltr'>ἦν</span> <span class='ocrx_word' id='word_1_340' title='bbox 1543 2580 1784 2651; x_wconf 74' lang='grc' dir='ltr'>συνάψας</span> 
     </span>
    </p>
   </div>
   <div class='ocr_carea' id='block_1_43' title="bbox 225 2676 1784 2759">
    <p class='ocr_par' dir='ltr' id='par_1_43' title="bbox 225 2676 1784 2759">
     <span class='ocr_line' id='line_1_43' title="bbox 225 2676 1784 2759; baseline -0.012 -17"><span class='ocrx_word' id='word_1_341' title='bbox 225 2692 384 2759; x_wconf 80' lang='grc' dir='ltr'>αὐτῇ.</span> <span class='ocrx_word' id='word_1_342' title='bbox 433 2688 541 2740; x_wconf 79' lang='grc' dir='ltr'><strong>Καὶ</strong></span> <span class='ocrx_word' id='word_1_343' title='bbox 586 2687 662 2748; x_wconf 81' lang='grc' dir='ltr'>ὡς</span> <span class='ocrx_word' id='word_1_344' title='bbox 711 2683 935 2745; x_wconf 83' lang='grc' dir='ltr'>ἄπαιδες</span> <span class='ocrx_word' id='word_1_345' title='bbox 984 2679 1379 2749; x_wconf 84' lang='grc' dir='ltr'>ὲτελεύτσηαν,</span> <span class='ocrx_word' id='word_1_346' title='bbox 1431 2676 1784 2745; x_wconf 80' lang='grc' dir='ltr'>παρῃτήσατο</span> 
     </span>
    </p>
   </div>
   <div class='ocr_carea' id='block_1_44' title="bbox 223 2765 1786 2849">
    <p class='ocr_par' dir='ltr' id='par_1_44' title="bbox 223 2765 1786 2849">
     <span class='ocr_line' id='line_1_44' title="bbox 223 2765 1786 2849; baseline -0.012 -17"><span class='ocrx_word' id='word_1_347' title='bbox 223 2781 319 2832; x_wconf 72' lang='grc' dir='ltr'>τὸν</span> <span class='ocrx_word' id='word_1_348' title='bbox 340 2779 517 2849; x_wconf 85' lang='grc' dir='ltr'>τρίτον</span> <span class='ocrx_word' id='word_1_349' title='bbox 555 2774 719 2829; x_wconf 76' lang='grc' dir='ltr'>αὐτοῦ</span> <span class='ocrx_word' id='word_1_350' title='bbox 750 2773 979 2840; x_wconf 74' lang='grc' dir='ltr'>συνάψαι</span> <span class='ocrx_word' id='word_1_351' title='bbox 1010 2771 1146 2839; x_wconf 77' lang='grc' dir='ltr'>αὐτῇ</span> <span class='ocrx_word' id='word_1_352' title='bbox 1173 2769 1306 2832; x_wconf 84' lang='grc' dir='ltr'>υἰὺν,</span> <span class='ocrx_word' id='word_1_353' title='bbox 1329 2765 1647 2835; x_wconf 81' lang='grc' dir='ltr'>εὐλαϐηθεὶς</span> <span class='ocrx_word' id='word_1_354' title='bbox 1680 2765 1786 2832; x_wconf 85' lang='grc' dir='ltr'><strong>μή·</strong></span> 
     </span>
    </p>
   </div>
   <div class='ocr_carea' id='block_1_45' title="bbox 228 2853 1786 2933">
    <p class='ocr_par' dir='ltr' id='par_1_45' title="bbox 228 2853 1786 2933">
     <span class='ocr_line' id='line_1_45' title="bbox 228 2853 1786 2933; baseline -0.01 -12"><span class='ocrx_word' id='word_1_355' title='bbox 228 2886 361 2922; x_wconf 85' lang='grc' dir='ltr'>ποτε</span> <span class='ocrx_word' id='word_1_356' title='bbox 408 2868 501 2920; x_wconf 77' lang='grc' dir='ltr'>καὶ</span> <span class='ocrx_word' id='word_1_357' title='bbox 528 2867 704 2929; x_wconf 81' lang='grc' dir='ltr'>αὐτὸς</span> <span class='ocrx_word' id='word_1_358' title='bbox 731 2866 1049 2933; x_wconf 83' lang='grc' dir='ltr'>τελευτήσῃ.</span> <span class='ocrx_word' id='word_1_359' title='bbox 1098 2861 1294 2929; x_wconf 82' lang='grc' dir='ltr'>Θάμαρ</span> <span class='ocrx_word' id='word_1_360' title='bbox 1330 2853 1422 2910; x_wconf 85' lang='grc' dir='ltr'><strong>οῦν</strong></span> <span class='ocrx_word' id='word_1_361' title='bbox 1458 2858 1535 2917; x_wconf 91' lang='grc' dir='ltr'><strong>εἰς</strong></span> <span class='ocrx_word' id='word_1_362' title='bbox 1583 2854 1643 2906; x_wconf 85' lang='grc' dir='ltr'><strong>τὸ</strong></span> <span class='ocrx_word' id='word_1_363' title='bbox 1689 2853 1786 2922; x_wconf 80' lang='grc' dir='ltr'>τῆς</span> 
     </span>
    </p>
   </div>
   <div class='ocr_carea' id='block_1_46' title="bbox 225 2944 1785 3026">
    <p class='ocr_par' dir='ltr' id='par_1_46' title="bbox 225 2944 1785 3026">
     <span class='ocr_line' id='line_1_46' title="bbox 225 2944 1785 3026; baseline -0.013 -12"><span class='ocrx_word' id='word_1_364' title='bbox 225 2961 482 3023; x_wconf 79' lang='grc' dir='ltr'>ἀτεκνίας</span> <span class='ocrx_word' id='word_1_365' title='bbox 516 2959 710 3021; x_wconf 75' lang='grc' dir='ltr'>ὄνειδος</span> <span class='ocrx_word' id='word_1_366' title='bbox 740 2953 1131 3026; x_wconf 78' lang='grc' dir='ltr'>περιπεσοῦσα,</span> <span class='ocrx_word' id='word_1_367' title='bbox 1153 2952 1244 3003; x_wconf 77' lang='grc' dir='ltr'><strong>καὶ</strong></span> <span class='ocrx_word' id='word_1_368' title='bbox 1276 2950 1366 3001; x_wconf 82' lang='grc' dir='ltr'><strong>τὸν</strong></span> <span class='ocrx_word' id='word_1_369' title='bbox 1394 2948 1501 3001; x_wconf 79' lang='grc' dir='ltr'>ἀπὸ</span> <span class='ocrx_word' id='word_1_370' title='bbox 1521 2944 1619 3013; x_wconf 83' lang='grc' dir='ltr'>τῆς</span> <span class='ocrx_word' id='word_1_371' title='bbox 1651 2961 1785 3012; x_wconf 84' lang='grc' dir='ltr'>πορ-</span> 
     </span>
    </p>
   </div>
   <div class='ocr_carea' id='block_1_47' title="bbox 228 3037 1785 3118">
    <p class='ocr_par' dir='ltr' id='par_1_47' title="bbox 228 3037 1785 3118">
     <span class='ocr_line' id='line_1_47' title="bbox 228 3037 1785 3118; baseline -0.013 -12"><span class='ocrx_word' id='word_1_372' title='bbox 228 3053 378 3115; x_wconf 83' lang='grc' dir='ltr'>νείας</span> <span class='ocrx_word' id='word_1_373' title='bbox 426 3051 665 3105; x_wconf 83' lang='grc' dir='ltr'>κίνδυνον</span> <span class='ocrx_word' id='word_1_374' title='bbox 728 3046 1077 3118; x_wconf 75' lang='grc' dir='ltr'>ὑφορωμένη,</span> <span class='ocrx_word' id='word_1_375' title='bbox 1129 3042 1409 3111; x_wconf 80' lang='grc' dir='ltr'>οἰκονομίᾳ</span> <span class='ocrx_word' id='word_1_376' title='bbox 1467 3037 1785 3109; x_wconf 81' lang='grc' dir='ltr'>χρησαμένη</span> 
     </span>
    </p>
   </div>
   <div class='ocr_carea' id='block_1_48' title="bbox 232 3128 1786 3211">
    <p class='ocr_par' dir='ltr' id='par_1_48' title="bbox 232 3128 1786 3211">
     <span class='ocr_line' id='line_1_48' title="bbox 232 3128 1786 3211; baseline -0.014 -12"><span class='ocrx_word' id='word_1_377' title='bbox 232 3146 373 3199; x_wconf 78' lang='grc' dir='ltr'>κατὰ</span> <span class='ocrx_word' id='word_1_378' title='bbox 407 3144 495 3197; x_wconf 84' lang='grc' dir='ltr'><strong>τοῦ</strong></span> <span class='ocrx_word' id='word_1_379' title='bbox 528 3143 693 3211; x_wconf 77' lang='grc' dir='ltr'>αὐτῆς</span> <span class='ocrx_word' id='word_1_380' title='bbox 737 3138 1020 3209; x_wconf 75' lang='grc' dir='ltr'>πενθεροῦ,</span> <span class='ocrx_word' id='word_1_381' title='bbox 1056 3135 1254 3205; x_wconf 79' lang='grc' dir='ltr'>ἐμίχθη</span> <span class='ocrx_word' id='word_1_382' title='bbox 1294 3130 1463 3200; x_wconf 79' lang='grc' dir='ltr'>αὐτῷ,</span> <span class='ocrx_word' id='word_1_383' title='bbox 1498 3130 1591 3181; x_wconf 72' lang='grc' dir='ltr'><strong>καὶ</strong></span> <span class='ocrx_word' id='word_1_384' title='bbox 1618 3128 1786 3180; x_wconf 82' lang='grc' dir='ltr'>τίκτει</span> 
     </span>
    </p>
   </div>
   <div class='ocr_carea' id='block_1_49' title="bbox 230 3221 1578 3300">
    <p class='ocr_par' dir='ltr' id='par_1_49' title="bbox 230 3221 1578 3300">
     <span class='ocr_line' id='line_1_49' title="bbox 230 3221 1578 3300; baseline -0.013 -12"><span class='ocrx_word' id='word_1_385' title='bbox 230 3237 293 3300; x_wconf 76' lang='grc' dir='ltr'>ἐξ</span> <span class='ocrx_word' id='word_1_386' title='bbox 319 3234 479 3287; x_wconf 80' lang='grc' dir='ltr'>αὐτοῦ</span> <span class='ocrx_word' id='word_1_387' title='bbox 504 3232 696 3293; x_wconf 79' lang='grc' dir='ltr'>παῖδας</span> <span class='ocrx_word' id='word_1_388' title='bbox 717 3230 831 3295; x_wconf 87' lang='grc' dir='ltr'>δύο,</span> <span class='ocrx_word' id='word_1_389' title='bbox 864 3230 952 3281; x_wconf 84' lang='grc' dir='ltr'><strong>τὸν</strong></span> <span class='ocrx_word' id='word_1_390' title='bbox 974 3227 1146 3296; x_wconf 79' lang='grc' dir='ltr'>Φαρὲς</span> <span class='ocrx_word' id='word_1_391' title='bbox 1175 3224 1267 3276; x_wconf 78' lang='grc' dir='ltr'><strong>καὶ</strong></span> <span class='ocrx_word' id='word_1_392' title='bbox 1295 3221 1384 3274; x_wconf 83' lang='grc' dir='ltr'><strong>τὸν</strong></span> <span class='ocrx_word' id='word_1_393' title='bbox 1415 3221 1578 3288; x_wconf 79' lang='grc' dir='ltr'><strong>Ζαρᾶ.</strong></span> 
     </span>
    </p>
   </div>
   <div class='ocr_carea' id='block_1_50' title="bbox 310 3308 1785 3391">
    <p class='ocr_par' dir='ltr' id='par_1_50' title="bbox 310 3308 1785 3391">
     <span class='ocr_line' id='line_1_50' title="bbox 310 3308 1785 3391; baseline -0.009 -16"><span class='ocrx_word' id='word_1_394' title='bbox 310 3345 327 3375; x_wconf 76' lang='grc' dir='ltr'><strong>ι</strong></span> <span class='ocrx_word' id='word_1_395' title='bbox 379 3321 539 3377; x_wconf 81' lang='grc' dir='ltr'>Εἶπεν</span> <span class='ocrx_word' id='word_1_396' title='bbox 590 3324 623 3391; x_wconf 86' lang='grc' dir='ltr'>ή</span> <span class='ocrx_word' id='word_1_397' title='bbox 680 3319 879 3389; x_wconf 81' lang='grc' dir='ltr'>ἀδελφὴ</span> <span class='ocrx_word' id='word_1_398' title='bbox 924 3319 1129 3387; x_wconf 78' lang='grc' dir='ltr'><strong>Μωῦσῇ</strong></span> <span class='ocrx_word' id='word_1_399' title='bbox 1177 3318 1242 3385; x_wconf 80' lang='grc' dir='ltr'>τῇ</span> <span class='ocrx_word' id='word_1_400' title='bbox 1285 3313 1512 3383; x_wconf 75' lang='grc' dir='ltr'>θυγατρὶ</span> <span class='ocrx_word' id='word_1_401' title='bbox 1562 3308 1785 3383; x_wconf 72' lang='grc' dir='ltr'>Φαραώο</span> 
     </span>
    </p>
   </div>
   <div class='ocr_carea' id='block_1_51' title="bbox 229 3395 1785 3471">
    <p class='ocr_par' dir='ltr' id='par_1_51' title="bbox 229 3395 1785 3471">
     <span class='ocr_line' id='line_1_51' title="bbox 229 3395 1785 3471; baseline -0.01 -10"><span class='ocrx_word' id='word_1_402' title='bbox 229 3410 416 3471; x_wconf 76' lang='grc' dir='ltr'>Θέλεις</span> <span class='ocrx_word' id='word_1_403' title='bbox 464 3406 677 3461; x_wconf 73' lang='grc' dir='ltr'>καλέσω</span> <span class='ocrx_word' id='word_1_404' title='bbox 732 3422 810 3456; x_wconf 84' lang='grc' dir='ltr'><strong>σοι</strong></span> <span class='ocrx_word' id='word_1_405' title='bbox 864 3404 1096 3471; x_wconf 81' lang='grc' dir='ltr'>γυναῖκα</span> <span class='ocrx_word' id='word_1_406' title='bbox 1144 3399 1515 3469; x_wconf 70' lang='grc' dir='ltr'>τροφεύουσαν</span> <span class='ocrx_word' id='word_1_407' title='bbox 1569 3399 1631 3449; x_wconf 83' lang='grc' dir='ltr'>ὲκ</span> <span class='ocrx_word' id='word_1_408' title='bbox 1680 3395 1785 3446; x_wconf 77' lang='grc' dir='ltr'><strong>τῶν</strong></span> 
     </span>
    </p>
   </div>
   <div class='ocr_carea' id='block_1_52' title="bbox 238 3485 1795 3571">
    <p class='ocr_par' dir='ltr' id='par_1_52' title="bbox 238 3485 1795 3571">
     <span class='ocr_line' id='line_1_52' title="bbox 238 3485 1795 3571; baseline -0.011 -16"><span class='ocrx_word' id='word_1_409' title='bbox 238 3500 526 3571; x_wconf 78' lang='grc' dir='ltr'>Ἐϐραίων,</span> <span class='ocrx_word' id='word_1_410' title='bbox 559 3500 650 3551; x_wconf 74' lang='grc' dir='ltr'><strong>καὶ</strong></span> <span class='ocrx_word' id='word_1_411' title='bbox 694 3495 917 3565; x_wconf 86' lang='grc' dir='ltr'>θηλάσει</span> <span class='ocrx_word' id='word_1_412' title='bbox 970 3511 1051 3545; x_wconf 81' lang='grc' dir='ltr'><strong>σοι</strong></span> <span class='ocrx_word' id='word_1_413' title='bbox 1095 3493 1155 3544; x_wconf 82' lang='grc' dir='ltr'>τὸ</span> <span class='ocrx_word' id='word_1_414' title='bbox 1207 3491 1412 3543; x_wconf 86' lang='grc' dir='ltr'>παιδίον</span> <span class='ocrx_word' id='word_1_415' title='bbox 1444 3507 1458 3553; x_wconf 89' lang='lat'><strong>;</strong></span> <span class='ocrx_word' id='word_1_416' title='bbox 1492 3489 1603 3541; x_wconf 84' lang='lat' dir='ltr'><strong>Kal.</strong></span> <span class='ocrx_word' id='word_1_417' title='bbox 1644 3485 1795 3539; x_wconf 78' lang='grc' dir='ltr'>εἶπεν</span> 
     </span>
    </p>
   </div>
   <div class='ocr_carea' id='block_1_53' title="bbox 229 3578 1792 3660">
    <p class='ocr_par' dir='ltr' id='par_1_53' title="bbox 229 3578 1792 3660">
     <span class='ocr_line' id='line_1_53' title="bbox 229 3578 1792 3660; baseline -0.01 -17"><span class='ocrx_word' id='word_1_418' title='bbox 229 3593 370 3660; x_wconf 79' lang='grc' dir='ltr'>αὐτῇ</span> <span class='ocrx_word' id='word_1_419' title='bbox 419 3593 451 3659; x_wconf 81' lang='grc' dir='ltr'>ἡ</span> <span class='ocrx_word' id='word_1_420' title='bbox 500 3589 741 3657; x_wconf 80' lang='grc' dir='ltr'>θυγάτηρ</span> <span class='ocrx_word' id='word_1_421' title='bbox 790 3585 1007 3656; x_wconf 80' lang='grc' dir='ltr'>Φαραῶ,</span> <span class='ocrx_word' id='word_1_422' title='bbox 1060 3582 1321 3652; x_wconf 85' lang='grc' dir='ltr'>Πορεύου.</span> <span class='ocrx_word' id='word_1_423' title='bbox 1366 3578 1627 3632; x_wconf 85' lang='grc' dir='ltr'>Ἐλθοῦσα</span> <span class='ocrx_word' id='word_1_424' title='bbox 1667 3579 1792 3647; x_wconf 76' lang='grc' dir='ltr'><strong>δἐἠ</strong></span> 
     </span>
    </p>
   </div>
   <div class='ocr_carea' id='block_1_54' title="bbox 232 3665 1786 3746">
    <p class='ocr_par' dir='ltr' id='par_1_54' title="bbox 232 3665 1786 3746">
     <span class='ocr_line' id='line_1_54' title="bbox 232 3665 1786 3746; baseline -0.01 -13"><span class='ocrx_word' id='word_1_425' title='bbox 232 3680 677 3744; x_wconf 78' lang='grc' dir='ltr'>νεᾶνις,’ὲκάλεσε</span> <span class='ocrx_word' id='word_1_426' title='bbox 722 3676 819 3746; x_wconf 81' lang='grc' dir='ltr'><strong>τὴν</strong></span> <span class='ocrx_word' id='word_1_427' title='bbox 868 3675 1077 3744; x_wconf 87' lang='grc' dir='ltr'>μητέρα</span> <span class='ocrx_word' id='word_1_428' title='bbox 1129 3671 1221 3724; x_wconf 87' lang='grc' dir='ltr'><strong>τοῦ</strong></span> <span class='ocrx_word' id='word_1_429' title='bbox 1268 3670 1503 3724; x_wconf 83' lang='grc' dir='ltr'>παιδίου.</span> <span class='ocrx_word' id='word_1_430' title='bbox 1546 3665 1676 3721; x_wconf 83' lang='grc' dir='ltr'>Εἷπε</span> <span class='ocrx_word' id='word_1_431' title='bbox 1729 3669 1786 3720; x_wconf 75' lang='grc' dir='ltr'>δὲ</span> 
     </span>
    </p>
   </div>
   <div class='ocr_carea' id='block_1_55' title="bbox 230 3761 1787 3843">
    <p class='ocr_par' dir='ltr' id='par_1_55' title="bbox 230 3761 1787 3843">
     <span class='ocr_line' id='line_1_55' title="bbox 230 3761 1787 3843; baseline -0.01 -17"><span class='ocrx_word' id='word_1_432' title='bbox 230 3773 369 3843; x_wconf 80' lang='grc' dir='ltr'>πρὸς</span> <span class='ocrx_word' id='word_1_433' title='bbox 400 3772 567 3841; x_wconf 78' lang='grc' dir='ltr'>αὐτὴν</span> <span class='ocrx_word' id='word_1_434' title='bbox 614 3772 647 3840; x_wconf 80' lang='grc' dir='ltr'><strong>ἡ</strong></span> <span class='ocrx_word' id='word_1_435' title='bbox 688 3768 931 3837; x_wconf 75' lang='grc' dir='ltr'>θυγάτηρ</span> <span class='ocrx_word' id='word_1_436' title='bbox 974 3765 1200 3837; x_wconf 81' lang='grc' dir='ltr'>Φαραῶ·</span> <span class='ocrx_word' id='word_1_437' title='bbox 1228 3762 1565 3832; x_wconf 82' lang='grc' dir='ltr'>Διατήρησόν</span> <span class='ocrx_word' id='word_1_438' title='bbox 1611 3777 1699 3829; x_wconf 88' lang='grc' dir='ltr'><strong>μοι</strong></span> <span class='ocrx_word' id='word_1_439' title='bbox 1729 3761 1787 3811; x_wconf 81' lang='grc' dir='ltr'><strong>τὸ</strong></span> 
     </span>
    </p>
   </div>
   <div class='ocr_carea' id='block_1_56' title="bbox 230 3850 1794 3929">
    <p class='ocr_par' dir='ltr' id='par_1_56' title="bbox 230 3850 1794 3929">
     <span class='ocr_line' id='line_1_56' title="bbox 230 3850 1794 3929; baseline -0.008 -14"><span class='ocrx_word' id='word_1_440' title='bbox 230 3864 443 3915; x_wconf 81' lang='grc' dir='ltr'>παιδίον</span> <span class='ocrx_word' id='word_1_441' title='bbox 468 3862 645 3923; x_wconf 82' lang='grc' dir='ltr'>τούτο,</span> <span class='ocrx_word' id='word_1_442' title='bbox 694 3861 788 3911; x_wconf 68' lang='grc' dir='ltr'><strong>καλ⁸</strong></span> <span class='ocrx_word' id='word_1_443' title='bbox 838 3857 1069 3929; x_wconf 82' lang='grc' dir='ltr'>θήλασόν</span> <span class='ocrx_word' id='word_1_444' title='bbox 1108 3874 1196 3926; x_wconf 89' lang='grc' dir='ltr'><strong>μοι</strong></span> <span class='ocrx_word' id='word_1_445' title='bbox 1230 3855 1393 3909; x_wconf 80' lang='grc' dir='ltr'>αύτό·</span> <span class='ocrx_word' id='word_1_446' title='bbox 1426 3851 1534 3921; x_wconf 83' lang='grc' dir='ltr'><strong>ἐγὼ</strong></span> <span class='ocrx_word' id='word_1_447' title='bbox 1562 3852 1617 3904; x_wconf 83' lang='grc' dir='ltr'>δὲ</span> <span class='ocrx_word' id='word_1_448' title='bbox 1641 3850 1794 3904; x_wconf 84' lang='grc' dir='ltr'>δώσω</span> 
     </span>
    </p>
   </div>
   <div class='ocr_carea' id='block_1_57' title="bbox 231 3940 1796 4018">
    <p class='ocr_par' dir='ltr' id='par_1_57' title="bbox 231 3940 1796 4018">
     <span class='ocr_line' id='line_1_57' title="bbox 231 3940 1796 4018; baseline -0.008 -14"><span class='ocrx_word' id='word_1_449' title='bbox 231 3970 317 4005; x_wconf 85' lang='grc' dir='ltr'><strong>σοι</strong></span> <span class='ocrx_word' id='word_1_450' title='bbox 356 3952 445 4003; x_wconf 76' lang='grc' dir='ltr'><strong>τὸν</strong></span> <span class='ocrx_word' id='word_1_451' title='bbox 480 3949 688 4018; x_wconf 83' lang='grc' dir='ltr'>μισθόν.</span> <span class='ocrx_word' id='word_1_452' title='bbox 734 3948 844 4001; x_wconf 76' lang='grc' dir='ltr'><strong>Καὶ</strong></span> <span class='ocrx_word' id='word_1_453' title='bbox 892 3945 1079 3999; x_wconf 77' lang='grc' dir='ltr'>ἔλαϐεν</span> <span class='ocrx_word' id='word_1_454' title='bbox 1106 3947 1138 4015; x_wconf 79' lang='grc' dir='ltr'><strong>ἡ</strong></span> <span class='ocrx_word' id='word_1_455' title='bbox 1169 3943 1306 4011; x_wconf 75' lang='grc' dir='ltr'>γυνὴ</span> <span class='ocrx_word' id='word_1_456' title='bbox 1337 3943 1398 3994; x_wconf 84' lang='grc' dir='ltr'><strong>τὸ</strong></span> <span class='ocrx_word' id='word_1_457' title='bbox 1427 3941 1661 4006; x_wconf 89' lang='grc' dir='ltr'>παιδίον,</span> <span class='ocrx_word' id='word_1_458' title='bbox 1701 3940 1796 3992; x_wconf 77' lang='grc' dir='ltr'>καὶ</span> 
     </span>
    </p>
   </div>
   <div class='ocr_carea' id='block_1_58' title="bbox 229 4042 727 4108">
    <p class='ocr_par' dir='ltr' id='par_1_58' title="bbox 229 4042 727 4108">
     <span class='ocr_line' id='line_1_58' title="bbox 229 4042 727 4108; baseline -0.01 -13"><span class='ocrx_word' id='word_1_459' title='bbox 229 4044 492 4108; x_wconf 71' lang='grc' dir='ltr'>ἐθήλασεν</span> <span class='ocrx_word' id='word_1_460' title='bbox 522 4042 671 4094; x_wconf 77' lang='grc' dir='ltr'>αύτό.</span> <span class='ocrx_word' id='word_1_461' title='bbox 710 4058 727 4089; x_wconf 74' lang='grc' dir='ltr'><strong>ι</strong></span> 
     </span>
    </p>
   </div>
   <div class='ocr_carea' id='block_1_59' title="bbox 296 4122 1796 4203">
    <p class='ocr_par' dir='ltr' id='par_1_59' title="bbox 296 4122 1796 4203">
     <span class='ocr_line' id='line_1_59' title="bbox 296 4122 1796 4203; baseline -0.007 -14"><span class='ocrx_word' id='word_1_462' title='bbox 296 4122 327 4189; x_wconf 61' lang='grc' dir='ltr'><strong>ἰ</strong></span> <span class='ocrx_word' id='word_1_463' title='bbox 378 4136 715 4189; x_wconf 81' lang='grc' dir='ltr'>Ἀπέστειλεν</span> <span class='ocrx_word' id='word_1_464' title='bbox 761 4135 963 4203; x_wconf 85' lang='grc' dir='ltr'>Ἰησους</span> <span class='ocrx_word' id='word_1_465' title='bbox 984 4131 1076 4183; x_wconf 88' lang='grc' dir='ltr'><strong>δύο</strong></span> <span class='ocrx_word' id='word_1_466' title='bbox 1106 4130 1304 4200; x_wconf 81' lang='grc' dir='ltr'>ἄνδρας</span> <span class='ocrx_word' id='word_1_467' title='bbox 1338 4131 1402 4181; x_wconf 86' lang='grc' dir='ltr'>ὲκ</span> <span class='ocrx_word' id='word_1_468' title='bbox 1449 4130 1623 4196; x_wconf 87' lang='grc' dir='ltr'>Σατιμ</span> <span class='ocrx_word' id='word_1_469' title='bbox 1671 4143 1796 4179; x_wconf 86' lang='grc' dir='ltr'>σκο-</span> 
     </span>
    </p>
   </div>
   <div class='ocr_carea' id='block_1_60' title="bbox 232 4219 1797 4298">
    <p class='ocr_par' dir='ltr' id='par_1_60' title="bbox 232 4219 1797 4298">
     <span class='ocr_line' id='line_1_60' title="bbox 232 4219 1797 4298; baseline -0.009 -16"><span class='ocrx_word' id='word_1_470' title='bbox 232 4229 432 4283; x_wconf 85' lang='grc' dir='ltr'>πεῦσαι</span> <span class='ocrx_word' id='word_1_471' title='bbox 469 4226 567 4298; x_wconf 82' lang='grc' dir='ltr'><strong>τὴν</strong></span> <span class='ocrx_word' id='word_1_472' title='bbox 624 4230 724 4295; x_wconf 80' lang='grc' dir='ltr'><strong>γῆν</strong></span> <span class='ocrx_word' id='word_1_473' title='bbox 770 4227 863 4277; x_wconf 76' lang='grc' dir='ltr'><strong>καὶ</strong></span> <span class='ocrx_word' id='word_1_474' title='bbox 909 4224 1006 4291; x_wconf 84' lang='grc' dir='ltr'>τὴν</span> <span class='ocrx_word' id='word_1_475' title='bbox 1047 4222 1272 4291; x_wconf 81' lang='grc' dir='ltr'>Ἱεριχῶ.</span> <span class='ocrx_word' id='word_1_476' title='bbox 1300 4221 1407 4273; x_wconf 78' lang='grc' dir='ltr'>Καὶ</span> <span class='ocrx_word' id='word_1_477' title='bbox 1436 4219 1686 4286; x_wconf 77' lang='grc' dir='ltr'>εἰσῆλθον</span> <span class='ocrx_word' id='word_1_478' title='bbox 1718 4220 1797 4280; x_wconf 91' lang='grc' dir='ltr'><strong>εἰς</strong></span> 
     </span>
    </p>
   </div>
   <div class='ocr_carea' id='block_1_61' title="bbox 240 4310 1800 4390">
    <p class='ocr_par' dir='ltr' id='par_1_61' title="bbox 240 4310 1800 4390">
     <span class='ocr_line' id='line_1_61' title="bbox 240 4310 1800 4390; baseline -0.008 -15"><span class='ocrx_word' id='word_1_479' title='bbox 240 4323 413 4375; x_wconf 63' lang='grc' dir='ltr'>λίκίαν</span> <span class='ocrx_word' id='word_1_480' title='bbox 438 4319 691 4388; x_wconf 73' lang='grc' dir='ltr'>γυναικὸς</span> <span class='ocrx_word' id='word_1_481' title='bbox 738 4318 962 4386; x_wconf 73' lang='grc' dir='ltr'>πόρνης,</span> <span class='ocrx_word' id='word_1_482' title='bbox 1003 4310 1239 4390; x_wconf 80' lang='grc' dir='ltr'>ᾖὸνομα</span> <span class='ocrx_word' id='word_1_483' title='bbox 1284 4312 1470 4375; x_wconf 81' lang='grc' dir='ltr'>Ῥαὰϐ,</span> <span class='ocrx_word' id='word_1_484' title='bbox 1519 4328 1613 4365; x_wconf 87' lang='grc' dir='ltr'><strong>και</strong></span> <span class='ocrx_word' id='word_1_485' title='bbox 1669 4329 1800 4363; x_wconf 85' lang='grc' dir='ltr'>κατ-</span> 
     </span>
    </p>
   </div>
   <div class='ocr_carea' id='block_1_62' title="bbox 231 4403 1800 4477">
    <p class='ocr_par' dir='ltr' id='par_1_62' title="bbox 231 4403 1800 4477">
     <span class='ocr_line' id='line_1_62' title="bbox 231 4403 1800 4477; baseline -0.008 -10"><span class='ocrx_word' id='word_1_486' title='bbox 231 4415 431 4468; x_wconf 84' lang='grc' dir='ltr'>έλυσαν</span> <span class='ocrx_word' id='word_1_487' title='bbox 480 4413 615 4465; x_wconf 74' lang='grc' dir='ltr'>ἐκεῖ.</span> <span class='ocrx_word' id='word_1_488' title='bbox 649 4410 756 4463; x_wconf 83' lang='lat' dir='ltr'><strong>Kal.</strong></span> <span class='ocrx_word' id='word_1_489' title='bbox 783 4410 1071 4477; x_wconf 79' lang='grc' dir='ltr'>ἀπηγγέλη</span> <span class='ocrx_word' id='word_1_490' title='bbox 1107 4407 1186 4475; x_wconf 81' lang='grc' dir='ltr'>τῷ</span> <span class='ocrx_word' id='word_1_491' title='bbox 1215 4404 1421 4475; x_wconf 85' lang='grc' dir='ltr'>βασιλεῖ</span> <span class='ocrx_word' id='word_1_492' title='bbox 1456 4403 1682 4474; x_wconf 86' lang='grc' dir='ltr'>Ἰεριχῶ,</span> <span class='ocrx_word' id='word_1_493' title='bbox 1715 4403 1800 4455; x_wconf 88' lang='grc' dir='ltr'>λε-</span> 
     </span>
    </p>
   </div>
   <div class='ocr_carea' id='block_1_63' title="bbox 230 4493 1798 4573">
    <p class='ocr_par' dir='ltr' id='par_1_63' title="bbox 230 4493 1798 4573">
     <span class='ocr_line' id='line_1_63' title="bbox 230 4493 1798 4573; baseline -0.007 -16"><span class='ocrx_word' id='word_1_494' title='bbox 230 4506 441 4573; x_wconf 83' lang='grc' dir='ltr'>γόντων</span> <span class='ocrx_word' id='word_1_495' title='bbox 462 4520 476 4536; x_wconf 75' lang='grc' dir='ltr'><strong>ο</strong></span> <span class='ocrx_word' id='word_1_496' title='bbox 524 4503 985 4569; x_wconf 84' lang='grc' dir='ltr'>Εἰσπεπόρευνται</span> <span class='ocrx_word' id='word_1_497' title='bbox 1018 4493 1118 4552; x_wconf 84' lang='grc' dir='ltr'>ὧδε</span> <span class='ocrx_word' id='word_1_498' title='bbox 1147 4497 1338 4567; x_wconf 82' lang='grc' dir='ltr'>ἄνδρες</span> <span class='ocrx_word' id='word_1_499' title='bbox 1386 4495 1492 4548; x_wconf 82' lang='grc' dir='ltr'>τῶν</span> <span class='ocrx_word' id='word_1_500' title='bbox 1538 4495 1669 4548; x_wconf 84' lang='grc' dir='ltr'>υἰῶν</span> <span class='ocrx_word' id='word_1_501' title='bbox 1701 4495 1798 4547; x_wconf 85' lang='grc' dir='ltr'><strong>Ἰσ-</strong></span> 
     </span>
    </p>
   </div>
   <div class='ocr_carea' id='block_1_64' title="bbox 234 4586 1797 4668">
    <p class='ocr_par' dir='ltr' id='par_1_64' title="bbox 234 4586 1797 4668">
     <span class='ocr_line' id='line_1_64' title="bbox 234 4586 1797 4668; baseline -0.008 -18"><span class='ocrx_word' id='word_1_502' title='bbox 234 4596 379 4668; x_wconf 77' lang='grc' dir='ltr'>ραὴλ</span> <span class='ocrx_word' id='word_1_503' title='bbox 403 4595 842 4648; x_wconf 79' lang='grc' dir='ltr'>κατασκοπεῦσαι</span> <span class='ocrx_word' id='word_1_504' title='bbox 878 4592 975 4663; x_wconf 78' lang='grc' dir='ltr'>τὴν</span> <span class='ocrx_word' id='word_1_505' title='bbox 1013 4592 1132 4659; x_wconf 84' lang='grc' dir='ltr'>γῆν.</span> <span class='ocrx_word' id='word_1_506' title='bbox 1167 4592 1274 4642; x_wconf 79' lang='lat' dir='ltr'><strong>Kal.</strong></span> <span class='ocrx_word' id='word_1_507' title='bbox 1306 4589 1619 4642; x_wconf 76' lang='grc' dir='ltr'>ἀπέστειλεν</span> <span class='ocrx_word' id='word_1_508' title='bbox 1647 4589 1675 4639; x_wconf 93' lang='lat'><strong>6</strong></span> <span class='ocrx_word' id='word_1_509' title='bbox 1700 4586 1797 4668; x_wconf 53' lang='grc' dir='ltr'><strong>βας</strong></span> 
     </span>
    </p>
   </div>
   <div class='ocr_carea' id='block_1_65' title="bbox 236 4673 1769 4755">
    <p class='ocr_par' dir='ltr' id='par_1_65' title="bbox 236 4673 1769 4755">
     <span class='ocr_line' id='line_1_65' title="bbox 236 4673 1769 4755; baseline -0.007 -19"><span class='ocrx_word' id='word_1_510' title='bbox 236 4687 424 4747; x_wconf 74' lang='grc' dir='ltr'>σιλεὺς</span> <span class='ocrx_word' id='word_1_511' title='bbox 461 4683 692 4755; x_wconf 87' lang='grc' dir='ltr'>Ἱεριχῶ,</span> <span class='ocrx_word' id='word_1_512' title='bbox 722 4683 814 4735; x_wconf 78' lang='grc' dir='ltr'><strong>καὶ</strong></span> <span class='ocrx_word' id='word_1_513' title='bbox 846 4676 997 4733; x_wconf 82' lang='grc' dir='ltr'>εἶπεν</span> <span class='ocrx_word' id='word_1_514' title='bbox 1030 4696 1164 4747; x_wconf 87' lang='grc' dir='ltr'>προς</span> <span class='ocrx_word' id='word_1_515' title='bbox 1206 4676 1395 4739; x_wconf 76' lang='grc' dir='ltr'>Ῥαὰϐ,</span> <span class='ocrx_word' id='word_1_516' title='bbox 1430 4684 1602 4743; x_wconf 81' lang='grc' dir='ltr'>λεγων</span> <span class='ocrx_word' id='word_1_517' title='bbox 1626 4691 1637 4704; x_wconf 91' lang='grc'>·</span> <span class='ocrx_word' id='word_1_518' title='bbox 1677 4673 1769 4737; x_wconf 79' lang='grc' dir='ltr'><strong>Ἐξ</strong></span> 
     </span>
    </p>
   </div>
   <div class='ocr_carea' id='block_1_66' title="bbox 236 4763 1793 4843">
    <p class='ocr_par' dir='ltr' id='par_1_66' title="bbox 236 4763 1793 4843">
     <span class='ocr_line' id='line_1_66' title="bbox 236 4763 1793 4843; baseline -0.008 -15"><span class='ocrx_word' id='word_1_519' title='bbox 236 4777 411 4843; x_wconf 78' lang='grc' dir='ltr'>ἀγαγε</span> <span class='ocrx_word' id='word_1_520' title='bbox 427 4776 550 4837; x_wconf 83' lang='grc' dir='ltr'>τοὺς</span> <span class='ocrx_word' id='word_1_521' title='bbox 575 4772 1053 4843; x_wconf 83' lang='grc' dir='ltr'>εἰσπορευομένους</span> <span class='ocrx_word' id='word_1_522' title='bbox 1072 4771 1151 4831; x_wconf 86' lang='grc' dir='ltr'><strong>εἰς</strong></span> <span class='ocrx_word' id='word_1_523' title='bbox 1171 4768 1267 4838; x_wconf 87' lang='grc' dir='ltr'>τὴν</span> <span class='ocrx_word' id='word_1_524' title='bbox 1287 4768 1461 4819; x_wconf 90' lang='grc' dir='ltr'>οἰκίαν</span> <span class='ocrx_word' id='word_1_525' title='bbox 1486 4782 1577 4817; x_wconf 89' lang='grc' dir='ltr'><strong>σου</strong></span> <span class='ocrx_word' id='word_1_526' title='bbox 1608 4763 1793 4815; x_wconf 84' lang='grc' dir='ltr'>νύκτα.</span> 
     </span>
    </p>
   </div>
   <div class='ocr_carea' id='block_1_67' title="bbox 240 4855 1796 4933">
    <p class='ocr_par' dir='ltr' id='par_1_67' title="bbox 240 4855 1796 4933">
     <span class='ocr_line' id='line_1_67' title="bbox 240 4855 1796 4933; baseline -0.01 -14"><span class='ocrx_word' id='word_1_527' title='bbox 240 4865 691 4919; x_wconf 82' lang='grc' dir='ltr'>Κατασκοπεῦσαι</span> <span class='ocrx_word' id='word_1_528' title='bbox 723 4864 831 4933; x_wconf 76' lang='grc' dir='ltr'><strong>γάρ</strong></span> <span class='ocrx_word' id='word_1_529' title='bbox 859 4863 956 4931; x_wconf 82' lang='grc' dir='ltr'><strong>τὴν</strong></span> <span class='ocrx_word' id='word_1_530' title='bbox 987 4864 1089 4931; x_wconf 86' lang='grc' dir='ltr'>γῆν</span> <span class='ocrx_word' id='word_1_531' title='bbox 1122 4861 1343 4929; x_wconf 72' lang='grc' dir='ltr'>ἦκασιψ</span> <span class='ocrx_word' id='word_1_532' title='bbox 1370 4858 1463 4908; x_wconf 70' lang='grc' dir='ltr'><strong>καὶ</strong></span> <span class='ocrx_word' id='word_1_533' title='bbox 1494 4855 1728 4909; x_wconf 88' lang='grc' dir='ltr'>λαϐοῦσα</span> <span class='ocrx_word' id='word_1_534' title='bbox 1764 4856 1796 4922; x_wconf 79' lang='grc' dir='ltr'><strong>ἡ</strong></span> 
     </span>
    </p>
   </div>
   <div class='ocr_carea' id='block_1_68' title="bbox 239 4944 1794 5027">
    <p class='ocr_par' dir='ltr' id='par_1_68' title="bbox 239 4944 1794 5027">
     <span class='ocr_line' id='line_1_68' title="bbox 239 4944 1794 5027; baseline -0.008 -19"><span class='ocrx_word' id='word_1_535' title='bbox 239 4960 378 5027; x_wconf 78' lang='grc' dir='ltr'>γυνὴ</span> <span class='ocrx_word' id='word_1_536' title='bbox 418 4958 543 5020; x_wconf 78' lang='grc' dir='ltr'>τοὺς</span> <span class='ocrx_word' id='word_1_537' title='bbox 587 4958 805 5025; x_wconf 80' lang='grc' dir='ltr'>ἄνδρας,</span> <span class='ocrx_word' id='word_1_538' title='bbox 842 4954 1094 5024; x_wconf 73' lang='grc' dir='ltr'>ἔκρυψεν.</span> <span class='ocrx_word' id='word_1_539' title='bbox 1137 4953 1244 5003; x_wconf 76' lang='lat' dir='ltr'><strong>Kal</strong></span> <span class='ocrx_word' id='word_1_540' title='bbox 1277 4946 1436 5002; x_wconf 78' lang='grc' dir='ltr'>εἶπεν</span> <span class='ocrx_word' id='word_1_541' title='bbox 1461 4967 1473 4977; x_wconf 88' lang='grc'><strong>·</strong></span> <span class='ocrx_word' id='word_1_542' title='bbox 1512 4944 1794 5015; x_wconf 83' lang='grc' dir='ltr'>Εἱσεληλύ-</span> 
     </span>
    </p>
   </div>
   <div class='ocr_carea' id='block_1_69' title="bbox 240 5038 1798 5115">
    <p class='ocr_par' dir='ltr' id='par_1_69' title="bbox 240 5038 1798 5115">
     <span class='ocr_line' id='line_1_69' title="bbox 240 5038 1798 5115; baseline -0.008 -16"><span class='ocrx_word' id='word_1_543' title='bbox 240 5048 367 5099; x_wconf 85' lang='grc' dir='ltr'>θασι</span> <span class='ocrx_word' id='word_1_544' title='bbox 401 5048 533 5115; x_wconf 85' lang='grc' dir='ltr'>πρός</span> <span class='ocrx_word' id='word_1_545' title='bbox 568 5063 635 5114; x_wconf 89' lang='grc' dir='ltr'><strong>με</strong></span> <span class='ocrx_word' id='word_1_546' title='bbox 664 5048 713 5098; x_wconf 90' lang='grc' dir='ltr'><strong>οἰ</strong></span> <span class='ocrx_word' id='word_1_547' title='bbox 757 5044 1046 5115; x_wconf 84' lang='grc' dir='ltr'>ἄνθρωποι,</span> <span class='ocrx_word' id='word_1_548' title='bbox 1079 5042 1151 5101; x_wconf 81' lang='grc' dir='ltr'>ὡς</span> <span class='ocrx_word' id='word_1_549' title='bbox 1180 5041 1235 5093; x_wconf 76' lang='grc' dir='ltr'><strong>δὲ</strong></span> <span class='ocrx_word' id='word_1_550' title='bbox 1264 5042 1298 5110; x_wconf 83' lang='grc' dir='ltr'>ὴ</span> <span class='ocrx_word' id='word_1_551' title='bbox 1329 5038 1470 5106; x_wconf 83' lang='grc' dir='ltr'>πύλη</span> <span class='ocrx_word' id='word_1_552' title='bbox 1494 5038 1798 5089; x_wconf 83' lang='grc' dir='ltr'>ἑκέκλειστο</span> 
     </span>
    </p>
   </div>
   <div class='ocr_carea' id='block_1_70' title="bbox 239 5129 1798 5207">
    <p class='ocr_par' dir='ltr' id='par_1_70' title="bbox 239 5129 1798 5207">
     <span class='ocr_line' id='line_1_70' title="bbox 239 5129 1798 5207; baseline -0.009 -16"><span class='ocrx_word' id='word_1_553' title='bbox 239 5142 301 5191; x_wconf 79' lang='grc' dir='ltr'>ἐν</span> <span class='ocrx_word' id='word_1_554' title='bbox 333 5138 407 5207; x_wconf 76' lang='grc' dir='ltr'>τῷ</span> <span class='ocrx_word' id='word_1_555' title='bbox 435 5136 633 5195; x_wconf 79' lang='grc' dir='ltr'>σκότει,</span> <span class='ocrx_word' id='word_1_556' title='bbox 658 5138 751 5188; x_wconf 75' lang='grc' dir='ltr'><strong>καὶ</strong></span> <span class='ocrx_word' id='word_1_557' title='bbox 776 5136 824 5187; x_wconf 86' lang='grc' dir='ltr'><strong>οἰ</strong></span> <span class='ocrx_word' id='word_1_558' title='bbox 844 5133 1032 5202; x_wconf 81' lang='grc' dir='ltr'>ἄνδρες</span> <span class='ocrx_word' id='word_1_559' title='bbox 1058 5131 1299 5199; x_wconf 80' lang='grc' dir='ltr'>ἐξῆλθον,</span> <span class='ocrx_word' id='word_1_560' title='bbox 1324 5132 1417 5183; x_wconf 73' lang='grc' dir='ltr'><strong>καὶ</strong></span> <span class='ocrx_word' id='word_1_561' title='bbox 1447 5130 1544 5181; x_wconf 84' lang='grc' dir='ltr'><strong>οὐκ</strong></span> <span class='ocrx_word' id='word_1_562' title='bbox 1574 5129 1798 5179; x_wconf 82' lang='grc' dir='ltr'>ἐπίστα-</span> 
     </span>
    </p>
   </div>
   <div class='ocr_carea' id='block_1_71' title="bbox 244 5215 1800 5298">
    <p class='ocr_par' dir='ltr' id='par_1_71' title="bbox 244 5215 1800 5298">
     <span class='ocr_line' id='line_1_71' title="bbox 244 5215 1800 5298; baseline -0.01 -15"><span class='ocrx_word' id='word_1_563' title='bbox 244 5248 343 5298; x_wconf 83' lang='grc' dir='ltr'><strong>μαι</strong></span> <span class='ocrx_word' id='word_1_564' title='bbox 374 5228 475 5278; x_wconf 81' lang='grc' dir='ltr'><strong>ποῦ</strong></span> <span class='ocrx_word' id='word_1_565' title='bbox 505 5225 882 5295; x_wconf 72' lang='grc' dir='ltr'>πεπόρευνται.</span> <span class='ocrx_word' id='word_1_566' title='bbox 908 5225 1014 5277; x_wconf 81' lang='lat' dir='ltr'><strong>Ka‘t</strong></span> <span class='ocrx_word' id='word_1_567' title='bbox 1044 5220 1405 5283; x_wconf 84' lang='grc' dir='ltr'>καταδιώΞατε</span> <span class='ocrx_word' id='word_1_568' title='bbox 1426 5221 1600 5272; x_wconf 83' lang='grc' dir='ltr'>ὀπίσω</span> <span class='ocrx_word' id='word_1_569' title='bbox 1622 5215 1800 5270; x_wconf 81' lang='grc' dir='ltr'>αὐτῶν</span> 
     </span>
    </p>
   </div>
   <div class='ocr_carea' id='block_1_72' title="bbox 244 5310 1799 5385">
    <p class='ocr_par' dir='ltr' id='par_1_72' title="bbox 244 5310 1799 5385">
     <span class='ocr_line' id='line_1_72' title="bbox 244 5310 1799 5385; baseline -0.007 -15"><span class='ocrx_word' id='word_1_570' title='bbox 244 5323 343 5370; x_wconf 66' lang='grc' dir='ltr'><strong>καὶ</strong></span> <span class='ocrx_word' id='word_1_571' title='bbox 378 5314 759 5385; x_wconf 73' lang='grc' dir='ltr'>καταλήψεσθε</span> <span class='ocrx_word' id='word_1_572' title='bbox 811 5314 1028 5373; x_wconf 81' lang='grc' dir='ltr'>αύτούς.</span> <span class='ocrx_word' id='word_1_573' title='bbox 1071 5312 1219 5381; x_wconf 74' lang='grc' dir='ltr'>Αὕτη</span> <span class='ocrx_word' id='word_1_574' title='bbox 1251 5312 1307 5363; x_wconf 82' lang='grc' dir='ltr'><strong>δὲ</strong></span> <span class='ocrx_word' id='word_1_575' title='bbox 1346 5310 1663 5362; x_wconf 81' lang='grc' dir='ltr'>ἀνεϐίϐασεν</span> <span class='ocrx_word' id='word_1_576' title='bbox 1704 5310 1799 5359; x_wconf 85' lang='grc' dir='ltr'>αύ-</span> 
     </span>
    </p>
   </div>
   <div class='ocr_carea' id='block_1_73' title="bbox 240 5401 1799 5475">
    <p class='ocr_par' dir='ltr' id='par_1_73' title="bbox 240 5401 1799 5475">
     <span class='ocr_line' id='line_1_73' title="bbox 240 5401 1799 5475; baseline -0.007 -15"><span class='ocrx_word' id='word_1_577' title='bbox 240 5409 367 5469; x_wconf 67' lang='grc' dir='ltr'>τούς</span> <span class='ocrx_word' id='word_1_578' title='bbox 420 5409 510 5458; x_wconf 69' lang='grc' dir='ltr'>ἐπὶ</span> <span class='ocrx_word' id='word_1_579' title='bbox 555 5408 616 5458; x_wconf 80' lang='grc' dir='ltr'><strong>τὸ</strong></span> <span class='ocrx_word' id='word_1_580' title='bbox 662 5405 833 5475; x_wconf 79' lang='grc' dir='ltr'>δῶμα,</span> <span class='ocrx_word' id='word_1_581' title='bbox 866 5406 958 5457; x_wconf 71' lang='grc' dir='ltr'><strong>καὶ</strong></span> <span class='ocrx_word' id='word_1_582' title='bbox 989 5404 1218 5474; x_wconf 68' lang='grc' dir='ltr'>ἔκρυψεν</span> <span class='ocrx_word' id='word_1_583' title='bbox 1252 5404 1308 5455; x_wconf 79' lang='grc' dir='ltr'><strong>ὲν</strong></span> <span class='ocrx_word' id='word_1_584' title='bbox 1351 5406 1459 5461; x_wconf 82' lang='grc' dir='ltr'>τοῖς</span> <span class='ocrx_word' id='word_1_585' title='bbox 1497 5401 1671 5467; x_wconf 80' lang='grc' dir='ltr'>ξύλοις</span> <span class='ocrx_word' id='word_1_586' title='bbox 1700 5402 1799 5469; x_wconf 76' lang='grc' dir='ltr'><strong>τῆς</strong></span> 
     </span>
    </p>
   </div>
   <div class='ocr_carea' id='block_1_74' title="bbox 238 5491 1800 5569">
    <p class='ocr_par' dir='ltr' id='par_1_74' title="bbox 238 5491 1800 5569">
     <span class='ocr_line' id='line_1_74' title="bbox 238 5491 1800 5569; baseline -0.006 -19"><span class='ocrx_word' id='word_1_587' title='bbox 238 5498 625 5569; x_wconf 72' lang='grc' dir='ltr'>ληνοκαλάμης</span> <span class='ocrx_word' id='word_1_588' title='bbox 663 5498 759 5566; x_wconf 82' lang='grc' dir='ltr'>τῆς</span> <span class='ocrx_word' id='word_1_589' title='bbox 806 5495 1228 5564; x_wconf 82' lang='grc' dir='ltr'>ὲστοιϐασμένης</span> <span class='ocrx_word' id='word_1_590' title='bbox 1259 5495 1395 5563; x_wconf 81' lang='grc' dir='ltr'>αὐτῇ</span> <span class='ocrx_word' id='word_1_591' title='bbox 1430 5494 1521 5545; x_wconf 76' lang='grc' dir='ltr'><strong>ἐπὶ</strong></span> <span class='ocrx_word' id='word_1_592' title='bbox 1554 5492 1645 5544; x_wconf 79' lang='grc' dir='ltr'><strong>τοῦ</strong></span> <span class='ocrx_word' id='word_1_593' title='bbox 1699 5491 1800 5543; x_wconf 81' lang='grc' dir='ltr'><strong>δώ-</strong></span> 
     </span>
    </p>
   </div>
   <div class='ocr_carea' id='block_1_75' title="bbox 246 5583 1802 5658">
    <p class='ocr_par' dir='ltr' id='par_1_75' title="bbox 246 5583 1802 5658">
     <span class='ocr_line' id='line_1_75' title="bbox 246 5583 1802 5658; baseline -0.006 -17"><span class='ocrx_word' id='word_1_594' title='bbox 246 5607 437 5658; x_wconf 81' lang='grc' dir='ltr'>ματος.</span> <span class='ocrx_word' id='word_1_595' title='bbox 460 5591 569 5642; x_wconf 74' lang='grc' dir='ltr'><strong>Καὶ</strong></span> <span class='ocrx_word' id='word_1_596' title='bbox 595 5590 643 5639; x_wconf 83' lang='grc' dir='ltr'>οἱ</span> <span class='ocrx_word' id='word_1_597' title='bbox 671 5587 859 5656; x_wconf 85' lang='grc' dir='ltr'>ἄνδρες</span> <span class='ocrx_word' id='word_1_598' title='bbox 883 5586 1204 5650; x_wconf 79' lang='grc' dir='ltr'>κατεδίωξαν</span> <span class='ocrx_word' id='word_1_599' title='bbox 1243 5586 1414 5637; x_wconf 79' lang='grc' dir='ltr'>ὀπίσω</span> <span class='ocrx_word' id='word_1_600' title='bbox 1460 5584 1635 5636; x_wconf 75' lang='grc' dir='ltr'>αὐτῶν</span> <span class='ocrx_word' id='word_1_601' title='bbox 1684 5583 1802 5633; x_wconf 62' lang='grc' dir='ltr'>ὀδδιν</span> 
     </span>
    </p>
   </div>
   <div class='ocr_carea' id='block_1_76' title="bbox 226 5672 1801 5748">
    <p class='ocr_par' dir='ltr' id='par_1_76' title="bbox 226 5672 1801 5748">
     <span class='ocr_line' id='line_1_76' title="bbox 226 5672 1801 5748; baseline -0.003 -20"><span class='ocrx_word' id='word_1_602' title='bbox 226 5680 339 5748; x_wconf 70' lang='grc' dir='ltr'>,τὴν</span> <span class='ocrx_word' id='word_1_603' title='bbox 368 5680 461 5730; x_wconf 80' lang='grc' dir='ltr'>ἐπὶ</span> <span class='ocrx_word' id='word_1_604' title='bbox 489 5676 581 5731; x_wconf 80' lang='grc' dir='ltr'><strong>τοῦ</strong></span> <span class='ocrx_word' id='word_1_605' title='bbox 621 5676 882 5746; x_wconf 79' lang='grc' dir='ltr'>Ἰορδάνου</span> <span class='ocrx_word' id='word_1_606' title='bbox 927 5679 1017 5729; x_wconf 72' lang='grc' dir='ltr'>ἐπὶ</span> <span class='ocrx_word' id='word_1_607' title='bbox 1067 5676 1164 5738; x_wconf 72' lang='grc' dir='ltr'><strong>τὰς</strong></span> <span class='ocrx_word' id='word_1_608' title='bbox 1216 5675 1510 5734; x_wconf 85' lang='grc' dir='ltr'>διαϐάσεις.</span> <span class='ocrx_word' id='word_1_609' title='bbox 1546 5672 1656 5724; x_wconf 76' lang='lat' dir='ltr'><strong>Kal.</strong></span> 
     </span>
    </p>
   </div>
   <div class='ocr_carea' id='block_1_77' title="bbox 232 5765 1804 5839">
    <p class='ocr_par' dir='ltr' id='par_1_77' title="bbox 232 5765 1804 5839">
     <span class='ocr_line' id='line_1_77' title="bbox 232 5765 1804 5839; baseline -0.004 -19"><span class='ocrx_word' id='word_1_610' title='bbox 232 5787 367 5822; x_wconf 63' lang='grc' dir='ltr'>νετο</span> <span class='ocrx_word' id='word_1_611' title='bbox 412 5771 486 5831; x_wconf 83' lang='grc' dir='ltr'>ὡς</span> <span class='ocrx_word' id='word_1_612' title='bbox 520 5769 737 5837; x_wconf 71' lang='grc' dir='ltr'>ἐξῆλθον</span> <span class='ocrx_word' id='word_1_613' title='bbox 778 5771 824 5820; x_wconf 91' lang='grc' dir='ltr'><strong>οἰ</strong></span> <span class='ocrx_word' id='word_1_614' title='bbox 854 5767 1158 5831; x_wconf 83' lang='grc' dir='ltr'>διώκοντες,</span> <span class='ocrx_word' id='word_1_615' title='bbox 1189 5767 1327 5839; x_wconf 73' lang='grc' dir='ltr'>αύτη</span> <span class='ocrx_word' id='word_1_616' title='bbox 1358 5765 1522 5834; x_wconf 82' lang='grc' dir='ltr'>ἀνέϐη</span> <span class='ocrx_word' id='word_1_617' title='bbox 1554 5767 1684 5834; x_wconf 80' lang='grc' dir='ltr'>πρὸς</span> <span class='ocrx_word' id='word_1_618' title='bbox 1719 5766 1804 5815; x_wconf 69' lang='lat' dir='ltr'><strong>a3-</strong></span> 
     </span>
    </p>
   </div>
   <div class='ocr_carea' id='block_1_78' title="bbox 243 5856 1805 5929">
    <p class='ocr_par' dir='ltr' id='par_1_78' title="bbox 243 5856 1805 5929">
     <span class='ocr_line' id='line_1_78' title="bbox 243 5856 1805 5929; baseline -0.003 -16"><span class='ocrx_word' id='word_1_619' title='bbox 243 5865 371 5924; x_wconf 78' lang='grc' dir='ltr'>τοὺς</span> <span class='ocrx_word' id='word_1_620' title='bbox 417 5862 508 5914; x_wconf 73' lang='grc' dir='ltr'>ἐπὶ</span> <span class='ocrx_word' id='word_1_621' title='bbox 558 5861 652 5913; x_wconf 86' lang='grc' dir='ltr'><strong>τοῦ</strong></span> <span class='ocrx_word' id='word_1_622' title='bbox 702 5859 966 5929; x_wconf 80' lang='grc' dir='ltr'>δώματος.</span> <span class='ocrx_word' id='word_1_623' title='bbox 1016 5860 1111 5912; x_wconf 75' lang='grc' dir='ltr'><strong>καὶ</strong></span> <span class='ocrx_word' id='word_1_624' title='bbox 1144 5856 1295 5914; x_wconf 85' lang='grc' dir='ltr'>εἶπεν</span> <span class='ocrx_word' id='word_1_625' title='bbox 1338 5861 1551 5921; x_wconf 67' lang='grc' dir='ltr'>αὐτοῖς’</span> <span class='ocrx_word' id='word_1_626' title='bbox 1589 5860 1679 5921; x_wconf 75' lang='grc' dir='ltr'><strong>Εἰς</strong></span> <span class='ocrx_word' id='word_1_627' title='bbox 1708 5862 1805 5909; x_wconf 56' lang='grc' dir='ltr'>τὴν</span> 
     </span>
    </p>
   </div>
   <div class='ocr_carea' id='block_1_79' title="bbox 526 5956 1146 6018">
    <p class='ocr_par' dir='ltr' id='par_1_79' title="bbox 526 5956 1146 6018">
     <span class='ocr_line' id='line_1_79' title="bbox 526 5956 1146 6018; baseline 0.002 -3"><span class='ocrx_word' id='word_1_628' title='bbox 526 5956 793 6018; x_wconf 78' lang='lat' dir='ltr'><strong>PATROL.</strong></span> <span class='ocrx_word' id='word_1_629' title='bbox 830 5957 943 6018; x_wconf 80' lang='lat' dir='ltr'><strong>GR.</strong></span> <span class='ocrx_word' id='word_1_630' title='bbox 977 5957 1146 6016; x_wconf 53' lang='lat' dir='ltr'><strong>XCV;</strong></span> 
     </span>
    </p>
   </div>
   <div class='ocr_carea' id='block_1_80' title="bbox 1772 4636 1872 4711">
    <p class='ocr_par' dir='ltr' id='par_1_80' title="bbox 1772 4636 1872 4711">
     <span class='ocr_line' id='line_1_80' title="bbox 1772 4636 1872 4711; baseline 0 -18"><span class='ocrx_word' id='word_1_631' title='bbox 1772 4636 1872 4711; x_wconf 55' lang='grc' dir='ltr'>εἰ)</span> 
     </span>
    </p>
   </div>
   <div class='ocr_carea' id='block_1_81' title="bbox 1885 2019 3435 2084">
    <p class='ocr_par' dir='ltr' id='par_1_81' title="bbox 1885 2019 3435 2084">
     <span class='ocr_line' id='line_1_81' title="bbox 1885 2019 3435 2084; baseline 0.009 -14"><span class='ocrx_word' id='word_1_632' title='bbox 1885 2019 2264 2082; x_wconf 81' lang='lat' dir='ltr'><strong>arrliabonem,</strong></span> <span class='ocrx_word' id='word_1_633' title='bbox 2304 2020 2476 2076; x_wconf 86' lang='lat' dir='ltr'><strong>donec</strong></span> <span class='ocrx_word' id='word_1_634' title='bbox 2530 2033 2585 2076; x_wconf 93' lang='lat' dir='ltr'><strong>tu</strong></span> <span class='ocrx_word' id='word_1_635' title='bbox 2639 2024 2844 2079; x_wconf 90' lang='lat' dir='ltr'><strong>mittas.</strong></span> <span class='ocrx_word' id='word_1_636' title='bbox 2896 2025 2989 2079; x_wconf 88' lang='lat' dir='ltr'><strong>Ille</strong></span> <span class='ocrx_word' id='word_1_637' title='bbox 3035 2036 3212 2082; x_wconf 85' lang='lat' dir='ltr'><strong>autem</strong></span> <span class='ocrx_word' id='word_1_638' title='bbox 3261 2030 3435 2084; x_wconf 74' lang='lat' dir='ltr'><strong>dixit:</strong></span> 
     </span>
    </p>
   </div>
   <div class='ocr_carea' id='block_1_82' title="bbox 1886 2106 3440 2172">
    <p class='ocr_par' dir='ltr' id='par_1_82' title="bbox 1886 2106 3440 2172">
     <span class='ocr_line' id='line_1_82' title="bbox 1886 2106 3440 2172; baseline 0.008 -15"><span class='ocrx_word' id='word_1_639' title='bbox 1886 2106 2052 2172; x_wconf 81' lang='lat' dir='ltr'><strong>Quem</strong></span> <span class='ocrx_word' id='word_1_640' title='bbox 2085 2108 2180 2161; x_wconf 86' lang='lat' dir='ltr'><strong>tibi</strong></span> <span class='ocrx_word' id='word_1_641' title='bbox 2212 2110 2349 2164; x_wconf 88' lang='lat' dir='ltr'><strong>dabo</strong></span> <span class='ocrx_word' id='word_1_642' title='bbox 2376 2112 2777 2166; x_wconf 87' lang='lat' dir='ltr'><strong>arrhabonem?</strong></span> <span class='ocrx_word' id='word_1_643' title='bbox 2803 2113 2873 2166; x_wconf 86' lang='lat' dir='ltr'><strong>At</strong></span> <span class='ocrx_word' id='word_1_644' title='bbox 2903 2114 2990 2167; x_wconf 88' lang='lat' dir='ltr'><strong>illa</strong></span> <span class='ocrx_word' id='word_1_645' title='bbox 3023 2116 3156 2171; x_wconf 78' lang='lat' dir='ltr'><strong>dixit</strong></span> <span class='ocrx_word' id='word_1_646' title='bbox 3197 2138 3208 2171; x_wconf 95' lang='lat'><strong>:</strong></span> <span class='ocrx_word' id='word_1_647' title='bbox 3255 2121 3440 2172; x_wconf 80' lang='lat' dir='ltr'><strong>Annu-</strong></span> 
     </span>
    </p>
   </div>
   <div class='ocr_carea' id='block_1_83' title="bbox 1886 2198 3440 2279">
    <p class='ocr_par' dir='ltr' id='par_1_83' title="bbox 1886 2198 3440 2279">
     <span class='ocr_line' id='line_1_83' title="bbox 1886 2198 3440 2279; baseline 0.008 -29"><span class='ocrx_word' id='word_1_648' title='bbox 1886 2198 1994 2251; x_wconf 86' lang='lat' dir='ltr'><strong>lutn</strong></span> <span class='ocrx_word' id='word_1_649' title='bbox 2032 2206 2205 2261; x_wconf 89' lang='lat' dir='ltr'><strong>tuum,</strong></span> <span class='ocrx_word' id='word_1_650' title='bbox 2237 2209 2291 2254; x_wconf 92' lang='lat' dir='ltr'><strong>et</strong></span> <span class='ocrx_word' id='word_1_651' title='bbox 2341 2216 2562 2271; x_wconf 90' lang='lat' dir='ltr'><strong>parvum</strong></span> <span class='ocrx_word' id='word_1_652' title='bbox 2609 2204 2824 2267; x_wconf 90' lang='lat' dir='ltr'><strong>monile,</strong></span> <span class='ocrx_word' id='word_1_653' title='bbox 2855 2219 2917 2258; x_wconf 89' lang='lat' dir='ltr'><strong>ac</strong></span> <span class='ocrx_word' id='word_1_654' title='bbox 2964 2207 3168 2275; x_wconf 82' lang='lat' dir='ltr'><strong>virgam</strong></span> <span class='ocrx_word' id='word_1_655' title='bbox 3206 2225 3325 2279; x_wconf 65' lang='lat' dir='ltr'><strong>quae</strong></span> <span class='ocrx_word' id='word_1_656' title='bbox 3357 2219 3440 2263; x_wconf 74' lang='lat' dir='ltr'><strong>est</strong></span> 
     </span>
    </p>
   </div>
   <div class='ocr_carea' id='block_1_84' title="bbox 1886 2288 3441 2367">
    <p class='ocr_par' dir='ltr' id='par_1_84' title="bbox 1886 2288 3441 2367">
     <span class='ocr_line' id='line_1_84' title="bbox 1886 2288 3441 2367; baseline 0.008 -25"><span class='ocrx_word' id='word_1_657' title='bbox 1886 2288 1939 2342; x_wconf 88' lang='lat' dir='ltr'><strong>in</strong></span> <span class='ocrx_word' id='word_1_658' title='bbox 1974 2304 2137 2343; x_wconf 90' lang='lat' dir='ltr'><strong>manu</strong></span> <span class='ocrx_word' id='word_1_659' title='bbox 2167 2300 2274 2345; x_wconf 90' lang='lat' dir='ltr'><strong>tua.</strong></span> <span class='ocrx_word' id='word_1_660' title='bbox 2309 2291 2371 2345; x_wconf 89' lang='lat' dir='ltr'><strong>Et</strong></span> <span class='ocrx_word' id='word_1_661' title='bbox 2398 2292 2547 2349; x_wconf 90' lang='lat' dir='ltr'><strong>dedit</strong></span> <span class='ocrx_word' id='word_1_662' title='bbox 2580 2295 2649 2360; x_wconf 90' lang='lat' dir='ltr'><strong>ei,</strong></span> <span class='ocrx_word' id='word_1_663' title='bbox 2693 2302 2745 2348; x_wconf 86' lang='lat' dir='ltr'><strong>et</strong></span> <span class='ocrx_word' id='word_1_664' title='bbox 2782 2296 3005 2352; x_wconf 85' lang='lat' dir='ltr'><strong>intravit</strong></span> <span class='ocrx_word' id='word_1_665' title='bbox 3035 2299 3101 2351; x_wconf 92' lang='lat' dir='ltr'><strong>ad</strong></span> <span class='ocrx_word' id='word_1_666' title='bbox 3140 2314 3277 2355; x_wconf 86' lang='lat' dir='ltr'><strong>eam.</strong></span> <span class='ocrx_word' id='word_1_667' title='bbox 3311 2303 3441 2367; x_wconf 74' lang='lat' dir='ltr'><strong>Quae</strong></span> 
     </span>
    </p>
   </div>
   <div class='ocr_carea' id='block_1_85' title="bbox 1885 2381 2652 2453">
    <p class='ocr_par' dir='ltr' id='par_1_85' title="bbox 1885 2381 2652 2453">
     <span class='ocr_line' id='line_1_85' title="bbox 1885 2381 2652 2453; baseline 0.004 -18"><span class='ocrx_word' id='word_1_668' title='bbox 1885 2381 1941 2435; x_wconf 91' lang='lat' dir='ltr'><strong>in</strong></span> <span class='ocrx_word' id='word_1_669' title='bbox 1970 2388 2125 2436; x_wconf 88' lang='lat' dir='ltr'><strong>utero</strong></span> <span class='ocrx_word' id='word_1_670' title='bbox 2148 2386 2394 2453; x_wconf 89' lang='lat' dir='ltr'><strong>concepit</strong></span> <span class='ocrx_word' id='word_1_671' title='bbox 2421 2402 2485 2440; x_wconf 83' lang='lat' dir='ltr'><strong>ex</strong></span> <span class='ocrx_word' id='word_1_672' title='bbox 2518 2402 2601 2441; x_wconf 92' lang='lat' dir='ltr'><strong>eo.</strong></span> <span class='ocrx_word' id='word_1_673' title='bbox 2636 2407 2652 2438; x_wconf 76' lang='grc' dir='ltr'><strong>ι</strong></span> 
     </span>
    </p>
   </div>
   <div class='ocr_carea' id='block_1_86' title="bbox 1959 2473 3440 2546">
    <p class='ocr_par' dir='ltr' id='par_1_86' title="bbox 1959 2473 3440 2546">
     <span class='ocr_line' id='line_1_86' title="bbox 1959 2473 3440 2546; baseline 0.005 -17"><span class='ocrx_word' id='word_1_674' title='bbox 1959 2473 2133 2530; x_wconf 82' lang='lat' dir='ltr'><strong>Schol.</strong></span> <span class='ocrx_word' id='word_1_675' title='bbox 2161 2508 2229 2515; x_wconf 93' lang='lat'>—</span> <span class='ocrx_word' id='word_1_676' title='bbox 2248 2475 2383 2534; x_wconf 89' lang='lat' dir='ltr'><strong>Tres</strong></span> <span class='ocrx_word' id='word_1_677' title='bbox 2410 2480 2551 2535; x_wconf 84' lang='lat' dir='ltr'><strong>ﬁlios</strong></span> <span class='ocrx_word' id='word_1_678' title='bbox 2581 2481 2768 2537; x_wconf 87' lang='lat' dir='ltr'><strong>habuit</strong></span> <span class='ocrx_word' id='word_1_679' title='bbox 2795 2482 2974 2537; x_wconf 88' lang='lat' dir='ltr'><strong>Judas&#39;</strong></span> <span class='ocrx_word' id='word_1_680' title='bbox 2995 2499 3150 2539; x_wconf 91' lang='lat' dir='ltr'><strong>socer</strong></span> <span class='ocrx_word' id='word_1_681' title='bbox 3180 2485 3440 2546; x_wconf 85' lang='lat' dir='ltr'><strong>Thamar,</strong></span> 
     </span>
    </p>
   </div>
   <div class='ocr_carea' id='block_1_87' title="bbox 1889 2568 3442 2641">
    <p class='ocr_par' dir='ltr' id='par_1_87' title="bbox 1889 2568 3442 2641">
     <span class='ocr_line' id='line_1_87' title="bbox 1889 2568 3442 2641; baseline 0.009 -21"><span class='ocrx_word' id='word_1_682' title='bbox 1889 2568 1977 2621; x_wconf 92' lang='lat' dir='ltr'><strong>cui</strong></span> <span class='ocrx_word' id='word_1_683' title='bbox 2020 2568 2158 2623; x_wconf 86' lang='lat' dir='ltr'><strong>duos</strong></span> <span class='ocrx_word' id='word_1_684' title='bbox 2218 2572 2534 2641; x_wconf 77' lang='lat' dir='ltr'><strong>singulatim</strong></span> <span class='ocrx_word' id='word_1_685' title='bbox 2581 2575 2634 2626; x_wconf 92' lang='lat' dir='ltr'><strong>in</strong></span> <span class='ocrx_word' id='word_1_686' title='bbox 2672 2576 3080 2631; x_wconf 88' lang='lat' dir='ltr'><strong>matrimonium</strong></span> <span class='ocrx_word' id='word_1_687' title='bbox 3137 2578 3442 2634; x_wconf 87' lang='lat' dir='ltr'><strong>collocavit.</strong></span> 
     </span>
    </p>
   </div>
   <div class='ocr_carea' id='block_1_88' title="bbox 1889 2656 3541 2731">
    <p class='ocr_par' dir='ltr' id='par_1_88' title="bbox 1889 2656 3541 2731">
     <span class='ocr_line' id='line_1_88' title="bbox 1889 2656 3541 2731; baseline 0.006 -20"><span class='ocrx_word' id='word_1_688' title='bbox 1889 2656 2133 2728; x_wconf 87' lang='lat' dir='ltr'><strong>Cumque</strong></span> <span class='ocrx_word' id='word_1_689' title='bbox 2168 2660 2256 2715; x_wconf 90' lang='lat' dir='ltr'><strong>ille</strong></span> <span class='ocrx_word' id='word_1_690' title='bbox 2315 2662 2433 2715; x_wconf 90' lang='lat' dir='ltr'><strong>sine</strong></span> <span class='ocrx_word' id='word_1_691' title='bbox 2472 2662 2659 2718; x_wconf 89' lang='lat' dir='ltr'><strong>liberis</strong></span> <span class='ocrx_word' id='word_1_692' title='bbox 2702 2664 3086 2731; x_wconf 85' lang='lat' dir='ltr'><strong>decessissent,</strong></span> <span class='ocrx_word' id='word_1_693' title='bbox 3134 2670 3353 2722; x_wconf 84' lang='lat' dir='ltr'><strong>tertium</strong></span> <span class='ocrx_word' id='word_1_694' title='bbox 3392 2672 3444 2723; x_wconf 88' lang='lat' dir='ltr'><strong>ei</strong></span> <span class='ocrx_word' id='word_1_695' title='bbox 3536 2716 3541 2721; x_wconf 89' lang='lat'><strong>.</strong></span> 
     </span>
    </p>
   </div>
   <div class='ocr_carea' id='block_1_89' title="bbox 1891 2753 3446 2830">
    <p class='ocr_par' dir='ltr' id='par_1_89' title="bbox 1891 2753 3446 2830">
     <span class='ocr_line' id='line_1_89' title="bbox 1891 2753 3446 2830; baseline 0.007 -28"><span class='ocrx_word' id='word_1_696' title='bbox 1891 2753 2148 2819; x_wconf 89' lang='lat' dir='ltr'><strong>copulare</strong></span> <span class='ocrx_word' id='word_1_697' title='bbox 2169 2754 2475 2819; x_wconf 86' lang='lat' dir='ltr'><strong>recusavit;</strong></span> <span class='ocrx_word' id='word_1_698' title='bbox 2503 2755 2710 2809; x_wconf 88' lang='lat' dir='ltr'><strong>veritus</strong></span> <span class='ocrx_word' id='word_1_699' title='bbox 2733 2757 2961 2819; x_wconf 90' lang='lat' dir='ltr'><strong>scilicet,</strong></span> <span class='ocrx_word' id='word_1_700' title='bbox 2989 2774 3057 2812; x_wconf 88' lang='lat' dir='ltr'><strong>ne</strong></span> <span class='ocrx_word' id='word_1_701' title='bbox 3081 2767 3135 2813; x_wconf 87' lang='lat' dir='ltr'><strong>et</strong></span> <span class='ocrx_word' id='word_1_702' title='bbox 3159 2761 3204 2814; x_wconf 94' lang='lat' dir='ltr'><strong>is</strong></span> <span class='ocrx_word' id='word_1_703' title='bbox 3231 2777 3446 2830; x_wconf 79' lang='lat' dir='ltr'><strong>quoque</strong></span> 
     </span>
    </p>
   </div>
   <div class='ocr_carea' id='block_1_90' title="bbox 1895 2842 3451 2917">
    <p class='ocr_par' dir='ltr' id='par_1_90' title="bbox 1895 2842 3451 2917">
     <span class='ocr_line' id='line_1_90' title="bbox 1895 2842 3451 2917; baseline 0.009 -24"><span class='ocrx_word' id='word_1_704' title='bbox 1895 2851 2217 2897; x_wconf 90' lang='lat' dir='ltr'><strong>moreretur.</strong></span> <span class='ocrx_word' id='word_1_705' title='bbox 2244 2842 2480 2897; x_wconf 90' lang='lat' dir='ltr'><strong>Thamar</strong></span> <span class='ocrx_word' id='word_1_706' title='bbox 2514 2847 2695 2915; x_wconf 89' lang='lat' dir='ltr'><strong>itaque</strong></span> <span class='ocrx_word' id='word_1_707' title='bbox 2727 2848 2778 2900; x_wconf 91' lang='lat' dir='ltr'><strong>in</strong></span> <span class='ocrx_word' id='word_1_708' title='bbox 2821 2849 3085 2917; x_wconf 87' lang='lat' dir='ltr'><strong>probrum</strong></span> <span class='ocrx_word' id='word_1_709' title='bbox 3142 2853 3451 2907; x_wconf 88' lang='lat' dir='ltr'><strong>sterilitatis</strong></span> 
     </span>
    </p>
   </div>
   <div class='ocr_carea' id='block_1_91' title="bbox 1890 2932 3450 3006">
    <p class='ocr_par' dir='ltr' id='par_1_91' title="bbox 1890 2932 3450 3006">
     <span class='ocr_line' id='line_1_91' title="bbox 1890 2932 3450 3006; baseline 0.009 -22"><span class='ocrx_word' id='word_1_710' title='bbox 1890 2932 2065 3000; x_wconf 88' lang='lat' dir='ltr'><strong>lapsa,</strong></span> <span class='ocrx_word' id='word_1_711' title='bbox 2113 2941 2167 2986; x_wconf 91' lang='lat' dir='ltr'><strong>et</strong></span> <span class='ocrx_word' id='word_1_712' title='bbox 2224 2934 2602 2991; x_wconf 83' lang='lat' dir='ltr'><strong>fornicationis</strong></span> <span class='ocrx_word' id='word_1_713' title='bbox 2662 2940 2963 3006; x_wconf 87' lang='lat' dir='ltr'><strong>periculum</strong></span> <span class='ocrx_word' id='word_1_714' title='bbox 3014 2950 3284 3006; x_wconf 82' lang='lat' dir='ltr'><strong>metuens.</strong></span> <span class='ocrx_word' id='word_1_715' title='bbox 3330 2954 3450 2998; x_wconf 86' lang='lat' dir='ltr'><strong>arte</strong></span> 
     </span>
    </p>
   </div>
   <div class='ocr_carea' id='block_1_92' title="bbox 1892 3024 3447 3102">
    <p class='ocr_par' dir='ltr' id='par_1_92' title="bbox 1892 3024 3447 3102">
     <span class='ocr_line' id='line_1_92' title="bbox 1892 3024 3447 3102; baseline 0.008 -27"><span class='ocrx_word' id='word_1_716' title='bbox 1892 3024 2126 3093; x_wconf 81' lang='lat' dir='ltr'><strong>quadam</strong></span> <span class='ocrx_word' id='word_1_717' title='bbox 2162 3034 2214 3080; x_wconf 89' lang='lat' dir='ltr'><strong>et</strong></span> <span class='ocrx_word' id='word_1_718' title='bbox 2248 3029 2484 3082; x_wconf 90' lang='lat' dir='ltr'><strong>consilio</strong></span> <span class='ocrx_word' id='word_1_719' title='bbox 2504 3030 2767 3085; x_wconf 87' lang='lat' dir='ltr'><strong>adversus</strong></span> <span class='ocrx_word' id='word_1_720' title='bbox 2797 3047 3046 3087; x_wconf 90' lang='lat' dir='ltr'><strong>socerum</strong></span> <span class='ocrx_word' id='word_1_721' title='bbox 3081 3050 3241 3088; x_wconf 91' lang='lat' dir='ltr'><strong>suum</strong></span> <span class='ocrx_word' id='word_1_722' title='bbox 3267 3045 3447 3102; x_wconf 70' lang='lat' dir='ltr'><strong>utens,</strong></span> 
     </span>
    </p>
   </div>
   <div class='ocr_carea' id='block_1_93' title="bbox 1893 3116 3448 3192">
    <p class='ocr_par' dir='ltr' id='par_1_93' title="bbox 1893 3116 3448 3192">
     <span class='ocr_line' id='line_1_93' title="bbox 1893 3116 3448 3192; baseline 0.008 -24"><span class='ocrx_word' id='word_1_723' title='bbox 1893 3116 1941 3168; x_wconf 88' lang='lat' dir='ltr'><strong>ei</strong></span> <span class='ocrx_word' id='word_1_724' title='bbox 1974 3132 2032 3170; x_wconf 91' lang='lat' dir='ltr'><strong>se</strong></span> <span class='ocrx_word' id='word_1_725' title='bbox 2059 3117 2425 3180; x_wconf 88' lang='lat' dir='ltr'><strong>commiscuit,</strong></span> <span class='ocrx_word' id='word_1_726' title='bbox 2472 3120 2722 3190; x_wconf 84' lang='lat' dir='ltr'><strong>duosque</strong></span> <span class='ocrx_word' id='word_1_727' title='bbox 2754 3137 2821 3176; x_wconf 80' lang='lat' dir='ltr'><strong>ex</strong></span> <span class='ocrx_word' id='word_1_728' title='bbox 2863 3123 2981 3192; x_wconf 89' lang='lat' dir='ltr'><strong>ipso</strong></span> <span class='ocrx_word' id='word_1_729' title='bbox 3032 3125 3172 3179; x_wconf 87' lang='lat' dir='ltr'><strong>lllios</strong></span> <span class='ocrx_word' id='word_1_730' title='bbox 3202 3129 3448 3191; x_wconf 90' lang='lat' dir='ltr'><strong>sustulit,</strong></span> 
     </span>
    </p>
   </div>
   <div class='ocr_carea' id='block_1_94' title="bbox 1893 3207 2658 3267">
    <p class='ocr_par' dir='ltr' id='par_1_94' title="bbox 1893 3207 2658 3267">
     <span class='ocr_line' id='line_1_94' title="bbox 1893 3207 2658 3267; baseline 0.01 -8"><span class='ocrx_word' id='word_1_731' title='bbox 1893 3207 2097 3262; x_wconf 88' lang='lat' dir='ltr'><strong>Phares</strong></span> <span class='ocrx_word' id='word_1_732' title='bbox 2132 3210 2386 3264; x_wconf 89' lang='lat' dir='ltr'><strong>nimirum</strong></span> <span class='ocrx_word' id='word_1_733' title='bbox 2410 3219 2465 3265; x_wconf 89' lang='lat' dir='ltr'><strong>et</strong></span> <span class='ocrx_word' id='word_1_734' title='bbox 2499 3212 2658 3267; x_wconf 85' lang='lat' dir='ltr'><strong>Zara.</strong></span> 
     </span>
    </p>
   </div>
   <div class='ocr_carea' id='block_1_95' title="bbox 1819 3269 3451 3378">
    <p class='ocr_par' dir='ltr' id='par_1_95' title="bbox 1819 3269 3451 3378">
     <span class='ocr_line' id='line_1_95' title="bbox 1819 3269 3451 3378; baseline 0.01 -28"><span class='ocrx_word' id='word_1_735' title='bbox 1819 3269 1864 3331; x_wconf 78' lang='lat' dir='ltr'><strong>C</strong></span> <span class='ocrx_word' id='word_1_736' title='bbox 1969 3298 2141 3354; x_wconf 71' lang='lat' dir='ltr'><strong>Exod.</strong></span> <span class='ocrx_word' id='word_1_737' title='bbox 2180 3315 2242 3365; x_wconf 86' lang='grc' dir='ltr'><strong>ιι,</strong></span> <span class='ocrx_word' id='word_1_738' title='bbox 2283 3300 2517 3356; x_wconf 70' lang='grc' dir='ltr'><strong>7.ιο..-</strong></span> <span class='ocrx_word' id='word_1_739' title='bbox 2548 3322 2566 3354; x_wconf 86' lang='grc'><strong><em>‹</em></strong></span> <span class='ocrx_word' id='word_1_740' title='bbox 2598 3303 2741 3358; x_wconf 77' lang='lat' dir='ltr'><strong>Dixit</strong></span> <span class='ocrx_word' id='word_1_741' title='bbox 2773 3320 2931 3360; x_wconf 88' lang='lat' dir='ltr'><strong>soror</strong></span> <span class='ocrx_word' id='word_1_742' title='bbox 2955 3306 3155 3378; x_wconf 77' lang='lat' dir='ltr'><strong>Moysis</strong></span> <span class='ocrx_word' id='word_1_743' title='bbox 3194 3309 3259 3362; x_wconf 93' lang='lat' dir='ltr'><strong>ad</strong></span> <span class='ocrx_word' id='word_1_744' title='bbox 3285 3310 3451 3366; x_wconf 76' lang='lat' dir='ltr'><strong>ﬁliam</strong></span> 
     </span>
    </p>
   </div>
   <div class='ocr_carea' id='block_1_96' title="bbox 1897 3392 3452 3458">
    <p class='ocr_par' dir='ltr' id='par_1_96' title="bbox 1897 3392 3452 3458">
     <span class='ocr_line' id='line_1_96' title="bbox 1897 3392 3452 3458; baseline 0.008 -13"><span class='ocrx_word' id='word_1_745' title='bbox 1897 3392 2197 3447; x_wconf 87' lang='lat' dir='ltr'><strong>Pharaonis</strong></span> <span class='ocrx_word' id='word_1_746' title='bbox 2225 3412 2239 3447; x_wconf 89' lang='lat'><strong>:</strong></span> <span class='ocrx_word' id='word_1_747' title='bbox 2270 3393 2365 3449; x_wconf 93' lang='lat' dir='ltr'><strong>Vis</strong></span> <span class='ocrx_word' id='word_1_748' title='bbox 2398 3402 2457 3449; x_wconf 91' lang='lat' dir='ltr'><strong>ut</strong></span> <span class='ocrx_word' id='word_1_749' title='bbox 2488 3410 2672 3451; x_wconf 88' lang='lat' dir='ltr'><strong>vocem</strong></span> <span class='ocrx_word' id='word_1_750' title='bbox 2712 3397 2808 3451; x_wconf 88' lang='lat' dir='ltr'><strong>tibi</strong></span> <span class='ocrx_word' id='word_1_751' title='bbox 2863 3399 3141 3454; x_wconf 89' lang='lat' dir='ltr'><strong>mulierem</strong></span> <span class='ocrx_word' id='word_1_752' title='bbox 3184 3405 3452 3458; x_wconf 87' lang='lat' dir='ltr'><strong>nutricem</strong></span> 
     </span>
    </p>
   </div>
   <div class='ocr_carea' id='block_1_97' title="bbox 1896 3484 3453 3550">
    <p class='ocr_par' dir='ltr' id='par_1_97' title="bbox 1896 3484 3453 3550">
     <span class='ocr_line' id='line_1_97' title="bbox 1896 3484 3453 3550; baseline 0.007 -12"><span class='ocrx_word' id='word_1_753' title='bbox 1896 3500 1961 3539; x_wconf 82' lang='lat' dir='ltr'><strong>ex</strong></span> <span class='ocrx_word' id='word_1_754' title='bbox 1990 3484 2249 3550; x_wconf 64' lang='lat' dir='ltr'><strong>Hebraeis,</strong></span> <span class='ocrx_word' id='word_1_755' title='bbox 2282 3497 2334 3541; x_wconf 90' lang='lat' dir='ltr'><strong>et</strong></span> <span class='ocrx_word' id='word_1_756' title='bbox 2365 3487 2589 3541; x_wconf 84' lang='lat' dir='ltr'><strong>lactabit</strong></span> <span class='ocrx_word' id='word_1_757' title='bbox 2633 3489 2732 3543; x_wconf 92' lang='lat' dir='ltr'><strong>tibi</strong></span> <span class='ocrx_word' id='word_1_758' title='bbox 2775 3490 3064 3546; x_wconf 84' lang='lat' dir='ltr'><strong>infantem.</strong></span> <span class='ocrx_word' id='word_1_759' title='bbox 3118 3492 3183 3547; x_wconf 87' lang='lat' dir='ltr'><strong>Et</strong></span> <span class='ocrx_word' id='word_1_760' title='bbox 3220 3495 3355 3549; x_wconf 78' lang='lat' dir='ltr'><strong>dixit</strong></span> <span class='ocrx_word' id='word_1_761' title='bbox 3404 3498 3453 3549; x_wconf 77' lang='lat' dir='ltr'><strong>ei</strong></span> 
     </span>
    </p>
   </div>
   <div class='ocr_carea' id='block_1_98' title="bbox 1898 3576 3454 3652">
    <p class='ocr_par' dir='ltr' id='par_1_98' title="bbox 1898 3576 3454 3652">
     <span class='ocr_line' id='line_1_98' title="bbox 1898 3576 3454 3652; baseline 0.007 -23"><span class='ocrx_word' id='word_1_762' title='bbox 1898 3576 2004 3630; x_wconf 76' lang='lat' dir='ltr'><strong>lilia</strong></span> <span class='ocrx_word' id='word_1_763' title='bbox 2031 3576 2327 3632; x_wconf 86' lang='lat' dir='ltr'><strong>Pharaonis</strong></span> <span class='ocrx_word' id='word_1_764' title='bbox 2355 3597 2367 3632; x_wconf 80' lang='grc' dir='ltr'><strong>ι</strong></span> <span class='ocrx_word' id='word_1_765' title='bbox 2399 3577 2569 3632; x_wconf 88' lang='lat' dir='ltr'><strong>Vade.</strong></span> <span class='ocrx_word' id='word_1_766' title='bbox 2591 3579 2841 3635; x_wconf 82' lang='lat' dir='ltr'><strong>Profeeta</strong></span> <span class='ocrx_word' id='word_1_767' title='bbox 2865 3589 3045 3636; x_wconf 90' lang='lat' dir='ltr'><strong>autem</strong></span> <span class='ocrx_word' id='word_1_768' title='bbox 3074 3585 3421 3652; x_wconf 83' lang='lat' dir='ltr'><strong>puella,voca</strong></span> <span class='ocrx_word' id='word_1_769' title='bbox 3439 3616 3454 3626; x_wconf 90' lang='lat'><strong>-</strong></span> 
     </span>
    </p>
   </div>
   <div class='ocr_carea' id='block_1_99' title="bbox 1898 3668 3455 3740">
    <p class='ocr_par' dir='ltr' id='par_1_99' title="bbox 1898 3668 3455 3740">
     <span class='ocr_line' id='line_1_99' title="bbox 1898 3668 3455 3740; baseline 0.007 -20"><span class='ocrx_word' id='word_1_770' title='bbox 1898 3668 1976 3720; x_wconf 87' lang='lat' dir='ltr'><strong>vit</strong></span> <span class='ocrx_word' id='word_1_771' title='bbox 2006 3679 2231 3723; x_wconf 87' lang='lat' dir='ltr'><strong>matrem</strong></span> <span class='ocrx_word' id='word_1_772' title='bbox 2265 3673 2438 3740; x_wconf 86' lang='lat' dir='ltr'><strong>pueri.</strong></span> <span class='ocrx_word' id='word_1_773' title='bbox 2475 3672 2617 3726; x_wconf 81' lang='lat' dir='ltr'><strong>Dixit</strong></span> <span class='ocrx_word' id='word_1_774' title='bbox 2645 3684 2824 3728; x_wconf 86' lang='lat' dir='ltr'><strong>autem</strong></span> <span class='ocrx_word' id='word_1_775' title='bbox 2848 3675 2912 3728; x_wconf 89' lang='lat' dir='ltr'><strong>ad</strong></span> <span class='ocrx_word' id='word_1_776' title='bbox 2941 3690 3058 3729; x_wconf 87' lang='lat' dir='ltr'><strong>eam</strong></span> <span class='ocrx_word' id='word_1_777' title='bbox 3085 3676 3192 3730; x_wconf 78' lang='lat' dir='ltr'><strong>lilia</strong></span> <span class='ocrx_word' id='word_1_778' title='bbox 3213 3669 3455 3731; x_wconf 52' lang='lat' dir='ltr'><strong>Pharao-&#39;-</strong></span> 
     </span>
    </p>
   </div>
   <div class='ocr_carea' id='block_1_100' title="bbox 1898 3759 3456 3832">
    <p class='ocr_par' dir='ltr' id='par_1_100' title="bbox 1898 3759 3456 3832">
     <span class='ocr_line' id='line_1_100' title="bbox 1898 3759 3456 3832; baseline 0.01 -23"><span class='ocrx_word' id='word_1_779' title='bbox 1898 3759 2032 3813; x_wconf 91' lang='lat' dir='ltr'><strong>nis:</strong></span> <span class='ocrx_word' id='word_1_780' title='bbox 2068 3760 2231 3814; x_wconf 86' lang='lat' dir='ltr'><strong>Serva</strong></span> <span class='ocrx_word' id='word_1_781' title='bbox 2274 3763 2402 3816; x_wconf 80' lang='lat' dir='ltr'><strong>milii</strong></span> <span class='ocrx_word' id='word_1_782' title='bbox 2442 3763 2699 3819; x_wconf 81' lang='lat' dir='ltr'><strong>infantem</strong></span> <span class='ocrx_word' id='word_1_783' title='bbox 2755 3766 2957 3832; x_wconf 89' lang='lat' dir='ltr'><strong>istum,</strong></span> <span class='ocrx_word' id='word_1_784' title='bbox 3014 3777 3067 3821; x_wconf 89' lang='lat' dir='ltr'><strong>et</strong></span> <span class='ocrx_word' id='word_1_785' title='bbox 3127 3769 3269 3823; x_wconf 86' lang='lat' dir='ltr'><strong>laeta</strong></span> <span class='ocrx_word' id='word_1_786' title='bbox 3322 3773 3456 3824; x_wconf 88' lang='lat' dir='ltr'><strong>mihi</strong></span> 
     </span>
    </p>
   </div>
   <div class='ocr_carea' id='block_1_101' title="bbox 1896 3851 3457 3933">
    <p class='ocr_par' dir='ltr' id='par_1_101' title="bbox 1896 3851 3457 3933">
     <span class='ocr_line' id='line_1_101' title="bbox 1896 3851 3457 3933; baseline 0.009 -30"><span class='ocrx_word' id='word_1_787' title='bbox 1896 3851 2084 3916; x_wconf 92' lang='lat' dir='ltr'><strong>illum;</strong></span> <span class='ocrx_word' id='word_1_788' title='bbox 2119 3868 2218 3922; x_wconf 82' lang='lat' dir='ltr'><strong>ego</strong></span> <span class='ocrx_word' id='word_1_789' title='bbox 2245 3870 2375 3907; x_wconf 76' lang='lat' dir='ltr'><strong>vero</strong></span> <span class='ocrx_word' id='word_1_790' title='bbox 2420 3855 2561 3910; x_wconf 89' lang='lat' dir='ltr'><strong>dabo</strong></span> <span class='ocrx_word' id='word_1_791' title='bbox 2592 3858 2688 3910; x_wconf 87' lang='lat' dir='ltr'><strong>tibi</strong></span> <span class='ocrx_word' id='word_1_792' title='bbox 2739 3860 3067 3914; x_wconf 87' lang='lat' dir='ltr'><strong>mercedem.</strong></span> <span class='ocrx_word' id='word_1_793' title='bbox 3117 3859 3183 3914; x_wconf 89' lang='lat' dir='ltr'><strong>Et</strong></span> <span class='ocrx_word' id='word_1_794' title='bbox 3244 3865 3457 3933; x_wconf 87' lang='lat' dir='ltr'><strong>accepit</strong></span> 
     </span>
    </p>
   </div>
   <div class='ocr_carea' id='block_1_102' title="bbox 1896 3943 2981 4003">
    <p class='ocr_par' dir='ltr' id='par_1_102' title="bbox 1896 3943 2981 4003">
     <span class='ocr_line' id='line_1_102' title="bbox 1896 3943 2981 4003; baseline 0.006 -11"><span class='ocrx_word' id='word_1_795' title='bbox 1896 3943 2092 3997; x_wconf 88' lang='lat' dir='ltr'><strong>mulier</strong></span> <span class='ocrx_word' id='word_1_796' title='bbox 2119 3943 2379 3999; x_wconf 76' lang='lat' dir='ltr'><strong>infantem</strong></span> <span class='ocrx_word' id='word_1_797' title='bbox 2439 3957 2493 4000; x_wconf 87' lang='lat' dir='ltr'><strong>et</strong></span> <span class='ocrx_word' id='word_1_798' title='bbox 2534 3949 2748 4003; x_wconf 79' lang='lat' dir='ltr'><strong>lactavit</strong></span> <span class='ocrx_word' id='word_1_799' title='bbox 2780 3965 2925 4002; x_wconf 90' lang='lat' dir='ltr'><strong>eum.</strong></span> <span class='ocrx_word' id='word_1_800' title='bbox 2963 3969 2981 3999; x_wconf 75' lang='grc' dir='ltr'><strong>ι</strong></span> 
     </span>
    </p>
   </div>
   <div class='ocr_carea' id='block_1_103' title="bbox 1966 4118 3456 4185">
    <p class='ocr_par' dir='ltr' id='par_1_103' title="bbox 1966 4118 3456 4185">
     <span class='ocr_line' id='line_1_103' title="bbox 1966 4118 3456 4185; baseline 0.009 -14"><span class='ocrx_word' id='word_1_801' title='bbox 1966 4118 2129 4174; x_wconf 68' lang='lat' dir='ltr'><strong>Iosue</strong></span> <span class='ocrx_word' id='word_1_802' title='bbox 2158 4137 2218 4183; x_wconf 89' lang='grc' dir='ltr'><strong>ιι,</strong></span> <span class='ocrx_word' id='word_1_803' title='bbox 2252 4125 2396 4175; x_wconf 74' lang='grc'><strong>1.-</strong></span> <span class='ocrx_word' id='word_1_804' title='bbox 2422 4142 2438 4173; x_wconf 79' lang='grc' dir='ltr'><strong>ι</strong></span> <span class='ocrx_word' id='word_1_805' title='bbox 2472 4135 2619 4178; x_wconf 67' lang='grc' dir='ltr'>ινιιειι</span> <span class='ocrx_word' id='word_1_806' title='bbox 2641 4141 2798 4181; x_wconf 83' lang='lat' dir='ltr'><strong>.esus</strong></span> <span class='ocrx_word' id='word_1_807' title='bbox 2824 4129 2965 4183; x_wconf 87' lang='lat' dir='ltr'><strong>duos</strong></span> <span class='ocrx_word' id='word_1_808' title='bbox 3000 4129 3146 4182; x_wconf 85' lang='lat' dir='ltr'><strong>viros</strong></span> <span class='ocrx_word' id='word_1_809' title='bbox 3181 4130 3249 4183; x_wconf 90' lang='lat' dir='ltr'><strong>de</strong></span> <span class='ocrx_word' id='word_1_810' title='bbox 3284 4128 3456 4185; x_wconf 91' lang='lat' dir='ltr'><strong>Satim</strong></span> 
     </span>
    </p>
   </div>
   <div class='ocr_carea' id='block_1_104' title="bbox 1900 4211 3460 4280">
    <p class='ocr_par' dir='ltr' id='par_1_104' title="bbox 1900 4211 3460 4280">
     <span class='ocr_line' id='line_1_104' title="bbox 1900 4211 3460 4280; baseline 0.007 -15"><span class='ocrx_word' id='word_1_811' title='bbox 1900 4211 1965 4265; x_wconf 87' lang='lat' dir='ltr'><strong>ad</strong></span> <span class='ocrx_word' id='word_1_812' title='bbox 1990 4214 2375 4280; x_wconf 64' lang='lat' dir='ltr'><strong>erplorandam</strong></span> <span class='ocrx_word' id='word_1_813' title='bbox 2410 4224 2632 4277; x_wconf 88' lang='lat' dir='ltr'><strong>terram,</strong></span> <span class='ocrx_word' id='word_1_814' title='bbox 2670 4228 2722 4270; x_wconf 91' lang='lat' dir='ltr'><strong>et</strong></span> <span class='ocrx_word' id='word_1_815' title='bbox 2746 4216 2987 4273; x_wconf 82' lang='lat' dir='ltr'><strong>Jericlio.</strong></span> <span class='ocrx_word' id='word_1_816' title='bbox 3025 4220 3087 4271; x_wconf 85' lang='lat' dir='ltr'><strong>Et</strong></span> <span class='ocrx_word' id='word_1_817' title='bbox 3116 4221 3460 4276; x_wconf 85' lang='lat' dir='ltr'><strong>intraverunt</strong></span> 
     </span>
    </p>
   </div>
   <div class='ocr_carea' id='block_1_105' title="bbox 1900 4306 3461 4378">
    <p class='ocr_par' dir='ltr' id='par_1_105' title="bbox 1900 4306 3461 4378">
     <span class='ocr_line' id='line_1_105' title="bbox 1900 4306 3461 4378; baseline 0.008 -21"><span class='ocrx_word' id='word_1_818' title='bbox 1900 4306 2120 4358; x_wconf 90' lang='lat' dir='ltr'><strong>domum</strong></span> <span class='ocrx_word' id='word_1_819' title='bbox 2172 4307 2419 4359; x_wconf 82' lang='lat' dir='ltr'><strong>mulieris</strong></span> <span class='ocrx_word' id='word_1_820' title='bbox 2452 4310 2780 4373; x_wconf 87' lang='lat' dir='ltr'><strong>meretricis,</strong></span> <span class='ocrx_word' id='word_1_821' title='bbox 2840 4312 2925 4363; x_wconf 91' lang='lat' dir='ltr'><strong>cui</strong></span> <span class='ocrx_word' id='word_1_822' title='bbox 2961 4328 3157 4365; x_wconf 90' lang='lat' dir='ltr'><strong>nomen</strong></span> <span class='ocrx_word' id='word_1_823' title='bbox 3192 4311 3364 4378; x_wconf 81' lang='lat' dir='ltr'><strong>Raab,</strong></span> <span class='ocrx_word' id='word_1_824' title='bbox 3404 4324 3461 4369; x_wconf 85' lang='lat' dir='ltr'><strong>et</strong></span> 
     </span>
    </p>
   </div>
   <div class='ocr_carea' id='block_1_106' title="bbox 1900 4397 3459 4469">
    <p class='ocr_par' dir='ltr' id='par_1_106' title="bbox 1900 4397 3459 4469">
     <span class='ocr_line' id='line_1_106' title="bbox 1900 4397 3459 4469; baseline 0.004 -19"><span class='ocrx_word' id='word_1_825' title='bbox 1900 4397 2235 4451; x_wconf 79' lang='lat' dir='ltr'><strong>diVerterunt</strong></span> <span class='ocrx_word' id='word_1_826' title='bbox 2293 4398 2386 4449; x_wconf 91' lang='lat' dir='ltr'><strong>ibi.</strong></span> <span class='ocrx_word' id='word_1_827' title='bbox 2419 4398 2481 4450; x_wconf 89' lang='lat' dir='ltr'><strong>Et</strong></span> <span class='ocrx_word' id='word_1_828' title='bbox 2512 4402 2820 4452; x_wconf 88' lang='lat' dir='ltr'><strong>nuntiatum</strong></span> <span class='ocrx_word' id='word_1_829' title='bbox 2853 4409 2936 4454; x_wconf 89' lang='lat' dir='ltr'><strong>est</strong></span> <span class='ocrx_word' id='word_1_830' title='bbox 2964 4402 3073 4469; x_wconf 73' lang='lat' dir='ltr'><strong>regi</strong></span> <span class='ocrx_word' id='word_1_831' title='bbox 3102 4401 3342 4469; x_wconf 82' lang='lat' dir='ltr'><strong>Jericlto,</strong></span> <span class='ocrx_word' id='word_1_832' title='bbox 3371 4405 3459 4458; x_wconf 89' lang='lat' dir='ltr'><strong>di-</strong></span> 
     </span>
    </p>
   </div>
   <div class='ocr_carea' id='block_1_107' title="bbox 1900 4482 3460 4556">
    <p class='ocr_par' dir='ltr' id='par_1_107' title="bbox 1900 4482 3460 4556">
     <span class='ocr_line' id='line_1_107' title="bbox 1900 4482 3460 4556; baseline 0.005 -17"><span class='ocrx_word' id='word_1_833' title='bbox 1900 4482 2086 4540; x_wconf 85' lang='lat' dir='ltr'><strong>centes</strong></span> <span class='ocrx_word' id='word_1_834' title='bbox 2120 4506 2132 4539; x_wconf 93' lang='lat'>:</span> <span class='ocrx_word' id='word_1_835' title='bbox 2172 4488 2402 4556; x_wconf 78' lang='lat' dir='ltr'><strong>lngressi</strong></span> <span class='ocrx_word' id='word_1_836' title='bbox 2440 4500 2569 4541; x_wconf 87' lang='lat' dir='ltr'><strong>sunt</strong></span> <span class='ocrx_word' id='word_1_837' title='bbox 2624 4491 2727 4541; x_wconf 88' lang='lat' dir='ltr'><strong>huc</strong></span> <span class='ocrx_word' id='word_1_838' title='bbox 2756 4490 2857 4541; x_wconf 91' lang='lat' dir='ltr'><strong>viri</strong></span> <span class='ocrx_word' id='word_1_839' title='bbox 2910 4490 2977 4542; x_wconf 86' lang='lat' dir='ltr'><strong>de</strong></span> <span class='ocrx_word' id='word_1_840' title='bbox 3029 4493 3154 4544; x_wconf 88' lang='lat' dir='ltr'><strong>liliis</strong></span> <span class='ocrx_word' id='word_1_841' title='bbox 3189 4492 3353 4545; x_wconf 85' lang='lat' dir='ltr'><strong>Israel</strong></span> <span class='ocrx_word' id='word_1_842' title='bbox 3391 4494 3460 4547; x_wconf 88' lang='lat' dir='ltr'><strong>ad</strong></span> 
     </span>
    </p>
   </div>
   <div class='ocr_carea' id='block_1_108' title="bbox 1904 4579 3464 4647">
    <p class='ocr_par' dir='ltr' id='par_1_108' title="bbox 1904 4579 3464 4647">
     <span class='ocr_line' id='line_1_108' title="bbox 1904 4579 3464 4647; baseline 0.004 -16"><span class='ocrx_word' id='word_1_843' title='bbox 1904 4579 2290 4646; x_wconf 81' lang='lat' dir='ltr'><strong>explorandam</strong></span> <span class='ocrx_word' id='word_1_844' title='bbox 2330 4588 2553 4633; x_wconf 89' lang='lat' dir='ltr'><strong>terram.</strong></span> <span class='ocrx_word' id='word_1_845' title='bbox 2590 4579 2653 4632; x_wconf 89' lang='lat' dir='ltr'><strong>Et</strong></span> <span class='ocrx_word' id='word_1_846' title='bbox 2682 4581 2830 4636; x_wconf 87' lang='lat' dir='ltr'><strong>misit</strong></span> <span class='ocrx_word' id='word_1_847' title='bbox 2861 4596 2949 4635; x_wconf 80' lang='lat' dir='ltr'><strong>rex</strong></span> <span class='ocrx_word' id='word_1_848' title='bbox 2993 4580 3235 4647; x_wconf 87' lang='lat' dir='ltr'><strong>Jeriebo,</strong></span> <span class='ocrx_word' id='word_1_849' title='bbox 3285 4590 3339 4637; x_wconf 88' lang='lat' dir='ltr'><strong>et</strong></span> <span class='ocrx_word' id='word_1_850' title='bbox 3384 4586 3464 4637; x_wconf 86' lang='lat' dir='ltr'><strong>ait</strong></span> 
     </span>
    </p>
   </div>
   <div class='ocr_carea' id='block_1_109' title="bbox 1903 4664 3463 4736">
    <p class='ocr_par' dir='ltr' id='par_1_109' title="bbox 1903 4664 3463 4736">
     <span class='ocr_line' id='line_1_109' title="bbox 1903 4664 3463 4736; baseline 0.004 -17"><span class='ocrx_word' id='word_1_851' title='bbox 1903 4667 1970 4719; x_wconf 90' lang='lat' dir='ltr'><strong>ad</strong></span> <span class='ocrx_word' id='word_1_852' title='bbox 2005 4664 2155 4719; x_wconf 79' lang='lat' dir='ltr'><strong>Raab</strong></span> <span class='ocrx_word' id='word_1_853' title='bbox 2204 4666 2391 4720; x_wconf 86' lang='lat' dir='ltr'><strong>dicens</strong></span> <span class='ocrx_word' id='word_1_854' title='bbox 2426 4686 2438 4719; x_wconf 93' lang='lat'><strong>:</strong></span> <span class='ocrx_word' id='word_1_855' title='bbox 2486 4666 2634 4721; x_wconf 86' lang='lat' dir='ltr'><strong>Edue</strong></span> <span class='ocrx_word' id='word_1_856' title='bbox 2666 4683 2762 4721; x_wconf 83' lang='lat' dir='ltr'><strong>eos</strong></span> <span class='ocrx_word' id='word_1_857' title='bbox 2794 4669 2884 4736; x_wconf 87' lang='lat' dir='ltr'><strong>qui</strong></span> <span class='ocrx_word' id='word_1_858' title='bbox 2927 4669 3163 4736; x_wconf 80' lang='lat' dir='ltr'><strong>ingressi</strong></span> <span class='ocrx_word' id='word_1_859' title='bbox 3193 4679 3323 4724; x_wconf 89' lang='lat' dir='ltr'><strong>sunt</strong></span> <span class='ocrx_word' id='word_1_860' title='bbox 3362 4671 3463 4725; x_wconf 76' lang='lat' dir='ltr'><strong>do-</strong></span> 
     </span>
    </p>
   </div>
   <div class='ocr_carea' id='block_1_110' title="bbox 1902 4760 3460 4828">
    <p class='ocr_par' dir='ltr' id='par_1_110' title="bbox 1902 4760 3460 4828">
     <span class='ocr_line' id='line_1_110' title="bbox 1902 4760 3460 4828; baseline 0.003 -17"><span class='ocrx_word' id='word_1_861' title='bbox 1902 4772 2048 4812; x_wconf 90' lang='lat' dir='ltr'><strong>mum</strong></span> <span class='ocrx_word' id='word_1_862' title='bbox 2078 4769 2222 4812; x_wconf 85' lang='lat' dir='ltr'><strong>tuam</strong></span> <span class='ocrx_word' id='word_1_863' title='bbox 2261 4767 2419 4811; x_wconf 87' lang='lat' dir='ltr'><strong>nocte</strong></span> <span class='ocrx_word' id='word_1_864' title='bbox 2454 4777 2466 4812; x_wconf 86' lang='lat'><strong>:</strong></span> <span class='ocrx_word' id='word_1_865' title='bbox 2508 4775 2632 4812; x_wconf 87' lang='lat' dir='ltr'><strong>nam</strong></span> <span class='ocrx_word' id='word_1_866' title='bbox 2693 4761 2758 4812; x_wconf 88' lang='lat' dir='ltr'><strong>ad</strong></span> <span class='ocrx_word' id='word_1_867' title='bbox 2816 4760 3207 4828; x_wconf 78' lang='lat' dir='ltr'><strong>explorandam</strong></span> <span class='ocrx_word' id='word_1_868' title='bbox 3260 4772 3460 4816; x_wconf 87' lang='lat' dir='ltr'><strong>terram</strong></span> 
     </span>
    </p>
   </div>
   <div class='ocr_carea' id='block_1_111' title="bbox 1902 4848 3464 4918">
    <p class='ocr_par' dir='ltr' id='par_1_111' title="bbox 1902 4848 3464 4918">
     <span class='ocr_line' id='line_1_111' title="bbox 1902 4848 3464 4918; baseline 0.003 -17"><span class='ocrx_word' id='word_1_869' title='bbox 1902 4858 2167 4902; x_wconf 86' lang='lat' dir='ltr'><strong>venerunt</strong></span> <span class='ocrx_word' id='word_1_870' title='bbox 2192 4848 2360 4917; x_wconf 88' lang='lat' dir='ltr'><strong>(atqui</strong></span> <span class='ocrx_word' id='word_1_871' title='bbox 2396 4850 2588 4902; x_wconf 86' lang='lat' dir='ltr'><strong>mulier</strong></span> <span class='ocrx_word' id='word_1_872' title='bbox 2623 4849 2896 4918; x_wconf 87' lang='lat' dir='ltr'><strong>accipiens</strong></span> <span class='ocrx_word' id='word_1_873' title='bbox 2932 4851 3098 4912; x_wconf 79' lang='lat' dir='ltr'><strong>viros,</strong></span> <span class='ocrx_word' id='word_1_874' title='bbox 3156 4851 3464 4907; x_wconf 86' lang='lat' dir='ltr'><strong>absconde-</strong></span> 
     </span>
    </p>
   </div>
   <div class='ocr_carea' id='block_1_112' title="bbox 1902 4938 3458 5009">
    <p class='ocr_par' dir='ltr' id='par_1_112' title="bbox 1902 4938 3458 5009">
     <span class='ocr_line' id='line_1_112' title="bbox 1902 4938 3458 5009; baseline 0.001 -17"><span class='ocrx_word' id='word_1_875' title='bbox 1902 4939 2029 5007; x_wconf 88' lang='lat' dir='ltr'><strong>rat).</strong></span> <span class='ocrx_word' id='word_1_876' title='bbox 2061 4938 2124 4991; x_wconf 87' lang='lat' dir='ltr'><strong>Et</strong></span> <span class='ocrx_word' id='word_1_877' title='bbox 2149 4938 2328 4993; x_wconf 81' lang='lat' dir='ltr'><strong>dixit:</strong></span> <span class='ocrx_word' id='word_1_878' title='bbox 2365 4940 2598 5009; x_wconf 82' lang='lat' dir='ltr'><strong>Ingressi</strong></span> <span class='ocrx_word' id='word_1_879' title='bbox 2634 4948 2763 4994; x_wconf 91' lang='lat' dir='ltr'><strong>sunt</strong></span> <span class='ocrx_word' id='word_1_880' title='bbox 2802 4942 2869 4995; x_wconf 92' lang='lat' dir='ltr'><strong>ad</strong></span> <span class='ocrx_word' id='word_1_881' title='bbox 2911 4957 2996 4995; x_wconf 89' lang='lat' dir='ltr'><strong>me</strong></span> <span class='ocrx_word' id='word_1_882' title='bbox 3031 4942 3280 4996; x_wconf 84' lang='lat' dir='ltr'><strong>homines</strong></span> <span class='ocrx_word' id='word_1_883' title='bbox 3314 4961 3325 4996; x_wconf 91' lang='lat'>:</span> <span class='ocrx_word' id='word_1_884' title='bbox 3366 4944 3458 4996; x_wconf 82' lang='lat' dir='ltr'><strong>sed</strong></span> 
     </span>
    </p>
   </div>
   <div class='ocr_carea' id='block_1_113' title="bbox 1904 5032 3460 5104">
    <p class='ocr_par' dir='ltr' id='par_1_113' title="bbox 1904 5032 3460 5104">
     <span class='ocr_line' id='line_1_113' title="bbox 1904 5032 3460 5104; baseline 0.002 -21"><span class='ocrx_word' id='word_1_885' title='bbox 1904 5045 2026 5083; x_wconf 92' lang='lat' dir='ltr'><strong>cum</strong></span> <span class='ocrx_word' id='word_1_886' title='bbox 2064 5043 2215 5099; x_wconf 88' lang='lat' dir='ltr'><strong>porta</strong></span> <span class='ocrx_word' id='word_1_887' title='bbox 2247 5032 2591 5085; x_wconf 84' lang='lat' dir='ltr'><strong>clauderetur</strong></span> <span class='ocrx_word' id='word_1_888' title='bbox 2644 5034 2699 5084; x_wconf 88' lang='lat' dir='ltr'><strong>in</strong></span> <span class='ocrx_word' id='word_1_889' title='bbox 2734 5033 2999 5097; x_wconf 88' lang='lat' dir='ltr'><strong>tenebris,</strong></span> <span class='ocrx_word' id='word_1_890' title='bbox 3034 5042 3087 5088; x_wconf 87' lang='lat' dir='ltr'><strong>et</strong></span> <span class='ocrx_word' id='word_1_891' title='bbox 3120 5034 3223 5086; x_wconf 90' lang='lat' dir='ltr'><strong>viri</strong></span> <span class='ocrx_word' id='word_1_892' title='bbox 3255 5035 3460 5104; x_wconf 78' lang='lat' dir='ltr'><strong>egressi</strong></span> 
     </span>
    </p>
   </div>
   <div class='ocr_carea' id='block_1_114' title="bbox 1902 5123 3460 5194">
    <p class='ocr_par' dir='ltr' id='par_1_114' title="bbox 1902 5123 3460 5194">
     <span class='ocr_line' id='line_1_114' title="bbox 1902 5123 3460 5194; baseline 0.002 -18"><span class='ocrx_word' id='word_1_893' title='bbox 1902 5130 2051 5186; x_wconf 90' lang='lat' dir='ltr'><strong>sunt,</strong></span> <span class='ocrx_word' id='word_1_894' title='bbox 2084 5131 2137 5175; x_wconf 91' lang='lat' dir='ltr'><strong>et</strong></span> <span class='ocrx_word' id='word_1_895' title='bbox 2166 5125 2351 5176; x_wconf 86' lang='lat' dir='ltr'><strong>nescio</strong></span> <span class='ocrx_word' id='word_1_896' title='bbox 2381 5139 2489 5192; x_wconf 87' lang='lat' dir='ltr'><strong>quo</strong></span> <span class='ocrx_word' id='word_1_897' title='bbox 2525 5124 2739 5177; x_wconf 88' lang='lat' dir='ltr'><strong>iverint.</strong></span> <span class='ocrx_word' id='word_1_898' title='bbox 2773 5123 3171 5193; x_wconf 85' lang='lat' dir='ltr'><strong>Persequirnini</strong></span> <span class='ocrx_word' id='word_1_899' title='bbox 3199 5135 3319 5194; x_wconf 91' lang='lat' dir='ltr'><strong>post</strong></span> <span class='ocrx_word' id='word_1_900' title='bbox 3345 5140 3460 5190; x_wconf 80' lang='lat' dir='ltr'><strong>eos,</strong></span> 
     </span>
    </p>
   </div>
   <div class='ocr_carea' id='block_1_115' title="bbox 1903 5215 3465 5285">
    <p class='ocr_par' dir='ltr' id='par_1_115' title="bbox 1903 5215 3465 5285">
     <span class='ocr_line' id='line_1_115' title="bbox 1903 5215 3465 5285; baseline 0.001 -16"><span class='ocrx_word' id='word_1_901' title='bbox 1903 5224 1955 5269; x_wconf 89' lang='lat' dir='ltr'><strong>et</strong></span> <span class='ocrx_word' id='word_1_902' title='bbox 1989 5216 2459 5284; x_wconf 87' lang='lat' dir='ltr'><strong>eomprehendetis</strong></span> <span class='ocrx_word' id='word_1_903' title='bbox 2488 5230 2603 5269; x_wconf 90' lang='lat' dir='ltr'><strong>eos.</strong></span> <span class='ocrx_word' id='word_1_904' title='bbox 2632 5215 2749 5285; x_wconf 86' lang='lat' dir='ltr'><strong>Ipsa</strong></span> <span class='ocrx_word' id='word_1_905' title='bbox 2785 5225 2963 5269; x_wconf 87' lang='lat' dir='ltr'><strong>autem</strong></span> <span class='ocrx_word' id='word_1_906' title='bbox 3008 5217 3303 5270; x_wconf 87' lang='lat' dir='ltr'><strong>ascendere</strong></span> <span class='ocrx_word' id='word_1_907' title='bbox 3336 5217 3465 5271; x_wconf 80' lang='lat' dir='ltr'><strong>fecit</strong></span> 
     </span>
    </p>
   </div>
   <div class='ocr_carea' id='block_1_116' title="bbox 1903 5307 3463 5376">
    <p class='ocr_par' dir='ltr' id='par_1_116' title="bbox 1903 5307 3463 5376">
     <span class='ocr_line' id='line_1_116' title="bbox 1903 5307 3463 5376; baseline 0 -15"><span class='ocrx_word' id='word_1_908' title='bbox 1903 5323 1995 5362; x_wconf 87' lang='lat' dir='ltr'><strong>eos</strong></span> <span class='ocrx_word' id='word_1_909' title='bbox 2030 5308 2083 5359; x_wconf 91' lang='lat' dir='ltr'><strong>in</strong></span> <span class='ocrx_word' id='word_1_910' title='bbox 2114 5307 2371 5360; x_wconf 91' lang='lat' dir='ltr'><strong>solarium</strong></span> <span class='ocrx_word' id='word_1_911' title='bbox 2409 5316 2498 5360; x_wconf 90' lang='lat' dir='ltr'><strong>:cl.</strong></span> <span class='ocrx_word' id='word_1_912' title='bbox 2530 5309 2901 5361; x_wconf 81' lang='lat' dir='ltr'><strong>uccultavitin</strong></span> <span class='ocrx_word' id='word_1_913' title='bbox 2928 5307 3089 5374; x_wconf 75' lang='lat' dir='ltr'><strong>lignis</strong></span> <span class='ocrx_word' id='word_1_914' title='bbox 3124 5308 3213 5361; x_wconf 92' lang='lat' dir='ltr'><strong>lini</strong></span> <span class='ocrx_word' id='word_1_915' title='bbox 3246 5308 3463 5376; x_wconf 73' lang='lat' dir='ltr'><strong>stipula:</strong></span> 
     </span>
    </p>
   </div>
   <div class='ocr_carea' id='block_1_117' title="bbox 1903 5397 3460 5467">
    <p class='ocr_par' dir='ltr' id='par_1_117' title="bbox 1903 5397 3460 5467">
     <span class='ocr_line' id='line_1_117' title="bbox 1903 5397 3460 5467; baseline -0.001 -15"><span class='ocrx_word' id='word_1_916' title='bbox 1903 5398 2224 5466; x_wconf 73' lang='lat' dir='ltr'><strong>constipata:</strong></span> <span class='ocrx_word' id='word_1_917' title='bbox 2256 5399 2356 5452; x_wconf 85' lang='lat' dir='ltr'><strong>sibi</strong></span> <span class='ocrx_word' id='word_1_918' title='bbox 2408 5415 2572 5467; x_wconf 88' lang='lat' dir='ltr'><strong>super</strong></span> <span class='ocrx_word' id='word_1_919' title='bbox 2612 5399 2893 5453; x_wconf 88' lang='lat' dir='ltr'><strong>solarium.</strong></span> <span class='ocrx_word' id='word_1_920' title='bbox 2932 5397 2997 5451; x_wconf 88' lang='lat' dir='ltr'><strong>Et</strong></span> <span class='ocrx_word' id='word_1_921' title='bbox 3030 5398 3131 5450; x_wconf 86' lang='lat' dir='ltr'><strong>viri</strong></span> <span class='ocrx_word' id='word_1_922' title='bbox 3189 5401 3460 5466; x_wconf 87' lang='lat' dir='ltr'><strong>persecuti</strong></span> 
     </span>
    </p>
   </div>
   <div class='ocr_carea' id='block_1_118' title="bbox 1905 5487 3465 5559">
    <p class='ocr_par' dir='ltr' id='par_1_118' title="bbox 1905 5487 3465 5559">
     <span class='ocr_line' id='line_1_118' title="bbox 1905 5487 3465 5559; baseline -0.001 -15"><span class='ocrx_word' id='word_1_923' title='bbox 1905 5498 2189 5557; x_wconf 82' lang='lat' dir='ltr'><strong>suntpost</strong></span> <span class='ocrx_word' id='word_1_924' title='bbox 2235 5505 2329 5543; x_wconf 91' lang='lat' dir='ltr'><strong>eos</strong></span> <span class='ocrx_word' id='word_1_925' title='bbox 2362 5490 2524 5553; x_wconf 88' lang='lat' dir='ltr'><strong>viam,</strong></span> <span class='ocrx_word' id='word_1_926' title='bbox 2566 5507 2685 5559; x_wconf 70' lang='lat' dir='ltr'><strong>qua:</strong></span> <span class='ocrx_word' id='word_1_927' title='bbox 2729 5499 2811 5542; x_wconf 89' lang='lat' dir='ltr'><strong>est</strong></span> <span class='ocrx_word' id='word_1_928' title='bbox 2858 5505 3021 5559; x_wconf 88' lang='lat' dir='ltr'><strong>super</strong></span> <span class='ocrx_word' id='word_1_929' title='bbox 3063 5487 3357 5542; x_wconf 83' lang='lat' dir='ltr'><strong>Jordanem</strong></span> <span class='ocrx_word' id='word_1_930' title='bbox 3395 5489 3465 5542; x_wconf 82' lang='lat' dir='ltr'><strong>ad</strong></span> 
     </span>
    </p>
   </div>
   <div class='ocr_carea' id='block_1_119' title="bbox 1903 5582 3467 5651">
    <p class='ocr_par' dir='ltr' id='par_1_119' title="bbox 1903 5582 3467 5651">
     <span class='ocr_line' id='line_1_119' title="bbox 1903 5582 3467 5651; baseline -0.001 -17"><span class='ocrx_word' id='word_1_931' title='bbox 1903 5582 2063 5634; x_wconf 82' lang='lat' dir='ltr'><strong>vada.</strong></span> <span class='ocrx_word' id='word_1_932' title='bbox 2100 5582 2165 5633; x_wconf 86' lang='lat' dir='ltr'><strong>Et</strong></span> <span class='ocrx_word' id='word_1_933' title='bbox 2214 5582 2415 5634; x_wconf 78' lang='lat' dir='ltr'><strong>factum</strong></span> <span class='ocrx_word' id='word_1_934' title='bbox 2476 5592 2591 5647; x_wconf 88' lang='lat' dir='ltr'><strong>est,</strong></span> <span class='ocrx_word' id='word_1_935' title='bbox 2639 5593 2924 5651; x_wconf 86' lang='lat' dir='ltr'><strong>postquam</strong></span> <span class='ocrx_word' id='word_1_936' title='bbox 2987 5583 3239 5637; x_wconf 83' lang='lat' dir='ltr'><strong>exierunt</strong></span> <span class='ocrx_word' id='word_1_937' title='bbox 3283 5596 3467 5649; x_wconf 80' lang='lat' dir='ltr'><strong>perse-</strong></span> 
     </span>
    </p>
   </div>
   <div class='ocr_carea' id='block_1_120' title="bbox 1906 5670 3464 5742">
    <p class='ocr_par' dir='ltr' id='par_1_120' title="bbox 1906 5670 3464 5742">
     <span class='ocr_line' id='line_1_120' title="bbox 1906 5670 3464 5742; baseline -0.004 -17"><span class='ocrx_word' id='word_1_938' title='bbox 1906 5684 2157 5741; x_wconf 89' lang='lat' dir='ltr'><strong>quentes,</strong></span> <span class='ocrx_word' id='word_1_939' title='bbox 2195 5674 2309 5742; x_wconf 87' lang='lat' dir='ltr'><strong>ipsa</strong></span> <span class='ocrx_word' id='word_1_940' title='bbox 2343 5675 2590 5727; x_wconf 83' lang='lat' dir='ltr'><strong>ascendit</strong></span> <span class='ocrx_word' id='word_1_941' title='bbox 2629 5674 2691 5725; x_wconf 90' lang='lat' dir='ltr'><strong>ad</strong></span> <span class='ocrx_word' id='word_1_942' title='bbox 2722 5675 2846 5727; x_wconf 82' lang='lat' dir='ltr'><strong>illos</strong></span> <span class='ocrx_word' id='word_1_943' title='bbox 2882 5675 2934 5727; x_wconf 91' lang='lat' dir='ltr'><strong>in</strong></span> <span class='ocrx_word' id='word_1_944' title='bbox 2969 5673 3251 5736; x_wconf 84' lang='lat' dir='ltr'><strong>solarium,</strong></span> <span class='ocrx_word' id='word_1_945' title='bbox 3303 5670 3464 5723; x_wconf 60' lang='lat' dir='ltr'><strong>dirit-</strong></span> 
     </span>
    </p>
   </div>
   <div class='ocr_carea' id='block_1_121' title="bbox 1908 5750 3468 5832">
    <p class='ocr_par' dir='ltr' id='par_1_121' title="bbox 1908 5750 3468 5832">
     <span class='ocr_line' id='line_1_121' title="bbox 1908 5750 3468 5832; baseline -0.003 -16"><span class='ocrx_word' id='word_1_946' title='bbox 1908 5780 2012 5832; x_wconf 87' lang='lat' dir='ltr'><strong>qne</strong></span> <span class='ocrx_word' id='word_1_947' title='bbox 2042 5765 2122 5819; x_wconf 87' lang='lat' dir='ltr'><strong>eis</strong></span> <span class='ocrx_word' id='word_1_948' title='bbox 2165 5782 2178 5817; x_wconf 76' lang='grc' dir='ltr'><strong>ι</strong></span> <span class='ocrx_word' id='word_1_949' title='bbox 2227 5764 2282 5817; x_wconf 91' lang='lat' dir='ltr'><strong>In</strong></span> <span class='ocrx_word' id='word_1_950' title='bbox 2336 5750 2649 5818; x_wconf 70' lang='lat' dir='ltr'><strong>montanam</strong></span> <span class='ocrx_word' id='word_1_951' title='bbox 2684 5766 2847 5826; x_wconf 84' lang='lat' dir='ltr'><strong>abite,</strong></span> <span class='ocrx_word' id='word_1_952' title='bbox 2888 5781 2955 5819; x_wconf 90' lang='lat' dir='ltr'><strong>ne</strong></span> <span class='ocrx_word' id='word_1_953' title='bbox 2997 5764 3134 5817; x_wconf 81' lang='lat' dir='ltr'><strong>forte</strong></span> <span class='ocrx_word' id='word_1_954' title='bbox 3172 5768 3468 5815; x_wconf 85' lang='lat' dir='ltr'><strong>occurrent</strong></span> 
     </span>
    </p>
   </div>
   <div class='ocr_carea' id='block_1_122' title="bbox 1912 5852 3469 5928">
    <p class='ocr_par' dir='ltr' id='par_1_122' title="bbox 1912 5852 3469 5928">
     <span class='ocr_line' id='line_1_122' title="bbox 1912 5852 3469 5928; baseline -0.005 -15"><span class='ocrx_word' id='word_1_955' title='bbox 1912 5858 2068 5913; x_wconf 71' lang='lat' dir='ltr'><strong>vobis</strong></span> <span class='ocrx_word' id='word_1_956' title='bbox 2106 5868 2498 5928; x_wconf 82' lang='lat' dir='ltr'><strong>perseeuentes</strong></span> <span class='ocrx_word' id='word_1_957' title='bbox 2529 5874 2644 5913; x_wconf 85' lang='lat' dir='ltr'><strong>vos.</strong></span> <span class='ocrx_word' id='word_1_958' title='bbox 2679 5868 2731 5912; x_wconf 91' lang='lat' dir='ltr'><strong>et</strong></span> <span class='ocrx_word' id='word_1_959' title='bbox 2765 5858 3047 5912; x_wconf 78' lang='lat' dir='ltr'><strong>latitabitis</strong></span> <span class='ocrx_word' id='word_1_960' title='bbox 3088 5855 3159 5907; x_wconf 85' lang='lat' dir='ltr'><strong>ibi</strong></span> <span class='ocrx_word' id='word_1_961' title='bbox 3192 5863 3304 5907; x_wconf 88' lang='lat' dir='ltr'><strong>tres</strong></span> <span class='ocrx_word' id='word_1_962' title='bbox 3327 5852 3469 5915; x_wconf 74' lang='lat' dir='ltr'><strong>dies,</strong></span> 
     </span>
    </p>
   </div>
   <div class='ocr_carea' id='block_1_123' title="bbox 3040 5949 3111 6009">
    <p class='ocr_par' dir='ltr' id='par_1_123' title="bbox 3040 5949 3111 6009">
     <span class='ocr_line' id='line_1_123' title="bbox 3040 5949 3111 6009; baseline -0.014 0"><span class='ocrx_word' id='word_1_963' title='bbox 3040 5949 3111 6009; x_wconf 85' lang='lat'><strong>39</strong></span> 
     </span>
    </p>
   </div>
  </div>
