  <div class='ocr_page' id='page_1' title='image "/cluster/home/n/w/nwhite01/storage/ocr_20150623/95/nnc1.0046979816/619.png"; bbox 0 0 4218 6446; ppageno 0'>
   <div class='ocr_carea' id='block_1_1' title="bbox 846 383 975 446">
    <p class='ocr_par' dir='ltr' id='par_1_1' title="bbox 846 383 975 446">
     <span class='ocr_line' id='line_1_1' title="bbox 846 383 975 446; baseline 0.008 -1"><span class='ocrx_word' id='word_1_1' title='bbox 846 383 975 446; x_wconf 71' lang='grc' dir='ltr'><strong>ῙΞΞἹ</strong></span> 
     </span>
    </p>
   </div>
   <div class='ocr_carea' id='block_1_2' title="bbox 2013 367 2892 433">
    <p class='ocr_par' dir='ltr' id='par_1_2' title="bbox 2013 367 2892 433">
     <span class='ocr_line' id='line_1_2' title="bbox 2013 367 2892 433; baseline 0.007 -5"><span class='ocrx_word' id='word_1_2' title='bbox 2013 376 2073 432; x_wconf 76' lang='lat' dir='ltr'><strong>s.</strong></span> <span class='ocrx_word' id='word_1_3' title='bbox 2102 368 2420 432; x_wconf 80' lang='lat' dir='ltr'><strong>Jo.\.v.\&#39;ts</strong></span> <span class='ocrx_word' id='word_1_4' title='bbox 2464 367 2892 433; x_wconf 50' lang='lat' dir='ltr'><strong>nauseam</strong></span> 
     </span>
    </p>
   </div>
   <div class='ocr_carea' id='block_1_3' title="bbox 3949 397 4081 460">
    <p class='ocr_par' dir='ltr' id='par_1_3' title="bbox 3949 397 4081 460">
     <span class='ocr_line' id='line_1_3' title="bbox 3949 397 4081 460; baseline 0.015 -2"><span class='ocrx_word' id='word_1_5' title='bbox 3949 397 4081 460; x_wconf 71' lang='lat'><strong>129.8</strong></span> 
     </span>
    </p>
   </div>
   <div class='ocr_carea' id='block_1_4' title="bbox 842 481 2508 566">
    <p class='ocr_par' dir='ltr' id='par_1_4' title="bbox 842 483 2483 566">
     <span class='ocr_line' id='line_1_4' title="bbox 842 483 2483 566; baseline -0.007 -16"><span class='ocrx_word' id='word_1_6' title='bbox 842 497 1197 566; x_wconf 80' lang='lat' dir='ltr'><strong>quoadusque</strong></span> <span class='ocrx_word' id='word_1_7' title='bbox 1283 493 1482 544; x_wconf 78' lang='lat' dir='ltr'><strong>reversi</strong></span> <span class='ocrx_word' id='word_1_8' title='bbox 1549 499 1755 552; x_wconf 84' lang='lat' dir='ltr'><strong>erunt,</strong></span> <span class='ocrx_word' id='word_1_9' title='bbox 1827 489 1918 558; x_wconf 90' lang='lat' dir='ltr'><strong>qui</strong></span> <span class='ocrx_word' id='word_1_10' title='bbox 2005 483 2483 556; x_wconf 76' lang='lat' dir='ltr'><strong>persequunlurA</strong></span> 
     </span>
    </p>
   </div>
   <div class='ocr_carea' id='block_1_5' title="bbox 2419 481 4085 566">
    <p class='ocr_par' dir='ltr' id='par_1_5' title="bbox 2435 481 4085 566">
     <span class='ocr_line' id='line_1_5' title="bbox 2435 481 4085 566; baseline 0.021 -36"><span class='ocrx_word' id='word_1_11' title='bbox 2435 483 2483 538; x_wconf 75' lang='grc' dir='ltr'><strong>Α</strong></span> <span class='ocrx_word' id='word_1_12' title='bbox 2510 481 2723 553; x_wconf 80' lang='grc' dir='ltr'><strong>ὀρεινὴν</strong></span> <span class='ocrx_word' id='word_1_13' title='bbox 2759 485 3051 554; x_wconf 78' lang='grc' dir='ltr'><strong>ἀπέλθοιτε,</strong></span> <span class='ocrx_word' id='word_1_14' title='bbox 3085 492 3160 562; x_wconf 80' lang='grc' dir='ltr'><strong>μὴ</strong></span> <span class='ocrx_word' id='word_1_15' title='bbox 3205 497 3606 566; x_wconf 76' lang='grc' dir='ltr'><strong>συναντήσωοιν</strong></span> <span class='ocrx_word' id='word_1_16' title='bbox 3634 503 3682 555; x_wconf 83' lang='lat' dir='ltr'><strong>oi</strong></span> <span class='ocrx_word' id='word_1_17' title='bbox 3717 508 4085 563; x_wconf 78' lang='grc' dir='ltr'><strong>καταδιώκον-</strong></span> 
     </span>
    </p>
   </div>
   <div class='ocr_carea' id='block_1_6' title="bbox 841 604 1023 643">
    <p class='ocr_par' dir='ltr' id='par_1_6' title="bbox 841 604 1023 643">
     <span class='ocr_line' id='line_1_6' title="bbox 841 604 1023 643; baseline -0.011 -1"><span class='ocrx_word' id='word_1_18' title='bbox 841 604 962 643; x_wconf 85' lang='lat' dir='ltr'><strong>vos.</strong></span> <span class='ocrx_word' id='word_1_19' title='bbox 1007 609 1023 640; x_wconf 78' lang='grc' dir='ltr'><strong>ι</strong></span> 
     </span>
    </p>
   </div>
   <div class='ocr_carea' id='block_1_7' title="bbox 914 761 2405 838">
    <p class='ocr_par' dir='ltr' id='par_1_7' title="bbox 914 761 2405 838">
     <span class='ocr_line' id='line_1_7' title="bbox 914 761 2405 838; baseline -0.005 -16"><span class='ocrx_word' id='word_1_20' title='bbox 914 769 940 822; x_wconf 85' lang='grc'><strong><em>1</em></strong></span> <span class='ocrx_word' id='word_1_21' title='bbox 977 768 1103 838; x_wconf 79' lang='lat' dir='ltr'><strong>Reg.</strong></span> <span class='ocrx_word' id='word_1_22' title='bbox 1135 783 1242 828; x_wconf 73' lang='lat' dir='ltr'><strong>xu,</strong></span> <span class='ocrx_word' id='word_1_23' title='bbox 1287 767 1332 817; x_wconf 92' lang='lat' dir='ltr'><strong>l.</strong></span> <span class='ocrx_word' id='word_1_24' title='bbox 1365 794 1428 804; x_wconf 61' lang='grc' dir='ltr'><strong>-α</strong></span> <span class='ocrx_word' id='word_1_25' title='bbox 1467 785 1483 816; x_wconf 84' lang='grc'>‹</span> <span class='ocrx_word' id='word_1_26' title='bbox 1521 766 1666 818; x_wconf 80' lang='lat' dir='ltr'><strong>Dixit</strong></span> <span class='ocrx_word' id='word_1_27' title='bbox 1709 762 1968 816; x_wconf 84' lang='lat' dir='ltr'><strong>Dominus</strong></span> <span class='ocrx_word' id='word_1_28' title='bbox 2015 762 2081 815; x_wconf 89' lang='lat' dir='ltr'><strong>ad</strong></span> <span class='ocrx_word' id='word_1_29' title='bbox 2131 761 2354 814; x_wconf 78' lang='lat' dir='ltr'><strong>Samuel</strong></span> <span class='ocrx_word' id='word_1_30' title='bbox 2391 779 2405 815; x_wconf 75' lang='grc' dir='ltr'>ε</span> 
     </span>
    </p>
   </div>
   <div class='ocr_carea' id='block_1_8' title="bbox 843 851 2406 931">
    <p class='ocr_par' dir='ltr' id='par_1_8' title="bbox 843 851 2406 931">
     <span class='ocr_line' id='line_1_8' title="bbox 843 851 2406 931; baseline -0.009 -15"><span class='ocrx_word' id='word_1_31' title='bbox 843 863 1012 931; x_wconf 78' lang='lat' dir='ltr'><strong>imple</strong></span> <span class='ocrx_word' id='word_1_32' title='bbox 1070 876 1242 915; x_wconf 92' lang='lat' dir='ltr'><strong>cornu</strong></span> <span class='ocrx_word' id='word_1_33' title='bbox 1291 871 1447 912; x_wconf 90' lang='lat' dir='ltr'><strong>tuum</strong></span> <span class='ocrx_word' id='word_1_34' title='bbox 1503 858 1653 919; x_wconf 81' lang='lat' dir='ltr'><strong>oleo,</strong></span> <span class='ocrx_word' id='word_1_35' title='bbox 1712 867 1765 908; x_wconf 87' lang='lat' dir='ltr'><strong>et</strong></span> <span class='ocrx_word' id='word_1_36' title='bbox 1820 854 1966 915; x_wconf 85' lang='lat' dir='ltr'><strong>veni,</strong></span> <span class='ocrx_word' id='word_1_37' title='bbox 2008 852 2222 906; x_wconf 87' lang='lat' dir='ltr'><strong>mittam</strong></span> <span class='ocrx_word' id='word_1_38' title='bbox 2261 861 2312 905; x_wconf 92' lang='lat' dir='ltr'><strong>te</strong></span> <span class='ocrx_word' id='word_1_39' title='bbox 2353 851 2406 902; x_wconf 89' lang='lat' dir='ltr'><strong>in</strong></span> 
     </span>
    </p>
   </div>
   <div class='ocr_carea' id='block_1_9' title="bbox 842 944 2407 1020">
    <p class='ocr_par' dir='ltr' id='par_1_9' title="bbox 842 944 2407 1020">
     <span class='ocr_line' id='line_1_9' title="bbox 842 944 2407 1020; baseline -0.009 -11"><span class='ocrx_word' id='word_1_40' title='bbox 842 955 1116 1009; x_wconf 82' lang='lat' dir='ltr'><strong>Bethleem</strong></span> <span class='ocrx_word' id='word_1_41' title='bbox 1163 953 1229 1007; x_wconf 88' lang='lat' dir='ltr'><strong>ad</strong></span> <span class='ocrx_word' id='word_1_42' title='bbox 1272 952 1456 1012; x_wconf 60' lang='grc' dir='ltr'><strong>λυθείς,</strong></span> <span class='ocrx_word' id='word_1_43' title='bbox 1501 950 1660 1020; x_wconf 80' lang='lat'><strong>367</strong></span> <span class='ocrx_word' id='word_1_44' title='bbox 1706 950 1835 1018; x_wconf 93' lang='lat' dir='ltr'><strong>quia</strong></span> <span class='ocrx_word' id='word_1_45' title='bbox 1881 945 1992 998; x_wconf 87' lang='lat' dir='ltr'><strong>vidi</strong></span> <span class='ocrx_word' id='word_1_46' title='bbox 2047 945 2100 998; x_wconf 93' lang='lat' dir='ltr'><strong>in</strong></span> <span class='ocrx_word' id='word_1_47' title='bbox 2137 944 2262 998; x_wconf 79' lang='lat' dir='ltr'><strong>filiis</strong></span> <span class='ocrx_word' id='word_1_48' title='bbox 2287 944 2407 1012; x_wconf 85' lang='lat' dir='ltr'><strong>ejus</strong></span> 
     </span>
    </p>
   </div>
   <div class='ocr_carea' id='block_1_10' title="bbox 842 1035 2407 1115">
    <p class='ocr_par' dir='ltr' id='par_1_10' title="bbox 842 1035 2407 1115">
     <span class='ocr_line' id='line_1_10' title="bbox 842 1035 2407 1115; baseline -0.006 -17"><span class='ocrx_word' id='word_1_49' title='bbox 842 1047 976 1099; x_wconf 76' lang='lat' dir='ltr'><strong>mihi</strong></span> <span class='ocrx_word' id='word_1_50' title='bbox 1039 1060 1240 1115; x_wconf 80' lang='lat' dir='ltr'><strong>regem.</strong></span> <span class='ocrx_word' id='word_1_51' title='bbox 1276 1043 1341 1095; x_wconf 86' lang='lat' dir='ltr'><strong>Et</strong></span> <span class='ocrx_word' id='word_1_52' title='bbox 1367 1042 1505 1095; x_wconf 82' lang='lat' dir='ltr'><strong>dixit</strong></span> <span class='ocrx_word' id='word_1_53' title='bbox 1545 1039 1769 1093; x_wconf 78' lang='lat' dir='ltr'><strong>Samuel</strong></span> <span class='ocrx_word' id='word_1_54' title='bbox 1814 1058 1827 1092; x_wconf 88' lang='lat'>:</span> <span class='ocrx_word' id='word_1_55' title='bbox 1869 1036 2157 1103; x_wconf 85' lang='lat' dir='ltr'><strong>Quomodo</strong></span> <span class='ocrx_word' id='word_1_56' title='bbox 2194 1035 2324 1089; x_wconf 88' lang='lat' dir='ltr'><strong>ibo?</strong></span> <span class='ocrx_word' id='word_1_57' title='bbox 2353 1048 2407 1089; x_wconf 90' lang='lat' dir='ltr'><strong>et</strong></span> 
     </span>
    </p>
   </div>
   <div class='ocr_carea' id='block_1_11' title="bbox 840 1127 2403 1201">
    <p class='ocr_par' dir='ltr' id='par_1_11' title="bbox 840 1127 2403 1201">
     <span class='ocr_line' id='line_1_11' title="bbox 840 1127 2403 1201; baseline -0.005 -13"><span class='ocrx_word' id='word_1_58' title='bbox 840 1137 1025 1191; x_wconf 80' lang='lat' dir='ltr'><strong>audiet</strong></span> <span class='ocrx_word' id='word_1_59' title='bbox 1057 1136 1208 1201; x_wconf 89' lang='lat' dir='ltr'><strong>Saul,</strong></span> <span class='ocrx_word' id='word_1_60' title='bbox 1240 1143 1295 1190; x_wconf 88' lang='lat' dir='ltr'><strong>et</strong></span> <span class='ocrx_word' id='word_1_61' title='bbox 1329 1133 1616 1187; x_wconf 80' lang='lat' dir='ltr'><strong>interficict</strong></span> <span class='ocrx_word' id='word_1_62' title='bbox 1655 1148 1761 1186; x_wconf 90' lang='lat' dir='ltr'><strong>me.</strong></span> <span class='ocrx_word' id='word_1_63' title='bbox 1793 1130 1859 1184; x_wconf 85' lang='lat' dir='ltr'><strong>Et</strong></span> <span class='ocrx_word' id='word_1_64' title='bbox 1908 1129 2046 1182; x_wconf 81' lang='lat' dir='ltr'><strong>dixit</strong></span> <span class='ocrx_word' id='word_1_65' title='bbox 2089 1127 2354 1182; x_wconf 86' lang='lat' dir='ltr'><strong>Dominus</strong></span> <span class='ocrx_word' id='word_1_66' title='bbox 2390 1145 2403 1180; x_wconf 90' lang='lat'><strong>:</strong></span> 
     </span>
    </p>
   </div>
   <div class='ocr_carea' id='block_1_12' title="bbox 847 1219 2407 1295">
    <p class='ocr_par' dir='ltr' id='par_1_12' title="bbox 847 1219 2407 1295">
     <span class='ocr_line' id='line_1_12' title="bbox 847 1219 2407 1295; baseline -0.006 -16"><span class='ocrx_word' id='word_1_67' title='bbox 847 1228 1084 1282; x_wconf 77' lang='lat' dir='ltr'><strong>Vitulam</strong></span> <span class='ocrx_word' id='word_1_68' title='bbox 1107 1228 1270 1281; x_wconf 91' lang='lat' dir='ltr'><strong>boum</strong></span> <span class='ocrx_word' id='word_1_69' title='bbox 1307 1241 1439 1295; x_wconf 83' lang='lat' dir='ltr'><strong>cape</strong></span> <span class='ocrx_word' id='word_1_70' title='bbox 1468 1225 1521 1278; x_wconf 92' lang='lat' dir='ltr'><strong>in</strong></span> <span class='ocrx_word' id='word_1_71' title='bbox 1545 1239 1708 1278; x_wconf 88' lang='lat' dir='ltr'><strong>manu</strong></span> <span class='ocrx_word' id='word_1_72' title='bbox 1740 1231 1852 1284; x_wconf 90' lang='lat' dir='ltr'><strong>tua,</strong></span> <span class='ocrx_word' id='word_1_73' title='bbox 1885 1231 1936 1274; x_wconf 86' lang='lat' dir='ltr'><strong>et</strong></span> <span class='ocrx_word' id='word_1_74' title='bbox 1959 1219 2112 1274; x_wconf 84' lang='lat' dir='ltr'><strong>dices</strong></span> <span class='ocrx_word' id='word_1_75' title='bbox 2146 1240 2158 1274; x_wconf 93' lang='lat'>:</span> <span class='ocrx_word' id='word_1_76' title='bbox 2205 1221 2283 1274; x_wconf 83' lang='lat' dir='ltr'><strong>Ad</strong></span> <span class='ocrx_word' id='word_1_77' title='bbox 2321 1235 2407 1274; x_wconf 89' lang='lat' dir='ltr'><strong>sa-</strong></span> 
     </span>
    </p>
   </div>
   <div class='ocr_carea' id='block_1_13' title="bbox 837 1313 2406 1376">
    <p class='ocr_par' dir='ltr' id='par_1_13' title="bbox 837 1313 2406 1376">
     <span class='ocr_line' id='line_1_13' title="bbox 837 1313 2406 1376; baseline -0.007 1"><span class='ocrx_word' id='word_1_78' title='bbox 837 1321 1197 1376; x_wconf 80' lang='lat' dir='ltr'><strong>crificandum</strong></span> <span class='ocrx_word' id='word_1_79' title='bbox 1253 1320 1486 1373; x_wconf 90' lang='lat' dir='ltr'><strong>Domino</strong></span> <span class='ocrx_word' id='word_1_80' title='bbox 1527 1318 1709 1372; x_wconf 90' lang='lat' dir='ltr'><strong>venio.</strong></span> <span class='ocrx_word' id='word_1_81' title='bbox 1771 1316 1837 1371; x_wconf 83' lang='lat' dir='ltr'><strong>Et</strong></span> <span class='ocrx_word' id='word_1_82' title='bbox 1887 1315 2108 1370; x_wconf 87' lang='lat' dir='ltr'><strong>vocabis</strong></span> <span class='ocrx_word' id='word_1_83' title='bbox 2155 1313 2323 1368; x_wconf 74' lang='lat' dir='ltr'><strong>Jessae</strong></span> <span class='ocrx_word' id='word_1_84' title='bbox 2351 1322 2406 1367; x_wconf 87' lang='lat' dir='ltr'><strong>et</strong></span> 
     </span>
    </p>
   </div>
   <div class='ocr_carea' id='block_1_14' title="bbox 839 1408 2404 1480">
    <p class='ocr_par' dir='ltr' id='par_1_14' title="bbox 839 1408 2404 1480">
     <span class='ocr_line' id='line_1_14' title="bbox 839 1408 2404 1480; baseline -0.004 -17"><span class='ocrx_word' id='word_1_85' title='bbox 839 1412 983 1465; x_wconf 79' lang='lat' dir='ltr'><strong>filios</strong></span> <span class='ocrx_word' id='word_1_86' title='bbox 1006 1411 1126 1480; x_wconf 88' lang='lat' dir='ltr'><strong>ejus</strong></span> <span class='ocrx_word' id='word_1_87' title='bbox 1189 1408 1256 1462; x_wconf 92' lang='lat' dir='ltr'><strong>ad</strong></span> <span class='ocrx_word' id='word_1_88' title='bbox 1299 1408 1655 1470; x_wconf 86' lang='lat' dir='ltr'><strong>sacriticium,</strong></span> <span class='ocrx_word' id='word_1_89' title='bbox 1708 1416 1762 1460; x_wconf 87' lang='lat' dir='ltr'><strong>et</strong></span> <span class='ocrx_word' id='word_1_90' title='bbox 1810 1421 1982 1476; x_wconf 79' lang='lat' dir='ltr'><strong>unges</strong></span> <span class='ocrx_word' id='word_1_91' title='bbox 2026 1419 2404 1474; x_wconf 85' lang='lat' dir='ltr'><strong>quemcunque</strong></span> 
     </span>
    </p>
   </div>
   <div class='ocr_carea' id='block_1_15' title="bbox 833 1497 2403 1566">
    <p class='ocr_par' dir='ltr' id='par_1_15' title="bbox 833 1497 2403 1566">
     <span class='ocr_line' id='line_1_15' title="bbox 833 1497 2403 1566; baseline -0.004 -11"><span class='ocrx_word' id='word_1_92' title='bbox 833 1504 1025 1557; x_wconf 76' lang='lat' dir='ltr'><strong>dixero</strong></span> <span class='ocrx_word' id='word_1_93' title='bbox 1051 1501 1174 1556; x_wconf 90' lang='lat' dir='ltr'><strong>tibi.</strong></span> <span class='ocrx_word' id='word_1_94' title='bbox 1198 1499 1263 1553; x_wconf 87' lang='lat' dir='ltr'><strong>Et</strong></span> <span class='ocrx_word' id='word_1_95' title='bbox 1297 1500 1422 1553; x_wconf 90' lang='lat' dir='ltr'><strong>fecit</strong></span> <span class='ocrx_word' id='word_1_96' title='bbox 1451 1497 1672 1552; x_wconf 89' lang='lat' dir='ltr'><strong>Samuel</strong></span> <span class='ocrx_word' id='word_1_97' title='bbox 1699 1497 1884 1552; x_wconf 84' lang='lat' dir='ltr'><strong>omnia</strong></span> <span class='ocrx_word' id='word_1_98' title='bbox 1930 1512 2051 1566; x_wconf 74' lang='lat' dir='ltr'><strong>qua:</strong></span> <span class='ocrx_word' id='word_1_99' title='bbox 2079 1497 2296 1550; x_wconf 88' lang='lat' dir='ltr'><strong>locutus</strong></span> <span class='ocrx_word' id='word_1_100' title='bbox 2320 1505 2403 1550; x_wconf 88' lang='lat' dir='ltr'><strong>est</strong></span> 
     </span>
    </p>
   </div>
   <div class='ocr_carea' id='block_1_16' title="bbox 834 1594 1246 1647">
    <p class='ocr_par' dir='ltr' id='par_1_16' title="bbox 834 1594 1246 1647">
     <span class='ocr_line' id='line_1_16' title="bbox 834 1594 1246 1647; baseline -0.007 -2"><span class='ocrx_word' id='word_1_101' title='bbox 834 1594 1100 1647; x_wconf 85' lang='lat' dir='ltr'><strong>Dominus</strong></span> <span class='ocrx_word' id='word_1_102' title='bbox 1123 1594 1192 1646; x_wconf 87' lang='lat' dir='ltr'><strong>ei.</strong></span> <span class='ocrx_word' id='word_1_103' title='bbox 1228 1611 1246 1642; x_wconf 74' lang='grc' dir='ltr'><strong>ι</strong></span> 
     </span>
    </p>
   </div>
   <div class='ocr_carea' id='block_1_17' title="bbox 947 1679 2405 1740">
    <p class='ocr_par' dir='ltr' id='par_1_17' title="bbox 947 1679 2405 1740">
     <span class='ocr_line' id='line_1_17' title="bbox 947 1679 2405 1740; baseline -0.005 -1"><span class='ocrx_word' id='word_1_104' title='bbox 947 1686 1083 1740; x_wconf 76' lang='grc' dir='ltr'><strong>εΙιοί.</strong></span> <span class='ocrx_word' id='word_1_105' title='bbox 1109 1683 1244 1737; x_wconf 86' lang='lat' dir='ltr'><strong>Hinc</strong></span> <span class='ocrx_word' id='word_1_106' title='bbox 1280 1683 1547 1738; x_wconf 80' lang='lat' dir='ltr'><strong>discimus</strong></span> <span class='ocrx_word' id='word_1_107' title='bbox 1580 1681 1851 1736; x_wconf 85' lang='lat' dir='ltr'><strong>Interdum</strong></span> <span class='ocrx_word' id='word_1_108' title='bbox 1880 1688 2031 1734; x_wconf 80' lang='lat' dir='ltr'><strong>certo</strong></span> <span class='ocrx_word' id='word_1_109' title='bbox 2050 1680 2286 1734; x_wconf 88' lang='lat' dir='ltr'><strong>consilio</strong></span> <span class='ocrx_word' id='word_1_110' title='bbox 2315 1679 2405 1732; x_wconf 87' lang='lat' dir='ltr'><strong>ad-</strong></span> 
     </span>
    </p>
   </div>
   <div class='ocr_carea' id='block_1_18' title="bbox 2508 577 4085 666">
    <p class='ocr_par' dir='ltr' id='par_1_18' title="bbox 2508 577 4085 666">
     <span class='ocr_line' id='line_1_18' title="bbox 2508 577 4085 666; baseline 0.021 -40"><span class='ocrx_word' id='word_1_111' title='bbox 2508 591 2600 638; x_wconf 90' lang='grc' dir='ltr'><strong>τες</strong></span> <span class='ocrx_word' id='word_1_112' title='bbox 2620 577 2783 647; x_wconf 79' lang='grc' dir='ltr'><strong>ὑμᾶς,</strong></span> <span class='ocrx_word' id='word_1_113' title='bbox 2811 581 2905 632; x_wconf 79' lang='grc' dir='ltr'><strong>καὶ</strong></span> <span class='ocrx_word' id='word_1_114' title='bbox 2934 581 3274 654; x_wconf 76' lang='grc' dir='ltr'><strong>κρυϐἠσεσθε</strong></span> <span class='ocrx_word' id='word_1_115' title='bbox 3303 589 3420 643; x_wconf 80' lang='grc' dir='ltr'><strong>ἐκεῖ</strong></span> <span class='ocrx_word' id='word_1_116' title='bbox 3446 595 3590 662; x_wconf 82' lang='grc' dir='ltr'>τρεῖς</span> <span class='ocrx_word' id='word_1_117' title='bbox 3624 597 3840 662; x_wconf 73' lang='grc' dir='ltr'><strong>ἡμέρας</strong></span> <span class='ocrx_word' id='word_1_118' title='bbox 3885 602 3994 666; x_wconf 80' lang='grc' dir='ltr'><strong>ἓως</strong></span> <span class='ocrx_word' id='word_1_119' title='bbox 4021 604 4085 660; x_wconf 80' lang='grc' dir='ltr'><strong>ἂν</strong></span> 
     </span>
    </p>
   </div>
   <div class='ocr_carea' id='block_1_19' title="bbox 2509 669 3542 747">
    <p class='ocr_par' dir='ltr' id='par_1_19' title="bbox 2509 669 3542 747">
     <span class='ocr_line' id='line_1_19' title="bbox 2509 669 3542 747; baseline 0.017 -27"><span class='ocrx_word' id='word_1_120' title='bbox 2509 669 2919 741; x_wconf 67' lang='grc' dir='ltr'><strong>ἀναστρέψωσιν</strong></span> <span class='ocrx_word' id='word_1_121' title='bbox 2948 677 2999 727; x_wconf 77' lang='grc' dir='ltr'><strong>οἱ</strong></span> <span class='ocrx_word' id='word_1_122' title='bbox 3035 678 3484 747; x_wconf 83' lang='grc' dir='ltr'><strong>καταδιώκοντες.</strong></span> <span class='ocrx_word' id='word_1_123' title='bbox 3522 704 3542 738; x_wconf 70' lang='grc' dir='ltr'><strong>ι</strong></span> 
     </span>
    </p>
   </div>
   <div class='ocr_carea' id='block_1_20' title="bbox 2585 762 4076 861">
    <p class='ocr_par' dir='ltr' id='par_1_20' title="bbox 2585 762 4076 861">
     <span class='ocr_line' id='line_1_20' title="bbox 2585 762 4076 861; baseline 0.019 -47"><span class='ocrx_word' id='word_1_124' title='bbox 2585 782 2603 813; x_wconf 76' lang='grc' dir='ltr'><strong>ι</strong></span> <span class='ocrx_word' id='word_1_125' title='bbox 2808 766 3012 838; x_wconf 85' lang='grc' dir='ltr'><strong>Κύριος</strong></span> <span class='ocrx_word' id='word_1_126' title='bbox 3065 772 3200 842; x_wconf 87' lang='grc' dir='ltr'><strong>πρὸς</strong></span> <span class='ocrx_word' id='word_1_127' title='bbox 3233 775 3486 848; x_wconf 85' lang='grc' dir='ltr'><strong>Σαμουήλ</strong></span> <span class='ocrx_word' id='word_1_128' title='bbox 3508 795 3521 810; x_wconf 81' lang='grc'><em>’</em></span> <span class='ocrx_word' id='word_1_129' title='bbox 3557 781 3771 854; x_wconf 81' lang='grc' dir='ltr'><strong>Πλῆσον</strong></span> <span class='ocrx_word' id='word_1_130' title='bbox 3800 786 3864 839; x_wconf 80' lang='grc' dir='ltr'><strong>τὸ</strong></span> <span class='ocrx_word' id='word_1_131' title='bbox 3915 788 4076 861; x_wconf 77' lang='grc' dir='ltr'><strong>κέρας</strong></span> 
     </span>
    </p>
   </div>
   <div class='ocr_carea' id='block_1_21' title="bbox 2509 855 4075 954">
    <p class='ocr_par' dir='ltr' id='par_1_21' title="bbox 2509 855 4075 954">
     <span class='ocr_line' id='line_1_21' title="bbox 2509 855 4075 954; baseline 0.02 -49"><span class='ocrx_word' id='word_1_132' title='bbox 2509 871 2601 954; x_wconf 78' lang='grc' dir='ltr'><strong>σου</strong></span> <span class='ocrx_word' id='word_1_133' title='bbox 2632 855 2835 954; x_wconf 63' lang='grc' dir='ltr'><strong>ἐλαίου,</strong></span> <span class='ocrx_word' id='word_1_134' title='bbox 2867 861 2996 954; x_wconf 28' lang='grc' dir='ltr'><strong>’καὶ</strong></span> <span class='ocrx_word' id='word_1_135' title='bbox 3041 862 3201 934; x_wconf 86' lang='grc' dir='ltr'><strong>δεῦρο</strong></span> <span class='ocrx_word' id='word_1_136' title='bbox 3247 869 3550 926; x_wconf 74' lang='grc' dir='ltr'><strong>ἀποστείλω</strong></span> <span class='ocrx_word' id='word_1_137' title='bbox 3604 892 3663 927; x_wconf 89' lang='grc' dir='ltr'><strong>σε</strong></span> <span class='ocrx_word' id='word_1_138' title='bbox 3711 881 3791 941; x_wconf 81' lang='grc' dir='ltr'><strong>εἰς</strong></span> <span class='ocrx_word' id='word_1_139' title='bbox 3833 855 4075 954; x_wconf 73' lang='grc' dir='ltr'><strong>Βηθλεὲμ</strong></span> 
     </span>
    </p>
   </div>
   <div class='ocr_carea' id='block_1_22' title="bbox 2508 945 4078 1042">
    <p class='ocr_par' dir='ltr' id='par_1_22' title="bbox 2508 945 4078 1042">
     <span class='ocr_line' id='line_1_22' title="bbox 2508 945 4078 1042; baseline 0.02 -47"><span class='ocrx_word' id='word_1_140' title='bbox 2508 945 2644 1016; x_wconf 84' lang='grc' dir='ltr'><strong>πρὸς</strong></span> <span class='ocrx_word' id='word_1_141' title='bbox 2691 948 2907 1012; x_wconf 69' lang='grc' dir='ltr'><strong>Ἰεσσαὶ,</strong></span> <span class='ocrx_word' id='word_1_142' title='bbox 2954 950 3034 1002; x_wconf 81' lang='grc' dir='ltr'><strong>ὅτι</strong></span> <span class='ocrx_word' id='word_1_143' title='bbox 3089 955 3313 1026; x_wconf 80' lang='grc' dir='ltr'><strong>ἑώρακα</strong></span> <span class='ocrx_word' id='word_1_144' title='bbox 3342 961 3399 1012; x_wconf 81' lang='grc' dir='ltr'><strong>ἐν</strong></span> <span class='ocrx_word' id='word_1_145' title='bbox 3431 965 3543 1026; x_wconf 88' lang='grc' dir='ltr'><strong>τοῖς</strong></span> <span class='ocrx_word' id='word_1_146' title='bbox 3577 966 3711 1029; x_wconf 81' lang='grc' dir='ltr'>υἱοῖς</span> <span class='ocrx_word' id='word_1_147' title='bbox 3759 945 3931 1023; x_wconf 66' lang='grc' dir='ltr'><strong>αὑτοιῖ</strong></span> <span class='ocrx_word' id='word_1_148' title='bbox 3960 945 4078 1042; x_wconf 71' lang='grc' dir='ltr'><strong>ἐμοὶ</strong></span> 
     </span>
    </p>
   </div>
   <div class='ocr_carea' id='block_1_23' title="bbox 2506 1037 4079 1133">
    <p class='ocr_par' dir='ltr' id='par_1_23' title="bbox 2506 1037 4079 1133">
     <span class='ocr_line' id='line_1_23' title="bbox 2506 1037 4079 1133; baseline 0.02 -42"><span class='ocrx_word' id='word_1_149' title='bbox 2506 1040 2585 1101; x_wconf 85' lang='grc' dir='ltr'><strong>εἰς</strong></span> <span class='ocrx_word' id='word_1_150' title='bbox 2617 1037 2861 1108; x_wconf 74' lang='grc' dir='ltr'><strong>βασιλέα.</strong></span> <span class='ocrx_word' id='word_1_151' title='bbox 2891 1045 3001 1096; x_wconf 97' lang='lat' dir='ltr'><strong>Kal</strong></span> <span class='ocrx_word' id='word_1_152' title='bbox 3041 1042 3164 1101; x_wconf 75' lang='grc' dir='ltr'><strong>εἷπε</strong></span> <span class='ocrx_word' id='word_1_153' title='bbox 3197 1050 3468 1124; x_wconf 80' lang='grc' dir='ltr'><strong>Σαμουὴλ,</strong></span> <span class='ocrx_word' id='word_1_154' title='bbox 3507 1057 3630 1122; x_wconf 85' lang='grc' dir='ltr'><strong>Πῶς</strong></span> <span class='ocrx_word' id='word_1_155' title='bbox 3661 1064 3956 1133; x_wconf 87' lang='grc' dir='ltr'><strong>πορευθῶ;</strong></span> <span class='ocrx_word' id='word_1_156' title='bbox 3988 1037 4079 1122; x_wconf 70' lang='grc' dir='ltr'><strong>καὶ</strong></span> 
     </span>
    </p>
   </div>
   <div class='ocr_carea' id='block_1_24' title="bbox 2506 1133 4076 1219">
    <p class='ocr_par' dir='ltr' id='par_1_24' title="bbox 2506 1133 4076 1219">
     <span class='ocr_line' id='line_1_24' title="bbox 2506 1133 4076 1219; baseline 0.019 -35"><span class='ocrx_word' id='word_1_157' title='bbox 2506 1133 2796 1187; x_wconf 78' lang='grc' dir='ltr'><strong>ἀκούσεται</strong></span> <span class='ocrx_word' id='word_1_158' title='bbox 2831 1137 3021 1202; x_wconf 84' lang='grc' dir='ltr'><strong>Σαοὺλ,</strong></span> <span class='ocrx_word' id='word_1_159' title='bbox 3058 1141 3150 1193; x_wconf 83' lang='grc' dir='ltr'><strong>καὶ</strong></span> <span class='ocrx_word' id='word_1_160' title='bbox 3189 1145 3479 1201; x_wconf 86' lang='grc' dir='ltr'><strong>ἀποκτενεῖ</strong></span> <span class='ocrx_word' id='word_1_161' title='bbox 3514 1169 3602 1219; x_wconf 91' lang='grc' dir='ltr'><strong>με.</strong></span> <span class='ocrx_word' id='word_1_162' title='bbox 3648 1154 3758 1207; x_wconf 91' lang='lat' dir='ltr'><strong>Kal</strong></span> <span class='ocrx_word' id='word_1_163' title='bbox 3799 1155 3925 1212; x_wconf 85' lang='grc' dir='ltr'><strong>εἷπε</strong></span> <span class='ocrx_word' id='word_1_164' title='bbox 3967 1162 4076 1213; x_wconf 64' lang='lat' dir='ltr'><strong>Kni-</strong></span> 
     </span>
    </p>
   </div>
   <div class='ocr_carea' id='block_1_25' title="bbox 2508 1227 4073 1322">
    <p class='ocr_par' dir='ltr' id='par_1_25' title="bbox 2508 1227 4073 1322">
     <span class='ocr_line' id='line_1_25' title="bbox 2508 1227 4073 1322; baseline 0.021 -48"><span class='ocrx_word' id='word_1_165' title='bbox 2508 1242 2652 1322; x_wconf 61' lang='grc' dir='ltr'><strong>ριρς·</strong></span> <span class='ocrx_word' id='word_1_166' title='bbox 2686 1227 2929 1297; x_wconf 82' lang='grc' dir='ltr'><strong>Δάμαλιν</strong></span> <span class='ocrx_word' id='word_1_167' title='bbox 2955 1231 3094 1299; x_wconf 83' lang='grc' dir='ltr'><strong>βοῶν</strong></span> <span class='ocrx_word' id='word_1_168' title='bbox 3129 1232 3259 1288; x_wconf 70' lang='grc' dir='ltr'><strong>λάθε</strong></span> <span class='ocrx_word' id='word_1_169' title='bbox 3291 1241 3348 1291; x_wconf 86' lang='grc' dir='ltr'><strong>ὲν</strong></span> <span class='ocrx_word' id='word_1_170' title='bbox 3369 1242 3433 1310; x_wconf 82' lang='grc' dir='ltr'><strong>τῇ</strong></span> <span class='ocrx_word' id='word_1_171' title='bbox 3471 1245 3613 1313; x_wconf 87' lang='grc' dir='ltr'><strong>χειρί</strong></span> <span class='ocrx_word' id='word_1_172' title='bbox 3640 1263 3752 1309; x_wconf 89' lang='grc' dir='ltr'><strong>σου,</strong></span> <span class='ocrx_word' id='word_1_173' title='bbox 3778 1251 3873 1302; x_wconf 69' lang='grc' dir='ltr'><strong>καὶ</strong></span> <span class='ocrx_word' id='word_1_174' title='bbox 3908 1255 4073 1322; x_wconf 76' lang='grc' dir='ltr'><strong>ἐρεῖς.</strong></span> 
     </span>
    </p>
   </div>
   <div class='ocr_carea' id='block_1_26' title="bbox 2504 1316 4076 1398">
    <p class='ocr_par' dir='ltr' id='par_1_26' title="bbox 2504 1316 4076 1398">
     <span class='ocr_line' id='line_1_26' title="bbox 2504 1316 4076 1398; baseline 0.02 -31"><span class='ocrx_word' id='word_1_175' title='bbox 2504 1316 2674 1370; x_wconf 83' lang='grc' dir='ltr'><strong>Θῦσαι</strong></span> <span class='ocrx_word' id='word_1_176' title='bbox 2707 1318 2787 1389; x_wconf 85' lang='grc' dir='ltr'><strong>τῷ</strong></span> <span class='ocrx_word' id='word_1_177' title='bbox 2810 1319 2997 1391; x_wconf 82' lang='grc' dir='ltr'><strong>Κυρίῳ</strong></span> <span class='ocrx_word' id='word_1_178' title='bbox 3022 1324 3160 1394; x_wconf 75' lang='grc' dir='ltr'><strong>ἥκω.</strong></span> <span class='ocrx_word' id='word_1_179' title='bbox 3197 1327 3304 1380; x_wconf 84' lang='lat' dir='ltr'><strong>Kal</strong></span> <span class='ocrx_word' id='word_1_180' title='bbox 3335 1331 3583 1398; x_wconf 79' lang='grc' dir='ltr'><strong>καλέσεις</strong></span> <span class='ocrx_word' id='word_1_181' title='bbox 3623 1339 3714 1390; x_wconf 74' lang='grc' dir='ltr'><strong>τὸν</strong></span> <span class='ocrx_word' id='word_1_182' title='bbox 3758 1316 3956 1395; x_wconf 59' lang='grc' dir='ltr'><strong>Ἰεσσαί</strong></span> <span class='ocrx_word' id='word_1_183' title='bbox 3985 1347 4076 1397; x_wconf 68' lang='grc' dir='ltr'><strong>καὶ</strong></span> 
     </span>
    </p>
   </div>
   <div class='ocr_carea' id='block_1_27' title="bbox 2503 1409 4076 1501">
    <p class='ocr_par' dir='ltr' id='par_1_27' title="bbox 2503 1409 4076 1501">
     <span class='ocr_line' id='line_1_27' title="bbox 2503 1409 4076 1501; baseline 0.018 -40"><span class='ocrx_word' id='word_1_184' title='bbox 2503 1409 2627 1474; x_wconf 70' lang='grc' dir='ltr'><strong>τοὺς</strong></span> <span class='ocrx_word' id='word_1_185' title='bbox 2653 1412 2799 1476; x_wconf 83' lang='grc' dir='ltr'><strong>υἱοὺς</strong></span> <span class='ocrx_word' id='word_1_186' title='bbox 2825 1413 2986 1467; x_wconf 79' lang='grc' dir='ltr'><strong>αὑτοῦ</strong></span> <span class='ocrx_word' id='word_1_187' title='bbox 3032 1417 3112 1478; x_wconf 84' lang='grc' dir='ltr'><strong>είς</strong></span> <span class='ocrx_word' id='word_1_188' title='bbox 3156 1419 3253 1490; x_wconf 83' lang='grc' dir='ltr'><strong>τὴν</strong></span> <span class='ocrx_word' id='word_1_189' title='bbox 3285 1421 3494 1490; x_wconf 89' lang='grc' dir='ltr'><strong>θυσίαν,</strong></span> <span class='ocrx_word' id='word_1_190' title='bbox 3541 1430 3635 1481; x_wconf 69' lang='grc' dir='ltr'><strong>καὶ</strong></span> <span class='ocrx_word' id='word_1_191' title='bbox 3672 1433 3880 1501; x_wconf 73' lang='grc' dir='ltr'><strong>κρίσεις</strong></span> <span class='ocrx_word' id='word_1_192' title='bbox 3910 1437 3972 1487; x_wconf 79' lang='grc' dir='ltr'><strong>ὃν</strong></span> <span class='ocrx_word' id='word_1_193' title='bbox 4012 1439 4076 1490; x_wconf 80' lang='grc' dir='ltr'><strong>ἂν</strong></span> 
     </span>
    </p>
   </div>
   <div class='ocr_carea' id='block_1_28' title="bbox 2503 1505 4072 1598">
    <p class='ocr_par' dir='ltr' id='par_1_28' title="bbox 2503 1505 4072 1598">
     <span class='ocr_line' id='line_1_28' title="bbox 2503 1505 4072 1598; baseline 0.018 -44"><span class='ocrx_word' id='word_1_194' title='bbox 2503 1505 2642 1556; x_wconf 78' lang='grc' dir='ltr'><strong>εἴπω</strong></span> <span class='ocrx_word' id='word_1_195' title='bbox 2676 1521 2778 1560; x_wconf 87' lang='grc' dir='ltr'><strong>σοι.</strong></span> <span class='ocrx_word' id='word_1_196' title='bbox 2833 1507 2944 1560; x_wconf 90' lang='lat' dir='ltr'><strong>Kal</strong></span> <span class='ocrx_word' id='word_1_197' title='bbox 2991 1509 3243 1583; x_wconf 79' lang='grc' dir='ltr'><strong>ἐποίησεν</strong></span> <span class='ocrx_word' id='word_1_198' title='bbox 3288 1517 3317 1567; x_wconf 86' lang='grc' dir='ltr'>ὁ</span> <span class='ocrx_word' id='word_1_199' title='bbox 3363 1517 3636 1592; x_wconf 76' lang='grc' dir='ltr'><strong>Σαμουὴλ,</strong></span> <span class='ocrx_word' id='word_1_200' title='bbox 3671 1524 3771 1578; x_wconf 77' lang='grc' dir='ltr'><strong>ὅσα</strong></span> <span class='ocrx_word' id='word_1_201' title='bbox 3809 1526 4072 1598; x_wconf 75' lang='grc' dir='ltr'><strong>ἐλάλησεν</strong></span> 
     </span>
    </p>
   </div>
   <div class='ocr_carea' id='block_1_29' title="bbox 2503 1594 2963 1668">
    <p class='ocr_par' dir='ltr' id='par_1_29' title="bbox 2503 1594 2963 1668">
     <span class='ocr_line' id='line_1_29' title="bbox 2503 1594 2963 1668; baseline 0.013 -23"><span class='ocrx_word' id='word_1_202' title='bbox 2503 1594 2649 1665; x_wconf 78' lang='grc' dir='ltr'><strong>αὐτῴ</strong></span> <span class='ocrx_word' id='word_1_203' title='bbox 2675 1595 2894 1668; x_wconf 81' lang='grc' dir='ltr'><strong>Κύριος.</strong></span> <span class='ocrx_word' id='word_1_204' title='bbox 2944 1619 2963 1651; x_wconf 74' lang='grc' dir='ltr'><strong>ι</strong></span> 
     </span>
    </p>
   </div>
   <div class='ocr_carea' id='block_1_30' title="bbox 2572 1687 4069 1774">
    <p class='ocr_par' dir='ltr' id='par_1_30' title="bbox 2572 1687 4069 1774">
     <span class='ocr_line' id='line_1_30' title="bbox 2572 1687 4069 1774; baseline 0.021 -36"><span class='ocrx_word' id='word_1_205' title='bbox 2572 1687 2847 1756; x_wconf 73' lang='grc' dir='ltr'><strong>Σχόλιον.</strong></span> <span class='ocrx_word' id='word_1_206' title='bbox 2896 1693 3170 1748; x_wconf 79' lang='grc' dir='ltr'><strong>Ἐντεῦθεν</strong></span> <span class='ocrx_word' id='word_1_207' title='bbox 3203 1697 3566 1772; x_wconf 79' lang='grc' dir='ltr'><strong>διδασκόμεθα</strong></span> <span class='ocrx_word' id='word_1_208' title='bbox 3589 1707 3648 1758; x_wconf 79' lang='grc' dir='ltr'><strong>ἐν</strong></span> <span class='ocrx_word' id='word_1_209' title='bbox 3673 1709 3836 1774; x_wconf 80' lang='grc' dir='ltr'><strong>ἐνίοις</strong></span> <span class='ocrx_word' id='word_1_210' title='bbox 3865 1715 4069 1767; x_wconf 74' lang='grc' dir='ltr'><strong>οἰκονο-</strong></span> 
     </span>
    </p>
   </div>
   <div class='ocr_carea' id='block_1_31' title="bbox 830 1768 2496 1884">
    <p class='ocr_par' dir='ltr' id='par_1_31' title="bbox 830 1768 2476 1884">
     <span class='ocr_line' id='line_1_31' title="bbox 830 1768 2476 1884; baseline -0.006 -51"><span class='ocrx_word' id='word_1_211' title='bbox 830 1779 1194 1835; x_wconf 78' lang='lat' dir='ltr'><strong>ntinistranda</strong></span> <span class='ocrx_word' id='word_1_212' title='bbox 1225 1793 1348 1832; x_wconf 86' lang='lat' dir='ltr'><strong>esse</strong></span> <span class='ocrx_word' id='word_1_213' title='bbox 1391 1776 1639 1845; x_wconf 79' lang='lat' dir='ltr'><strong>negotia,</strong></span> <span class='ocrx_word' id='word_1_214' title='bbox 1666 1777 1780 1840; x_wconf 66' lang='lat' dir='ltr'><strong>inec</strong></span> <span class='ocrx_word' id='word_1_215' title='bbox 1826 1787 2039 1842; x_wconf 86' lang='lat' dir='ltr'><strong>semper</strong></span> <span class='ocrx_word' id='word_1_216' title='bbox 2068 1768 2398 1826; x_wconf 77' lang='lat' dir='ltr'><strong>auctoritate</strong></span> <span class='ocrx_word' id='word_1_217' title='bbox 2425 1823 2476 1884; x_wconf 73' lang='grc' dir='ltr'><strong>Β</strong></span> 
     </span>
    </p>
   </div>
   <div class='ocr_carea' id='block_1_32' title="bbox 2402 1768 4068 1884">
    <p class='ocr_par' dir='ltr' id='par_1_32' title="bbox 2425 1768 4068 1884">
     <span class='ocr_line' id='line_1_32' title="bbox 2425 1768 4068 1884; baseline 0.02 -57"><span class='ocrx_word' id='word_1_218' title='bbox 2425 1823 2476 1884; x_wconf 74' lang='grc' dir='ltr'><strong>Β</strong></span> <span class='ocrx_word' id='word_1_219' title='bbox 2507 1781 2630 1880; x_wconf 58' lang='grc' dir='ltr'><strong>μεῖν</strong></span> <span class='ocrx_word' id='word_1_220' title='bbox 2657 1781 2845 1884; x_wconf 56' lang='grc' dir='ltr'><strong>χρείαν</strong></span> <span class='ocrx_word' id='word_1_221' title='bbox 2883 1780 3023 1884; x_wconf 51' lang='grc' dir='ltr'><strong>εἶναι</strong></span> <span class='ocrx_word' id='word_1_222' title='bbox 3044 1788 3124 1884; x_wconf 46' lang='grc' dir='ltr'><strong>.τά</strong></span> <span class='ocrx_word' id='word_1_223' title='bbox 3153 1768 3475 1884; x_wconf 77' lang='grc' dir='ltr'><strong>πράγματα,</strong></span> <span class='ocrx_word' id='word_1_224' title='bbox 3501 1798 3595 1850; x_wconf 83' lang='grc' dir='ltr'><strong>καὶ</strong></span> <span class='ocrx_word' id='word_1_225' title='bbox 3635 1801 3713 1870; x_wconf 83' lang='grc' dir='ltr'><strong>τῷ</strong></span> <span class='ocrx_word' id='word_1_226' title='bbox 3757 1768 3928 1873; x_wconf 27' lang='grc' dir='ltr'><strong>δγτκῳ,</strong></span> <span class='ocrx_word' id='word_1_227' title='bbox 3979 1809 4068 1859; x_wconf 76' lang='grc' dir='ltr'><strong>καὶ</strong></span> 
     </span>
    </p>
   </div>
   <div class='ocr_carea' id='block_1_33' title="bbox 830 1865 2395 1943">
    <p class='ocr_par' dir='ltr' id='par_1_33' title="bbox 830 1865 2395 1943">
     <span class='ocr_line' id='line_1_33' title="bbox 830 1865 2395 1943; baseline -0.004 -21"><span class='ocrx_word' id='word_1_228' title='bbox 830 1887 880 1926; x_wconf 70' lang='grc' dir='ltr'><strong>ιιι</strong></span> <span class='ocrx_word' id='word_1_229' title='bbox 911 1872 1198 1943; x_wconf 88' lang='lat' dir='ltr'><strong>potestatis</strong></span> <span class='ocrx_word' id='word_1_230' title='bbox 1228 1869 1592 1940; x_wconf 87' lang='lat' dir='ltr'><strong>amplitudine</strong></span> <span class='ocrx_word' id='word_1_231' title='bbox 1624 1866 1910 1921; x_wconf 84' lang='lat' dir='ltr'><strong>utendum.</strong></span> <span class='ocrx_word' id='word_1_232' title='bbox 1943 1865 2395 1934; x_wconf 82' lang='lat' dir='ltr'><strong>Quandoquidem</strong></span> 
     </span>
    </p>
   </div>
   <div class='ocr_carea' id='block_1_34' title="bbox 833 1960 2402 2034">
    <p class='ocr_par' dir='ltr' id='par_1_34' title="bbox 833 1960 2402 2034">
     <span class='ocr_line' id='line_1_34' title="bbox 833 1960 2402 2034; baseline -0.003 -18"><span class='ocrx_word' id='word_1_233' title='bbox 833 1966 998 2030; x_wconf 80' lang='lat' dir='ltr'><strong>Deus,</strong></span> <span class='ocrx_word' id='word_1_234' title='bbox 1049 1965 1141 2034; x_wconf 91' lang='lat' dir='ltr'><strong>qui</strong></span> <span class='ocrx_word' id='word_1_235' title='bbox 1189 1963 1276 2015; x_wconf 89' lang='lat' dir='ltr'><strong>vel</strong></span> <span class='ocrx_word' id='word_1_236' title='bbox 1327 1977 1578 2016; x_wconf 86' lang='lat' dir='ltr'><strong>sermone</strong></span> <span class='ocrx_word' id='word_1_237' title='bbox 1623 1960 1742 2014; x_wconf 89' lang='lat' dir='ltr'><strong>solo</strong></span> <span class='ocrx_word' id='word_1_238' title='bbox 1802 1974 1890 2012; x_wconf 90' lang='lat' dir='ltr'><strong>res</strong></span> <span class='ocrx_word' id='word_1_239' title='bbox 1938 1972 2132 2011; x_wconf 89' lang='lat' dir='ltr'><strong>omnes</strong></span> <span class='ocrx_word' id='word_1_240' title='bbox 2174 1966 2319 2012; x_wconf 89' lang='lat' dir='ltr'><strong>tenet</strong></span> <span class='ocrx_word' id='word_1_241' title='bbox 2347 1969 2402 2012; x_wconf 90' lang='lat' dir='ltr'><strong>et</strong></span> 
     </span>
    </p>
   </div>
   <div class='ocr_carea' id='block_1_35' title="bbox 829 2050 2399 2127">
    <p class='ocr_par' dir='ltr' id='par_1_35' title="bbox 829 2050 2399 2127">
     <span class='ocr_line' id='line_1_35' title="bbox 829 2050 2399 2127; baseline -0.004 -19"><span class='ocrx_word' id='word_1_242' title='bbox 829 2058 992 2127; x_wconf 68' lang='lat' dir='ltr'><strong>regit,</strong></span> <span class='ocrx_word' id='word_1_243' title='bbox 1023 2066 1077 2108; x_wconf 88' lang='lat' dir='ltr'><strong>et</strong></span> <span class='ocrx_word' id='word_1_244' title='bbox 1119 2053 1368 2107; x_wconf 85' lang='lat' dir='ltr'><strong>funditus</strong></span> <span class='ocrx_word' id='word_1_245' title='bbox 1418 2053 1636 2107; x_wconf 78' lang='lat' dir='ltr'><strong>Saulem</strong></span> <span class='ocrx_word' id='word_1_246' title='bbox 1688 2051 2047 2120; x_wconf 79' lang='lat' dir='ltr'><strong>exstinguere</strong></span> <span class='ocrx_word' id='word_1_247' title='bbox 2087 2058 2142 2103; x_wconf 91' lang='lat' dir='ltr'><strong>et</strong></span> <span class='ocrx_word' id='word_1_248' title='bbox 2170 2051 2224 2103; x_wconf 91' lang='lat' dir='ltr'><strong>in</strong></span> <span class='ocrx_word' id='word_1_249' title='bbox 2256 2050 2399 2102; x_wconf 85' lang='lat' dir='ltr'><strong>nihi-</strong></span> 
     </span>
    </p>
   </div>
   <div class='ocr_carea' id='block_1_36' title="bbox 829 2141 2397 2214">
    <p class='ocr_par' dir='ltr' id='par_1_36' title="bbox 829 2141 2397 2214">
     <span class='ocr_line' id='line_1_36' title="bbox 829 2141 2397 2214; baseline -0.003 -14"><span class='ocrx_word' id='word_1_250' title='bbox 829 2151 941 2200; x_wconf 90' lang='lat' dir='ltr'><strong>lum</strong></span> <span class='ocrx_word' id='word_1_251' title='bbox 980 2146 1231 2214; x_wconf 81' lang='lat' dir='ltr'><strong>redigere</strong></span> <span class='ocrx_word' id='word_1_252' title='bbox 1286 2151 1520 2207; x_wconf 82' lang='lat' dir='ltr'><strong>poterat,</strong></span> <span class='ocrx_word' id='word_1_253' title='bbox 1576 2142 1867 2211; x_wconf 85' lang='lat' dir='ltr'><strong>imperavit</strong></span> <span class='ocrx_word' id='word_1_254' title='bbox 1915 2141 2158 2207; x_wconf 86' lang='lat' dir='ltr'><strong>Samuel,</strong></span> <span class='ocrx_word' id='word_1_255' title='bbox 2189 2150 2246 2194; x_wconf 91' lang='lat' dir='ltr'><strong>ut</strong></span> <span class='ocrx_word' id='word_1_256' title='bbox 2280 2153 2397 2197; x_wconf 89' lang='lat' dir='ltr'><strong>arte</strong></span> 
     </span>
    </p>
   </div>
   <div class='ocr_carea' id='block_1_37' title="bbox 826 2235 2045 2308">
    <p class='ocr_par' dir='ltr' id='par_1_37' title="bbox 826 2235 2045 2308">
     <span class='ocr_line' id='line_1_37' title="bbox 826 2235 2045 2308; baseline -0.004 -16"><span class='ocrx_word' id='word_1_257' title='bbox 826 2239 1069 2308; x_wconf 86' lang='lat' dir='ltr'><strong>quadam</strong></span> <span class='ocrx_word' id='word_1_258' title='bbox 1111 2237 1582 2306; x_wconf 89' lang='lat' dir='ltr'><strong>percontationem</strong></span> <span class='ocrx_word' id='word_1_259' title='bbox 1613 2236 1734 2304; x_wconf 84' lang='lat' dir='ltr'><strong>ejus</strong></span> <span class='ocrx_word' id='word_1_260' title='bbox 1774 2235 2045 2288; x_wconf 89' lang='lat' dir='ltr'><strong>eluderet.</strong></span> 
     </span>
    </p>
   </div>
   <div class='ocr_carea' id='block_1_38' title="bbox 901 2325 2397 2400">
    <p class='ocr_par' dir='ltr' id='par_1_38' title="bbox 901 2325 2397 2400">
     <span class='ocr_line' id='line_1_38' title="bbox 901 2325 2397 2400; baseline -0.001 -16"><span class='ocrx_word' id='word_1_261' title='bbox 901 2330 928 2385; x_wconf 88' lang='grc'><em>1</em></span> <span class='ocrx_word' id='word_1_262' title='bbox 959 2329 1080 2400; x_wconf 85' lang='lat' dir='ltr'><strong>Reg.</strong></span> <span class='ocrx_word' id='word_1_263' title='bbox 1114 2344 1228 2394; x_wconf 72' lang='lat' dir='ltr'><strong>xix,</strong></span> <span class='ocrx_word' id='word_1_264' title='bbox 1279 2328 1461 2382; x_wconf 69' lang='lat'><strong>12-“.</strong></span> <span class='ocrx_word' id='word_1_265' title='bbox 1503 2356 1571 2367; x_wconf 90' lang='lat'><strong>-—-</strong></span> <span class='ocrx_word' id='word_1_266' title='bbox 1608 2347 1626 2379; x_wconf 76' lang='grc' dir='ltr'><strong>ι</strong></span> <span class='ocrx_word' id='word_1_267' title='bbox 1681 2326 2026 2381; x_wconf 85' lang='lat' dir='ltr'><strong>Descendere</strong></span> <span class='ocrx_word' id='word_1_268' title='bbox 2077 2325 2210 2380; x_wconf 81' lang='lat' dir='ltr'><strong>facit</strong></span> <span class='ocrx_word' id='word_1_269' title='bbox 2264 2326 2397 2382; x_wconf 84' lang='lat' dir='ltr'><strong>Mel-</strong></span> 
     </span>
    </p>
   </div>
   <div class='ocr_carea' id='block_1_39' title="bbox 824 2418 2393 2490">
    <p class='ocr_par' dir='ltr' id='par_1_39' title="bbox 824 2418 2393 2490">
     <span class='ocr_line' id='line_1_39' title="bbox 824 2418 2393 2490; baseline -0.001 -17"><span class='ocrx_word' id='word_1_270' title='bbox 824 2422 949 2478; x_wconf 68' lang='lat' dir='ltr'><strong>czbol</strong></span> <span class='ocrx_word' id='word_1_271' title='bbox 981 2421 1149 2476; x_wconf 80' lang='lat' dir='ltr'><strong>David</strong></span> <span class='ocrx_word' id='word_1_272' title='bbox 1204 2437 1303 2490; x_wconf 89' lang='lat' dir='ltr'><strong>per</strong></span> <span class='ocrx_word' id='word_1_273' title='bbox 1331 2421 1663 2475; x_wconf 81' lang='lat' dir='ltr'><strong>fenestram:</strong></span> <span class='ocrx_word' id='word_1_274' title='bbox 1719 2428 1774 2474; x_wconf 91' lang='lat' dir='ltr'><strong>et</strong></span> <span class='ocrx_word' id='word_1_275' title='bbox 1819 2418 1984 2488; x_wconf 76' lang='lat' dir='ltr'><strong>fugit,</strong></span> <span class='ocrx_word' id='word_1_276' title='bbox 2021 2429 2076 2472; x_wconf 87' lang='lat' dir='ltr'><strong>et</strong></span> <span class='ocrx_word' id='word_1_277' title='bbox 2125 2419 2393 2484; x_wconf 63' lang='lat' dir='ltr'><strong>salvator,</strong></span> 
     </span>
    </p>
   </div>
   <div class='ocr_carea' id='block_1_40' title="bbox 827 2511 2400 2584">
    <p class='ocr_par' dir='ltr' id='par_1_40' title="bbox 827 2511 2400 2584">
     <span class='ocr_line' id='line_1_40' title="bbox 827 2511 2400 2584; baseline -0.002 -16"><span class='ocrx_word' id='word_1_278' title='bbox 827 2514 893 2568; x_wconf 69' lang='lat' dir='ltr'><strong>lit</strong></span> <span class='ocrx_word' id='word_1_279' title='bbox 925 2514 1138 2584; x_wconf 89' lang='lat' dir='ltr'><strong>accepit</strong></span> <span class='ocrx_word' id='word_1_280' title='bbox 1193 2511 1429 2567; x_wconf 87' lang='lat' dir='ltr'><strong>Melcbol</strong></span> <span class='ocrx_word' id='word_1_281' title='bbox 1485 2511 1834 2581; x_wconf 80' lang='lat' dir='ltr'><strong>cenotapliia,</strong></span> <span class='ocrx_word' id='word_1_282' title='bbox 1880 2519 1936 2564; x_wconf 90' lang='lat' dir='ltr'><strong>et</strong></span> <span class='ocrx_word' id='word_1_283' title='bbox 1987 2511 2174 2580; x_wconf 81' lang='lat' dir='ltr'><strong>posuit</strong></span> <span class='ocrx_word' id='word_1_284' title='bbox 2231 2526 2400 2579; x_wconf 88' lang='lat' dir='ltr'><strong>super</strong></span> 
     </span>
    </p>
   </div>
   <div class='ocr_carea' id='block_1_41' title="bbox 829 2603 2397 2674">
    <p class='ocr_par' dir='ltr' id='par_1_41' title="bbox 829 2603 2397 2674">
     <span class='ocr_line' id='line_1_41' title="bbox 829 2603 2397 2674; baseline 0 -16"><span class='ocrx_word' id='word_1_285' title='bbox 829 2611 1071 2672; x_wconf 86' lang='lat' dir='ltr'><strong>lectum,</strong></span> <span class='ocrx_word' id='word_1_286' title='bbox 1102 2615 1155 2660; x_wconf 90' lang='lat' dir='ltr'><strong>et</strong></span> <span class='ocrx_word' id='word_1_287' title='bbox 1183 2607 1342 2674; x_wconf 87' lang='lat' dir='ltr'><strong>jecur</strong></span> <span class='ocrx_word' id='word_1_288' title='bbox 1382 2620 1702 2674; x_wconf 83' lang='lat' dir='ltr'><strong>caprarum,</strong></span> <span class='ocrx_word' id='word_1_289' title='bbox 1737 2615 1788 2657; x_wconf 92' lang='lat' dir='ltr'><strong>et</strong></span> <span class='ocrx_word' id='word_1_290' title='bbox 1823 2603 2124 2672; x_wconf 83' lang='lat' dir='ltr'><strong>stragulum</strong></span> <span class='ocrx_word' id='word_1_291' title='bbox 2167 2604 2397 2673; x_wconf 83' lang='lat' dir='ltr'><strong>capillo-</strong></span> 
     </span>
    </p>
   </div>
   <div class='ocr_carea' id='block_1_42' title="bbox 825 2695 2392 2771">
    <p class='ocr_par' dir='ltr' id='par_1_42' title="bbox 825 2695 2392 2771">
     <span class='ocr_line' id='line_1_42' title="bbox 825 2695 2392 2771; baseline -0.002 -20"><span class='ocrx_word' id='word_1_292' title='bbox 825 2714 946 2753; x_wconf 82' lang='lat' dir='ltr'><strong>rum</strong></span> <span class='ocrx_word' id='word_1_293' title='bbox 966 2700 1146 2771; x_wconf 89' lang='lat' dir='ltr'><strong>posuit</strong></span> <span class='ocrx_word' id='word_1_294' title='bbox 1176 2697 1242 2752; x_wconf 90' lang='lat' dir='ltr'><strong>ad</strong></span> <span class='ocrx_word' id='word_1_295' title='bbox 1271 2707 1438 2768; x_wconf 88' lang='lat' dir='ltr'><strong>caput</strong></span> <span class='ocrx_word' id='word_1_296' title='bbox 1461 2697 1604 2765; x_wconf 87' lang='lat' dir='ltr'><strong>ejus,</strong></span> <span class='ocrx_word' id='word_1_297' title='bbox 1629 2705 1684 2751; x_wconf 89' lang='lat' dir='ltr'><strong>et</strong></span> <span class='ocrx_word' id='word_1_298' title='bbox 1709 2695 1926 2764; x_wconf 85' lang='lat' dir='ltr'><strong>operuit</strong></span> <span class='ocrx_word' id='word_1_299' title='bbox 1955 2709 2018 2747; x_wconf 89' lang='lat' dir='ltr'><strong>ea</strong></span> <span class='ocrx_word' id='word_1_300' title='bbox 2043 2696 2392 2749; x_wconf 81' lang='lat' dir='ltr'><strong>vestimento.</strong></span> 
     </span>
    </p>
   </div>
   <div class='ocr_carea' id='block_1_43' title="bbox 826 2783 2396 2854">
    <p class='ocr_par' dir='ltr' id='par_1_43' title="bbox 826 2783 2396 2854">
     <span class='ocr_line' id='line_1_43' title="bbox 826 2783 2396 2854; baseline 0 -14"><span class='ocrx_word' id='word_1_301' title='bbox 826 2787 892 2840; x_wconf 86' lang='lat' dir='ltr'><strong>Et</strong></span> <span class='ocrx_word' id='word_1_302' title='bbox 927 2788 1081 2842; x_wconf 86' lang='lat' dir='ltr'><strong>misit</strong></span> <span class='ocrx_word' id='word_1_303' title='bbox 1115 2788 1248 2841; x_wconf 85' lang='lat' dir='ltr'><strong>Saul</strong></span> <span class='ocrx_word' id='word_1_304' title='bbox 1311 2787 1536 2842; x_wconf 90' lang='lat' dir='ltr'><strong>nuntios</strong></span> <span class='ocrx_word' id='word_1_305' title='bbox 1571 2786 1637 2838; x_wconf 89' lang='lat' dir='ltr'><strong>ad</strong></span> <span class='ocrx_word' id='word_1_306' title='bbox 1699 2783 2024 2854; x_wconf 85' lang='lat' dir='ltr'><strong>capiendum</strong></span> <span class='ocrx_word' id='word_1_307' title='bbox 2060 2783 2287 2839; x_wconf 84' lang='lat' dir='ltr'><strong>-David:</strong></span> <span class='ocrx_word' id='word_1_308' title='bbox 2340 2794 2396 2840; x_wconf 89' lang='lat' dir='ltr'><strong>et</strong></span> 
     </span>
    </p>
   </div>
   <div class='ocr_carea' id='block_1_44' title="bbox 826 2877 1822 2948">
    <p class='ocr_par' dir='ltr' id='par_1_44' title="bbox 826 2877 1822 2948">
     <span class='ocr_line' id='line_1_44' title="bbox 826 2877 1822 2948; baseline -0.004 -14"><span class='ocrx_word' id='word_1_309' title='bbox 826 2880 964 2934; x_wconf 73' lang='lat' dir='ltr'><strong>dixit</strong></span> <span class='ocrx_word' id='word_1_310' title='bbox 993 2877 1244 2946; x_wconf 81' lang='lat' dir='ltr'><strong>Melcbol,</strong></span> <span class='ocrx_word' id='word_1_311' title='bbox 1277 2878 1432 2932; x_wconf 91' lang='lat' dir='ltr'><strong>illum</strong></span> <span class='ocrx_word' id='word_1_312' title='bbox 1469 2886 1760 2948; x_wconf 63' lang='lat' dir='ltr'><strong>aegrotare.</strong></span> <span class='ocrx_word' id='word_1_313' title='bbox 1804 2898 1822 2929; x_wconf 76' lang='grc' dir='ltr'><strong>ι</strong></span> 
     </span>
    </p>
   </div>
   <div class='ocr_carea' id='block_1_45' title="bbox 899 2970 2390 3039">
    <p class='ocr_par' dir='ltr' id='par_1_45' title="bbox 899 2970 2390 3039">
     <span class='ocr_line' id='line_1_45' title="bbox 899 2970 2390 3039; baseline 0.001 -14"><span class='ocrx_word' id='word_1_314' title='bbox 899 2970 1343 3026; x_wconf 74' lang='lat' dir='ltr'><strong>Basilii.—Non</strong></span> <span class='ocrx_word' id='word_1_315' title='bbox 1405 2973 1459 3024; x_wconf 91' lang='lat' dir='ltr'><strong>in</strong></span> <span class='ocrx_word' id='word_1_316' title='bbox 1520 2972 1676 3026; x_wconf 82' lang='lat' dir='ltr'><strong>bellis</strong></span> <span class='ocrx_word' id='word_1_317' title='bbox 1714 2971 1896 3039; x_wconf 91' lang='lat' dir='ltr'><strong>modo,</strong></span> <span class='ocrx_word' id='word_1_318' title='bbox 1965 2974 2060 3029; x_wconf 90' lang='lat' dir='ltr'><strong>sed</strong></span> <span class='ocrx_word' id='word_1_319' title='bbox 2117 2975 2280 3028; x_wconf 86' lang='lat' dir='ltr'><strong>etiam</strong></span> <span class='ocrx_word' id='word_1_320' title='bbox 2336 2975 2390 3028; x_wconf 91' lang='lat' dir='ltr'><strong>in</strong></span> 
     </span>
    </p>
   </div>
   <div class='ocr_carea' id='block_1_46' title="bbox 825 3064 2389 3134">
    <p class='ocr_par' dir='ltr' id='par_1_46' title="bbox 825 3064 2389 3134">
     <span class='ocr_line' id='line_1_46' title="bbox 825 3064 2389 3134; baseline 0.001 -17"><span class='ocrx_word' id='word_1_321' title='bbox 825 3080 981 3134; x_wconf 81' lang='lat' dir='ltr'><strong>pace,</strong></span> <span class='ocrx_word' id='word_1_322' title='bbox 1035 3064 1311 3134; x_wconf 75' lang='lat' dir='ltr'><strong>ingentem</strong></span> <span class='ocrx_word' id='word_1_323' title='bbox 1361 3073 1514 3118; x_wconf 88' lang='lat' dir='ltr'><strong>astus</strong></span> <span class='ocrx_word' id='word_1_324' title='bbox 1563 3065 1858 3118; x_wconf 84' lang='lat' dir='ltr'><strong>utilitatem</strong></span> <span class='ocrx_word' id='word_1_325' title='bbox 1896 3075 1950 3119; x_wconf 90' lang='lat' dir='ltr'><strong>et</strong></span> <span class='ocrx_word' id='word_1_326' title='bbox 2003 3067 2389 3121; x_wconf 81' lang='lat' dir='ltr'><strong>necessitatem</strong></span> 
     </span>
    </p>
   </div>
   <div class='ocr_carea' id='block_1_47' title="bbox 2501 1869 4065 1963">
    <p class='ocr_par' dir='ltr' id='par_1_47' title="bbox 2501 1869 4065 1963">
     <span class='ocr_line' id='line_1_47' title="bbox 2501 1869 4065 1963; baseline 0.02 -44"><span class='ocrx_word' id='word_1_327' title='bbox 2605 1872 2846 1963; x_wconf 80' lang='grc' dir='ltr'><strong>μεγέθει</strong></span> <span class='ocrx_word' id='word_1_328' title='bbox 2874 1875 2973 1943; x_wconf 80' lang='grc' dir='ltr'><strong>τῆς</strong></span> <span class='ocrx_word' id='word_1_329' title='bbox 3007 1876 3252 1944; x_wconf 80' lang='grc' dir='ltr'><strong>ἐξουσίας</strong></span> <span class='ocrx_word' id='word_1_330' title='bbox 3290 1885 3610 1954; x_wconf 83' lang='grc' dir='ltr'><strong>κεχρῆσθαι.</strong></span> <span class='ocrx_word' id='word_1_331' title='bbox 3665 1891 3724 1942; x_wconf 86' lang='lat'><strong>&#39;0</strong></span> <span class='ocrx_word' id='word_1_332' title='bbox 3766 1869 3890 1963; x_wconf 69' lang='grc' dir='ltr'><strong>γάρ</strong></span> <span class='ocrx_word' id='word_1_333' title='bbox 3913 1895 4065 1957; x_wconf 77' lang='grc' dir='ltr'><strong>Θεὸς.</strong></span> 
     </span>
    </p>
   </div>
   <div class='ocr_carea' id='block_1_48' title="bbox 2499 1961 4069 2048">
    <p class='ocr_par' dir='ltr' id='par_1_48' title="bbox 2499 1961 4069 2048">
     <span class='ocr_line' id='line_1_48' title="bbox 2499 1961 4069 2048; baseline 0.016 -34"><span class='ocrx_word' id='word_1_334' title='bbox 2499 1962 2528 2014; x_wconf 87' lang='grc' dir='ltr'><strong>ὁ</strong></span> <span class='ocrx_word' id='word_1_335' title='bbox 2557 1961 2700 2032; x_wconf 88' lang='grc' dir='ltr'><strong>λόγῳ</strong></span> <span class='ocrx_word' id='word_1_336' title='bbox 2742 1965 2958 2018; x_wconf 81' lang='grc' dir='ltr'><strong>πάντων</strong></span> <span class='ocrx_word' id='word_1_337' title='bbox 2991 1971 3230 2038; x_wconf 83' lang='grc' dir='ltr'><strong>κρατῶν,</strong></span> <span class='ocrx_word' id='word_1_338' title='bbox 3289 1975 3383 2027; x_wconf 79' lang='lat' dir='ltr'><strong>xal</strong></span> <span class='ocrx_word' id='word_1_339' title='bbox 3432 1976 3723 2048; x_wconf 78' lang='grc' dir='ltr'><strong>δυνάμενος</strong></span> <span class='ocrx_word' id='word_1_340' title='bbox 3755 1961 3857 2036; x_wconf 39' lang='grc' dir='ltr'><strong>τὸν-</strong></span> <span class='ocrx_word' id='word_1_341' title='bbox 3897 1987 4069 2039; x_wconf 61' lang='grc' dir='ltr'><strong>Σαοὺλ</strong></span> 
     </span>
    </p>
   </div>
   <div class='ocr_carea' id='block_1_49' title="bbox 2499 2055 4062 2147">
    <p class='ocr_par' dir='ltr' id='par_1_49' title="bbox 2499 2055 4062 2147">
     <span class='ocr_line' id='line_1_49' title="bbox 2499 2055 4062 2147; baseline 0.017 -41"><span class='ocrx_word' id='word_1_342' title='bbox 2499 2055 2668 2124; x_wconf 80' lang='grc' dir='ltr'>ἄρδην</span> <span class='ocrx_word' id='word_1_343' title='bbox 2698 2058 2980 2126; x_wconf 80' lang='grc' dir='ltr'><strong>ἀφανίσαι,</strong></span> <span class='ocrx_word' id='word_1_344' title='bbox 3010 2063 3104 2115; x_wconf 80' lang='grc' dir='ltr'><strong>καὶ</strong></span> <span class='ocrx_word' id='word_1_345' title='bbox 3132 2065 3212 2126; x_wconf 76' lang='grc' dir='ltr'><strong>είς</strong></span> <span class='ocrx_word' id='word_1_346' title='bbox 3245 2066 3304 2118; x_wconf 86' lang='grc' dir='ltr'><strong>τὸ</strong></span> <span class='ocrx_word' id='word_1_347' title='bbox 3334 2068 3680 2140; x_wconf 79' lang='grc' dir='ltr'><strong>ἀνύπαρκτον</strong></span> <span class='ocrx_word' id='word_1_348' title='bbox 3707 2079 4062 2147; x_wconf 69' lang='grc' dir='ltr'><strong>καταστῆσαι.</strong></span> 
     </span>
    </p>
   </div>
   <div class='ocr_carea' id='block_1_50' title="bbox 2500 2148 4066 2237">
    <p class='ocr_par' dir='ltr' id='par_1_50' title="bbox 2500 2148 4066 2237">
     <span class='ocr_line' id='line_1_50' title="bbox 2500 2148 4066 2237; baseline 0.016 -40"><span class='ocrx_word' id='word_1_349' title='bbox 2500 2148 2754 2219; x_wconf 69' lang='grc' dir='ltr'><strong>ἐνέτρεψε</strong></span> <span class='ocrx_word' id='word_1_350' title='bbox 2803 2152 2881 2222; x_wconf 86' lang='grc' dir='ltr'><strong>τῷ</strong></span> <span class='ocrx_word' id='word_1_351' title='bbox 2927 2154 3180 2226; x_wconf 84' lang='grc' dir='ltr'><strong>Σαμουὴλ</strong></span> <span class='ocrx_word' id='word_1_352' title='bbox 3219 2160 3428 2230; x_wconf 80' lang='grc' dir='ltr'>μεθόδῳ</span> <span class='ocrx_word' id='word_1_353' title='bbox 3483 2164 3590 2216; x_wconf 76' lang='grc' dir='ltr'><strong>τινὶ</strong></span> <span class='ocrx_word' id='word_1_354' title='bbox 3619 2167 4066 2237; x_wconf 68' lang='grc' dir='ltr'><strong>ἀποκρούσασθαι</strong></span> 
     </span>
    </p>
   </div>
   <div class='ocr_carea' id='block_1_51' title="bbox 2498 2243 3484 2320">
    <p class='ocr_par' dir='ltr' id='par_1_51' title="bbox 2498 2243 3484 2320">
     <span class='ocr_line' id='line_1_51' title="bbox 2498 2243 3484 2320; baseline 0.011 -25"><span class='ocrx_word' id='word_1_355' title='bbox 2498 2243 2594 2313; x_wconf 83' lang='grc' dir='ltr'><strong>τὴν</strong></span> <span class='ocrx_word' id='word_1_356' title='bbox 2625 2245 2714 2296; x_wconf 82' lang='grc' dir='ltr'><strong>ὑπ’</strong></span> <span class='ocrx_word' id='word_1_357' title='bbox 2746 2245 2910 2297; x_wconf 77' lang='grc' dir='ltr'><strong>αὐτοῦ</strong></span> <span class='ocrx_word' id='word_1_358' title='bbox 2944 2249 3242 2320; x_wconf 80' lang='grc' dir='ltr'><strong>γενομένην</strong></span> <span class='ocrx_word' id='word_1_359' title='bbox 3275 2252 3484 2307; x_wconf 81' lang='grc' dir='ltr'><strong>πεῦσιν.</strong></span> 
     </span>
    </p>
   </div>
   <div class='ocr_carea' id='block_1_52' title="bbox 2574 2336 4068 2421">
    <p class='ocr_par' dir='ltr' id='par_1_52' title="bbox 2574 2336 4068 2421">
     <span class='ocr_line' id='line_1_52' title="bbox 2574 2336 4068 2421; baseline 0.015 -38"><span class='ocrx_word' id='word_1_360' title='bbox 2574 2352 2592 2383; x_wconf 77' lang='grc' dir='ltr'><strong>ι</strong></span> <span class='ocrx_word' id='word_1_361' title='bbox 2632 2336 2878 2402; x_wconf 83' lang='grc' dir='ltr'><strong>Κατάγει</strong></span> <span class='ocrx_word' id='word_1_362' title='bbox 2908 2337 3138 2408; x_wconf 86' lang='grc' dir='ltr'><strong>Μελχὼλ</strong></span> <span class='ocrx_word' id='word_1_363' title='bbox 3175 2340 3268 2393; x_wconf 86' lang='grc' dir='ltr'><strong>τὸν</strong></span> <span class='ocrx_word' id='word_1_364' title='bbox 3295 2342 3458 2397; x_wconf 74' lang='grc' dir='ltr'><strong>Δαϐὶδ</strong></span> <span class='ocrx_word' id='word_1_365' title='bbox 3475 2345 3563 2399; x_wconf 79' lang='grc' dir='ltr'><strong>διὰ</strong></span> <span class='ocrx_word' id='word_1_366' title='bbox 3584 2349 3680 2418; x_wconf 77' lang='grc' dir='ltr'><strong>τῆς</strong></span> <span class='ocrx_word' id='word_1_367' title='bbox 3710 2348 3949 2421; x_wconf 75' lang='grc' dir='ltr'><strong>θυρίδος,</strong></span> <span class='ocrx_word' id='word_1_368' title='bbox 3975 2355 4068 2406; x_wconf 76' lang='grc' dir='ltr'><strong>καὶ</strong></span> 
     </span>
    </p>
   </div>
   <div class='ocr_carea' id='block_1_53' title="bbox 2497 2423 4065 2510">
    <p class='ocr_par' dir='ltr' id='par_1_53' title="bbox 2497 2423 4065 2510">
     <span class='ocr_line' id='line_1_53' title="bbox 2497 2423 4065 2510; baseline 0.014 -34"><span class='ocrx_word' id='word_1_369' title='bbox 2497 2423 2718 2493; x_wconf 79' lang='grc' dir='ltr'><strong>ἔφυγεν,</strong></span> <span class='ocrx_word' id='word_1_370' title='bbox 2752 2430 2845 2482; x_wconf 72' lang='grc' dir='ltr'><strong>καὶ</strong></span> <span class='ocrx_word' id='word_1_371' title='bbox 2871 2427 3121 2492; x_wconf 82' lang='grc' dir='ltr'><strong>σώζεται.</strong></span> <span class='ocrx_word' id='word_1_372' title='bbox 3165 2433 3275 2486; x_wconf 88' lang='lat' dir='ltr'><strong>Kal</strong></span> <span class='ocrx_word' id='word_1_373' title='bbox 3302 2434 3461 2489; x_wconf 76' lang='grc' dir='ltr'><strong>ἔλασε</strong></span> <span class='ocrx_word' id='word_1_374' title='bbox 3506 2439 3739 2510; x_wconf 77' lang='grc' dir='ltr'><strong>Μελχὼλ</strong></span> <span class='ocrx_word' id='word_1_375' title='bbox 3791 2443 3864 2496; x_wconf 75' lang='grc' dir='ltr'><strong>τὰ</strong></span> <span class='ocrx_word' id='word_1_376' title='bbox 3916 2462 4065 2497; x_wconf 81' lang='grc' dir='ltr'><strong>κενο-</strong></span> 
     </span>
    </p>
   </div>
   <div class='ocr_carea' id='block_1_54' title="bbox 2496 2517 4064 2606">
    <p class='ocr_par' dir='ltr' id='par_1_54' title="bbox 2496 2517 4064 2606">
     <span class='ocr_line' id='line_1_54' title="bbox 2496 2517 4064 2606; baseline 0.013 -38"><span class='ocrx_word' id='word_1_377' title='bbox 2496 2517 2687 2586; x_wconf 81' lang='grc' dir='ltr'><strong>τάφια,</strong></span> <span class='ocrx_word' id='word_1_378' title='bbox 2715 2520 2809 2573; x_wconf 78' lang='grc' dir='ltr'><strong>καὶ</strong></span> <span class='ocrx_word' id='word_1_379' title='bbox 2839 2521 3032 2592; x_wconf 80' lang='grc' dir='ltr'><strong>ἔθηκεν</strong></span> <span class='ocrx_word' id='word_1_380' title='bbox 3059 2525 3151 2578; x_wconf 76' lang='grc' dir='ltr'><strong>ἐπὶ</strong></span> <span class='ocrx_word' id='word_1_381' title='bbox 3169 2527 3269 2596; x_wconf 82' lang='grc' dir='ltr'><strong>τὴν</strong></span> <span class='ocrx_word' id='word_1_382' title='bbox 3297 2528 3506 2600; x_wconf 82' lang='grc' dir='ltr'><strong>κλίνην,</strong></span> <span class='ocrx_word' id='word_1_383' title='bbox 3542 2534 3634 2585; x_wconf 81' lang='grc' dir='ltr'><strong>καὶ</strong></span> <span class='ocrx_word' id='word_1_384' title='bbox 3672 2528 3827 2606; x_wconf 67' lang='grc' dir='ltr'><strong>⁴ἧπαρ</strong></span> <span class='ocrx_word' id='word_1_385' title='bbox 3872 2538 4064 2605; x_wconf 81' lang='grc' dir='ltr'><strong>αίγῶν,</strong></span> 
     </span>
    </p>
   </div>
   <div class='ocr_carea' id='block_1_55' title="bbox 2497 2612 4066 2700">
    <p class='ocr_par' dir='ltr' id='par_1_55' title="bbox 2497 2612 4066 2700">
     <span class='ocr_line' id='line_1_55' title="bbox 2497 2612 4066 2700; baseline 0.013 -38"><span class='ocrx_word' id='word_1_386' title='bbox 2497 2612 2590 2664; x_wconf 80' lang='grc' dir='ltr'><strong>καὶ</strong></span> <span class='ocrx_word' id='word_1_387' title='bbox 2624 2615 3025 2686; x_wconf 81' lang='grc' dir='ltr'><strong>στρογγύλωμα</strong></span> <span class='ocrx_word' id='word_1_388' title='bbox 3064 2618 3286 2687; x_wconf 83' lang='grc' dir='ltr'><strong>τριχῶν,</strong></span> <span class='ocrx_word' id='word_1_389' title='bbox 3331 2623 3424 2674; x_wconf 80' lang='grc' dir='ltr'><strong>καὶ</strong></span> <span class='ocrx_word' id='word_1_390' title='bbox 3451 2623 3612 2694; x_wconf 77' lang='grc' dir='ltr'><strong>ἔθηκε</strong></span> <span class='ocrx_word' id='word_1_391' title='bbox 3653 2629 3788 2697; x_wconf 74' lang='grc' dir='ltr'><strong>πρὸς</strong></span> <span class='ocrx_word' id='word_1_392' title='bbox 3826 2630 4066 2700; x_wconf 72' lang='grc' dir='ltr'><strong>κεφαλῆς</strong></span> 
     </span>
    </p>
   </div>
   <div class='ocr_carea' id='block_1_56' title="bbox 2497 2703 4062 2786">
    <p class='ocr_par' dir='ltr' id='par_1_56' title="bbox 2497 2703 4062 2786">
     <span class='ocr_line' id='line_1_56' title="bbox 2497 2703 4062 2786; baseline 0.014 -33"><span class='ocrx_word' id='word_1_393' title='bbox 2497 2703 2680 2766; x_wconf 81' lang='grc' dir='ltr'><strong>αὑτοῦ,</strong></span> <span class='ocrx_word' id='word_1_394' title='bbox 2739 2707 2832 2758; x_wconf 66' lang='grc' dir='ltr'><strong>καὶ⁵</strong></span> <span class='ocrx_word' id='word_1_395' title='bbox 2883 2709 3155 2779; x_wconf 74' lang='grc' dir='ltr'><strong>ἐκάλυψεν</strong></span> <span class='ocrx_word' id='word_1_396' title='bbox 3190 2712 3331 2765; x_wconf 84' lang='grc' dir='ltr'><strong>αὐτά</strong></span> <span class='ocrx_word' id='word_1_397' title='bbox 3367 2713 3598 2786; x_wconf 82' lang='grc' dir='ltr'><strong>ἱματίῳ·</strong></span> <span class='ocrx_word' id='word_1_398' title='bbox 3645 2720 3738 2771; x_wconf 78' lang='grc' dir='ltr'><strong>καὶ</strong></span> <span class='ocrx_word' id='word_1_399' title='bbox 3781 2721 4062 2774; x_wconf 79' lang='grc' dir='ltr'><strong>ἀπέστειλε</strong></span> 
     </span>
    </p>
   </div>
   <div class='ocr_carea' id='block_1_57' title="bbox 2497 2791 4066 2878">
    <p class='ocr_par' dir='ltr' id='par_1_57' title="bbox 2497 2791 4066 2878">
     <span class='ocr_line' id='line_1_57' title="bbox 2497 2791 4066 2878; baseline 0.013 -35"><span class='ocrx_word' id='word_1_400' title='bbox 2497 2791 2668 2845; x_wconf 78' lang='grc' dir='ltr'><strong>Σαοὺλ</strong></span> <span class='ocrx_word' id='word_1_401' title='bbox 2697 2794 2963 2862; x_wconf 82' lang='grc' dir='ltr'><strong>ἀγγέλους</strong></span> <span class='ocrx_word' id='word_1_402' title='bbox 2991 2797 3176 2851; x_wconf 75' lang='grc' dir='ltr'><strong>λαϐεῖν</strong></span> <span class='ocrx_word' id='word_1_403' title='bbox 3208 2801 3298 2852; x_wconf 88' lang='grc' dir='ltr'><strong>τὸν</strong></span> <span class='ocrx_word' id='word_1_404' title='bbox 3329 2802 3492 2856; x_wconf 76' lang='grc' dir='ltr'><strong>Δαείδ</strong></span> <span class='ocrx_word' id='word_1_405' title='bbox 3511 2821 3523 2832; x_wconf 89' lang='grc'>·</span> <span class='ocrx_word' id='word_1_406' title='bbox 3558 2807 3653 2859; x_wconf 82' lang='grc' dir='ltr'><strong>καὶ</strong></span> <span class='ocrx_word' id='word_1_407' title='bbox 3685 2804 3805 2861; x_wconf 81' lang='grc' dir='ltr'><strong>εἶπε</strong></span> <span class='ocrx_word' id='word_1_408' title='bbox 3837 2810 4066 2878; x_wconf 77' lang='grc' dir='ltr'><strong>Μελχὼλ</strong></span> 
     </span>
    </p>
   </div>
   <div class='ocr_carea' id='block_1_58' title="bbox 2494 2883 3089 2954">
    <p class='ocr_par' dir='ltr' id='par_1_58' title="bbox 2494 2883 3089 2954">
     <span class='ocr_line' id='line_1_58' title="bbox 2494 2883 3089 2954; baseline 0.012 -20"><span class='ocrx_word' id='word_1_409' title='bbox 2494 2883 2824 2954; x_wconf 71' lang='grc' dir='ltr'><strong>ἐνοχλεῖσθαι</strong></span> <span class='ocrx_word' id='word_1_410' title='bbox 2843 2888 3025 2943; x_wconf 82' lang='grc' dir='ltr'><strong>αὐτόν.</strong></span> <span class='ocrx_word' id='word_1_411' title='bbox 3070 2909 3089 2941; x_wconf 71' lang='grc' dir='ltr'><strong>ι</strong></span> 
     </span>
    </p>
   </div>
   <div class='ocr_carea' id='block_1_59' title="bbox 2571 2980 4063 3067">
    <p class='ocr_par' dir='ltr' id='par_1_59' title="bbox 2571 2980 4063 3067">
     <span class='ocr_line' id='line_1_59' title="bbox 2571 2980 4063 3067; baseline 0.013 -38"><span class='ocrx_word' id='word_1_412' title='bbox 2571 2980 2684 3032; x_wconf 84' lang='grc' dir='ltr'><strong>Οὐκ</strong></span> <span class='ocrx_word' id='word_1_413' title='bbox 2714 2981 2773 3031; x_wconf 82' lang='grc' dir='ltr'><strong>ἐν</strong></span> <span class='ocrx_word' id='word_1_414' title='bbox 2800 2985 2909 3045; x_wconf 84' lang='grc' dir='ltr'><strong>τοῖς</strong></span> <span class='ocrx_word' id='word_1_415' title='bbox 2943 2984 3200 3054; x_wconf 85' lang='grc' dir='ltr'><strong>πολέμοις</strong></span> <span class='ocrx_word' id='word_1_416' title='bbox 3230 2989 3411 3056; x_wconf 78' lang='grc' dir='ltr'><strong>μόνον,</strong></span> <span class='ocrx_word' id='word_1_417' title='bbox 3439 2991 3576 3044; x_wconf 77' lang='grc' dir='ltr'><strong>ἀλλά</strong></span> <span class='ocrx_word' id='word_1_418' title='bbox 3623 2992 3718 3045; x_wconf 71' lang='grc' dir='ltr'><strong>καὶ</strong></span> <span class='ocrx_word' id='word_1_419' title='bbox 3766 2995 3825 3045; x_wconf 81' lang='grc' dir='ltr'><strong>ἐν</strong></span> <span class='ocrx_word' id='word_1_420' title='bbox 3875 2996 4063 3067; x_wconf 74' lang='grc' dir='ltr'><strong>εἰρηνῃ</strong></span> 
     </span>
    </p>
   </div>
   <div class='ocr_carea' id='block_1_60' title="bbox 2495 3070 4063 3156">
    <p class='ocr_par' dir='ltr' id='par_1_60' title="bbox 2495 3070 4063 3156">
     <span class='ocr_line' id='line_1_60' title="bbox 2495 3070 4063 3156; baseline 0.009 -32"><span class='ocrx_word' id='word_1_421' title='bbox 2495 3070 2694 3140; x_wconf 79' lang='grc' dir='ltr'><strong>πολλὴν</strong></span> <span class='ocrx_word' id='word_1_422' title='bbox 2747 3075 2841 3126; x_wconf 75' lang='grc' dir='ltr'><strong>καὶ</strong></span> <span class='ocrx_word' id='word_1_423' title='bbox 2877 3078 3181 3143; x_wconf 76' lang='grc' dir='ltr'><strong>ἀναγκαίαν</strong></span> <span class='ocrx_word' id='word_1_424' title='bbox 3235 3079 3387 3150; x_wconf 81' lang='grc' dir='ltr'><strong>εὖροι</strong></span> <span class='ocrx_word' id='word_1_425' title='bbox 3433 3098 3516 3145; x_wconf 81' lang='grc' dir='ltr'><strong>τις</strong></span> <span class='ocrx_word' id='word_1_426' title='bbox 3563 3083 3665 3153; x_wconf 84' lang='grc' dir='ltr'><strong>τῆς</strong></span> <span class='ocrx_word' id='word_1_427' title='bbox 3711 3085 3929 3156; x_wconf 73' lang='grc' dir='ltr'><strong>ἀπάτης</strong></span> <span class='ocrx_word' id='word_1_428' title='bbox 3967 3091 4063 3156; x_wconf 72' lang='grc' dir='ltr'><strong>τὴν</strong></span> 
     </span>
    </p>
   </div>
   <div class='ocr_carea' id='block_1_61' title="bbox 823 3156 2489 3248">
    <p class='ocr_par' dir='ltr' id='par_1_61' title="bbox 823 3156 2467 3227">
     <span class='ocr_line' id='line_1_61' title="bbox 823 3156 2467 3227; baseline 0.002 -18"><span class='ocrx_word' id='word_1_429' title='bbox 823 3173 949 3212; x_wconf 89' lang='lat' dir='ltr'><strong>esse</strong></span> <span class='ocrx_word' id='word_1_430' title='bbox 982 3157 1259 3227; x_wconf 84' lang='lat' dir='ltr'><strong>quispiam</strong></span> <span class='ocrx_word' id='word_1_431' title='bbox 1307 3159 1543 3223; x_wconf 82' lang='lat' dir='ltr'><strong>reperiat</strong></span> <span class='ocrx_word' id='word_1_432' title='bbox 1576 3173 1586 3207; x_wconf 95' lang='lat'>:</span> <span class='ocrx_word' id='word_1_433' title='bbox 1645 3172 1746 3209; x_wconf 88' lang='lat' dir='ltr'><strong>nec</strong></span> <span class='ocrx_word' id='word_1_434' title='bbox 1777 3156 1957 3210; x_wconf 89' lang='lat' dir='ltr'><strong>solum</strong></span> <span class='ocrx_word' id='word_1_435' title='bbox 2007 3161 2064 3210; x_wconf 89' lang='lat' dir='ltr'><strong>in</strong></span> <span class='ocrx_word' id='word_1_436' title='bbox 2098 3173 2279 3213; x_wconf 87' lang='lat' dir='ltr'><strong>rerum</strong></span> <span class='ocrx_word' id='word_1_437' title='bbox 2316 3160 2394 3212; x_wconf 90' lang='lat' dir='ltr'><strong>ci-</strong></span> <span class='ocrx_word' id='word_1_438' title='bbox 2419 3158 2467 3218; x_wconf 73' lang='grc' dir='ltr'>α</span> 
     </span>
    </p>
   </div>
   <div class='ocr_carea' id='block_1_62' title="bbox 2396 3156 4062 3248">
    <p class='ocr_par' dir='ltr' id='par_1_62' title="bbox 2419 3158 4062 3248">
     <span class='ocr_line' id='line_1_62' title="bbox 2419 3158 4062 3248; baseline 0.009 -30"><span class='ocrx_word' id='word_1_439' title='bbox 2419 3158 2467 3218; x_wconf 80' lang='lat' dir='ltr'><strong><em>C</em></strong></span> <span class='ocrx_word' id='word_1_440' title='bbox 2499 3165 2702 3234; x_wconf 84' lang='grc' dir='ltr'><strong>χρείαν,</strong></span> <span class='ocrx_word' id='word_1_441' title='bbox 2736 3167 2828 3218; x_wconf 77' lang='grc' dir='ltr'><strong>καὶ</strong></span> <span class='ocrx_word' id='word_1_442' title='bbox 2857 3167 2918 3218; x_wconf 83' lang='grc' dir='ltr'><strong>οὐ</strong></span> <span class='ocrx_word' id='word_1_443' title='bbox 2956 3170 3088 3239; x_wconf 66' lang='grc' dir='ltr'><strong>πρὸς</strong></span> <span class='ocrx_word' id='word_1_444' title='bbox 3136 3170 3202 3222; x_wconf 71' lang='grc' dir='ltr'><strong>τὰ</strong></span> <span class='ocrx_word' id='word_1_445' title='bbox 3251 3171 3346 3240; x_wconf 75' lang='grc' dir='ltr'><strong>τῆς</strong></span> <span class='ocrx_word' id='word_1_446' title='bbox 3381 3174 3587 3236; x_wconf 71' lang='grc' dir='ltr'><strong>πόλεως</strong></span> <span class='ocrx_word' id='word_1_447' title='bbox 3637 3179 3934 3246; x_wconf 72' lang='grc' dir='ltr'><strong>πράγματα</strong></span> <span class='ocrx_word' id='word_1_448' title='bbox 3971 3181 4062 3248; x_wconf 75' lang='grc' dir='ltr'><strong>μό-</strong></span> 
     </span>
    </p>
   </div>
   <div class='ocr_carea' id='block_1_63' title="bbox 824 3251 2392 3320">
    <p class='ocr_par' dir='ltr' id='par_1_63' title="bbox 824 3251 2392 3320">
     <span class='ocr_line' id='line_1_63' title="bbox 824 3251 2392 3320; baseline 0.001 -15"><span class='ocrx_word' id='word_1_449' title='bbox 824 3252 1016 3306; x_wconf 85' lang='lat' dir='ltr'><strong>vilium</strong></span> <span class='ocrx_word' id='word_1_450' title='bbox 1047 3251 1548 3312; x_wconf 86' lang='lat' dir='ltr'><strong>administratione,</strong></span> <span class='ocrx_word' id='word_1_451' title='bbox 1587 3264 1778 3305; x_wconf 75' lang='lat' dir='ltr'><strong>verum</strong></span> <span class='ocrx_word' id='word_1_452' title='bbox 1805 3252 1970 3304; x_wconf 87' lang='lat' dir='ltr'><strong>etiam</strong></span> <span class='ocrx_word' id='word_1_453' title='bbox 2002 3251 2147 3306; x_wconf 91' lang='lat' dir='ltr'><strong>domi</strong></span> <span class='ocrx_word' id='word_1_454' title='bbox 2173 3268 2236 3306; x_wconf 88' lang='lat' dir='ltr'><strong>ac</strong></span> <span class='ocrx_word' id='word_1_455' title='bbox 2274 3254 2392 3320; x_wconf 86' lang='lat' dir='ltr'><strong>pri-</strong></span> 
     </span>
    </p>
   </div>
   <div class='ocr_carea' id='block_1_64' title="bbox 825 3342 2388 3412">
    <p class='ocr_par' dir='ltr' id='par_1_64' title="bbox 825 3342 2388 3412">
     <span class='ocr_line' id='line_1_64' title="bbox 825 3342 2388 3412; baseline 0 -16"><span class='ocrx_word' id='word_1_456' title='bbox 825 3345 1015 3407; x_wconf 84' lang='lat' dir='ltr'><strong>vatim,</strong></span> <span class='ocrx_word' id='word_1_457' title='bbox 1065 3343 1185 3395; x_wconf 90' lang='lat' dir='ltr'><strong>viro</strong></span> <span class='ocrx_word' id='word_1_458' title='bbox 1234 3357 1359 3410; x_wconf 80' lang='lat' dir='ltr'><strong>erga</strong></span> <span class='ocrx_word' id='word_1_459' title='bbox 1407 3356 1656 3405; x_wconf 78' lang='lat' dir='ltr'><strong>uxorem,</strong></span> <span class='ocrx_word' id='word_1_460' title='bbox 1692 3350 1746 3396; x_wconf 91' lang='lat' dir='ltr'><strong>et</strong></span> <span class='ocrx_word' id='word_1_461' title='bbox 1794 3342 1950 3395; x_wconf 81' lang='lat' dir='ltr'><strong>uxori</strong></span> <span class='ocrx_word' id='word_1_462' title='bbox 2002 3358 2132 3412; x_wconf 80' lang='lat' dir='ltr'><strong>erga</strong></span> <span class='ocrx_word' id='word_1_463' title='bbox 2184 3344 2388 3408; x_wconf 87' lang='lat' dir='ltr'><strong>virum,</strong></span> 
     </span>
    </p>
   </div>
   <div class='ocr_carea' id='block_1_65' title="bbox 825 3433 2388 3505">
    <p class='ocr_par' dir='ltr' id='par_1_65' title="bbox 825 3433 2388 3505">
     <span class='ocr_line' id='line_1_65' title="bbox 825 3433 2388 3505; baseline -0.002 -14"><span class='ocrx_word' id='word_1_464' title='bbox 825 3451 1040 3491; x_wconf 88' lang='lat' dir='ltr'><strong>necnon</strong></span> <span class='ocrx_word' id='word_1_465' title='bbox 1077 3437 1218 3505; x_wconf 89' lang='lat' dir='ltr'><strong>patri</strong></span> <span class='ocrx_word' id='word_1_466' title='bbox 1251 3450 1378 3502; x_wconf 77' lang='lat' dir='ltr'><strong>erga</strong></span> <span class='ocrx_word' id='word_1_467' title='bbox 1417 3434 1611 3496; x_wconf 84' lang='lat' dir='ltr'><strong>filium,</strong></span> <span class='ocrx_word' id='word_1_468' title='bbox 1657 3442 1710 3488; x_wconf 87' lang='lat' dir='ltr'><strong>et</strong></span> <span class='ocrx_word' id='word_1_469' title='bbox 1738 3433 1918 3488; x_wconf 90' lang='lat' dir='ltr'><strong>amico</strong></span> <span class='ocrx_word' id='word_1_470' title='bbox 1959 3451 2085 3504; x_wconf 82' lang='lat' dir='ltr'><strong>erga</strong></span> <span class='ocrx_word' id='word_1_471' title='bbox 2128 3437 2388 3500; x_wconf 87' lang='lat' dir='ltr'><strong>amicum,</strong></span> 
     </span>
    </p>
   </div>
   <div class='ocr_carea' id='block_1_66' title="bbox 825 3525 2390 3598">
    <p class='ocr_par' dir='ltr' id='par_1_66' title="bbox 825 3525 2390 3598">
     <span class='ocr_line' id='line_1_66' title="bbox 825 3525 2390 3598; baseline 0 -16"><span class='ocrx_word' id='word_1_472' title='bbox 825 3530 959 3598; x_wconf 88' lang='lat' dir='ltr'><strong>quin</strong></span> <span class='ocrx_word' id='word_1_473' title='bbox 991 3538 1046 3582; x_wconf 89' lang='lat' dir='ltr'><strong>et</strong></span> <span class='ocrx_word' id='word_1_474' title='bbox 1079 3527 1172 3582; x_wconf 87' lang='lat' dir='ltr'><strong>lilii</strong></span> <span class='ocrx_word' id='word_1_475' title='bbox 1205 3543 1334 3596; x_wconf 82' lang='lat' dir='ltr'><strong>erga</strong></span> <span class='ocrx_word' id='word_1_476' title='bbox 1369 3537 1674 3598; x_wconf 87' lang='lat' dir='ltr'><strong>parentem.</strong></span> <span class='ocrx_word' id='word_1_477' title='bbox 1707 3525 1988 3596; x_wconf 87' lang='lat' dir='ltr'><strong>Siquidem</strong></span> <span class='ocrx_word' id='word_1_478' title='bbox 2038 3527 2144 3580; x_wconf 89' lang='lat' dir='ltr'><strong>lilia</strong></span> <span class='ocrx_word' id='word_1_479' title='bbox 2206 3525 2390 3583; x_wconf 90' lang='lat' dir='ltr'><strong>Saulis</strong></span> 
     </span>
    </p>
   </div>
   <div class='ocr_carea' id='block_1_67' title="bbox 827 3617 2392 3675">
    <p class='ocr_par' dir='ltr' id='par_1_67' title="bbox 827 3617 2392 3675">
     <span class='ocr_line' id='line_1_67' title="bbox 827 3617 2392 3675; baseline -0.003 0"><span class='ocrx_word' id='word_1_480' title='bbox 827 3636 935 3675; x_wconf 85' lang='lat' dir='ltr'><strong>non</strong></span> <span class='ocrx_word' id='word_1_481' title='bbox 977 3620 1084 3673; x_wconf 90' lang='lat' dir='ltr'><strong>alia</strong></span> <span class='ocrx_word' id='word_1_482' title='bbox 1140 3630 1351 3672; x_wconf 79' lang='lat' dir='ltr'><strong>ratione</strong></span> <span class='ocrx_word' id='word_1_483' title='bbox 1389 3622 1569 3670; x_wconf 89' lang='lat' dir='ltr'><strong>virum</strong></span> <span class='ocrx_word' id='word_1_484' title='bbox 1601 3633 1665 3669; x_wconf 78' lang='lat' dir='ltr'><strong>ex</strong></span> <span class='ocrx_word' id='word_1_485' title='bbox 1699 3617 1848 3671; x_wconf 89' lang='lat' dir='ltr'><strong>illius</strong></span> <span class='ocrx_word' id='word_1_486' title='bbox 1898 3618 2154 3671; x_wconf 88' lang='lat' dir='ltr'><strong>manibus</strong></span> <span class='ocrx_word' id='word_1_487' title='bbox 2197 3632 2392 3672; x_wconf 89' lang='lat' dir='ltr'><strong>eruere</strong></span> 
     </span>
    </p>
   </div>
   <div class='ocr_carea' id='block_1_68' title="bbox 825 3709 2392 3781">
    <p class='ocr_par' dir='ltr' id='par_1_68' title="bbox 825 3709 2392 3781">
     <span class='ocr_line' id='line_1_68' title="bbox 825 3709 2392 3781; baseline 0.002 -18"><span class='ocrx_word' id='word_1_488' title='bbox 825 3714 1025 3781; x_wconf 79' lang='lat' dir='ltr'><strong>potuit,</strong></span> <span class='ocrx_word' id='word_1_489' title='bbox 1056 3712 1160 3765; x_wconf 87' lang='lat' dir='ltr'><strong>nisi</strong></span> <span class='ocrx_word' id='word_1_490' title='bbox 1197 3721 1405 3781; x_wconf 86' lang='lat' dir='ltr'><strong>patrem</strong></span> <span class='ocrx_word' id='word_1_491' title='bbox 1451 3709 1707 3763; x_wconf 85' lang='lat' dir='ltr'><strong>fallendo.</strong></span> <span class='ocrx_word' id='word_1_492' title='bbox 1767 3710 1910 3774; x_wconf 84' lang='lat' dir='ltr'><strong>Quin</strong></span> <span class='ocrx_word' id='word_1_493' title='bbox 1962 3710 2136 3779; x_wconf 88' lang='lat' dir='ltr'><strong>ipsius</strong></span> <span class='ocrx_word' id='word_1_494' title='bbox 2168 3726 2392 3780; x_wconf 86' lang='lat' dir='ltr'><strong>quoque</strong></span> 
     </span>
    </p>
   </div>
   <div class='ocr_carea' id='block_1_69' title="bbox 827 3804 2388 3874">
    <p class='ocr_par' dir='ltr' id='par_1_69' title="bbox 827 3804 2388 3874">
     <span class='ocr_line' id='line_1_69' title="bbox 827 3804 2388 3874; baseline 0 -15"><span class='ocrx_word' id='word_1_495' title='bbox 827 3810 998 3861; x_wconf 79' lang='lat' dir='ltr'><strong>frater</strong></span> <span class='ocrx_word' id='word_1_496' title='bbox 1057 3805 1232 3861; x_wconf 87' lang='lat' dir='ltr'><strong>eidem</strong></span> <span class='ocrx_word' id='word_1_497' title='bbox 1280 3821 1443 3874; x_wconf 89' lang='lat' dir='ltr'><strong>quem</strong></span> <span class='ocrx_word' id='word_1_498' title='bbox 1508 3804 1600 3856; x_wconf 89' lang='lat' dir='ltr'><strong>illa</strong></span> <span class='ocrx_word' id='word_1_499' title='bbox 1662 3813 2002 3866; x_wconf 86' lang='lat' dir='ltr'><strong>servaverat,</strong></span> <span class='ocrx_word' id='word_1_500' title='bbox 2056 3805 2388 3874; x_wconf 86' lang='lat' dir='ltr'><strong>periclitanti</strong></span> 
     </span>
    </p>
   </div>
   <div class='ocr_carea' id='block_1_70' title="bbox 823 3894 2390 3964">
    <p class='ocr_par' dir='ltr' id='par_1_70' title="bbox 823 3894 2390 3964">
     <span class='ocr_line' id='line_1_70' title="bbox 823 3894 2390 3964; baseline -0.002 -10"><span class='ocrx_word' id='word_1_501' title='bbox 823 3902 1056 3954; x_wconf 87' lang='lat' dir='ltr'><strong>salutem</strong></span> <span class='ocrx_word' id='word_1_502' title='bbox 1111 3899 1303 3953; x_wconf 73' lang='lat' dir='ltr'><strong>afferre</strong></span> <span class='ocrx_word' id='word_1_503' title='bbox 1363 3911 1583 3955; x_wconf 88' lang='lat' dir='ltr'><strong>rursum</strong></span> <span class='ocrx_word' id='word_1_504' title='bbox 1638 3895 1887 3962; x_wconf 89' lang='lat' dir='ltr'><strong>cupiens;</strong></span> <span class='ocrx_word' id='word_1_505' title='bbox 1943 3894 2133 3948; x_wconf 90' lang='lat' dir='ltr'><strong>iisdem</strong></span> <span class='ocrx_word' id='word_1_506' title='bbox 2189 3896 2390 3964; x_wconf 85' lang='lat' dir='ltr'><strong>quibus</strong></span> 
     </span>
    </p>
   </div>
   <div class='ocr_carea' id='block_1_71' title="bbox 824 3987 2385 4060">
    <p class='ocr_par' dir='ltr' id='par_1_71' title="bbox 824 3987 2385 4060">
     <span class='ocr_line' id='line_1_71' title="bbox 824 3987 2385 4060; baseline -0.002 -14"><span class='ocrx_word' id='word_1_507' title='bbox 824 4009 983 4060; x_wconf 67' lang='lat' dir='ltr'><strong>soror</strong></span> <span class='ocrx_word' id='word_1_508' title='bbox 1016 3994 1185 4047; x_wconf 87' lang='lat' dir='ltr'><strong>armis</strong></span> <span class='ocrx_word' id='word_1_509' title='bbox 1224 4008 1358 4046; x_wconf 84' lang='lat' dir='ltr'><strong>usus</strong></span> <span class='ocrx_word' id='word_1_510' title='bbox 1401 3997 1507 4044; x_wconf 90' lang='lat' dir='ltr'><strong>cst.</strong></span> <span class='ocrx_word' id='word_1_511' title='bbox 1571 3987 1760 4056; x_wconf 80' lang='lat' dir='ltr'><strong>Magna</strong></span> <span class='ocrx_word' id='word_1_512' title='bbox 1800 3988 1945 4040; x_wconf 89' lang='lat' dir='ltr'><strong>enim</strong></span> <span class='ocrx_word' id='word_1_513' title='bbox 1978 3987 2063 4040; x_wconf 85' lang='lat' dir='ltr'><strong>vis</strong></span> <span class='ocrx_word' id='word_1_514' title='bbox 2094 3989 2228 4042; x_wconf 87' lang='lat' dir='ltr'><strong>artis</strong></span> <span class='ocrx_word' id='word_1_515' title='bbox 2258 3999 2342 4043; x_wconf 89' lang='lat' dir='ltr'><strong>cst</strong></span> <span class='ocrx_word' id='word_1_516' title='bbox 2374 4009 2385 4043; x_wconf 94' lang='lat'>:</span> 
     </span>
    </p>
   </div>
   <div class='ocr_carea' id='block_1_72' title="bbox 823 4076 2389 4144">
    <p class='ocr_par' dir='ltr' id='par_1_72' title="bbox 823 4076 2389 4144">
     <span class='ocr_line' id='line_1_72' title="bbox 823 4076 2389 4144; baseline -0.004 -6"><span class='ocrx_word' id='word_1_517' title='bbox 823 4085 952 4138; x_wconf 86' lang='lat' dir='ltr'><strong>illud</strong></span> <span class='ocrx_word' id='word_1_518' title='bbox 983 4083 1144 4136; x_wconf 88' lang='lat' dir='ltr'><strong>modo</strong></span> <span class='ocrx_word' id='word_1_519' title='bbox 1171 4091 1450 4144; x_wconf 87' lang='lat' dir='ltr'><strong>caveatur,</strong></span> <span class='ocrx_word' id='word_1_520' title='bbox 1479 4094 1550 4133; x_wconf 87' lang='lat' dir='ltr'><strong>ne</strong></span> <span class='ocrx_word' id='word_1_521' title='bbox 1577 4078 1910 4132; x_wconf 80' lang='lat' dir='ltr'><strong>veteratorie</strong></span> <span class='ocrx_word' id='word_1_522' title='bbox 1941 4084 1996 4132; x_wconf 92' lang='lat' dir='ltr'><strong>et</strong></span> <span class='ocrx_word' id='word_1_523' title='bbox 2034 4076 2389 4132; x_wconf 87' lang='lat' dir='ltr'><strong>fraudulento</strong></span> 
     </span>
    </p>
   </div>
   <div class='ocr_carea' id='block_1_73' title="bbox 823 4175 1390 4229">
    <p class='ocr_par' dir='ltr' id='par_1_73' title="bbox 823 4175 1390 4229">
     <span class='ocr_line' id='line_1_73' title="bbox 823 4175 1390 4229; baseline -0.004 -1"><span class='ocrx_word' id='word_1_524' title='bbox 823 4177 1007 4229; x_wconf 88' lang='lat' dir='ltr'><strong>animo</strong></span> <span class='ocrx_word' id='word_1_525' title='bbox 1037 4175 1390 4227; x_wconf 79' lang='lat' dir='ltr'><strong>adhibeatur.</strong></span> 
     </span>
    </p>
   </div>
   <div class='ocr_carea' id='block_1_74' title="bbox 899 4262 2389 4336">
    <p class='ocr_par' dir='ltr' id='par_1_74' title="bbox 899 4262 2389 4336">
     <span class='ocr_line' id='line_1_74' title="bbox 899 4262 2389 4336; baseline -0.005 -15"><span class='ocrx_word' id='word_1_526' title='bbox 899 4267 1178 4336; x_wconf 80' lang='lat' dir='ltr'><strong>Theologi.</strong></span> <span class='ocrx_word' id='word_1_527' title='bbox 1203 4296 1273 4305; x_wconf 94' lang='lat'><strong>——</strong></span> <span class='ocrx_word' id='word_1_528' title='bbox 1309 4262 1624 4318; x_wconf 85' lang='lat' dir='ltr'><strong>Fraudibus</strong></span> <span class='ocrx_word' id='word_1_529' title='bbox 1655 4268 1690 4317; x_wconf 91' lang='lat' dir='ltr'><strong>ii</strong></span> <span class='ocrx_word' id='word_1_530' title='bbox 1733 4277 1924 4317; x_wconf 87' lang='lat' dir='ltr'><strong>omnes</strong></span> <span class='ocrx_word' id='word_1_531' title='bbox 1949 4272 2159 4331; x_wconf 88' lang='lat' dir='ltr'><strong>patent,</strong></span> <span class='ocrx_word' id='word_1_532' title='bbox 2195 4264 2286 4330; x_wconf 87' lang='lat' dir='ltr'><strong>qui</strong></span> <span class='ocrx_word' id='word_1_533' title='bbox 2321 4262 2389 4314; x_wconf 87' lang='lat' dir='ltr'><strong>ad</strong></span> 
     </span>
    </p>
   </div>
   <div class='ocr_carea' id='block_1_75' title="bbox 823 4355 1641 4429">
    <p class='ocr_par' dir='ltr' id='par_1_75' title="bbox 823 4355 1641 4429">
     <span class='ocr_line' id='line_1_75' title="bbox 823 4355 1641 4429; baseline -0.006 -17"><span class='ocrx_word' id='word_1_534' title='bbox 823 4363 1157 4429; x_wconf 82' lang='lat' dir='ltr'><strong>voluptatem</strong></span> <span class='ocrx_word' id='word_1_535' title='bbox 1195 4355 1453 4427; x_wconf 84' lang='lat' dir='ltr'><strong>prOpensi</strong></span> <span class='ocrx_word' id='word_1_536' title='bbox 1492 4364 1641 4408; x_wconf 92' lang='lat' dir='ltr'><strong>sunt.</strong></span> 
     </span>
    </p>
   </div>
   <div class='ocr_carea' id='block_1_76' title="bbox 899 4446 2386 4516">
    <p class='ocr_par' dir='ltr' id='par_1_76' title="bbox 899 4446 2386 4516">
     <span class='ocr_line' id='line_1_76' title="bbox 899 4446 2386 4516; baseline 0.001 -13"><span class='ocrx_word' id='word_1_537' title='bbox 899 4451 1153 4505; x_wconf 80' lang='lat' dir='ltr'><strong>Philonis.</strong></span> <span class='ocrx_word' id='word_1_538' title='bbox 1195 4477 1264 4491; x_wconf 87' lang='lat'><strong>——</strong></span> <span class='ocrx_word' id='word_1_539' title='bbox 1309 4446 1427 4501; x_wconf 79' lang='lat' dir='ltr'><strong>Non</strong></span> <span class='ocrx_word' id='word_1_540' title='bbox 1488 4446 1668 4500; x_wconf 91' lang='lat' dir='ltr'><strong>omnis</strong></span> <span class='ocrx_word' id='word_1_541' title='bbox 1718 4446 1880 4500; x_wconf 86' lang='lat' dir='ltr'><strong>dolus</strong></span> <span class='ocrx_word' id='word_1_542' title='bbox 1937 4446 2150 4516; x_wconf 85' lang='lat' dir='ltr'><strong>culpari</strong></span> <span class='ocrx_word' id='word_1_543' title='bbox 2201 4446 2386 4504; x_wconf 82' lang='lat' dir='ltr'><strong>debet.</strong></span> 
     </span>
    </p>
   </div>
   <div class='ocr_carea' id='block_1_77' title="bbox 821 4538 2390 4611">
    <p class='ocr_par' dir='ltr' id='par_1_77' title="bbox 821 4538 2390 4611">
     <span class='ocr_line' id='line_1_77' title="bbox 821 4538 2390 4611; baseline -0.002 -13"><span class='ocrx_word' id='word_1_544' title='bbox 821 4543 958 4598; x_wconf 70' lang='lat' dir='ltr'><strong>Nam</strong></span> <span class='ocrx_word' id='word_1_545' title='bbox 1005 4552 1059 4596; x_wconf 91' lang='lat' dir='ltr'><strong>et</strong></span> <span class='ocrx_word' id='word_1_546' title='bbox 1105 4540 1200 4611; x_wconf 86' lang='lat' dir='ltr'><strong>qui</strong></span> <span class='ocrx_word' id='word_1_547' title='bbox 1245 4550 1411 4593; x_wconf 89' lang='lat' dir='ltr'><strong>noctu</strong></span> <span class='ocrx_word' id='word_1_548' title='bbox 1446 4539 1710 4593; x_wconf 78' lang='lat' dir='ltr'><strong>excubias</strong></span> <span class='ocrx_word' id='word_1_549' title='bbox 1758 4547 1950 4608; x_wconf 81' lang='lat' dir='ltr'><strong>agunt,</strong></span> <span class='ocrx_word' id='word_1_550' title='bbox 1989 4538 2119 4592; x_wconf 91' lang='lat' dir='ltr'><strong>dum</strong></span> <span class='ocrx_word' id='word_1_551' title='bbox 2147 4541 2390 4595; x_wconf 83' lang='lat' dir='ltr'><strong>latrones</strong></span> 
     </span>
    </p>
   </div>
   <div class='ocr_carea' id='block_1_78' title="bbox 824 4627 2389 4703">
    <p class='ocr_par' dir='ltr' id='par_1_78' title="bbox 824 4627 2389 4703">
     <span class='ocr_line' id='line_1_78' title="bbox 824 4627 2389 4703; baseline -0.002 -14"><span class='ocrx_word' id='word_1_552' title='bbox 824 4635 1073 4703; x_wconf 78' lang='lat' dir='ltr'><strong>rapiunt,</strong></span> <span class='ocrx_word' id='word_1_553' title='bbox 1105 4643 1161 4686; x_wconf 86' lang='lat' dir='ltr'><strong>et</strong></span> <span class='ocrx_word' id='word_1_554' title='bbox 1191 4632 1422 4686; x_wconf 89' lang='lat' dir='ltr'><strong>militum</strong></span> <span class='ocrx_word' id='word_1_555' title='bbox 1473 4631 1734 4700; x_wconf 68' lang='lat' dir='ltr'><strong>praefecti,</strong></span> <span class='ocrx_word' id='word_1_556' title='bbox 1774 4627 1962 4686; x_wconf 87' lang='lat' dir='ltr'><strong>hostes</strong></span> <span class='ocrx_word' id='word_1_557' title='bbox 1987 4632 2389 4702; x_wconf 78' lang='lat' dir='ltr'><strong>aggredienda,</strong></span> 
     </span>
    </p>
   </div>
   <div class='ocr_carea' id='block_1_79' title="bbox 824 4721 2390 4794">
    <p class='ocr_par' dir='ltr' id='par_1_79' title="bbox 824 4721 2390 4794">
     <span class='ocr_line' id='line_1_79' title="bbox 824 4721 2390 4794; baseline -0.002 -14"><span class='ocrx_word' id='word_1_558' title='bbox 824 4734 975 4780; x_wconf 76' lang='lat' dir='ltr'><strong>recte</strong></span> <span class='ocrx_word' id='word_1_559' title='bbox 998 4739 1161 4794; x_wconf 75' lang='lat' dir='ltr'><strong>agere</strong></span> <span class='ocrx_word' id='word_1_560' title='bbox 1198 4731 1536 4778; x_wconf 85' lang='lat' dir='ltr'><strong>censentur:</strong></span> <span class='ocrx_word' id='word_1_561' title='bbox 1590 4721 1951 4791; x_wconf 88' lang='lat' dir='ltr'><strong>eamdemque</strong></span> <span class='ocrx_word' id='word_1_562' title='bbox 1979 4723 2248 4776; x_wconf 86' lang='lat' dir='ltr'><strong>rationem</strong></span> <span class='ocrx_word' id='word_1_563' title='bbox 2293 4725 2390 4777; x_wconf 85' lang='lat' dir='ltr'><strong>ba-</strong></span> 
     </span>
    </p>
   </div>
   <div class='ocr_carea' id='block_1_80' title="bbox 824 4814 2390 4884">
    <p class='ocr_par' dir='ltr' id='par_1_80' title="bbox 824 4814 2390 4884">
     <span class='ocr_line' id='line_1_80' title="bbox 824 4814 2390 4884; baseline 0.001 -17"><span class='ocrx_word' id='word_1_564' title='bbox 824 4817 974 4877; x_wconf 86' lang='lat' dir='ltr'><strong>bent,</strong></span> <span class='ocrx_word' id='word_1_565' title='bbox 1023 4827 1145 4884; x_wconf 64' lang='lat' dir='ltr'><strong>qua:</strong></span> <span class='ocrx_word' id='word_1_566' title='bbox 1177 4821 1568 4882; x_wconf 84' lang='lat' dir='ltr'><strong>stratagemata</strong></span> <span class='ocrx_word' id='word_1_567' title='bbox 1622 4820 1913 4877; x_wconf 87' lang='lat' dir='ltr'><strong>vocantur,</strong></span> <span class='ocrx_word' id='word_1_568' title='bbox 1967 4822 2020 4867; x_wconf 91' lang='lat' dir='ltr'><strong>et</strong></span> <span class='ocrx_word' id='word_1_569' title='bbox 2055 4814 2390 4869; x_wconf 81' lang='lat' dir='ltr'><strong>athletarum</strong></span> 
     </span>
    </p>
   </div>
   <div class='ocr_carea' id='block_1_81' title="bbox 825 4903 2389 4975">
    <p class='ocr_par' dir='ltr' id='par_1_81' title="bbox 825 4903 2389 4975">
     <span class='ocr_line' id='line_1_81' title="bbox 825 4903 2389 4975; baseline 0.003 -18"><span class='ocrx_word' id='word_1_570' title='bbox 825 4905 1282 4960; x_wconf 80' lang='lat' dir='ltr'><strong>concertationes.</strong></span> <span class='ocrx_word' id='word_1_571' title='bbox 1314 4905 1530 4959; x_wconf 83' lang='lat' dir='ltr'><strong>Etenim</strong></span> <span class='ocrx_word' id='word_1_572' title='bbox 1558 4903 1612 4957; x_wconf 90' lang='lat' dir='ltr'><strong>in</strong></span> <span class='ocrx_word' id='word_1_573' title='bbox 1644 4905 1729 4960; x_wconf 85' lang='lat' dir='ltr'><strong>his</strong></span> <span class='ocrx_word' id='word_1_574' title='bbox 1753 4905 2035 4975; x_wconf 90' lang='lat' dir='ltr'><strong>proprium</strong></span> <span class='ocrx_word' id='word_1_575' title='bbox 2068 4906 2173 4961; x_wconf 87' lang='lat' dir='ltr'><strong>sibi</strong></span> <span class='ocrx_word' id='word_1_576' title='bbox 2208 4908 2389 4962; x_wconf 92' lang='lat' dir='ltr'><strong>locum</strong></span> 
     </span>
    </p>
   </div>
   <div class='ocr_carea' id='block_1_82' title="bbox 825 4993 1359 5062">
    <p class='ocr_par' dir='ltr' id='par_1_82' title="bbox 825 4993 1359 5062">
     <span class='ocr_line' id='line_1_82' title="bbox 825 4993 1359 5062; baseline 0.004 -18"><span class='ocrx_word' id='word_1_577' title='bbox 825 4994 1073 5062; x_wconf 85' lang='lat' dir='ltr'><strong>deceptio</strong></span> <span class='ocrx_word' id='word_1_578' title='bbox 1103 4993 1359 5047; x_wconf 84' lang='lat' dir='ltr'><strong>vindicat.</strong></span> 
     </span>
    </p>
   </div>
   <div class='ocr_carea' id='block_1_83' title="bbox 825 5103 2388 5177">
    <p class='ocr_par' dir='ltr' id='par_1_83' title="bbox 825 5103 2388 5177">
     <span class='ocr_line' id='line_1_83' title="bbox 825 5103 2388 5177; baseline 0 -18"><span class='ocrx_word' id='word_1_579' title='bbox 825 5105 961 5160; x_wconf 80' lang='lat' dir='ltr'><strong>TIT.</strong></span> <span class='ocrx_word' id='word_1_580' title='bbox 1005 5103 1239 5160; x_wconf 72' lang='lat' dir='ltr'><strong>XXVIII.</strong></span> <span class='ocrx_word' id='word_1_581' title='bbox 1272 5104 1434 5158; x_wconf 84' lang='lat' dir='ltr'><strong>—De</strong></span> <span class='ocrx_word' id='word_1_582' title='bbox 1479 5105 1754 5177; x_wconf 72' lang='lat' dir='ltr'><strong>legato,et</strong></span> <span class='ocrx_word' id='word_1_583' title='bbox 1802 5122 2035 5174; x_wconf 73' lang='lat' dir='ltr'><strong>responsi</strong></span> <span class='ocrx_word' id='word_1_584' title='bbox 2083 5119 2350 5177; x_wconf 77' lang='lat' dir='ltr'><strong>sequestro</strong></span> <span class='ocrx_word' id='word_1_585' title='bbox 2377 5149 2388 5160; x_wconf 90' lang='lat'><strong>.</strong></span> 
     </span>
    </p>
   </div>
   <div class='ocr_carea' id='block_1_84' title="bbox 896 5175 2395 5247">
    <p class='ocr_par' dir='ltr' id='par_1_84' title="bbox 896 5175 2395 5247">
     <span class='ocr_line' id='line_1_84' title="bbox 896 5175 2395 5247; baseline 0.003 -21"><span class='ocrx_word' id='word_1_586' title='bbox 896 5177 1132 5244; x_wconf 81' lang='lat' dir='ltr'><strong>quodque</strong></span> <span class='ocrx_word' id='word_1_587' title='bbox 1157 5177 1206 5247; x_wconf 80' lang='lat' dir='ltr'><strong>is</strong></span> <span class='ocrx_word' id='word_1_588' title='bbox 1234 5178 1326 5244; x_wconf 84' lang='lat' dir='ltr'><strong>qui</strong></span> <span class='ocrx_word' id='word_1_589' title='bbox 1382 5177 1531 5226; x_wconf 80' lang='lat' dir='ltr'><strong>nihili</strong></span> <span class='ocrx_word' id='word_1_590' title='bbox 1566 5175 1740 5240; x_wconf 83' lang='lat' dir='ltr'><strong>pendit</strong></span> <span class='ocrx_word' id='word_1_591' title='bbox 1787 5180 2040 5247; x_wconf 84' lang='lat' dir='ltr'><strong>legatum,</strong></span> <span class='ocrx_word' id='word_1_592' title='bbox 2090 5175 2207 5231; x_wconf 84' lang='lat' dir='ltr'><strong>eunt</strong></span> <span class='ocrx_word' id='word_1_593' title='bbox 2238 5197 2269 5230; x_wconf 92' lang='lat' dir='ltr'><strong>a</strong></span> <span class='ocrx_word' id='word_1_594' title='bbox 2293 5196 2395 5247; x_wconf 87' lang='lat' dir='ltr'><strong>quo</strong></span> 
     </span>
    </p>
   </div>
   <div class='ocr_carea' id='block_1_85' title="bbox 901 5246 1691 5306">
    <p class='ocr_par' dir='ltr' id='par_1_85' title="bbox 901 5246 1691 5306">
     <span class='ocr_line' id='line_1_85' title="bbox 901 5246 1691 5306; baseline 0.001 -9"><span class='ocrx_word' id='word_1_595' title='bbox 901 5248 1092 5300; x_wconf 62' lang='lat' dir='ltr'><strong>missus</strong></span> <span class='ocrx_word' id='word_1_596' title='bbox 1125 5246 1212 5297; x_wconf 71' lang='lat' dir='ltr'><strong>ille</strong></span> <span class='ocrx_word' id='word_1_597' title='bbox 1246 5255 1344 5306; x_wconf 77' lang='lat' dir='ltr'><strong>est,</strong></span> <span class='ocrx_word' id='word_1_598' title='bbox 1386 5248 1691 5298; x_wconf 79' lang='lat' dir='ltr'><strong>contemnit.</strong></span> 
     </span>
    </p>
   </div>
   <div class='ocr_carea' id='block_1_86' title="bbox 902 5355 2398 5418">
    <p class='ocr_par' dir='ltr' id='par_1_86' title="bbox 902 5355 2398 5418">
     <span class='ocr_line' id='line_1_86' title="bbox 902 5355 2398 5418; baseline 0.003 -8"><span class='ocrx_word' id='word_1_599' title='bbox 902 5357 1056 5412; x_wconf 82' lang='lat' dir='ltr'><strong>Prov.</strong></span> <span class='ocrx_word' id='word_1_600' title='bbox 1089 5372 1216 5418; x_wconf 78' lang='lat' dir='ltr'><strong>xxv,</strong></span> <span class='ocrx_word' id='word_1_601' title='bbox 1251 5357 1334 5408; x_wconf 81' lang='lat' dir='ltr'><strong>l3.</strong></span> <span class='ocrx_word' id='word_1_602' title='bbox 1362 5389 1428 5396; x_wconf 91' lang='lat'><strong>—</strong></span> <span class='ocrx_word' id='word_1_603' title='bbox 1456 5373 1476 5406; x_wconf 71' lang='grc' dir='ltr'><strong>ι</strong></span> <span class='ocrx_word' id='word_1_604' title='bbox 1516 5355 1672 5410; x_wconf 90' lang='lat' dir='ltr'><strong>Sicut</strong></span> <span class='ocrx_word' id='word_1_605' title='bbox 1717 5359 1898 5412; x_wconf 80' lang='lat' dir='ltr'><strong>exitus</strong></span> <span class='ocrx_word' id='word_1_606' title='bbox 1931 5359 2072 5412; x_wconf 90' lang='lat' dir='ltr'><strong>nivis</strong></span> <span class='ocrx_word' id='word_1_607' title='bbox 2128 5375 2182 5412; x_wconf 83' lang='lat' dir='ltr'><strong>In</strong></span> <span class='ocrx_word' id='word_1_608' title='bbox 2218 5375 2398 5414; x_wconf 87' lang='lat' dir='ltr'><strong>messe</strong></span> 
     </span>
    </p>
   </div>
   <div class='ocr_carea' id='block_1_87' title="bbox 832 5449 2398 5520">
    <p class='ocr_par' dir='ltr' id='par_1_87' title="bbox 832 5449 2398 5520">
     <span class='ocr_line' id='line_1_87' title="bbox 832 5449 2398 5520; baseline 0 -14"><span class='ocrx_word' id='word_1_609' title='bbox 832 5452 1096 5506; x_wconf 81' lang='lat' dir='ltr'><strong>adversus</strong></span> <span class='ocrx_word' id='word_1_610' title='bbox 1126 5458 1318 5503; x_wconf 64' lang='lat' dir='ltr'><strong>aestum</strong></span> <span class='ocrx_word' id='word_1_611' title='bbox 1371 5449 1639 5520; x_wconf 83' lang='lat' dir='ltr'><strong>prodest:</strong></span> <span class='ocrx_word' id='word_1_612' title='bbox 1691 5454 1770 5504; x_wconf 86' lang='lat' dir='ltr'><strong>sic</strong></span> <span class='ocrx_word' id='word_1_613' title='bbox 1813 5453 2042 5506; x_wconf 87' lang='lat' dir='ltr'><strong>nuntius</strong></span> <span class='ocrx_word' id='word_1_614' title='bbox 2097 5452 2276 5506; x_wconf 81' lang='lat' dir='ltr'><strong>fidelis</strong></span> <span class='ocrx_word' id='word_1_615' title='bbox 2331 5453 2398 5506; x_wconf 91' lang='lat' dir='ltr'><strong>iis</strong></span> 
     </span>
    </p>
   </div>
   <div class='ocr_carea' id='block_1_88' title="bbox 827 5543 2391 5615">
    <p class='ocr_par' dir='ltr' id='par_1_88' title="bbox 827 5543 2391 5615">
     <span class='ocr_line' id='line_1_88' title="bbox 827 5543 2391 5615; baseline 0.001 -17"><span class='ocrx_word' id='word_1_616' title='bbox 827 5545 922 5612; x_wconf 88' lang='lat' dir='ltr'><strong>qui</strong></span> <span class='ocrx_word' id='word_1_617' title='bbox 961 5557 1020 5596; x_wconf 88' lang='lat' dir='ltr'><strong>se</strong></span> <span class='ocrx_word' id='word_1_618' title='bbox 1066 5545 1355 5596; x_wconf 84' lang='lat' dir='ltr'><strong>miserunt.</strong></span> <span class='ocrx_word' id='word_1_619' title='bbox 1407 5543 1618 5595; x_wconf 75' lang='lat' dir='ltr'><strong>Animis</strong></span> <span class='ocrx_word' id='word_1_620' title='bbox 1669 5543 1814 5597; x_wconf 87' lang='lat' dir='ltr'><strong>enim</strong></span> <span class='ocrx_word' id='word_1_621' title='bbox 1865 5559 2054 5597; x_wconf 90' lang='lat' dir='ltr'><strong>eorum</strong></span> <span class='ocrx_word' id='word_1_622' title='bbox 2113 5546 2209 5615; x_wconf 87' lang='lat' dir='ltr'><strong>qui</strong></span> <span class='ocrx_word' id='word_1_623' title='bbox 2272 5545 2391 5615; x_wconf 89' lang='lat' dir='ltr'><strong>ipso</strong></span> 
     </span>
    </p>
   </div>
   <div class='ocr_carea' id='block_1_89' title="bbox 829 5633 1421 5702">
    <p class='ocr_par' dir='ltr' id='par_1_89' title="bbox 829 5633 1421 5702">
     <span class='ocr_line' id='line_1_89' title="bbox 829 5633 1421 5702; baseline -0.014 -14"><span class='ocrx_word' id='word_1_624' title='bbox 829 5643 1082 5697; x_wconf 86' lang='lat' dir='ltr'><strong>utuntur,</strong></span> <span class='ocrx_word' id='word_1_625' title='bbox 1121 5633 1360 5702; x_wconf 84' lang='lat' dir='ltr'><strong>prodest.</strong></span> <span class='ocrx_word' id='word_1_626' title='bbox 1405 5655 1421 5680; x_wconf 77' lang='grc' dir='ltr'><strong>ι</strong></span> 
     </span>
    </p>
   </div>
   <div class='ocr_carea' id='block_1_90' title="bbox 903 5726 2386 5798">
    <p class='ocr_par' dir='ltr' id='par_1_90' title="bbox 903 5726 2386 5798">
     <span class='ocr_line' id='line_1_90' title="bbox 903 5726 2386 5798; baseline 0.003 -21"><span class='ocrx_word' id='word_1_627' title='bbox 903 5727 1056 5779; x_wconf 78' lang='lat' dir='ltr'><strong>I’ror.</strong></span> <span class='ocrx_word' id='word_1_628' title='bbox 1092 5742 1238 5789; x_wconf 76' lang='lat' dir='ltr'><strong>xxvi,</strong></span> <span class='ocrx_word' id='word_1_629' title='bbox 1262 5727 1315 5780; x_wconf 86' lang='lat'><strong>6.</strong></span> <span class='ocrx_word' id='word_1_630' title='bbox 1343 5756 1413 5766; x_wconf 90' lang='lat'><strong>--</strong></span> <span class='ocrx_word' id='word_1_631' title='bbox 1439 5745 1458 5776; x_wconf 75' lang='grc' dir='ltr'><strong>ι</strong></span> <span class='ocrx_word' id='word_1_632' title='bbox 1489 5726 1563 5780; x_wconf 72' lang='lat' dir='ltr'><strong>Ex</strong></span> <span class='ocrx_word' id='word_1_633' title='bbox 1596 5730 1710 5782; x_wconf 87' lang='lat' dir='ltr'><strong>suis</strong></span> <span class='ocrx_word' id='word_1_634' title='bbox 1730 5729 1830 5781; x_wconf 89' lang='lat' dir='ltr'><strong>viis</strong></span> <span class='ocrx_word' id='word_1_635' title='bbox 1865 5729 1970 5783; x_wconf 92' lang='lat' dir='ltr'><strong>sibi</strong></span> <span class='ocrx_word' id='word_1_636' title='bbox 1997 5729 2098 5798; x_wconf 87' lang='lat' dir='ltr'><strong>ipsi</strong></span> <span class='ocrx_word' id='word_1_637' title='bbox 2125 5729 2386 5798; x_wconf 83' lang='lat' dir='ltr'><strong>probrum</strong></span> 
     </span>
    </p>
   </div>
   <div class='ocr_carea' id='block_1_91' title="bbox 824 5819 2392 5894">
    <p class='ocr_par' dir='ltr' id='par_1_91' title="bbox 824 5819 2392 5894">
     <span class='ocr_line' id='line_1_91' title="bbox 824 5819 2392 5894; baseline 0.001 -22"><span class='ocrx_word' id='word_1_638' title='bbox 824 5820 1078 5894; x_wconf 69' lang='lat' dir='ltr'><strong>acquirit,</strong></span> <span class='ocrx_word' id='word_1_639' title='bbox 1099 5819 1188 5887; x_wconf 91' lang='lat' dir='ltr'><strong>qui</strong></span> <span class='ocrx_word' id='word_1_640' title='bbox 1210 5833 1302 5886; x_wconf 81' lang='lat' dir='ltr'><strong>per</strong></span> <span class='ocrx_word' id='word_1_641' title='bbox 1315 5821 1541 5872; x_wconf 83' lang='lat' dir='ltr'><strong>stultum</strong></span> <span class='ocrx_word' id='word_1_642' title='bbox 1563 5821 1811 5875; x_wconf 85' lang='lat' dir='ltr'><strong>nuntium</strong></span> <span class='ocrx_word' id='word_1_643' title='bbox 1833 5836 2052 5877; x_wconf 84' lang='lat' dir='ltr'><strong>scrotou</strong></span> <span class='ocrx_word' id='word_1_644' title='bbox 2107 5837 2138 5874; x_wconf 81' lang='grc' dir='ltr'><strong>ιι</strong></span> <span class='ocrx_word' id='word_1_645' title='bbox 2156 5821 2340 5876; x_wconf 86' lang='lat' dir='ltr'><strong>mittit.</strong></span> <span class='ocrx_word' id='word_1_646' title='bbox 2371 5840 2392 5874; x_wconf 74' lang='grc' dir='ltr'><strong>ι</strong></span> 
     </span>
    </p>
   </div>
   <div class='ocr_carea' id='block_1_92' title="bbox 2494 3258 4062 3341">
    <p class='ocr_par' dir='ltr' id='par_1_92' title="bbox 2494 3258 4062 3341">
     <span class='ocr_line' id='line_1_92' title="bbox 2494 3258 4062 3341; baseline 0.01 -32"><span class='ocrx_word' id='word_1_647' title='bbox 2494 3275 2605 3317; x_wconf 89' lang='grc' dir='ltr'><strong>νον.</strong></span> <span class='ocrx_word' id='word_1_648' title='bbox 2632 3258 2769 3311; x_wconf 82' lang='grc' dir='ltr'><strong>ἀλλά</strong></span> <span class='ocrx_word' id='word_1_649' title='bbox 2806 3262 2900 3313; x_wconf 71' lang='grc' dir='ltr'><strong>καὶ</strong></span> <span class='ocrx_word' id='word_1_650' title='bbox 2933 3263 2990 3314; x_wconf 85' lang='grc' dir='ltr'><strong>ἐν</strong></span> <span class='ocrx_word' id='word_1_651' title='bbox 3022 3262 3187 3334; x_wconf 74' lang='grc' dir='ltr'><strong>οἰκίᾳ,</strong></span> <span class='ocrx_word' id='word_1_652' title='bbox 3217 3264 3354 3334; x_wconf 80' lang='grc' dir='ltr'><strong>πρὸς</strong></span> <span class='ocrx_word' id='word_1_653' title='bbox 3396 3270 3626 3332; x_wconf 85' lang='grc' dir='ltr'><strong>γυναῖκα</strong></span> <span class='ocrx_word' id='word_1_654' title='bbox 3657 3268 3735 3338; x_wconf 83' lang='grc' dir='ltr'><strong>τῷ</strong></span> <span class='ocrx_word' id='word_1_655' title='bbox 3765 3270 3940 3341; x_wconf 78' lang='grc' dir='ltr'><strong>ἀνδρὶ,</strong></span> <span class='ocrx_word' id='word_1_656' title='bbox 3971 3274 4062 3324; x_wconf 74' lang='grc' dir='ltr'><strong>καὶ</strong></span> 
     </span>
    </p>
   </div>
   <div class='ocr_carea' id='block_1_93' title="bbox 2496 3349 4059 3430">
    <p class='ocr_par' dir='ltr' id='par_1_93' title="bbox 2496 3349 4059 3430">
     <span class='ocr_line' id='line_1_93' title="bbox 2496 3349 4059 3430; baseline 0.009 -30"><span class='ocrx_word' id='word_1_657' title='bbox 2496 3349 2630 3418; x_wconf 73' lang='grc' dir='ltr'><strong>πρὸς</strong></span> <span class='ocrx_word' id='word_1_658' title='bbox 2657 3350 2822 3420; x_wconf 82' lang='grc' dir='ltr'><strong>ἄνδρα</strong></span> <span class='ocrx_word' id='word_1_659' title='bbox 2852 3353 3092 3419; x_wconf 77' lang='grc' dir='ltr'><strong>γυναικὶ,</strong></span> <span class='ocrx_word' id='word_1_660' title='bbox 3124 3353 3217 3406; x_wconf 70' lang='grc' dir='ltr'><strong>καὶ</strong></span> <span class='ocrx_word' id='word_1_661' title='bbox 3267 3357 3432 3426; x_wconf 84' lang='grc' dir='ltr'><strong>πατρὶ</strong></span> <span class='ocrx_word' id='word_1_662' title='bbox 3459 3357 3594 3426; x_wconf 82' lang='grc' dir='ltr'><strong>πρὸς</strong></span> <span class='ocrx_word' id='word_1_663' title='bbox 3633 3360 3768 3422; x_wconf 81' lang='grc' dir='ltr'><strong>υἱὸν,</strong></span> <span class='ocrx_word' id='word_1_664' title='bbox 3800 3363 3894 3412; x_wconf 75' lang='grc' dir='ltr'><strong>καὶ</strong></span> <span class='ocrx_word' id='word_1_665' title='bbox 3928 3364 4059 3430; x_wconf 75' lang='grc' dir='ltr'><strong>πρὸς</strong></span> 
     </span>
    </p>
   </div>
   <div class='ocr_carea' id='block_1_94' title="bbox 2495 3441 4058 3522">
    <p class='ocr_par' dir='ltr' id='par_1_94' title="bbox 2495 3441 4058 3522">
     <span class='ocr_line' id='line_1_94' title="bbox 2495 3441 4058 3522; baseline 0.006 -30"><span class='ocrx_word' id='word_1_666' title='bbox 2495 3441 2646 3508; x_wconf 82' lang='grc' dir='ltr'><strong>φίλον</strong></span> <span class='ocrx_word' id='word_1_667' title='bbox 2673 3442 2834 3512; x_wconf 86' lang='grc' dir='ltr'><strong>φίλῳ,</strong></span> <span class='ocrx_word' id='word_1_668' title='bbox 2862 3444 2961 3514; x_wconf 72' lang='grc' dir='ltr'><strong>ἠδη</strong></span> <span class='ocrx_word' id='word_1_669' title='bbox 2993 3443 3049 3495; x_wconf 86' lang='grc' dir='ltr'><strong>δὲ</strong></span> <span class='ocrx_word' id='word_1_670' title='bbox 3077 3445 3171 3496; x_wconf 76' lang='grc' dir='ltr'><strong>καὶ</strong></span> <span class='ocrx_word' id='word_1_671' title='bbox 3205 3447 3342 3515; x_wconf 64' lang='grc' dir='ltr'><strong>πρὸς</strong></span> <span class='ocrx_word' id='word_1_672' title='bbox 3364 3448 3571 3516; x_wconf 79' lang='grc' dir='ltr'><strong>πατέρα</strong></span> <span class='ocrx_word' id='word_1_673' title='bbox 3597 3450 3774 3506; x_wconf 85' lang='grc' dir='ltr'><strong>παισί,</strong></span> <span class='ocrx_word' id='word_1_674' title='bbox 3808 3452 3918 3504; x_wconf 77' lang='lat' dir='ltr'><strong>Kal</strong></span> <span class='ocrx_word' id='word_1_675' title='bbox 3955 3455 4058 3522; x_wconf 79' lang='grc' dir='ltr'><strong>γαρ</strong></span> 
     </span>
    </p>
   </div>
   <div class='ocr_carea' id='block_1_95' title="bbox 2492 3532 4057 3613">
    <p class='ocr_par' dir='ltr' id='par_1_95' title="bbox 2492 3532 4057 3613">
     <span class='ocr_line' id='line_1_95' title="bbox 2492 3532 4057 3613; baseline 0.006 -28"><span class='ocrx_word' id='word_1_676' title='bbox 2492 3533 2598 3586; x_wconf 83' lang='grc' dir='ltr'><strong>τῶν</strong></span> <span class='ocrx_word' id='word_1_677' title='bbox 2637 3532 2732 3586; x_wconf 77' lang='grc' dir='ltr'><strong>τοῦ</strong></span> <span class='ocrx_word' id='word_1_678' title='bbox 2780 3535 2951 3588; x_wconf 84' lang='grc' dir='ltr'><strong>Σαοὺλ</strong></span> <span class='ocrx_word' id='word_1_679' title='bbox 2981 3537 3197 3606; x_wconf 85' lang='grc' dir='ltr'><strong>χειρῶν,</strong></span> <span class='ocrx_word' id='word_1_680' title='bbox 3228 3540 3261 3608; x_wconf 75' lang='grc' dir='ltr'>ἡ</span> <span class='ocrx_word' id='word_1_681' title='bbox 3311 3539 3406 3592; x_wconf 76' lang='grc' dir='ltr'><strong>τοῦ</strong></span> <span class='ocrx_word' id='word_1_682' title='bbox 3464 3540 3635 3593; x_wconf 73' lang='grc' dir='ltr'><strong>Σαοὺλ</strong></span> <span class='ocrx_word' id='word_1_683' title='bbox 3683 3541 3930 3613; x_wconf 76' lang='grc' dir='ltr'><strong>θυγάτηρ</strong></span> <span class='ocrx_word' id='word_1_684' title='bbox 3964 3547 4057 3595; x_wconf 67' lang='grc' dir='ltr'><strong>οὐκ</strong></span> 
     </span>
    </p>
   </div>
   <div class='ocr_carea' id='block_1_96' title="bbox 2495 3624 4058 3704">
    <p class='ocr_par' dir='ltr' id='par_1_96' title="bbox 2495 3624 4058 3704">
     <span class='ocr_line' id='line_1_96' title="bbox 2495 3624 4058 3704; baseline 0.008 -28"><span class='ocrx_word' id='word_1_685' title='bbox 2495 3624 2713 3693; x_wconf 83' lang='grc' dir='ltr'><strong>ίσχυσεν</strong></span> <span class='ocrx_word' id='word_1_686' title='bbox 2758 3625 2961 3696; x_wconf 78' lang='grc' dir='ltr'><strong>ἑτέρως</strong></span> <span class='ocrx_word' id='word_1_687' title='bbox 2992 3625 3271 3690; x_wconf 77' lang='grc' dir='ltr'><strong>ἐξελέσθαι</strong></span> <span class='ocrx_word' id='word_1_688' title='bbox 3291 3629 3382 3681; x_wconf 81' lang='grc' dir='ltr'><strong>τὸν</strong></span> <span class='ocrx_word' id='word_1_689' title='bbox 3406 3630 3595 3700; x_wconf 86' lang='grc' dir='ltr'><strong>ἀνδρα,</strong></span> <span class='ocrx_word' id='word_1_690' title='bbox 3625 3633 3739 3684; x_wconf 79' lang='grc' dir='ltr'><strong>ἀλλ’</strong></span> <span class='ocrx_word' id='word_1_691' title='bbox 3772 3636 3805 3704; x_wconf 78' lang='grc' dir='ltr'>ἢ</span> <span class='ocrx_word' id='word_1_692' title='bbox 3843 3637 3978 3703; x_wconf 82' lang='grc' dir='ltr'><strong>μετά</strong></span> <span class='ocrx_word' id='word_1_693' title='bbox 4004 3639 4058 3688; x_wconf 67' lang='grc' dir='ltr'><strong>τὸ</strong></span> 
     </span>
    </p>
   </div>
   <div class='ocr_carea' id='block_1_97' title="bbox 2494 3716 4055 3792">
    <p class='ocr_par' dir='ltr' id='par_1_97' title="bbox 2494 3716 4055 3792">
     <span class='ocr_line' id='line_1_97' title="bbox 2494 3716 4055 3792; baseline 0.005 -26"><span class='ocrx_word' id='word_1_694' title='bbox 2494 3716 2962 3785; x_wconf 84' lang='grc' dir='ltr'><strong>παραλογίσασθαι</strong></span> <span class='ocrx_word' id='word_1_695' title='bbox 3005 3719 3094 3770; x_wconf 83' lang='grc' dir='ltr'><strong>τὸν</strong></span> <span class='ocrx_word' id='word_1_696' title='bbox 3136 3719 3370 3790; x_wconf 85' lang='grc' dir='ltr'><strong>πατέρα.</strong></span> <span class='ocrx_word' id='word_1_697' title='bbox 3401 3723 3508 3774; x_wconf 73' lang='grc' dir='ltr'><strong>Καὶ</strong></span> <span class='ocrx_word' id='word_1_698' title='bbox 3529 3725 3557 3774; x_wconf 81' lang='grc' dir='ltr'>ὁ</span> <span class='ocrx_word' id='word_1_699' title='bbox 3589 3723 3797 3792; x_wconf 76' lang='grc' dir='ltr'><strong>ταύτης</strong></span> <span class='ocrx_word' id='word_1_700' title='bbox 3819 3723 3876 3776; x_wconf 78' lang='grc' dir='ltr'><strong>δὲ</strong></span> <span class='ocrx_word' id='word_1_701' title='bbox 3907 3725 4055 3776; x_wconf 78' lang='grc' dir='ltr'><strong>ἀδελ-</strong></span> 
     </span>
    </p>
   </div>
   <div class='ocr_carea' id='block_1_98' title="bbox 2493 3805 4050 3884">
    <p class='ocr_par' dir='ltr' id='par_1_98' title="bbox 2493 3805 4050 3884">
     <span class='ocr_line' id='line_1_98' title="bbox 2493 3805 4050 3884; baseline 0.01 -30"><span class='ocrx_word' id='word_1_702' title='bbox 2493 3805 2607 3871; x_wconf 83' lang='grc' dir='ltr'><strong>φὸς,</strong></span> <span class='ocrx_word' id='word_1_703' title='bbox 2651 3805 2742 3857; x_wconf 84' lang='grc' dir='ltr'><strong>τὸν</strong></span> <span class='ocrx_word' id='word_1_704' title='bbox 2767 3807 2859 3858; x_wconf 82' lang='grc' dir='ltr'><strong>ὑπ’</strong></span> <span class='ocrx_word' id='word_1_705' title='bbox 2889 3808 3104 3878; x_wconf 78' lang='grc' dir='ltr'><strong>ἐκείνης</strong></span> <span class='ocrx_word' id='word_1_706' title='bbox 3145 3810 3478 3865; x_wconf 87' lang='grc' dir='ltr'><strong>διασωθέντα</strong></span> <span class='ocrx_word' id='word_1_707' title='bbox 3513 3813 3684 3868; x_wconf 75' lang='grc' dir='ltr'><strong>σῶσαι</strong></span> <span class='ocrx_word' id='word_1_708' title='bbox 3717 3815 4050 3884; x_wconf 80' lang='grc' dir='ltr'><strong>βουλόμενος.</strong></span> 
     </span>
    </p>
   </div>
   <div class='ocr_carea' id='block_1_99' title="bbox 2493 3895 4053 3976">
    <p class='ocr_par' dir='ltr' id='par_1_99' title="bbox 2493 3895 4053 3976">
     <span class='ocr_line' id='line_1_99' title="bbox 2493 3895 4053 3976; baseline 0.007 -28"><span class='ocrx_word' id='word_1_709' title='bbox 2493 3895 2868 3950; x_wconf 77' lang='grc' dir='ltr'><strong>κινδυνεύοντα</strong></span> <span class='ocrx_word' id='word_1_710' title='bbox 2920 3899 3079 3952; x_wconf 80' lang='grc' dir='ltr'><strong>πάλιν</strong></span> <span class='ocrx_word' id='word_1_711' title='bbox 3125 3903 3238 3964; x_wconf 91' lang='grc' dir='ltr'><strong>τοῖς</strong></span> <span class='ocrx_word' id='word_1_712' title='bbox 3295 3904 3474 3966; x_wconf 78' lang='grc' dir='ltr'><strong>αὐτοῖς</strong></span> <span class='ocrx_word' id='word_1_713' title='bbox 3523 3905 3707 3968; x_wconf 78' lang='grc' dir='ltr'><strong>ὅπλοις</strong></span> <span class='ocrx_word' id='word_1_714' title='bbox 3769 3908 4053 3976; x_wconf 77' lang='grc' dir='ltr'><strong>ἐχρήσατο,</strong></span> 
     </span>
    </p>
   </div>
   <div class='ocr_carea' id='block_1_100' title="bbox 2490 3981 4051 4065">
    <p class='ocr_par' dir='ltr' id='par_1_100' title="bbox 2490 3981 4051 4065">
     <span class='ocr_line' id='line_1_100' title="bbox 2490 3981 4051 4065; baseline 0.009 -27"><span class='ocrx_word' id='word_1_715' title='bbox 2490 3981 2682 4057; x_wconf 75' lang='grc' dir='ltr'><strong>οἷσπερ</strong></span> <span class='ocrx_word' id='word_1_716' title='bbox 2721 3989 2815 4041; x_wconf 77' lang='grc' dir='ltr'><strong>καὶ</strong></span> <span class='ocrx_word' id='word_1_717' title='bbox 2848 3990 2881 4057; x_wconf 78' lang='grc' dir='ltr'><strong>ἡ</strong></span> <span class='ocrx_word' id='word_1_718' title='bbox 2907 3991 3063 4059; x_wconf 78' lang='grc' dir='ltr'><strong>γυνή.</strong></span> <span class='ocrx_word' id='word_1_719' title='bbox 3099 3991 3238 4045; x_wconf 73' lang='grc' dir='ltr'><strong>Πολὺ</strong></span> <span class='ocrx_word' id='word_1_720' title='bbox 3279 3993 3388 4062; x_wconf 75' lang='grc' dir='ltr'><strong>γὰρ</strong></span> <span class='ocrx_word' id='word_1_721' title='bbox 3435 3997 3466 4064; x_wconf 85' lang='grc' dir='ltr'><strong>ή</strong></span> <span class='ocrx_word' id='word_1_722' title='bbox 3500 3995 3598 4063; x_wconf 74' lang='grc' dir='ltr'><strong>τῆς</strong></span> <span class='ocrx_word' id='word_1_723' title='bbox 3630 3997 3854 4064; x_wconf 77' lang='grc' dir='ltr'><strong>ἀπάτης</strong></span> <span class='ocrx_word' id='word_1_724' title='bbox 3888 3999 4051 4065; x_wconf 64' lang='grc' dir='ltr'><strong>ἰσχὺς.</strong></span> 
     </span>
    </p>
   </div>
   <div class='ocr_carea' id='block_1_101' title="bbox 2493 4079 4054 4160">
    <p class='ocr_par' dir='ltr' id='par_1_101' title="bbox 2493 4079 4054 4160">
     <span class='ocr_line' id='line_1_101' title="bbox 2493 4079 4054 4160; baseline 0.006 -28"><span class='ocrx_word' id='word_1_725' title='bbox 2493 4081 2654 4148; x_wconf 83' lang='grc' dir='ltr'><strong>μόνον</strong></span> <span class='ocrx_word' id='word_1_726' title='bbox 2700 4079 2776 4150; x_wconf 82' lang='grc' dir='ltr'><strong>μὴ</strong></span> <span class='ocrx_word' id='word_1_727' title='bbox 2827 4081 2964 4151; x_wconf 84' lang='grc' dir='ltr'><strong>μετά</strong></span> <span class='ocrx_word' id='word_1_728' title='bbox 3025 4082 3246 4154; x_wconf 78' lang='grc' dir='ltr'><strong>δολερᾶς</strong></span> <span class='ocrx_word' id='word_1_729' title='bbox 3296 4087 3651 4154; x_wconf 81' lang='grc' dir='ltr'><strong>προσαγέσθω</strong></span> <span class='ocrx_word' id='word_1_730' title='bbox 3717 4089 3818 4158; x_wconf 76' lang='grc' dir='ltr'><strong>τῆς</strong></span> <span class='ocrx_word' id='word_1_731' title='bbox 3872 4106 4054 4160; x_wconf 83' lang='grc' dir='ltr'><strong>προαι-</strong></span> 
     </span>
    </p>
   </div>
   <div class='ocr_carea' id='block_1_102' title="bbox 2493 4171 2714 4242">
    <p class='ocr_par' dir='ltr' id='par_1_102' title="bbox 2493 4171 2714 4242">
     <span class='ocr_line' id='line_1_102' title="bbox 2493 4171 2714 4242; baseline 0.014 -21"><span class='ocrx_word' id='word_1_732' title='bbox 2493 4171 2714 4242; x_wconf 83' lang='grc' dir='ltr'><strong>ρέσεως.</strong></span> 
     </span>
    </p>
   </div>
   <div class='ocr_carea' id='block_1_103' title="bbox 2564 4260 3884 4338">
    <p class='ocr_par' dir='ltr' id='par_1_103' title="bbox 2564 4260 3884 4338">
     <span class='ocr_line' id='line_1_103' title="bbox 2564 4260 3884 4338; baseline 0.008 -25"><span class='ocrx_word' id='word_1_733' title='bbox 2564 4260 2798 4314; x_wconf 81' lang='grc' dir='ltr'><strong>Εὗκολον</strong></span> <span class='ocrx_word' id='word_1_734' title='bbox 2841 4263 2975 4332; x_wconf 81' lang='grc' dir='ltr'><strong>πρὸς</strong></span> <span class='ocrx_word' id='word_1_735' title='bbox 3007 4263 3225 4334; x_wconf 77' lang='grc' dir='ltr'><strong>ἀπάτην</strong></span> <span class='ocrx_word' id='word_1_736' title='bbox 3249 4265 3309 4317; x_wconf 80' lang='grc' dir='ltr'><strong>τὸ</strong></span> <span class='ocrx_word' id='word_1_737' title='bbox 3334 4264 3470 4336; x_wconf 76' lang='grc' dir='ltr'><strong>πρὸς</strong></span> <span class='ocrx_word' id='word_1_738' title='bbox 3493 4267 3687 4338; x_wconf 72' lang='grc' dir='ltr'><strong>ἡδονὴν</strong></span> <span class='ocrx_word' id='word_1_739' title='bbox 3718 4269 3884 4324; x_wconf 75' lang='grc' dir='ltr'><strong>ἅπαν.</strong></span> 
     </span>
    </p>
   </div>
   <div class='ocr_carea' id='block_1_104' title="bbox 2565 4439 4056 4514">
    <p class='ocr_par' dir='ltr' id='par_1_104' title="bbox 2565 4439 4056 4514">
     <span class='ocr_line' id='line_1_104' title="bbox 2565 4439 4056 4514; baseline 0.004 -23"><span class='ocrx_word' id='word_1_740' title='bbox 2565 4440 2638 4492; x_wconf 81' lang='grc' dir='ltr'><strong>Οὐ</strong></span> <span class='ocrx_word' id='word_1_741' title='bbox 2681 4440 2789 4502; x_wconf 80' lang='grc' dir='ltr'><strong>πᾶς</strong></span> <span class='ocrx_word' id='word_1_742' title='bbox 2819 4439 2967 4504; x_wconf 81' lang='grc' dir='ltr'><strong>δόλος</strong></span> <span class='ocrx_word' id='word_1_743' title='bbox 3019 4443 3265 4504; x_wconf 81' lang='grc' dir='ltr'><strong>ὑπαίτιὸς</strong></span> <span class='ocrx_word' id='word_1_744' title='bbox 3321 4445 3499 4494; x_wconf 82' lang='grc' dir='ltr'><strong>ἐστιν·</strong></span> <span class='ocrx_word' id='word_1_745' title='bbox 3535 4445 3658 4495; x_wconf 76' lang='grc' dir='ltr'><strong>ἐπεὶ</strong></span> <span class='ocrx_word' id='word_1_746' title='bbox 3710 4447 3807 4497; x_wconf 71' lang='grc' dir='ltr'><strong>καὶ</strong></span> <span class='ocrx_word' id='word_1_747' title='bbox 3864 4447 4056 4514; x_wconf 56' lang='lat' dir='ltr'><strong>Agat};</strong></span> 
     </span>
    </p>
   </div>
   <div class='ocr_carea' id='block_1_105' title="bbox 2495 4531 4058 4604">
    <p class='ocr_par' dir='ltr' id='par_1_105' title="bbox 2495 4531 4058 4604">
     <span class='ocr_line' id='line_1_105' title="bbox 2495 4531 4058 4604; baseline 0 -22"><span class='ocrx_word' id='word_1_748' title='bbox 2495 4531 2918 4598; x_wconf 75' lang='grc' dir='ltr'><strong>νυκτοφύλακες,</strong></span> <span class='ocrx_word' id='word_1_749' title='bbox 2952 4532 3046 4584; x_wconf 72' lang='grc' dir='ltr'><strong>καὶ</strong></span> <span class='ocrx_word' id='word_1_750' title='bbox 3077 4532 3365 4602; x_wconf 85' lang='grc' dir='ltr'><strong>πολεμίους</strong></span> <span class='ocrx_word' id='word_1_751' title='bbox 3391 4533 3706 4604; x_wconf 81' lang='grc' dir='ltr'><strong>στρατηγοὶ,</strong></span> <span class='ocrx_word' id='word_1_752' title='bbox 3741 4533 3834 4596; x_wconf 78' lang='grc' dir='ltr'><strong>οὓς</strong></span> <span class='ocrx_word' id='word_1_753' title='bbox 3867 4535 4058 4596; x_wconf 72' lang='grc' dir='ltr'><strong>ἀδόλως</strong></span> 
     </span>
    </p>
   </div>
   <div class='ocr_carea' id='block_1_106' title="bbox 2495 4620 4057 4693">
    <p class='ocr_par' dir='ltr' id='par_1_106' title="bbox 2495 4620 4057 4693">
     <span class='ocr_line' id='line_1_106' title="bbox 2495 4620 4057 4693; baseline 0.003 -21"><span class='ocrx_word' id='word_1_754' title='bbox 2495 4620 2778 4673; x_wconf 74' lang='grc' dir='ltr'><strong>συλλαϐεῖν</strong></span> <span class='ocrx_word' id='word_1_755' title='bbox 2823 4623 2922 4674; x_wconf 84' lang='grc' dir='ltr'><strong>οὐκ</strong></span> <span class='ocrx_word' id='word_1_756' title='bbox 2971 4621 3136 4686; x_wconf 74' lang='grc' dir='ltr'><strong>ἔστιν,</strong></span> <span class='ocrx_word' id='word_1_757' title='bbox 3193 4622 3565 4692; x_wconf 79' lang='grc' dir='ltr'><strong>ἐνεδρεύοντες</strong></span> <span class='ocrx_word' id='word_1_758' title='bbox 3624 4625 3928 4693; x_wconf 74' lang='grc' dir='ltr'><strong>κατορθοῦν</strong></span> <span class='ocrx_word' id='word_1_759' title='bbox 3980 4625 4057 4676; x_wconf 83' lang='grc' dir='ltr'><strong>δο-</strong></span> 
     </span>
    </p>
   </div>
   <div class='ocr_carea' id='block_1_107' title="bbox 2495 4714 4054 4786">
    <p class='ocr_par' dir='ltr' id='par_1_107' title="bbox 2495 4714 4054 4786">
     <span class='ocr_line' id='line_1_107' title="bbox 2495 4714 4054 4786; baseline 0.001 -20"><span class='ocrx_word' id='word_1_760' title='bbox 2495 4714 2673 4778; x_wconf 85' lang='grc' dir='ltr'><strong>κοῦσι,</strong></span> <span class='ocrx_word' id='word_1_761' title='bbox 2707 4714 2798 4768; x_wconf 70' lang='grc' dir='ltr'><strong>καὶ</strong></span> <span class='ocrx_word' id='word_1_762' title='bbox 2824 4715 2893 4766; x_wconf 73' lang='grc' dir='ltr'><strong>τὰ</strong></span> <span class='ocrx_word' id='word_1_763' title='bbox 2930 4714 3194 4784; x_wconf 86' lang='grc' dir='ltr'><strong>λεγόμενα</strong></span> <span class='ocrx_word' id='word_1_764' title='bbox 3215 4717 3638 4786; x_wconf 83' lang='grc' dir='ltr'><strong>στρατηγήματα</strong></span> <span class='ocrx_word' id='word_1_765' title='bbox 3674 4716 3919 4768; x_wconf 82' lang='grc' dir='ltr'><strong>τοιοῦτον</strong></span> <span class='ocrx_word' id='word_1_766' title='bbox 3952 4718 4054 4784; x_wconf 74' lang='grc' dir='ltr'><strong>ἔχει</strong></span> 
     </span>
    </p>
   </div>
   <div class='ocr_carea' id='block_1_108' title="bbox 2494 4806 4054 4879">
    <p class='ocr_par' dir='ltr' id='par_1_108' title="bbox 2494 4806 4054 4879">
     <span class='ocr_line' id='line_1_108' title="bbox 2494 4806 4054 4879; baseline 0.002 -22"><span class='ocrx_word' id='word_1_767' title='bbox 2494 4806 2671 4875; x_wconf 83' lang='grc' dir='ltr'><strong>λόγον,</strong></span> <span class='ocrx_word' id='word_1_768' title='bbox 2706 4807 2800 4860; x_wconf 75' lang='grc' dir='ltr'><strong>καὶ</strong></span> <span class='ocrx_word' id='word_1_769' title='bbox 2845 4807 2912 4860; x_wconf 72' lang='grc' dir='ltr'><strong>τὰ</strong></span> <span class='ocrx_word' id='word_1_770' title='bbox 2941 4807 3051 4859; x_wconf 84' lang='grc' dir='ltr'><strong>τῶν</strong></span> <span class='ocrx_word' id='word_1_771' title='bbox 3099 4808 3345 4878; x_wconf 80' lang='grc' dir='ltr'><strong>ἀθλητῶν</strong></span> <span class='ocrx_word' id='word_1_772' title='bbox 3381 4809 3759 4879; x_wconf 80' lang='grc' dir='ltr'><strong>ἀγωνίσματα.</strong></span> <span class='ocrx_word' id='word_1_773' title='bbox 3801 4812 3911 4863; x_wconf 79' lang='lat' dir='ltr'><strong>Kal</strong></span> <span class='ocrx_word' id='word_1_774' title='bbox 3955 4810 4054 4877; x_wconf 76' lang='grc' dir='ltr'><strong>γὰρ</strong></span> 
     </span>
    </p>
   </div>
   <div class='ocr_carea' id='block_1_109' title="bbox 2498 4899 3596 4971">
    <p class='ocr_par' dir='ltr' id='par_1_109' title="bbox 2498 4899 3596 4971">
     <span class='ocr_line' id='line_1_109' title="bbox 2498 4899 3596 4971; baseline 0.004 -19"><span class='ocrx_word' id='word_1_775' title='bbox 2498 4901 2588 4953; x_wconf 77' lang='grc' dir='ltr'><strong>ἐπὶ</strong></span> <span class='ocrx_word' id='word_1_776' title='bbox 2613 4899 2816 4953; x_wconf 84' lang='grc' dir='ltr'><strong>τούτων</strong></span> <span class='ocrx_word' id='word_1_777' title='bbox 2844 4901 2876 4971; x_wconf 76' lang='grc' dir='ltr'><strong>ἡ</strong></span> <span class='ocrx_word' id='word_1_778' title='bbox 2899 4901 3080 4971; x_wconf 77' lang='grc' dir='ltr'><strong>ἀπάτη</strong></span> <span class='ocrx_word' id='word_1_779' title='bbox 3107 4902 3417 4970; x_wconf 82' lang='grc' dir='ltr'><strong>νενόμισται</strong></span> <span class='ocrx_word' id='word_1_780' title='bbox 3448 4902 3596 4956; x_wconf 75' lang='grc' dir='ltr'><strong>ἴδιον.</strong></span> 
     </span>
    </p>
   </div>
   <div class='ocr_carea' id='block_1_110' title="bbox 2498 5075 4056 5174">
    <p class='ocr_par' dir='ltr' id='par_1_110' title="bbox 2498 5075 4056 5174">
     <span class='ocr_line' id='line_1_110' title="bbox 2498 5075 4056 5174; baseline -0.004 -15"><span class='ocrx_word' id='word_1_781' title='bbox 2498 5075 2674 5159; x_wconf 68' lang='lat' dir='ltr'><strong>Tum.</strong></span> <span class='ocrx_word' id='word_1_782' title='bbox 2711 5107 2844 5158; x_wconf 70' lang='grc' dir='ltr'><strong>κη’.</strong></span> <span class='ocrx_word' id='word_1_783' title='bbox 2877 5136 2943 5145; x_wconf 89' lang='grc'><strong><em>-</em></strong></span> <span class='ocrx_word' id='word_1_784' title='bbox 2974 5106 3107 5173; x_wconf 75' lang='grc' dir='ltr'><strong>Περὶ</strong></span> <span class='ocrx_word' id='word_1_785' title='bbox 3129 5108 3546 5174; x_wconf 51' lang='lat' dir='ltr'><strong>amatam-mc.</strong></span> <span class='ocrx_word' id='word_1_786' title='bbox 3575 5104 3670 5158; x_wconf 80' lang='grc' dir='ltr'><strong>καί</strong></span> <span class='ocrx_word' id='word_1_787' title='bbox 3699 5103 4056 5170; x_wconf 49' lang='lat' dir='ltr'><strong>necaret-10¢</strong></span> 
     </span>
    </p>
   </div>
   <div class='ocr_carea' id='block_1_111' title="bbox 2569 5175 4052 5243">
    <p class='ocr_par' dir='ltr' id='par_1_111' title="bbox 2569 5175 4052 5243">
     <span class='ocr_line' id='line_1_111' title="bbox 2569 5175 4052 5243; baseline -0.001 -15"><span class='ocrx_word' id='word_1_788' title='bbox 2569 5177 2856 5243; x_wconf 76' lang='grc' dir='ltr'><strong>ἀπόκριον</strong></span> <span class='ocrx_word' id='word_1_789' title='bbox 2877 5193 2890 5206; x_wconf 76' lang='grc' dir='ltr'><strong>ο</strong></span> <span class='ocrx_word' id='word_1_790' title='bbox 2921 5176 3043 5243; x_wconf 72' lang='lat' dir='ltr'><strong>(sic)</strong></span> <span class='ocrx_word' id='word_1_791' title='bbox 3067 5176 3161 5227; x_wconf 80' lang='grc' dir='ltr'><strong>καὶ</strong></span> <span class='ocrx_word' id='word_1_792' title='bbox 3197 5176 3284 5227; x_wconf 83' lang='grc' dir='ltr'><strong>ὅτι</strong></span> <span class='ocrx_word' id='word_1_793' title='bbox 3311 5177 3342 5226; x_wconf 88' lang='grc' dir='ltr'><em>ὀ</em></span> <span class='ocrx_word' id='word_1_794' title='bbox 3368 5175 3476 5226; x_wconf 74' lang='grc' dir='ltr'><strong>τι²ν</strong></span> <span class='ocrx_word' id='word_1_795' title='bbox 3509 5176 3814 5226; x_wconf 68' lang='grc' dir='ltr'><strong>σταλέντα</strong></span> <span class='ocrx_word' id='word_1_796' title='bbox 3855 5175 4052 5238; x_wconf 68' lang='grc' dir='ltr'><strong>ἐξω-θ-</strong></span> 
     </span>
    </p>
   </div>
   <div class='ocr_carea' id='block_1_112' title="bbox 2567 5245 3628 5313">
    <p class='ocr_par' dir='ltr' id='par_1_112' title="bbox 2567 5245 3628 5313">
     <span class='ocr_line' id='line_1_112' title="bbox 2567 5245 3628 5313; baseline -0.002 -15"><span class='ocrx_word' id='word_1_797' title='bbox 2567 5247 2738 5312; x_wconf 76' lang='grc' dir='ltr'><strong>ενὼν,</strong></span> <span class='ocrx_word' id='word_1_798' title='bbox 2776 5247 2877 5299; x_wconf 86' lang='grc' dir='ltr'><strong>τοῦ</strong></span> <span class='ocrx_word' id='word_1_799' title='bbox 2905 5248 3252 5313; x_wconf 78' lang='grc' dir='ltr'><strong>πέμψαντος</strong></span> <span class='ocrx_word' id='word_1_800' title='bbox 3288 5245 3628 5312; x_wconf 64' lang='grc' dir='ltr'><strong>περιφρονεῖ</strong></span> 
     </span>
    </p>
   </div>
   <div class='ocr_carea' id='block_1_113' title="bbox 2575 5353 4054 5427">
    <p class='ocr_par' dir='ltr' id='par_1_113' title="bbox 2575 5353 4054 5427">
     <span class='ocr_line' id='line_1_113' title="bbox 2575 5353 4054 5427; baseline -0.001 -19"><span class='ocrx_word' id='word_1_801' title='bbox 2575 5377 2591 5408; x_wconf 81' lang='grc' dir='ltr'><strong>ι</strong></span> <span class='ocrx_word' id='word_1_802' title='bbox 2621 5359 2829 5427; x_wconf 80' lang='grc' dir='ltr'><strong>Ὥσπερ</strong></span> <span class='ocrx_word' id='word_1_803' title='bbox 2856 5355 3028 5420; x_wconf 76' lang='grc' dir='ltr'><strong>ἔξοδος</strong></span> <span class='ocrx_word' id='word_1_804' title='bbox 3056 5355 3228 5425; x_wconf 80' lang='grc' dir='ltr'><strong>χιόνος</strong></span> <span class='ocrx_word' id='word_1_805' title='bbox 3250 5355 3306 5407; x_wconf 79' lang='grc' dir='ltr'><strong>ἐν</strong></span> <span class='ocrx_word' id='word_1_806' title='bbox 3326 5353 3520 5424; x_wconf 86' lang='grc' dir='ltr'><strong>ἀμητῴ</strong></span> <span class='ocrx_word' id='word_1_807' title='bbox 3547 5355 3687 5408; x_wconf 79' lang='grc' dir='ltr'><strong>κατά</strong></span> <span class='ocrx_word' id='word_1_808' title='bbox 3706 5355 3897 5422; x_wconf 79' lang='grc' dir='ltr'><strong>καῦμα</strong></span> <span class='ocrx_word' id='word_1_809' title='bbox 3922 5358 4054 5424; x_wconf 78' lang='grc' dir='ltr'><strong>ὠφε-</strong></span> 
     </span>
    </p>
   </div>
   <div class='ocr_carea' id='block_1_114' title="bbox 2499 5444 4053 5516">
    <p class='ocr_par' dir='ltr' id='par_1_114' title="bbox 2499 5444 4053 5516">
     <span class='ocr_line' id='line_1_114' title="bbox 2499 5444 4053 5516; baseline -0.002 -15"><span class='ocrx_word' id='word_1_810' title='bbox 2499 5449 2600 5512; x_wconf 81' lang='grc' dir='ltr'><strong>λεῖ,</strong></span> <span class='ocrx_word' id='word_1_811' title='bbox 2629 5448 2800 5510; x_wconf 75' lang='grc' dir='ltr'><strong>οὕτως</strong></span> <span class='ocrx_word' id='word_1_812' title='bbox 2831 5447 3059 5516; x_wconf 74' lang='grc' dir='ltr'><strong>ἄγγελος</strong></span> <span class='ocrx_word' id='word_1_813' title='bbox 3089 5446 3278 5508; x_wconf 82' lang='grc' dir='ltr'><strong>πιστὸς</strong></span> <span class='ocrx_word' id='word_1_814' title='bbox 3307 5444 3698 5499; x_wconf 74' lang='grc' dir='ltr'><strong>ἀποστείλαντα</strong></span> <span class='ocrx_word' id='word_1_815' title='bbox 3727 5447 3913 5500; x_wconf 64' lang='grc' dir='ltr'><strong>αὖτέ-ι.</strong></span> <span class='ocrx_word' id='word_1_816' title='bbox 3946 5447 4053 5498; x_wconf 64' lang='lat'><strong>&#39;1&quot;.-</strong></span> 
     </span>
    </p>
   </div>
   <div class='ocr_carea' id='block_1_115' title="bbox 2499 5537 3660 5612">
    <p class='ocr_par' dir='ltr' id='par_1_115' title="bbox 2499 5537 3660 5612">
     <span class='ocr_line' id='line_1_115' title="bbox 2499 5537 3660 5612; baseline -0.006 -18"><span class='ocrx_word' id='word_1_817' title='bbox 2499 5541 2599 5610; x_wconf 85' lang='grc' dir='ltr'><strong>χάς</strong></span> <span class='ocrx_word' id='word_1_818' title='bbox 2625 5541 2730 5612; x_wconf 87' lang='grc' dir='ltr'><strong>γάρ</strong></span> <span class='ocrx_word' id='word_1_819' title='bbox 2761 5540 2867 5592; x_wconf 84' lang='grc' dir='ltr'><strong>τῶν</strong></span> <span class='ocrx_word' id='word_1_820' title='bbox 2893 5539 3038 5592; x_wconf 71' lang='grc' dir='ltr'><strong>αὑτῶ</strong></span> <span class='ocrx_word' id='word_1_821' title='bbox 3066 5539 3360 5610; x_wconf 85' lang='grc' dir='ltr'><strong>χρωμένων</strong></span> <span class='ocrx_word' id='word_1_822' title='bbox 3382 5537 3599 5604; x_wconf 67' lang='grc' dir='ltr'><strong>ὠφελεῖ.</strong></span> <span class='ocrx_word' id='word_1_823' title='bbox 3644 5557 3660 5587; x_wconf 82' lang='grc' dir='ltr'><strong>ι</strong></span> 
     </span>
    </p>
   </div>
   <div class='ocr_carea' id='block_1_116' title="bbox 2576 5716 4049 5790">
    <p class='ocr_par' dir='ltr' id='par_1_116' title="bbox 2576 5716 4049 5790">
     <span class='ocr_line' id='line_1_116' title="bbox 2576 5716 4049 5790; baseline -0.009 -12"><span class='ocrx_word' id='word_1_824' title='bbox 2576 5745 2593 5777; x_wconf 76' lang='grc' dir='ltr'><strong>ι</strong></span> <span class='ocrx_word' id='word_1_825' title='bbox 2638 5725 2731 5778; x_wconf 87' lang='grc' dir='ltr'><strong>Ἐκ</strong></span> <span class='ocrx_word' id='word_1_826' title='bbox 2753 5726 2856 5777; x_wconf 84' lang='grc' dir='ltr'><strong>τῶν</strong></span> <span class='ocrx_word' id='word_1_827' title='bbox 2875 5722 3067 5776; x_wconf 78' lang='grc' dir='ltr'><strong>ἑαυτοῦ</strong></span> <span class='ocrx_word' id='word_1_828' title='bbox 3100 5721 3235 5775; x_wconf 79' lang='grc' dir='ltr'><strong>ὁδῶν</strong></span> <span class='ocrx_word' id='word_1_829' title='bbox 3261 5721 3460 5783; x_wconf 73' lang='grc' dir='ltr'><strong>ὄνειδος</strong></span> <span class='ocrx_word' id='word_1_830' title='bbox 3484 5720 3845 5790; x_wconf 73' lang='grc' dir='ltr'><strong>περιποιεῖται</strong></span> <span class='ocrx_word' id='word_1_831' title='bbox 3874 5719 3901 5768; x_wconf 86' lang='grc' dir='ltr'><strong>ὁ</strong></span> <span class='ocrx_word' id='word_1_832' title='bbox 3929 5716 4049 5767; x_wconf 72' lang='grc' dir='ltr'><strong>ἀτο-</strong></span> 
     </span>
    </p>
   </div>
   <div class='ocr_carea' id='block_1_117' title="bbox 2505 5813 3597 5885">
    <p class='ocr_par' dir='ltr' id='par_1_117' title="bbox 2505 5813 3597 5885">
     <span class='ocr_line' id='line_1_117' title="bbox 2505 5813 3597 5885; baseline -0.009 -14"><span class='ocrx_word' id='word_1_833' title='bbox 2505 5817 2733 5871; x_wconf 79' lang='grc' dir='ltr'><strong>στὲλλων</strong></span> <span class='ocrx_word' id='word_1_834' title='bbox 2763 5817 2826 5870; x_wconf 79' lang='grc' dir='ltr'><strong>δι’</strong></span> <span class='ocrx_word' id='word_1_835' title='bbox 2857 5817 3083 5884; x_wconf 75' lang='grc' dir='ltr'><strong>ἀγγέλου</strong></span> <span class='ocrx_word' id='word_1_836' title='bbox 3101 5815 3330 5885; x_wconf 80' lang='grc' dir='ltr'><strong>ἄφρονος</strong></span> <span class='ocrx_word' id='word_1_837' title='bbox 3357 5813 3529 5876; x_wconf 81' lang='grc' dir='ltr'><strong>λόγον.</strong></span> <span class='ocrx_word' id='word_1_838' title='bbox 3579 5829 3597 5861; x_wconf 72' lang='grc' dir='ltr'><strong>ι</strong></span> 
     </span>
    </p>
   </div>
  </div>
