4218 6446
213 420 351 488 1229

1489 409 1721 473 SACRA
1745 408 2210 468 PARALLELA.

3309 404 3445 467 1230

349 536 409 587 '0
435 532 718 601 δεχόμενος
757 528 920 599 ὑμᾶς,
952 527 1051 597 ἐμε
1080 526 1325 595 δέχεται·
1352 524 1446 577 καὶ
1489 526 1517 577 ὀ
1551 524 1651 593 ἐμὲ
1677 523 1765 575 δε·
1798 525 1843 580 Α
1943 538 2015 591 Μι

1798 525 1843 580 Α
1943 538 2139 593 Matth.
2176 556 2228 603 χ,
2271 538 2357 591 40.
2387 567 2456 576 -—
2492 558 2509 589 ι
2541 536 2645 603 Qui
2682 550 2778 591 vos
2812 534 3033 605 recrpil,
3085 548 3172 587 me
3207 536 3397 604 recipit
3428 554 3440 588 :

209 630 455 701 χόμενος,
477 626 687 694 δέχεται
716 622 806 674 τὸν
828 619 1219 675 ἀποστείλαντά
1244 636 1330 689 με.
1370 636 1389 668 ι

284 723 352 774 ’Δ
374 717 628 789 πρέσϐεις
653 713 1001 783 ὑπομένουσι,
1028 712 1120 763 ἐπὶ
1138 712 1265 775 τοὺς
1287 708 1609 780 πέμψαντας
1632 708 1698 761 λα
1706 725 1766 777 μ-

210 814 361 868 ϐἀνει
398 814 497 884 τὴν
528 811 824 883 ἀναφοράν.

268 926 450 981 ΤΙΤΛ.
475 922 601 980 ΚΘ’.
643 927 781 994 Περὶ
823 922 1326 1009 ἀγκωμονούντων
1378 918 1475 970 καί
1509 918 1714 986 ἀχαρι-

799 1010 1124 1048 στουντων.

284 1111 304 1143 ι
352 1090 441 1159 Τῷ
468 1087 597 1159 μηνὶ
617 1086 697 1159 τῷ
732 1086 943 1157 ὲὸδόμῳ
983 1081 1145 1156 ἦλθεν
1189 1082 1412 1153 Ἰσμαὴλ
1443 1083 1556 1143 υἱὸς
1581 1080 1769 1133 Ναθα-

207 1184 325 1237 νίου
355 1186 418 1236 ἐκ
440 1180 532 1235 τοῦ
556 1181 868 1251 σπέρματος
906 1178 1012 1232 τῶν
1039 1176 1324 1247 βασιλέων,
1369 1176 1463 1227 καὶ
1504 1174 1635 1226 δέκα
1674 1172 1770 1225 ἄν-

216 1280 335 1348 δρες
388 1275 505 1347 μετ’
536 1271 721 1337 αὐτοῦ,
756 1270 853 1325 καὶ
898 1270 1174 1335 ἐπάταξαν
1224 1270 1314 1321 τὸν
1363 1266 1630 1330 Γοδολίαν,
1677 1266 1769 1318 καὶ

215 1366 479 1420 ἀπέθανεν
497 1382 511 1396 ο
539 1365 632 1417 καὶ
659 1365 784 1427 τοὺς
825 1362 1131 1424 Ἰουδαίους,
1162 1362 1256 1414 καὶ
1294 1360 1419 1422 τοὺς
1444 1358 1767 1422 Χαλδαίους,

216 1458 260 1511 σῖ
297 1454 437 1527 ἦσαν
472 1457 587 1526 μετ’
614 1453 777 1508 αὐτοῦ
809 1456 887 1517 εἰς
914 1452 1159 1520 Μασιφά.
1204 1470 1223 1501 ι

282 1549 462 1616 Σχόλ.
491 1540 658 1609 Οὗτος
680 1546 837 1614 λόγον
867 1543 1043 1597 λαϐὼν
1068 1542 1354 1605 ἀπαθείας,
1377 1541 1466 1595 τὸν
1498 1540 1771 1594 δεδωκότα

208 1642 408 1695 ἀνεῖλε.

288 1755 307 1787 ι
361 1734 584 1802 Πνεῦμα
628 1730 833 1805 Κυρίου
874 1732 1088 1785 ἐνέδυσε
1126 1730 1219 1782 τὸν
1267 1728 1524 1799 Ἀζαρίαν
1560 1729 1651 1781 τὸν
1679 1729 1769 1781 τοῦ

222 1828 401 1882 Ἰωδαέ
433 1827 521 1880 τὸν
581 1825 756 1895 ἱερέα,
792 1825 885 1878 καὶ
917 1824 1113 1892 ἀνέστη
1145 1824 1329 1877 ἐπάνω
1356 1821 1451 1874 τοῦ
1489 1822 1643 1887 λαοῦ,
1675 1823 1770 1875 καὶ

211 1913 365 1972 εἶπεν
392 1935 405 1948 °
435 1917 571 1971 Τάδε
624 1914 771 1985 λέγει
804 1914 1041 1983 Κύριος·
1074 1914 1139 1966 Τί
1182 1910 1630 1981 παραπορεύεσθε
1672 1911 1770 1973 τὰς

208 2010 424 2071 ἐντολὰς
445 2007 540 2061 τοῦ
576 2008 781 2080 Κυρίου
808 2024 823 2070 ;
849 2008 945 2061 καὶ
973 2008 1070 2060 οὐκ
1101 2004 1524 2073 εὐοδωθήσεσθε,
1566 2005 1648 2057 ὅτι
1678 2005 1771 2071 ἐγ-

206 2100 527 2159 κατελίπετε
558 2100 647 2153 τὸν
677 2100 900 2169 Κύριον.
925 2100 1031 2152 Καὶ
1058 2097 1435 2168 ἐλιθοϐόλησαν
1465 2097 1531 2149 δι’
1554 2095 1773 2164 ἐντολῆς

225 2196 373 2257 Ἰωάς
414 2193 507 2247 τοῦ
534 2193 794 2265 βασιλέως
828 2196 884 2246 ἐν
923 2193 1057 2263 αὐλῇ
1096 2191 1246 2245 οἴκου
1282 2191 1507 2261 Κυρίου.
1542 2189 1651 2241 Καὶ
1676 2189 1774 2241 οὐκ

209 2287 454 2358 ἐμνήσθη
499 2286 651 2349 Ἰωάς
699 2285 793 2339 τοῦ
846 2285 1050 2349 ἐλέους,
1091 2278 1151 2337 οὖ
1194 2283 1413 2351 ἐποίησε
1460 2281 1577 2351 μετ’
1607 2280 1772 2335 αὐτοῦ

225 2380 401 2434 Ἰωδαὲ
444 2381 475 2432 ὁ
522 2380 706 2450 πατὴρ
776 2377 962 2440 αὐτοῦ,
1020 2377 1113 2432 καὶ
1162 2376 1470 2430 ἐθανάτωσε
1525 2375 1616 2426 τὸν
1662 2375 1774 2427 υἱὸν

219 2469 396 2525 ιύτοῦ.
425 2470 533 2523 Καὶ
562 2469 638 2531 ὼς
665 2469 1028 2539 ἀπέθνησκεν,
1053 2463 1206 2521 εἶπεν
1228 2484 1239 2496 ·
1272 2466 1401 2518 Ἴδοι
1430 2464 1652 2535 Κύριος,
1687 2465 1776 2517 καὶ

210 2561 473 2635 κρινάτω.
531 2562 641 2615 Καὶ
698 2560 917 2629 ἐγένετο
965 2548 1111 2631 μετά⁸
1154 2558 1424 2622 ἐνιαυτὸν,
1458 2557 1623 2626 ἀνέϐη
1688 2558 1773 2607 ἐπ’

206 2654 374 2708 αὑτὸν
400 2652 630 2722 δύναμις
684 2653 904 2722 Συρίας,
951 2651 1044 2703 καὶ
1093 2650 1185 2703 ἐπὶ
1250 2649 1625 2719 Ἰερουσαλὴμ,
1683 2650 1776 2701 xxi.

210 2745 537 2816 κατέφθειρε
557 2746 786 2806 πάντας.
830 2763 849 2795 ι

291 2945 311 2977 ι
362 2922 808 2977 Ἀνταπεδίδοσάν
857 2938 946 2993 μοι
990 2920 1201 2990 πονηρά
1235 2920 1358 2972 ἀντὶ
1411 2918 1649 2987 ἀγαθῶν,
1683 2920 1776 2970 καὶ

211 3017 489 3072 ἀτεκνίαν.
535 3036 552 3067 ι

294 3126 314 3159 ι
355 3106 499 3159 Ἀντὶ
520 3104 636 3169 τοῦ,
683 3105 925 3174 Ἀγαπᾷν
956 3121 1023 3173 με
1056 3103 1354 3157 ἐνδιὲϐαλόν
1385 3121 1472 3175 με.
1514 3123 1533 3155 ι

296 3311 315 3344 ι
356 3294 450 3353 ’ος
468 3288 756 3342 ἀποδίδωσι
793 3287 942 3341 κακά
982 3288 1103 3340 ἀντὶ
1132 3286 1371 3354 ἀγαθῶν,
1413 3287 1513 3339 οὐκ
1556 3286 1779 3357 ἐνεχθῆ-

216 3403 376 3441 σεται
405 3384 551 3437 κακά
580 3384 645 3435 ἐκ
671 3381 767 3435 τοῦ
798 3380 947 3433 οἴκου
978 3380 1163 3433 αὐτοῦ.
1200 3399 1219 3430 ι

297 3496 317 3531 ι
356 3474 798 3544 Ἀκουε,οὐρανὲ,
821 3475 915 3526 καὶ
937 3474 1207 3539 ἐνωτίζου,
1226 3474 1319 3543 γῆ,
1335 3474 1416 3526 ὅτι
1442 3474 1641 3542 Κύριος
1664 3475 1785 3526 ἐλά-

215 3570 404 3639 λησεν·
441 3568 601 3629 Υἱοὺς
622 3564 907 3635 ἐγέννησα,
935 3563 1029 3615 καὶ
1055 3562 1265 3631 ὖψωσα,
1297 3563 1449 3616 αὐτοὶ
1470 3562 1526 3615 δέ
1569 3581 1634 3632 με
1654 3564 1782 3634 ἠθέ-

215 3679 413 3734 τησαν.
444 3678 465 3712 ι

296 3773 316 3807 ς
360 3752 678 3823 Ἀχαρίστου
717 3750 871 3813 ἐλπὶς
916 3749 991 3812 ὼς
1022 3748 1300 3819 χειμέριος
1331 3750 1510 3819 πάχνη
1554 3750 1785 3820 τακήσε-

214 3863 329 3909 ται,
362 3844 456 3897 καὶ
484 3843 743 3914 ρυήσεται
776 3840 853 3904 ὡς
882 3840 1026 3911 ὕδωρ
1046 3841 1332 3912 ἄχρηστον.
1374 3860 1392 3891 ι

300 4039 319 4073 ι
371 4016 571 4086 Ἀγαθά
600 4018 797 4086 ἐγγύου
840 4016 1132 4087 ἀνατρέψει
1165 4017 1507 4088 ἁμαρτωλὸς,
1537 4019 1630 4072 καὶ
1654 4020 1785 4089 ἀχά-

216 4127 403 4182 ριστος
441 4112 498 4161 ἐν
536 4109 738 4178 διανοίᾳ
783 4108 1165 4177 ἐγκαταλείψει
1204 4109 1531 4178 ῥυσάμενον.
1576 4109 1783 4175 Ξενιεῖς

214 4204 316 4256 καὶ
357 4204 560 4264 ποτιεῖς
585 4200 896 4271 ἀχάριστον,
929 4201 1023 4252 καὶ
1067 4201 1202 4270 πρὸς
1248 4202 1339 4254 ἐπὶ
1385 4201 1559 4272 τούτῳ
1609 4206 1782 4272 πικρά

214 4293 495 4356 ἀκούσεις.
537 4313 554 4344 ι
1512 4286 1555 4305 ’⁵

297 4419 319 4447 ι’
344 4408 543 4472 Δεινδν,
573 4407 665 4460 τὸν
694 4407 1058 4477 εὐεργηθέντα
1079 4408 1173 4461 καὶ
1201 4411 1319 4470 ταῖς
1344 4410 1626 4479 μεγίσταις
1648 4412 1782 4463 ὑπό-

214 4516 395 4570 χρεων
426 4498 633 4568 χάρισι,
662 4499 797 4569 πρὸς
837 4498 913 4569 τῷ
954 4500 1254 4569 ἀχαρίστῳ,
1283 4499 1363 4551 ἔτι
1400 4502 1494 4552 καὶ
1548 4500 1775 4571 ὕϐρεως,

215 4588 315 4641 καὶ
363 4587 584 4656 ἀτιμίας
632 4589 920 4657 κατᾶρξαι.
969 4589 1149 4643 Δεινὺν
1190 4591 1287 4659 μέν
1314 4606 1327 4617 ·
1375 4591 1509 4643 ἀλλά
1554 4593 1629 4662 τῷ
1664 4612 1780 4646 ποι-

215 4678 369 4730 οῦντι
400 4678 581 4748 μεῖζόν
609 4681 725 4733 ἐστι
756 4680 942 4747 κακὸν,
978 4682 1011 4752 ἢ
1044 4681 1119 4750 τῷ
1152 4682 1429 4751 πάσχοντι.
1475 4683 1779 4756 ’Υπερόολὴ

216 4769 382 4822 τοῦτό
399 4787 459 4837 γε
488 4771 898 4841 ἀγνωμοσύνης,
930 4773 1029 4842 τὴν
1060 4773 1470 4845 φιλανθρωπίαν
1499 4774 1591 4827 τοῦ
1622 4777 1781 4846 εὐερ-

218 4861 383 4927 γέτου
407 4860 658 4929 ἀφορμὴν
686 4861 1006 4931 ἀχαριστίας
1040 4864 1329 4915 ποιεῖσθαι.

298 5061 320 5088 ⁸
356 5054 601 5126 Ὀρῶμεν
629 5057 853 5119 πολλοὺς
882 5058 989 5111 τῶν
1016 5057 1314 5129 ἀνθρώπων
1347 5060 1483 5129 μετὰ
1508 5062 1606 5124 τὰς
1629 5062 1783 5132 εὐερ-

218 5145 431 5215 γεσίας,
457 5148 708 5217 καθάπερ
726 5150 1093 5220 ἀνδραπόδων,
1113 5152 1253 5203 οὓτω
1277 5153 1371 5204 καὶ
1410 5155 1780 5223 περιορῶντας

220 5240 334 5292 τῶν
373 5242 865 5310 εὐεργετησάντων,
898 5243 989 5295 καὶ
1036 5243 1135 5306 τὰς
1177 5243 1384 5313 ὀφρύας
1429 5247 1782 5311 ἀνασπῶντας

222 5332 346 5383 κατ’
382 5332 580 5386 αὐτῶν.

295 5446 475 5497 Δεινόν
514 5464 602 5514 μοι
641 5449 674 5518 ἡ
714 5450 1004 5520 ἀχαριστία
1030 5453 1450 5522 καταφαίνεται·
1476 5455 1648 5509 δεινόν
1692 5474 1780 5510 υ.οι

224 5536 322 5587 καὶ
360 5536 639 5591 πάνδεινον

1873 641 1925 685 et
1955 632 2049 702 qui
2085 646 2170 684 mc
2204 630 2420 699 recipit,
2462 631 2793 698 recipiteum
2821 628 2913 696 qui
2947 643 3032 681 me
3066 627 3240 679 misit.
3278 647 3295 678 ι

1942 724 2227 793 Anonymi.
2252 722 2476 787 --Qua:
2520 723 2681 792 legati
2721 722 3034 792 patiuntur,
3073 722 3189 775 hare
3228 721 3281 773 in
3317 721 3443 775 illos

1872 829 1901 867 a
1936 816 2137 885 quibus
2164 814 2316 868 missi
2351 823 2501 878 sunt,
2540 815 2869 867 redundant.

1870 928 2035 999 368
2079 926 2215 981 TIT.
2246 927 2434 981 XXIX.
2468 959 2535 999 -έ
2604 926 2675 981 De
2723 930 2975 997 ingratis,
3020 939 3070 983 et
3123 931 3447 983 mmemori-

2387 1000 2480 1051 bas
2520 998 2916 1065 beneﬁciorum.
3458 1008 3461 1011 '

1942 1086 1972 1140 Ι
2004 1085 2123 1156 Reg.
2165 1103 2290 1150 xxv,
2320 1085 2411 1139 9.3.
2445 1117 2513 1126 —
2544 1107 2562 1136 ι
2598 1085 2783 1139 Mense
2809 1088 3044 1155 septimo
3081 1087 3229 1139 venit
3252 1087 3446 1139 lsmat-l

1874 1173 2018 1225 ﬁlius
2049 1172 2335 1225 Nathaniae
2370 1172 2438 1225 de
2500 1174 2712 1226 semine
2767 1189 2980 1242 regum,
3029 1184 3082 1227 et
3112 1176 3302 1228 decem
3339 1176 3443 1227 viri

1873 1275 1995 1314 cum
2044 1276 2131 1325 eo,
2188 1270 2243 1314 et
2299 1274 2685 1329 percusserunt
2741 1261 3052 1327 Godoliam,
3099 1273 3152 1318 et
3197 1274 3446 1318 inortuus

1872 1364 1955 1408 est
1989 1373 2002 1409 :
2037 1355 2261 1423 insuper
2290 1366 2342 1406 et
2372 1352 2587 1409 Iudaeos
2617 1365 2671 1409 ct
2691 1356 2975 1411 Chaldaeos
3007 1357 3099 1427 qui
3142 1367 3297 1411 erant
3320 1373 3445 1410 eum

1871 1461 1938 1499 eo
1970 1446 2022 1499 in
2055 1446 2325 1514 Masipha.
2370 1466 2388 1496 ι

1949 1539 2127 1596 Schol.
2180 1540 2229 1595 Is
2258 1556 2382 1594 cum
2440 1539 2600 1593 tidem
2655 1543 2980 1606 accepisset,
3032 1542 3169 1594 nihi.
3210 1557 3269 1595 se
3322 1556 3446 1609 per-

1873 1647 2169 1701 pessurum
2200 1634 2350 1697 mali,
2392 1648 2717 1703 sponsorem
2759 1633 3058 1687 interemit.

1945 1724 2009 1777 ll
2038 1723 2225 1778 Paral.
2274 1742 2422 1787 sxw,
2452 1725 2645 1780 20-25.
2673 1755 2743 1764 —
2773 1742 2791 1775 ι
2831 1724 3069 1794 Spiritus
3108 1725 3337 1798 Domini
3360 1728 3448 1781 in—

1872 1815 1989 1869 duit
2014 1816 2331 1870 Zachariam
2369 1817 2542 1870 filium
2576 1815 2781 1870 Joiadte
2813 1817 3175 1881 sacerdotem,
3212 1827 3266 1870 et
3294 1819 3446 1872 stetit

1875 1908 1930 1961 in
1957 1918 2256 1977 conspectu
2311 1909 2520 1977 populi,
2570 1916 2623 1962 et
2660 1909 2737 1961 ait
2774 1927 2787 1963 :
2828 1907 2956 1961 Haec
3008 1909 3142 1961 dicit
3174 1908 3440 1962 Dominus

1875 2002 2020 2054 Deus
2052 2014 2065 2051 :
2104 1998 2285 2064 Quare
2318 2001 2765 2070 transgredimini
2800 2008 3136 2070 praeceptum
3189 1999 3445 2053 Domini?

1874 2100 1929 2144 et
1959 2106 2072 2145 non
2095 2091 2443 2161 [proﬁcietis,
2504 2092 2633 2161 quia
2691 2092 3072 2162 dereliquistis
3129 2088 3442 2147 Dominum.

1875 2182 1942 2237 Et
1975 2184 2185 2254 lapides
2210 2184 2261 2237 in
2295 2200 2419 2239 eum
2454 2186 2728 2239 miserunt
2766 2185 2923 2253 juxta
2976 2185 3266 2253 imperium
3300 2186 3445 2253 regis

1873 2274 2002 2330 Joas
2036 2278 2092 2330 in
2143 2277 2286 2330 atrio
2337 2276 2537 2331 domus
2591 2276 2831 2330 Domini.
2866 2279 2927 2331 Et
2968 2294 3075 2330 non
3119 2276 3446 2331 recordatus

1876 2377 1959 2423 est
2010 2368 2141 2424 Joas
2201 2371 2599 2425 misericordia:
2650 2385 2814 2440 quam
2885 2369 3091 2424 facerat
3140 2386 3265 2424 cum
3325 2371 3448 2438 ipso

1874 2459 2059 2514 Joiada
2112 2473 2265 2530 pater
2303 2461 2469 2525 illius,
2523 2469 2577 2515 et
2638 2460 2915 2515 interfecit
2962 2462 3135 2515 lilium
3171 2462 3311 2530 ejus.
3342 2460 3448 2526 Qui

1875 2567 1999 2607 cum
2042 2558 2370 2612 moreretur,
2424 2550 2614 2605 dixit:
2658 2548 2854 2605 Videat
2893 2551 3180 2615 Dominus,
3219 2560 3271 2605 et
3298 2551 3451 2621 judi-

1876 2652 1983 2698 cet.
2034 2642 2099 2696 Et
2154 2641 2354 2695 factum
2385 2649 2469 2696 est
2504 2649 2630 2710 post
2679 2657 2908 2707 annum,
2945 2643 3194 2696 ascendit
3238 2641 3290 2695 in
3321 2657 3447 2694 eum

1876 2736 2154 2791 exercitus
2186 2734 2381 2807 Syriae,
2415 2745 2469 2790 et
2510 2736 2567 2788 in
2610 2733 2936 2796 Jerusalem,
2989 2743 3044 2789 et
3078 2747 3308 2789 cunctos
3362 2750 3450 2789 oc-

1878 2827 2151 2882 ciderunt.
2192 2846 2212 2879 ι

1948 2919 2095 2974 Psal.
2141 2936 2330 2984 xxxiv,
2380 2919 2465 2972 12.
2496 2951 2565 2958 —
2597 2939 2615 2971 ι
2672 2920 3071 2974 neti-iuuerunt
3132 2919 3266 2972 mihi
3303 2919 3448 2972 mala

1878 3026 1976 3080 pro
2014 3012 2195 3072 bonis,
2225 3019 2280 3065 et
2303 3012 2674 3077 sterilitatem,
2711 3030 2729 3061 ι
2766 3020 2868 3065 etc.

1945 3105 2095 3159 Psal.
2120 3119 2271 3169 cvm,
2307 3105 2361 3158 4.
2388 3133 2460 3145 -
2490 3121 2509 3154 ι
2546 3103 2652 3156 Pro
2678 3117 2743 3157 eo
2792 3114 2850 3158 ut
2879 3120 2964 3159 me
2997 3104 3312 3173 diligerent,
3353 3103 3452 3157 de-

1806 3222 1850 3279 C
1883 3197 2169 3251 trahebant
2203 3195 2355 3249 mihi.
2402 3213 2420 3244 ι

1950 3287 2109 3341 Prov.
2145 3301 2279 3350 XVII,
2335 3284 2420 3339 15.
2455 3314 2522 3325 -
2549 3301 2567 3335 ι
2606 3281 2709 3348 Qui
2742 3283 3001 3337 retribuit
3047 3285 3185 3337 mala
3216 3301 3315 3355 pro
3356 3291 3451 3342 bo-

1884 3380 1996 3445 nis,
2029 3394 2137 3433 non
2176 3376 2499 3431 auferentur
2539 3376 2681 3428 mala
2707 3376 2774 3429 de
2801 3376 2969 3429 domo
3003 3376 3147 3445 ejus.
3181 3396 3198 3428 ι

1946 3471 2057 3525 Isa.
2096 3487 2133 3534 ι,
2161 3470 2212 3523 1.
2244 3497 2314 3507 -
2337 3485 2356 3518 ι
2398 3464 2561 3532 Audi,
2603 3464 2824 3529 coelum,
2858 3475 2913 3519 et
2947 3469 3219 3528 ausculta,
3281 3477 3449 3548 terra.

1883 3564 2011 3633 quia
2045 3561 2307 3615 Dominus
2342 3559 2560 3613 locutus
2595 3565 2701 3611 est.
2729 3555 2903 3611 Filios
2931 3558 3167 3612 enutrivi
3199 3567 3252 3611 et
3293 3561 3448 3613 exai-

1882 3654 1990 3709 tavi
2021 3674 2036 3709 :
2069 3654 2172 3723 ipsi
2203 3659 2385 3705 autem
2420 3657 2749 3719 spreverunt
2783 3664 2886 3703 me.
2922 3669 2940 3701 ι

1953 3745 2082 3814 Sap.
2120 3760 2231 3809 xw,
2263 3743 2354 3798 29.
2388 3775 2453 3784 —
2486 3760 2505 3794 ι
2537 3742 2742 3813 Ingrati
2803 3756 2930 3811 spes
2981 3750 3238 3811 tanquam
3277 3744 3454 3799 hiber-

1884 3840 2027 3894 nalis
2061 3840 2254 3907 pruina
2289 3837 2555 3899 tabescet,
2596 3843 2651 3889 et
2695 3834 2825 3888 ﬂuet
2873 3844 3133 3904 tanquam
3173 3851 3313 3906 aqua
3367 3838 3452 3891 in-

1883 3932 2055 3986 utilis.
2104 3951 2121 3983 ι

1946 4024 2116 4077 Eccli.
2151 4038 2304 4085 xxix,
2330 4021 2417 4087 ιο,
2450 4020 2539 4074 ⁸52.
2572 4050 2640 4061 --
2676 4036 2694 4069 ι
2732 4019 2885 4072 Bona
2922 4021 3266 4089 iidejussoris
3294 4037 3452 4075 ever-

1883 4126 1959 4172 tet
1986 4126 2291 4187 peccator:
2336 4122 2390 4168 et
2444 4114 2699 4181 ingratus
2748 4113 2803 4166 in
2862 4122 3045 4167 mente
3097 4114 3448 4183 derelinquet

1882 4228 2006 4269 eum
2036 4226 2066 4265 a
2107 4226 2218 4281 quo
2247 4211 2509 4264 liberatus
2541 4218 2644 4264 est.
2698 4207 3101 4277 Hospitaberis,
3137 4218 3192 4263 et
3230 4224 3445 4277 pasces,

1882 4314 1937 4361 et
1966 4303 2185 4375 potabis
2210 4303 2492 4373 ingratos;
2517 4312 2572 4355 et
2603 4311 2791 4371 postea
2821 4314 3006 4353 amara
3037 4300 3246 4354 audies.
3282 4317 3300 4350 ›

1949 4414 2158 4469 Βαείιξξ.
2193 4412 2458 4467 --Grave
2508 4423 2594 4467 est
2619 4428 2742 4467 eum
2791 4411 2887 4481 qui
2926 4411 3206 4467 beneﬁciis
3243 4411 3450 4467 obstri-

1882 4517 2005 4562 ctus
2034 4514 2140 4573 est,
2163 4517 2213 4561 et
2249 4507 2549 4577 gratiarum
2574 4505 2937 4558 maximarum
2970 4519 3115 4567 reus,
3142 4520 3254 4559 non
3285 4506 3451 4559 modo

1884 4601 2158 4669 ingratum
2198 4614 2341 4661 esse,
2378 4612 2568 4651 verum
2610 4597 2776 4650 etiam
2827 4596 3193 4650 contumelias
3228 4604 3281 4649 et
3320 4611 3447 4665 pro-

1884 4692 2003 4754 bra,
2038 4690 2357 4761 rependere.
2391 4688 2594 4753 Grave,
2642 4690 2891 4757 inquam,
2948 4686 3093 4740 istud
3127 4696 3241 4742 est:
3285 4697 3341 4740 at
3370 4687 3450 4740 fa—

1883 4779 2052 4833 cienti
2087 4778 2309 4847 gravius
2351 4779 2554 4830 malum
2602 4786 2707 4837 est,
2750 4792 2913 4844 quam
2958 4777 3211 4844 patienti.
3245 4776 3449 4845 Ingrati

1886 4871 2027 4923 ultra
2059 4870 2279 4923 modum
2316 4869 2483 4921 animi
2517 4876 2619 4930 est,
2653 4883 2717 4921 ex
2758 4867 3165 4921 benemerenlis
3206 4868 3454 4921 liuinani-

1884 4968 1995 5015 tate
2022 4961 2221 5031 ingrati
2256 4960 2427 5013 animi
2453 4974 2647 5013 noxam
2680 4958 2921 5012 trahere.

1955 5069 2225 5140 Chrysoat.
2246 5101 2317 5110 —
2338 5070 2536 5125 Multos
2566 5070 2817 5124 homines
2864 5070 3138 5133 videmus,
3169 5072 3261 5139 qui
3298 5079 3451 5135 post-

1884 5177 2045 5232 quam
2086 5161 2264 5215 aﬂecti
2312 5162 2591 5216 beneliciis
2635 5160 2860 5225 fuerint,
2910 5163 3037 5216 illos
3072 5178 3100 5215 a
3137 5165 3339 5231 quibus
3386 5179 3451 5217 ea

1886 5254 2521 5324 acceperintdperinde
2584 5270 2649 5307 ac
2713 5256 3010 5324 mancipia,
3072 5264 3451 5322 contemnant,

1885 5343 2269 5415 adducantque
2296 5344 2563 5399 adversus
2598 5345 2721 5399 illos
2749 5346 3109 5413 supercilium

1960 5456 2117 5525 Greg.
2144 5457 2365 5511 Thaum.
2398 5457 2574 5512 Laud.
2622 5460 2769 5527 Orig.
2794 5477 3057 5514 -urave
3087 5463 3215 5514 mihi
3253 5462 3450 5529 ingrati

1888 5552 2054 5603 animi
2085 5552 2275 5604 vitium
2329 5552 2584 5605 videtur:
2639 5570 2822 5619 grave,
2887 5555 3134 5617 induam,
3188 5572 3250 5608 ac
3296 5558 3449 5623 plane

1890 5656 2298 5708 graVIssunum.

300 5829 324 5858 τ
355 5822 619 5883 Antonius
652 5826 865 5886 Melissa
896 5831 997 5888 hoc
1025 5832 1213 5889 tribuit
1236 5832 1450 5889 Basilio.
1530 5847 1549 5873 ε
1583 5834 1699 5892 iloc
1728 5836 1908 5893 itidem
1946 5853 1975 5891 a
2001 5837 2217 5894 Melissa
2246 5839 2330 5894 bis
2365 5840 2754 5909 Chrysostomo
2792 5840 3049 5894 tribuitur
