4218 6446
199 426 341 490 1233

274 558 293 589 ι
324 538 455 590 Θεὸν
483 538 656 603 οὐδεὶς
682 539 893 614 ἑώρακε
932 541 1170 597 πώποτε.
1194 562 1212 596 ι

273 648 292 679 ι
332 625 498 683 Εἶπεν
529 630 559 682 ὁ
586 632 793 701 Ἰησοῦς
814 632 893 703 τῷ
919 634 1213 706 Νικοδήμῳ
1233 650 1247 665 ⁸
1280 635 1447 706 Ἀμὴν
1475 635 1617 706 λέγω
1652 655 1754 705 σοι,

190 720 290 774 ἐὰν
321 722 395 792 μή
429 740 514 786 τις
544 724 779 795 γεννηθῇ
832 725 1074 793 ἀνωθεν,
1109 728 1171 780 οὑ
1205 725 1427 782 δύναται
1480 731 1608 785 ἰδεῖν
1658 731 1756 803 τὴν

193 812 473 881 βασιλείαν
502 814 596 867 τοῦ
630 814 787 870 Θεοῦ.
819 817 984 886 Λέγει
1012 818 1146 889 πρὸς
1197 819 1401 873 αὑτὸνὸ
1420 820 1752 892 Νικόδημος·

188 905 317 969 Πῶς
359 906 581 961 δύναται
634 908 919 981 ἄνθρωπος
952 911 1281 982 γεννηθῆναι
1310 913 1489 985 γέρων
1524 914 1598 966 ὧν
1627 931 1642 979 ;
1677 915 1752 986 μὴ

186 998 412 1053 δύναται
440 1001 702 1058 εἰσελθεῖν
728 1005 809 1066 εἰς
846 1004 945 1075 τὴν
971 1004 1180 1060 κοιλίαν
1212 1006 1311 1077 τῆς
1343 1007 1551 1080 μητρὸς
1587 1008 1753 1061 αὑτοῦ

185 1088 482 1162 δεύτερον,
534 1096 630 1147 καὶ
705 1095 1029 1166 γεννηθῆναι
1075 1114 1091 1164 ;
1145 1098 1442 1169 Ἀπεκρίθη
1501 1099 1706 1169 Ἰησοῦς
1735 1115 1749 1129 ’

202 1182 394 1254 Ἀμὴν,
420 1186 569 1257 ἀμὴν
593 1187 735 1256 λέγω
761 1205 865 1252 σοι,
891 1189 987 1242 ἐὰν
1024 1192 1097 1261 μή
1112 1208 1196 1253 τις
1224 1192 1458 1263 γεννηθῇ
1478 1192 1535 1258 ἐξ
1564 1194 1753 1257 ὓδατος

187 1274 282 1325 καὶ
313 1275 655 1345 ΙΙνεύματος,
678 1280 740 1332 οὑ
763 1268 984 1335 δύναται
1038 1282 1300 1337 εἰσελθεῖν
1352 1286 1433 1337 είς
1465 1287 1565 1357 τὴν
1601 1286 1752 1357 βασι-

186 1361 339 1416 λείαν
367 1365 461 1419 τοῦ
494 1367 652 1421 Θεοῦ.
678 1387 697 1420 ι

300 1477 351 1527 εἴ
380 1478 479 1547 τὴν
505 1480 684 1550 ψυχὴν
709 1482 898 1554 ἄρχειν
931 1484 1031 1555 μὲν
1068 1486 1179 1538 τῶν
1224 1486 1436 1551 παθῶν,
1477 1488 1751 1543 δουλεύειν

183 1563 241 1617 δὲ
275 1566 353 1635 τῷ
386 1568 523 1639 Θεῷ.
565 1571 873 1643 Ἀμήχανον
924 1576 1034 1647 γὰρ
1093 1578 1281 1651 αὑτὴν,
1344 1583 1438 1634 καὶ
1492 1582 1597 1635 ὑπὸ
1651 1584 1751 1653 τῆς

187 1659 462 1727 ἁμαρτίας
522 1661 925 1732 βασιλεύεσθαι,
975 1672 1072 1725 καὶ
1121 1673 1226 1727 ὑπὸ
1280 1674 1415 1729 Θεοῦ
1444 1693 1456 1707 ·
1494 1677 1629 1731 ἀλλὰ
1670 1679 1751 1732 δεῖ

186 1752 389 1816 κακίας
446 1754 545 1824 μὲν
593 1757 910 1830 ἐπικρατεῖν
930 1803 945 1829 ,
979 1762 1057 1834 τῷ
1080 1766 1327 1839 Δεσπότῃ
1353 1767 1411 1822 δὲ
1440 1768 1551 1823 τῶν
1612 1770 1749 1825 ὅλων

188 1842 573 1915 ὑποτετάχθαι.

1461 433 1693 493 SACRA
1728 434 2158 494 PAIHLLELA
2172 483 2185 497 .

1784 549 1833 607 Α
1926 543 2088 600 Joau.
2128 563 2177 612 ι,
2215 547 2301 602 18.
2328 580 2395 589 —-
2427 570 2444 602 ι
2478 550 2647 608 Deum
2681 570 2840 612 nemo
2874 558 2981 613 vidi
3040 574 3296 630 unquam.

3292 448 3422 511 1234

1932 636 2093 693 Jcan.
2126 656 2220 705 ιιι,
2250 642 2363 697 55.
2390 674 2459 684 --
2487 664 2506 697 ι
2538 645 2684 703 Dixit
2722 649 2882 705 Jesus
2928 651 3223 708 Nicouemo
3256 672 3269 708 :
3306 652 3419 708 Nisi

1864 730 1986 799 quis
2024 739 2183 788 natus
2222 733 2390 789 fuerit
2433 736 2690 810 desuper,
2752 758 2862 797 non
2910 746 3299 814 potest-videre
3331 762 3419 800 re-

1863 834 2026 890 gnum
2056 823 2173 878 Dei.
2201 822 2343 879 Dixit
2372 827 2440 881 ad
2467 842 2590 882 eum
2618 830 2948 889 Nicodemus
2977 852 2990 888 :
3018 835 3297 900 Quomodo
3328 851 3424 906 po-

1860 919 1970 967 test
1999 913 2160 969 homo
2193 917 2341 971 nasci
2365 956 2382 981 ,
2412 933 2539 974 cum
2566 922 2640 975 sit
2671 938 2833 979 senex
2861 925 2883 978 ?
2911 927 2992 979 An
3020 934 3198 995 potest
3222 928 3421 982 iterato

1860 1004 2089 1061 introire
2113 1006 2166 1061 in
2191 1017 2430 1066 ventrem
2457 1013 2648 1069 matris
2677 1031 2808 1081 suae,
2832 1026 2885 1071 et
2911 1019 3098 1074 nasci?
3121 1017 3423 1089 Respondit

1859 1095 2053 1153 Jesus:
2081 1098 2253 1155 Amen
2275 1140 2291 1165 ,
2322 1117 2477 1159 amen
2501 1106 2625 1162 dico
2654 1108 2749 1163 tibi
2776 1128 2789 1163 :
2822 1107 2938 1165 Nisi
2963 1112 3088 1181 quis
3114 1121 3334 1166 renatus
3356 1128 3422 1167 ex

1859 1204 1996 1260 aqua
2018 1198 2073 1246 et
2096 1190 2301 1264 Spiritu
2322 1238 2337 1261 ,
2359 1211 2464 1252 non
2486 1207 2665 1269 potest
2683 1201 2892 1258 intrare
2927 1205 2982 1258 in
3016 1220 3240 1276 regnum
3266 1205 3383 1261 Dei.
3398 1226 3415 1257 ι

1928 1474 2102 1529 Basil.
2139 1476 2195 1530 in
2239 1478 2379 1546 psal.
2410 1496 2446 1534 ι.
2475 1510 2545 1519 -
2573 1480 2798 1551 Oportet
2846 1484 3084 1538 animam
3134 1483 3421 1540 aﬂ‘ectibus

1856 1567 2076 1635 quidem
2118 1569 2422 1640 imperare,
2452 1571 2563 1628 Deo
2589 1584 2768 1629 autem
2801 1577 3029 1631 servire.
3061 1575 3248 1648 Neque
3276 1578 3420 1633 enim

1858 1657 1972 1713 ﬁeri
2005 1668 2219 1729 potest,
2265 1671 2326 1717 ut
2370 1664 2490 1733 ipsa
2535 1666 2697 1721 simul
2729 1676 2783 1721 et
2822 1679 3108 1738 peccatum
3152 1678 3206 1725 et
3252 1670 3421 1724 Deum

1856 1764 2012 1820 :cges
2038 1752 2253 1809 habeat.
2284 1754 2450 1826 370
2476 1756 2677 1812 Verum
2721 1773 2940 1816 necesse
2982 1769 3099 1824 est,
3131 1770 3191 1815 ιιι
3228 1761 3419 1815 vitium

1854 1845 2072 1912 quidem
2101 1846 2167 1900 ad
2202 1848 2449 1905 ordinem
2477 1849 2685 1922 redigat
2704 1890 2718 1915 ,
2747 1865 2867 1908 sese
2888 1867 3018 1909 vero
3043 1853 3285 1909 omnium
3315 1852 3390 1908 Do

1785 1917 1827 1973 Β
1856 1934 2004 1989 mino
2034 1935 2312 2007 subjiciat.

270 2043 573 2116 Ἀμήχανόν
598 2050 715 2104 ἐστι
758 2058 1100 2126 χωρητικοὺς
1157 2059 1306 2129 ἡμᾶς
1344 2063 1598 2128 γενέσθαι
1652 2064 1753 2135 τῆς
1921 2052 1936 2103 λ

1752 2086 1753 2089 η
1921 2048 2197 2121 Ejusdem.
2222 2082 2293 2094 -—
2317 2052 2462 2110 Fieri
2500 2070 2843 2126 nequaquam
2879 2065 3081 2127 potest,
3120 2067 3181 2112 ut
3215 2074 3316 2115 nos
3337 2058 3418 2113 di-

188 2136 340 2201 θείας
394 2140 635 2212 χάριτος,
673 2146 750 2217 μὴ
777 2150 847 2202 τὰ
872 2150 983 2203 ἀπὸ
1039 2152 1239 2217 κακίας
1286 2155 1435 2227 πάθη
1476 2174 1752 2227 προκατα-
1851 2157 1854 2164 ’

1750 2190 1752 2199 ,
1851 2142 1994 2196 vinas
2026 2145 2218 2214 gratia:
2244 2158 2477 2217 capaces
2514 2146 2833 2215 efﬁciamur,
2868 2149 2973 2204 nisi
3010 2149 3161 2220 prius
3193 2159 3416 2204 contra-

188 2230 387 2298 σχόντα
442 2235 543 2299 τὰς
583 2240 764 2309 ψυχὰς
813 2242 972 2313 ἡμῶν
1026 2244 1387 2312 ἐξελάσαντας
1421 2266 1435 2280 ο
1489 2251 1622 2306 ἀλλὰ
1655 2254 1753 2307 καὶ
1849 2255 1854 2281 ⁴

1750 2294 1753 2304 ν
1849 2241 1967 2289 ctas
2012 2249 2045 2290 a
2093 2236 2226 2292 vitio
2256 2239 2730 2308 perturbationes,
2782 2242 2982 2310 quibus
3029 2242 3197 2296 animi
3243 2245 3416 2299 nostri

187 2323 408 2389 ἀγγεῖον
470 2332 1015 2405 προκατειλημμένον
1084 2338 1190 2391 ὑπό
1251 2357 1397 2405 τινος
1455 2342 1747 2411 δυσωδίας,
1850 2352 1853 2371 ⁴

1746 2390 1747 2401 γ
1850 2329 2105 2398 occupati
2136 2338 2299 2394 sunt,
2330 2331 2673 2401 ejecerimus.
2709 2332 2841 2388 Nam
2889 2348 3068 2402 neque
3097 2334 3377 2389 vasculum
3398 2378 3412 2400 ,

188 2414 239 2509 εί
268 2415 343 2509 μὴ
369 2418 664 2495 εκπλυσθῇ,
685 2426 746 2478 οὑ
772 2427 848 2497 μὴ
872 2428 1093 2501 δέξηται
1124 2430 1215 2485 τοῦ
1258 2432 1430 2505 μύρου
1458 2434 1555 2507 τὴν
1592 2438 1750 2509 smp-
1853 2448 1854 2463 ‘

1748 2472 1750 2479 ,
1853 2421 1998 2490 quod
2044 2420 2184 2477 fetor
2227 2424 2448 2493 quidam
2499 2433 2625 2481 ante
2673 2426 2913 2494 invasit,
2949 2425 3280 2483 inlusionem
3314 2443 3414 2484 uu—

190 2508 339 2579 ροήν.
1695 2508 1701 2509 “
1853 2516 2036 2585 guenti
2066 2530 2259 2587 capere
2287 2525 2496 2587 potest,
2532 2518 2637 2574 nisi
2666 2519 2820 2590 prius
2847 2520 3056 2576 elutum
3084 2518 3273 2576 fuerit.

284 2622 576 2713 ᾼμήχανον
614 2627 856 2699 ἅψασθαι
903 2632 998 2686 τοῦ
1048 2636 1290 2704 ἀγαθοῦ,
1334 2639 1408 2713 μὴ
1438 2641 1751 2697 ἀποστάντα

188 2709 477 2782 πρότερον,
509 2716 603 2770 καὶ
630 2719 964 2775 ὲκνεύσαντα
993 2723 1089 2778 τοῦ
1114 2726 1303 2779 κακοῦ.

1921 2629 2115 2700 Ejusd.
2148 2633 2202 2686 in
2235 2634 2373 2702 psal.
2414 2649 2608 2689 χχχιιι.
2633 2665 2702 2675 -
2728 2634 3069 2706 lmpossibile
3091 2644 3176 2692 est
3207 2636 3410 2691 bonum

1849 2738 2175 2793 capessere,
2221 2725 2324 2780 nisi
2379 2726 2529 2796 prius
2582 2742 2612 2781 a
2665 2728 2808 2782 malo
2868 2728 3202 2784 abscesseris
3248 2736 3415 2799 atque

1849 2829 2137 2871 emerserts

289 2906 471 3005 Bamp
494 2912 753 2968 ἀδύνατον
788 2918 1093 2989 ὑπερϐῆναι
1109 2923 1207 2993 τὴν
1226 2926 1419 2981 ἑαυτοῦ
1439 2930 1618 2995 σκιὰν,
1656 2933 1752 2985 καὶ
1925 2926 1955 2980 1‘

1746 2952 1752 2984 ι
1925 2926 2067 2982 Naz.
2096 2928 2174 2983 De
2198 2930 2417 3002 theolog.
2446 2963 2511 2973 —
2542 2931 3007 2999 Quemadmodum
3030 2947 3211 2993 nemo.
3234 2950 3412 3005 quan-

188 2998 267 3067 τῷ
300 2998 421 3054 λίαν
453 3006 793 3079 ἐπειγομένῳ
824 3011 1040 3079 (φθάνει
1072 3017 1179 3087 γὰρ
1206 3019 1295 3071 ἀεὶ
1322 3020 1597 3086 τοσοῦτον,
1625 3024 1751 3076 ὅσον
1852 3035 1854 3044 ‘

1745 3040 1751 3068 ι
1852 3020 2053 3075 tumvis
2084 3032 2341 3092 properet
2360 2998 2647 3088 umbram
2674 3039 2827 3080 suam
2857 3026 3203 3096 praetergredi
3234 2998 3411 3097 potest

191 3089 722 3167 καταλαμϐάνεται)·
780 3100 812 3168 ἢ
862 3104 976 3166 τοῖς
1018 3106 1237 3175 ὁρατοῖς
1298 3110 1597 3179 πλησιάσαι
1651 3114 1751 3184 τὴν
1853 3127 1857 3161 1

1744 3132 1751 3159 ρ
1853 3089 2232 3179 (quippe'qule
2257 3112 2591 3167 tantumdem
2621 3128 2834 3183 semper
2857 3089 3201 3180 'anteve‘rtat,
3235 3089 3410 3187 quau-

189 3180 333 3248 ὃψιν,
359 3182 482 3253 δίχα
496 3186 590 3238 τοῦ
613 3189 670 3241 ὲν
710 3191 860 3263 μέσῳ
884 3195 1076 3262 φωτὸς,
1103 3200 1197 3251 καὶ
1222 3200 1410 3268 ἀέρος·
1438 3202 1470 3273 ἢ
1494 3204 1601 3257 τῶν
1629 3180 1753 3260 sas-

1854 3208 1965 3253 tum
1991 3202 2521 3273 comprehenditur),
2549 3219 2651 3259 nec
2670 3206 2823 3261 visus
2846 3205 2909 3260 ad
2940 3222 3003 3261 ea
3030 3222 3151 3277 quae
3172 3209 3226 3261 in
3252 3224 3412 3279 aspe-

185 3289 295 3325 των
346 3275 451 3339 ἔξω
493 3278 592 3347 τὴν
643 3285 843 3355 νυκτὴν
900 3288 1059 3355 φύσιν
1117 3290 1493 3348 διολισθαίνειν
1530 3313 1545 3327 ’
1579 3298 1821 3378 οὕτωςε

1743 3316 1821 3378 τε
1852 3301 1998 3346 ctum
2052 3297 2287 3358 cadunt,
2336 3297 2475 3351 citra
2528 3296 2870 3366 splendorem
2921 3275 3300 3355 intermedium
3355 3311 3409 3356 et

186 3365 471 3435 ἀμήχανον
491 3374 604 3435 τοῖς
620 3374 677 3426 ὲν
704 3373 918 3446 σώματι
944 3381 1068 3450 δίχα
1091 3384 1199 3436 τῶν
1220 3388 1546 3441 σωματικῶν
1570 3391 1747 3463 πάντη

186 3458 441 3523 γενέσθαι
484 3464 623 3532 μετὰ
650 3466 759 3521 τῶν
791 3472 1115 3539 νοουμένων.

286 3741 578 3811 Αμήχανον
624 3751 994 3820 συνυπάρχειν
1050 3756 1150 3823 τὴν
1181 3759 1314 3828 πρὸς
1354 3762 1557 3833 κόσμον
1613 3771 1747 3835 ἀγά-

1850 3398 2028 3439 aerem
2059 3386 2350 3454 accedere,
2380 3405 2480 3444 nec
2507 3389 2742 3460 denique
2770 3391 2945 3461 pisces
2978 3393 3211 3449 sublatis
3253 3396 3408 3464 aquis

1850 3484 2077 3533 natare:
2112 3481 2193 3535 sic
2222 3482 2383 3536 etiam
2427 3482 2543 3537 lieri
2575 3498 2683 3537 non
2722 3493 2938 3552 potest,
2987 3496 3047 3539 ut
3072 3487 3164 3556 qui
3199 3487 3253 3541 in
3281 3503 3408 3542 cor-

1850 3585 1980 3638 pore
2010 3582 2319 3638 versantur,
2365 3575 2484 3629 sine
2521 3591 2703 3630 rerum
2747 3592 3131 3632 coroorearum
3172 3578 3406 3633 admini-

1847 3663 1975 3718 culo
2006 3665 2365 3735 intelligibilia
2395 3668 2808 3738 complectatur.

1920 3775 2158 3831 Philonis
2180 3780 2226 3830 ί.
2248 3807 2315 3817 -
2336 3775 2476 3833 Fieri
2511 3793 2619 3833 non
2648 3787 2861 3849 potest,
2884 3788 2943 3835 ut
2965 3782 3149 3837 mundi
3178 3797 3331 3837 amor
3359 3792 3412 3837 et

184 3847 295 3936 πην
319 3834 384 3902 τῇ
422 3836 566 3945 πρὸς
604 3839 695 3945 ⁴ξὺν
749 3842 881 3895 Θεὸν
933 3848 1141 3921 ἀγάπῃ,
1184 3850 1258 3914 ὡς
1289 3853 1571 3924 ἀμήχανον
1620 3834 1748 3912 συν·
1846 3890 1850 3913 t

1745 3889 1748 3899 ι
1846 3867 2087 3925 cliaritas
2114 3884 2239 3940 erga
2272 3869 2438 3925 Deum
2468 3886 2573 3925 una
2603 3874 2910 3939 exsistant;
2955 3874 3411 3945 quemadmodum

183 3922 455 3991 ὑπάρχειν
476 3925 729 3993 ἀλλήλοις
756 3933 872 3999 φῶς
902 3939 996 3988 καὶ
1027 3938 1239 4002 σκότος.

181 4059 369 4113 ΤΙΤΛ.
395 4061 519 4115 ΛᾹ’.
538 4069 762 4157 -ῗτηερὶ
781 4072 1002 4157 ⁸ἀγιίιιιικσ.
1021 4076 1123 4157 καὶ
1145 4081 1628 4157 ,ιςακμριῶμένων
1654 4085 1747 4157 ἐφ’

579 4132 666 4202 οἷς
694 4132 898 4206 δρῶόι,
940 4132 1037 4196 καὶ
1075 4132 1226 4217 ὐέὲρ
1248 4132 1351 4204 ὦῖς.

258 4282 277 4314 ι
328 4264 458 4318 Ἀπὸ
477 4266 585 4321 τῶν
610 4269 781 4338 ἁγίων
806 4272 1205 4347 φοϐηθήσεσθε.
1232 4300 1252 4332 ι

257 4377 277 4408 ‹
317 4359 603 4430 Μακάριος
633 4364 696 4417 σὺ
724 4364 962 4437 Ἰσραήλ.
992 4370 1087 4434 Τίς
1120 4372 1307 4444 ὅμοιός
1338 4394 1450 4431 σοι’
1490 4379 1619 4447 λαός
1644 4398 1747 4438 σω-

178 4450 409 4519 ζόμενος
440 4453 545 4506 ὑπὸ
567 4456 797 4525 Κυρίου.
816 4479 834 4511 s

311 4545 595 4615 Μακάριος
626 4548 929 4621 ἄνθρωπος,
962 4555 1020 4607 ὃν
1043 4556 1233 4625 ἤλεγξε
1257 4560 1477 4632 Κύριος.
1511 4584 1529 4616 ι

257 4718 589 4788 «Μακάριος
648 4719 820 4793 ἀνὴρ,
873 4725 929 4787 ὃς
987 4727 1084 4779 οὑκ
1136 4730 1407 4803 ἐπορεύθη
1464 4736 1521 4787 ὲν
1578 4737 1741 4812 βουλῇ

172 4809 409 4874 ἀσεϐῶν,
446 4813 536 4864 καὶ
556 4814 612 4865 ὲν
641 4813 740 4883 ὁδῷ
770 4817 1107 4889 ἁμαρτωλῶν
1135 4824 1234 4876 οὑκ
1266 4824 1414 4899 ἔστη.
1448 4847 1465 4878 ι

258 4920 275 4951 ι
309 4902 629 4971 Θαυμαστὸς
650 4908 677 4956 ό
703 4906 836 4969 Θεὸς
873 4909 931 4959 ἐν
956 4914 1068 4974 τοῖς
1093 4912 1267 4981 ἁγίοις
1296 4917 1480 4973 αὑτοῦ.
1507 4940 1524 4971 ι

259 5009 275 5041 ι
310 4994 582 5062 Μακάριοι
628 4996 823 5061 πάντες
872 5002 919 5052 οἱ
965 5004 1340 5069 κατοικοῦντες
1393 5011 1450 5062 ἐν
1501 5012 1579 5082 τῷ
1612 5015 1745 5087 οἴκῳ

178 5100 297 5146 σου,
330 5088 407 5148 εὶς
437 5088 561 5147 τοὺς
579 5090 781 5153 αἰῶνας
813 5094 1083 5149 αἰνέσουσί
1106 5113 1184 5151 σε.
1217 5118 1235 5151 ι

257 5195 274 5226 ι
306 5178 588 5248 Μακάριος
621 5185 648 5233 ὁ
668 5182 974 5253 ἄνθρωπος,
1009 5188 1067 5240 ὃν
1098 5190 1164 5243 ἂν
1198 5194 1515 5268 παιδεύσῃς,
1546 5200 1743 5272 Κύριε,

176 5269 276 5323 καὶ
307 5272 371 5322 ἐκ
384 5272 476 5323 τοῦ
508 5273 671 5343 νόμου
696 5293 787 5328 σου
817 5277 1047 5343 διδάξεις
1076 5283 1256 5337 αὑτόν.
1293 5304 1313 5337 s

255 5382 274 5414 ι
307 5365 652 5436 Μακάριοιοί
675 5370 1040 5436 φυλάσσοντες
1094 5376 1292 5445 κρίσιν,
1345 5381 1438 5434 καὶ
1465 5385 1745 5451 ποιοῦντες

174 5458 529 5528 δικαιοσύνην
561 5463 619 5513 ὲν
640 5465 800 5516 παντὶ
835 5465 1027 5537 καιρῷ.
1054 5485 1074 5518 s

256 5569 273 5600 ι
312 5551 597 5623 Μακάριος
641 5556 780 5625 ἀνὴρ
831 5560 859 5612 ὁ
901 5561 1232 5632 φοϐούμενος
1276 5568 1366 5622 τὸν
1406 5571 1644 5643 Κύριον,
1684 5576 1743 5630 ἐν

171 5646 297 5707 ταῖς
332 5645 568 5711 ἐντολαῖς
599 5650 762 5703 αὑτοῦ
797 5652 1011 5725 θελήσει
1044 5660 1265 5730 σφόδρα.
1295 5680 1315 5713 ι

1850 3959 1966 4014 ﬁeri
1999 3962 2220 4031 nequit,
2255 3968 2313 4017 ut
2340 3962 2434 4017 lux
2466 3970 2521 4019 et
2554 3964 2791 4021 tenebrat
2821 3981 2929 4021 una
2960 3967 3091 4021 siut.

1848 4090 1983 4148 Tl'l'.
2019 4091 2211 4167 XXXI.
2250 4123 2319 4135 —
2350 4093 2427 4150 De
2454 4096 2677 4167 sanctis.
2712 4097 2874 4167 deque
2897 4098 2963 4152 iis
2991 4100 3081 4167 qui
3106 4100 3162 4152 in
3190 4100 3299 4156 illis
3318 4141 3333 4167 ,
3362 4112 3413 4155 et

2058 4163 2121 4217 ob
2166 4181 2230 4219 ea
2264 4181 2381 4234 qua:
2409 4176 2605 4236 agunt,
2646 4163 2797 4220 beata"
2820 4163 3200 4236 prwdicantur.

1915 4297 2083 4353 Leuit.
2114 4315 2276 4364 xxvi,
2307 4298 2365 4355 2.
2386 4329 2458 4342 —
2483 4317 2503 4351 ι
2534 4300 2578 4352 A
2610 4301 2814 4356 sanctis
2842 4302 2977 4357 meis
3011 4302 3295 4373 pavebitis.
3332 4322 3350 4356 ι

1916 4387 2075 4442 Deut.
2109 4404 2280 4444 xum
2303 4429 2319 4455 ,
2345 4389 2432 4445 29.
2458 4420 2528 4431 —
2557 4409 2575 4441 ι
2603 4389 2800 4445 Beatus
2836 4406 2896 4446 es
2925 4400 2987 4446 tu
3008 4433 3025 4458 ,
3062 4392 3246 4449 Israel.
3275 4393 3410 4462 Quis

1848 4480 2043 4536 similis
2069 4481 2207 4536 tibi?
2232 4482 2461 4552 populus
2489 4484 2583 4552 qui
2612 4482 2840 4538 salvaris
2865 4498 2895 4537 a
2930 4482 3181 4540 Domino.
3208 4505 3227 4538 ι

1914 4573 2013 4627 Job
2041 4588 2095 4639 v,
2128 4572 2217 4627 17.
2243 4604 2311 4612 -
2337 4591 2356 4625 ι
2384 4573 2588 4629 Beatus
2623 4573 2788 4628 homo
2816 4589 2977 4644 quem
3011 4575 3280 4647 corripuit
3306 4577 3411 4633 Do-

1772 4664 1816 4719 D
1845 4665 2042 4720 minus.
2082 4683 2100 4717 ι

1921 4756 2073 4812 Psal.
2106 4774 2158 4822 ι,
2199 4759 2245 4811 ι.
2270 4786 2339 4797 -
2366 4776 2384 4809 ι
2413 4757 2611 4813 Beatus
2639 4760 2723 4814 vir
2748 4759 2841 4829 qui
2875 4774 2983 4813 non
3014 4760 3149 4815 abiit
3179 4762 3234 4816 in
3276 4778 3409 4818 con-

1846 4849 1972 4904 silio
2001 4849 2287 4916 impiorum
2309 4889 2323 4911 ,
2352 4856 2407 4904 et
2435 4851 2491 4903 in
2540 4851 2625 4904 via
2665 4860 3011 4920 peccatorum
3041 4867 3148 4907 non
3178 4855 3346 4909 stetit.
3382 4875 3400 4907 ι

1918 4939 2070 4994 Psal.
2095 4955 2263 5006 uvn,
2280 4940 2742 4997 55.—tMirabilis
2767 4942 2911 4999 Deus
2930 4944 2985 4998 in
3005 4946 3211 5002 sanctis
3228 4948 3363 5003 suis.
3384 4969 3400 4998 ι

1915 5028 2068 5084 Psal.
2108 5045 2312 5085 Lxxxnt
2334 5073 2348 5097 ,
2382 5033 2434 5085 4.
2466 5062 2532 5071 -
2558 5052 2575 5084 ι
2603 5031 2752 5087 Beati
2784 5050 2974 5090 omnes
3003 5037 3094 5104 qui
3125 5038 3407 5093 ambulant

1846 5122 1898 5177 in
1928 5122 2089 5177 domo
2118 5131 2208 5177 tua
2228 5165 2243 5189 ,
2270 5122 2323 5177 in
2351 5126 2547 5179 saecula
2578 5125 2877 5180 laudabunt
2909 5133 2981 5182 te.
3014 5147 3030 5179 ι

1918 5213 2071 5270 Psal.
2100 5230 2228 5269 xcm
2250 5256 2264 5279 ,
2298 5218 2385 5271 12.
2408 5248 2474 5257 ——
2501 5237 2519 5267 ι
2554 5217 2749 5273 Beatus
2774 5218 2937 5274 homo
2974 5236 3136 5289 quem
3179 5231 3236 5277 tu
3279 5241 3407 5280 eru-

1846 5304 2044 5370 dieris,
2078 5305 2307 5363 Domine
2329 5348 2344 5371 ,
2370 5317 2424 5363 et
2451 5308 2519 5364 de
2550 5310 2667 5379 lege
2695 5312 2788 5365 tua
2816 5311 3074 5369 docueris
3102 5330 3247 5368 eum.

1919 5394 2071 5452 Psal.
2099 5411 2185 5461 cv,
2211 5399 2265 5451 3.
2289 5428 2357 5437 —
2383 5417 2401 5451 ι
2431 5399 2581 5455 Beati
2620 5402 2711 5471 qui
2754 5403 3078 5457 custodiunt
3109 5403 3381 5474 judicium

1844 5497 1898 5544 et
1931 5487 2138 5542 faciunt
2163 5488 2429 5558 justitiam
2460 5491 2515 5545 in
2547 5494 2693 5547 omni
2725 5501 2995 5565 tempore.
3028 5516 3047 5547 ι

1917 5580 2069 5636 Ρεαι.
2093 5598 2180 5637 cxt
2200 5624 2215 5647 ,
2244 5585 2293 5638 t.
2314 5610 2385 5627 -
2409 5602 2428 5635 ι
2453 5584 2654 5641 Beatus
2676 5586 2761 5642 vir
2782 5589 2878 5658 qui
2902 5587 3053 5645 timet
3075 5587 3365 5649 Dominum
3383 5634 3400 5661 ,

1847 5674 1901 5729 in
1934 5673 2203 5731 mandatis
2230 5675 2347 5746 ejus
2377 5676 2521 5731 volet
2550 5678 2731 5735 nimis.

274 5827 291 5860 ι
329 5824 386 5879 lu
426 5826 564 5900 Bup.
603 5834 1017 5910 luccmscriptio
1048 5851 1130 5927 cst
1165 5836 1635 5919 ;schhrtstiani
1660 5850 1900 5909 hominis
1922 5854 2189 5911 sententia
2215 5863 2321 5923 cst,
2358 5872 2466 5911 non
2495 5854 2683 5912 Judaei.
