4218 6446
813 385 940 453 i235

876 498 1028 552 Psal.
1059 514 1223 553 cxvut
1244 537 1259 559 ,
1297 499 1440 552 1.-
1461 519 1480 550 ‹
1511 500 1663 555 Beati
1693 502 2028 558 immaculati
2055 507 2109 558 in
2134 507 2220 559 via
2241 547 2256 569 ,
2282 507 2373 574 qui
2405 512 2448 567 Α

810 592 1090 644 ambulant
1116 593 1169 645 in
1195 594 1308 661 lege
1333 591 1566 648 Domini.
1597 595 1745 650 Beati
1765 598 1857 666 qui
1882 609 2368 664 SCl'lllanllll',|8lf‘.

880 681 1027 734 Paal.
1075 697 1252 746 σειν,
1302 683 1354 738 5.

802 772 1018 838 adjulor
1045 773 1164 839 ejus
1198 791 1212 827 ;
1246 790 1372 842 spes
1402 777 1526 843 ejus
1560 777 1613 829 in
1650 776 1880 832 Domino
1914 780 2024 834 Deo
2056 782 2248 849 ipsius.
2275 801 2294 832 ι

873 865 1031 917 I’rov.
1053 882 1128 928 Ix,
1156 867 1647 923 l0.—«Cunsilium
1668 880 2002 935 sanctorum,
2024 874 2367 942 prudentia.»

868 975 886 1005 ι
915 955 1108 1011 Beatus
1136 960 1216 1012 vir
1236 963 1326 1028 qui
1356 962 1560 1015 invenit
1582 965 1932 1031 sapientiam.
1967 965 2267 1021 Pretiosior
2289 974 2373 1022 est

799 1052 943 1104 enim
977 1053 1249 1120 lapidibus
1281 1057 1554 1123 pretiosis.
1588 1079 1607 1109 ι

874 1141 1032 1195 Prov.
1063 1159 1142 1208 Ill,
1173 1147 1260 1198 15.
1281 1177 1349 1187 -—-
1369 1166 1386 1196 ι
1417 1143 1610 1204 Manus
1633 1153 1926 1205 electorum
1950 1153 2130 1206 vincet
2156 1152 2331 1208 facile.
2348 1173 2366 1206 ι

875 1228 1031 1285 Prov.
1064 1251 1136 1286 xu
1161 1275 1174 1297 ,
1203 1235 1290 1286 94.
1313 1267 1382 1275 —
1404 1257 1420 1287 ι
1437 1239 1702 1293 Perfectio
1727 1244 1940 1311 piorum
1964 1243 2196 1297 deducet
2218 1261 2364 1298 cos.»

863 1320 1018 1377 Prov.
1079 1342 1191 1390 κεν,
1239 1328 1328 1380 9.l.
1373 1359 1440 1366 —
1486 1348 1504 1379 ι
1534 1330 1634 1396 Qui
1688 1337 1983 1388 miseretur
2030 1352 2366 1406 pauperum,

798 1411 985 1466 beatus
1014 1417 1138 1469 erit.
1171 1436 1190 1468 ι

868 1501 1030 1557 Zach.
1064 1523 1131 1569 ιι,
1171 1509 1223 1561 8.
1249 1541 1315 1550 —
1342 1529 1360 1560 ι
1393 1512 1494 1577 Qui
1524 1515 1699 1582 tangit
1726 1530 1858 1585 vos,
1895 1517 2039 1572 sicut
2061 1519 2154 1588 qui
2195 1519 2368 1587 tangit

797 1599 1057 1662 pupillam
1094 1603 1238 1653 oculi
1273 1605 1400 1657 mei.
1438 1625 1455 1655 ι

868 1689 982 1744 Isa.
1008 1709 1110 1763 xx;
1135 1736 1148 1758 ,
1173 1695 1357 1748 18.—t
1373 1697 1520 1752 Beati
1539 1715 1731 1755 omnes
1753 1703 1841 1769 qui
1866 1714 2084 1757 manent
2108 1703 2162 1756 in
2189 1703 2360 1770 ipso.»

867 1783 981 1838 Isa.
1016 1803 1097 1839 t.vi
1121 1830 1136 1851 ,
1170 1788 1225 1840 Ξ.
1252 1818 1322 1829 -
1351 1809 1368 1840 ι
1403 1791 1602 1847 Beatus
1638 1795 1730 1861 qui
1766 1802 1949 1848 servat
1979 1809 2172 1850 manus
2201 1810 2364 1857 suas,

796 1892 865 1927 ne
907 1876 1070 1930 faciat
1102 1880 1471 1950 iniquitatem.
1508 1903 1526 1934 ι

862 1967 1018 2036 371
1051 1970 1253 2025 Jercm.
1289 1989 1436 2037 xxvi,
1485 1975 1566 2028 t9.
1598 2006 1668 2015 —
1703 1995 1720 2027 ι
1755 1976 1868 2032 Erit
1913 1977 2095 2031 anima
2144 1988 2364 2033 sancto-

793 2073 912 2110 rum
947 2061 1094 2114 \elut
1151 2064 1316 2116 arbor
1343 2063 1649 2122 fructuosa.
1686 2087 1704 2118 ι

869 2149 1076 2204 ΒαναεΙι
1105 2169 1177 2219 tv,
1230 2155 1283 2208 4.
1317 2176 1430 2207 -ι
1473 2157 1620 2211 Beati
1685 2175 1916 2222 sumus,
1988 2159 2184 2224 Israel,
2239 2163 2365 2232 quia

790 2260 913 2312 qua!
939 2242 1048 2297 Deo
1085 2246 1323 2314 placent,
1358 2249 1653 2304 manifesta
1692 2260 1825 2305 sunt
1852 2252 2032 2307 nobis.
2071 2273 2088 2302 ι

864 2333 1030 2388 Eccli.
1066 2352 1192 2403 xw,
1231 2340 1285 2401 1,
1320 2340 1374 2393 2.
1413 2371 1481 2381 —
1511 2360 1529 2392 ι
1569 2341 1768 2399 Beatus
1805 2345 1894 2398 vir
1958 2347 2052 2415 qui
2116 2362 2224 2400 non
2279 2354 2366 2400 est

793 2428 987 2494 lapsus
1013 2431 1069 2482 in
1099 2445 1198 2486 ore
1233 2447 1358 2486 suo.
1385 2432 1588 2488 Beatus
1617 2452 1777 2505 quem
1821 2452 1931 2490 non
1980 2437 2366 2492 condemnavit

792 2519 971 2572 anima
1002 2520 1145 2590 ejus.
1198 2541 1217 2572 ι

869 2607 1030 2663 Eccli.
1094 2627 1233 2678 xxv,
1273 2613 1428 2667 9-15.
1463 2643 1531 2653 —-
1568 2632 1586 2665 ι
1614 2613 1818 2669 Novem
1855 2618 2363 2686 suspicabilia,cor-

794 2698 880 2754 dis
943 2701 1248 2755 beatificavi
1309 2713 1415 2757 :et
1473 2702 1746 2757 decimum
1803 2705 1985 2759 dicam
2044 2707 2098 2760 in
2154 2708 2360 2775 lingua.

797 2791 973 2846 Homo
998 2795 1105 2863 'qui
1150 2795 1491 2864 jucundatur
1521 2799 1575 2850 in
1619 2798 1746 2852 filiis
1786 2818 1798 2851 :
1829 2801 2053 2863 vivens,
2085 2810 2139 2856 et
2165 2802 2363 2857 videns

798 2883 1220 2939 subversionem
1280 2887 1630 2941 inimicorum
1702 2905 1949 2943 suorum.
2002 2888 2203 2944 Beatus
2265 2895 2361 2961 qui

800 2978 1007 3032 habitat
1048 2994 1172 3032 cum
1242 2980 1478 3035 muliere
1530 2990 1858 3047 sensata,ct
1886 2984 1980 3052 qui
2028 2985 2215 3054 lingua
2261 2999 2362 3040 sua

797 3085 907 3122 non
950 3079 1035 3124 est
1091 3072 1301 3141 lapsus,
1335 3083 1392 3129 et
1417 3075 1511 3144 qui
1560 3090 1670 3128 non
1726 3075 1950 3130 servivit
2016 3077 2244 3148 indigno
2280 3093 2361 3134 se.

799 3159 998 3216 Beatus
1031 3163 1124 3232 qui
1179 3164 1386 3219 invenit
1432 3167 1807 3236 prudentiam,
1835 3176 1889 3220 et
1923 3167 2019 3236 qui
2069 3168 2363 3223 deducitur

800 3253 854 3304 in
884 3254 1112 3310 auribus
1144 3257 1508 3311 audientium.
1537 3258 1710 3325 Quam
1752 3275 1986 3328 magnus
2014 3261 2108 3329 qui
2153 3261 2362 3316 invenit

799 3345 1158 3412 sapientiam!
1197 3349 1291 3404 sed
1324 3365 1434 3404 non
1493 3360 1577 3404 est
1631 3367 1796 3422 super
1845 3354 2124 3406 timentem
2179 3352 2362 3407 Domi-

799 3452 953 3489 ιιιιηι.
981 3457 999 3488 ι

867 3526 1060 3582 Matth.
1085 3545 1138 3590 ν,
1168 3551 1222 3584 δ.
1258 3559 1330 3570 —
1365 3549 1383 3582 ι
1421 3531 1570 3584 Beati
1618 3548 1884 3602 pauperes
1941 3550 2161 3605 spiritu,
2225 3553 2362 3606 quo-

796 3620 942 3671 niam
968 3621 1216 3690 ipsorum
1242 3631 1325 3676 est
1353 3638 1581 3693 regnum
1603 3625 1898 3679 caalorum.
1926 3644 1944 3677 ›

867 3711 1006 3764 Ibid.
1036 3712 1090 3766 4.
1121 3742 1188 3753 -
1221 3731 1240 3764 ι
1277 3715 1427 3767 Beati
1459 3715 1642 3777 mites,
1684 3715 1943 3784 quoniam
1977 3716 2077 3785 ipsi
2124 3717 2358 3786 posside-

795 3804 930 3856 bunt
957 3812 1185 3860 terram.
1215 3827 1233 3858 ι

867 3896 1004 3950 Ibid.
1033 3899 1088 3952 5.
1110 3929 1178 3938 —
1206 3917 1224 3949 ι
1249 3899 1401 3954 Beati
1421 3903 1510 3969 qui
1543 3900 1753 3971 lugent,
1789 3901 2048 3970 quoniam
2090 3902 2192 3973 ipsi
2226 3919 2358 3957 con-

790 3991 1141 4045 solabuntur.
1181 4010 1198 4041 ι

861 4086 998 4140 Ibid.
1023 4087 1078 4140 6.
1113 4119 1184 4128 —
1227 4108 1245 4139 ι
1284 4086 1432 4142 Beati
1464 4105 1555 4157 qui
1586 4089 1840 4142 esuriunt
1870 4096 1921 4142 et
1954 4089 2152 4144 sitiunt
2186 4092 2357 4161 justi-

789 4179 918 4232 tiam
954 4220 970 4244 ,
1015 4181 1275 4247 quoniam
1309 4181 1414 4248 ipsi
1435 4180 1857 4234 saturabuutur.
1900 4198 1918 4232 ι

862 4268 1002 4323 Ibid.
1037 4270 1088 4323 7.
1111 4302 1181 4311 —
1209 4290 1226 4320 ι
1253 4271 1404 4325 Beati
1456 4271 1871 4333 misericordes,
1925 4272 2185 4340 quoniam
2251 4273 2355 4342 ipSI

788 4362 1223 4416 misericordiam
1245 4373 1676 4432 consequentur.
1705 4385 1722 4416 ι

859 4451 1002 4506 Ibid.
1041 4453 1093 4506 8.
1122 4484 1190 4492 --
1227 4473 1243 4504 ι
1272 4455 1422 4509 Beati
1465 4457 1668 4510 mundo
1701 4459 1905 4527 corde,
1952 4459 2214 4529 quoniam
2251 4457 2354 4526 ipsi

788 4542 955 4596 Deum
989 4543 1272 4598 videbunt.
1304 4565 1323 4595 ι

858 4633 1000 4688 Ibid.
1024 4635 1161 4689 9.—
1199 4635 1621 4708 «Beatipaciﬁci
1647 4684 1660 4702 ,
1692 4643 1954 4711 quoniam
1991 4643 2095 4712 ipsi
2134 4641 2226 4695 filii
2265 4641 2355 4695 Dei

789 4729 1150 4782 vocabuntur.
1190 4747 1208 4780 ι

861 4818 1004 4873 Ibid.
1046 4820 1134 4876 lO.
1172 4852 1241 4861 —
1286 4840 1304 4872 ι
1345 4821 1498 4877 Beati
1532 4825 1626 4892 qui
1659 4828 2100 4891 persecutionem
2139 4828 2357 4897 patiun-

787 4920 882 4964 tur
913 4924 1138 4984 pr0pter
1191 4915 1466 4977 justitiam
1498 4958 1511 4981 ,
1545 4919 1803 4987 quoniam
1855 4921 2098 4990 ipsorum
2153 4928 2239 4975 est
2267 4935 2357 4974 re-

785 5021 951 5074 gnum
985 5007 1272 5061 caelorum.
1305 5026 1322 5057 ι

861 5097 1002 5151 Ibid.
1040 5099 1128 5161 Η,
1163 5100 1248 5153 12.
1277 5130 1346 5141 -
1372 5119 1391 5150 ι
1427 5102 1581 5155 Beati
1641 5103 1778 5157 estis
1825 5119 1952 5156 cum
2014 5104 2229 5172 probris
2258 5118 2356 5156 vos

787 5190 1074 5243 affecerint
1100 5229 1114 5250 ,
1153 5199 1205 5244 et
1242 5195 1520 5261 persecuti
1571 5209 1670 5246 vos
1733 5195 1981 5258 fuerint,
2017 5208 2070 5248 et
2116 5195 2357 5248 dixerint

786 5298 950 5335 omne
1003 5282 1208 5336 malum
1271 5287 1501 5338 verbum
1552 5287 1848 5341 adversum
1877 5303 1977 5342 vos
2003 5289 2353 5351 mentientes,

784 5381 1009 5440 propter
1036 5389 1140 5425 me.
1176 5372 1415 5429 Gaudete
1449 5386 1501 5429 et
1531 5379 1825 5443 exsultatc,
1848 5379 1974 5447 quia
2011 5393 2222 5431 merces
2261 5393 2351 5432 vc-

783 5474 899 5518 stra
937 5465 1106 5517 multa
1134 5475 1221 5520 est
1250 5467 1301 5519 in
1335 5469 1513 5524 cmlis.
1536 5488 1551 5518 ι

854 5552 1015 5606 Jnmz.
1058 5571 1146 5613 xx.
1207 5556 1298 5610 9.0.
1335 5589 1405 5596 ——
1437 5578 1454 5607 ι
1488 5559 1635 5612 Beati
1675 5577 1766 5629 qui
1829 5577 1934 5614 non
1997 5561 2251 5614 viderunt
2299 5568 2352 5614 ct

782 5643 1156 5696 crediderant.
1200 5667 1218 5696 ι

859 5732 990 5788 Luc.
1023 5753 1095 5791 χι.
1131 5738 1221 5800 97,
1258 5737 1346 5792 9.8.
1386 5770 1453 5778 -η-
1499 5759 1514 5788 ι
1544 5739 1769 5793 Factum
1795 5750 1878 5795 est
1902 5756 2026 5794 cum
2057 5741 2172 5795 litec
2205 5755 2352 5796 mce-

784 5835 890 5887 ret,
930 5829 1197 5884 extollens
1239 5834 1486 5899 qu.t:.lam
1526 5832 1991 5889 mulicrdcturba
2021 5875 2034 5900 ,
2091 5834 2230 5889 dixit
2261 5836 2345 5886 ei:

1957 399 2018 458 S.
2054 399 2373 457 JOANNIS
2413 399 2839 458 DAMASCENI

1393 713 1463 724 —-
1497 703 1514 734 ι
1551 685 1750 741 Beatus
1802 690 1962 758 cujus
2017 689 2160 744 Deus
2203 690 2374 746 Jacob

2553 525 2572 558 ι
2615 508 2892 577 Μακάριοι
2940 507 3164 574 ἄμωμοι
3202 503 3261 554 ἐν
3303 500 3444 569 ὁδῷ,
3489 501 3536 551 οἱ
3569 496 3927 569 πορευόμενοι
3981 497 4039 546 ιν

2477 601 2625 669 νόμῳ
2656 600 2882 670 Κυρίου.
2920 598 3200 666 Μακάριοι
3222 595 3270 646 οἱ
3301 591 3709 662 ἐξερευνῶντες.
3735 610 3754 642 ι

2551 711 2569 743 ι
2615 693 2926 763 Μακάριος,
2963 683 3026 743 οὗ
3055 692 3084 742 ὁ
3121 687 3255 750 Θεὸς
3300 684 3494 738 Ἰακὼϐ
3537 683 3729 753 βοηθὸς
3766 681 3964 744 αὐτοῦ,
4003 685 4036 749 ὴ

2476 785 2631 847 ἐλπὶς
2651 784 2816 839 αὐτοῦ
2847 783 2942 836 ἐπὶ
2970 782 3173 853 Κύριον
3208 781 3300 832 τὸν
3322 779 3454 832 Θεὸν
3473 777 3658 831 αὐτοῦ.
3688 795 3707 827 ›

2549 897 2568 930 ι
2605 878 2778 950 Βουλῆ
2810 878 3004 946 ἁγίων,
3039 879 3276 940 σύνεσις.
3303 897 3322 929 ι

2551 991 2569 1024 ι
2601 972 2886 1044 Μακάριος
2949 971 3126 1042 ἀνὴρ,
3168 971 3228 1032 ὃς
3265 963 3390 1038 εὗρε
3458 965 3664 1030 σοφίαν.
3730 960 4040 1032 Τιμιωτὲρα

2475 1066 2585 1136 γάρ
2621 1067 2739 1118 ἐστι
2761 1065 2925 1118 λίθων
2958 1063 3288 1117 πολυτελῶν.
3320 1081 3338 1114 ›

2553 1177 2572 1208 ι
2610 1159 2748 1228 Χεὶρ
2783 1157 3057 1210 ἐκλεκτῶν
3082 1156 3350 1226 κρατήσει
3380 1149 3641 1221 εὐχερῶς.

2549 1270 2566 1300 ι
2605 1251 2954 1317 Τελειότητος
2979 1247 3142 1301 ὁσίων
3170 1247 3425 1316 ὁδηγήσει
3452 1243 3647 1306 αὐτούς

2549 1363 2564 1391 ι
2606 1342 2664 1392 ’0
2685 1339 2850 1392 ἐλεῶν
2878 1339 3142 1408 πτωχοὺς,
3165 1335 3519 1407 μακαριστός.
3558 1354 3576 1385 ι

2545 1538 2563 1570 ι
2619 1519 2678 1572 Ὀ
2710 1517 3016 1586 ἁπτόμενος
3045 1513 3219 1586 ὑμῶν,
3254 1515 3330 1577 ὡς
3360 1513 3662 1582 ἁπτόμενος
3717 1511 3814 1580 τῆς
3869 1509 4035 1580 κόρης

2467 1610 2562 1662 τοῦ
2585 1609 2868 1678 ὀφθαλμοῦ
2900 1625 3022 1678 μου.
3045 1627 3063 1659 ι

2545 1721 2563 1754 ι
2604 1702 2880 1773 Μακάριοι
2908 1702 3110 1764 πάντες
3143 1701 3194 1754 οἱ
3225 1699 3554 1771 ἐμμένοντες
3579 1697 3636 1749 ὲν
3669 1695 3836 1765 αὐτῷ.
3858 1714 3877 1745 ι

2546 1817 2564 1848 ι
2600 1797 2888 1866 Μακάριος
2909 1798 2937 1849 ὁ
2966 1793 3236 1864 διατηρῶν
3265 1793 3366 1855 τὰς
3410 1794 3600 1862 χεῖρας
3642 1789 3804 1842 αὐτοῦ
3834 1788 3927 1842 τοῦ
3958 1790 4033 1858 μὴ

2468 1889 2643 1941 ποιεῖν
2669 1887 2846 1940 ἄδικα.
2873 1905 2891 1938 ι

2547 1999 2566 2032 ι
2603 1981 2715 2033 Καὶ
2740 1980 2891 2032 ἔσται
2923 1981 2956 2048 ἠ
2987 1977 3136 2048 ψυχὴ
3175 1976 3282 2028 τῶν
3332 1975 3502 2043 ἁγίων
3553 1974 3742 2044 ὥσπερ
3777 1972 3929 2039 Ξύλον
3946 1971 4032 2038 ἔγ-

2467 2095 2537 2130 κα
2547 2093 2700 2145 ρπον,
2727 2095 2747 2126 ι

2544 2187 2562 2217 ι
2603 2167 2886 2230 Μακάριοί
2916 2168 3105 2235 ἐσμεν,
3123 2159 3362 2234 Ἰσραὴλ,
3381 2160 3546 2214 ὅτιτά
3571 2159 3777 2230 ἀρεστά
3810 2159 3889 2228 τῷ
3916 2157 4031 2212 Θεῶ

2467 2259 2592 2328 ὑμῖν
2622 2275 2841 2326 «(vnio-ta
2872 2259 3038 2310 ἐστιν.
3071 2273 3090 2306 ›

2542 2370 2559 2401 ι
2591 2353 2878 2415 Μακάριος
2943 2351 3116 2422 ἀνὴρ,
3147 2352 3204 2411 ὃς
3255 2352 3354 2402 οὐκ
3383 2349 3680 2401 ὡλίσθπσεν
3711 2349 3768 2399 ὲν
3803 2345 4031 2414 στόματι

2465 2445 2650 2500 αὐτοῦ.
2677 2446 2962 2517 Μακάριος
2989 2441 3034 2516 ᾧ
3051 2450 3111 2502 οὐ
3141 2449 3438 2520 κατέγνωὴ
3467 2446 3612 2517 ψυχὴ
3632 2443 3816 2497 αὑτοῦ.
3846 2458 3864 2490 ι

2540 2651 2560 2681 ι
2599 2631 2785 2684 Ἐννέα
2814 2631 3013 2700 ὐπονοή
3024 2648 3170 2702 ματα
3226 2631 3540 2702 ἑμακάρισα
3563 2629 3621 2681 ἐν
3649 2625 3848 2696 καρδία
3906 2639 4026 2692 μου,

2464 2723 2558 2775 καὶ
2579 2721 2640 2774 τὸ
2665 2723 2890 2776 δέκατον
2914 2722 3024 2794 ὲρῶ
3049 2724 3140 2774 ἐπὶ
3158 2721 3432 2792 γλώσσης.
3460 2719 3779 2789 Ἀνθρωπος
3801 2715 4031 2783 εὐφραι-

2463 2815 2685 2885 νόμενος
2715 2817 2808 2869 ἐπὶ
2853 2816 3085 2882 τέκνοις,
3131 2814 3239 2879 ζῶν
3273 2815 3367 2868 καὶ
3419 2813 3628 2884 βλέπων
3677 2809 3770 2862 ἐπὶ
3823 2807 4028 2860 πτῶσιν

2463 2908 2695 2978 ἐχθρῶν.
2729 2908 3061 2978 Μακάριοςὸ
3094 2906 3270 2960 συνὼν
3321 2903 3542 2974 γυναικὶ
3601 2903 3814 2971 σννετῇ,
3846 2900 3943 2952 καὶ
3973 2898 4025 2960 ὃς

2462 3003 2521 3054 ὲν
2546 3000 2763 3071 γλώσσῃ
2817 3003 2917 3054 οὐκ
2971 2999 3296 3069 ὡλὶσθησεν,
3346 2999 3442 3051 καὶ
3468 2997 3528 3060 ὃς
3555 2996 3652 3049 οὐκ
3717 2992 4027 3046 ἐδούλευσεν

2463 3092 2668 3164 ἀναξίῳ
2717 3092 2937 3146 ἑαυτοῦ.
2996 3090 3284 3162 Μακάριος
3330 3089 3388 3152 ὃς
3423 3082 3547 3159 εὗρε
3591 3085 3886 3155 φρόνησιν,
3935 3080 4025 3133 καὶ

2389 3203 2434 3263 c
2465 3184 2830 3254 ὁδηγούμενος
2881 3185 2962 3246 εἰς
3016 3177 3130 3236 ὦτα
3173 3182 3499 3236 ἀκουόντων.
3543 3179 3628 3240 Ὠς
3670 3176 3840 3244 μέγας
3871 3176 3903 3223 ὁ
3938 3174 4023 3224 εὑ-

2467 3274 2576 3344 ρὼν
2609 3275 2796 3341 σοφίαν
2834 3276 2846 3326 !
2906 3273 3144 3326 ἀλλὀὐκ
3183 3272 3327 3325 ἔστιν
3377 3271 3516 3339 ὑπὲρ
3563 3269 3654 3320 τὸν
3695 3265 4026 3336 φοϐούμενον

2462 3368 2555 3420 τὸν
2588 3367 2808 3438 Κύριον.
2822 3385 2854 3446 ι»

2539 3567 2557 3598 ι
2588 3547 2938 3618 Μακάριοιοὶ
2989 3548 3197 3616 πτωχοὶ
3239 3545 3318 3614 τῷ
3372 3541 3660 3610 πνεὺματι,
3708 3541 3790 3591 δτι
3853 3538 4024 3590 αὐτῶν

2463 3644 2610 3694 ἐστιν
2693 3639 2936 3709 βασιλεία
2957 3640 3066 3692 τῶν
3089 3636 3351 3708 οὐρανῶν.
3375 3655 3394 3686 ι

2538 3753 2555 3784 ι
2597 3733 2874 3803 Μακάριοι
2908 3733 2955 3784 οἱ
2980 3733 3197 3800 πραεῖς,
3245 3731 3326 3782 ὅτι
3359 3729 3513 3782 αἳιτοὶ
3561 3724 4023 3794 κληρονομήσουσι

2459 3828 2558 3897 τὴν
2591 3827 2712 3894 γῆν.
2741 3844 2759 3876 ›

2539 3938 2556 3966 ι
2597 3917 2872 3987 Μακάριοι
2906 3919 2953 3969 οἱ
3003 3916 3351 3978 πενθοῦντες,
3379 3915 3459 3967 ὅτι
3491 3912 3641 3966 αὖτοῖ
3672 3906 4021 3979 παρακλτθέ-

2462 4028 2664 4064 σονται.

2537 4125 2554 4154 ι
2597 4103 2876 4170 Μακάριοι
2901 4105 2950 4155 οἱ
2973 4103 3286 4166 πεινῶντες,
3311 4101 3404 4153 καὶ
3423 4099 3682 4168 διψῶντες
3705 4114 3804 4163 την
3837 4096 4023 4147 627.229-

2461 4199 2646 4267 σύνην,
2687 4199 2769 4249 ὃτι
2798 4197 2950 4249 αὐτοὶ
2977 4193 3458 4265 χορτασθήσονται.
3486 4211 3505 4242 ι

2534 4310 2551 4340 ι
2587 4290 2864 4360 Μακάριοι
2889 4290 2937 4342 οἱ
2956 4285 3536 4357 ὲ).εήμονες,ὂτιαῦτοὶ
3563 4284 3968 4354 ἐλεηθησονται.
3998 4300 4015 4330 ι

2536 4489 2553 4520 ι
2593 4471 2870 4538 Μακάριοι
2888 4470 2935 4522 οἱ
2959 4468 3192 4539 καθαροὶ
3223 4470 3288 4537 τῇ
3321 4467 3536 4537 καρδία,
3597 4466 3676 4516 δτι
3739 4463 3891 4516 αὺτοῖ
3934 4460 4023 4512 τὶν

2389 4551 2430 4604 Ῑ)
2458 4560 2587 4612 Θεὸν
2614 4560 2850 4628 ὄψονται.
2878 4579 2896 4610 ιι

2539 4673 2555 4701 ι
2597 4654 2954 4724 Μακάριοιοί
2997 4655 3326 4722 εἰοηνοποιοὶ
3403 4653 3483 4704 ὅτι
3525 4651 3676 4704 αὐτοὶ
3730 4651 3834 4703 υἱοὶ
3891 4648 4020 4702 6:53

2456 4743 2838 4809 κληθήσονται.
2867 4764 2884 4794 ι

2533 4853 2550 4883 ι
2585 4833 2859 4903 Μακάριοι
2889 4835 2937 4885 οἱ
2961 4835 3306 4903 δεδιωγμένοι
3329 4834 3514 4885 ἕνεκεν
3543 4834 3914 4903 δικαιοσύνης,
3943 4835 4020 4884 ὅτι

2456 4924 2632 4978 αὐτῶν
2665 4926 2811 4977 ἐστιν
2834 4927 2866 4993 ἡ
2889 4923 3132 4992 βασιλεία
3162 4924 3268 4976 τῶν
3285 4923 3548 4994 οὐρανῶν.
3578 4943 3593 4972 ι

2535 5126 2550 5153 ι
2589 5102 2863 5172 Μακάριοί
2916 5103 3060 5164 ἐστε,
3117 5103 3244 5154 ὅταν
3308 5101 3640 5153 ὀνειδίσωσιν
3684 5101 3866 5168 vuig.
3931 5119 4020 5149 και

2457 5194 2711 5258 διώξωσι,
2755 5197 2847 5246 καὶ
2878 5194 3071 5245 εἴπωσι
3100 5195 3208 5244 πᾶν
3240 5192 3475 5261 πονηρὲ-ι
3511 5192 3657 5261 ῥῆμα
3689 5192 3813 5242 κατΓ
3870 5191 4019 5256 ὑμῶν

2455 5286 2793 5353 ψευδόμενοι,
2824 5286 3007 5336 ἕνεκεν
3030 5283 3184 5351 ἐμοῦ.
3232 5283 3461 5352 Χαίρετε
3500 5283 3590 5334 καὶ
3635 5281 4018 5348 άγγαλλιεῖσθε,

2456 5378 2537 5429 ὅτι
2563 5379 2590 5431 ὀ
2623 5377 2812 5446 μισθὸς
2841 5377 2996 5446 ὑμῶν
3025 5375 3190 5438 πολὺς
3215 5377 3273 5427 ἐν
3295 5377 3407 5437 τοῖς
3441 5375 3706 5443 οὐρανοῖς.
3741 5392 3756 5423 i

2534 5579 2552 5609 ‹
2577 5558 2849 5628 Μακάριοι
2877 5557 2926 5608 οἱ
2955 5559 3027 5627 μὴ
3057 5555 3274 5620 εἰδότες,
3300 5557 3393 5608 καὶ
3417 5555 3826 5616 πιστεύσαντες.
3858 5572 3874 5604 i

2533 5757 2550 5788 ι
2600 5738 2844 5803 Ἐγένετο
2865 5740 2922 5789 ἐν
2949 5737 3026 5805 τῷ
3083 5736 3262 5802 λέγειν
3322 5737 3483 5788 αὑτὸν
3544 5735 3714 5788 ταῦτα
3768 5735 4020 5803 ἐπάρασα

2457 5850 2535 5893 τις
2612 5832 2744 5899 γυνὴ
2797 5830 2976 5883 univira
3007 5831 3183 5883 ἐκτῶ
3245 5830 3422 5900 ὄχλον,
3470 5825 3622 5882 εἶπεν
3670 5830 3820 5897 αὐτῷ
3856 5848 3868 5860 °
3903 5831 4014 5881 \la-~
