4218 6446
234 449 366 513 1937

1499 450 1735 508 SACRA
1774 450 2229 510 PAR.\I.LEL;\-

3333 454 3464 515 1238

229 560 397 629 καρία
431 562 463 632 ἡ
502 559 676 613 κοιλία
718 562 748 630 ἡ
788 561 1109 631 βαστάσασά
1153 578 1247 625 σε,
1305 562 1398 615 καὶ
1454 559 1651 630 μαστοὶ
1705 557 1797 619 οὓς
1827 562 1872 616 Α

1794 574 1797 614 ς
1827 562 1872 616 Α
1904 558 2101 613 Beatus
2128 570 2316 614 venter
2337 561 2428 629 qui
2456 570 2508 615 te
2525 562 2786 631 portavit,
2811 570 2862 615 et
2890 561 3057 615 ubera
3083 574 3203 631 qum
3237 563 3460 616 suxisti.

224 652 518 724 ἐθήλασας.
554 655 725 718 Αὐτὸς
762 655 819 709 δὲ
862 650 1013 708 εἶπεν
1049 673 1062 686 ·
1097 654 1377 722 Μενοῦνγε
1434 653 1695 724 μακάριοι
1745 652 1794 704 al

227 746 522 811 ἀκούοντες
583 747 676 801 τὸν
731 748 890 815 λόγον
945 747 1039 801 τοῦ
1088 747 1245 813 Θεοῦ,
1284 748 1379 800 καὶ
1431 746 1795 814 φυλάσσοντες

224 839 411 892 αὐτόν.
437 860 454 889 ι

304 953 320 983 ι
355 933 632 1004 Μακάριοί
675 936 812 987 εἰσιν
844 937 892 987 οἱ
921 935 1098 988 δοῦλοι
1152 938 1369 995 ἐκεῖνοι,
1422 933 1515 996 οὓς
1581 930 1795 983 ἐλθὼνό

224 1021 429 1092 Κύριος
482 1024 699 1095 εὑρήσει
754 1023 1184 1096 γρηγοροῦντας.
1234 1023 1409 1095 Ἀμὴν
1441 1022 1584 1091 λέγω
1642 1026 1789 1094 ὑμῖν,

223 1117 309 1168 ὃτι
342 1116 733 1186 περιζώσεται,
759 1122 855 1173 καὶ
894 1120 1173 1173 ἀνακλινεῖ
1223 1120 1441 1182 αὐτοὺς.
1504 1120 1597 1173 καὶ
1656 1137 1794 1188 παρ-

222 1207 393 1262 ελθὼν
426 1210 735 1282 διακονήσει
767 1213 970 1276 αὐτοῖς.
1028 1212 1138 1266 Καὶ
1192 1212 1288 1265 ἐάν
1347 1212 1477 1285 ἔλθῃ
1504 1216 1561 1266 ἐν
1588 1215 1653 1284 τῇ
1675 1213 1793 1265 δευ-

222 1300 361 1371 τέρα
390 1302 627 1375 φυλακῇ,
665 1304 759 1356 καὶ
784 1306 842 1357 ἐν
865 1307 930 1375 τῇ
961 1305 1121 1376 τρίτῃ
1180 1304 1420 1376 φυλακῇ,
1481 1304 1631 1379 ἔλθῃ,
1698 1307 1793 1359 καὶ

222 1392 360 1463 εῦρῃ
391 1395 585 1459 οὕτως,
625 1397 887 1468 μακάριοί
914 1400 1051 1451 εἰσιν
1070 1400 1120 1451 οί
1146 1398 1320 1451 δοῦλοι
1349 1400 1566 1456 ἐκεῖνοι.
1594 1418 1612 1450 ι

302 1498 321 1532 ι
349 1483 633 1556 Μακάριος
687 1489 715 1539 ὁ
767 1487 842 1557 μὴ
887 1488 1088 1559 κρίνων
1143 1490 1334 1543 ἑαυτὸν
1382 1492 1440 1544 ἐν
1568 1492 1792 1561 δοκιμά-

222 1589 330 1636 εει.
352 1592 369 1623 ι

302 1684 321 1717 ι
356 1667 511 1721 Κατὰ
533 1668 714 1723 πίστιν
738 1671 1007 1727 ἀπέθανον
1029 1670 1173 1729 οὗτοι
1198 1676 1420 1742 πάντες.
1438 1677 1512 1748 μὴ
1537 1678 1792 1742 λαϐόντες

220 1758 323 1815 τὰς
358 1760 713 1829 ἐπαγγελίας,
740 1765 873 1817 ἀλλὰ
901 1767 1181 1838 πόρρωθεν
1219 1770 1390 1834 αὑτάς
1444 1772 1641 1835 ἰδόντες
1699 1777 1792 1828 κα)⁸

220 1849 645 1922 ἀσπασάμενοι,
697 1858 792 1911 καὶ
842 1860 1309 1931 ὁμολογήσαντες,
1358 1866 1440 1918 ὅτι
1495 1867 1632 1931 ξένοι
1700 1871 1794 1924 καὶ

222 1942 597 2014 παρεπίδημοί
631 1946 769 2000 εἰσιν
800 1949 892 2001 ἐπὶ
916 1951 1014 2022 τῆς
1036 1955 1158 2023 γῆς.
1193 1956 1257 2005 Οἱ
1286 1955 1394 2027 γὰρ
1436 1959 1656 2014 τοιαῦτα
1710 1961 1794 2016 λέ-

219 2051 434 2102 γοντες,
467 2038 860 2107 ἐμφανίζουσιν
885 2044 969 2096 ὅτι
1003 2046 1241 2116 πατρίδα
1285 2049 1626 2121 ἐπιζητοῦσι.
1684 2057 1795 2110 Καὶ

219 2129 273 2181 εί
308 2130 404 2199 μὲν
432 2132 651 2200 ἐκείνης
673 2133 1071 2205 ἐμνημόνευον,
1103 2139 1198 2207 ἀφ’
1221 2133 1289 2210 ἧς
1321 2140 1620 2213 ἐξέϐησαν,
1646 2141 1793 2216 εἶχον

222 2221 292 2274 ἂν
325 2222 515 2291 καιρὸν
549 2225 887 2296 ἀνακάμψαι.
916 2228 1028 2281 Νῦν
1048 2230 1105 2283 δὲ
1144 2234 1454 2301 κρείττονος
1489 2238 1791 2308 ὀρέγονται,

220 2314 505 2367 τουτέστιν
532 2317 882 2391 ἐπουρανίου.
918 2321 1008 2374 Διὸ
1037 2324 1137 2375 οὑκ
1191 2327 1575 2396 ἐπαισχύνεται
1596 2333 1794 2397 αὐτοὺς

220 2408 251 2457 ὁ
285 2406 438 2470 Θεὸς,
476 2408 607 2472 Θεὸς
658 2410 840 2464 αὑτῶν
902 2414 1303 2472 ἐπικαλεῖσθαι.
1340 2419 1634 2493 Ἤτοίμασε
1687 2427 1794 2498 γὰρ

221 2497 406 2562 αὐτοῖς
441 2500 619 2555 πόλιν.
650 2520 669 2555 ι
707 2504 814 2557 Καὶ
830 2508 958 2574 μετ’
996 2509 1203 2579 ὁλίγα’
1232 2530 1249 2562 ι
1286 2512 1392 2565 Καὶ
1410 2513 1464 2566 τί
1500 2514 1577 2568 ἔτι
1627 2497 1791 2587 λέγω;

223 2588 491 2657 ἐπιλείψει
529 2594 636 2663 γάρ
667 2612 734 2663 με
764 2595 1119 2667 διηγούμενον
1139 2603 1166 2653 6
1188 2602 1377 2671 χρόνος
1405 2606 1531 2676 περὶ
1561 2607 1790 2673 Γεδεὼν,

226 2682 416 2751 Βαράκ
447 2702 530 2748 τε,
560 2688 655 2739 καὶ
689 2688 949 2757 Σαμψὼν,
1012 2695 1106 2745 καὶ
1141 2695 1369 2765 Ἰεφθάε,
1406 2700 1569 2753 Δαϐίδ
1591 2720 1670 2769 τε,
1699 2706 1794 2757 καὶ

224 2773 498 2846 Σαμουὴλ,
532 2778 627 2832 καὶ
657 2780 765 2832 τῶν
821 2784 1134 2855 προφητῶν,
1160 2787 1209 2839 οἱ
1238 2787 1327 2841 διά
1358 2780 1594 2858 πίστεως
1659 2814 1794 2851 κατ-

225 2866 571 2932 ηγωνίσαντο
593 2869 891 2940 βασιλείας.
917 2893 935 2924 ι

296 2957 583 3030 Μακάριος
625 2964 655 3015 6
697 2963 768 3016 τὰ
844 2967 1113 3022 πλείστων
1169 2971 1295 3036 ἀξια
1360 2978 1716 3047 κεκτημένος.
1768 2984 1797 3035 ὁ

222 3047 337 3099 τῶν
383 3050 762 3123 ἀναφαιρέτων
801 3057 1024 3125 ἀγαθῶν
1080 3062 1327 3134 μέτοχος.
1360 3066 1562 3121 Τοῦτον
1596 3070 1651 3124 δὲ
1678 3071 1795 3136 πῶς

222 3140 645 3281 ἓπιγνωσόμεθα
672 3162 687 3212 ;
731 3147 827 3210 Ὃς
854 3148 955 3201 οὑκ
992 3151 1264 3225 ἐπορεύθη
1288 3155 1345 3207 ἐν
1362 3159 1427 3228 τῇ
1473 3157 1637 3231 βουλῇ
1665 3162 1795 3215 ἀσε-

261 3248 356 3281 ων.

261 3248 356 3282 ων.

294 3325 604 3395 Μακάριος,
638 3328 696 3393 ὃς
744 3331 844 3384 οὑκ
901 3331 1059 3386 ἔλαϐε
1117 3338 1244 3405 περὶ
1287 3338 1422 3392 Θεοῦ
1468 3341 1789 3415 δισταγμὸν,

220 3420 350 3490 ὁμὴ
414 3422 831 3492 μικροψυχήσας
888 3428 1117 3496 περὶτὰ
1157 3431 1419 3497 παρόντα,
1471 3435 1608 3488 ἀλλὰ
1660 3439 1793 3491 ἀνα-

223 3514 403 3581 μένων
424 3514 490 3566 τά
520 3515 944 3586 προσδοκώμενα
962 3536 976 3549 ·
1010 3519 1069 3583 ὃς
1090 3520 1215 3590 ἔσχε
1282 3525 1412 3595 περὶ
1444 3528 1535 3580 τοῦ
1564 3530 1794 3585 Κτίσαν-

219 3623 312 3667 τος
344 3608 489 3676 ἡμᾶς
514 3607 783 3677 ὑπόληψιν
804 3610 1053 3665 ἄπιστον.

293 3700 600 3769 Μαρτύρων
628 3704 845 3772 μνήμης
875 3704 957 3766 τίς
993 3704 1059 3756 ἂν
1094 3703 1305 3772 γένοιτο
1336 3710 1496 3778 κόρος
1535 3713 1614 3783 τῷ
1639 3715 1790 3782 φιλο-

223 3792 496 3863 μάρτυρι;
530 3794 664 3846 διότι
690 3796 722 3863 ή
758 3795 893 3865 πρὸς
914 3798 1041 3859 τοὺς
1066 3799 1305 3865 ἀγαθοὺς
1335 3803 1445 3855 τῶν
1484 3807 1791 3876 ὁμοδούλων

219 3885 356 3955 τιμὴ
392 3886 663 3951 ἀπόδειξιν
692 3886 802 3958 ἔχει
851 3890 950 3960 τῆς
986 3891 1121 3961 πρὸς
1170 3892 1261 3945 τὸν
1298 3897 1496 3951 οἰκεῖον
1526 3900 1791 3978 δεσπότην

221 3979 433 4041 εὐνοίας

309 4070 375 4124 Ἦ
428 4072 567 4142 πρὸς
622 4075 747 4135 τοὺς
792 4072 980 4139 εὔνους
1040 4080 1148 4132 τῶν
1203 4084 1507 4152 ὁμοδούλων
1554 4090 1790 4156 διάθεσις

218 4161 320 4230 τὴν
341 4163 615 4235 ἀναφοράν
642 4165 733 4218 ἐπὶ
758 4166 849 4219 τὸν
874 4167 1138 4240 δεσπότην
1160 4168 1339 4242 ἔχει,ᾧ
1359 4177 1786 4247 δεδουλεύκασιν,

220 4255 319 4307 καὶ
347 4257 375 4307 6
401 4256 527 4317 τοὺς
554 4255 643 4309 διὰ
680 4256 858 4311 πίστιν
884 4260 1189 4330 ἠθληκότας
1217 4269 1410 4338 τιμῶν,
1435 4271 1591 4342 δῆλός
1624 4276 1771 4329 ἐστιν

218 4344 314 4397 τὸν
334 4344 493 4415 ζῆλον
522 4347 662 4418 ἔχων
698 4349 798 4419 τῆς
827 4352 1080 4417 πίστεως.

294 4526 512 4595 Ταύτην
573 4523 709 4581 εἶναι
759 4534 1143 4601 πραγματείαν
1196 4537 1423 4623 φίστην
1475 4545 1646 4611 φημὶ,
1705 4547 1787 4597 αῖ-

1897 650 1965 703 At
1997 649 2089 704 ille
2131 652 2311 705 dixit:
2347 652 2605 717 Quinimo
2641 652 2784 707 beati
2836 654 2928 723 qui
2971 654 3203 709 audiunt
3238 652 3462 707 verbum

1897 741 2011 808 Dei,
2045 752 2099 797 ct
2120 744 2442 799 custodiunt
2470 744 2624 799 illud.
2649 765 2667 797 ι

1966 925 2098 982 Luc.
2126 943 2223 989 xu,
2258 928 2346 995 57,
2379 929 2468 983 38.
2493 959 2559 971 --
2592 948 2609 979 ι
2642 928 2788 984 Beati
2840 928 2985 984 servi
3012 928 3112 992 illi,
3145 941 3284 997 quos
3340 942 3465 981 cum

1899 1018 2113 1072 venerit
2138 1018 2421 1087 Dominus,
2461 1022 2731 1076 invenerit
2763 1022 3075 1093 vigilantes.
3118 1022 3289 1074 Amen
3340 1017 3467 1072 dico

1895 1111 2073 1173 vobis,
2106 1111 2253 1181 quod
2286 1114 2587 1185 prmciiiget
2610 1129 2691 1177 se,
2724 1122 2776 1170 et
2802 1114 2966 1169 faciet
3031 1115 3153 1167 illos
3223 1112 3468 1167 discum-

1895 1204 2059 1269 bere,
2094 1216 2149 1259 et
2184 1208 2467 1263 transiens
2526 1208 2867 1263 ministrabit
2911 1208 3040 1261 illis.
3078 1206 3139 1260 Et
3169 1206 3215 1261 si
3250 1205 3466 1260 venerit

1897 1296 1950 1350 in
1978 1299 2221 1351 secunda
2264 1300 2473 1369 vigilia,
2499 1308 2554 1353 et
2574 1300 2621 1353 si
2649 1299 2705 1353 in
2736 1299 2900 1352 tertia
2938 1298 3127 1367 vigilia
3156 1297 3387 1361 venerit,
3412 1305 3465 1347 cl.

1896 1390 1968 1443 ita
1999 1391 2291 1454 invenerit,
2326 1391 2468 1447 beati
2501 1402 2631 1447 sunt
2652 1392 2795 1447 servi
2830 1392 2927 1445 illi.
2960 1409 2977 1442 ι

1892 1540 1895 1543 λ
1964 1482 2091 1537 Luc.
2131 1501 2242 1548 τιν,
2275 1484 2365 1539 22.
2400 1516 2465 1524 —
2503 1505 2522 1537 ι
2547 1485 2745 1539 Beatus
2773 1486 2864 1554 qui
2898 1502 3004 1538 non
3038 1484 3249 1553 judicat
3271 1494 3465 1540 seruet-

1895 1578 2070 1645 ipsum
2097 1578 2150 1630 in
2178 1592 2241 1631 eo
2260 1578 2406 1647 quod
2441 1578 2655 1646 prohat.
2687 1597 2702 1627 ι

1970 1669 2131 1722 Hebr.
2166 1686 2218 1724 χι
2244 1710 2259 1733 ,
2294 1670 2521 1733 15-10,
2556 1670 2657 1734 5‘2,
2692 1670 2781 1724 55.
2814 1702 2880 1709 —-—
2916 1688 2933 1721 ι
2975 1669 3136 1723 Juxta
3166 1669 3322 1723 [idem
3370 1669 3464 1721 de-

1896 1762 2073 1818 functi
2112 1774 2238 1819 sunt
2277 1780 2469 1821 omnes
2508 1765 2621 1825 isti,
2657 1780 2766 1817 non
2792 1764 3034 1832 acceptis
3074 1764 3466 1833 repromissio—

1898 1854 2079 1915 nibus,
2113 1855 2208 1909 sed
2245 1869 2273 1907 a
2316 1854 2473 1925 longe
2516 1870 2610 1909 eas
2641 1855 2976 1925 aspicientes
2999 1896 3013 1917 ,
3045 1862 3100 1909 et
3127 1854 3431 1908 salutantes
3453 1892 3466 1913 ,

1896 1956 1948 2000 et
1979 1948 2328 2009 confitentes,
2364 1948 2499 2017 quia
2535 1948 2808 2016 peregrini
2838 1954 2892 2001 et
2917 1948 3166 2016 hospites
3230 1954 3356 2001 sunt
3377 1962 3471 1999 su-

1897 2055 1994 2110 per
2033 2050 2257 2093 terram.
2285 2038 2391 2105 Qui
2442 2040 2589 2093 enim
2635 2038 2752 2092 haec
2785 2038 2999 2101 dicunt,
3063 2038 3377 2107 signiﬁcant
3412 2055 3471 2089 se

1896 2136 2129 2204 patriam
2163 2134 2463 2204 inquirere.
2493 2133 2560 2187 Et
2591 2134 2635 2187 si
2673 2132 2895 2202 quidem
2957 2131 3137 2201 ipsius
3192 2131 3472 2185 meminis-

1896 2239 2040 2290 sent,
2085 2230 2153 2283 de
2202 2242 2308 2298 qua
2357 2228 2633 2292 exierunt,
2690 2226 2967 2279 habebant
3009 2226 3199 2295 utique
3256 2236 3470 2294 tempus

1896 2321 2224 2376 revertendi.
2276 2319 2439 2391 Nune
2503 2328 2684 2372 autem
2736 2320 3020 2373 meliorem
3082 2325 3370 2388 appetunt,
3418 2318 3469 2370 id

1898 2418 2314 2470 estecelestem.
2349 2413 2474 2468 Ideo
2534 2429 2643 2468 non
2683 2412 3047 2466 confunditur
3111 2411 3276 2478 Deus,
3328 2412 3471 2465 Deus

1896 2510 2081 2565 vocari
2137 2524 2351 2564 eorum.
2410 2507 2631 2562 Paravit
2686 2507 2830 2559 enim
2870 2506 2981 2559 illis
3023 2506 3366 2559 eivitatema
3404 2503 3471 2557 Et

1894 2606 2077 2673 paucis
2130 2603 2459 2673 interjectis:
2501 2620 2519 2652 ι
2554 2601 2775 2670 thuid
2828 2601 3009 2653 adhuc
3061 2597 3473 2653 dico?Delicit-t

1896 2712 1984 2752 me
2028 2708 2245 2766 tempus
2316 2705 2668 2748 enarrantem
2699 2694 2766 2746 de
2817 2692 3061 2755 Gedeon,
3104 2702 3159 2745 et
3196 2689 3389 2751 Barac,
3417 2700 3471 2742 c-t

1896 2790 2135 2845 Samson
2164 2828 2180 2851 ,
2214 2797 2267 2843 et
2293 2787 2515 2857 Jephte,
2550 2796 2605 2841 ct
2648 2784 2843 2847 David,
2876 2795 2930 2840 et
2962 2784 3205 2848 Samuel,
3239 2792 3295 2839 et
3344 2799 3471 2854 pru-

1896 2883 2098 2952 phetis,
2121 2882 2213 2951 qui
2234 2896 2332 2949 per
2364 2879 2523 2932 [idem
2577 2879 2831 2932 vicerunt
2859 2892 3047 2949 regna.
3078 2897 3094 2928 ι

1965 2974 2129 3045 372
2183 2971 2335 3027 Basil
2365 2973 2417 3025 iu
2454 2971 2593 3038 psal.
2628 2986 2665 3024 ι.
2703 2999 2766 3011 —-
2824 2969 3023 3024 Beatus
3071 2978 3178 3033 est,
3237 2970 3331 3040 qui
3383 2986 3471 3023 res

1898 3081 2113 3122 summe
2140 3063 2412 3135 pretiosas
2441 3060 2707 3131 possidet,
2744 3076 2917 3130 eaque
2961 3062 3102 3114 bona
3154 3061 3469 3131 participas,

1898 3174 2018 3229 qua:
2046 3157 2212 3210 adimi
2238 3169 2348 3209 non
2383 3162 2634 3224 possunt.
2668 3152 2774 3219 Qui
2828 3168 2957 3207 vero
3003 3153 3149 3206 hunc
3205 3167 3468 3223 agnosce-

1901 3247 2066 3302 mus?
2096 3249 2147 3300 ls
2180 3253 2266 3300 est
2303 3245 2399 3314 qui
2456 3258 2564 3297 non
2610 3242 2741 3295 abiit
2767 3243 2819 3294 in
2855 3243 3093 3295 consilio
3151 3241 3467 3310 impiorum.

1973 3340 2116 3393 Ibid.
2146 3368 2216 3377 -—
2254 3336 2457 3390 Beatus
2496 3335 2591 3403 qui
2644 3333 3049 3388 dubitationem
3086 3334 3153 3387 de
3188 3332 3297 3386 Deo
3361 3350 3468 3386 nou

1900 3430 2166 3485 admisit:
2197 3427 2291 3497 qui
2323 3427 2524 3496 pusillo
2545 3425 2862 3478 animonon
2884 3433 2968 3478 est
2993 3441 3118 3494 erga
3157 3426 3468 3494 prazseutia;

1900 3525 1994 3579 sed
2031 3538 2095 3577 ea
2123 3537 2246 3592 qua:
2277 3522 2330 3574 in
2358 3536 2455 3589 spe
2495 3517 2669 3586 posita
2702 3526 2851 3580 sunt,
2886 3527 3195 3587 exspectat,
3228 3533 3329 3572 nec
3366 3518 3469 3570 im-

1900 3619 2043 3688 piam
2068 3615 2136 3669 de
2160 3616 2421 3669 Creatore
2461 3622 2651 3665 nostro
2691 3611 3004 3679 opinionem
3044 3610 3253 3663 habuit.

1972 3706 2167 3774 Ejusd.
2196 3705 2352 3759 "om.
2384 3704 2524 3757 imit)
2577 3713 2737 3754 mari.
2763 3731 2833 3740 --
2862 3700 3160 3757 Martvrutn
3214 3705 3472 3757 recorda-

1898 3802 2050 3855 tione
2070 3800 2196 3868 quis
2229 3805 2532 3868 martyrum
2562 3812 2756 3851 amans
2783 3796 2977 3851 satiari
3007 3797 3473 3865 queat?quan.lo-

1895 3894 2116 3963 quidem
2174 3891 2350 3944 honos
2425 3890 2517 3958 qui
2580 3890 2740 3945 bonis
2796 3890 3086 3943 conservis
3143 3889 3465 3950 exhibetur,

1895 3982 2292 4037 benevolentiae
2325 3995 2452 4050 erga
2475 3979 2763 4033 dominum
2806 3991 3189 4051 argumentum
3221 3990 3304 4034 est

1975 4074 2115 4127 Ibid.
2158 4102 2223 4112 —-
2258 4072 2440 4125 Animi
2469 4086 2594 4140 erga
2644 4071 2936 4125 benevolos
2991 4072 3288 4126 conservos
3334 4073 3469 4126 απυ-

1893 4170 2025 4226 ctio.
2063 4166 2130 4219 ad
2156 4165 2460 4224 dominum,
2494 4168 2579 4217 cui
2614 4163 2688 4216 illi
2712 4164 3040 4224 servierunt,
3070 4165 3343 4218 redundat
3370 4186 3382 4217 :
3410 4176 3464 4218 et

1895 4261 2151 4332 quisquis
2178 4275 2271 4313 eos
2296 4258 2389 4327 qui
2422 4256 2544 4310 iidei
2578 4271 2746 4310 causa
2772 4256 3131 4319 dimicarunt,
3162 4258 3331 4311 allicit
3370 4260 3465 4312 ho-

1896 4366 2052 4412 nore,
2078 4348 2369 4418 perspicue
2396 4346 2643 4400 ostendit
2682 4346 2872 4399 eodem
2899 4362 2958 4399 se
2992 4346 3113 4401 ﬁdei
3171 4348 3288 4401 zelo
3330 4366 3465 4417 prte-

1892 4441 2065 4494 ditum
2088 4455 2232 4493 esse.

1968 4528 2111 4581 Naz.
2148 4533 2278 4580 Orat
2310 4529 2361 4580 iu
2391 4526 2552 4596 Cypr.
2576 4556 2644 4568 --
2685 4527 2840 4581 llunc
2882 4544 3005 4583 esse
3032 4539 3301 4599 qnzestum
3344 4546 3465 4584 om-

225 4637 397 4688 ματος
444 4620 624 4687 ὀλίγον
680 4620 955 4691 βασιλείαν
1013 4620 1255 4696 οὐρανῶν
1308 4630 1640 4700 ὠνήσασθαι,
1696 4638 1786 4689 καὶ
1821 4656 1860 4708 ι)

1821 4656 1860 4708 Ι)
1896 4624 2046 4675 nium
2088 4620 2615 4690 praestantissimum
2641 4621 2751 4681 aio,
2781 4621 2985 4689 exiguo
3043 4622 3315 4691 sanguine
3357 4640 3462 4676 we-

217 4712 380 4775 δόξτς
431 4710 704 4781 άῖδιότητα
743 4712 851 4765 τῶν
900 4718 1251 4786 προσκαίρων
1301 4721 1607 4775 ἀντιλαϐεῖν
1652 4726 1788 4779 ἀνα-

223 4804 336 4857 θῶν

294 4896 477 4965 Νόμος
515 4898 839 4966 μαρτυρίας,
874 4900 1010 4968 μήτε
1036 4901 1317 4965 ἐθέλοντας
1355 4905 1491 4975 πρὸς
1519 4907 1610 4959 τὸν
1640 4909 1785 4977 ἁγὼ-

222 5004 291 5040 να
314 4990 529 5056 χωρεῖν,
563 4988 732 5056 φειδοῖ
762 4988 870 5041 τῶν
918 4991 1220 5043 διωκόντων
1265 4994 1355 5045 καὶ
1410 4995 1517 5047 τῶν
1571 4998 1788 5050 ἀσθενεο

222 5078 434 5147 στέρων
466 5118 481 5140 ,
538 5080 674 5147 μήτε
722 5080 996 5149 παρόντας
1037 5082 1362 5136 ἀναδύεσθαι
1396 5102 1411 5118 ο
1445 5085 1503 5137 τὸ
1532 5087 1630 5151 μὲν
1682 5088 1787 5156 γάρ

223 5169 481 5241 θράσους,
500 5170 560 5223 τὸ
590 5171 645 5224 δὲ
674 5172 963 5243 ἀνανδρίας
994 5175 1158 5229 ἐστίν.

306 5444 373 5496 Ἠ
421 5445 527 5497 τῶν
577 5447 945 5516 μακαρισμῶν
1010 5452 1300 5514 κοινωνία,
1362 5451 1614 5523 θεότητός
1676 5457 1789 5507 ἐστι

224 5537 479 5589 κοινωνία
502 5552 515 5565 ·
546 5536 680 5589 Θεοῦ
728 5538 837 5609 γὰρ
861 5539 937 5604 ὡς
962 5541 1175 5612 άληθῶς
1232 5543 1360 5597 ἴδιον
1384 5547 1417 5617 ή
1452 5547 1789 5617 μακαριότης

222 5645 393 5681 εστιν.

296 5718 358 5771 Εἰ
380 5718 439 5770 τὸ
462 5718 585 5771 ἰδεῖν
631 5720 719 5772 τὸν
764 5721 898 5775 Θεόν
949 5724 1250 5796 ὑπερϐολὴν
1280 5729 1337 5779 ἐν
1363 5728 1439 5799 τῷ
1472 5728 1661 5799 ἁγαθῷ
1692 5732 1790 5783 οὑκ

223 5809 447 5877 ἔχει,τὸ
481 5810 604 5863 Υἰὸν
642 5812 889 5880 γενέσθαι
943 5818 1035 5871 τοῦ
1101 5818 1257 5881 Θεοῦ,
1309 5822 1446 5891 ὑπὲρ
1497 5822 1791 5891 εὐκληρίαν

222 5903 343 5954 ἐστὶ
407 5902 635 5962 πάντων.
676 5906 730 5959 '0
753 5911 856 5976 γὰρ
899 5910 1012 5974 1‘56;
1062 5913 1312 5976 ἀξιωθεὶς
1359 5916 1630 5981 γενέσθαι,

1891 4716 2026 4770 leste
2059 4729 2285 4783 regnum
2319 4728 2526 4775 emere,
2558 4720 2612 4764 et
2641 4729 2740 4782 pro
2771 4714 3000 4767 caducis
3022 4722 3076 4768 et
3110 4718 3461 4784 temporariis

1890 4806 2050 4860 bonis
2082 4805 2442 4859 aeternitatem
2481 4804 2669 4874 gloria:
2699 4806 2927 4861 referre.

1966 4898 2213 4968 Ejusdem
2233 4899 2285 4949 iu
2315 4896 2483 4951 Basil.
2520 4926 2589 4938 —
2616 4897 2723 4951 Lex
2742 4898 3002 4967 martyrii
3037 4900 3233 4966 poscit,
3268 4910 3322 4952 ut
3358 4916 3456 4953 nec

1894 4992 2038 5045 ultro
2066 4992 2117 5043 in
2146 4998 2424 5043 certamen
2454 5004 2720 5053 ruamus;
2773 4990 2937 5042 saluti
2981 4990 3238 5043 nimirum
3275 5006 3455 5058 perse~

1890 5092 2143 5135 ratorum
2173 5088 2227 5134 et
2245 5080 2670 5134 imbecilliorum
2696 5081 3054 5135 consulentes
3075 5098 3088 5133 :
3109 5095 3208 5133 nec
3237 5095 3453 5142 rursus,

1893 5174 1984 5226 ubi
2014 5174 2124 5242 jam
2156 5171 2210 5224 in
2256 5170 2500 5240 periculo
2557 5169 2843 5222 constituti
2901 5184 3114 5230 sumus.
3178 5177 3451 5223 certamen

1891 5265 2278 5319 detrectemus.
2313 5261 2446 5313 Illud
2476 5259 2623 5313 enim
2651 5261 2979 5315 temeritatis
3009 5270 3089 5315 est
3115 5303 3128 5325 ,
3158 5262 3261 5314 hoc
3297 5262 3450 5326 igna-

1892 5358 2007 5411 vite.

1967 5446 2129 5517 Nysa.
2168 5448 2220 5499 iu
2278 5444 2472 5497 Beatit.
2504 5472 2572 5483 —-
2620 5444 3029 5497 Bealitutiinum
3086 5444 3449 5511 partieipatio,

1892 5543 2113 5597 deitatis
2154 5548 2237 5595 est
2263 5538 2635 5608 participatio.
2664 5541 2753 5590 Dei
2786 5538 3054 5605 siquidem
3082 5537 3304 5605 propria
3332 5536 3447 5589 bea-

1895 5634 2073 5690 titudo
2104 5643 2210 5689 est.

1967 5726 2157 5797 Ejusd.
2180 5725 2331 5779 Orat.
2362 5724 2391 5775 Ἴ
2428 5723 2499 5778 De
2523 5722 2675 5776 Beat.
2700 5750 2762 5763 ——
2792 5721 2846 5774 Si
2877 5719 3044 5773 Deum
3098 5718 3303 5780 videre,
3334 5727 3448 5769 tan-

1898 5828 2013 5874 tum
2052 5828 2135 5873 est
2170 5818 2396 5877 bonum,
2425 5824 2485 5868 ut
2518 5814 2582 5867 ad
2624 5812 2744 5880 ejus
2804 5810 3235 5878 magnitudinem
3298 5823 3451 5860 acce-

1906 5915 2032 5967 drrc
2063 5910 2199 5965 nihil
2232 5909 2401 5979 possit
2429 5924 2441 5960 .'
2474 5906 2568 5961 Dei
2613 5905 2778 5957 lilium
2850 5900 3005 5963 ςίὶιιί,
3060 5898 3450 5953 ἰιι·.ιιιι,ιιιίἱιιοιιι
