  <div class='ocr_page' id='page_1' title='image "/cluster/home/n/w/nwhite01/storage/ocr_20150623/95/nnc1.0046979816/625.png"; bbox 0 0 4218 6446; ppageno 0'>
   <div class='ocr_carea' id='block_1_1' title="bbox 797 329 931 392">
    <p class='ocr_par' dir='ltr' id='par_1_1' title="bbox 797 329 931 392">
     <span class='ocr_line' id='line_1_1' title="bbox 797 329 931 392; baseline 0 0"><span class='ocrx_word' id='word_1_1' title='bbox 797 329 931 392; x_wconf 79' lang='lat'><strong>1239</strong></span> 
     </span>
    </p>
   </div>
   <div class='ocr_carea' id='block_1_2' title="bbox 1965 331 2840 400">
    <p class='ocr_par' dir='ltr' id='par_1_2' title="bbox 1965 331 2840 400">
     <span class='ocr_line' id='line_1_2' title="bbox 1965 331 2840 400; baseline 0.008 -8"><span class='ocrx_word' id='word_1_2' title='bbox 1965 333 2024 392; x_wconf 92' lang='lat' dir='ltr'><strong>S.</strong></span> <span class='ocrx_word' id='word_1_3' title='bbox 2065 331 2380 393; x_wconf 83' lang='lat' dir='ltr'><strong>JOANNIS</strong></span> <span class='ocrx_word' id='word_1_4' title='bbox 2417 333 2840 400; x_wconf 73' lang='lat' dir='ltr'><strong>DAMASCENI</strong></span> 
     </span>
    </p>
   </div>
   <div class='ocr_carea' id='block_1_3' title="bbox 3902 346 4039 412">
    <p class='ocr_par' dir='ltr' id='par_1_3' title="bbox 3902 346 4039 412">
     <span class='ocr_line' id='line_1_3' title="bbox 3902 346 4039 412; baseline 0 -1"><span class='ocrx_word' id='word_1_5' title='bbox 3902 346 4039 412; x_wconf 62' lang='lat'><strong>1240</strong></span> 
     </span>
    </p>
   </div>
   <div class='ocr_carea' id='block_1_4' title="bbox 793 440 2459 529">
    <p class='ocr_par' dir='ltr' id='par_1_4' title="bbox 793 440 2436 512">
     <span class='ocr_line' id='line_1_4' title="bbox 793 440 2436 512; baseline 0.001 -16"><span class='ocrx_word' id='word_1_6' title='bbox 793 445 956 512; x_wconf 88' lang='lat' dir='ltr'><strong>plane</strong></span> <span class='ocrx_word' id='word_1_7' title='bbox 981 456 1197 496; x_wconf 83' lang='lat' dir='ltr'><strong>omnem</strong></span> <span class='ocrx_word' id='word_1_8' title='bbox 1230 440 1465 496; x_wconf 75' lang='lat' dir='ltr'><strong>excedit.</strong></span> <span class='ocrx_word' id='word_1_9' title='bbox 1497 440 1628 494; x_wconf 75' lang='lat' dir='ltr'><strong>Nam</strong></span> <span class='ocrx_word' id='word_1_10' title='bbox 1669 441 1760 496; x_wconf 91' lang='lat' dir='ltr'><strong>cui</strong></span> <span class='ocrx_word' id='word_1_11' title='bbox 1801 442 1906 498; x_wconf 88' lang='lat' dir='ltr'><strong>hoc</strong></span> <span class='ocrx_word' id='word_1_12' title='bbox 1933 443 2201 499; x_wconf 88' lang='lat' dir='ltr'><strong>donatum</strong></span> <span class='ocrx_word' id='word_1_13' title='bbox 2249 453 2359 508; x_wconf 88' lang='lat' dir='ltr'><strong>est,</strong></span> <span class='ocrx_word' id='word_1_14' title='bbox 2391 451 2436 508; x_wconf 75' lang='grc' dir='ltr'>Α</span> 
     </span>
    </p>
   </div>
   <div class='ocr_carea' id='block_1_5' title="bbox 2371 440 4037 529">
    <p class='ocr_par' dir='ltr' id='par_1_5' title="bbox 2391 448 4037 529">
     <span class='ocr_line' id='line_1_5' title="bbox 2391 448 4037 529; baseline 0.009 -31"><span class='ocrx_word' id='word_1_15' title='bbox 2391 451 2436 508; x_wconf 76' lang='grc' dir='ltr'>Α</span> <span class='ocrx_word' id='word_1_16' title='bbox 2465 448 2683 513; x_wconf 80' lang='grc' dir='ltr'>πάντως</span> <span class='ocrx_word' id='word_1_17' title='bbox 2732 452 2792 504; x_wconf 81' lang='grc' dir='ltr'>ἐν</span> <span class='ocrx_word' id='word_1_18' title='bbox 2854 451 3033 523; x_wconf 70' lang='grc' dir='ltr'>ἑαυτῳ</span> <span class='ocrx_word' id='word_1_19' title='bbox 3097 453 3193 506; x_wconf 88' lang='grc' dir='ltr'><strong>τοῦ</strong></span> <span class='ocrx_word' id='word_1_20' title='bbox 3242 454 3451 526; x_wconf 85' lang='grc' dir='ltr'>Πατρος</span> <span class='ocrx_word' id='word_1_21' title='bbox 3489 456 3552 510; x_wconf 81' lang='grc' dir='ltr'>τὸ</span> <span class='ocrx_word' id='word_1_22' title='bbox 3592 453 3811 527; x_wconf 74' lang='grc' dir='ltr'>αξέωμα</span> <span class='ocrx_word' id='word_1_23' title='bbox 3845 473 3861 488; x_wconf 88' lang='grc'><strong>·</strong></span> <span class='ocrx_word' id='word_1_24' title='bbox 3894 459 4037 529; x_wconf 75' lang='grc' dir='ltr'>ὑπὲρ</span> 
     </span>
    </p>
   </div>
   <div class='ocr_carea' id='block_1_6' title="bbox 793 531 2360 606">
    <p class='ocr_par' dir='ltr' id='par_1_6' title="bbox 793 531 2360 606">
     <span class='ocr_line' id='line_1_6' title="bbox 793 531 2360 606; baseline 0.003 -18"><span class='ocrx_word' id='word_1_25' title='bbox 793 543 854 588; x_wconf 87' lang='grc' dir='ltr'>ιιι</span> <span class='ocrx_word' id='word_1_26' title='bbox 881 533 1026 588; x_wconf 82' lang='lat' dir='ltr'><strong>ﬁlius</strong></span> <span class='ocrx_word' id='word_1_27' title='bbox 1074 532 1168 588; x_wconf 85' lang='lat' dir='ltr'><strong>Dei</strong></span> <span class='ocrx_word' id='word_1_28' title='bbox 1227 531 1345 599; x_wconf 81' lang='lat' dir='ltr'><strong>ﬁat,</strong></span> <span class='ocrx_word' id='word_1_29' title='bbox 1381 534 1428 587; x_wconf 86' lang='lat' dir='ltr'><strong>is</strong></span> <span class='ocrx_word' id='word_1_30' title='bbox 1462 532 1655 601; x_wconf 89' lang='lat' dir='ltr'><strong>procul</strong></span> <span class='ocrx_word' id='word_1_31' title='bbox 1695 532 1864 590; x_wconf 88' lang='lat' dir='ltr'><strong>dubio</strong></span> <span class='ocrx_word' id='word_1_32' title='bbox 1911 533 2096 591; x_wconf 87' lang='lat' dir='ltr'><strong>Patris</strong></span> <span class='ocrx_word' id='word_1_33' title='bbox 2140 550 2360 606; x_wconf 88' lang='lat' dir='ltr'><strong>quoque</strong></span> 
     </span>
    </p>
   </div>
   <div class='ocr_carea' id='block_1_7' title="bbox 797 623 2358 695">
    <p class='ocr_par' dir='ltr' id='par_1_7' title="bbox 797 623 2358 695">
     <span class='ocr_line' id='line_1_7' title="bbox 797 623 2358 695; baseline 0.003 -16"><span class='ocrx_word' id='word_1_34' title='bbox 797 625 1120 695; x_wconf 84' lang='lat' dir='ltr'><strong>dignitatem</strong></span> <span class='ocrx_word' id='word_1_35' title='bbox 1155 625 1400 678; x_wconf 89' lang='lat' dir='ltr'><strong>habebit.</strong></span> <span class='ocrx_word' id='word_1_36' title='bbox 1445 623 1702 679; x_wconf 82' lang='lat' dir='ltr'><strong>Felicitas</strong></span> <span class='ocrx_word' id='word_1_37' title='bbox 1753 626 1880 683; x_wconf 66' lang='lat' dir='ltr'><strong>haec</strong></span> <span class='ocrx_word' id='word_1_38' title='bbox 1927 641 2094 695; x_wconf 83' lang='lat' dir='ltr'><strong>supra</strong></span> <span class='ocrx_word' id='word_1_39' title='bbox 2139 627 2358 683; x_wconf 85' lang='lat' dir='ltr'><strong>deside-</strong></span> 
     </span>
    </p>
   </div>
   <div class='ocr_carea' id='block_1_8' title="bbox 798 718 2358 787">
    <p class='ocr_par' dir='ltr' id='par_1_8' title="bbox 798 718 2358 787">
     <span class='ocr_line' id='line_1_8' title="bbox 798 718 2358 787; baseline 0 -15"><span class='ocrx_word' id='word_1_40' title='bbox 798 721 942 772; x_wconf 84' lang='lat' dir='ltr'><strong>rium</strong></span> <span class='ocrx_word' id='word_1_41' title='bbox 965 725 1083 772; x_wconf 90' lang='lat' dir='ltr'><strong>est:</strong></span> <span class='ocrx_word' id='word_1_42' title='bbox 1110 731 1275 784; x_wconf 83' lang='lat' dir='ltr'><strong>supra</strong></span> <span class='ocrx_word' id='word_1_43' title='bbox 1302 732 1451 787; x_wconf 85' lang='lat' dir='ltr'><strong>spem</strong></span> <span class='ocrx_word' id='word_1_44' title='bbox 1476 731 1693 772; x_wconf 90' lang='lat' dir='ltr'><strong>omnem</strong></span> <span class='ocrx_word' id='word_1_45' title='bbox 1732 727 1815 774; x_wconf 87' lang='lat' dir='ltr'><strong>est</strong></span> <span class='ocrx_word' id='word_1_46' title='bbox 1846 718 1953 771; x_wconf 89' lang='lat' dir='ltr'><strong>hoc</strong></span> <span class='ocrx_word' id='word_1_47' title='bbox 1981 734 2182 775; x_wconf 90' lang='lat' dir='ltr'><strong>munus</strong></span> <span class='ocrx_word' id='word_1_48' title='bbox 2211 739 2226 774; x_wconf 91' lang='lat'>:</span> <span class='ocrx_word' id='word_1_49' title='bbox 2259 735 2358 774; x_wconf 80' lang='lat' dir='ltr'><strong>su-</strong></span> 
     </span>
    </p>
   </div>
   <div class='ocr_carea' id='block_1_9' title="bbox 800 809 1548 880">
    <p class='ocr_par' dir='ltr' id='par_1_9' title="bbox 800 809 1548 880">
     <span class='ocr_line' id='line_1_9' title="bbox 800 809 1548 880; baseline 0.008 -22"><span class='ocrx_word' id='word_1_50' title='bbox 800 825 895 880; x_wconf 70' lang='lat' dir='ltr'><strong>pra</strong></span> <span class='ocrx_word' id='word_1_51' title='bbox 921 819 1177 863; x_wconf 81' lang='lat' dir='ltr'><strong>naturam</strong></span> <span class='ocrx_word' id='word_1_52' title='bbox 1197 810 1314 864; x_wconf 67' lang='lat' dir='ltr'><strong>haec</strong></span> <span class='ocrx_word' id='word_1_53' title='bbox 1347 809 1548 877; x_wconf 80' lang='lat' dir='ltr'><strong>gratia.</strong></span> 
     </span>
    </p>
   </div>
   <div class='ocr_carea' id='block_1_10' title="bbox 865 899 2359 973">
    <p class='ocr_par' dir='ltr' id='par_1_10' title="bbox 865 899 2359 973">
     <span class='ocr_line' id='line_1_10' title="bbox 865 899 2359 973; baseline 0.004 -21"><span class='ocrx_word' id='word_1_54' title='bbox 865 899 1140 968; x_wconf 77' lang='lat' dir='ltr'><strong>Ejusdem.</strong></span> <span class='ocrx_word' id='word_1_55' title='bbox 1168 931 1237 939; x_wconf 92' lang='lat'><strong>—</strong></span> <span class='ocrx_word' id='word_1_56' title='bbox 1260 899 1479 955; x_wconf 63' lang='lat' dir='ltr'><strong>Natura:</strong></span> <span class='ocrx_word' id='word_1_57' title='bbox 1507 903 1595 958; x_wconf 88' lang='lat' dir='ltr'><strong>lex</strong></span> <span class='ocrx_word' id='word_1_58' title='bbox 1621 910 1732 968; x_wconf 89' lang='lat' dir='ltr'><strong>est,</strong></span> <span class='ocrx_word' id='word_1_59' title='bbox 1781 911 1840 956; x_wconf 93' lang='grc' dir='ltr'>ιιι</span> <span class='ocrx_word' id='word_1_60' title='bbox 1870 902 2146 973; x_wconf 83' lang='lat' dir='ltr'><strong>cupiditas</strong></span> <span class='ocrx_word' id='word_1_61' title='bbox 2185 902 2252 956; x_wconf 86' lang='lat' dir='ltr'><strong>ad</strong></span> <span class='ocrx_word' id='word_1_62' title='bbox 2305 903 2359 958; x_wconf 88' lang='lat' dir='ltr'><strong>id</strong></span> 
     </span>
    </p>
   </div>
   <div class='ocr_carea' id='block_1_11' title="bbox 738 994 2063 1063">
    <p class='ocr_par' dir='ltr' id='par_1_11' title="bbox 738 994 2063 1063">
     <span class='ocr_line' id='line_1_11' title="bbox 738 994 2063 1063; baseline 0.002 -17"><span class='ocrx_word' id='word_1_63' title='bbox 738 1059 742 1061; x_wconf 8' lang='grc' dir='ltr'>ἒ</span> <span class='ocrx_word' id='word_1_64' title='bbox 791 994 937 1063; x_wconf 84' lang='lat' dir='ltr'><strong>quod</strong></span> <span class='ocrx_word' id='word_1_65' title='bbox 971 994 1190 1047; x_wconf 88' lang='lat' dir='ltr'><strong>beatum</strong></span> <span class='ocrx_word' id='word_1_66' title='bbox 1212 1001 1296 1047; x_wconf 87' lang='lat' dir='ltr'><strong>est</strong></span> <span class='ocrx_word' id='word_1_67' title='bbox 1330 1003 1384 1047; x_wconf 90' lang='lat' dir='ltr'><strong>et</strong></span> <span class='ocrx_word' id='word_1_68' title='bbox 1404 994 1704 1058; x_wconf 87' lang='lat' dir='ltr'><strong>laudabile,</strong></span> <span class='ocrx_word' id='word_1_69' title='bbox 1741 996 2063 1051; x_wconf 89' lang='lat' dir='ltr'><strong>contendat.</strong></span> 
     </span>
    </p>
   </div>
   <div class='ocr_carea' id='block_1_12' title="bbox 730 1073 2357 1160">
    <p class='ocr_par' dir='ltr' id='par_1_12' title="bbox 730 1073 2357 1160">
     <span class='ocr_line' id='line_1_12' title="bbox 730 1073 2357 1160; baseline 0.004 -21"><span class='ocrx_word' id='word_1_70' title='bbox 730 1073 732 1075; x_wconf 9' lang='grc' dir='ltr'><strong>ί</strong></span> <span class='ocrx_word' id='word_1_71' title='bbox 865 1086 1061 1141; x_wconf 91' lang='lat' dir='ltr'><strong>Omnis</strong></span> <span class='ocrx_word' id='word_1_72' title='bbox 1097 1089 1224 1141; x_wconf 90' lang='lat' dir='ltr'><strong>boui</strong></span> <span class='ocrx_word' id='word_1_73' title='bbox 1277 1099 1444 1157; x_wconf 91' lang='lat' dir='ltr'><strong>caput</strong></span> <span class='ocrx_word' id='word_1_74' title='bbox 1491 1088 1595 1143; x_wconf 93' lang='lat' dir='ltr'><strong>hoc</strong></span> <span class='ocrx_word' id='word_1_75' title='bbox 1646 1100 1756 1153; x_wconf 91' lang='lat' dir='ltr'><strong>est,</strong></span> <span class='ocrx_word' id='word_1_76' title='bbox 1797 1104 1964 1160; x_wconf 84' lang='lat' dir='ltr'><strong>supra</strong></span> <span class='ocrx_word' id='word_1_77' title='bbox 2028 1097 2357 1159; x_wconf 87' lang='lat' dir='ltr'><strong>potestatem</strong></span> 
     </span>
    </p>
   </div>
   <div class='ocr_carea' id='block_1_13' title="bbox 793 1179 1376 1233">
    <p class='ocr_par' dir='ltr' id='par_1_13' title="bbox 793 1179 1376 1233">
     <span class='ocr_line' id='line_1_13' title="bbox 793 1179 1376 1233; baseline 0.007 -5"><span class='ocrx_word' id='word_1_78' title='bbox 793 1179 1062 1232; x_wconf 63' lang='lat' dir='ltr'><strong>v-ivilieam</strong></span> <span class='ocrx_word' id='word_1_79' title='bbox 1086 1181 1376 1233; x_wconf 87' lang='lat' dir='ltr'><strong>collocari.</strong></span> 
     </span>
    </p>
   </div>
   <div class='ocr_carea' id='block_1_14' title="bbox 868 1270 2358 1340">
    <p class='ocr_par' dir='ltr' id='par_1_14' title="bbox 868 1270 2358 1340">
     <span class='ocr_line' id='line_1_14' title="bbox 868 1270 2358 1340; baseline 0.003 -19"><span class='ocrx_word' id='word_1_80' title='bbox 868 1270 1054 1338; x_wconf 81' lang='lat' dir='ltr'><strong>Ejusd.</strong></span> <span class='ocrx_word' id='word_1_81' title='bbox 1089 1270 1310 1324; x_wconf 84' lang='lat' dir='ltr'><strong>inOrat.</strong></span> <span class='ocrx_word' id='word_1_82' title='bbox 1336 1271 1548 1326; x_wconf 85' lang='lat' dir='ltr'><strong>Domin.</strong></span> <span class='ocrx_word' id='word_1_83' title='bbox 1580 1301 1650 1312; x_wconf 93' lang='lat'><strong>-—</strong></span> <span class='ocrx_word' id='word_1_84' title='bbox 1673 1271 1957 1340; x_wconf 83' lang='lat' dir='ltr'><strong>Ejusmodi</strong></span> <span class='ocrx_word' id='word_1_85' title='bbox 1977 1282 2109 1327; x_wconf 88' lang='lat' dir='ltr'><strong>sunt</strong></span> <span class='ocrx_word' id='word_1_86' title='bbox 2136 1281 2358 1327; x_wconf 83' lang='lat' dir='ltr'><strong>sancto-</strong></span> 
     </span>
    </p>
   </div>
   <div class='ocr_carea' id='block_1_15' title="bbox 790 1360 2359 1434">
    <p class='ocr_par' dir='ltr' id='par_1_15' title="bbox 790 1360 2359 1434">
     <span class='ocr_line' id='line_1_15' title="bbox 790 1360 2359 1434; baseline 0.004 -22"><span class='ocrx_word' id='word_1_87' title='bbox 790 1376 911 1412; x_wconf 87' lang='lat' dir='ltr'><strong>rum</strong></span> <span class='ocrx_word' id='word_1_88' title='bbox 941 1360 1160 1425; x_wconf 69' lang='lat' dir='ltr'><strong>animaz,</strong></span> <span class='ocrx_word' id='word_1_89' title='bbox 1187 1373 1245 1414; x_wconf 89' lang='lat' dir='ltr'><strong>ut</strong></span> <span class='ocrx_word' id='word_1_90' title='bbox 1269 1370 1396 1416; x_wconf 84' lang='lat' dir='ltr'><strong>ante</strong></span> <span class='ocrx_word' id='word_1_91' title='bbox 1421 1363 1726 1432; x_wconf 82' lang='lat' dir='ltr'><strong>erigantur,</strong></span> <span class='ocrx_word' id='word_1_92' title='bbox 1753 1379 1920 1434; x_wconf 87' lang='lat' dir='ltr'><strong>quam</strong></span> <span class='ocrx_word' id='word_1_93' title='bbox 1953 1364 2175 1429; x_wconf 86' lang='lat' dir='ltr'><strong>cadant,</strong></span> <span class='ocrx_word' id='word_1_94' title='bbox 2207 1379 2359 1420; x_wconf 84' lang='lat' dir='ltr'><strong>sese-</strong></span> 
     </span>
    </p>
   </div>
   <div class='ocr_carea' id='block_1_16' title="bbox 788 1451 2355 1526">
    <p class='ocr_par' dir='ltr' id='par_1_16' title="bbox 788 1451 2355 1526">
     <span class='ocr_line' id='line_1_16' title="bbox 788 1451 2355 1526; baseline 0.004 -24"><span class='ocrx_word' id='word_1_95' title='bbox 788 1467 897 1518; x_wconf 84' lang='lat' dir='ltr'><strong>que</strong></span> <span class='ocrx_word' id='word_1_96' title='bbox 925 1462 1187 1521; x_wconf 80' lang='lat' dir='ltr'><strong>tanquam</strong></span> <span class='ocrx_word' id='word_1_97' title='bbox 1224 1451 1381 1507; x_wconf 76' lang='lat' dir='ltr'><strong>freno</strong></span> <span class='ocrx_word' id='word_1_98' title='bbox 1410 1458 1663 1523; x_wconf 78' lang='lat' dir='ltr'><strong>quodam“</strong></span> <span class='ocrx_word' id='word_1_99' title='bbox 1706 1457 2006 1524; x_wconf 88' lang='lat' dir='ltr'><strong>reprimant</strong></span> <span class='ocrx_word' id='word_1_100' title='bbox 2037 1457 2355 1526; x_wconf 79' lang='lat' dir='ltr'><strong>priusquam</strong></span> 
     </span>
    </p>
   </div>
   <div class='ocr_carea' id='block_1_17' title="bbox 792 1540 2352 1616">
    <p class='ocr_par' dir='ltr' id='par_1_17' title="bbox 792 1540 2352 1616">
     <span class='ocr_line' id='line_1_17' title="bbox 792 1540 2352 1616; baseline 0.003 -24"><span class='ocrx_word' id='word_1_101' title='bbox 792 1540 846 1592; x_wconf 94' lang='lat' dir='ltr'><strong>in</strong></span> <span class='ocrx_word' id='word_1_102' title='bbox 883 1549 1170 1608; x_wconf 85' lang='lat' dir='ltr'><strong>peceatum</strong></span> <span class='ocrx_word' id='word_1_103' title='bbox 1225 1549 1410 1597; x_wconf 88' lang='lat' dir='ltr'><strong>ruant.</strong></span> <span class='ocrx_word' id='word_1_104' title='bbox 1455 1543 1727 1607; x_wconf 87' lang='lat' dir='ltr'><strong>Quoniam</strong></span> <span class='ocrx_word' id='word_1_105' title='bbox 1788 1555 2054 1615; x_wconf 89' lang='lat' dir='ltr'><strong>perpetuo</strong></span> <span class='ocrx_word' id='word_1_106' title='bbox 2101 1546 2352 1616; x_wconf 75' lang='lat' dir='ltr'><strong>vigilant,</strong></span> 
     </span>
    </p>
   </div>
   <div class='ocr_carea' id='block_1_18' title="bbox 788 1633 1950 1705">
    <p class='ocr_par' dir='ltr' id='par_1_18' title="bbox 788 1633 1950 1705">
     <span class='ocr_line' id='line_1_18' title="bbox 788 1633 1950 1705; baseline 0.007 -22"><span class='ocrx_word' id='word_1_107' title='bbox 788 1639 954 1699; x_wconf 87' lang='lat' dir='ltr'><strong>atque</strong></span> <span class='ocrx_word' id='word_1_108' title='bbox 983 1649 1082 1702; x_wconf 89' lang='lat' dir='ltr'><strong>pro</strong></span> <span class='ocrx_word' id='word_1_109' title='bbox 1123 1633 1300 1688; x_wconf 87' lang='lat' dir='ltr'><strong>salute</strong></span> <span class='ocrx_word' id='word_1_110' title='bbox 1328 1649 1432 1688; x_wconf 87' lang='lat' dir='ltr'><strong>sua</strong></span> <span class='ocrx_word' id='word_1_111' title='bbox 1465 1643 1638 1705; x_wconf 83' lang='lat' dir='ltr'><strong>agunt</strong></span> <span class='ocrx_word' id='word_1_112' title='bbox 1664 1637 1950 1691; x_wconf 82' lang='lat' dir='ltr'><strong>excubias.</strong></span> 
     </span>
    </p>
   </div>
   <div class='ocr_carea' id='block_1_19' title="bbox 859 1743 2356 1822">
    <p class='ocr_par' dir='ltr' id='par_1_19' title="bbox 859 1743 2356 1822">
     <span class='ocr_line' id='line_1_19' title="bbox 859 1743 2356 1822; baseline 0.005 -26"><span class='ocrx_word' id='word_1_113' title='bbox 859 1743 1048 1814; x_wconf 79' lang='lat' dir='ltr'><strong>Chrys.</strong></span> <span class='ocrx_word' id='word_1_114' title='bbox 1073 1747 1126 1797; x_wconf 74' lang='lat' dir='ltr'><strong>in</strong></span> <span class='ocrx_word' id='word_1_115' title='bbox 1150 1745 1208 1800; x_wconf 92' lang='lat' dir='ltr'><strong>S.</strong></span> <span class='ocrx_word' id='word_1_116' title='bbox 1231 1744 1380 1800; x_wconf 81' lang='lat' dir='ltr'><strong>Rom.</strong></span> <span class='ocrx_word' id='word_1_117' title='bbox 1405 1759 1566 1802; x_wconf 84' lang='lat' dir='ltr'><strong>mart.</strong></span> <span class='ocrx_word' id='word_1_118' title='bbox 1596 1779 1666 1788; x_wconf 94' lang='lat'><em>—</em></span> <span class='ocrx_word' id='word_1_119' title='bbox 1692 1747 1812 1804; x_wconf 83' lang='lat' dir='ltr'><strong>Non</strong></span> <span class='ocrx_word' id='word_1_120' title='bbox 1842 1750 1878 1803; x_wconf 90' lang='lat' dir='ltr'><strong>ii</strong></span> <span class='ocrx_word' id='word_1_121' title='bbox 1907 1758 2037 1806; x_wconf 91' lang='lat' dir='ltr'><strong>sunt</strong></span> <span class='ocrx_word' id='word_1_122' title='bbox 2058 1753 2356 1822; x_wconf 62' lang='lat' dir='ltr'><strong>praestigia-</strong></span> 
     </span>
    </p>
   </div>
   <div class='ocr_carea' id='block_1_20' title="bbox 789 1835 2354 1912">
    <p class='ocr_par' dir='ltr' id='par_1_20' title="bbox 789 1835 2354 1912">
     <span class='ocr_line' id='line_1_20' title="bbox 789 1835 2354 1912; baseline 0.008 -27"><span class='ocrx_word' id='word_1_123' title='bbox 789 1845 938 1889; x_wconf 73' lang='lat' dir='ltr'><strong>luri‘s</strong></span> <span class='ocrx_word' id='word_1_124' title='bbox 959 1835 1188 1899; x_wconf 85' lang='lat' dir='ltr'><strong>Christi,</strong></span> <span class='ocrx_word' id='word_1_125' title='bbox 1210 1846 1270 1890; x_wconf 91' lang='lat' dir='ltr'><strong>ut</strong></span> <span class='ocrx_word' id='word_1_126' title='bbox 1297 1854 1391 1907; x_wconf 87' lang='lat' dir='ltr'><strong>per</strong></span> <span class='ocrx_word' id='word_1_127' title='bbox 1405 1848 1624 1896; x_wconf 90' lang='lat' dir='ltr'><strong>tenuem</strong></span> <span class='ocrx_word' id='word_1_128' title='bbox 1647 1841 1798 1896; x_wconf 83' lang='lat' dir='ltr'><strong>ﬁlum</strong></span> <span class='ocrx_word' id='word_1_129' title='bbox 1816 1851 2044 1896; x_wconf 87' lang='lat' dir='ltr'><strong>currant</strong></span> <span class='ocrx_word' id='word_1_130' title='bbox 2066 1847 2161 1908; x_wconf 60' lang='lat' dir='ltr'><strong>;‘ut</strong></span> <span class='ocrx_word' id='word_1_131' title='bbox 2188 1857 2354 1912; x_wconf 88' lang='lat' dir='ltr'><strong>super</strong></span> 
     </span>
    </p>
   </div>
   <div class='ocr_carea' id='block_1_21' title="bbox 784 1929 2355 2006">
    <p class='ocr_par' dir='ltr' id='par_1_21' title="bbox 784 1929 2355 2006">
     <span class='ocr_line' id='line_1_21' title="bbox 784 1929 2355 2006; baseline 0.006 -22"><span class='ocrx_word' id='word_1_132' title='bbox 784 1929 966 1985; x_wconf 87' lang='lat' dir='ltr'><strong>nudos</strong></span> <span class='ocrx_word' id='word_1_133' title='bbox 999 1944 1166 1986; x_wconf 85' lang='lat' dir='ltr'><strong>enses</strong></span> <span class='ocrx_word' id='word_1_134' title='bbox 1199 1933 1521 1998; x_wconf 80' lang='lat' dir='ltr'><strong>saltitando,</strong></span> <span class='ocrx_word' id='word_1_135' title='bbox 1549 1943 1667 1990; x_wconf 87' lang='lat' dir='ltr'><strong>arte</strong></span> <span class='ocrx_word' id='word_1_136' title='bbox 1691 1936 1928 2006; x_wconf 89' lang='lat' dir='ltr'><strong>quadam</strong></span> <span class='ocrx_word' id='word_1_137' title='bbox 1950 1936 2180 1991; x_wconf 83' lang='lat' dir='ltr'><strong>vulnera</strong></span> <span class='ocrx_word' id='word_1_138' title='bbox 2215 1935 2355 1992; x_wconf 78' lang='lat' dir='ltr'><strong>eﬁu-</strong></span> 
     </span>
    </p>
   </div>
   <div class='ocr_carea' id='block_1_22' title="bbox 787 2023 2356 2098">
    <p class='ocr_par' dir='ltr' id='par_1_22' title="bbox 787 2023 2356 2098">
     <span class='ocr_line' id='line_1_22' title="bbox 787 2023 2356 2098; baseline 0.006 -25"><span class='ocrx_word' id='word_1_139' title='bbox 787 2025 945 2092; x_wconf 73' lang='lat' dir='ltr'><strong>giant</strong></span> <span class='ocrx_word' id='word_1_140' title='bbox 980 2023 1213 2077; x_wconf 57' lang='lat' dir='ltr'><strong>{verum</strong></span> <span class='ocrx_word' id='word_1_141' title='bbox 1251 2025 1479 2079; x_wconf 82' lang='lat' dir='ltr'><strong>funiculi</strong></span> <span class='ocrx_word' id='word_1_142' title='bbox 1515 2027 1638 2080; x_wconf 91' lang='lat' dir='ltr'><strong>loco</strong></span> <span class='ocrx_word' id='word_1_143' title='bbox 1698 2035 1987 2096; x_wconf 87' lang='lat' dir='ltr'><strong>angustam</strong></span> <span class='ocrx_word' id='word_1_144' title='bbox 2015 2035 2071 2083; x_wconf 89' lang='lat' dir='ltr'><strong>et</strong></span> <span class='ocrx_word' id='word_1_145' title='bbox 2092 2028 2356 2098; x_wconf 81' lang='lat' dir='ltr'><strong>utrinque</strong></span> 
     </span>
    </p>
   </div>
   <div class='ocr_carea' id='block_1_23' title="bbox 787 2117 2351 2193">
    <p class='ocr_par' dir='ltr' id='par_1_23' title="bbox 787 2117 2351 2193">
     <span class='ocr_line' id='line_1_23' title="bbox 787 2117 2351 2193; baseline 0.006 -26"><span class='ocrx_word' id='word_1_146' title='bbox 787 2123 1121 2186; x_wconf 72' lang='lat' dir='ltr'><strong>praeruptam</strong></span> <span class='ocrx_word' id='word_1_147' title='bbox 1155 2117 1376 2186; x_wconf 89' lang='lat' dir='ltr'><strong>pietatis</strong></span> <span class='ocrx_word' id='word_1_148' title='bbox 1403 2119 1548 2173; x_wconf 86' lang='lat' dir='ltr'><strong>viam</strong></span> <span class='ocrx_word' id='word_1_149' title='bbox 1576 2121 1735 2174; x_wconf 83' lang='lat' dir='ltr'><strong>ﬁrmo</strong></span> <span class='ocrx_word' id='word_1_150' title='bbox 1769 2136 1961 2191; x_wconf 88' lang='lat' dir='ltr'><strong>gressu</strong></span> <span class='ocrx_word' id='word_1_151' title='bbox 2017 2130 2351 2193; x_wconf 78' lang='lat' dir='ltr'><strong>peragrant;</strong></span> 
     </span>
    </p>
   </div>
   <div class='ocr_carea' id='block_1_24' title="bbox 784 2205 2354 2277">
    <p class='ocr_par' dir='ltr' id='par_1_24' title="bbox 784 2205 2354 2277">
     <span class='ocr_line' id='line_1_24' title="bbox 784 2205 2354 2277; baseline 0.006 -20"><span class='ocrx_word' id='word_1_152' title='bbox 784 2205 1202 2275; x_wconf 74' lang='lat' dir='ltr'><strong>tyranuieorum</strong></span> <span class='ocrx_word' id='word_1_153' title='bbox 1235 2222 1368 2262; x_wconf 87' lang='lat' dir='ltr'><strong>vero</strong></span> <span class='ocrx_word' id='word_1_154' title='bbox 1425 2209 1732 2277; x_wconf 72' lang='lat' dir='ltr'><strong>gladiorum</strong></span> <span class='ocrx_word' id='word_1_155' title='bbox 1789 2211 1962 2264; x_wconf 88' lang='lat' dir='ltr'><strong>aciem</strong></span> <span class='ocrx_word' id='word_1_156' title='bbox 1993 2225 2091 2267; x_wconf 91' lang='lat' dir='ltr'><strong>sua</strong></span> <span class='ocrx_word' id='word_1_157' title='bbox 2123 2212 2178 2267; x_wconf 92' lang='lat' dir='ltr'><strong>in</strong></span> <span class='ocrx_word' id='word_1_158' title='bbox 2204 2212 2354 2267; x_wconf 81' lang='lat' dir='ltr'><strong>exei-</strong></span> 
     </span>
    </p>
   </div>
   <div class='ocr_carea' id='block_1_25' title="bbox 784 2297 2352 2372">
    <p class='ocr_par' dir='ltr' id='par_1_25' title="bbox 784 2297 2352 2372">
     <span class='ocr_line' id='line_1_25' title="bbox 784 2297 2352 2372; baseline 0.004 -23"><span class='ocrx_word' id='word_1_159' title='bbox 784 2297 1001 2365; x_wconf 83' lang='lat' dir='ltr'><strong>piendis</strong></span> <span class='ocrx_word' id='word_1_160' title='bbox 1029 2297 1361 2353; x_wconf 79' lang='lat' dir='ltr'><strong>vulneribus</strong></span> <span class='ocrx_word' id='word_1_161' title='bbox 1409 2300 1701 2354; x_wconf 85' lang='lat' dir='ltr'><strong>alacritate</strong></span> <span class='ocrx_word' id='word_1_162' title='bbox 1738 2299 2059 2356; x_wconf 86' lang='lat' dir='ltr'><strong>retundunt.</strong></span> <span class='ocrx_word' id='word_1_163' title='bbox 2088 2300 2277 2372; x_wconf 86' lang='lat' dir='ltr'><strong>Neque</strong></span> <span class='ocrx_word' id='word_1_164' title='bbox 2297 2301 2352 2356; x_wconf 84' lang='lat' dir='ltr'><strong>id</strong></span> 
     </span>
    </p>
   </div>
   <div class='ocr_carea' id='block_1_26' title="bbox 784 2391 2353 2464">
    <p class='ocr_par' dir='ltr' id='par_1_26' title="bbox 784 2391 2353 2464">
     <span class='ocr_line' id='line_1_26' title="bbox 784 2391 2353 2464; baseline 0.005 -24"><span class='ocrx_word' id='word_1_165' title='bbox 784 2400 955 2456; x_wconf 69' lang='lat' dir='ltr'><strong>agunt</strong></span> <span class='ocrx_word' id='word_1_166' title='bbox 978 2405 1047 2443; x_wconf 89' lang='lat' dir='ltr'><strong>ne</strong></span> <span class='ocrx_word' id='word_1_167' title='bbox 1097 2391 1229 2460; x_wconf 91' lang='lat' dir='ltr'><strong>quid</strong></span> <span class='ocrx_word' id='word_1_168' title='bbox 1284 2391 1586 2460; x_wconf 90' lang='lat' dir='ltr'><strong>patiantur,</strong></span> <span class='ocrx_word' id='word_1_169' title='bbox 1637 2394 1732 2448; x_wconf 89' lang='lat' dir='ltr'><strong>sed</strong></span> <span class='ocrx_word' id='word_1_170' title='bbox 1781 2396 1954 2464; x_wconf 75' lang='lat' dir='ltr'><strong>magis</strong></span> <span class='ocrx_word' id='word_1_171' title='bbox 2020 2396 2262 2460; x_wconf 87' lang='lat' dir='ltr'><strong>student,</strong></span> <span class='ocrx_word' id='word_1_172' title='bbox 2293 2402 2353 2448; x_wconf 75' lang='lat' dir='ltr'><strong>ut.</strong></span> 
     </span>
    </p>
   </div>
   <div class='ocr_carea' id='block_1_27' title="bbox 784 2481 1320 2550">
    <p class='ocr_par' dir='ltr' id='par_1_27' title="bbox 784 2481 1320 2550">
     <span class='ocr_line' id='line_1_27' title="bbox 784 2481 1320 2550; baseline 0.009 -20"><span class='ocrx_word' id='word_1_173' title='bbox 784 2481 1050 2550; x_wconf 81' lang='lat' dir='ltr'><strong>patiendo</strong></span> <span class='ocrx_word' id='word_1_174' title='bbox 1076 2485 1320 2536; x_wconf 89' lang='lat' dir='ltr'><strong>vincant.</strong></span> 
     </span>
    </p>
   </div>
   <div class='ocr_carea' id='block_1_28' title="bbox 854 2595 2354 2674">
    <p class='ocr_par' dir='ltr' id='par_1_28' title="bbox 854 2595 2354 2674">
     <span class='ocr_line' id='line_1_28' title="bbox 854 2595 2354 2674; baseline 0.006 -25"><span class='ocrx_word' id='word_1_175' title='bbox 854 2595 1048 2659; x_wconf 65' lang='lat' dir='ltr'><strong>(item,</strong></span> <span class='ocrx_word' id='word_1_176' title='bbox 1080 2597 1174 2650; x_wconf 85' lang='lat' dir='ltr'><strong>lib.</strong></span> <span class='ocrx_word' id='word_1_177' title='bbox 1207 2615 1244 2651; x_wconf 93' lang='grc' dir='ltr'><strong>ιι</strong></span> <span class='ocrx_word' id='word_1_178' title='bbox 1277 2597 1476 2652; x_wconf 85' lang='lat' dir='ltr'><strong>Strom.</strong></span> <span class='ocrx_word' id='word_1_179' title='bbox 1511 2629 1581 2638; x_wconf 98' lang='lat'><em>—</em></span> <span class='ocrx_word' id='word_1_180' title='bbox 1611 2599 1842 2655; x_wconf 80' lang='lat' dir='ltr'><strong>Videtur</strong></span> <span class='ocrx_word' id='word_1_181' title='bbox 1887 2602 2209 2671; x_wconf 82' lang='lat' dir='ltr'><strong>martyrium</strong></span> <span class='ocrx_word' id='word_1_182' title='bbox 2237 2603 2354 2674; x_wconf 76' lang='lat' dir='ltr'><strong>glo-</strong></span> 
     </span>
    </p>
   </div>
   <div class='ocr_carea' id='block_1_29' title="bbox 781 2689 2115 2764">
    <p class='ocr_par' dir='ltr' id='par_1_29' title="bbox 781 2689 2115 2764">
     <span class='ocr_line' id='line_1_29' title="bbox 781 2689 2115 2764; baseline 0.005 -22"><span class='ocrx_word' id='word_1_183' title='bbox 781 2689 930 2742; x_wconf 76' lang='lat' dir='ltr'><strong>riosa</strong></span> <span class='ocrx_word' id='word_1_184' title='bbox 955 2691 1206 2760; x_wconf 63' lang='lat' dir='ltr'><strong>quaedam</strong></span> <span class='ocrx_word' id='word_1_185' title='bbox 1247 2707 1374 2746; x_wconf 84' lang='lat' dir='ltr'><strong>esse</strong></span> <span class='ocrx_word' id='word_1_186' title='bbox 1397 2700 1746 2762; x_wconf 88' lang='lat' dir='ltr'><strong>peccatorum</strong></span> <span class='ocrx_word' id='word_1_187' title='bbox 1767 2696 2115 2764; x_wconf 85' lang='lat' dir='ltr'><strong>expurgatio.</strong></span> 
     </span>
    </p>
   </div>
   <div class='ocr_carea' id='block_1_30' title="bbox 865 2803 2355 2878">
    <p class='ocr_par' dir='ltr' id='par_1_30' title="bbox 865 2803 2355 2878">
     <span class='ocr_line' id='line_1_30' title="bbox 865 2803 2355 2878; baseline 0.007 -22"><span class='ocrx_word' id='word_1_188' title='bbox 865 2803 1080 2856; x_wconf 73' lang='lat' dir='ltr'><strong>Philan.</strong></span> <span class='ocrx_word' id='word_1_189' title='bbox 1113 2834 1182 2844; x_wconf 86' lang='lat'><strong>-——</strong></span> <span class='ocrx_word' id='word_1_190' title='bbox 1214 2805 1379 2859; x_wconf 82' lang='lat' dir='ltr'><strong>Beata</strong></span> <span class='ocrx_word' id='word_1_191' title='bbox 1441 2813 1635 2860; x_wconf 87' lang='lat' dir='ltr'><strong>natura</strong></span> <span class='ocrx_word' id='word_1_192' title='bbox 1696 2815 1802 2873; x_wconf 83' lang='lat' dir='ltr'><strong>est,</strong></span> <span class='ocrx_word' id='word_1_193' title='bbox 1840 2824 1962 2878; x_wconf 75' lang='lat' dir='ltr'><strong>qua:</strong></span> <span class='ocrx_word' id='word_1_194' title='bbox 1993 2811 2045 2863; x_wconf 92' lang='lat' dir='ltr'><strong>in</strong></span> <span class='ocrx_word' id='word_1_195' title='bbox 2098 2809 2355 2867; x_wconf 86' lang='lat' dir='ltr'><strong>omnibus</strong></span> 
     </span>
    </p>
   </div>
   <div class='ocr_carea' id='block_1_31' title="bbox 784 2895 2352 2971">
    <p class='ocr_par' dir='ltr' id='par_1_31' title="bbox 784 2895 2352 2971">
     <span class='ocr_line' id='line_1_31' title="bbox 784 2895 2352 2971; baseline 0.007 -25"><span class='ocrx_word' id='word_1_196' title='bbox 784 2895 1008 2964; x_wconf 67' lang='lat' dir='ltr'><strong>gaudet,</strong></span> <span class='ocrx_word' id='word_1_197' title='bbox 1063 2902 1231 2960; x_wconf 83' lang='lat' dir='ltr'><strong>atque</strong></span> <span class='ocrx_word' id='word_1_198' title='bbox 1265 2897 1337 2948; x_wconf 81' lang='lat' dir='ltr'><strong>itu</strong></span> <span class='ocrx_word' id='word_1_199' title='bbox 1400 2895 1594 2951; x_wconf 80' lang='lat' dir='ltr'><strong>aﬂ‘eeta</strong></span> <span class='ocrx_word' id='word_1_200' title='bbox 1622 2906 1728 2964; x_wconf 83' lang='lat' dir='ltr'><strong>est,</strong></span> <span class='ocrx_word' id='word_1_201' title='bbox 1755 2909 1814 2953; x_wconf 89' lang='lat' dir='ltr'><strong>ut</strong></span> <span class='ocrx_word' id='word_1_202' title='bbox 1847 2901 1984 2954; x_wconf 89' lang='lat' dir='ltr'><strong>nihil</strong></span> <span class='ocrx_word' id='word_1_203' title='bbox 2044 2916 2274 2971; x_wconf 88' lang='lat' dir='ltr'><strong>prorsus</strong></span> <span class='ocrx_word' id='word_1_204' title='bbox 2297 2903 2352 2957; x_wconf 93' lang='lat' dir='ltr'><strong>in</strong></span> 
     </span>
    </p>
   </div>
   <div class='ocr_carea' id='block_1_32' title="bbox 784 2987 2350 3062">
    <p class='ocr_par' dir='ltr' id='par_1_32' title="bbox 784 2987 2350 3062">
     <span class='ocr_line' id='line_1_32' title="bbox 784 2987 2350 3062; baseline 0.007 -23"><span class='ocrx_word' id='word_1_205' title='bbox 784 2987 993 3040; x_wconf 73' lang='grc' dir='ltr'>ιιιιιτιάυ</span> <span class='ocrx_word' id='word_1_206' title='bbox 1056 3003 1198 3057; x_wconf 63' lang='grc' dir='ltr'><strong>εδει-θ</strong></span> <span class='ocrx_word' id='word_1_207' title='bbox 1247 2988 1386 3042; x_wconf 80' lang='lat' dir='ltr'><strong>ferat</strong></span> <span class='ocrx_word' id='word_1_208' title='bbox 1422 3029 1436 3052; x_wconf 92' lang='lat'><strong>,</strong></span> <span class='ocrx_word' id='word_1_209' title='bbox 1511 3005 1700 3045; x_wconf 87' lang='lat' dir='ltr'><strong>verum</strong></span> <span class='ocrx_word' id='word_1_210' title='bbox 1754 2992 1823 3047; x_wconf 90' lang='lat' dir='ltr'><strong>iis</strong></span> <span class='ocrx_word' id='word_1_211' title='bbox 1873 3009 1995 3062; x_wconf 63' lang='lat' dir='ltr'><strong>quae</strong></span> <span class='ocrx_word' id='word_1_212' title='bbox 2056 2995 2350 3061; x_wconf 86' lang='lat' dir='ltr'><strong>accidunt,</strong></span> 
     </span>
    </p>
   </div>
   <div class='ocr_carea' id='block_1_33' title="bbox 783 3077 2206 3152">
    <p class='ocr_par' dir='ltr' id='par_1_33' title="bbox 783 3077 2206 3152">
     <span class='ocr_line' id='line_1_33' title="bbox 783 3077 2206 3152; baseline 0.007 -22"><span class='ocrx_word' id='word_1_213' title='bbox 783 3077 1122 3147; x_wconf 43' lang='lat' dir='ltr'><strong>ac-quiescat‘.</strong></span> <span class='ocrx_word' id='word_1_214' title='bbox 1148 3095 1250 3134; x_wconf 90' lang='lat' dir='ltr'><strong>ceu</strong></span> <span class='ocrx_word' id='word_1_215' title='bbox 1275 3096 1398 3151; x_wconf 78' lang='lat' dir='ltr'><strong>qua:</strong></span> <span class='ocrx_word' id='word_1_216' title='bbox 1436 3089 1588 3136; x_wconf 89' lang='lat' dir='ltr'><strong>recte</strong></span> <span class='ocrx_word' id='word_1_217' title='bbox 1611 3090 1776 3152; x_wconf 90' lang='lat' dir='ltr'><strong>atque</strong></span> <span class='ocrx_word' id='word_1_218' title='bbox 1808 3085 2020 3140; x_wconf 88' lang='lat' dir='ltr'><strong>utiliter</strong></span> <span class='ocrx_word' id='word_1_219' title='bbox 2053 3086 2206 3140; x_wconf 83' lang='lat' dir='ltr'><strong>ﬂant.</strong></span> 
     </span>
    </p>
   </div>
   <div class='ocr_carea' id='block_1_34' title="bbox 783 3213 2355 3285">
    <p class='ocr_par' dir='ltr' id='par_1_34' title="bbox 783 3213 2355 3285">
     <span class='ocr_line' id='line_1_34' title="bbox 783 3213 2355 3285; baseline 0.011 -24"><span class='ocrx_word' id='word_1_220' title='bbox 783 3213 946 3284; x_wconf 80' lang='lat'><strong>373</strong></span> <span class='ocrx_word' id='word_1_221' title='bbox 981 3213 1116 3266; x_wconf 89' lang='lat' dir='ltr'><strong>TIT.</strong></span> <span class='ocrx_word' id='word_1_222' title='bbox 1150 3214 1362 3270; x_wconf 72' lang='lat' dir='ltr'><strong>XXXII.</strong></span> <span class='ocrx_word' id='word_1_223' title='bbox 1393 3246 1462 3255; x_wconf 93' lang='lat'><strong>——</strong></span> <span class='ocrx_word' id='word_1_224' title='bbox 1510 3217 1585 3270; x_wconf 84' lang='lat' dir='ltr'><strong>De</strong></span> <span class='ocrx_word' id='word_1_225' title='bbox 1612 3221 1865 3285; x_wconf 75' lang='lat' dir='ltr'><strong>primitiis</strong></span> <span class='ocrx_word' id='word_1_226' title='bbox 1887 3232 1934 3274; x_wconf 79' lang='lat' dir='ltr'><strong>et</strong></span> <span class='ocrx_word' id='word_1_227' title='bbox 1970 3223 2203 3276; x_wconf 77' lang='lat' dir='ltr'><strong>decimas</strong></span> <span class='ocrx_word' id='word_1_228' title='bbox 2220 3223 2355 3277; x_wconf 85' lang='lat' dir='ltr'><strong>dan-</strong></span> 
     </span>
    </p>
   </div>
   <div class='ocr_carea' id='block_1_35' title="bbox 869 3287 2258 3362">
    <p class='ocr_par' dir='ltr' id='par_1_35' title="bbox 869 3287 2258 3362">
     <span class='ocr_line' id='line_1_35' title="bbox 869 3287 2258 3362; baseline 0.008 -27"><span class='ocrx_word' id='word_1_229' title='bbox 869 3287 1008 3337; x_wconf 74' lang='lat' dir='ltr'><strong>tioas</strong></span> <span class='ocrx_word' id='word_1_230' title='bbox 1039 3300 1057 3336; x_wconf 91' lang='lat'><em>:</em></span> <span class='ocrx_word' id='word_1_231' title='bbox 1084 3295 1132 3338; x_wconf 84' lang='lat' dir='ltr'><strong>et</strong></span> <span class='ocrx_word' id='word_1_232' title='bbox 1155 3289 1294 3356; x_wconf 84' lang='lat' dir='ltr'><strong>quod</strong></span> <span class='ocrx_word' id='word_1_233' title='bbox 1327 3287 1518 3355; x_wconf 71' lang='lat' dir='ltr'><strong>offerre</strong></span> <span class='ocrx_word' id='word_1_234' title='bbox 1559 3287 1670 3343; x_wconf 85' lang='lat' dir='ltr'><strong>Deo</strong></span> <span class='ocrx_word' id='word_1_235' title='bbox 1695 3291 1962 3358; x_wconf 79' lang='lat' dir='ltr'><strong>primitias</strong></span> <span class='ocrx_word' id='word_1_236' title='bbox 1999 3305 2258 3362; x_wconf 76' lang='lat' dir='ltr'><strong>oporteat.</strong></span> 
     </span>
    </p>
   </div>
   <div class='ocr_carea' id='block_1_36' title="bbox 854 3440 2357 3503">
    <p class='ocr_par' dir='ltr' id='par_1_36' title="bbox 854 3440 2357 3503">
     <span class='ocr_line' id='line_1_36' title="bbox 854 3440 2357 3503; baseline 0.004 -9"><span class='ocrx_word' id='word_1_237' title='bbox 854 3440 1031 3495; x_wconf 67' lang='lat' dir='ltr'><strong>Exod.</strong></span> <span class='ocrx_word' id='word_1_238' title='bbox 1064 3457 1200 3503; x_wconf 81' lang='lat' dir='ltr'><strong>xxii,</strong></span> <span class='ocrx_word' id='word_1_239' title='bbox 1229 3441 1399 3495; x_wconf 71' lang='lat'><strong>29.—</strong></span> <span class='ocrx_word' id='word_1_240' title='bbox 1432 3461 1451 3493; x_wconf 79' lang='grc' dir='ltr'>ι</span> <span class='ocrx_word' id='word_1_241' title='bbox 1487 3443 1772 3499; x_wconf 87' lang='lat' dir='ltr'><strong>Primitias</strong></span> <span class='ocrx_word' id='word_1_242' title='bbox 1806 3459 1948 3500; x_wconf 73' lang='lat' dir='ltr'><strong>area:</strong></span> <span class='ocrx_word' id='word_1_243' title='bbox 1983 3455 2091 3500; x_wconf 78' lang='lat' dir='ltr'><strong>tua:</strong></span> <span class='ocrx_word' id='word_1_244' title='bbox 2109 3462 2220 3500; x_wconf 91' lang='lat' dir='ltr'><strong>non</strong></span> <span class='ocrx_word' id='word_1_245' title='bbox 2245 3455 2357 3500; x_wconf 82' lang='lat' dir='ltr'><strong>tar-</strong></span> 
     </span>
    </p>
   </div>
   <div class='ocr_carea' id='block_1_37' title="bbox 785 3531 1268 3586">
    <p class='ocr_par' dir='ltr' id='par_1_37' title="bbox 785 3531 1268 3586">
     <span class='ocr_line' id='line_1_37' title="bbox 785 3531 1268 3586; baseline -0.002 -2"><span class='ocrx_word' id='word_1_246' title='bbox 785 3533 944 3584; x_wconf 75' lang='lat' dir='ltr'><strong>dabis</strong></span> <span class='ocrx_word' id='word_1_247' title='bbox 969 3531 1218 3586; x_wconf 85' lang='lat' dir='ltr'><strong>reddere.</strong></span> <span class='ocrx_word' id='word_1_248' title='bbox 1251 3553 1268 3583; x_wconf 81' lang='grc' dir='ltr'><strong>ι</strong></span> 
     </span>
    </p>
   </div>
   <div class='ocr_carea' id='block_1_38' title="bbox 858 3623 2354 3693">
    <p class='ocr_par' dir='ltr' id='par_1_38' title="bbox 858 3623 2354 3693">
     <span class='ocr_line' id='line_1_38' title="bbox 858 3623 2354 3693; baseline 0.002 -17"><span class='ocrx_word' id='word_1_249' title='bbox 858 3623 1036 3677; x_wconf 74' lang='lat' dir='ltr'><strong>Exod.</strong></span> <span class='ocrx_word' id='word_1_250' title='bbox 1090 3640 1280 3689; x_wconf 82' lang='lat' dir='ltr'><strong>xxxiv,</strong></span> <span class='ocrx_word' id='word_1_251' title='bbox 1335 3626 1427 3688; x_wconf 77' lang='grc'><strong>20,</strong></span> <span class='ocrx_word' id='word_1_252' title='bbox 1475 3624 1568 3678; x_wconf 76' lang='grc'><strong>26.</strong></span> <span class='ocrx_word' id='word_1_253' title='bbox 1623 3657 1694 3666; x_wconf 89' lang='lat'><strong>—-</strong></span> <span class='ocrx_word' id='word_1_254' title='bbox 1736 3644 1754 3674; x_wconf 73' lang='grc' dir='ltr'><strong>ι</strong></span> <span class='ocrx_word' id='word_1_255' title='bbox 1788 3624 1906 3679; x_wconf 76' lang='lat' dir='ltr'><strong>Non</strong></span> <span class='ocrx_word' id='word_1_256' title='bbox 1975 3627 2266 3693; x_wconf 74' lang='lat' dir='ltr'><strong>apparebis</strong></span> <span class='ocrx_word' id='word_1_257' title='bbox 2300 3627 2354 3680; x_wconf 91' lang='lat' dir='ltr'><strong>in</strong></span> 
     </span>
    </p>
   </div>
   <div class='ocr_carea' id='block_1_39' title="bbox 784 3715 2358 3787">
    <p class='ocr_par' dir='ltr' id='par_1_39' title="bbox 784 3715 2358 3787">
     <span class='ocr_line' id='line_1_39' title="bbox 784 3715 2358 3787; baseline 0.005 -21"><span class='ocrx_word' id='word_1_258' title='bbox 784 3723 1086 3782; x_wconf 65' lang='lat' dir='ltr'><strong>conspectu</strong></span> <span class='ocrx_word' id='word_1_259' title='bbox 1140 3731 1264 3770; x_wconf 91' lang='lat' dir='ltr'><strong>meo</strong></span> <span class='ocrx_word' id='word_1_260' title='bbox 1293 3731 1522 3770; x_wconf 73' lang='lat' dir='ltr'><strong>vacuus.</strong></span> <span class='ocrx_word' id='word_1_261' title='bbox 1571 3715 1854 3770; x_wconf 82' lang='lat' dir='ltr'><strong>Primitias</strong></span> <span class='ocrx_word' id='word_1_262' title='bbox 1902 3719 2205 3786; x_wconf 88' lang='lat' dir='ltr'><strong>primorum</strong></span> <span class='ocrx_word' id='word_1_263' title='bbox 2239 3719 2358 3787; x_wconf 66' lang='lat' dir='ltr'><strong>Iru—</strong></span> 
     </span>
    </p>
   </div>
   <div class='ocr_carea' id='block_1_40' title="bbox 781 3811 2211 3868">
    <p class='ocr_par' dir='ltr' id='par_1_40' title="bbox 781 3811 2211 3868">
     <span class='ocr_line' id='line_1_40' title="bbox 781 3811 2211 3868; baseline 0 -4"><span class='ocrx_word' id='word_1_264' title='bbox 781 3819 971 3864; x_wconf 74' lang='lat' dir='ltr'><strong>unum</strong></span> <span class='ocrx_word' id='word_1_265' title='bbox 1001 3821 1162 3866; x_wconf 75' lang='lat' dir='ltr'><strong>terra:</strong></span> <span class='ocrx_word' id='word_1_266' title='bbox 1189 3818 1300 3866; x_wconf 63' lang='lat' dir='ltr'><strong>tum</strong></span> <span class='ocrx_word' id='word_1_267' title='bbox 1335 3811 1539 3868; x_wconf 84' lang='lat' dir='ltr'><strong>inleres</strong></span> <span class='ocrx_word' id='word_1_268' title='bbox 1564 3811 1618 3866; x_wconf 93' lang='lat' dir='ltr'><strong>in</strong></span> <span class='ocrx_word' id='word_1_269' title='bbox 1650 3813 1869 3866; x_wconf 82' lang='lat' dir='ltr'><strong>domum</strong></span> <span class='ocrx_word' id='word_1_270' title='bbox 1909 3811 2144 3867; x_wconf 80' lang='lat' dir='ltr'><strong>Domini.</strong></span> <span class='ocrx_word' id='word_1_271' title='bbox 2192 3831 2211 3864; x_wconf 81' lang='grc' dir='ltr'><strong>ι</strong></span> 
     </span>
    </p>
   </div>
   <div class='ocr_carea' id='block_1_41' title="bbox 851 3899 2358 3966">
    <p class='ocr_par' dir='ltr' id='par_1_41' title="bbox 851 3899 2358 3966">
     <span class='ocr_line' id='line_1_41' title="bbox 851 3899 2358 3966; baseline 0.003 -12"><span class='ocrx_word' id='word_1_272' title='bbox 851 3899 1020 3956; x_wconf 68' lang='lat' dir='ltr'><strong>Lavit.</strong></span> <span class='ocrx_word' id='word_1_273' title='bbox 1047 3917 1144 3966; x_wconf 88' lang='lat' dir='ltr'><strong>vu,</strong></span> <span class='ocrx_word' id='word_1_274' title='bbox 1169 3900 1261 3956; x_wconf 72' lang='lat'><strong>32.</strong></span> <span class='ocrx_word' id='word_1_275' title='bbox 1288 3930 1354 3944; x_wconf 78' lang='grc' dir='ltr'><strong>ο-</strong></span> <span class='ocrx_word' id='word_1_276' title='bbox 1381 3921 1400 3954; x_wconf 78' lang='grc' dir='ltr'><strong>ι</strong></span> <span class='ocrx_word' id='word_1_277' title='bbox 1438 3901 1726 3957; x_wconf 85' lang='lat' dir='ltr'><strong>Braehium</strong></span> <span class='ocrx_word' id='word_1_278' title='bbox 1758 3901 2012 3957; x_wconf 90' lang='lat' dir='ltr'><strong>dextrum</strong></span> <span class='ocrx_word' id='word_1_279' title='bbox 2047 3905 2154 3958; x_wconf 90' lang='lat' dir='ltr'><strong>erit</strong></span> <span class='ocrx_word' id='word_1_280' title='bbox 2177 3917 2358 3960; x_wconf 82' lang='lat' dir='ltr'><strong>sacer-</strong></span> 
     </span>
    </p>
   </div>
   <div class='ocr_carea' id='block_1_42' title="bbox 781 3992 966 4044">
    <p class='ocr_par' dir='ltr' id='par_1_42' title="bbox 781 3992 966 4044">
     <span class='ocr_line' id='line_1_42' title="bbox 781 3992 966 4044; baseline 0.022 -4"><span class='ocrx_word' id='word_1_281' title='bbox 781 3992 917 4044; x_wconf 77' lang='grc' dir='ltr'><strong>ιῖοιί.</strong></span> <span class='ocrx_word' id='word_1_282' title='bbox 947 4011 966 4043; x_wconf 75' lang='grc' dir='ltr'>ι</span> 
     </span>
    </p>
   </div>
   <div class='ocr_carea' id='block_1_43' title="bbox 855 4079 2356 4144">
    <p class='ocr_par' dir='ltr' id='par_1_43' title="bbox 855 4079 2356 4144">
     <span class='ocr_line' id='line_1_43' title="bbox 855 4079 2356 4144; baseline 0.002 -7"><span class='ocrx_word' id='word_1_283' title='bbox 855 4081 1020 4137; x_wconf 76' lang='lat' dir='ltr'><strong>Len&#39;t.</strong></span> <span class='ocrx_word' id='word_1_284' title='bbox 1054 4099 1226 4144; x_wconf 71' lang='grc' dir='ltr'>ιιι-ιι.</span> <span class='ocrx_word' id='word_1_285' title='bbox 1261 4082 1351 4137; x_wconf 81' lang='lat'><strong>&#39;50.</strong></span> <span class='ocrx_word' id='word_1_286' title='bbox 1393 4109 1464 4121; x_wconf 89' lang='lat'><strong>-</strong></span> <span class='ocrx_word' id='word_1_287' title='bbox 1499 4099 1518 4131; x_wconf 76' lang='grc' dir='ltr'><strong>ι</strong></span> <span class='ocrx_word' id='word_1_288' title='bbox 1555 4079 1748 4137; x_wconf 83' lang='lat' dir='ltr'><strong>Omnis</strong></span> <span class='ocrx_word' id='word_1_289' title='bbox 1791 4081 2005 4137; x_wconf 89' lang='lat' dir='ltr'><strong>decima</strong></span> <span class='ocrx_word' id='word_1_290' title='bbox 2049 4091 2212 4138; x_wconf 67' lang='lat' dir='ltr'><strong>terra:</strong></span> <span class='ocrx_word' id='word_1_291' title='bbox 2248 4092 2356 4140; x_wconf 72' lang='lat' dir='ltr'><strong>tuae</strong></span> 
     </span>
    </p>
   </div>
   <div class='ocr_carea' id='block_1_44' title="bbox 777 4174 1522 4230">
    <p class='ocr_par' dir='ltr' id='par_1_44' title="bbox 777 4174 1522 4230">
     <span class='ocr_line' id='line_1_44' title="bbox 777 4174 1522 4230; baseline -0.004 -3"><span class='ocrx_word' id='word_1_292' title='bbox 777 4177 886 4227; x_wconf 90' lang='lat' dir='ltr'><strong>erit</strong></span> <span class='ocrx_word' id='word_1_293' title='bbox 922 4186 1172 4230; x_wconf 69' lang='lat' dir='ltr'><strong>sanetum</strong></span> <span class='ocrx_word' id='word_1_294' title='bbox 1206 4174 1459 4228; x_wconf 90' lang='lat' dir='ltr'><strong>Domino.</strong></span> <span class='ocrx_word' id='word_1_295' title='bbox 1504 4192 1522 4224; x_wconf 79' lang='grc' dir='ltr'><strong>ι</strong></span> 
     </span>
    </p>
   </div>
   <div class='ocr_carea' id='block_1_45' title="bbox 856 4282 2353 4350">
    <p class='ocr_par' dir='ltr' id='par_1_45' title="bbox 856 4282 2353 4350">
     <span class='ocr_line' id='line_1_45' title="bbox 856 4282 2353 4350; baseline 0 -10"><span class='ocrx_word' id='word_1_296' title='bbox 856 4287 1014 4341; x_wconf 72' lang='lat' dir='ltr'><strong>Dat.</strong></span> <span class='ocrx_word' id='word_1_297' title='bbox 1052 4303 1150 4350; x_wconf 85' lang='lat' dir='ltr'><strong>xu,</strong></span> <span class='ocrx_word' id='word_1_298' title='bbox 1178 4286 1265 4341; x_wconf 85' lang='lat' dir='ltr'><strong>l9.</strong></span> <span class='ocrx_word' id='word_1_299' title='bbox 1293 4313 1361 4325; x_wconf 92' lang='lat'><strong>-—</strong></span> <span class='ocrx_word' id='word_1_300' title='bbox 1396 4303 1415 4336; x_wconf 81' lang='grc' dir='ltr'><strong>ι</strong></span> <span class='ocrx_word' id='word_1_301' title='bbox 1454 4284 1688 4339; x_wconf 82' lang='lat' dir='ltr'><strong>Attende</strong></span> <span class='ocrx_word' id='word_1_302' title='bbox 1725 4282 1825 4337; x_wconf 88' lang='lat' dir='ltr'><strong>tibi</strong></span> <span class='ocrx_word' id='word_1_303' title='bbox 1854 4283 1981 4345; x_wconf 84' lang='lat' dir='ltr'><strong>ipsi.</strong></span> <span class='ocrx_word' id='word_1_304' title='bbox 2013 4297 2083 4338; x_wconf 89' lang='lat' dir='ltr'><strong>ne</strong></span> <span class='ocrx_word' id='word_1_305' title='bbox 2118 4283 2353 4340; x_wconf 90' lang='lat' dir='ltr'><strong>derelin-</strong></span> 
     </span>
    </p>
   </div>
   <div class='ocr_carea' id='block_1_46' title="bbox 779 4375 2354 4447">
    <p class='ocr_par' dir='ltr' id='par_1_46' title="bbox 779 4375 2354 4447">
     <span class='ocr_line' id='line_1_46' title="bbox 779 4375 2354 4447; baseline -0.001 -17"><span class='ocrx_word' id='word_1_306' title='bbox 779 4403 804 4430; x_wconf 80' lang='grc' dir='ltr'><strong>ο</strong></span> <span class='ocrx_word' id='word_1_307' title='bbox 839 4397 922 4432; x_wconf 73' lang='grc' dir='ltr'><strong>-εις</strong></span> <span class='ocrx_word' id='word_1_308' title='bbox 959 4378 1205 4432; x_wconf 75' lang='lat' dir='ltr'><strong>Leritam</strong></span> <span class='ocrx_word' id='word_1_309' title='bbox 1259 4378 1412 4431; x_wconf 89' lang='lat' dir='ltr'><strong>omni</strong></span> <span class='ocrx_word' id='word_1_310' title='bbox 1469 4383 1716 4444; x_wconf 88' lang='lat' dir='ltr'><strong>tempore</strong></span> <span class='ocrx_word' id='word_1_311' title='bbox 1771 4388 1882 4444; x_wconf 92' lang='lat' dir='ltr'><strong>quo</strong></span> <span class='ocrx_word' id='word_1_312' title='bbox 1927 4375 2133 4430; x_wconf 84' lang='lat' dir='ltr'><strong>vixeris</strong></span> <span class='ocrx_word' id='word_1_313' title='bbox 2187 4391 2354 4447; x_wconf 81' lang='lat' dir='ltr'><strong>super</strong></span> 
     </span>
    </p>
   </div>
   <div class='ocr_carea' id='block_1_47' title="bbox 779 4486 1056 4524">
    <p class='ocr_par' dir='ltr' id='par_1_47' title="bbox 779 4486 1056 4524">
     <span class='ocr_line' id='line_1_47' title="bbox 779 4486 1056 4524; baseline 0.007 -4"><span class='ocrx_word' id='word_1_314' title='bbox 779 4486 1003 4524; x_wconf 54' lang='lat' dir='ltr'><strong>rerum.</strong></span> <span class='ocrx_word' id='word_1_315' title='bbox 1033 4489 1056 4522; x_wconf 69' lang='grc'><strong><em>1</em></strong></span> 
     </span>
    </p>
   </div>
   <div class='ocr_carea' id='block_1_48' title="bbox 853 4580 2350 4652">
    <p class='ocr_par' dir='ltr' id='par_1_48' title="bbox 853 4580 2350 4652">
     <span class='ocr_line' id='line_1_48' title="bbox 853 4580 2350 4652; baseline -0.001 -13"><span class='ocrx_word' id='word_1_316' title='bbox 853 4586 1011 4639; x_wconf 74' lang='lat' dir='ltr'><strong>Deut.</strong></span> <span class='ocrx_word' id='word_1_317' title='bbox 1051 4601 1162 4645; x_wconf 76' lang='lat' dir='ltr'><strong>xvi.</strong></span> <span class='ocrx_word' id='word_1_318' title='bbox 1199 4584 1286 4637; x_wconf 75' lang='grc'><strong>15.</strong></span> <span class='ocrx_word' id='word_1_319' title='bbox 1315 4613 1383 4624; x_wconf 88' lang='lat'><strong>——</strong></span> <span class='ocrx_word' id='word_1_320' title='bbox 1429 4601 1447 4633; x_wconf 81' lang='grc' dir='ltr'><strong>ι</strong></span> <span class='ocrx_word' id='word_1_321' title='bbox 1480 4580 1598 4635; x_wconf 85' lang='lat' dir='ltr'><strong>Non</strong></span> <span class='ocrx_word' id='word_1_322' title='bbox 1630 4581 1919 4650; x_wconf 84' lang='lat' dir='ltr'><strong>apparebis</strong></span> <span class='ocrx_word' id='word_1_323' title='bbox 1960 4582 2014 4635; x_wconf 91' lang='lat' dir='ltr'><strong>in</strong></span> <span class='ocrx_word' id='word_1_324' title='bbox 2053 4592 2350 4652; x_wconf 87' lang='lat' dir='ltr'><strong>conspectu</strong></span> 
     </span>
    </p>
   </div>
   <div class='ocr_carea' id='block_1_49' title="bbox 779 4672 2352 4741">
    <p class='ocr_par' dir='ltr' id='par_1_49' title="bbox 779 4672 2352 4741">
     <span class='ocr_line' id='line_1_49' title="bbox 779 4672 2352 4741; baseline -0.001 -13"><span class='ocrx_word' id='word_1_325' title='bbox 779 4678 991 4728; x_wconf 54' lang='lat' dir='ltr'><strong>bus-mni</strong></span> <span class='ocrx_word' id='word_1_326' title='bbox 1023 4675 1116 4729; x_wconf 84' lang='lat' dir='ltr'><strong>Dei</strong></span> <span class='ocrx_word' id='word_1_327' title='bbox 1151 4676 1230 4728; x_wconf 93' lang='lat' dir='ltr'><strong>tui</strong></span> <span class='ocrx_word' id='word_1_328' title='bbox 1255 4687 1496 4728; x_wconf 75' lang='lat' dir='ltr'><strong>vacuus:</strong></span> <span class='ocrx_word' id='word_1_329' title='bbox 1524 4672 1904 4741; x_wconf 88' lang='lat' dir='ltr'><strong>unusquisque</strong></span> <span class='ocrx_word' id='word_1_330' title='bbox 1943 4672 2243 4727; x_wconf 85' lang='lat' dir='ltr'><strong>secundum</strong></span> <span class='ocrx_word' id='word_1_331' title='bbox 2270 4673 2352 4726; x_wconf 84' lang='lat' dir='ltr'><strong>vi-</strong></span> 
     </span>
    </p>
   </div>
   <div class='ocr_carea' id='block_1_50' title="bbox 771 4762 2347 4826">
    <p class='ocr_par' dir='ltr' id='par_1_50' title="bbox 771 4762 2347 4826">
     <span class='ocr_line' id='line_1_50' title="bbox 771 4762 2347 4826; baseline -0.003 -3"><span class='ocrx_word' id='word_1_332' title='bbox 771 4788 866 4823; x_wconf 52' lang='grc' dir='ltr'><strong>πει</strong></span> <span class='ocrx_word' id='word_1_333' title='bbox 906 4783 1164 4822; x_wconf 80' lang='lat' dir='ltr'><strong>manuum</strong></span> <span class='ocrx_word' id='word_1_334' title='bbox 1199 4774 1527 4826; x_wconf 70' lang='lat' dir='ltr'><strong>vestrarum,</strong></span> <span class='ocrx_word' id='word_1_335' title='bbox 1571 4762 1875 4817; x_wconf 85' lang='lat' dir='ltr'><strong>secundum</strong></span> <span class='ocrx_word' id='word_1_336' title='bbox 1916 4763 2347 4818; x_wconf 75' lang='lat' dir='ltr'><strong>benedietionent</strong></span> 
     </span>
    </p>
   </div>
   <div class='ocr_carea' id='block_1_51' title="bbox 774 4853 1907 4927">
    <p class='ocr_par' dir='ltr' id='par_1_51' title="bbox 774 4853 1907 4927">
     <span class='ocr_line' id='line_1_51' title="bbox 774 4853 1907 4927; baseline -0.009 -12"><span class='ocrx_word' id='word_1_337' title='bbox 774 4859 992 4918; x_wconf 48' lang='lat' dir='ltr'><strong>Jlm&#39;mi</strong></span> <span class='ocrx_word' id='word_1_338' title='bbox 1021 4860 1114 4913; x_wconf 88' lang='lat' dir='ltr'><strong>Dei</strong></span> <span class='ocrx_word' id='word_1_339' title='bbox 1153 4858 1441 4927; x_wconf 88' lang='lat' dir='ltr'><strong>tui,quam</strong></span> <span class='ocrx_word' id='word_1_340' title='bbox 1477 4853 1692 4909; x_wconf 83' lang='lat' dir='ltr'><strong>dederit</strong></span> <span class='ocrx_word' id='word_1_341' title='bbox 1732 4855 1853 4910; x_wconf 90' lang='lat' dir='ltr'><strong>tibi.</strong></span> <span class='ocrx_word' id='word_1_342' title='bbox 1890 4873 1907 4905; x_wconf 82' lang='grc' dir='ltr'><strong>ι</strong></span> 
     </span>
    </p>
   </div>
   <div class='ocr_carea' id='block_1_52' title="bbox 841 4966 2346 5036">
    <p class='ocr_par' dir='ltr' id='par_1_52' title="bbox 841 4966 2346 5036">
     <span class='ocr_line' id='line_1_52' title="bbox 841 4966 2346 5036; baseline -0.003 -8"><span class='ocrx_word' id='word_1_343' title='bbox 841 4974 1002 5028; x_wconf 65' lang='lat' dir='ltr'><strong>Prov.</strong></span> <span class='ocrx_word' id='word_1_344' title='bbox 1040 4989 1122 5035; x_wconf 87' lang='grc' dir='ltr'>ιιι,</span> <span class='ocrx_word' id='word_1_345' title='bbox 1148 4973 1202 5035; x_wconf 90' lang='grc'>9,</span> <span class='ocrx_word' id='word_1_346' title='bbox 1232 4971 1322 5023; x_wconf 76' lang='grc'><strong>10.</strong></span> <span class='ocrx_word' id='word_1_347' title='bbox 1353 5001 1420 5010; x_wconf 89' lang='grc'><strong><em>-</em></strong></span> <span class='ocrx_word' id='word_1_348' title='bbox 1450 4989 1468 5021; x_wconf 84' lang='grc' dir='ltr'>ι</span> <span class='ocrx_word' id='word_1_349' title='bbox 1509 4966 1731 5022; x_wconf 80' lang='lat' dir='ltr'><strong>Honora</strong></span> <span class='ocrx_word' id='word_1_350' title='bbox 1764 4967 2054 5021; x_wconf 86' lang='lat' dir='ltr'><strong>Dominum</strong></span> <span class='ocrx_word' id='word_1_351' title='bbox 2086 4967 2153 5022; x_wconf 90' lang='lat' dir='ltr'><strong>de</strong></span> <span class='ocrx_word' id='word_1_352' title='bbox 2179 4968 2346 5036; x_wconf 76' lang='lat' dir='ltr'><strong>justis</strong></span> 
     </span>
    </p>
   </div>
   <div class='ocr_carea' id='block_1_53' title="bbox 773 5061 2345 5133">
    <p class='ocr_par' dir='ltr' id='par_1_53' title="bbox 773 5061 2345 5133">
     <span class='ocr_line' id='line_1_53' title="bbox 773 5061 2345 5133; baseline -0.003 -14"><span class='ocrx_word' id='word_1_353' title='bbox 773 5070 1056 5120; x_wconf 51' lang='lat' dir='ltr'><strong>mamilius</strong></span> <span class='ocrx_word' id='word_1_354' title='bbox 1110 5067 1240 5128; x_wconf 80' lang='lat' dir='ltr'><strong>tuis,</strong></span> <span class='ocrx_word' id='word_1_355' title='bbox 1282 5075 1338 5119; x_wconf 84' lang='lat' dir='ltr'><strong>et</strong></span> <span class='ocrx_word' id='word_1_356' title='bbox 1395 5063 1670 5133; x_wconf 88' lang='lat' dir='ltr'><strong>primitias</strong></span> <span class='ocrx_word' id='word_1_357' title='bbox 1696 5061 1828 5115; x_wconf 71' lang='lat' dir='ltr'><strong>oil‘er</strong></span> <span class='ocrx_word' id='word_1_358' title='bbox 1859 5062 1909 5114; x_wconf 92' lang='lat' dir='ltr'><strong>ei</strong></span> <span class='ocrx_word' id='word_1_359' title='bbox 1935 5061 2002 5115; x_wconf 90' lang='lat' dir='ltr'><strong>de</strong></span> <span class='ocrx_word' id='word_1_360' title='bbox 2040 5063 2150 5116; x_wconf 87' lang='lat' dir='ltr'><strong>tuis</strong></span> <span class='ocrx_word' id='word_1_361' title='bbox 2178 5062 2345 5131; x_wconf 90' lang='lat' dir='ltr'><strong>justis</strong></span> 
     </span>
    </p>
   </div>
   <div class='ocr_carea' id='block_1_54' title="bbox 768 5154 2348 5226">
    <p class='ocr_par' dir='ltr' id='par_1_54' title="bbox 768 5154 2348 5226">
     <span class='ocr_line' id='line_1_54' title="bbox 768 5154 2348 5226; baseline -0.002 -13"><span class='ocrx_word' id='word_1_362' title='bbox 768 5165 1067 5224; x_wconf 49' lang='lat' dir='ltr'><strong>(mnibus,</strong></span> <span class='ocrx_word' id='word_1_363' title='bbox 1107 5168 1166 5212; x_wconf 90' lang='lat' dir='ltr'><strong>ut</strong></span> <span class='ocrx_word' id='word_1_364' title='bbox 1220 5160 1550 5226; x_wconf 86' lang='lat' dir='ltr'><strong>impleantur</strong></span> <span class='ocrx_word' id='word_1_365' title='bbox 1588 5156 1788 5209; x_wconf 86' lang='lat' dir='ltr'><strong>horrea</strong></span> <span class='ocrx_word' id='word_1_366' title='bbox 1835 5163 1925 5209; x_wconf 89' lang='lat' dir='ltr'><strong>tua</strong></span> <span class='ocrx_word' id='word_1_367' title='bbox 1968 5154 2270 5220; x_wconf 81' lang='lat' dir='ltr'><strong>frumento,</strong></span> <span class='ocrx_word' id='word_1_368' title='bbox 2294 5165 2348 5212; x_wconf 91' lang='lat' dir='ltr'><strong>et</strong></span> 
     </span>
    </p>
   </div>
   <div class='ocr_carea' id='block_1_55' title="bbox 773 5251 1752 5307">
    <p class='ocr_par' dir='ltr' id='par_1_55' title="bbox 773 5251 1752 5307">
     <span class='ocr_line' id='line_1_55' title="bbox 773 5251 1752 5307; baseline -0.006 -3"><span class='ocrx_word' id='word_1_369' title='bbox 773 5272 896 5307; x_wconf 58' lang='grc' dir='ltr'>«λιιι</span> <span class='ocrx_word' id='word_1_370' title='bbox 921 5253 1222 5307; x_wconf 74' lang='lat' dir='ltr'><strong>toreularia</strong></span> <span class='ocrx_word' id='word_1_371' title='bbox 1261 5263 1350 5306; x_wconf 88' lang='lat' dir='ltr'><strong>tua</strong></span> <span class='ocrx_word' id='word_1_372' title='bbox 1376 5251 1703 5306; x_wconf 80' lang='lat' dir='ltr'><strong>redundent.</strong></span> <span class='ocrx_word' id='word_1_373' title='bbox 1735 5268 1752 5298; x_wconf 80' lang='grc' dir='ltr'><strong>ι</strong></span> 
     </span>
    </p>
   </div>
   <div class='ocr_carea' id='block_1_56' title="bbox 841 5360 2342 5429">
    <p class='ocr_par' dir='ltr' id='par_1_56' title="bbox 841 5360 2342 5429">
     <span class='ocr_line' id='line_1_56' title="bbox 841 5360 2342 5429; baseline -0.002 -12"><span class='ocrx_word' id='word_1_374' title='bbox 841 5366 1010 5419; x_wconf 71' lang='lat' dir='ltr'><strong>hccli.</strong></span> <span class='ocrx_word' id='word_1_375' title='bbox 1041 5381 1205 5424; x_wconf 81' lang='lat' dir='ltr'><strong>xxxv,</strong></span> <span class='ocrx_word' id='word_1_376' title='bbox 1231 5363 1284 5427; x_wconf 68' lang='grc'><strong>4,</strong></span> <span class='ocrx_word' id='word_1_377' title='bbox 1311 5364 1362 5414; x_wconf 75' lang='lat'><strong>.‘5.</strong></span> <span class='ocrx_word' id='word_1_378' title='bbox 1390 5392 1458 5402; x_wconf 85' lang='grc'><strong><em>--</em></strong></span> <span class='ocrx_word' id='word_1_379' title='bbox 1492 5381 1510 5412; x_wconf 80' lang='grc' dir='ltr'>ι</span> <span class='ocrx_word' id='word_1_380' title='bbox 1547 5360 1626 5414; x_wconf 81' lang='lat' dir='ltr'><strong>Nc</strong></span> <span class='ocrx_word' id='word_1_381' title='bbox 1659 5375 1924 5429; x_wconf 76' lang='lat' dir='ltr'><strong>apparens</strong></span> <span class='ocrx_word' id='word_1_382' title='bbox 1956 5360 2008 5413; x_wconf 92' lang='lat' dir='ltr'><strong>in</strong></span> <span class='ocrx_word' id='word_1_383' title='bbox 2044 5370 2342 5428; x_wconf 79' lang='lat' dir='ltr'><strong>conspectu</strong></span> 
     </span>
    </p>
   </div>
   <div class='ocr_carea' id='block_1_57' title="bbox 769 5451 2340 5510">
    <p class='ocr_par' dir='ltr' id='par_1_57' title="bbox 769 5451 2340 5510">
     <span class='ocr_line' id='line_1_57' title="bbox 769 5451 2340 5510; baseline -0.004 -1"><span class='ocrx_word' id='word_1_384' title='bbox 769 5459 984 5510; x_wconf 66' lang='grc' dir='ltr'>ῐιίιεεηιιι</span> <span class='ocrx_word' id='word_1_385' title='bbox 1026 5469 1256 5507; x_wconf 77' lang='lat' dir='ltr'><strong>vacuus.</strong></span> <span class='ocrx_word' id='word_1_386' title='bbox 1302 5454 1356 5505; x_wconf 90' lang='lat' dir='ltr'><strong>In</strong></span> <span class='ocrx_word' id='word_1_387' title='bbox 1399 5452 1546 5506; x_wconf 90' lang='lat' dir='ltr'><strong>omni</strong></span> <span class='ocrx_word' id='word_1_388' title='bbox 1577 5452 1706 5504; x_wconf 86' lang='lat' dir='ltr'><strong>dato</strong></span> <span class='ocrx_word' id='word_1_389' title='bbox 1751 5451 1978 5504; x_wconf 88' lang='lat' dir='ltr'><strong>hilarem</strong></span> <span class='ocrx_word' id='word_1_390' title='bbox 2017 5451 2100 5504; x_wconf 77' lang='lat' dir='ltr'><strong>l&#39;ae</strong></span> <span class='ocrx_word' id='word_1_391' title='bbox 2130 5452 2340 5504; x_wconf 83' lang='lat' dir='ltr'><strong>vultum</strong></span> 
     </span>
    </p>
   </div>
   <div class='ocr_carea' id='block_1_58' title="bbox 765 5541 2334 5609">
    <p class='ocr_par' dir='ltr' id='par_1_58' title="bbox 765 5541 2334 5609">
     <span class='ocr_line' id='line_1_58' title="bbox 765 5541 2334 5609; baseline -0.006 -7"><span class='ocrx_word' id='word_1_392' title='bbox 765 5563 944 5609; x_wconf 55' lang='lat' dir='ltr'><strong>tvm,</strong></span> <span class='ocrx_word' id='word_1_393' title='bbox 1001 5556 1055 5600; x_wconf 90' lang='lat' dir='ltr'><strong>et</strong></span> <span class='ocrx_word' id='word_1_394' title='bbox 1100 5565 1152 5599; x_wconf 85' lang='grc' dir='ltr'><strong>ιιι</strong></span> <span class='ocrx_word' id='word_1_395' title='bbox 1194 5545 1564 5599; x_wconf 66' lang='lat' dir='ltr'><strong>exsultatione</strong></span> <span class='ocrx_word' id='word_1_396' title='bbox 1599 5544 1882 5597; x_wconf 84' lang='lat' dir='ltr'><strong>sanctilica</strong></span> <span class='ocrx_word' id='word_1_397' title='bbox 1931 5541 2216 5596; x_wconf 88' lang='lat' dir='ltr'><strong>decimam.</strong></span> <span class='ocrx_word' id='word_1_398' title='bbox 2261 5541 2334 5594; x_wconf 84' lang='lat' dir='ltr'><strong>Da</strong></span> 
     </span>
    </p>
   </div>
   <div class='ocr_carea' id='block_1_59' title="bbox 2459 539 4037 624">
    <p class='ocr_par' dir='ltr' id='par_1_59' title="bbox 2459 539 4037 624">
     <span class='ocr_line' id='line_1_59' title="bbox 2459 539 4037 624; baseline 0.009 -31"><span class='ocrx_word' id='word_1_399' title='bbox 2459 539 2626 611; x_wconf 80' lang='grc' dir='ltr'>εὐχὴν</span> <span class='ocrx_word' id='word_1_400' title='bbox 2659 543 2715 596; x_wconf 80' lang='grc' dir='ltr'><strong>δὲ</strong></span> <span class='ocrx_word' id='word_1_401' title='bbox 2748 543 2782 614; x_wconf 79' lang='grc' dir='ltr'>ὴ</span> <span class='ocrx_word' id='word_1_402' title='bbox 2809 544 3064 615; x_wconf 75' lang='grc' dir='ltr'>ἑπιτυχία</span> <span class='ocrx_word' id='word_1_403' title='bbox 3087 562 3099 576; x_wconf 87' lang='grc'>·</span> <span class='ocrx_word' id='word_1_404' title='bbox 3125 545 3266 618; x_wconf 81' lang='grc' dir='ltr'>ὑπὲρ</span> <span class='ocrx_word' id='word_1_405' title='bbox 3279 547 3543 602; x_wconf 75' lang='grc' dir='ltr'>ἐλπίδαδὲ</span> <span class='ocrx_word' id='word_1_406' title='bbox 3576 549 3639 602; x_wconf 77' lang='grc' dir='ltr'>τὸ</span> <span class='ocrx_word' id='word_1_407' title='bbox 3658 550 3832 621; x_wconf 85' lang='grc' dir='ltr'>δῶρον</span> <span class='ocrx_word' id='word_1_408' title='bbox 3852 567 3867 581; x_wconf 73' lang='grc'><strong><em>⁸</em></strong></span> <span class='ocrx_word' id='word_1_409' title='bbox 3892 551 4037 624; x_wconf 78' lang='grc' dir='ltr'>ὑπὲρ</span> 
     </span>
    </p>
   </div>
   <div class='ocr_carea' id='block_1_60' title="bbox 2460 636 2878 706">
    <p class='ocr_par' dir='ltr' id='par_1_60' title="bbox 2460 636 2878 706">
     <span class='ocr_line' id='line_1_60' title="bbox 2460 636 2878 706; baseline 0.014 -21"><span class='ocrx_word' id='word_1_410' title='bbox 2460 636 2624 702; x_wconf 82' lang='grc' dir='ltr'>φύσιν</span> <span class='ocrx_word' id='word_1_411' title='bbox 2639 652 2674 705; x_wconf 88' lang='grc' dir='ltr'><strong>η</strong></span> <span class='ocrx_word' id='word_1_412' title='bbox 2697 636 2878 706; x_wconf 77' lang='grc' dir='ltr'>χάρις.</span> 
     </span>
    </p>
   </div>
   <div class='ocr_carea' id='block_1_61' title="bbox 2530 901 4035 976">
    <p class='ocr_par' dir='ltr' id='par_1_61' title="bbox 2530 901 4035 976">
     <span class='ocr_line' id='line_1_61' title="bbox 2530 901 4035 976; baseline 0.003 -22"><span class='ocrx_word' id='word_1_413' title='bbox 2530 901 2698 964; x_wconf 79' lang='grc' dir='ltr'>Φύσις</span> <span class='ocrx_word' id='word_1_414' title='bbox 2733 903 2851 956; x_wconf 72' lang='grc' dir='ltr'>ἐστι</span> <span class='ocrx_word' id='word_1_415' title='bbox 2909 904 3046 973; x_wconf 75' lang='grc' dir='ltr'>πρὸς</span> <span class='ocrx_word' id='word_1_416' title='bbox 3064 904 3126 957; x_wconf 75' lang='grc' dir='ltr'>τδ</span> <span class='ocrx_word' id='word_1_417' title='bbox 3171 905 3441 976; x_wconf 80' lang='grc' dir='ltr'>μακάριον</span> <span class='ocrx_word' id='word_1_418' title='bbox 3498 905 3592 959; x_wconf 81' lang='grc' dir='ltr'><strong>καὶ</strong></span> <span class='ocrx_word' id='word_1_419' title='bbox 3640 905 4035 976; x_wconf 79' lang='grc' dir='ltr'><strong>ἐπαινούμενον</strong></span> 
     </span>
    </p>
   </div>
   <div class='ocr_carea' id='block_1_62' title="bbox 2460 995 3302 1066">
    <p class='ocr_par' dir='ltr' id='par_1_62' title="bbox 2460 995 3302 1066">
     <span class='ocr_line' id='line_1_62' title="bbox 2460 995 3302 1066; baseline 0.005 -19"><span class='ocrx_word' id='word_1_420' title='bbox 2460 995 2558 1066; x_wconf 75' lang='grc' dir='ltr'>τὴν</span> <span class='ocrx_word' id='word_1_421' title='bbox 2589 995 2885 1066; x_wconf 76' lang='grc' dir='ltr'><strong>ἐπιθυμίαν</strong></span> <span class='ocrx_word' id='word_1_422' title='bbox 2912 997 3302 1052; x_wconf 87' lang='grc' dir='ltr'>συντείνεσθαι.</span> 
     </span>
    </p>
   </div>
   <div class='ocr_carea' id='block_1_63' title="bbox 2545 1081 4032 1158">
    <p class='ocr_par' dir='ltr' id='par_1_63' title="bbox 2545 1081 4032 1158">
     <span class='ocr_line' id='line_1_63' title="bbox 2545 1081 4032 1158; baseline 0.001 -19"><span class='ocrx_word' id='word_1_423' title='bbox 2545 1085 2777 1155; x_wconf 79' lang='grc' dir='ltr'>’Δγαθοῦ</span> <span class='ocrx_word' id='word_1_424' title='bbox 2803 1087 3007 1151; x_wconf 84' lang='grc' dir='ltr'>παντὸς</span> <span class='ocrx_word' id='word_1_425' title='bbox 3039 1087 3100 1140; x_wconf 82' lang='grc' dir='ltr'>τὸ</span> <span class='ocrx_word' id='word_1_426' title='bbox 3121 1087 3446 1158; x_wconf 82' lang='grc' dir='ltr'>κεφάλαιον,</span> <span class='ocrx_word' id='word_1_427' title='bbox 3477 1087 3540 1142; x_wconf 76' lang='grc' dir='ltr'>τὸ</span> <span class='ocrx_word' id='word_1_428' title='bbox 3564 1086 3703 1158; x_wconf 83' lang='grc' dir='ltr'>ὑπὲρ</span> <span class='ocrx_word' id='word_1_429' title='bbox 3745 1085 3850 1157; x_wconf 79' lang='grc' dir='ltr'>τὴν</span> <span class='ocrx_word' id='word_1_430' title='bbox 3898 1081 4032 1152; x_wconf 79' lang='grc' dir='ltr'>ζωο-</span> 
     </span>
    </p>
   </div>
   <div class='ocr_carea' id='block_1_64' title="bbox 2459 1181 3201 1251">
    <p class='ocr_par' dir='ltr' id='par_1_64' title="bbox 2459 1181 3201 1251">
     <span class='ocr_line' id='line_1_64' title="bbox 2459 1181 3201 1251; baseline 0.005 -19"><span class='ocrx_word' id='word_1_431' title='bbox 2459 1181 2612 1233; x_wconf 80' lang='grc' dir='ltr'>ποιδν</span> <span class='ocrx_word' id='word_1_432' title='bbox 2646 1181 2894 1247; x_wconf 73' lang='grc' dir='ltr'><strong>ἐξουσίαν</strong></span> <span class='ocrx_word' id='word_1_433' title='bbox 2922 1181 3201 1251; x_wconf 75' lang='grc' dir='ltr'><strong>τετάχθαι.</strong></span> 
     </span>
    </p>
   </div>
   <div class='ocr_carea' id='block_1_65' title="bbox 2529 1271 4031 1344">
    <p class='ocr_par' dir='ltr' id='par_1_65' title="bbox 2529 1271 4031 1344">
     <span class='ocr_line' id='line_1_65' title="bbox 2529 1271 4031 1344; baseline 0 -20"><span class='ocrx_word' id='word_1_434' title='bbox 2529 1271 2766 1326; x_wconf 81' lang='grc' dir='ltr'><strong>Τοιαῦτα</strong></span> <span class='ocrx_word' id='word_1_435' title='bbox 2793 1273 2903 1326; x_wconf 88' lang='grc' dir='ltr'><strong>τῶν</strong></span> <span class='ocrx_word' id='word_1_436' title='bbox 2937 1274 3110 1342; x_wconf 81' lang='grc' dir='ltr'><strong>ἁγίων</strong></span> <span class='ocrx_word' id='word_1_437' title='bbox 3163 1276 3218 1327; x_wconf 84' lang='grc' dir='ltr'><strong>αί</strong></span> <span class='ocrx_word' id='word_1_438' title='bbox 3235 1273 3428 1344; x_wconf 76' lang='grc' dir='ltr'>ψυχαί.</span> <span class='ocrx_word' id='word_1_439' title='bbox 3455 1271 3644 1344; x_wconf 74' lang='grc' dir='ltr'>Πρὶνῆ</span> <span class='ocrx_word' id='word_1_440' title='bbox 3673 1272 4031 1334; x_wconf 80' lang='grc' dir='ltr'>καταπεσεῖν,</span> 
     </span>
    </p>
   </div>
   <div class='ocr_carea' id='block_1_66' title="bbox 2458 1365 4034 1438">
    <p class='ocr_par' dir='ltr' id='par_1_66' title="bbox 2458 1365 4034 1438">
     <span class='ocr_line' id='line_1_66' title="bbox 2458 1365 4034 1438; baseline -0.001 -20"><span class='ocrx_word' id='word_1_441' title='bbox 2458 1366 2775 1420; x_wconf 83' lang='grc' dir='ltr'>ἀνίστανται</span> <span class='ocrx_word' id='word_1_442' title='bbox 2796 1384 2812 1399; x_wconf 89' lang='grc'><strong>·</strong></span> <span class='ocrx_word' id='word_1_443' title='bbox 2838 1367 2967 1435; x_wconf 73' lang='grc' dir='ltr'>πρὶν</span> <span class='ocrx_word' id='word_1_444' title='bbox 2996 1367 3028 1438; x_wconf 83' lang='grc' dir='ltr'>ἦ</span> <span class='ocrx_word' id='word_1_445' title='bbox 3062 1367 3199 1437; x_wconf 82' lang='grc' dir='ltr'>πρὸς</span> <span class='ocrx_word' id='word_1_446' title='bbox 3247 1366 3525 1438; x_wconf 76' lang='grc' dir='ltr'><strong>ἁμαρτίαν</strong></span> <span class='ocrx_word' id='word_1_447' title='bbox 3559 1365 3758 1429; x_wconf 77' lang='grc' dir='ltr'>ἐλθεῖν,</span> <span class='ocrx_word' id='word_1_448' title='bbox 3802 1365 4034 1435; x_wconf 80' lang='grc' dir='ltr'>ἀναχαι-</span> 
     </span>
    </p>
   </div>
   <div class='ocr_carea' id='block_1_67' title="bbox 2457 1456 4033 1530">
    <p class='ocr_par' dir='ltr' id='par_1_67' title="bbox 2457 1456 4033 1530">
     <span class='ocr_line' id='line_1_67' title="bbox 2457 1456 4033 1530; baseline 0.001 -20"><span class='ocrx_word' id='word_1_449' title='bbox 2457 1457 2697 1521; x_wconf 78' lang='grc' dir='ltr'>τίζονται</span> <span class='ocrx_word' id='word_1_450' title='bbox 2717 1476 2732 1490; x_wconf 77' lang='grc' dir='ltr'><strong><em>ο</em></strong></span> <span class='ocrx_word' id='word_1_451' title='bbox 2759 1458 2946 1530; x_wconf 75' lang='grc' dir='ltr'>ἐπειδὴ</span> <span class='ocrx_word' id='word_1_452' title='bbox 2978 1460 3227 1530; x_wconf 82' lang='grc' dir='ltr'><strong>νήφουσι,</strong></span> <span class='ocrx_word' id='word_1_453' title='bbox 3251 1460 3342 1512; x_wconf 76' lang='grc' dir='ltr'><strong>καὶ</strong></span> <span class='ocrx_word' id='word_1_454' title='bbox 3362 1457 3451 1512; x_wconf 79' lang='grc' dir='ltr'>διὰ</span> <span class='ocrx_word' id='word_1_455' title='bbox 3480 1456 3680 1522; x_wconf 81' lang='grc' dir='ltr'>παντός</span> <span class='ocrx_word' id='word_1_456' title='bbox 3697 1457 3843 1511; x_wconf 86' lang='grc' dir='ltr'>είσιν</span> <span class='ocrx_word' id='word_1_457' title='bbox 3867 1456 4033 1526; x_wconf 76' lang='grc' dir='ltr'>ἰγρη-</span> 
     </span>
    </p>
   </div>
   <div class='ocr_carea' id='block_1_68' title="bbox 2457 1553 2694 1620">
    <p class='ocr_par' dir='ltr' id='par_1_68' title="bbox 2457 1553 2694 1620">
     <span class='ocr_line' id='line_1_68' title="bbox 2457 1553 2694 1620; baseline 0.004 -17"><span class='ocrx_word' id='word_1_458' title='bbox 2457 1553 2694 1620; x_wconf 79' lang='grc' dir='ltr'>γορυίαι.</span> 
     </span>
    </p>
   </div>
   <div class='ocr_carea' id='block_1_69' title="bbox 2531 1748 4031 1826">
    <p class='ocr_par' dir='ltr' id='par_1_69' title="bbox 2531 1748 4031 1826">
     <span class='ocr_line' id='line_1_69' title="bbox 2531 1748 4031 1826; baseline -0.004 -19"><span class='ocrx_word' id='word_1_459' title='bbox 2531 1762 2558 1790; x_wconf 86' lang='grc'>¹¹</span> <span class='ocrx_word' id='word_1_460' title='bbox 2581 1754 2656 1807; x_wconf 75' lang='grc' dir='ltr'><strong>Οὐ</strong></span> <span class='ocrx_word' id='word_1_461' title='bbox 2691 1753 2957 1826; x_wconf 82' lang='grc' dir='ltr'>μήρινθον</span> <span class='ocrx_word' id='word_1_462' title='bbox 2996 1771 3198 1824; x_wconf 78' lang='grc' dir='ltr'>Αεπτην</span> <span class='ocrx_word' id='word_1_463' title='bbox 3226 1751 3534 1806; x_wconf 81' lang='grc' dir='ltr'>όιαθεουσιν</span> <span class='ocrx_word' id='word_1_464' title='bbox 3561 1751 3609 1803; x_wconf 85' lang='grc' dir='ltr'><strong>οί</strong></span> <span class='ocrx_word' id='word_1_465' title='bbox 3635 1748 4031 1820; x_wconf 76' lang='grc' dir='ltr'>θαυματοποιοὶ</span> 
     </span>
    </p>
   </div>
   <div class='ocr_carea' id='block_1_70' title="bbox 2456 1842 4025 1917">
    <p class='ocr_par' dir='ltr' id='par_1_70' title="bbox 2456 1842 4025 1917">
     <span class='ocr_line' id='line_1_70' title="bbox 2456 1842 4025 1917; baseline -0.005 -17"><span class='ocrx_word' id='word_1_466' title='bbox 2456 1847 2550 1900; x_wconf 85' lang='grc' dir='ltr'><strong>τοῦ</strong></span> <span class='ocrx_word' id='word_1_467' title='bbox 2575 1845 2835 1917; x_wconf 76' lang='grc' dir='ltr'><strong>Χριστοῦ,</strong></span> <span class='ocrx_word' id='word_1_468' title='bbox 2857 1845 2978 1898; x_wconf 83' lang='grc' dir='ltr'><strong>οὐδὲ</strong></span> <span class='ocrx_word' id='word_1_469' title='bbox 3002 1845 3210 1915; x_wconf 80' lang='grc' dir='ltr'>ξίφεσιν</span> <span class='ocrx_word' id='word_1_470' title='bbox 3268 1842 3730 1904; x_wconf 72' lang='grc' dir='ltr'>ιπικυὸιστῶντες</span> <span class='ocrx_word' id='word_1_471' title='bbox 3778 1842 4025 1911; x_wconf 72' lang='grc' dir='ltr'>γυμνοῖς,</span> 
     </span>
    </p>
   </div>
   <div class='ocr_carea' id='block_1_71' title="bbox 2455 1932 4029 2009">
    <p class='ocr_par' dir='ltr' id='par_1_71' title="bbox 2455 1932 4029 2009">
     <span class='ocr_line' id='line_1_71' title="bbox 2455 1932 4029 2009; baseline -0.004 -19"><span class='ocrx_word' id='word_1_472' title='bbox 2455 1939 2617 2009; x_wconf 76' lang='grc' dir='ltr'>τέχνῃ</span> <span class='ocrx_word' id='word_1_473' title='bbox 2650 1937 2750 2001; x_wconf 83' lang='grc' dir='ltr'>τὰς</span> <span class='ocrx_word' id='word_1_474' title='bbox 2777 1936 2990 2006; x_wconf 83' lang='grc' dir='ltr'>πληγὰς</span> <span class='ocrx_word' id='word_1_475' title='bbox 3023 1935 3432 2006; x_wconf 83' lang='grc' dir='ltr'>διαφεύγουσιν,</span> <span class='ocrx_word' id='word_1_476' title='bbox 3463 1933 3598 1988; x_wconf 78' lang='grc' dir='ltr'>ἀλλὰ</span> <span class='ocrx_word' id='word_1_477' title='bbox 3613 1932 3735 1986; x_wconf 76' lang='grc' dir='ltr'>ἀντὶ</span> <span class='ocrx_word' id='word_1_478' title='bbox 3758 1932 3862 2002; x_wconf 80' lang='grc' dir='ltr'>μὲν</span> <span class='ocrx_word' id='word_1_479' title='bbox 3885 1948 4029 2002; x_wconf 78' lang='grc' dir='ltr'>σχοι-</span> 
     </span>
    </p>
   </div>
   <div class='ocr_carea' id='block_1_72' title="bbox 2455 2021 4029 2100">
    <p class='ocr_par' dir='ltr' id='par_1_72' title="bbox 2455 2021 4029 2100">
     <span class='ocr_line' id='line_1_72' title="bbox 2455 2021 4029 2100; baseline -0.004 -18"><span class='ocrx_word' id='word_1_480' title='bbox 2455 2031 2568 2083; x_wconf 87' lang='grc' dir='ltr'>νίου</span> <span class='ocrx_word' id='word_1_481' title='bbox 2593 2030 2692 2100; x_wconf 82' lang='grc' dir='ltr'>τὴν</span> <span class='ocrx_word' id='word_1_482' title='bbox 2723 2028 2914 2100; x_wconf 81' lang='grc' dir='ltr'>στενὴν</span> <span class='ocrx_word' id='word_1_483' title='bbox 2938 2029 3036 2082; x_wconf 81' lang='grc' dir='ltr'><strong>καὶ</strong></span> <span class='ocrx_word' id='word_1_484' title='bbox 3050 2027 3444 2100; x_wconf 81' lang='grc' dir='ltr'>ἀμφίκρημνον</span> <span class='ocrx_word' id='word_1_485' title='bbox 3463 2026 3565 2095; x_wconf 82' lang='grc' dir='ltr'>τῆς</span> <span class='ocrx_word' id='word_1_486' title='bbox 3591 2025 3879 2087; x_wconf 73' lang='grc' dir='ltr'>εὐσεϐείας</span> <span class='ocrx_word' id='word_1_487' title='bbox 3916 2021 4029 2077; x_wconf 73' lang='grc' dir='ltr'><strong>ὁδὸν</strong></span> 
     </span>
    </p>
   </div>
   <div class='ocr_carea' id='block_1_73' title="bbox 2454 2120 4029 2194">
    <p class='ocr_par' dir='ltr' id='par_1_73' title="bbox 2454 2120 4029 2194">
     <span class='ocr_line' id='line_1_73' title="bbox 2454 2120 4029 2194; baseline -0.004 -18"><span class='ocrx_word' id='word_1_488' title='bbox 2454 2122 2740 2192; x_wconf 81' lang='grc' dir='ltr'>ἁσαλεύτῳ</span> <span class='ocrx_word' id='word_1_489' title='bbox 2787 2123 2997 2194; x_wconf 82' lang='grc' dir='ltr'>βήματι</span> <span class='ocrx_word' id='word_1_490' title='bbox 3057 2122 3406 2194; x_wconf 86' lang='grc' dir='ltr'>διατρέχουσι</span> <span class='ocrx_word' id='word_1_491' title='bbox 3444 2137 3457 2152; x_wconf 74' lang='grc' dir='ltr'><strong>ο</strong></span> <span class='ocrx_word' id='word_1_492' title='bbox 3489 2121 3600 2175; x_wconf 85' lang='grc' dir='ltr'><strong>τῶν</strong></span> <span class='ocrx_word' id='word_1_493' title='bbox 3633 2120 3691 2174; x_wconf 78' lang='grc' dir='ltr'><strong>δὲ</strong></span> <span class='ocrx_word' id='word_1_494' title='bbox 3735 2133 4029 2190; x_wconf 74' lang='grc' dir='ltr'>τυραννοῦ·</span> 
     </span>
    </p>
   </div>
   <div class='ocr_carea' id='block_1_74' title="bbox 2459 2211 4029 2286">
    <p class='ocr_par' dir='ltr' id='par_1_74' title="bbox 2459 2211 4029 2286">
     <span class='ocr_line' id='line_1_74' title="bbox 2459 2211 4029 2286; baseline -0.003 -18"><span class='ocrx_word' id='word_1_495' title='bbox 2459 2215 2638 2285; x_wconf 81' lang='grc' dir='ltr'>μένων</span> <span class='ocrx_word' id='word_1_496' title='bbox 2692 2214 2863 2283; x_wconf 78' lang='grc' dir='ltr'>ξιφῶν</span> <span class='ocrx_word' id='word_1_497' title='bbox 2920 2216 3021 2279; x_wconf 87' lang='grc' dir='ltr'>τὰς</span> <span class='ocrx_word' id='word_1_498' title='bbox 3076 2215 3262 2286; x_wconf 83' lang='grc' dir='ltr'>ἀκμὰς</span> <span class='ocrx_word' id='word_1_499' title='bbox 3288 2217 3430 2278; x_wconf 72' lang='grc' dir='ltr'><strong>εταῖς</strong></span> <span class='ocrx_word' id='word_1_500' title='bbox 3483 2214 3596 2267; x_wconf 83' lang='grc' dir='ltr'><strong>τῶν</strong></span> <span class='ocrx_word' id='word_1_501' title='bbox 3641 2212 3865 2266; x_wconf 78' lang='grc' dir='ltr'><strong>οἰκείων</strong></span> <span class='ocrx_word' id='word_1_502' title='bbox 3898 2211 4029 2280; x_wconf 78' lang='grc' dir='ltr'>πλη-</span> 
     </span>
    </p>
   </div>
   <div class='ocr_carea' id='block_1_75' title="bbox 2455 2303 4028 2378">
    <p class='ocr_par' dir='ltr' id='par_1_75' title="bbox 2455 2303 4028 2378">
     <span class='ocr_line' id='line_1_75' title="bbox 2455 2303 4028 2378; baseline -0.004 -20"><span class='ocrx_word' id='word_1_503' title='bbox 2455 2307 2956 2377; x_wconf 65' lang='grc' dir='ltr'>γῶνξφιλοτιμίαις</span> <span class='ocrx_word' id='word_1_504' title='bbox 3007 2305 3414 2378; x_wconf 67' lang='grc' dir='ltr'>ἀμϐλύνουσιψ</span> <span class='ocrx_word' id='word_1_505' title='bbox 3448 2306 3510 2360; x_wconf 82' lang='grc' dir='ltr'>οὗ</span> <span class='ocrx_word' id='word_1_506' title='bbox 3558 2305 3618 2358; x_wconf 83' lang='grc' dir='ltr'>τδ</span> <span class='ocrx_word' id='word_1_507' title='bbox 3672 2303 3751 2375; x_wconf 83' lang='grc' dir='ltr'>μὴ</span> <span class='ocrx_word' id='word_1_508' title='bbox 3796 2303 4028 2372; x_wconf 79' lang='grc' dir='ltr'><strong>πάσχειν</strong></span> 
     </span>
    </p>
   </div>
   <div class='ocr_carea' id='block_1_76' title="bbox 2454 2395 4028 2471">
    <p class='ocr_par' dir='ltr' id='par_1_76' title="bbox 2454 2395 4028 2471">
     <span class='ocr_line' id='line_1_76' title="bbox 2454 2395 4028 2471; baseline -0.004 -19"><span class='ocrx_word' id='word_1_509' title='bbox 2454 2400 2650 2470; x_wconf 76' lang='grc' dir='ltr'>τέχνην</span> <span class='ocrx_word' id='word_1_510' title='bbox 2708 2401 3091 2471; x_wconf 79' lang='grc' dir='ltr'>ποιησάμενοι.</span> <span class='ocrx_word' id='word_1_511' title='bbox 3137 2397 3278 2452; x_wconf 83' lang='grc' dir='ltr'>ἀλλὰ</span> <span class='ocrx_word' id='word_1_512' title='bbox 3305 2397 3367 2452; x_wconf 74' lang='grc' dir='ltr'><strong>τὸ</strong></span> <span class='ocrx_word' id='word_1_513' title='bbox 3397 2399 3555 2469; x_wconf 77' lang='grc' dir='ltr'>νικᾷν</span> <span class='ocrx_word' id='word_1_514' title='bbox 3578 2398 3637 2451; x_wconf 79' lang='grc' dir='ltr'>ἐν</span> <span class='ocrx_word' id='word_1_515' title='bbox 3664 2397 3743 2468; x_wconf 80' lang='grc' dir='ltr'>τῷ</span> <span class='ocrx_word' id='word_1_516' title='bbox 3764 2395 4028 2469; x_wconf 73' lang='grc' dir='ltr'>[πάσχειν</span> 
     </span>
    </p>
   </div>
   <div class='ocr_carea' id='block_1_77' title="bbox 2454 2476 3234 2560">
    <p class='ocr_par' dir='ltr' id='par_1_77' title="bbox 2454 2476 3234 2560">
     <span class='ocr_line' id='line_1_77' title="bbox 2454 2476 3234 2560; baseline 0 -16"><span class='ocrx_word' id='word_1_517' title='bbox 2454 2491 2805 2560; x_wconf 81' lang='grc' dir='ltr'>ἀσκούμενοι.</span> <span class='ocrx_word' id='word_1_518' title='bbox 3215 2476 3234 2495; x_wconf 73' lang='grc'><em>’</em></span> 
     </span>
    </p>
   </div>
   <div class='ocr_carea' id='block_1_78' title="bbox 2528 2593 4027 2674">
    <p class='ocr_par' dir='ltr' id='par_1_78' title="bbox 2528 2593 4027 2674">
     <span class='ocr_line' id='line_1_78' title="bbox 2528 2593 4027 2674; baseline -0.003 -18"><span class='ocrx_word' id='word_1_519' title='bbox 2528 2604 2712 2656; x_wconf 76' lang='grc' dir='ltr'>Ἔοικε</span> <span class='ocrx_word' id='word_1_520' title='bbox 2729 2603 2793 2655; x_wconf 79' lang='grc' dir='ltr'>τὸ</span> <span class='ocrx_word' id='word_1_521' title='bbox 2819 2602 3122 2674; x_wconf 85' lang='grc' dir='ltr'>μαρτύριον</span> <span class='ocrx_word' id='word_1_522' title='bbox 3151 2600 3530 2671; x_wconf 65' lang='grc' dir='ltr'>ἀποκάθαρσις</span> <span class='ocrx_word' id='word_1_523' title='bbox 3583 2593 3721 2653; x_wconf 81' lang='grc' dir='ltr'>εἶναι</span> <span class='ocrx_word' id='word_1_524' title='bbox 3741 2600 4027 2670; x_wconf 72' lang='grc' dir='ltr'>ἁμαρτιῶν</span> 
     </span>
    </p>
   </div>
   <div class='ocr_carea' id='block_1_79' title="bbox 2459 2715 2797 2787">
    <p class='ocr_par' dir='ltr' id='par_1_79' title="bbox 2459 2715 2797 2787">
     <span class='ocr_line' id='line_1_79' title="bbox 2459 2715 2797 2787; baseline 0.003 -19"><span class='ocrx_word' id='word_1_525' title='bbox 2459 2716 2597 2787; x_wconf 85' lang='grc' dir='ltr'>μετὰ</span> <span class='ocrx_word' id='word_1_526' title='bbox 2618 2715 2797 2784; x_wconf 74' lang='grc' dir='ltr'>δόξης.</span> 
     </span>
    </p>
   </div>
   <div class='ocr_carea' id='block_1_80' title="bbox 2525 2801 4026 2878">
    <p class='ocr_par' dir='ltr' id='par_1_80' title="bbox 2525 2801 4026 2878">
     <span class='ocr_line' id='line_1_80' title="bbox 2525 2801 4026 2878; baseline -0.005 -18"><span class='ocrx_word' id='word_1_527' title='bbox 2525 2806 2778 2878; x_wconf 76' lang='grc' dir='ltr'>Μακαρία</span> <span class='ocrx_word' id='word_1_528' title='bbox 2808 2804 2992 2874; x_wconf 82' lang='grc' dir='ltr'>φύσις,</span> <span class='ocrx_word' id='word_1_529' title='bbox 3021 2806 3057 2873; x_wconf 85' lang='grc' dir='ltr'>ἡ</span> <span class='ocrx_word' id='word_1_530' title='bbox 3085 2805 3179 2857; x_wconf 75' lang='grc' dir='ltr'><strong>ἐπὶ</strong></span> <span class='ocrx_word' id='word_1_531' title='bbox 3234 2804 3402 2858; x_wconf 79' lang='grc' dir='ltr'>παντὶ</span> <span class='ocrx_word' id='word_1_532' title='bbox 3442 2815 3732 2874; x_wconf 76' lang='grc' dir='ltr'>χαίρουσα,</span> <span class='ocrx_word' id='word_1_533' title='bbox 3765 2801 3864 2856; x_wconf 76' lang='grc' dir='ltr'><strong>καὶ</strong></span> <span class='ocrx_word' id='word_1_534' title='bbox 3924 2819 4026 2873; x_wconf 86' lang='grc' dir='ltr'>μη-</span> 
     </span>
    </p>
   </div>
   <div class='ocr_carea' id='block_1_81' title="bbox 2453 2894 4024 2968">
    <p class='ocr_par' dir='ltr' id='par_1_81' title="bbox 2453 2894 4024 2968">
     <span class='ocr_line' id='line_1_81' title="bbox 2453 2894 4024 2968; baseline -0.003 -16"><span class='ocrx_word' id='word_1_535' title='bbox 2453 2899 2566 2952; x_wconf 76' lang='grc' dir='ltr'>δενὶ</span> <span class='ocrx_word' id='word_1_536' title='bbox 2609 2896 3016 2968; x_wconf 80' lang='grc' dir='ltr'>δυσαρεστοῦσα</span> <span class='ocrx_word' id='word_1_537' title='bbox 3039 2898 3098 2948; x_wconf 82' lang='grc' dir='ltr'>ὲν</span> <span class='ocrx_word' id='word_1_538' title='bbox 3140 2895 3220 2967; x_wconf 84' lang='grc' dir='ltr'><strong>τῷ</strong></span> <span class='ocrx_word' id='word_1_539' title='bbox 3254 2895 3446 2966; x_wconf 80' lang='grc' dir='ltr'>κόσμῳ</span> <span class='ocrx_word' id='word_1_540' title='bbox 3471 2894 3534 2948; x_wconf 82' lang='grc' dir='ltr'><strong>τὸ</strong></span> <span class='ocrx_word' id='word_1_541' title='bbox 3564 2896 3850 2965; x_wconf 81' lang='grc' dir='ltr'>παράπαν,</span> <span class='ocrx_word' id='word_1_542' title='bbox 3913 2895 4024 2948; x_wconf 80' lang='grc' dir='ltr'>ἀλλ’</span> 
     </span>
    </p>
   </div>
   <div class='ocr_carea' id='block_1_82' title="bbox 2455 2985 4023 3059">
    <p class='ocr_par' dir='ltr' id='par_1_82' title="bbox 2455 2985 4023 3059">
     <span class='ocr_line' id='line_1_82' title="bbox 2455 2985 4023 3059; baseline -0.003 -17"><span class='ocrx_word' id='word_1_543' title='bbox 2455 2988 2822 3059; x_wconf 77' lang='grc' dir='ltr'>εὐαρεστοῦσα</span> <span class='ocrx_word' id='word_1_544' title='bbox 2849 2990 2961 3050; x_wconf 86' lang='grc' dir='ltr'>τοῖς</span> <span class='ocrx_word' id='word_1_545' title='bbox 2997 2987 3326 3058; x_wconf 84' lang='grc' dir='ltr'>γινομένοις,</span> <span class='ocrx_word' id='word_1_546' title='bbox 3353 2985 3432 3049; x_wconf 82' lang='grc' dir='ltr'><strong>ῶς</strong></span> <span class='ocrx_word' id='word_1_547' title='bbox 3453 2985 3638 3050; x_wconf 80' lang='grc' dir='ltr'>καλῶς</span> <span class='ocrx_word' id='word_1_548' title='bbox 3665 2988 3762 3040; x_wconf 79' lang='grc' dir='ltr'><strong>καὶ</strong></span> <span class='ocrx_word' id='word_1_549' title='bbox 3814 3003 4023 3057; x_wconf 78' lang='grc' dir='ltr'>συ-μφι-</span> 
     </span>
    </p>
   </div>
   <div class='ocr_carea' id='block_1_83' title="bbox 2459 3078 3008 3150">
    <p class='ocr_par' dir='ltr' id='par_1_83' title="bbox 2459 3078 3008 3150">
     <span class='ocr_line' id='line_1_83' title="bbox 2459 3078 3008 3150; baseline 0 -18"><span class='ocrx_word' id='word_1_550' title='bbox 2459 3080 2655 3150; x_wconf 85' lang='grc' dir='ltr'>ρόντως</span> <span class='ocrx_word' id='word_1_551' title='bbox 2681 3078 3008 3148; x_wconf 84' lang='grc' dir='ltr'>γινομένοις.</span> 
     </span>
    </p>
   </div>
   <div class='ocr_carea' id='block_1_84' title="bbox 2461 3210 4025 3282">
    <p class='ocr_par' dir='ltr' id='par_1_84' title="bbox 2461 3210 4025 3282">
     <span class='ocr_line' id='line_1_84' title="bbox 2461 3210 4025 3282; baseline -0.004 -12"><span class='ocrx_word' id='word_1_552' title='bbox 2461 3217 2640 3270; x_wconf 87' lang='grc' dir='ltr'><strong>ΤΙΤΛ.</strong></span> <span class='ocrx_word' id='word_1_553' title='bbox 2681 3214 2804 3269; x_wconf 85' lang='grc' dir='ltr'><strong>ΔΒ’.</strong></span> <span class='ocrx_word' id='word_1_554' title='bbox 2827 3243 2895 3256; x_wconf 91' lang='lat'><strong>—-</strong></span> <span class='ocrx_word' id='word_1_555' title='bbox 2923 3215 3066 3282; x_wconf 78' lang='grc' dir='ltr'>Περὶ</span> <span class='ocrx_word' id='word_1_556' title='bbox 3111 3211 3401 3282; x_wconf 76' lang='grc' dir='ltr'>ἀπαρχῶν</span> <span class='ocrx_word' id='word_1_557' title='bbox 3447 3211 3544 3282; x_wconf 65' lang='lat' dir='ltr'><strong>atq!</strong></span> <span class='ocrx_word' id='word_1_558' title='bbox 3583 3210 4025 3282; x_wconf 52' lang='grc' dir='ltr'><strong>ἁξοδεκατούνο</strong></span> 
     </span>
    </p>
   </div>
   <div class='ocr_carea' id='block_1_85' title="bbox 2521 3279 4022 3368">
    <p class='ocr_par' dir='ltr' id='par_1_85' title="bbox 2521 3279 4022 3368">
     <span class='ocr_line' id='line_1_85' title="bbox 2521 3279 4022 3368; baseline -0.005 -29"><span class='ocrx_word' id='word_1_559' title='bbox 2521 3304 2639 3368; x_wconf 70' lang='grc' dir='ltr'><strong>των</strong></span> <span class='ocrx_word' id='word_1_560' title='bbox 2662 3286 2760 3338; x_wconf 79' lang='grc' dir='ltr'>καί</span> <span class='ocrx_word' id='word_1_561' title='bbox 2786 3285 2868 3351; x_wconf 80' lang='grc' dir='ltr'>ὡς</span> <span class='ocrx_word' id='word_1_562' title='bbox 3050 3279 3416 3354; x_wconf 56' lang='grc' dir='ltr'>προσφέρειν</span> <span class='ocrx_word' id='word_1_563' title='bbox 3449 3279 3531 3346; x_wconf 80' lang='grc' dir='ltr'>τῷ</span> <span class='ocrx_word' id='word_1_564' title='bbox 3559 3280 3683 3346; x_wconf 82' lang='grc' dir='ltr'>Θεῷ</span> <span class='ocrx_word' id='word_1_565' title='bbox 3708 3286 3820 3347; x_wconf 80' lang='grc' dir='ltr'>τὰς</span> <span class='ocrx_word' id='word_1_566' title='bbox 3840 3283 4022 3348; x_wconf 76' lang='grc' dir='ltr'>ἀπαρ-</span> 
     </span>
    </p>
   </div>
   <div class='ocr_carea' id='block_1_86' title="bbox 2529 3375 2660 3427">
    <p class='ocr_par' dir='ltr' id='par_1_86' title="bbox 2529 3375 2660 3427">
     <span class='ocr_line' id='line_1_86' title="bbox 2529 3375 2660 3427; baseline -0.038 0"><span class='ocrx_word' id='word_1_567' title='bbox 2529 3375 2660 3427; x_wconf 78' lang='lat' dir='ltr'><strong>zac-</strong></span> 
     </span>
    </p>
   </div>
   <div class='ocr_carea' id='block_1_87' title="bbox 2531 3465 3794 3540">
    <p class='ocr_par' dir='ltr' id='par_1_87' title="bbox 2531 3465 3794 3540">
     <span class='ocr_line' id='line_1_87' title="bbox 2531 3465 3794 3540; baseline -0.005 -18"><span class='ocrx_word' id='word_1_568' title='bbox 2531 3490 2550 3522; x_wconf 77' lang='grc' dir='ltr'>ι</span> <span class='ocrx_word' id='word_1_569' title='bbox 2595 3467 2877 3540; x_wconf 75' lang='grc' dir='ltr'>Ἀπαρχὰς</span> <span class='ocrx_word' id='word_1_570' title='bbox 2897 3468 3102 3533; x_wconf 70' lang='grc' dir='ltr'>ἅλωνος</span> <span class='ocrx_word' id='word_1_571' title='bbox 3129 3485 3247 3535; x_wconf 92' lang='grc' dir='ltr'>σου,</span> <span class='ocrx_word' id='word_1_572' title='bbox 3272 3467 3372 3538; x_wconf 72' lang='grc' dir='ltr'>οὐχ</span> <span class='ocrx_word' id='word_1_573' title='bbox 3401 3465 3744 3537; x_wconf 81' lang='grc' dir='ltr'>ὑστερήσεις.</span> <span class='ocrx_word' id='word_1_574' title='bbox 3773 3483 3794 3516; x_wconf 70' lang='grc' dir='ltr'>ι</span> 
     </span>
    </p>
   </div>
   <div class='ocr_carea' id='block_1_88' title="bbox 2535 3634 4025 3711">
    <p class='ocr_par' dir='ltr' id='par_1_88' title="bbox 2535 3634 4025 3711">
     <span class='ocr_line' id='line_1_88' title="bbox 2535 3634 4025 3711; baseline -0.005 -18"><span class='ocrx_word' id='word_1_575' title='bbox 2535 3660 2554 3693; x_wconf 77' lang='grc' dir='ltr'>ι</span> <span class='ocrx_word' id='word_1_576' title='bbox 2592 3642 2706 3695; x_wconf 81' lang='grc' dir='ltr'><strong>Οὐκ</strong></span> <span class='ocrx_word' id='word_1_577' title='bbox 2737 3640 2954 3711; x_wconf 79' lang='grc' dir='ltr'>ὀφθήσῃ</span> <span class='ocrx_word' id='word_1_578' title='bbox 2978 3638 3208 3692; x_wconf 74' lang='grc' dir='ltr'>ἐνώπιόν</span> <span class='ocrx_word' id='word_1_579' title='bbox 3249 3655 3352 3708; x_wconf 91' lang='grc' dir='ltr'><strong>μου</strong></span> <span class='ocrx_word' id='word_1_580' title='bbox 3382 3637 3556 3699; x_wconf 76' lang='grc' dir='ltr'>κενός.</span> <span class='ocrx_word' id='word_1_581' title='bbox 3601 3636 3891 3706; x_wconf 68' lang='grc' dir='ltr'>’Δπαρχὶς</span> <span class='ocrx_word' id='word_1_582' title='bbox 3924 3634 4025 3686; x_wconf 77' lang='grc' dir='ltr'><strong>τῶν</strong></span> 
     </span>
    </p>
   </div>
   <div class='ocr_carea' id='block_1_89' title="bbox 2458 3728 4026 3806">
    <p class='ocr_par' dir='ltr' id='par_1_89' title="bbox 2458 3728 4026 3806">
     <span class='ocr_line' id='line_1_89' title="bbox 2458 3728 4026 3806; baseline -0.006 -18"><span class='ocrx_word' id='word_1_583' title='bbox 2458 3733 2999 3806; x_wconf 77' lang='grc' dir='ltr'>πρωτογεννημάτων</span> <span class='ocrx_word' id='word_1_584' title='bbox 3046 3733 3146 3802; x_wconf 83' lang='grc' dir='ltr'>τῆς</span> <span class='ocrx_word' id='word_1_585' title='bbox 3179 3732 3284 3802; x_wconf 83' lang='grc' dir='ltr'>γῆς</span> <span class='ocrx_word' id='word_1_586' title='bbox 3341 3747 3468 3796; x_wconf 85' lang='grc' dir='ltr'>σου,</span> <span class='ocrx_word' id='word_1_587' title='bbox 3522 3729 3778 3793; x_wconf 74' lang='grc' dir='ltr'>εἰσοίσεις</span> <span class='ocrx_word' id='word_1_588' title='bbox 3825 3731 3906 3791; x_wconf 78' lang='grc' dir='ltr'><strong>εις</strong></span> <span class='ocrx_word' id='word_1_589' title='bbox 3940 3728 4026 3780; x_wconf 70' lang='grc' dir='ltr'>τὸν</span> 
     </span>
    </p>
   </div>
   <div class='ocr_carea' id='block_1_90' title="bbox 2457 3824 3326 3898">
    <p class='ocr_par' dir='ltr' id='par_1_90' title="bbox 2457 3824 3326 3898">
     <span class='ocr_line' id='line_1_90' title="bbox 2457 3824 3326 3898; baseline -0.006 -16"><span class='ocrx_word' id='word_1_590' title='bbox 2457 3824 2604 3882; x_wconf 79' lang='grc' dir='ltr'>οἷκον</span> <span class='ocrx_word' id='word_1_591' title='bbox 2632 3825 2837 3898; x_wconf 85' lang='grc' dir='ltr'>Κυρίου</span> <span class='ocrx_word' id='word_1_592' title='bbox 2866 3825 2961 3880; x_wconf 83' lang='grc' dir='ltr'><strong>τοῦ</strong></span> <span class='ocrx_word' id='word_1_593' title='bbox 2991 3825 3128 3880; x_wconf 85' lang='grc' dir='ltr'>Θεοῦ</span> <span class='ocrx_word' id='word_1_594' title='bbox 3153 3841 3270 3880; x_wconf 92' lang='grc' dir='ltr'>σου.</span> <span class='ocrx_word' id='word_1_595' title='bbox 3306 3843 3326 3877; x_wconf 79' lang='grc' dir='ltr'><strong>ι</strong></span> 
     </span>
    </p>
   </div>
   <div class='ocr_carea' id='block_1_91' title="bbox 2533 3914 3666 3991">
    <p class='ocr_par' dir='ltr' id='par_1_91' title="bbox 2533 3914 3666 3991">
     <span class='ocr_line' id='line_1_91' title="bbox 2533 3914 3666 3991; baseline -0.002 -20"><span class='ocrx_word' id='word_1_596' title='bbox 2533 3941 2552 3971; x_wconf 80' lang='grc' dir='ltr'><strong>ι</strong></span> <span class='ocrx_word' id='word_1_597' title='bbox 2588 3919 2647 3974; x_wconf 88' lang='lat'><strong>&#39;0</strong></span> <span class='ocrx_word' id='word_1_598' title='bbox 2680 3919 2922 3991; x_wconf 86' lang='grc' dir='ltr'>βραχίων</span> <span class='ocrx_word' id='word_1_599' title='bbox 2949 3919 2977 3971; x_wconf 83' lang='grc' dir='ltr'><strong>ὀ</strong></span> <span class='ocrx_word' id='word_1_600' title='bbox 3008 3917 3183 3983; x_wconf 81' lang='grc' dir='ltr'>δεξιὸς</span> <span class='ocrx_word' id='word_1_601' title='bbox 3219 3915 3298 3987; x_wconf 83' lang='grc' dir='ltr'>τῷ</span> <span class='ocrx_word' id='word_1_602' title='bbox 3325 3917 3463 3988; x_wconf 81' lang='grc' dir='ltr'>ίεριῐ</span> <span class='ocrx_word' id='word_1_603' title='bbox 3493 3914 3666 3969; x_wconf 77' lang='grc' dir='ltr'>ισται.</span> 
     </span>
    </p>
   </div>
   <div class='ocr_carea' id='block_1_92' title="bbox 2532 4084 4026 4162">
    <p class='ocr_par' dir='ltr' id='par_1_92' title="bbox 2532 4084 4026 4162">
     <span class='ocr_line' id='line_1_92' title="bbox 2532 4084 4026 4162; baseline -0.006 -16"><span class='ocrx_word' id='word_1_604' title='bbox 2532 4112 2551 4146; x_wconf 83' lang='grc' dir='ltr'>ι</span> <span class='ocrx_word' id='word_1_605' title='bbox 2579 4093 2740 4147; x_wconf 78' lang='grc' dir='ltr'>Πᾶσα</span> <span class='ocrx_word' id='word_1_606' title='bbox 2764 4092 2967 4162; x_wconf 73' lang='grc' dir='ltr'>δεκάτη</span> <span class='ocrx_word' id='word_1_607' title='bbox 3011 4090 3116 4160; x_wconf 79' lang='grc' dir='ltr'>τῆς</span> <span class='ocrx_word' id='word_1_608' title='bbox 3151 4089 3256 4161; x_wconf 82' lang='grc' dir='ltr'>γῆς</span> <span class='ocrx_word' id='word_1_609' title='bbox 3286 4105 3406 4154; x_wconf 88' lang='grc' dir='ltr'>σου,</span> <span class='ocrx_word' id='word_1_610' title='bbox 3445 4087 3599 4142; x_wconf 61' lang='grc' dir='ltr'>ἔσται</span> <span class='ocrx_word' id='word_1_611' title='bbox 3624 4086 3781 4155; x_wconf 58' lang='lat' dir='ltr'><strong>tvm</strong></span> <span class='ocrx_word' id='word_1_612' title='bbox 3821 4084 3901 4156; x_wconf 77' lang='grc' dir='ltr'>τῷ</span> <span class='ocrx_word' id='word_1_613' title='bbox 3922 4085 4026 4139; x_wconf 71' lang='lat' dir='ltr'><strong>Ku-</strong></span> 
     </span>
    </p>
   </div>
   <div class='ocr_carea' id='block_1_93' title="bbox 2461 4183 2637 4254">
    <p class='ocr_par' dir='ltr' id='par_1_93' title="bbox 2461 4183 2637 4254">
     <span class='ocr_line' id='line_1_93' title="bbox 2461 4183 2637 4254; baseline -0.011 -18"><span class='ocrx_word' id='word_1_614' title='bbox 2461 4183 2581 4254; x_wconf 81' lang='grc' dir='ltr'>ρίῳ.</span> <span class='ocrx_word' id='word_1_615' title='bbox 2618 4199 2637 4234; x_wconf 77' lang='grc' dir='ltr'><strong>ι</strong></span> 
     </span>
    </p>
   </div>
   <div class='ocr_carea' id='block_1_94' title="bbox 2534 4291 4028 4366">
    <p class='ocr_par' dir='ltr' id='par_1_94' title="bbox 2534 4291 4028 4366">
     <span class='ocr_line' id='line_1_94' title="bbox 2534 4291 4028 4366; baseline -0.003 -18"><span class='ocrx_word' id='word_1_616' title='bbox 2534 4315 2552 4348; x_wconf 80' lang='grc' dir='ltr'>ι</span> <span class='ocrx_word' id='word_1_617' title='bbox 2582 4293 2819 4366; x_wconf 80' lang='grc' dir='ltr'>Πρόσεχε</span> <span class='ocrx_word' id='word_1_618' title='bbox 2861 4292 3094 4364; x_wconf 84' lang='grc' dir='ltr'>σεαυτῷ,</span> <span class='ocrx_word' id='word_1_619' title='bbox 3131 4293 3207 4364; x_wconf 77' lang='grc' dir='ltr'>μὴ</span> <span class='ocrx_word' id='word_1_620' title='bbox 3236 4291 3610 4364; x_wconf 67' lang='grc' dir='ltr'>ἑγκαταλίπῃς</span> <span class='ocrx_word' id='word_1_621' title='bbox 3659 4292 3751 4346; x_wconf 84' lang='grc' dir='ltr'>τδν</span> <span class='ocrx_word' id='word_1_622' title='bbox 3799 4292 4028 4346; x_wconf 77' lang='grc' dir='ltr'>Λιυῒττν</span> 
     </span>
    </p>
   </div>
   <div class='ocr_carea' id='block_1_95' title="bbox 2459 4381 3873 4457">
    <p class='ocr_par' dir='ltr' id='par_1_95' title="bbox 2459 4381 3873 4457">
     <span class='ocr_line' id='line_1_95' title="bbox 2459 4381 3873 4457; baseline -0.007 -13"><span class='ocrx_word' id='word_1_623' title='bbox 2459 4389 2641 4444; x_wconf 80' lang='grc' dir='ltr'>πάντα</span> <span class='ocrx_word' id='word_1_624' title='bbox 2662 4387 2751 4440; x_wconf 81' lang='grc' dir='ltr'>τὸν</span> <span class='ocrx_word' id='word_1_625' title='bbox 2781 4385 2994 4457; x_wconf 75' lang='grc' dir='ltr'>χρόνον,</span> <span class='ocrx_word' id='word_1_626' title='bbox 3027 4385 3152 4438; x_wconf 80' lang='grc' dir='ltr'>ὅσον</span> <span class='ocrx_word' id='word_1_627' title='bbox 3177 4384 3274 4437; x_wconf 70' lang='grc' dir='ltr'><strong>ἐὰν</strong></span> <span class='ocrx_word' id='word_1_628' title='bbox 3311 4384 3411 4454; x_wconf 71' lang='grc' dir='ltr'>ζῇς</span> <span class='ocrx_word' id='word_1_629' title='bbox 3431 4383 3524 4436; x_wconf 64' lang='grc' dir='ltr'><strong>ἐπὶ</strong></span> <span class='ocrx_word' id='word_1_630' title='bbox 3560 4383 3660 4454; x_wconf 83' lang='grc' dir='ltr'>τῆς</span> <span class='ocrx_word' id='word_1_631' title='bbox 3692 4381 3822 4451; x_wconf 82' lang='grc' dir='ltr'>γῆς.</span> <span class='ocrx_word' id='word_1_632' title='bbox 3853 4401 3873 4434; x_wconf 73' lang='grc' dir='ltr'>ι</span> 
     </span>
    </p>
   </div>
   <div class='ocr_carea' id='block_1_96' title="bbox 2533 4575 4023 4653">
    <p class='ocr_par' dir='ltr' id='par_1_96' title="bbox 2533 4575 4023 4653">
     <span class='ocr_line' id='line_1_96' title="bbox 2533 4575 4023 4653; baseline -0.005 -17"><span class='ocrx_word' id='word_1_633' title='bbox 2533 4605 2551 4636; x_wconf 80' lang='grc' dir='ltr'>ι</span> <span class='ocrx_word' id='word_1_634' title='bbox 2581 4584 2694 4638; x_wconf 77' lang='grc' dir='ltr'><strong>Οὐκ</strong></span> <span class='ocrx_word' id='word_1_635' title='bbox 2726 4582 2941 4653; x_wconf 76' lang='grc' dir='ltr'>ὀφθήσῃ</span> <span class='ocrx_word' id='word_1_636' title='bbox 2979 4579 3213 4634; x_wconf 74' lang='grc' dir='ltr'>ἐνώπιον</span> <span class='ocrx_word' id='word_1_637' title='bbox 3246 4579 3454 4650; x_wconf 80' lang='grc' dir='ltr'>Κυρίου</span> <span class='ocrx_word' id='word_1_638' title='bbox 3495 4576 3591 4630; x_wconf 88' lang='grc' dir='ltr'><strong>τοῦ</strong></span> <span class='ocrx_word' id='word_1_639' title='bbox 3627 4575 3766 4630; x_wconf 87' lang='grc' dir='ltr'>Θεοῦ</span> <span class='ocrx_word' id='word_1_640' title='bbox 3802 4593 3897 4630; x_wconf 91' lang='grc' dir='ltr'><strong>σου</strong></span> <span class='ocrx_word' id='word_1_641' title='bbox 3935 4593 4023 4629; x_wconf 80' lang='grc' dir='ltr'><strong>κε-</strong></span> 
     </span>
    </p>
   </div>
   <div class='ocr_carea' id='block_1_97' title="bbox 2456 4668 4024 4744">
    <p class='ocr_par' dir='ltr' id='par_1_97' title="bbox 2456 4668 4024 4744">
     <span class='ocr_line' id='line_1_97' title="bbox 2456 4668 4024 4744; baseline -0.007 -14"><span class='ocrx_word' id='word_1_642' title='bbox 2456 4679 2576 4740; x_wconf 82' lang='grc' dir='ltr'>νός·</span> <span class='ocrx_word' id='word_1_643' title='bbox 2604 4677 2835 4737; x_wconf 72' lang='grc' dir='ltr'>ἕκαστος</span> <span class='ocrx_word' id='word_1_644' title='bbox 2862 4673 3004 4727; x_wconf 79' lang='grc' dir='ltr'>κατὰ</span> <span class='ocrx_word' id='word_1_645' title='bbox 3047 4673 3148 4744; x_wconf 80' lang='grc' dir='ltr'>τὴν</span> <span class='ocrx_word' id='word_1_646' title='bbox 3189 4671 3421 4743; x_wconf 82' lang='grc' dir='ltr'>δύναμιν</span> <span class='ocrx_word' id='word_1_647' title='bbox 3473 4670 3580 4723; x_wconf 88' lang='grc' dir='ltr'><strong>τῶν</strong></span> <span class='ocrx_word' id='word_1_648' title='bbox 3616 4669 3818 4740; x_wconf 85' lang='grc' dir='ltr'>χειρῶν</span> <span class='ocrx_word' id='word_1_649' title='bbox 3874 4668 4024 4736; x_wconf 74' lang='grc' dir='ltr'>ὑμῶν</span> 
     </span>
    </p>
   </div>
   <div class='ocr_carea' id='block_1_98' title="bbox 2456 4760 4024 4836">
    <p class='ocr_par' dir='ltr' id='par_1_98' title="bbox 2456 4760 4024 4836">
     <span class='ocr_line' id='line_1_98' title="bbox 2456 4760 4024 4836; baseline -0.006 -14"><span class='ocrx_word' id='word_1_650' title='bbox 2456 4770 2597 4822; x_wconf 77' lang='grc' dir='ltr'>κατὰ</span> <span class='ocrx_word' id='word_1_651' title='bbox 2627 4767 2726 4834; x_wconf 79' lang='grc' dir='ltr'>τὴν</span> <span class='ocrx_word' id='word_1_652' title='bbox 2757 4765 3012 4832; x_wconf 81' lang='grc' dir='ltr'>εὐλογίαν</span> <span class='ocrx_word' id='word_1_653' title='bbox 3061 4764 3272 4836; x_wconf 82' lang='grc' dir='ltr'>Κυρίου</span> <span class='ocrx_word' id='word_1_654' title='bbox 3297 4763 3394 4816; x_wconf 84' lang='grc' dir='ltr'><strong>τοῦ</strong></span> <span class='ocrx_word' id='word_1_655' title='bbox 3420 4760 3558 4815; x_wconf 85' lang='grc' dir='ltr'>Θεοῦ</span> <span class='ocrx_word' id='word_1_656' title='bbox 3595 4777 3712 4825; x_wconf 82' lang='grc' dir='ltr'>σου,</span> <span class='ocrx_word' id='word_1_657' title='bbox 3753 4763 3824 4830; x_wconf 77' lang='grc' dir='ltr'>ἡν</span> <span class='ocrx_word' id='word_1_658' title='bbox 3860 4760 4024 4814; x_wconf 72' lang='grc' dir='ltr'>ἐδωκέ</span> 
     </span>
    </p>
   </div>
   <div class='ocr_carea' id='block_1_99' title="bbox 2457 4879 2614 4917">
    <p class='ocr_par' dir='ltr' id='par_1_99' title="bbox 2457 4879 2614 4917">
     <span class='ocr_line' id='line_1_99' title="bbox 2457 4879 2614 4917; baseline -0.006 -4"><span class='ocrx_word' id='word_1_659' title='bbox 2457 4879 2564 4917; x_wconf 75' lang='grc' dir='ltr'>σοι.</span> <span class='ocrx_word' id='word_1_660' title='bbox 2595 4880 2614 4912; x_wconf 72' lang='grc' dir='ltr'>ι</span> 
     </span>
    </p>
   </div>
   <div class='ocr_carea' id='block_1_100' title="bbox 2529 4970 4024 5044">
    <p class='ocr_par' dir='ltr' id='par_1_100' title="bbox 2529 4970 4024 5044">
     <span class='ocr_line' id='line_1_100' title="bbox 2529 4970 4024 5044; baseline -0.006 -16"><span class='ocrx_word' id='word_1_661' title='bbox 2529 4997 2546 5028; x_wconf 79' lang='grc' dir='ltr'>ι</span> <span class='ocrx_word' id='word_1_662' title='bbox 2579 4975 2723 5044; x_wconf 78' lang='grc' dir='ltr'>Τίμα</span> <span class='ocrx_word' id='word_1_663' title='bbox 2752 4975 2844 5026; x_wconf 76' lang='grc' dir='ltr'>τὸν</span> <span class='ocrx_word' id='word_1_664' title='bbox 2889 4975 3092 5043; x_wconf 83' lang='grc' dir='ltr'>Κύριον</span> <span class='ocrx_word' id='word_1_665' title='bbox 3127 4972 3236 5027; x_wconf 78' lang='grc' dir='ltr'><strong>ἀπὸ</strong></span> <span class='ocrx_word' id='word_1_666' title='bbox 3283 4973 3392 5024; x_wconf 90' lang='grc' dir='ltr'><strong>σῶν</strong></span> <span class='ocrx_word' id='word_1_667' title='bbox 3432 4971 3656 5024; x_wconf 79' lang='grc' dir='ltr'>δικαίων</span> <span class='ocrx_word' id='word_1_668' title='bbox 3689 4971 3892 5031; x_wconf 74' lang='grc' dir='ltr'>πόνων,</span> <span class='ocrx_word' id='word_1_669' title='bbox 3933 4970 4024 5020; x_wconf 73' lang='grc' dir='ltr'><strong>καὶ</strong></span> 
     </span>
    </p>
   </div>
   <div class='ocr_carea' id='block_1_101' title="bbox 2455 5060 4023 5132">
    <p class='ocr_par' dir='ltr' id='par_1_101' title="bbox 2455 5060 4023 5132">
     <span class='ocr_line' id='line_1_101' title="bbox 2455 5060 4023 5132; baseline -0.004 -16"><span class='ocrx_word' id='word_1_670' title='bbox 2455 5065 2701 5132; x_wconf 79' lang='grc' dir='ltr'>ἀπάρχου</span> <span class='ocrx_word' id='word_1_671' title='bbox 2753 5062 2903 5130; x_wconf 79' lang='grc' dir='ltr'>αὐτῷ</span> <span class='ocrx_word' id='word_1_672' title='bbox 2934 5061 3042 5113; x_wconf 79' lang='grc' dir='ltr'><strong>ἀπὸ</strong></span> <span class='ocrx_word' id='word_1_673' title='bbox 3090 5062 3198 5114; x_wconf 91' lang='grc' dir='ltr'><strong>σῶν</strong></span> <span class='ocrx_word' id='word_1_674' title='bbox 3232 5061 3465 5132; x_wconf 84' lang='grc' dir='ltr'>καρπῶν</span> <span class='ocrx_word' id='word_1_675' title='bbox 3515 5060 3890 5129; x_wconf 75' lang='grc' dir='ltr'>δικαιοσύνης,</span> <span class='ocrx_word' id='word_1_676' title='bbox 3937 5060 4023 5110; x_wconf 82' lang='grc' dir='ltr'>ἵνα</span> 
     </span>
    </p>
   </div>
   <div class='ocr_carea' id='block_1_102' title="bbox 2455 5151 4020 5222">
    <p class='ocr_par' dir='ltr' id='par_1_102' title="bbox 2455 5151 4020 5222">
     <span class='ocr_line' id='line_1_102' title="bbox 2455 5151 4020 5222; baseline -0.003 -17"><span class='ocrx_word' id='word_1_677' title='bbox 2455 5153 2765 5222; x_wconf 82' lang='grc' dir='ltr'>πίμπληται</span> <span class='ocrx_word' id='word_1_678' title='bbox 2791 5153 2857 5204; x_wconf 74' lang='grc' dir='ltr'>τὰ</span> <span class='ocrx_word' id='word_1_679' title='bbox 2874 5154 3075 5220; x_wconf 79' lang='grc' dir='ltr'>ταμεῖὰ</span> <span class='ocrx_word' id='word_1_680' title='bbox 3106 5170 3201 5206; x_wconf 90' lang='grc' dir='ltr'><strong>σου</strong></span> <span class='ocrx_word' id='word_1_681' title='bbox 3229 5151 3549 5222; x_wconf 80' lang='grc' dir='ltr'>πλησμονῆς</span> <span class='ocrx_word' id='word_1_682' title='bbox 3578 5151 3750 5213; x_wconf 81' lang='grc' dir='ltr'>σίτου,</span> <span class='ocrx_word' id='word_1_683' title='bbox 3781 5152 3926 5203; x_wconf 75' lang='grc' dir='ltr'>οἴνου</span> <span class='ocrx_word' id='word_1_684' title='bbox 3966 5151 4020 5202; x_wconf 78' lang='grc' dir='ltr'><strong>δὲ</strong></span> 
     </span>
    </p>
   </div>
   <div class='ocr_carea' id='block_1_103' title="bbox 2454 5243 3230 5316">
    <p class='ocr_par' dir='ltr' id='par_1_103' title="bbox 2454 5243 3230 5316">
     <span class='ocr_line' id='line_1_103' title="bbox 2454 5243 3230 5316; baseline -0.001 -20"><span class='ocrx_word' id='word_1_685' title='bbox 2454 5248 2508 5296; x_wconf 86' lang='grc' dir='ltr'>αἱ</span> <span class='ocrx_word' id='word_1_686' title='bbox 2539 5244 2687 5316; x_wconf 85' lang='grc' dir='ltr'>ληνοί</span> <span class='ocrx_word' id='word_1_687' title='bbox 2725 5260 2818 5295; x_wconf 89' lang='grc' dir='ltr'><strong>σου</strong></span> <span class='ocrx_word' id='word_1_688' title='bbox 2850 5243 3178 5308; x_wconf 73' lang='grc' dir='ltr'>ὲκὸλύζωσι.</span> <span class='ocrx_word' id='word_1_689' title='bbox 3212 5263 3230 5295; x_wconf 80' lang='grc' dir='ltr'><strong>ι</strong></span> 
     </span>
    </p>
   </div>
   <div class='ocr_carea' id='block_1_104' title="bbox 2527 5355 4022 5431">
    <p class='ocr_par' dir='ltr' id='par_1_104' title="bbox 2527 5355 4022 5431">
     <span class='ocr_line' id='line_1_104' title="bbox 2527 5355 4022 5431; baseline -0.001 -21"><span class='ocrx_word' id='word_1_690' title='bbox 2527 5379 2544 5410; x_wconf 78' lang='grc' dir='ltr'>ι</span> <span class='ocrx_word' id='word_1_691' title='bbox 2576 5360 2666 5428; x_wconf 84' lang='grc' dir='ltr'><strong>Μὴ</strong></span> <span class='ocrx_word' id='word_1_692' title='bbox 2691 5359 2865 5428; x_wconf 77' lang='grc' dir='ltr'>ὀφθῇς</span> <span class='ocrx_word' id='word_1_693' title='bbox 2898 5359 3130 5411; x_wconf 77' lang='grc' dir='ltr'>ἐνώπιον</span> <span class='ocrx_word' id='word_1_694' title='bbox 3159 5359 3365 5431; x_wconf 80' lang='grc' dir='ltr'>Κυρίου</span> <span class='ocrx_word' id='word_1_695' title='bbox 3399 5358 3573 5422; x_wconf 79' lang='grc' dir='ltr'>κενός.</span> <span class='ocrx_word' id='word_1_696' title='bbox 3615 5357 3706 5410; x_wconf 86' lang='grc' dir='ltr'>Ἐν</span> <span class='ocrx_word' id='word_1_697' title='bbox 3741 5357 3893 5428; x_wconf 75' lang='grc' dir='ltr'>πάσῃ</span> <span class='ocrx_word' id='word_1_698' title='bbox 3939 5355 4022 5408; x_wconf 76' lang='grc' dir='ltr'><strong>δό-</strong></span> 
     </span>
    </p>
   </div>
   <div class='ocr_carea' id='block_1_105' title="bbox 2454 5450 4018 5525">
    <p class='ocr_par' dir='ltr' id='par_1_105' title="bbox 2454 5450 4018 5525">
     <span class='ocr_line' id='line_1_105' title="bbox 2454 5450 4018 5525; baseline 0 -23"><span class='ocrx_word' id='word_1_699' title='bbox 2454 5469 2537 5503; x_wconf 88' lang='grc' dir='ltr'><strong>σει</strong></span> <span class='ocrx_word' id='word_1_700' title='bbox 2568 5450 2817 5519; x_wconf 85' lang='grc' dir='ltr'>ίλάρυνον</span> <span class='ocrx_word' id='word_1_701' title='bbox 2851 5451 2912 5503; x_wconf 85' lang='grc' dir='ltr'>τὸ</span> <span class='ocrx_word' id='word_1_702' title='bbox 2935 5451 3227 5520; x_wconf 79' lang='grc' dir='ltr'>πρόσωπόν</span> <span class='ocrx_word' id='word_1_703' title='bbox 3255 5469 3372 5515; x_wconf 90' lang='grc' dir='ltr'>σου,</span> <span class='ocrx_word' id='word_1_704' title='bbox 3399 5452 3494 5506; x_wconf 79' lang='grc' dir='ltr'><strong>καὶ</strong></span> <span class='ocrx_word' id='word_1_705' title='bbox 3521 5451 3837 5525; x_wconf 70' lang='grc' dir='ltr'>εὐφροσύνῃ</span> <span class='ocrx_word' id='word_1_706' title='bbox 3861 5450 4018 5517; x_wconf 78' lang='grc' dir='ltr'>ἁγία·</span> 
     </span>
    </p>
   </div>
   <div class='ocr_carea' id='block_1_106' title="bbox 2451 5541 4017 5629">
    <p class='ocr_par' dir='ltr' id='par_1_106' title="bbox 2451 5541 4017 5614">
     <span class='ocr_line' id='line_1_106' title="bbox 2451 5541 4017 5614; baseline 0.003 -20"><span class='ocrx_word' id='word_1_707' title='bbox 2451 5559 2539 5594; x_wconf 87' lang='grc' dir='ltr'><strong>σον</strong></span> <span class='ocrx_word' id='word_1_708' title='bbox 2583 5542 2838 5612; x_wconf 81' lang='grc' dir='ltr'>δεκάτην.</span> <span class='ocrx_word' id='word_1_709' title='bbox 2880 5542 2979 5606; x_wconf 82' lang='grc' dir='ltr'><strong>Δὸς</strong></span> <span class='ocrx_word' id='word_1_710' title='bbox 3033 5542 3278 5614; x_wconf 72' lang='grc' dir='ltr'>’Υψίστῳ</span> <span class='ocrx_word' id='word_1_711' title='bbox 3321 5546 3465 5597; x_wconf 76' lang='grc' dir='ltr'>κατὰ</span> <span class='ocrx_word' id='word_1_712' title='bbox 3501 5543 3602 5597; x_wconf 60' lang='grc' dir='ltr'>τὴν</span> <span class='ocrx_word' id='word_1_713' title='bbox 3638 5542 3786 5596; x_wconf 78' lang='grc' dir='ltr'>δόσιν</span> <span class='ocrx_word' id='word_1_714' title='bbox 3831 5541 4017 5599; x_wconf 74' lang='grc' dir='ltr'>αὑτοῦ.</span> 
     </span>
    </p>
   </div>
   <div class='ocr_carea' id='block_1_107' title="bbox 841 5717 2574 5790">
    <p class='ocr_par' dir='ltr' id='par_1_107' title="bbox 841 5717 2574 5790">
     <span class='ocr_line' id='line_1_107' title="bbox 841 5717 2574 5790; baseline -0.008 -9"><span class='ocrx_word' id='word_1_715' title='bbox 841 5740 869 5776; x_wconf 77' lang='grc' dir='ltr'>ιι</span> <span class='ocrx_word' id='word_1_716' title='bbox 899 5727 1024 5783; x_wconf 66' lang='lat' dir='ltr'><strong>lite</strong></span> <span class='ocrx_word' id='word_1_717' title='bbox 1050 5741 1158 5782; x_wconf 90' lang='lat' dir='ltr'><strong>non</strong></span> <span class='ocrx_word' id='word_1_718' title='bbox 1186 5730 1484 5780; x_wconf 87' lang='lat' dir='ltr'><strong>occurrunt</strong></span> <span class='ocrx_word' id='word_1_719' title='bbox 1515 5722 1567 5776; x_wconf 93' lang='lat' dir='ltr'><strong>in</strong></span> <span class='ocrx_word' id='word_1_720' title='bbox 1598 5720 1826 5777; x_wconf 81' lang='lat' dir='ltr'><strong>lloinilia</strong></span> <span class='ocrx_word' id='word_1_721' title='bbox 1851 5717 1917 5773; x_wconf 87' lang='lat' dir='ltr'><strong>de</strong></span> <span class='ocrx_word' id='word_1_722' title='bbox 1943 5717 2001 5776; x_wconf 90' lang='lat' dir='ltr'><strong>S.</strong></span> <span class='ocrx_word' id='word_1_723' title='bbox 2044 5719 2289 5774; x_wconf 78' lang='lat' dir='ltr'><strong>Romano</strong></span> <span class='ocrx_word' id='word_1_724' title='bbox 2318 5727 2574 5790; x_wconf 65' lang='lat' dir='ltr'><strong>martyre.</strong></span> 
     </span>
    </p>
   </div>
  </div>
