4218 6446
221 374 318 444 12ιὶ
332 375 352 440 1

1481 383 1717 445 SACRA
1743 381 2200 444 PARALLELA.

3316 380 3450 449 1242

217 485 303 539 ὅτι
336 486 541 558 Κύριος
577 488 963 550 ἀνταποδιδους
986 503 1131 542 εστιν
1166 490 1320 561 ἡμῖν,
1369 491 1460 545 καὶ
1506 490 1786 546 ἑπταπλὼ
1814 493 1860 549 Α

1784 493 1860 549 ·Α
1889 489 2177 545 Altissimo
2218 504 2520 547 secundum
2567 500 2753 548 uatum
2803 505 2978 561 ipsius
3009 507 3024 546 :
3054 488 3312 560 quoniam
3345 488 3450 543 Do-

218 593 337 633 σιον
369 579 643 635 ἀποδώσει
678 598 781 636 σοι.
814 599 835 635 ε

292 776 313 811 ε
355 758 452 814 Ἐκ
489 761 707 817 πάντων
738 763 848 819 τῶν
885 765 1150 837 ἀπαρχῶν
1204 766 1357 838 ὑμῶν
1398 767 1510 831 τοῖς
1545 765 1783 839 ἰερεῦσιν

217 849 393 906 ἔσται.
430 870 451 903 ε

324 1048 520 1123 Δῷρον
542 1051 704 1123 -Θεοῦ
728 1052 1065 1108 κάλλιστόν
1095 1054 1267 1109 ἐστιν
1295 1056 1328 1108 d
1363 1055 1602 1123 τρόπος.

324 1120 447 1174 Κᾶν
472 1121 668 1193 πάνεα
694 1123 970 1193 ἐνέγκῃς,
991 1124 1170 1178 οὐδὲν
1196 1120 1603 1189 οἵσειξᾶξιον.

327 1193 400 1263 Ὃ
427 1193 525 1246 καί
556 1191 749 1259 πένης
776 1191 1005 1259 δίδωσι,
1034 1194 1212 1250 τοῦτο
1242 1197 1564 1263 πρόσφερε.

322 1262 613 1332 Μίσθωμα
644 1265 873 1332 πόρνης
901 1264 1087 1334 ἁγνὸς
1121 1266 1195 1319 οὐ
1209 1262 1522 1335 μερίζεται.

404 1394 589 1449 ΤΙΤΛ.
616 1395 737 1451 ΔΓ.
760 1426 831 1438 -
859 1398 1000 1467 Περί
1023 1398 1307 1467 ἀγγελίας
1341 1397 1589 1467 ἀγαθῆς.

293 1528 310 1559 ι
341 1508 553 1579 Ὠσπερ
596 1508 739 1580 ὕδωρ
785 1509 993 1582 ψυχρὸν
1044 1509 1190 1583 ψυχῇ
1239 1509 1451 1584 διψώσῃ
1491 1511 1781 1582 προσηνὲς,

209 1598 356 1653 οῦτω
388 1599 613 1670 ἀγγελία
636 1602 815 1673 ἀγαθὴ
842 1602 909 1656 ἐκ
937 1602 1041 1673 γῆς
1072 1601 1366 1674 μακρόθεν.
1396 1622 1416 1655 ι

294 1800 313 1833 ι
347 1782 544 1853 Ἅαχείς
578 1781 691 1837 ἰδοὺ
719 1781 816 1836 ἐπὶ
842 1782 912 1836 τὰ
940 1782 1041 1854 δρη
1072 1782 1123 1836 οἰ
1167 1780 1327 1846 πόδες
1362 1781 1781 1853 εὐαγγελιζομὲ-

210 1890 331 1938 νου,
361 1876 457 1928 καὶ
492 1874 931 1945 ἀπαγγέλλοντος
960 1876 1208 1947 εἰρήνην.
1244 1895 1263 1926 ε

290 1982 311 2017 ε
353 1964 441 2030 Ὦς
461 1965 654 2038 ὡραῖοι
677 1968 839 2032 πόδες
867 1968 963 2021 ἐπὶ
983 1967 1091 2024 τῶν
1107 1968 1279 2040 όρέων
1297 1966 1783 2038 εὐαγγελιζομένου

210 2056 385 2127 ἀκοὴν
412 2059 656 2130 εἰρήνης,
679 2059 1166 2130 εὐαγγελιζομένου
1199 2059 1413 2131 ἀγαθαί
1458 2079 1479 2114 ε

423 2283 607 2338 τΙΤΛ.
644 2285 768 2338 ΛΔ’.
786 2316 855 2326 -
878 2285 1017 2354 Περί
1046 2285 1331 2355 ἀγγελίας
1356 2282 1570 2353 κακῆς.

290 2411 310 2444 ε
341 2394 616 2460 Λαϐόντες
646 2396 853 2466 χιτῶνα
903 2396 999 2451 τοῦ
1043 2396 1264 2468 Ἰωσὴφ,
1316 2394 1556 2464 ἔσφαξαν
1591 2392 1781 2463 ἔριφον

207 2482 404 2549 αἰγῶν,
431 2484 527 2538 ual
553 2485 821 2555 ἐμόλυναν
849 2485 942 2540 τὸν
970 2484 1175 2557 χιτῶνα
1219 2482 1316 2538 τοῦ
1357 2482 1557 2552 Ἰωσὴφ
1588 2480 1667 2552 τῷ
1695 2481 1779 2535 αἴ-

214 2591 369 2642 ματι,
414 2576 512 2631 καὶ
550 2578 873 2650 εἰσήνεγκαν
922 2578 1001 2647 τῷ
1049 2578 1219 2647 πατρὶ
1261 2576 1460 2640 αὐτῶν,
1492 2574 1774 2643 λέγοντες·

209 2667 418 2722 Τοῦτον
484 2670 755 2742 εὕρομεν,
800 2671 1061 2741 ἑπίγνωθι
1112 2672 1162 2725 εἰ
1215 2673 1244 2724 6
1284 2669 1450 2740 χιτὼν
1508 2667 1603 2721 τοῦ
1660 2665 1776 2718 υἰοῦ

211 2758 310 2813 σού
350 2762 534 2827 ἐστιν,
584 2763 619 2833 ἢ
647 2763 731 2817 οὗ.
780 2764 895 2817 Kal
940 2764 1156 2832 ἐπέγνω
1187 2762 1350 2817 αὐτὸν
1408 2756 1629 2819 Ἰακὼϐ,
1681 2756 1777 2811 καὶ

210 2849 404 2908 εἶπεν·
454 2854 636 2909 Χιτὼν
676 2854 772 2910 τοῦ
830 2856 949 2909 υἱοῦ
997 2855 1100 2927 μού
1146 2857 1312 2909 ἐστιν.
1358 2852 1560 2924 Θηρίον
1609 2866 1777 2919 πονη-

215 2943 313 3013 ρὸν
370 2944 684 3013 κατέφαγεν
723 2945 922 3001 αὐτόν*
975 2946 1165 3017 θηρίον
1202 2944 1439 3016 πονηρὸν
1477 2943 1777 3013 διήρπασεν

208 3035 399 3091 αὐτόν.
439 3036 700 3108 Διέρῤηξε
752 3038 810 3093 δὲ
866 3036 1061 3092 Ἰακὼϐ
1099 3038 1158 3092 τὸ
1189 3037 1403 3107 ἰμάτιον
1452 3032 1653 3098 αὐτοῦ,
1681 3029 1776 3084 καί⁵

1882 580 2066 638 minus
2121 581 2434 639 retribuens
2473 590 2559 639 est
2591 582 2776 647 nobis,
2822 590 2877 639 et
2909 580 3221 652 septuplum
3262 580 3454 634 reddet

1883 670 1999 726 tibi.
2044 690 2064 723 ε

1954 764 2146 821 Each.
2185 781 2309 832 ειν,
2340 766 2483 820 4.-
2516 785 2535 819 ι
2573 765 2655 821 Ex
2687 767 2941 821 omnibus
2973 764 3234 821 orimitiis
3255 766 3452 820 vestris

1882 856 2101 915 dabitur
2128 858 2539 916 sacerdotibus.
2577 877 2595 910 ι

2334 970 2604 1026 Nazianz.
2640 970 2874 1025 Tetrast.
2908 972 2939 1025 7

2100 1064 2307 1140 Yirtttte
2341 1068 2546 1140 nullum
2576 1073 2777 1140 gratius
2816 1071 3010 1125 donum
3042 1082 3119 1126 est
3162 1071 3270 1125 Deo

2091 1137 2316 1211 Quidvis
2344 1138 2464 1193 licet
2491 1137 2601 1202 des,
2625 1144 2701 1195 nil
2722 1151 2899 1195 tamen
2931 1146 3147 1211 dignum
3180 1144 3339 1211 feres,

2099 1205 2216 1281 Hoc
2238 1209 2370 1275 oﬂ'sr
2388 1226 2510 1279 ergo
2526 1213 2665 1279 quod
2685 1224 2839 1278 queat
2860 1205 3058 1281 paup'er
3087 1205 3234 1266 dare.

2091 1275 2389 1333 Meretricis
2419 1275 2594 1335 horret
2634 1275 2795 1350 purus
2830 1275 2919 1336 ille
2943 1275 3242 1351 umentium.

2137 1415 2274 1472 TIT.
2304 1417 2544 1477 XXXIII.
2575 1452 2647 1464 —-
2677 1421 2754 1475 De
2787 1422 2920 1476 bona
2948 1422 3154 1481 nuntia.

1950 1531 2108 1589 Prov.
2138 1533 2377 1599 xxv,25.
2410 1564 2479 1575 —
2512 1554 2531 1587 ι
2565 1534 2718 1593 Sicut
2743 1550 2885 1607 aqua
2921 1535 3121 1607 frigida
3154 1539 3349 1591 anima:
3376 1536 3448 1591 si-

1878 1624 2033 1679 tienti
2054 1625 2299 1695 jucunda
2337 1632 2448 1691 est,
2484 1627 2559 1683 ita
2587 1628 2816 1684 nuntius
2843 1627 3022 1683 bonus
3048 1628 3117 1683 de
3163 1637 3308 1682 terra
3337 1629 3453 1682 lou-

1880 1732 2101 1787 gmqua.
2137 1736 2157 1768 ε

1811 1842 1853 1897 Β
1954 1806 2170 1863 ΝαΙιωιι
2210 1826 2253 1874 ι,
2290 1810 2379 1866 15.
2418 1841 2490 1852 -
2535 1829 2554 1864 ι
2593 1810 2820 1868 Veloces
2863 1825 2991 1867 ecce
3029 1826 3197 1882 super
3236 1796 3450 1867 mcutes

1880 1899 2047 1968 pedes
2068 1899 2516 1970 evangelizantis,
2549 1909 2606 1955 et
2637 1899 3022 1955 annuntiantis
3045 1915 3256 1969 pacem.
3294 1918 3313 1950 ι

1952 1986 2066 2044 Ira.
2104 2004 2201 2055 LII,
2226 1990 2278 2045 7.
2304 2020 2374 2031 —
2412 2009 2431 2042 ι
2471 1990 2643 2057 Quam
2674 1989 2886 2061 pulchri
2925 1989 3093 2060 pedes
3116 2005 3280 2058 super
3302 2003 3450 2043 mon-

1880 2088 1983 2142 tes.
2027 2079 2459 2151 evangelixantis
2511 2080 2761 2136 auditum
2807 2081 2982 2150 pacis,
3015 2080 3447 2149 evangelizantis

1879 2171 2023 2227 bona
2054 2173 2102 2226 lt

2143 2304 2274 2361 ΤΙΤ.
2300 2304 2543 2360 XXXIV.
2567 2335 2637 2347 —
2666 2304 2744 2359 De
2772 2305 2914 2359 malo
2964 2304 3169 2358 nuntio.

1947 2413 2077 2471 Gen.
2130 2433 2342 2482 xxxvu,
2374 2414 2597 2471 31-34.
2644 2446 2716 2457 -—
2764 2414 3157 2485 «Accipieutes
3207 2412 3445 2466 tunicam

1876 2506 2517 2580 Joseph,jugulaverunt
2552 2506 2768 2562 haedum
2814 2520 3132 2577 caprarum,
3159 2512 3213 2559 et
3230 2517 3447 2571 resper-

1876 2610 2066 2656 serunt
2089 2600 2333 2654 tunicam
2363 2598 2569 2668 Ioseph
2605 2598 2895 2667 sanguine,
2934 2607 2991 2652 et
3027 2596 3332 2651 attulerunt
3359 2609 3447 2663 pa-

1877 2694 1948 2746 tri
1989 2706 2110 2753 suo.
2139 2690 2389 2748 dicentes
2420 2707 2434 2744 :
2470 2688 2625 2745 Hanc
2657 2690 2991 2743 invenimus.
3043 2684 3223 2742 Nosce
3270 2684 3317 2739 si
3367 2694 3445 2738 tu-

1876 2784 1997 2839 nica
2024 2783 2115 2838 lilii
2154 2784 2237 2838 tui
2272 2790 2377 2847 est.
2407 2796 2476 2837 an
2506 2797 2638 2839 non.
2692 2778 2761 2833 Et
2785 2779 3044 2850 cognovit
3076 2793 3218 2843 eam,
3243 2784 3299 2830 et
3326 2776 3442 2830 ait:

1877 2875 2092 2929 Tunica
2133 2874 2227 2929 lilii
2275 2874 2383 2929 mei
2427 2882 2534 2927 est.
2570 2870 2751 2926 Bestia
2794 2871 2936 2925 mala
2981 2867 3265 2922 devoravit
3295 2880 3441 2931 eum,

1879 2964 2053 3020 bestia
2103 2964 2523 3036 malaﬁiripuit
2568 2961 2792 3032 Ioseph.
2844 2960 3022 3015 Scidit
3058 2967 3245 3013 autem
3276 2956 3444 3012 Jacoh

1876 3056 2200 3112 vestimenta
2245 3070 2366 3122 sua,
2404 3064 2459 3110 et
2497 3056 2765 3123 imposuit
2803 3052 3048 3107 cilicium
3091 3065 3257 3120 super
3305 3049 3440 3103 iuru-

208 3127 439 3182 ἒπὲθετο
472 3127 674 3183 σάκκον
705 3130 799 3184 ἐπὶ
846 3131 947 3201 τὴν
983 3131 1155 3199 ὀσφὺν
1184 3127 1376 3193 αὑτοῦ,
1411 3127 1510 3181 καὶ
1559 3124 1773 3179 ἐπένθει
1798 3190 1839 3217 ρ

1769 3160 1839 3217 ’ρ
1876 3147 2004 3203 bum
2056 3164 2213 3203 suum
2259 3156 2311 3203 et
2343 3148 2556 3217 lugebat
2591 3146 2761 3201 lilium
2794 3160 2955 3200 suum
2997 3144 3115 3197 dies
3161 3142 3383 3197 multos.
3417 3159 3435 3193 ι

204 3223 305 3276 τὸν
334 3223 450 3276 υἰδν
476 3222 640 3276 αὑτοῦ
668 3224 881 3296 ἡμέρας
919 3224 1140 3288 πολλάς.
1170 3243 1187 3276 ι

285 3335 306 3369 ε
343 3316 640 3388 Ἀπεκρίθη
678 3320 708 3371 6
736 3317 876 3389 ἀνὴρ
897 3321 924 3371 6
954 3317 1231 3388 ἐληλυθὼς
1254 3319 1318 3370 ὲκ
1345 3317 1445 3386 τῆς
1484 3311 1769 3385 παρεμϐο-

204 3406 332 3477 λῆς,
370 3411 465 3471 καὶ
512 3404 634 3463 εἷπε
671 3410 749 3481 τῷ
797 3410 978 3463 Ἡλεί·
1033 3411 1311 3480 Πέφευγεν
1353 3407 1493 3480 ἀνὴρ
1554 3403 1769 3476 Ἰσραὴλ

205 3501 319 3555 ἀπὸ
348 3502 641 3573 προσώπου
679 3503 788 3556 τῶν
821 3503 1157 3572 ἀλλοφύλων,
1186 3502 1281 3557 καὶ
1311 3498 1509 3572 πληγὴ
1559 3498 1766 3569 μεγάλη

203 3594 432 3662 γέγονεν
470 3596 527 3649 ὲν
551 3594 631 3665 τῷ
658 3595 791 3666 λαῷ,
824 3596 919 3649 καὶ
958 3595 1263 3666 ἀμφότεροι
1300 3596 1349 3647 οἱ
1406 3593 1512 3646 υἰοί
1544 3607 1637 3645 σου
1677 3607 1766 3643 τε·

203 3684 461 3755 θνήκασι,
496 3688 593 3741 καὶ
640 3689 673 3758 ἡ
703 3687 935 3751 κιϐωτὸς
961 3687 1056 3741 τοῦ
1078 3687 1214 3741 Θεοῦ
1246 3685 1477 3757 ἐλήφθη.
1509 3684 1619 3739 Kal
1647 3683 1768 3750 ἐγέ-

200 3792 350 3844 νετο,
375 3777 451 3841 ὼς
478 3779 723 3850 ἐμνήσθη
745 3779 847 3849 τῆς
878 3778 1112 3832 κιϐωτοῦ
1137 3776 1234 3831 τοῦ
1250 3776 1410 3841 Θεοῦ,
1439 3777 1635 3831 ἔπεσεν
1658 3775 1767 3831 ἀπὸ

197 3867 302 3923 τοῦ
330 3869 523 3941 δίφρου
565 3872 645 3935 εἰς
684 3872 753 3926 τὰ
805 3870 979 3925 ὀπίσω
1029 3872 1263 3943 ιχόμενα
1305 3859 1407 3943 τῆς
1441 3869 1637 3941 πύλης,
1674 3868 1765 3923 καὶ

202 3960 499 4033 συνετρίϐη
533 3963 561 4016 6
591 3962 758 4026 νῶτος
778 3963 964 4030 αὑτοῦ,
994 3964 1092 4018 καὶ
1112 3964 1401 4019 ἀπέθανεν.
1433 3981 1454 4016 ι

281 4072 301 4107 ι
342 4053 471 4109 Ἰδοὺ
519 4055 659 4129 ἀνὴρ
686 4050 849 4128 ἦλθεν
882 4058 947 4111 lx
984 4057 1083 4129 τῆς
1122 4055 1479 4129 παρεμϐολῆς
1502 4054 1599 4109 τοῦ
1635 4052 1762 4108 λαοῦ

196 4143 298 4198 τοῦ
332 4143 471 4216 μετὰ
508 4146 700 4211 Σαοὺλ,
735 4146 831 4201 καὶ
867 4146 935 4202 τὰ
966 4147 1157 4219 ἱμάτια
1187 4147 1354 4203 αὐτοῦ
1396 4147 1760 4220 διερρωγότα,

198 4233 298 4287 καὶ
320 4234 391 4305 γῆ
429 4234 522 4289 ἐπὶ
568 4235 667 4307 τῆς
702 4236 947 4307 κεφαλῆς
993 4237 1180 4295 αὑτοῦ.
1224 4238 1470 4308 Ἐγένετο
1514 4238 1569 4292 δὲ
1592 4238 1651 4291 ιν
1684 4236 1764 4308 τῷ

196 4324 466 4379 εἰσελθεῖν
505 4326 666 4381 αὑτὸν
706 4328 843 4400 πρὸς
892 4327 1082 4394 Δαϐἰδ,
1116 4328 1315 4383 ἔπεσεν
1345 4330 1438 4383 ἐπὶ
1465 4328 1762 4401 πρόσωπον

195 4414 368 4469 αὑτοῦ
399 4416 491 4469 ἐπὶ
528 4416 627 4488 τὴν
658 4417 781 4489 γῆν,
830 4421 923 4473 καὶ
964 4420 1367 4491 προσεκύνησεν
1420 4419 1602 4475 αὐτόν.
1649 4421 1761 4474 Kal

195 4504 326 4561 εἶπε
358 4508 492 4580 πρὸς
519 4510 683 4563 αὑτὸν
711 4510 876 4565 Δαϐἰδ
896 4528 908 4543 ·
961 4511 1132 4567 Πόθεν
1158 4513 1500 4583 παρεγένου;
1543 4512 1654 4566 Kal
1682 4507 1759 4565 εἰ·

195 4618 338 4653 πενο
372 4602 468 4656 Ἐκ
517 4602 619 4672 τῆς
651 4604 1003 4675 παρεμϐολῆς
1054 4605 1269 4677 Ἰσραὴλ
1312 4605 1612 4675 σέσωσμαι.
1644 4603 1758 4659 Kal

195 4690 321 4745 εἷπε
343 4693 505 4746 Δαϐἰδ
532 4695 669 4764 πρὸς
692 4694 883 4747 αὐτόν*
912 4695 1008 4759 Τίς
1034 4697 1063 4749 6
1090 4696 1245 4765 λόγος
1273 4690 1459 4761 οὗτος
1488 4695 1758 4765 ἀπάγγει-

196 4786 292 4837 λόν
332 4802 440 4855 μοι.
473 4786 585 4838 Kal
632 4782 783 4839 εἷπε·
821 4786 1017 4855 Φεύγει
1041 4790 1071 4841 6
1124 4788 1253 4851 λαὸς
1279 4791 1344 4843 ὲκ
1389 4787 1483 4842 τοῦ
1516 4786 1751 4858 πολέμου

196 4880 301 4947 τῆς
330 4879 701 4950 παρεμϐολῆς,
757 4883 850 4934 καὶ
878 4882 1079 4934 ἔπεσαν
1132 4880 1319 4933 πολλοὶ
1362 4883 1426 4934 ὲκ
1455 4881 1548 4934 τοῦ
1600 4880 1752 4945 λαοῦ,

195 4972 293 5023 καὶ
329 4971 500 5025 Σαοὺλ
519 4974 611 5025 καὶ
645 4974 895 5028 Ἰωνάθαν
924 4976 953 5027 6
972 4976 1084 5038 υἱὸς
1114 4974 1280 5028 αὐτοῦ
1308 4975 1620 5046 τεθνήκασι.
1646 4974 1755 5026 Kal

195 5064 502 5134 ἐκράτησεν
525 5067 553 5117 6
574 5066 737 5119 Δαϐὶδ
764 5068 872 5121 τῶν
894 5069 1121 5137 ἱματίων
1141 5065 1330 5134 αὑτοῦ,
1363 5067 1457 5120 καὶ
1475 5064 1754 5137 διέρρηξεν

195 5156 363 5220 αὐτὰ,
399 5157 493 5209 καὶ
524 5158 725 5223 πάντες
749 5161 799 5213 οἱ
828 5160 1016 5231 ἄνδρες
1039 5163 1087 5214 οἱ
1122 5160 1239 5231 μετ’
1270 5160 1457 5214 αὐτοῦ.
1496 5159 1608 5212 Kal
1635 5158 1755 5212 ὲκό-

197 5252 389 5317 ᾲαντο,
423 5250 516 5303 καὶ
538 5250 827 5318 ἔκλαυσαν,
850 5254 945 5307 καὶ
974 5256 1301 5326 ὲνὴστευσαν
1332 5255 1434 5317 ἕως
1464 5254 1642 5323 δείλης
1662 5252 1754 5305 ἐπὶ

196 5342 372 5394 Σαοὺλ
421 5344 518 5396 καὶ
550 5345 804 5398 Ἰωνάθαν
842 5347 933 5400 τὸν
978 5348 1091 5401 υἱὸν
1132 5349 1319 5414 αὐτοῦ,
1372 5350 1466 5401 καὶ
1501 5349 1591 5401 τὸν
1628 5346 1754 5399 λαὸν

204 5434 401 5497 Ἰούδα,
445 5436 538 5488 καὶ
591 5436 683 5489 τὸν
716 5434 864 5492 οἶκον
911 5440 1146 5511 Ἰσραὴλ,
1202 5442 1282 5495 ὅτι
1339 5441 1653 5513 ἐπλήγησαν
1696 5443 1753 5495 ὲν

196 5525 465 5596 ῥομφαίᾳ·
507 5546 525 5577 ι

272 5635 294 5668 ε
331 5613 466 5670 Eine
509 5621 679 5675 Χουσί
701 5623 778 5692 τῷ
812 5624 1053 5693 βασιλεῖ·
1102 5628 1427 5698 Εὑαγγέλια,
1460 5632 1615 5702 κύριέ
1649 5649 1754 5701 μου

194 5707 565 5777 βασιλεῦ.Κα“ι
587 5708 737 5767 εἶπεν
764 5716 791 5765 6
814 5716 1064 5784 βασιλεὺς
1094 5719 1452 5791 πρδςσΧουσίο
1478 5722 1537 5774 Εἰ
1565 5723 1751 5793 εἰρήνη

193 5800 273 5872 τῷ
314 5800 587 5873 παιδαρίῳ
619 5805 695 5876 τῷ
744 5806 1095 5881 Ἀϐεσαλὼμς
1139 5812 1247 5867 Kal
1295 5812 1447 5868 εἶπεν
1489 5818 1514 5868 6
1548 5817 1742 5869 Χουςί·

1943 3332 1968 3385 1
2011 3330 2137 3401 Reg.
2169 3346 2243 3398 ιν,
2278 3331 2365 3395 l7,
2403 3330 2488 3384 l8.
2521 3361 2590 3373 —-
2638 3347 2657 3380 ε
2691 3328 2997 3398 Respondit
3019 3328 3125 3390 vir,
3159 3326 3251 3394 qui
3277 3338 3434 3379 vcnev

1869 3426 2038 3482 ratde
2074 3426 2296 3494 castris,
2329 3433 2385 3481 et
2414 3426 2554 3481 dixit
2583 3423 2703 3481 lleli
2737 3442 2752 3479 :
2790 3424 2953 3496 Fugit
2983 3424 3068 3477 vir
3108 3420 3279 3477 Israel
3310 3434 3342 3473 a
3370 3418 3438 3472 la-

1868 3523 1953 3577 cie
1992 3520 2416 3593 Allophylorum
2444 3564 2460 3588 ,
2508 3528 2565 3577 et
2602 3521 2758 3592 plaga
2806 3532 3001 3589 magna
3052 3515 3200 3571 facta
3244 3520 3330 3570 est
3379 3512 3433 3596 in

1869 3619 2090 3689 populo,
2120 3626 2176 3673 et
2204 3619 2366 3674 ambo
2398 3618 2495 3673 lilii
2528 3620 2608 3673 tui
2643 3618 2842 3672 mortui
2888 3624 3046 3681 sunt,
3074 3623 3130 3668 et
3167 3627 3295 3667 arca
3344 3600 3433 3665 De'

1868 3722 2029 3781 capta
2066 3721 2170 3767 est.
2218 3712 2287 3767 Et
2327 3712 2537 3768 factum
2574 3719 2660 3766 est
2691 3726 2818 3765 cum
2852 3715 3211 3763 memorasset
3257 3718 3433 3759 arcani

1870 3803 1983 3871 Dei,
2014 3806 2217 3860 cecidit
2260 3806 2328 3861 de
2382 3806 2516 3861 sella
2563 3814 2866 3860 retrorsum
2917 3803 3071 3873 juxta
3104 3802 3353 3869 januam,
3382 3806 3431 3852 el

1866 3893 2056 3949 cervix
2091 3894 2218 3965 ejus
2247 3895 2527 3951 confracta
2552 3906 2654 3963 est,
2688 3905 2743 3951 et
2768 3903 3017 3949 mortuus
3051 3897 3157 3953 εει.
3202 3908 3221 3942 ε

1935 4075 1996 4133 11
2025 4076 2147 4149 Reg.
2177 4060 2233 4145 ἰ,
2279 4078 2428 4134 2-12.
2471 4109 2540 4122 -
2580 4097 2598 4129 ε
2629 4077 2769 4134 Ecce
2807 4077 2893 4132 vir
2934 4076 3086 4133 venit
3129 4074 3198 4132 de
3231 4073 3427 4130 castri.

1861 4170 2052 4243 populi
2097 4170 2188 4239 qui
2242 4179 2361 4225 erat
2403 4185 2526 4224 cum
2563 4167 2714 4233 Saul,
2762 4167 2927 4240 374
2976 4166 3209 4243 ejusque
3253 4170 3432 4220 vester

1863 4239 2074 4324 scissae,
2116 4268 2169 4315 et
2219 4267 2364 4315 terra
2400 4274 2569 4331 super
2600 4268 2762 4330 caput
2784 4239 2947 4327 ejus.
2978 4239 3066 4310 Ἐι
3115 4256 3317 4311 factum
3349 4261 3426 4310 esl

1861 4364 1986 4406 cum
2018 4349 2403 4421 ingrederetur
2433 4351 2499 4405 ad
2528 4347 2719 4415 David,
2749 4348 2950 4403 cecidit
2970 4348 3022 4403 in
3050 4345 3246 4401 faciem
3272 4360 3431 4401 suam

1863 4455 2026 4511 super
2063 4450 2291 4505 terram,
2327 4448 2382 4495 et
2426 4439 2679 4495 adoravit
2705 4456 2854 4495 eum.
2905 4437 2972 4493 Et
3015 4438 3155 4492 dixit
3192 4436 3259 4490 ad
3301 4451 3421 4491 eum

1788 4541 1836 4601 ι)
1867 4529 2261 4588 David:Unde
2282 4532 2523 4588 venisti?
2570 4532 2637 4585 Et
2662 4533 2742 4587 ait
2786 4550 2798 4587 :
2854 4530 2933 4586 Ex
2990 4532 3189 4587 castris
3255 4528 3421 4585 Israel

1860 4627 2102 4681 salvatus
2128 4640 2272 4680 sum.
2297 4624 2531 4679 Etrdixit
2557 4625 2725 4680 David
2747 4626 2811 4680 ad
2848 4640 2972 4678 eum
3002 4643 3014 4678 :
3048 4623 3180 4689 Quis
3217 4631 3300 4677 est
3334 4623 3414 4677 hit

1857 4718 2076 4773 sermo?
2106 4717 2294 4771 nuntia
2323 4716 2572 4787 mihi.jEt
2600 4718 2677 4770 ait
2702 4736 2714 4773 :
2740 4716 2898 4786 Fugit
2928 4714 3161 4785 p0pulus
3190 4728 3254 4767 ex
3280 4727 3409 4781 pra:-

1856 4810 1930 4862 lio
1977 4817 2304 4868 castrorum.
2359 4815 2413 4861 et
2458 4808 2772 4862 ceciderunt
2820 4805 2976 4858 multi
3005 4804 3078 4859 de
3112 4804 3334 4874 papula,
3363 4815 3409 4857 ei

1859 4898 2008 4960 Saul,
2046 4906 2102 4952 ct
2134 4896 2411 4952 Jonalhan
2464 4898 2608 4953 ﬁlius
2636 4898 2756 4967 ejus
2801 4896 3000 4951 mortui
3041 4906 3191 4950 sunt.
3232 4892 3297 4947 Et
3322 4909 3405 4963 ap-

1854 4990 2137 5061 prehendit
2171 4990 2337 5045 David
2372 4993 2700 5049 vestimenta
2747 5005 2869 5056 sua,
2903 5000 2957 5044 et
2991 4989 3173 5053 scidit,
3207 4998 3260 5042 et
3294 5003 3399 5041 om-

1855 5098 1954 5138 nes
1984 5082 2089 5136 viri
2115 5082 2211 5151 qui
2249 5098 2374 5137 cum
2421 5098 2488 5137 eo
2513 5088 2692 5137 erant.
2734 5078 2802 5133 Et
2842 5080 3206 5150 planxerunt,
3256 5078 3402 5132 ﬂeve-

1854 5184 2110 5244 runtque,
2156 5182 2210 5230 et
2254 5175 2639 5244 jejunaverunt
2675 5188 2867 5241 usque
2894 5169 2963 5224 ad
2996 5185 3282 5241 vesperam
3316 5185 3403 5224 su-

1853 5284 1949 5340 per
1997 5268 2126 5323 Saul
2178 5276 2231 5323 et
2272 5268 2542 5323 Jonathan
2604 5270 2772 5323 lilium
2825 5269 2966 5338 ejus,
3034 5279 3088 5323 et
3144 5270 3404 5342 populum

1852 5359 2010 5426 Juda,
2059 5369 2113 5417 et
2158 5361 2379 5417 domum
2432 5358 2621 5428 Israel,
2664 5376 2728 5416 eo
2773 5362 2918 5432 quod
2971 5364 3310 5420 corruisscnt
3350 5382 3403 5419 In

1854 5452 2055 5523 gladio.
2084 5472 2103 5506 ι

1931 5628 1991 5685 II
2023 5629 2146 5698 Reg.
2177 5645 2331 5695 xvur,
2355 5631 2544 5687 51-35.
2580 5662 2649 5674 --
2695 5650 2714 5684 ι
2747 5630 2813 5687 Ει
2842 5632 2979 5685 dixit
3012 5631 3182 5686 Chusi
3212 5632 3275 5684 ad
3310 5648 3395 5683 re-

1853 5737 1971 5792 gem
2008 5738 2019 5773 :
2053 5721 2201 5775 Bona
2228 5723 2443 5786 nuntia,
2476 5721 2694 5777 domine
2723 5722 2797 5775 mi
2821 5736 2938 5775 rex.
2961 5719 3026 5775 Et
3052 5720 3188 5775 dixit
3214 5736 3304 5774 rex
3329 5723 3396 5773 ad

1857 5813 2024 5871 Chusi
2059 5828 2072 5867 :
2101 5811 2358 5885 Nunquid
2387 5821 2467 5870 est
2499 5829 2600 5885 pax
2638 5829 2804 5885 puero
2843 5812 3171 5870 Abesalom?
3221 5813 3285 5867 Et
3320 5813 3394 5865 ait
