4210 6448
813 415 947 479 1213

1964 419 2026 476 S.
2066 413 2386 475 JOANNIS
2432 413 2862 473 DAMASCEXI

3930 407 4050 470 12H

801 536 972 589 (illusi
1006 554 1018 589 :
1057 535 1180 589 Sint
1237 537 1380 589 sicut
1429 550 1565 603 puer
1597 534 1887 590 Abesatom
1937 535 2144 589 inimici
2176 531 2381 586 domini

2421 539 2458 594 Α
2488 531 2734 584 Γένοιντο
2764 532 2842 594 ὡς
2873 531 2933 584 τὸ
2962 531 3247 602 παιδάριον
3277 530 3599 599 ’Λϐεσαλὼμ
3630 529 3681 583 οἱ
3728 527 3918 599 ἐχθροὶ
3962 529 4047 580 τοῦ

806 629 911 681 mei
967 630 1131 697 regis,
1180 636 1235 680 et
1284 643 1478 680 omnes
1519 627 1615 696 qui
1669 628 2092 681 insurrexerunt
2135 627 2189 679 in
2240 632 2293 678 te
2325 622 2380 676 in

806 724 969 774 mala.
1012 720 1079 774 Et
1122 722 1460 792 lacrymatus
1500 733 1583 774 est
1621 737 1736 784 rex,
1782 729 1838 774 et
1871 721 2119 775 ascendit
2157 720 2212 772 in
2243 717 2382 772 sula-

804 817 945 870 rium
1003 826 1191 884 portze,
1233 829 1287 870 et.
1336 816 1520 881 ﬂevit,
1571 817 1793 885 lnecque
1834 817 2015 872 aiebat
2057 813 2328 886 plorando
2363 832 2377 865 :

803 907 905 962 Fili
936 909 1008 962 mi
1044 909 1674 972 Abesalom,Abesalom
1700 910 1774 963 ﬁli
1805 911 1899 962 mi.
1937 908 2072 974 Quis
2099 908 2190 961 det
2222 905 2380 962 nobis

801 1008 1035 1056 mortem
1065 1017 1165 1070 pro
1191 1001 1568 1064 te,Abesalom
1603 1000 1681 1054 tili
1721 1000 1834 1054 mi?
1859 1020 1878 1052 ι

876 1179 1010 1236 Osee
1061 1195 1159 1245 vn,
1215 1180 1300 1235 I2.
1343 1211 1416 1222 --
1472 1198 1491 1230 ι
1527 1177 1838 1247 Corripiam
1887 1193 1984 1231 eos
2035 1191 2136 1247 pro
2189 1174 2377 1229 auditu

801 1275 1226 1327 tribulationum
1251 1289 1464 1328 eorum.
1510 1292 1528 1323 ι

872 1363 1068 1418 Ezech.
1119 1381 1219 1431 vn,
1267 1365 1360 1428 ‘26,
1421 1364 1510 1419 27.
1564 1395 1632 1403 -
1671 1383 1691 1415 ι
1724 1363 1817 1417 Va:
1866 1379 2034 1431 super
2065 1377 2141 1414 va:
2169 1360 2294 1420 erit,
2325 1365 2380 1412 et

801 1460 1030 1513 nuntius
1058 1474 1226 1527 super
1261 1458 1537 1511 nuntium.
1581 1457 1645 1510 Et
1671 1465 1951 1525 qumretur
1981 1455 2122 1508 visio
2161 1453 2228 1506 de
2256 1466 2380 1519 pro-

800 1552 987 1620 pheta,
1019 1559 1074 1605 et
1113 1553 1196 1604 lex
1253 1551 1453 1621 peribit
1486 1567 1516 1603 a
1553 1549 1867 1610 sacerdote,
1905 1557 1960 1603 et
2013 1545 2303 1601 consilium
2347 1558 2378 1597 a

801 1646 1139 1700 senioribus.
1170 1646 1234 1698 Et
1258 1647 1517 1715 princeps
1538 1645 1799 1700 induetur
1831 1643 2076 1708 interitu,
2101 1651 2154 1697 et
2182 1655 2378 1694 manus

801 1739 986 1808 populi
1021 1751 1177 1793 terra:
1210 1754 1344 1792 mea:
1365 1739 1764 1794 dissolventur.
1807 1757 1825 1788 ι

801 1851 937 1906 ΤΙΤ.
971 1852 1184 1908 XXXV.
1213 1883 1286 1895 —
1310 1853 1383 1907 De
1423 1855 1604 1908 osculo
1647 1864 1743 1909 :et
1789 1852 1931 1922 quod
1981 1849 2238 1906 modestia
2284 1848 2372 1903 be-

1264 1925 1613 1978 nevolentiam
1649 1925 1913 1979 conciliet.

875 2014 936 2069 Η
962 2014 1084 2085 Reg.
1108 2032 1199 2077 xv,
1225 2016 1280 2079 9,
1317 2016 1404 2071 I0.
1423 2037 1518 2067 -‹
1547 2017 1612 2070 Ει
1637 2017 1842 2070 factum
1860 2022 1967 2078 est,
1990 2030 2117 2068 cum
2151 2011 2382 2066 accede-

799 2118 886 2165 t’et
918 2107 1001 2160 vir
1033 2107 1100 2161 ad
1130 2108 1445 2171 Abesalom,
1482 2119 1540 2162 ut
1566 2110 1825 2163 adoraret
1851 2124 2002 2169 eum,
2046 2105 2379 2160 extendebat

802 2216 1023 2254 manum
1053 2217 1229 2263 suam,
1257 2209 1310 2256 et
1339 2201 1702 2255 osculabatur
1730 2217 1876 2256 eum.
1914 2200 1978 2255 Et
2012 2199 2137 2254 fecit
2164 2199 2378 2251 Abesa-

801 2288 910 2340 lom
939 2288 1243 2342 secundum
1272 2289 1498 2343 verbum
1531 2290 1634 2343 boc
1666 2289 1927 2342 universo
1948 2287 2140 2349 Israel,
2164 2285 2381 2339 venien-

801 2377 952 2432 tibus
996 2378 1062 2432 ad
1101 2379 1374 2448 judicium
1416 2380 1484 2434 ad
1527 2395 1736 2451 regem.
1786 2379 1852 2432 Et
1893 2379 2235 2433 conciliabat
2273 2377 2376 2432 sibi

800 2469 1096 2524 Abesalom
1123 2471 1291 2525 corda
1320 2474 1570 2526 omnium
1598 2474 1844 2528 virorum
1883 2471 2068 2527 Israel.
2105 2491 2124 2522 ι

874 2663 1072 2722 Matth.
1120 2684 1174 2732 x,
1227 2669 1316 2723 I3.
1367 2700 1438 2712 —
1487 2689 1507 2722 ι
1544 2671 1819 2727 lntrantes
1848 2672 2094 2735 domum,
2143 2671 2379 2726 salutate

803 2771 944 2810 eam.
981 2757 1047 2810 Et
1075 2758 1350 2828 siquidem
1395 2760 1559 2816 fuerit
1598 2762 1801 2817 domus
1843 2763 1932 2816 illa
1974 2764 2160 2832 digna,
2194 2763 2379 2816 veniat

805 2862 911 2914 pax
943 2858 1125 2902 vestra
1157 2865 1326 2919 super
1355 2866 1510 2917 eam;
1549 2855 1594 2907 si
1625 2865 1806 2908 autem
1843 2867 1954 2907 non
1988 2851 2156 2907 fuerit
2191 2853 2374 2922 digna,

806 2958 906 3013 pax
937 2957 1046 2998 vesr
1061 2959 1118 2997 ra
1149 2946 1216 2998 ad
1249 2962 1344 3000 vos
1372 2955 1703 3001 revertetur.
1741 2966 1758 2998 ι

875 3032 1141 3088 Nazianz.
1171 3067 1240 3076 —-
1267 3037 1553 3092 Atlabilem
1593 3039 1648 3091 in
1691 3037 2105 3108 congressibus,
2151 3051 2374 3092 suavem

805 3124 861 3178 in
885 3125 1196 3195 colloquiis.
1243 3125 1355 3181 Nec
1393 3128 1784 3184 existimemus
1823 3130 1995 3183 levem
2029 3138 2084 3183 et
2123 3128 2375 3194 exiguam

802 3233 926 3272 esse
957 3219 1238 3285 virtutem,
1277 3235 1399 3275 sese
1427 3219 1699 3276 all‘abilem
1740 3221 2004 3292 praebere,
2033 3229 2198 3290 atque
2240 3218 2374 3272 faci-
2400 3229 2446 3290 ο

803 3307 1012 3361 litatem
1047 3309 1319 3364 sermonis
1343 3310 1566 3367 habere.

803 3433 939 3490 ΤΙΤ.
969 3435 1211 3494 XXXVI.
1235 3471 1305 3480 —
1333 3439 1406 3494 De
1437 3441 1648 3494 casibus
1671 3452 1720 3494 et
1743 3439 2086 3503 occursibus;
2124 3439 2286 3510 deque
2308 3439 2374 3492 iis

1118 3512 1209 3578 qui
1238 3525 1303 3562 ex
1337 3512 1494 3564 malis
1525 3512 1579 3564 in
1600 3511 1746 3564 mala
1775 3521 2054 3579 proruunt.

875 3619 1007 3674 Osee
1041 3636 1116 3686 Ix,
1163 3621 1216 3675 6.
1246 3652 1314 3663 —
1357 3641 1376 3673 ι
1419 3621 1576 3676 Ibunt
1617 3623 1672 3676 in
1718 3623 1972 3679 miserias
2018 3619 2278 3692 Egypti,
2321 3625 2376 3674 et

803 3710 1073 3781 suscipiet
1105 3725 1200 3764 eos
1223 3709 1510 3782 Memphis,
1543 3721 1600 3767 et
1632 3713 1857 3783 sepeliet
1885 3728 1980 3768 eos
2009 3711 2308 3766 Macbmas.
2348 3728 2369 3762 ι

875 3879 1037 3934 Amos
1062 3896 1113 3945 ν,
1150 3881 1239 3936 I9.
1274 3913 1342 3924 —
1391 3900 1410 3934 ι
1463 3882 1745 3950 Quomodo
1794 3900 1918 3940 cum
1960 3883 2126 3938 homo
2177 3881 2376 3952 fugerit

806 3983 835 4021 a
881 3969 1016 4024 facie
1050 3970 1242 4036 leonis,
1267 3981 1322 4028 et
1351 3973 1555 4028 incidat
1585 3975 1638 4028 in
1658 3990 1782 4030 eum
1805 3991 1990 4039 ursus,
2015 3983 2069 4027 et
2100 3973 2376 4043 ingredia-

806 4069 897 4112 tur
924 4060 1144 4114 domum
1173 4078 1351 4126 suam,
1391 4073 1443 4118 et
1475 4065 1747 4119 innitatur
1783 4066 2035 4121 manibus
2057 4065 2174 4118 suis
2213 4079 2378 4133 super

807 4145 1094 4216 parietem.
1125 4159 1180 4203 et
1215 4151 1464 4206 mordeat
1487 4168 1610 4207 eum
1639 4155 1884 4209 coluber.
1926 4173 1944 4206 ι

880 4235 996 4290 Isa.
1045 4255 1193 4304 xxrv,
1240 4240 1330 4294 I8.
1364 4272 1435 4288 ρ·-
1473 4261 1492 4292 ι
1526 4241 1672 4307 Erit,
1708 4244 1802 4315 qui
1844 4243 2046 4314 fugerit
2100 4244 2375 4308 timorem,

809 4329 968 4384 cadet
995 4329 1051 4384 in
1078 4330 1288 4386 foveam
1326 4351 1340 4388 :
1371 4343 1426 4389 et
1457 4335 1551 4404 qui
1583 4336 1778 4391 exierit
1815 4337 1882 4393 de
1915 4334 2095 4402 fovea,
2123 4336 2376 4406 capietur

809 4436 841 4474 a
877 4421 1091 4490 laqueo.

949 4557 1112 4628 375
1141 4558 1277 4618 TIT.
1304 4557 1567 4615 XXXVII.
1599 4589 1670 4601 —
1702 4559 1780 4615 De
1823 4560 1932 4614 otio
1966 4568 2016 4616 et
2041 4561 2234 4631 quiete.

885 4731 965 4787 IV
999 4734 1123 4805 Reg.
1154 4752 1268 4802 xiv,
1299 4737 1386 4792 I0.
1417 4768 1487 4780 ——
1533 4756 1552 4790 ι
1587 4738 1911 4794 Gloriﬁcare
1960 4737 2055 4809 qui
2110 4737 2271 4794 sedes
2320 4737 2377 4794 in

813 4825 980 4880 domo
1015 4835 1129 4882 tua.
1169 4847 1186 4878 ι

880 4913 981 4969 Job
1009 4933 1084 4982 xI,
1123 4918 1304 4975 I9.-—
1328 4939 1348 4972 ι
1376 4920 1664 4988 Quiesces,
1701 4936 1803 4977 nec
1845 4921 1954 4977 erit
1990 4921 2084 4991 qui
2123 4922 2220 4976 tibi
2265 4921 2380 4978 bel-

815 5006 926 5061 lum
958 5010 1175 5067 inferat.
1215 5031 1233 5066 ι

883 5099 1038 5158 Ρεαι.
1069 5118 1142 5166 Iv,
1178 5103 1265 5158 I0.
1310 5132 1379 5147 -ο
1431 5125 1448 5157 ι
1481 5105 1585 5174 Τυ,
1638 5105 1887 5171 Domine,
1935 5107 2292 5178 singulariter
2325 5110 2376 5164 in

817 5207 912 5260 spe
941 5195 1280 5250 constituisti
1312 5212 1419 5252 me.
1453 5217 1470 5248 ι

888 5282 1040 5338 Psal.
1077 5301 1204 5349 ch,
1237 5287 1318 5341 I0.
1343 5316 1411 5326 -—
1439 5307 1458 5337 ‹
1499 5285 1861 5356 Singulariter
1881 5303 1998 5343 sum
2047 5305 2174 5359 ego,
2205 5290 2379 5346 donec

817 5383 1118 5432 transeam.
1157 5398 1176 5432 ι
2102 5447 2106 5452 _

889 5469 1042 5525 Prov.
1082 5489 1161 5538 xi,
1191 5472 1279 5526 I2.
1311 5505 1380 5513 —
1423 5494 1441 5525 ο
1475 5474 1574 5528 Vir
1607 5476 1848 5546 prudens
1882 5475 2126 5546 quietem
2151 5476 2282 5546 agit.
2327 5495 2344 5527 ι

886 5561 1019 5630 Sap.
1049 5580 1104 5627 v,
1132 5566 1219 5621 I6.
1245 5597 1315 5609 -
1345 5587 1363 5619 ι
1407 5567 1540 5621 Boni
1571 5577 1838 5638 perpetuo
1867 5568 2189 5638 quiescunt.
2233 5587 2254 5620 ι

887 5651 1006 5708 Isa.
1040 5670 1190 5721 t.xvr,
1220 5659 1273 5714 4.
1306 5689 1372 5700 -
1403 5679 1421 5711 ι
1459 5659 1634 5730 Super
1681 5677 1844 5731 quem
1899 5662 2211 5731 respiciam,
2273 5663 2378 5718 nisi

820 5761 986 5814 super
1010 5748 1296 5816 humilem,
1327 5759 1381 5807 et
1411 5754 1681 5822 quietum,
1721 5761 1774 5808 et
1815 5761 2137 5809 trementem
2172 5769 2380 5809 sermo-

822 5855 919 5895 nes
943 5843 1124 5896 meost
1168 5865 1184 5888 ι

2484 625 2675 696 κυρίου
2713 641 2815 694 μου
2867 623 2962 676 τοῦ
3019 624 3306 694 βασιλέως,
3354 624 3449 677 καὶ
3492 625 3696 682 πάντες
3741 623 3856 675 ὅσοι
3893 625 4050 674 smnio

2483 716 2723 786 έστησάν
2752 735 2833 770 σοι
2857 719 2938 780 είς
2963 718 3129 771 κακά.
3158 719 3264 770 Καὶ
3294 716 3593 788 ἐδάκρυσεν
3613 719 3641 769 ὁ
3663 714 3940 783 βασιλεὺς.
3966 715 4054 766 καὶ

2481 809 2649 879 ἀνέϐη
2696 811 2778 873 είς
2810 811 2872 863 τὸ
2901 811 3154 881 ὑπερῷον
3181 813 3282 881 τῆς
3326 810 3523 880 πύλης.
3549 810 3644 862 καὶ
3673 809 3930 872 ἕκλαυσε,
3968 810 4052 860 καὶ

2479 902 2606 956 τάδε
2635 897 2795 955 εἶπεν
2828 906 2887 956 ἐν
2918 903 2998 973 τῷ
3031 903 3244 956 κλαίειν
3275 903 3440 956 αὐτόν
3461 921 3476 933 ·
3508 902 3710 954 Τέκνον
3733 901 3867 971 ὲμδν
3904 898 4051 952 ’Δϐεη

2483 994 2692 1066 σαλώμο
2712 995 3031 1066 Ἀὃεσαλὼμ
3058 997 3249 1050 τέκνον
3275 996 3539 1065 έμόν.Τίς
3563 995 3638 1066 δῷ
3668 995 4051 1066 ἡμῖνιθάνατον

2481 1088 2604 1140 ἀντὶ
2637 1087 2754 1149 σοῦ,
2806 1087 3132 1158 ’Λδεσαλὼμ
3163 1090 3247 1142 υίὲ
3281 1107 3418 1159 μους
3454 1108 3472 1140 ι

2557 1199 2576 1230 ι
2612 1180 2901 1234 Παιδεύσω
2945 1181 3146 1246 αὐτοὺς
3193 1182 3316 1234 ἀντὶ
3349 1181 3524 1251 ἀκοῆς
3557 1180 3658 1250 τῆς
3696 1178 3933 1247 θλίψεως
3965 1180 4056 1230 αύ-

2479 1272 2608 1326 τῶν.
2651 1291 2670 1322 ι

2558 1382 2576 1414 ι
2617 1365 2757 1416 Οὐαὶ
2790 1365 2884 1418 ἐπὶ
2909 1365 3034 1418 οὐαὶ
3062 1365 3238 1428 ἔσται.
3266 1365 3362 1418 καὶ
3411 1365 3643 1434 ἀγγελία
3673 1364 3765 1418 ἐπὶ
3801 1362 4056 1430 ἀγγελίαν

2480 1455 2654 1510 ἔσται.
2697 1456 2808 1509 Καὶ
2852 1457 3224 1528 ζητηθήσεται
3279 1459 3472 1530 ὅρασις
3516 1458 3581 1510 ἐκ
3626 1458 3936 1528 προφήτου,
3970 1456 4055 1508 καὶ

2480 1549 2644 1619 νόμος
2674 1549 2961 1604 ἀπολεῖται
2990 1549 3052 1614 ἐξ
3089 1551 3302 1621 ἱερέως,
3335 1553 3431 1603 καὶ
3467 1550 3630 1620 βουλὴ
3664 1551 3727 1601 ἐκ
3761 1547 4056 1620 πρεσϐυτέ-

2482 1659 2615 1713 ρων.
2639 1642 2749 1694 Καὶ
2786 1645 2814 1696 ὁ
2836 1643 3032 1713 ἄρχων
3059 1644 3340 1696 ἐνδύσεται
3371 1643 3702 1714 ἀφανισμὸν,
3734 1643 3829 1694 καὶ
3859 1642 3915 1695 αἱ
3948 1642 4053 1710 χεῖ-

2483 1752 2576 1806 ρες
2599 1736 2697 1789 τοῦ
2723 1735 2856 1788 λαοῦ
2887 1753 2992 1805 μου
3022 1736 3122 1806 τῆς
3147 1735 3250 1805 γῆς
3278 1735 3778 1805 παραλυθήσονται.
3819 1751 3839 1783 ι

2479 1845 2663 1904 ΤΙΤᾹ.
2699 1846 2824 1901 ΛΕ’.
2857 1877 2926 1887 -
2950 1846 3089 1912 Περὶ
3115 1845 3477 1915 ἀσπασμοῦο
3512 1845 3602 1900 ὅτι
3631 1844 3698 1898 τὸ
3727 1839 4052 1914 μετριάζειν

2977 1919 3224 1971 εὔνοιαν
3264 1916 3562 1986 προξενεῖ.

2559 2029 2577 2060 ι
2625 2009 2873 2078 Ἐγένετο
2901 2011 2960 2063 ὲν
2992 2009 3070 2079 τῷ
3097 2009 3339 2078 ἐγγίζειν
3363 2009 3532 2080 ἄνδρα
3561 2009 3697 2079 πρὸς
3733 2003 4050 2073 ’Δῦεσσλὼμ

2477 2102 2572 2156 τοῦ
2606 2103 2984 2173 προσκυνῆσαι
3018 2102 3189 2171 αὐτῷ,
3219 2103 3315 2154 καὶ
3345 2101 3578 2165 ἐξέτεινε
3613 2100 3716 2171 τὴν
3755 2102 3918 2168 χεῖρα
3956 2099 4047 2149 αὖ-

2477 2194 2596 2258 τοῦ,
2627 2196 2722 2247 καὶ
2751 2195 3032 2262 κατεφίλει
3058 2195 3238 2248 αὐτόν.
3283 2196 3393 2248 Καὶ
3436 2194 3690 2263 ἐποίησεν
3732 2187 4047 2258 Ἀϐεσαλὼμ

2478 2287 2621 2340 κατὰ
2653 2287 2714 2340 τὸ
2743 2289 2897 2358 ῥῆμα
2928 2287 3090 2340 τοῦτο
3119 2289 3282 2340 παντὶ
3327 2287 3574 2356 Ἰσραὴλ,
3602 2288 3716 2348 τοῖς
3746 2299 4042 2354 παραγεγε-

2481 2379 2663 2451 μένοις
2695 2383 2774 2444 είς
2805 2382 2988 2453 κρίσιν
3022 2383 3160 2453 πρὸς
3203 2383 3296 2435 τὸν
3332 2381 3589 2452 βασιλέα·
3626 2381 3720 2443 καὶ
3746 2379 4040 2432 ἰδιοποιείες

2489 2471 2814 2542 Ἀδεσαλὼμ
2867 2471 2964 2536 τὰς
3012 2473 3244 2544 καρδίας
3286 2471 3508 2524 πάντων
3551 2470 3662 2523 τῶν
3692 2469 3912 2540 ἀνδρῶν
3951 2469 4040 2522 Ἰσ-

2479 2563 2691 2635 ραήλ.»

2555 2671 2573 2704 ι
2608 2655 2994 2724 Εἰσερχόμενοι
3026 2656 3107 2718 εἰς
3142 2655 3240 2726 τὴν
3272 2655 3472 2716 οἰκίαν,
3501 2655 3823 2708 ἀσπάσασθε
3859 2653 4039 2720 αὑτήν.

2476 2743 2588 2796 Καὶ
2614 2745 2710 2798 έάν
2752 2745 2853 2814 μὲν
2912 2744 2996 2815 εἴη
3057 2747 3091 2812 ὴ
3135 2747 3285 2798 οἰκία
3319 2745 3471 2807 ἀξία,
3529 2743 3734 2797 ἐλθέτω
3778 2746 3813 2813 ὴ
3862 2745 4040 2812 εἰρήνη

2478 2833 2632 2904 ὑμῶν
2663 2835 2750 2888 ἐπ’
2772 2837 2966 2908 αὑτήν.
3006 2837 3131 2890 Ἐὰν
3156 2837 3215 2888 δὲ
3248 2836 3324 2906 μὴ
3349 2837 3432 2906 εἴη
3457 2835 3602 2901 ἀξία,
3625 2839 3659 2906 ἡ
3687 2835 3885 2906 εἰρήνη
3914 2834 4040 2903 πρὸς

2479 2926 2626 2995 ὑμᾶς
2647 2929 3142 2998 ὲπιστραφήσεται.
3176 2948 3195 2979 ι

2547 3019 2976 3091 Εὐπροσήγορον
3012 3022 3070 3073 ὲν
3101 3022 3220 3084 ταῖς
3253 3020 3581 3085 ὲντεύξεσιν,
3606 3019 3816 3088 γλυκὺν
3844 3020 3902 3071 ἐν
3931 3018 4040 3078 ταῖς

2477 3110 2740 3180 ὁμιλίαις.
2777 3112 2872 3182 Μὴ
2901 3113 3213 3183 νομίζωμεν
3255 3111 3412 3183 ψιλὸν
3445 3109 3585 3166 εἶναι
3615 3113 3710 3165 καὶ
3737 3111 3952 3171 εὐτελὲς
3984 3109 4041 3160 τὸ

2478 3202 2811 3274 κατόρθωμα
2839 3204 3018 3269 τοῦτο,
3056 3203 3306 3272 γίνεσθαι
3335 3205 3745 3277 εὐπροσήγορον
3777 3205 3873 3256 καὶ
3899 3201 4040 3271 φίλοι

2478 3296 2845 3366 προσήγορον.

2479 3436 2663 3491 ΤΙΤΛ.
2705 3436 2847 3505 Λςτ.
2876 3469 2946 3479 -
2979 3439 3117 3505 Περὶ
3148 3439 3608 3507 ἀπαηημὰτων,
3641 3439 3743 3492 καὶ
3786 3439 3904 3492 τῶν
3929 3438 4041 3492 ἀπὸ

2777 3507 2982 3562 κακῶν
3010 3514 3097 3576 εἰς
3125 3511 3281 3566 κακὰ
3303 3511 3740 3580 ἐμπιπτόντων.

2555 3638 2573 3671 ι
2605 3620 2972 3692 Πορεύσονται
3023 3623 3104 3685 είς
3168 3621 3550 3691 ταλαιπωρίας
3593 3621 3895 3690 Αἰγύπτου,
3953 3623 4040 3674 καὶ

2478 3711 2757 3777 ἐκδέξεται
2803 3712 3002 3774 αὐτοὺς
3053 3712 3306 3782 Μέμφις,
3357 3713 3451 3766 καὶ
3501 3712 3660 3782 θάψει
3701 3713 3900 3776 αὐτοὺς
3941 3712 4041 3765 311-

2477 3802 2644 3870 χμάς.
2678 3820 2697 3853 ο

2557 3913 2576 3946 ι
2615 3898 2710 3947 “Ov
2735 3895 2937 3964 τρόπον
2956 3895 3083 3950 ὅταν
3104 3895 3318 3966 ἐκφύγῃ
3342 3895 3627 3964 ἄνθρωπος
3664 3913 3728 3949 εκ
3759 3896 4040 3967 προσώπου

2479 3986 2714 4052 λέοντος,
2767 3988 2862 4040 καὶ
2895 3987 3112 4060 ἐμπέσῃ
3154 3987 3301 4058 αὐτῷ
3348 3989 3570 4058 ἄρκτος,
3601 3989 3694 4041 καὶ
3744 3989 4043 4058 εἰσπηδήσῃ

2479 4081 2560 4141 είς
2583 4079 2674 4131 τὸν
2703 4075 2849 4132 οἷκον
2883 4080 3069 4145 αὑτοῦ,
3096 4081 3190 4134 καὶ
3216 4081 3486 4153 ἀπερείσῃ
3528 4084 3715 4152 χεῖρας
3755 4081 3923 4135 αὑτοῦ
3969 4084 4042 4144 εἰς

2478 4171 2572 4224 τὸν
2599 4174 2797 4240 τοῖχον,
2834 4173 2928 4225 καὶ
2950 4173 3091 4244 δάκῃ
3125 4173 3286 4226 αὑτὸν
3312 4173 3456 4242 ὄφις.
3485 4191 3504 4225 ι

2553 4281 2573 4314 ι
2614 4264 2809 4316 Ἔσται
2838 4265 2866 4317 ὁ
2896 4264 3115 4334 φεύγων
3144 4264 3233 4318 τὸν
3264 4265 3450 4334 φόϐον,
3489 4266 3814 4334 ἐμπεσεῖται
3848 4267 3930 4329 εἰς
3959 4267 4043 4318 τὸν

2481 4353 2734 4425 βόθυνονο
2764 4355 2859 4408 καὶ
2893 4355 2922 4406 ὁ
2949 4355 3220 4408 ἐκϐαίνων
3265 4357 3328 4408 ὲκ
3356 4355 3451 4408 τοῦ
3487 4355 3734 4426 βοθύνου,
3767 4357 4040 4427 ἀναλωθή-

2481 4463 2636 4498 σεται
2662 4445 2885 4516 ὑπὸτῆς
2924 4446 3176 4514 παγίδος.
3215 4465 3234 4498 ι

2409 4577 2454 4632 D
2479 4578 2658 4636 TITA.
2721 4579 2844 4634 AZ'.
2901 4609 2973 4620 —
3020 4580 3160 4648 Περὶ
3209 4581 3678 4651 ἀπραγμοσύνης
3738 4583 3839 4636 καὶ
3895 4584 4039 4652 ἠσυ-

3187 4667 3346 4720 χίας.

2557 4779 2577 4812 ι
2620 4761 2998 4833 Ἐνδοξάσθητι
3025 4762 3336 4833 καθήμενος
3370 4763 3429 4815 ἐν
3457 4780 3535 4834 τῳ
3563 4763 3696 4838 οἴκῳ
3732 4780 3852 4818 σου.
3884 4783 3906 4817 ι

2560 4959 2578 4991 ι
2621 4940 2972 5009 Ἠσυχάσεις,
3002 4940 3098 4992 καὶ
3123 4939 3223 4993 οὐκ
3257 4940 3409 4993 ἔσται
3438 4942 3468 4993 ὁ
3494 4939 3748 5009 πολεμῶν
3780 4956 3861 4992 σε.
3905 4959 3923 4990 ι

2555 5143 2573 5175 ι
2609 5124 2682 5176 Σὺ
2709 5163 2724 5187 ,
2759 5123 2962 5195 Κύριε,
3018 5126 3335 5194 καταμόνας
3383 5123 3470 5178 ἐπ’
3499 5124 3672 5178 ἐλπίδι
3721 5124 4040 5194 κατῴκησάς

2524 5235 2633 5272 ε.»

2524 5235 2571 5272 ε.
2615 5237 2633 5267 ι

2479 5235 2519 5288 μ
2557 5325 2577 5359 ι
2615 5307 2947 5376 Καταμόνας
2982 5308 3096 5376 εἰμὶ
3130 5305 3260 5376 ἐγὼ,
3285 5306 3389 5369 ’έως
3415 5300 3476 5361 οὗ
3507 5306 3778 5379 παρέλθω.
3812 5326 3832 5358 ι

2558 5496 2576 5528 ι
2603 5476 2766 5548 ’Ᾱνὴρ
2809 5477 3071 5547 φρόνιμος
3101 5476 3331 5546 ἡσυχίαν
3360 5478 3500 5543 ἄγει.
3529 5497 3547 5529 ι

2561 5593 2578 5624 ι
2610 5571 2833 5640 Ἀγαθοὶ
2869 5573 3201 5641 ἡσυχάζουσι
3231 5570 3318 5623 διὰ
3351 5571 3567 5634 παντός.
3595 5591 3612 5623 ι

2559 5687 2576 5715 ι
2621 5667 2745 5718 Ἐπὶ
2774 5666 2891 5717 τίνα
2927 5663 3225 5732 ἐπιϐιέψω,
3255 5663 3368 5716 ἀλλ’
3396 5663 3429 5732 ἢ
3480 5663 3571 5716 ἐπὶ
3599 5675 3692 5715 τον
3728 5667 3922 5733 πρᾶον,
3951 5662 4040 5718 καὶ

2481 5758 2724 5828 ἡσύχιον,
2768 5758 2858 5808 καὶ
2889 5756 3161 5825 τρέμοντά
3199 5773 3298 5808 usu
3333 5756 3454 5817 τοὺς
3479 5754 3704 5820 λόγονςς
3743 5775 3758 5804 ι
