4210 6448
252 438 387 503 1245

1516 438 1750 497 SACRA
1794 433 2247 494 PARALLELA.

3342 425 3477 487 1246

324 569 342 600 ι
378 549 468 618 Μὴ
501 546 864 618 ἐκπορεύεσθε
889 549 966 609 εἰς
996 548 1186 617 ἀγρὸν,
1215 546 1308 598 καὶ
1334 547 1392 598 ἐν
1418 548 1534 608 ταῖς
1560 546 1699 607 ὁδοῖς
1734 544 1809 614 μὴ
1838 550 1882 603 Α
1980 574 1986 590 ‹

1838 550 1882 603 Α
1980 538 2177 593 Jerem.
2212 555 2288 603 νι,
2317 537 2405 591 25.
2436 568 2501 577 --
2544 575 2558 587 .
2585 535 2771 591 'n'olite
2803 549 2954 589 extre
2991 548 3047 587 ιιι
3091 546 3306 601 agrum,
3337 543 3392 585 et
3424 536 3475 585 in

245 638 510 709 βαδίζετε,
537 639 619 691 ὅτι
649 638 893 708 ῥομφαία
917 637 1027 690 τῶν
1058 637 1266 708 ἐχθρῶν
1299 639 1555 707 παροικεῖ
1584 635 1797 689 κύκλω-

242 732 357 785 θεν.
391 750 410 781 ι

319 840 338 872 ι
380 820 610 890 Ἀγαθὸν
639 820 813 890 ἀνδρὶ,
849 821 978 872 ὅταν
1014 822 1124 893 ἄρῃ
1156 820 1247 872 τὸν
1279 818 1443 885 ζυγὸν
1472 818 1532 869 ἐν
1566 816 1796 885 νεότητι.

1904 629 2010 685 viis
2041 645 2110 683 ne
2137 628 2454 693 ambuletis,
2489 629 2619 697 quia
2666 626 2883 697 gladius
2912 624 3152 680 hostium
3183 624 3394 677 habitat
3422 625 3477 676 in

1900 720 2157 773 circuitu.
2203 736 2222 769 ι

1975 812 2171 865 Thrcn.
2206 826 2293 875 ιιι,
2340 810 2432 872 27,
2465 809 2558 864 28.
2592 836 2662 848 -
2710 827 2728 859 ι
2766 805 2980 859 Bonum
3040 813 3125 859 est
3170 805 3291 859 viro
3346 819 3473 858 cum

238 909 565 981 Καθήμενος
608 910 940 980 καταμόνας,
994 911 1087 963 καὶ
1122 912 1491 979 σιωπήσεται,
1539 908 1621 959 ὅτι
1664 902 1799 977 ἦρεν

1900 903 2200 973 portaverit
2251 900 2442 969 jugum
2500 904 2661 952 suum
2710 898 2763 952 in
2819 896 3221 952 adolescentia.
3266 894 3474 949 Sedens

238 1002 326 1069 ἐφ’
353 1002 553 1072 ἐαυτῷ.
581 1021 601 1053 ι

316 1109 334 1141 ι
362 1090 717 1163 Ἀναστρέψει
746 1089 965 1157 Ἰακὼϐ,
989 1091 1083 1144 καὶ
1111 1089 1397 1160 ὴσυχάσει,
1432 1089 1526 1141 καὶ
1560 1086 1797 1141 ὑπνώσει

1900 994 2185 1048 solitarius
2221 1001 2275 1047 et
2301 992 2527 1055 tacebit,
2554 992 2684 1059 quia
2721 990 2924 1045 levavit
2960 1002 3129 1057 super
3157 988 3421 1050 seipsum.
3449 1005 3468 1037 ι

1968 1084 2166 1138 Jerem.
2215 1100 2343 1147 xxx,
2369 1083 2423 1139 7.
2458 1114 2526 1123 —
2560 1102 2577 1133 ι
2618 1080 2941 1135 Rei-artetur
2975 1078 3181 1140 Jacob,
3228 1087 3282 1130 et
3319 1077 3473 1144 quie-

236 1182 317 1243 είς
343 1182 404 1234 τὸ
434 1184 698 1253 σωτήριον
726 1182 953 1252 Κυρίου,
978 1183 1074 1236 καὶ
1097 1183 1197 1235 οὐκ
1219 1182 1371 1233 ἔσται
1391 1183 1419 1232 ὁ
1448 1178 1797 1249 παρενοχλῶν

1899 1185 2041 1238 scet,
2073 1184 2129 1230 et
2151 1176 2387 1230 dormiet
2412 1175 2467 1229 in
2498 1173 2730 1227 salutari
2761 1172 2997 1233 Domini,
3029 1180 3083 1224 et
3110 1186 3220 1224 non
3252 1169 3469 1237 eritqui

234 1272 420 1326 αὐτόν.
460 1292 480 1324 ι

313 1379 331 1409 ι
371 1362 590 1433 Μάρθα,
626 1362 845 1434 Μάρθα,
877 1366 1168 1435 μεριμνᾷς,
1206 1365 1300 1417 καὶ
1338 1362 1635 1433 τυρϐάζιις
1664 1362 1794 1449 περὶ

231 1452 424 1510 πολλά.
472 1473 490 1505 ι

308 1560 327 1593 ι
363 1544 797 1616 Παρακαλοῦμεν
832 1548 997 1616 ὑμᾶς,
1054 1547 1271 1615 ἀδελφοί
1312 1566 1434 1619 μου,
1470 1546 1786 1618 ἡσυχάζειν,

230 1633 325 1682 καὶ
360 1635 624 1702 πράσσειν
667 1636 735 1689 τὰ
774 1635 901 1698 ίδια,
956 1637 1050 1689 καὶ
1080 1636 1407 1705 ἐργάζεσθαι
1442 1639 1561 1699 ταῖς
1598 1637 1787 1707 χερσὶν

228 1740 407 1788 υμιυν.
444 1743 463 1775 ι

302 1812 375 1863 Τὸ
412 1814 812 1885 ἀπεσχισμένον
866 1817 958 1868 καὶ
999 1815 1221 1879 ἰδιάζον,
1270 1816 1365 1869 τοῦ
1432 1815 1782 1878 κοινωνικοῦ,

225 1902 320 1952 καὶ
359 1904 636 1973 ἡνωμένου
664 1908 775 1969 τοῖς
804 1906 1016 1968 πολλοῖς
1046 1906 1473 1977 προτιμώτερον.

311 2100 513 2171 Δφάτῳ
552 2102 730 2155 τοίνυν
770 2103 997 2170 δυνάμει
1046 2106 1501 2176 φαντασιούμενοι
1533 2106 1622 2159 τὸν
1660 2107 1784 2159 νοῦν

221 2192 275 2241 oi
304 2193 706 2261 ἀπερίσπαστον
745 2194 909 2249 αὑτὸν
941 2197 1035 2248 καὶ
1056 2196 1296 2267 καθαρὸν
1339 2199 1573 2267 ἔχοντες,
1620 2199 1782 2251 οἱονεὶ

223 2280 539 2351 ἡνιοχοῦντα
570 2284 765 2347 αὐτοὺς
807 2285 990 2355 ἔχουσι
1038 2288 1130 2341 τὸν
1175 2287 1330 2356 λόγον
1382 2289 1477 2343 τοῦ
1526 2290 1681 2344 Θεοῦ.
1713 2321 1780 2331 --

228 2377 485 2447 Ἡσυχία,
528 2378 851 2450 καθάρσεως
875 2383 1017 2452 ἀρχὴ
1063 2385 1129 2453 τῇ
1160 2382 1326 2453 ψυχῇ,
1370 2386 1462 2437 καὶ
1494 2384 1680 2452 ὥσπερ
1711 2384 1779 2437 τὰ

216 2467 384 2539 θηρία
423 2470 866 2539 εὐκαταγώνιστά
925 2475 1040 2525 ἐστι
1098 2475 1548 2545 καταψηχθέντα,
1605 2474 1777 2538 οὕτως

217 2561 523 2631 ἐπιθυμίαι,
551 2565 643 2616 καὶ
670 2565 856 2635 ὀργαὶ,
884 2567 977 2617 καὶ⁹
998 2565 1186 2631 λύπαι,
1206 2568 1301 2621 καὶ
1324 2567 1477 2636 φόϐοι
1498 2567 1565 2619 τὰ
1597 2568 1777 2619 ίοϐόλα

217 2653 316 2722 τῆς
349 2654 528 2725 ψυχῆς
561 2656 728 2722 κακά,
779 2659 1215 2713 κατευνασθέντα
1251 2660 1341 2714 διὰ
1391 2662 1491 2730 τῆς
1520 2661 1770 2730 ἡσυχίας,

215 2748 313 2799 καὶ
336 2754 409 2818 μὴ
430 2750 823 2819 ἀγριαινόμενα
855 2750 932 2821 τῷ
958 2756 1175 2822 συνεχεί
1211 2753 1507 2824 ἐρεθισμῷ,
1538 2753 1767 2805 εὐκατα-

219 2842 583 2912 γωνιστότερα
616 2845 681 2913 τῇ
715 2843 942 2913 δυνάμει
969 2843 1064 2896 τοῦ
1104 2844 1262 2912 λόγου
1294 2845 1523 2913 γίνεται.
1547 2875 1617 2883 -
1643 2844 1771 2897 Ἐπὶ

209 2930 305 2980 τὸν
337 2931 537 3000 κόσμον
564 2931 640 3001 μὴ
682 2932 1051 3003 διαχεόμενος,
1084 2935 1330 2988 ἐπάνεισι
1359 2936 1457 3005 μὲν
1486 2936 1620 3005 πρὸς
1644 2936 1773 2987 ἑαυ-

208 3020 326 3080 τὸν,
359 3020 425 3073 δι’
454 3021 647 3074 ἑαυτοῦ
676 3022 733 3075 δὲ
771 3023 909 3094 πρὸς
937 3024 1036 3091 τὴν
1059 3025 1187 3096 περὶ
1226 3024 1359 3077 Θεοῦ
1396 3024 1603 3079 ἔννοιαν
1638 3026 1770 3078 ἀνα-

206 3111 411 3175 ϐαίνει,
447 3115 582 3183 μήτε
606 3114 740 3184 πρὸς
760 3115 968 3185 τροφῆς
998 3117 1275 3186 φροντίδα,
1298 3118 1433 3188 μήτε
1451 3117 1587 3187 πρὸς
1616 3134 1769 3187 περι-

206 3203 440 3256 ϐολαίων
484 3206 755 3275 μέριμναν
802 3207 903 3275 τὴν
944 3208 1121 3277 ψυχὴν
1170 3207 1600 3277 καθελκόμενος’
1631 3208 1767 3261 ἀλλά

205 3293 407 3364 σχολὴν
434 3296 540 3348 ἀπὸ
562 3295 671 3349 τῶν
697 3297 903 3365 γηΐνων
935 3299 1228 3367 φροντίδων
1263 3301 1433 3368 άγων,
1462 3302 1561 3371 τὴν
1586 3302 1767 3354 πᾶσαν

206 3385 403 3438 ἐαυτοῦ
436 3386 671 3459 σπουδὴν
691 3388 785 3441 ἐπὶ
804 3387 903 3459 τὴν
934 3390 1127 3459 κτῆσιν
1153 3391 1261 3443 τῶν
1290 3393 1523 3445 αίωνίων
1546 3392 1767 3461 ἀγαθῶν

205 3478 556 3549 μετατίθησι.

274 3594 397 3663 Χρη
415 3610 467 3647 τι
490 3594 586 3647 καὶ
601 3593 921 3664 ἡσυχάζειν,
947 3594 1086 3648 ῶστε
1109 3597 1389 3660 ἀθολὼτως
1418 3598 1765 3668 προσομιλεῖν

199 3683 281 3751 τῷ
320 3683 460 3753 Θεῷ,
492 3685 585 3737 καὶ
623 3686 818 3756 μικρὸν
852 3686 1154 3751 ἀπανάγειν
1195 3687 1285 3739 τὸν
1334 3687 1457 3740 νοῦν
1506 3688 1614 3740 ἀπὸ
1655 3689 1764 3741 τῶν

200 3776 593 3844 πλανωμένων.

280 3976 347 4029 Ἥ
376 3978 689 4045 ἀπράγμων
724 3978 945 4045 ἡσυχία,
995 3982 1093 4048 τῆς
1138 3981 1195 4031 ἐν
1245 3981 1563 4049 πράγμασιν
1609 3998 1761 4052 περι-

197 4067 432 4136 φανείας
470 4066 789 4137 τιμιωτέρα.

268 4160 404 4211 Τότε
450 4159 683 4228 μάλιστα
736 4160 1034 4215 ἐπιτίθεται
1086 4165 1114 4216 ὁ
1163 4163 1437 4227 διάϐολος,
1502 4165 1629 4217 ὅταν
1677 4165 1760 4237 ἴδῃ

198 4251 624 4319 μεμονωμένους
679 4253 859 4322 ἡμᾶς,
905 4254 1000 4306 καὶ
1042 4254 1165 4307 καθ’
1209 4257 1435 4319 ἑαυτοὺς
1481 4257 1659 4321 ὄντας.
1690 4288 1759 4299 ——

207 4340 465 4409 Ἀρμόζει
496 4340 575 4410 τῷ
600 4344 872 4412 ἐγκρατεῖ,
908 4346 1000 4397 καὶ
1027 4348 1151 4408 τοὺς
1178 4346 1365 4416 ὄχλους
1399 4348 1642 4416 φεύγειν,
1672 4350 1757 4403 ἵνα

191 4433 291 4484 τὸν
326 4431 448 4484 νοῦν
480 4434 886 4503 ἀπερίσπαστον
916 4437 1032 4507 ἔχῃ,
1076 4440 1169 4491 καὶ
1218 4439 1313 4509 τὴν
1362 4440 1588 4511 καρδίαν
1622 4443 1754 4496 ἀτά-

193 4538 384 4591 ραχον.
413 4522 587 4592 Πολλὴ
615 4523 720 4593 γὰρ
758 4525 815 4575 ἐν
848 4527 960 4588 τοῖς
992 4526 1221 4597 δχλοιςή
1252 4531 1488 4599 ταραχή.

269 4698 457 4764 Μέγας
486 4699 745 4767 συνεργὸς
786 4699 923 4768 πρὸς
951 4700 1261 4771 τελειότητα
1312 4703 1420 4757 τῶν
1449 4705 1751 4775 ἀνθρώπων

189 4789 342 4839 ἐστὶν
368 4790 401 4856 ἡ
431 4789 796 4858 ἀναχώρησις.

265 4881 521 4949 Μεγάλην
552 4882 632 4943 είς
660 4882 858 4948 γνῶσιν
883 4884 1055 4953 ῥοπὴν
1088 4886 1495 4956 ἀπερισπαστος
1524 4897 1751 4961 παρέχει

189 4990 538 5042 προαιρεσις.

264 5166 372 5217 θην
400 5165 619 5216 αμεινον
649 5152 741 5202 ἐπὶ
776 5152 1020 5216 στιϐάδος
1058 5159 1473 5229 κατακείμενον,
1504 5164 1591 5216 καὶ
1618 5163 1750 5236 θαρ-

190 5243 330 5323 ῥεῖν,
358 5239 391 5307 ἢ
417 5241 779 5309 ταράττεσθαι
811 5246 1019 5315 χρυσῆν
1048 5246 1240 5315 ἔχοντα
1272 5250 1479 5322 κλίνην.

263 5413 387 5476 Βίος
437 5415 655 5486 ἡσύχιος
722 5420 1021 5490 χρημάτων
1080 5423 1291 5478 πολλῶν
1334 5431 1742 5498 περιφανέστε-

190 5524 303 5576 ρεςο

269 5598 330 5651 ὐ
365 5599 526 5669 σοφὸς
554 5600 810 5669 ἠρεμίαν,
838 5605 931 5657 καὶ
958 5607 1405 5681 ἀπραγμοσύνην,
1433 5615 1524 5666 καὶ
1548 5617 1739 5688 σχολὴν

260 5780 285 5857 ξ
316 5774 374 5857 In
407 5771 543 5857 Βλιιι.
576 5774 1043 5857 Ιιιιξιιε-εεξιιῑοιιιίευ
1074 5783 1355 5855 inscriptio
1388 5793 1504 5857 cstﬁ
1532 5792 1621 5844 τοῦ
1660 5793 1820 5847 αὐτοῦ

186 5844 396 5900 tribuit.
432 5845 711 5905 raw-{opim
741 5847 977 5917 N33671:.

1895 1269 2161 1323 molestus
2194 1270 2265 1321 sit
2300 1269 2371 1321 ei.
2413 1287 2431 1318 ι

1965 1361 2097 1415 Luc.
2141 1378 2195 1424 ι,
2233 1360 2319 1413 41.
2352 1391 2422 1403 -
2444 1380 2461 1410 ι
2503 1359 2737 1419 Martha,
2772 1354 3006 1417 Martha,
3040 1354 3276 1408 sollicita
3304 1368 3383 1415 es,
3415 1358 3468 1405 et

1892 1454 2138 1508 turbaris
2175 1468 2301 1522 erga
2333 1454 2591 1522 plurima.
2626 1470 2644 1501 ι

1960 1546 1985 1597 l
2019 1545 2201 1600 Thess.
2236 1562 2308 1605 ιν,
2340 1545 2426 1598 11.
2461 1574 2530 1584 -
2565 1561 2583 1593 ι
2616 1542 2896 1608 Rogamus
2956 1556 3077 1601 vos,
3139 1539 3362 1595 fratres.
3407 1544 3468 1589 ut

1888 1637 2061 1705 quieti
2092 1639 2233 1698 sitis,
2260 1644 2315 1691 et
2353 1644 2413 1690 ut
2446 1636 2727 1703 negotium
2763 1642 3005 1686 vestrum
3038 1632 3232 1701 agatis,
3264 1641 3315 1684 et
3338 1645 3453 1698 ope

1887 1726 2080 1781 remini
2110 1728 2366 1781 manibus
2399 1728 2613 1780 vestris.
2658 1743 2677 1775 ι

1957 1817 2169 1871 Basilii.
2198 1848 2267 1857 -—-
2302 1816 2420 1869 Vita
2460 1814 2708 1869 solitaria
2736 1825 2789 1867 et
2820 1813 3055 1882 privata,
3085 1812 3135 1865 ei
3166 1824 3289 1879 qua:
3318 1823 3466 1863 com-

1820 1890 1861 1943 Β
1890 1908 2071 1961 munis
2094 1917 2199 1972 est,
2228 1914 2281 1961 et
2304 1906 2569 1961 societate
2602 1904 2826 1975 gaudet,
2856 1918 2885 1954 a
2918 1902 3199 1972 plerisque
3236 1908 3464 1966 antepo-

1886 1998 2058 2051 nitur.

1956 2110 2231 2181 Ejusdem.
2268 2143 2337 2153 —
2358 2110 2441 2165 llli
2473 2110 2641 2179 igitur
2662 2108 2755 2179 qui
2789 2109 2843 2162 vi
2868 2108 3103 2178 quadam
3146 2106 3458 2175 inexlilica-

1883 2201 1977 2255 bili
2011 2212 2248 2255 mentem
2273 2217 2429 2257 suam
2463 2203 2845 2264 informantes,
2875 2201 3042 2253 nullis
3066 2212 3185 2252 eam
3223 2199 3459 2266 negotiis

1880 2290 2198 2345 distractam
2236 2300 2289 2345 et
2310 2305 2505 2359 puram
2533 2289 2755 2351 habent,
2782 2290 2853 2342 ita
2879 2288 3183 2358 comparati
3221 2295 3369 2346 sunt.
3397 2298 3457 2339 ut

1881 2382 1969 2437 llei
2028 2399 2209 2438 sermo
2250 2386 2423 2437 instar
2480 2382 2762 2452 quadrigae
2842 2382 2994 2451 ipso:
3071 2380 3450 2433 morderetur.

1874 2472 2200 2528 --Solitudo
2220 2482 2271 2529 et
2290 2476 2444 2544 quies
2464 2475 2756 2543 puritatem
2778 2474 2971 2527 animae
2988 2472 3230 2527 inchoat.
3250 2471 3457 2536 Quem-

1878 2565 2171 2622 admodum
2208 2569 2357 2621 enim
2410 2566 2541 2620 ferae
2574 2566 2773 2619 blanda
2809 2564 3250 2619 contrectatione
3299 2564 3451 2617 cicu-

1874 2669 2099 2723 rantur;
2130 2661 2211 2714 sic
2241 2661 2403 2713 etiam
2434 2659 2792 2727 cupiditates,
2822 2659 2935 2718 iraa,
2963 2671 3251 2718 maerores,
3287 2656 3451 2708 timo-

1872 2765 1993 2817 res,
2043 2750 2304 2821 pestifera
2367 2750 2535 2803 animi
2593 2744 2756 2811 mala,
2799 2749 3099 2804 solitudine
3138 2748 3449 2816 consopita,

1872 2857 1974 2896 nec
2008 2842 2251 2897 assiduis
2303 2841 2665 2896 irritamentis
2714 2840 2961 2901 eﬂerata,
3011 2839 3231 2893 facilius
3260 2850 3449 2906 postea

1871 2936 1921 3003 \i
1954 2936 2184 2989 rationis
2224 2944 2575 3003 superantur.
2609 2964 2678 2973 —-
2704 2933 2805 2999 Qui
2830 2934 2885 2986 in
2927 2932 3191 2985 mundum
3220 2932 3449 2984 minime

1868 3025 2075 3081 effusus
2104 3036 2211 3085 est.
2252 3025 2306 3079 in
2343 3040 2403 3080 se
2438 3025 2657 3094 quidem
2692 3025 2852 3087 redit,
2878 3040 2972 3093 per
3006 3040 3064 3078 se
3096 3037 3227 3076 vero
3258 3037 3447 3076 assur-

1868 3116 1966 3187 git,
1999 3128 2057 3171 ut
2090 3116 2257 3171 Deum
2291 3118 2518 3185 cogitet.
2549 3115 2804 3185 Tumque
2843 3130 2942 3169 nec
2976 3115 3043 3168 ad
3076 3116 3184 3169 cibi
3226 3129 3443 3176 curam,

1872 3222 1972 3261 nec
2009 3214 2067 3259 ut
2090 3207 2156 3259 de
2191 3207 2533 3260 vestimentis
2563 3207 2835 3261 sollicitus
2866 3208 2958 3269 sit,
2996 3205 3242 3259 animum
3274 3214 3445 3259 retor-

1870 3306 2030 3368 quet;
2058 3298 2151 3352 Sed
2182 3299 2251 3351 ab
2278 3300 2538 3354 omnibus
2569 3306 2805 3352 terrenis
2840 3300 2992 3353 curis
3021 3297 3271 3361 feriatus,
3318 3309 3442 3351 stn-

1868 3388 2016 3442 dium
2038 3404 2199 3442 omne
2230 3404 2387 3442 suum
2414 3390 2481 3444 ad
2516 3399 2850 3443 aeternorum
2885 3390 3154 3443 bonorum
3190 3389 3442 3458 adoptio‘

1868 3498 1988 3536 nem
2026 3480 2310 3536 transfert.

1938 3592 1994 3647 S.
2026 3593 2180 3663 Greg.
2206 3591 2475 3646 Nazianz.
2512 3591 2669 3647 Orat.
2701 3593 2764 3646 de
2783 3595 2971 3661 seipso.
2992 3619 3059 3630 —
3078 3591 3437 3646 Solitudinem

1864 3680 2119 3734 nonnihil
2150 3680 2407 3747 amplecti
2452 3687 2707 3746 oportet,
2758 3687 2815 3729 ut
2850 3679 3034 3731 animo
3066 3678 3289 3731 minime
3324 3685 3438 3730 tur-

1864 3770 1991 3825 bido
2023 3769 2191 3825 Deum
2242 3770 2592 3839 alloquamur
2666 3778 2721 3823 et
2759 3775 2995 3822 mentem
3029 3783 3057 3821 a
3083 3769 3246 3823 rebus
3285 3770 3435 3838 vagis

1864 3863 2208 3915 reducamus.

1937 3990 2129 4043 iajusa.
2157 3976 2307 4042 epist.
2363 3972 2429 4027 76
2456 3982 2578 4025 '.—
2612 3971 2859 4026 Solitndo
2898 3986 2928 4024 a
2967 3971 3203 4040 negotiis
3239 3970 3432 4033 libera,

1863 4068 2154 4137 splendore
2186 4082 2310 4120 cum
2346 4066 2584 4136 negotiis
2616 4064 2917 4132 conjuncto
2942 4065 3296 4133 praestantior
3324 4075 3431 4119 est.

1930 4158 2206 4229 Chrysost.
2244 4157 2402 4210 Ilom.
2450 4158 2517 4211 M
2569 4159 2623 4210 in
2678 4155 2870 4209 Matth.
2907 4188 2974 4197 —
3006 4154 3145 4209 Tum
3198 4158 3431 4211 maxime

1859 4248 2112 4302 diabolus
2150 4248 2376 4316 ingruit,
2400 4262 2524 4300 cum
2558 4262 2661 4300 nos
2692 4247 2842 4301 solos
2865 4287 2881 4311 ,
2914 4254 2967 4299 et
2997 4247 3170 4301 nostri
3205 4262 3416 4316 compo-

1860 4348 1941 4393 tes
1970 4338 2137 4394 videt.
2166 4369 2236 4379 -—
2261 4338 2321 4391 Ei
2353 4339 2446 4407 qui
2486 4339 2847 4392 continentia:
2900 4338 3105 4401 studet,
3148 4340 3426 4403 convenit,

1858 4438 1993 4485 utet
2032 4430 2227 4484 turbas
2261 4444 2480 4498 quoque
2525 4428 2719 4498 fugiat,
2760 4437 2821 4482 ut
2866 4439 3103 4483 mentem
3164 4443 3193 4480 a
3224 4430 3398 4483 distra

1857 4520 2038 4575 ctione
2069 4519 2320 4580 liberam,
2350 4525 2404 4571 et
2429 4532 2526 4571 cor
2562 4517 3018 4587 imperturbatum
3062 4516 3283 4574 habeat.
3317 4517 3422 4570 Ma-

1782 4608 1825 4664 υ
1854 4628 1960 4683 gna
1990 4612 2195 4681 quippe
2233 4612 2527 4665 commotio
2550 4620 2628 4664 est
2657 4612 2801 4665 inter
2828 4611 3020 4664 turbas
3049 4610 3352 4664 hominum.

1923 4704 2107 4769 Serap.
2132 4702 2299 4756 —Ad
2330 4702 2725 4773 perfectionem
2769 4701 3183 4771 adipiscendam
3218 4703 3417 4771 ingenti

1852 4796 2096 4853 subsidio
2124 4810 2375 4849 secessus
2410 4800 2515 4849 est.

1921 4887 2090 4943 Clem.
2118 4888 2209 4941 lib.
2247 4903 2283 4940 ιι
2308 4886 2507 4941 Strom.
2536 4915 2605 4925 —-
2637 4884 2717 4939 Ad
2746 4885 3191 4953 consequendam
3220 4886 3396 4941 doctri

1856 4996 1977 5033 nam
2008 4980 2303 5048 plurimum
2347 4977 2562 5033 confert
2604 4978 2821 5030 animus
2868 4992 2897 5029 a
2937 4977 3292 5033 distractione
3321 4980 3411 5031 im-

1854 5072 2055 5126 munis.

1923 5163 2160 5232 Evagrii.
2186 5194 2253 5204 —
2282 5160 2512 5215 Praestat
2559 5162 2611 5213 in
2647 5168 2831 5213 storea
2882 5160 3196 5214 recubando
3255 5162 3414 5215 vitam

1850 5270 2029 5325 agere,
2062 5270 2124 5307 ac
2159 5254 2345 5309 ﬁdenti
2380 5268 2501 5307 esse
2524 5250 2731 5315 animo,
2774 5265 2936 5320 quam
2976 5252 3031 5304 in
3064 5251 3204 5305 lecto
3249 5267 3418 5307 aureo

1848 5348 2170 5416 perturbari.

1916 5438 2083 5507 376
2116 5437 2253 5492 Nili.
2285 5466 2353 5477 --
2378 5434 2502 5488 Vita
2539 5434 2784 5488 solitaria
2811 5444 2864 5488 et
2901 5435 3083 5504 quieta
3115 5434 3304 5491 multis
3332 5447 3410 5491 est

1848 5531 2046 5599 opibus
2070 5530 2406 5598 splendidior

1918 5620 2181 5679 Philonis.
2204 5652 2273 5664 —-
2298 5621 2529 5691 Sapiens
2568 5620 3045 5689 tranquillitatem,
3080 5622 3313 5690 quietem
3357 5630 3407 5672 «ιι

1830 5836 1844 5857 ,
1874 5795 1933 5846 ἐκ
1965 5796 2061 5864 τῆς
2114 5797 2177 5861 23'
2227 5800 2533 5870 ἐπιστολῆς.
2603 5795 2817 5853 Melissa
2862 5796 3115 5857 Crmorio
3165 5795 3405 5868 Nyssma
