4210 6448
179 437 313 502 1249

1406 426 1639 486 SACRA
1674 420 2102 484 PARALLELA
2117 472 2129 484 .

3265 416 3399 478 1250

177 568 299 619 τητι
330 546 423 599 τοῦ
453 544 620 598 Σαοὺλ
640 542 729 594 ἐπὶ
754 539 845 607 τοῦ
870 539 1105 606 Ἀγαγου
1131 537 1197 607 ἣν
1221 533 1367 603 παρὰ
1399 535 1461 587 τὸ
1493 534 1583 588 τού
1616 534 1729 586 Κυ-

1783 539 1807 593 ι
1835 548 1998 602 quam
2028 531 2296 601 ejusmodi
2326 529 2644 585 hominibus
2668 525 2949 589 habueris,
2973 525 3156 578 stulta:
3178 524 3256 578 illi
3286 527 3399 578 cle-

179 642 297 711 ρίου
328 636 749 706 διατεταγμένον
776 630 925 702 αὑτῷ
956 630 1322 684 ἐπεδείκνυτο.

489 834 677 889 TlTA.~
700 830 825 886 AB’.
861 859 927 871 -—-
953 828 1089 897 Περὶ
1114 826 1415 897 ἁτγαρὶας.

256 970 275 1002 ι
325 947 595 1002 Ἀδύνατοι
620 944 942 1015 ἀμπελῶνας
987 940 1200 997 ἀσεϐῶν
1233 941 1408 993 ἀσιτεῖ
1434 938 1525 992 καὶ
1550 936 1740 1008 ἀμισθὶ

182 1043 526 1115 εἰργάσαντο.
569 1058 588 1090 ι

258 1153 277 1184 ι
318 1132 502 1193 Ὅστις
525 1146 584 1182 σε
615 1126 944 1197 ἀγγαρεύσει
974 1123 1144 1191 μίλιον
1179 1121 1259 1184 ἐν,
1285 1119 1459 1187 ὕπαγε
1493 1118 1608 1188 μετ’
1647 1116 1744 1169 αύ-

182 1221 276 1276 τοῦ
310 1222 419 1275 δύο.
462 1239 480 1271 ι

259 1335 277 1367 ι
324 1316 383 1367 '0
410 1309 705 1380 οἰκοδομῶν
725 1308 815 1361 τὸν
838 1303 983 1360 οἶκον
1008 1304 1170 1358 αὑτοῦ
1198 1303 1259 1356 ού
1292 1300 1428 1372 μετά
1471 1299 1742 1354 οικαιοσύ-

184 1422 303 1473 νης,
330 1405 426 1457 καὶ
457 1404 523 1456 τὰ
544 1400 766 1469 ὑπερῷα
793 1397 954 1451 αὐτοῦ
977 1398 1075 1450 ούκ
1103 1397 1160 1448 ἐν
1192 1394 1450 1463 κρίματι,
1494 1391 1642 1461 παρά
1662 1389 1739 1460 τῷ

185 1497 409 1566 πλησίον
444 1495 608 1549 αὑτοῦ
649 1493 872 1564 ἐργᾶται
913 1488 1143 1560 δωρεάν,
1178 1488 1273 1541 καὶ
1308 1487 1397 1540 τὸν
1423 1484 1610 1555 μισθὸν
1639 1486 1739 1537 αύ-

181 1589 277 1643 τοῦ
303 1590 364 1642 ού
391 1589 465 1659 μὴ
485 1584 668 1656 ἀποδῷ
692 1584 857 1654 αύτῷ.
890 1603 907 1635 ι

261 1701 281 1732 ι
320 1680 451 1733 Ἰδοὺ
479 1681 506 1731 ό
535 1677 722 1749 μισθὸς
752 1677 861 1731 τῶν
881 1673 1126 1747 ἐργατῶν
1158 1690 1264 1725 των
1288 1670 1614 1740 αμησάντων
1645 1668 1744 1731 τὰς

1839 624 2059 678 mentite
2088 624 2284 678 similis
2312 632 2419 684 est,
2449 638 2555 691 qua
2587 620 2720 675 Saul
2764 628 2960 674 contra
2994 632 3157 686 quam
3187 618 3235 671 ei
3267 632 3401 686 pra:-

1837 724 2055 785 ceptum
2093 730 2121 768 a
2163 712 2391 766 Domino
2422 712 2618 779 fuerat,
2647 726 2774 781 erga
2807 713 2957 781 Agag
2997 726 3133 765 usus
3161 719 3264 765 est.

1977 824 2111 879 TIT.
2143 823 2382 879 XXXIX.
2414 854 2480 864 -
2504 824 2575 878 De
2602 825 2823 894 auguria
2840 840 2928 878 seu
2951 822 3252 876 adactioue.

1907 936 2009 991 Job
2039 953 2184 1005 xxiv,
2221 936 2277 991 6.
2321 967 2391 979 -—
2446 956 2463 988 ‹
2501 936 2808 991 lmbecilles
2854 934 3148 1005 impiorum
3207 936 3402 987 vineas

1840 1034 1958 1089 sine
2006 1034 2135 1089 cibo
2164 1042 2219 1088 et
2245 1033 2497 1089 mercede
2522 1032 2832 1085 coluerunt.
2866 1050 2885 1083 ι

1911 1123 2109 1177 Matth.
2141 1140 2194 1186 ν,
2221 1124 2308 1177 Η.
2339 1153 2409 1165 -
2443 1141 2463 1173 ι
2504 1122 2562 1175 Si
2601 1122 2729 1190 quis
2776 1121 3145 1190 angariaverit
3175 1130 3229 1175 te
3256 1119 3404 1173 mille

1841 1231 2062 1287 passus,
2093 1216 2229 1269 vade
2265 1230 2387 1269 cum
2423 1230 2488 1269 eo
2524 1215 2631 1267 alia
2656 1216 2783 1267 duo.
2822 1232 2840 1264 ι

1910 1306 2097 1360 Jerem.
2123 1321 2259 1370 xxn,
2296 1305 2383 1358 15.
2411 1335 2479 1345 -
2517 1322 2535 1355 ι
2570 1302 2673 1369 Qui
2715 1302 2949 1357 aedificat
2979 1302 3201 1355 domum
3246 1316 3400 1355 suam

1845 1398 1900 1453 in
1932 1398 2226 1466 iujustitia,
2263 1403 2318 1450 et
2368 1397 2653 1450 cmuacula
2697 1410 2800 1449 sua
2841 1409 2949 1449 non
2984 1395 3037 1446 in
3071 1392 3283 1461 judicio
3300 1386 3333 1443 ἐ
3372 1406 3402 1444 a

1846 1491 2095 1560 proximo
2125 1504 2227 1544 suo
2259 1502 2399 1558 opus
2422 1488 2593 1558 gratis
2614 1487 2809 1557 exigit,
2841 1499 2895 1541 et
2938 1486 3250 1540 mercedem
3282 1484 3404 1555 ejus

1832 1594 1958 1633 non
1992 1579 2169 1632 reddit
2202 1578 2275 1632 ei.
2303 1596 2323 1629 ι

1914 1669 2035 1724 Jac.
2066 1685 2121 1734 ν,
2162 1670 2215 1723 4.
2237 1686 2333 1719 -ι
2366 1668 2504 1723 Ecce
2536 1682 2747 1722 merces
2777 1666 3158 1736 operariorum
3192 1670 3406 1719 vestro-

184 1771 366 1844 χώρας
395 1770 566 1840 ὑμῶν,
589 1770 618 1822 ό
634 1766 1069 1837 ἀπεστερημένος
1096 1765 1186 1830 ἀφ’
1209 1763 1382 1833 ὑμῶν,
1415 1758 1627 1830 κράζει,
1651 1759 1744 1811 καὶ

1783 1820 1818 1844 η
1849 1777 1993 1824 rum,
2027 1761 2122 1831 qui
2147 1768 2499 1815 messuerunt
2544 1759 2796 1829 regiones
2824 1766 3038 1813 vestras
3060 1796 3076 1820 ,
3107 1771 3230 1826 qua:
3256 1754 3409 1808 fmu-

186 1865 241 1914 αί
269 1861 385 1931 βοαὶ
417 1861 525 1912 τῶν
575 1859 899 1931 θερισάντων
932 1856 1008 1917 εἰς
1025 1854 1092 1907 τὰ
1124 1849 1237 1908 ὦτα
1281 1850 1484 1919 Κυρίου
1521 1848 1745 1902 Σαϐαὼθ

1783 1847 1820 1874 υ
1853 1854 1979 1907 data
2015 1863 2102 1908 est
2155 1867 2185 1905 a
2222 1852 2380 1907 vobis
2405 1891 2421 1917 ,
2470 1852 2703 1913 clamat,
2751 1858 2805 1903 et
2834 1852 3044 1903 clamor
3082 1863 3273 1904 eorum
3327 1847 3411 1900 in-

188 1951 547 2023 εἰσεληλύθει.
585 1969 605 2001 ι

385 2058 565 2111 ΤΙΤΛ.
597 2058 685 2111 M'.
712 2084 783 2097 —
804 2054 941 2123 Περὶ
963 2055 1262 2123 αἰσχύνης
1291 2049 1537 2121 ἀγαθῆς.

265 2189 285 2221 ι
322 2169 589 2230 Λαϐόντες
633 2169 753 2239 Σὴμ
784 2167 875 2221 καὶ
918 2164 1093 2235 Ἰαφέθ
1125 2164 1185 2218 τὸ
1236 2165 1467 2233 ἱμάτιον,
1498 2162 1748 2216 ἐπέθεντο

186 2261 284 2312 ἐπὶ
307 2258 376 2312 τὰ
405 2258 498 2311 δύο
530 2257 674 2311 νῶτα
704 2257 905 2319 αὐτῶν,
929 2255 1023 2309 καὶ
1056 2255 1423 2326 ἐπορεύθησαν
1450 2252 1746 2322 ὀπισθοφα-

185 2350 315 2414 νῶς,
342 2351 435 2405 καὶ
465 2348 837 2418 συνεκάλυψαν
864 2347 959 2417 τὴν
984 2347 1260 2417 γύμνωσιν
1286 2344 1380 2397 τοῦ
1417 2343 1617 2416 πατρὸς
1650 2346 1747 2397 αὐ-

187 2441 317 2504 τῶν,
341 2443 432 2495 καί⁵
457 2442 556 2512 τὴν
580 2440 857 2511 γύμνωσιν
883 2436 974 2491 τοῦ
1000 2437 1198 2509 πατρὸς
1220 2434 1394 2490 αύτῶν
1418 2435 1516 2489 ούκ
1540 2430 1696 2487 εἶδον.
1724 2452 1741 2484 ι

267 2552 287 2585 ι
329 2533 513 2585 Ἔστιν
554 2530 783 2600 αἰσχύνη
835 2530 1114 2597 ἐπάγουσα
1162 2525 1452 2597 ἁμαρτίαν,
1487 2526 1581 2579 καὶ
1606 2525 1749 2578 ἔστιν

191 2641 422 2694 αισχυνη
458 2624 583 2690 δόξα
606 2623 698 2676 καὶ
723 2622 903 2693 χάρις.
948 2639 966 2671 ι
1354 2688 1361 2691 ν

270 2734 289 2767 ι
323 2716 435 2784 Πρὸ
474 2714 701 2785 βροντῆς
754 2710 1115 2766 κατασπεύδει
1173 2698 1447 2782 ἀστραπὴ,
1502 2708 1594 2763 καὶ
1648 2708 1753 2778 πρὸ

191 2804 551 2877 αἰσχυντηροῦ
578 2802 960 2875 προελεύσεται
992 2803 1170 2872 χάρις.
1207 2820 1225 2851 ι

271 2915 291 2948 ι
323 2893 648 2965 Αἰσχύνεσθε
705 2893 813 2946 ἀπὸ
863 2892 1062 2962 πατρὸς
1083 2891 1175 2943 καὶ
1206 2905 1409 2960 μητρος
1450 2890 1574 2959 περὶ
1615 2906 1748 2960 πορ·

193 2985 365 3049 νείας,
387 2985 480 3038 καὶ
506 2983 613 3036 ἀπὸ
642 2982 940 3053 ἡγουμένου
973 2980 1067 3034 καὶ
1088 2978 1357 3050 τυράννου
1398 2980 1580 3031 ἕνεκεν
1620 2978 1751 3046 ψεύ-

191 3078 346 3139 δους·
374 3075 481 3128 ἀπὸ
526 3074 714 3145 κριτοῦ
756 3074 845 3126 καὶ
886 3073 1141 3142 ἄρχοντος
1172 3072 1299 3141 περὶ
1348 3069 1748 3142 πλημμελείας,

1847 1945 2013 1999 travit
2038 1945 2091 1997 iu
2129 1958 2292 1997 aures
2328 1942 2538 1997 Domini
2577 1942 2942 1998 exercituum.
2982 1959 2999 1990 ι

2176 2015 2315 2110 ἸῙΙΤ.
2347 2054 2461 2110 XL.
2492 2086 2562 2097 --
2590 2054 2665 2107 De
2689 2052 2887 2123 pudore
2918 2050 3072 2104 bona.

1918 2168 2048 2223 Gen.
2080 2186 2153 2233 Ix,
2198 2168 2289 2223 25.
2325 2196 2394 2208 ——
2446 2187 2465 2219 ι
2501 2167 2851 2236 Accipientes
2900 2163 3026 2218 Sem
3070 2171 3125 2218 et
3172 2161 3406 2232 Japheth

1849 2262 2103 2331 pallium,
2141 2262 2522 2330 imposuerunt
2551 2257 2794 2312 humeris
2818 2256 2973 2311 suis:
3007 2264 3062 2309 et
3089 2254 3408 2310 incedentes

1848 2361 2186 2417 retrorsum,
2217 2357 2557 2422 operuerunt
2604 2348 2912 2404 nuditatem
2962 2349 3136 2417 patris
3189 2348 3296 2412 sui,
3354 2354 3410 2399 ct

1851 2445 2156 2498 nuditatem
2189 2443 2363 2514 patris
2393 2443 2479 2497 sui
2511 2457 2621 2496 non
2654 2440 2940 2495 viderunt.
2973 2458 2993 2490 ι

1923 2532 2093 2589 Eccli.
2125 2549 2197 2599 tv,
2224 2533 2315 2587 2|.
2341 2565 2407 2573 —
2436 2551 2454 2583 ι
2482 2533 2578 2587 Est
2616 2530 2873 2586 confusio
2906 2529 3188 2586 adducens
3216 2544 3412 2602 pecca-

1853 2633 1967 2677 tum
1999 2641 2013 2688 ;
2041 2633 2094 2679 et
2120 2634 2202 2679 est
2234 2624 2487 2679 confusio
2514 2624 2691 2693 gloria
2720 2630 2774 2677 et
2805 2624 3000 2692 gratia.
3037 2639 3057 2672 ι

1924 2712 2092 2766 Eccli.
2122 2728 2293 2775 xxxu,
2325 2712 2411 2766 l0.
2443 2742 2512 2753 —
2545 2730 2563 2762 ι
2595 2712 2736 2765 Ante
2769 2712 2978 2765 tonitru
3004 2718 3263 2780 properat
3292 2709 3414 2766 ful-

1852 2821 1977 2877 gur,
2009 2814 2063 2860 et
2095 2818 2222 2861 ante
2254 2806 2637 2876 pudibundum
2665 2805 2837 2860 exibit
2874 2806 3072 2876 gratia.
3112 2824 3132 2857 ι

1922 2894 2089 2949 Eccli.
2119 2912 2232 2960 xu,
2262 2897 2351 2960 2i,
2377 2896 2565 2951 22-27.
2587 2926 2655 2935 —
2695 2914 2713 2946 ι
2745 2895 3068 2951 Erubescite
3098 2912 3128 2949 a
3162 2903 3326 2965 patre
3357 2904 3414 2948 et

1853 2996 2029 3042 matre
2055 2988 2121 3041 de
2150 2986 2535 3049 fornicatione.
2554 2995 2611 3041 et
2636 3002 2667 3040 a
2697 2986 3025 3056 prmsidente
3047 2996 3101 3041 et
3129 3001 3160 3041 a
3192 2995 3411 3057 potente

1852 3074 1921 3128 de
1952 3076 2241 3130 mendacio
2272 3094 2286 3129 :
2322 3092 2349 3128 a
2383 3077 2631 3145 principe
2659 3087 2714 3131 et
2739 3078 2926 3145 judice
2946 3078 3014 3131 de
3045 3078 3265 3144 delicto,
3300 3090 3354 3132 et
3381 3097 3408 3131 τι

192 3169 291 3221 καὶ
315 3167 422 3220 ἀπὸ
445 3166 607 3220 τόπου
636 3159 696 3219 οὗ
744 3166 1021 3235 παροικεῖς
1049 3164 1199 3233 ’περὶ
1244 3162 1478 3232 κλοπῆς,
1507 3161 1602 3214 καὶ
1647 3162 1750 3215 ἀπὸ

1783 3165 1820 3222 C
1853 3164 1972 3219 loco
2010 3166 2102 3219 ubi
2145 3166 2390 3225 habitas.
2422 3167 2488 3220 de
2519 3166 2664 3221 furto
2693 3184 2707 3220 :
2743 3175 2796 3221 et
2824 3182 2853 3219 a
2885 3167 3115 3222 veritate
3154 3167 3267 3234 Dei,
3299 3176 3351 3222 et
3381 3182 3410 3219 a

194 3258 452 3329 ἀληθείας
480 3256 633 3320 Θεοῦ,
664 3257 758 3309 καὶ
785 3256 890 3309 ἀπὸ
924 3254 1188 3325 διαθήκης
1208 3270 1221 3284 ⁸
1261 3253 1354 3307 καὶ
1387 3253 1495 3305 ἀπὸ
1540 3252 1754 3323 πήξεως

194 3348 440 3417 ἀγκῶνος
467 3350 525 3402 ἐν
544 3348 748 3419 ἄρτοις,
782 3348 873 3399 καὶ
895 3346 1001 3398 ἀπὸ
1035 3344 1402 3416 σκορακισμοῦ
1425 3343 1638 3414 λήψεως
1662 3344 1755 3396 καὶ

193 3440 413 3505 δόσεως,
468 3440 562 3493 καὶ
614 3438 724 3492 άπὸ
766 3437 1159 3508 ἀσπαζομένων
1215 3436 1344 3507 περὶ
1374 3436 1615 3505 σιωπῆς·
1646 3435 1754 3489 ἀπὸ

193 3532 437 3603 ὁράσεως
464 3530 715 3599 γυναικὸς
744 3530 983 3600 ἑταίρας,
1008 3530 1103 3582 καὶ
1130 3528 1237 3581 ἀπὸ
1271 3527 1575 3599 συστροφῆς
1596 3544 1755 3598 προσ-

195 3625 349 3677 ώπου
412 3621 725 3691 συγγενοῦς,
779 3620 875 3674 καὶ
919 3620 1025 3673 ἀπὸ
1073 3620 1449 3691 κατανοήσεως
1503 3620 1756 3686 γυναικὸς

196 3714 488 3784 ύπάνδρου,
515 3715 607 3766 καὶ
630 3712 736 3766 ἀπὸ
765 3712 1077 3783 περιεργίας
1104 3711 1393 3783 παιδίσκης
1421 3712 1587 3781 αὐτῆς
1610 3727 1623 3741 ⁸
1649 3713 1756 3765 ἀπὸ

197 3808 371 3877 φίλων
401 3806 526 3875 περὶ
558 3805 713 3873 λόγου
738 3803 1059 3874 όνειδισμοῦ,
1110 3803 1203 3857 καὶ
1245 3800 1637 3872 ἀποκαλύψεως
1666 3803 1755 3855 λό-

196 3916 313 3966 γων
342 3898 586 3967 κρυφίων
605 3912 618 3924 ·
649 3895 741 3948 καὶ
770 3893 865 3965 έσῃ
890 3893 1247 3965 αἰσχυντηρὸς
1269 3893 1345 3956 ὡς
1365 3892 1635 3961 ἀληθινὸς,
1661 3894 1756 3947 καὶ

196 3990 468 4060 εὑρίσκων
502 3987 658 4058 χάριν
679 3986 853 4039 ἔναντι
885 3986 1080 4049 παντὸς
1112 3983 1420 4056 ἀνθρώπου.
1453 4003 1472 4035 ι

340 4098 519 4151 ΊΊΤΛ.
545 4097 678 4151 MA'.
714 4124 780 4134 —
813 4093 950 4162 Περί
998 4095 1296 4162 αἰσχύνης
1331 4091 1616 4162 πονηρᾶς.

279 4210 297 4241 ι
339 4189 472 4260 Περί¹
502 4188 598 4258 τῆς
638 4188 813 4256 ψυχῆς
858 4204 950 4239 σου
987 4187 1062 4257 μὴ
1090 4186 1403 4257 αἰσχυνθῇς.
1463 4188 1616 4239 Ἔστι
1648 4186 1752 4257 γάρ

198 4280 431 4351 αἰσχύνη
457 4278 730 4347 ἐπάγουσα
758 4279 1052 4348 ἁμαρτίαν,
1073 4278 1169 4331 καὶ
1198 4277 1342 4330 ἐστιν
1367 4278 1595 4347 αἰσχύνη
1628 4279 1752 4343 δόξα

196 4374 297 4426 καὶ
338 4372 493 4441 χάρις
513 4386 529 4401 ·
565 4371 657 4423 καὶ
689 4369 764 4440 μὴ
791 4369 957 4440 λάϐῃς
995 4369 1278 4439 πρόσωπον
1301 4370 1441 4423 κατά
1461 4371 1557 4441 τῆς
1580 4370 1755 4443 ψυχῆς

200 4479 319 4524 σου,
343 4461 436 4514 καὶ
470 4459 545 4531 μὴ
572 4461 843 4531 ἐντραπῇς
871 4462 948 4523 εἰς
970 4461 1172 4515 πτῶσίν
1194 4477 1307 4515 σου.
1345 4480 1364 4510 ι

280 4668 298 4700 ι
335 4650 486 4701 Ἐστι
511 4650 669 4718 χάριν
695 4651 954 4720 αἰσχύνης
980 4651 1439 4723 ἐπαγγελλόμενος
1465 4654 1624 4725 φίλῳ,
1661 4661 1753 4711 καὶ

200 4740 470 4809 ἐκτήσατο
497 4739 657 4792 αὑτὸν
684 4740 895 4811 ἐχθρόν.
930 4759 949 4792 ι

282 4846 300 4879 ι
352 4827 537 4897 Ὀργὴ,
560 4829 653 4880 καὶ
689 4829 927 4882 ἀναίδεια
951 4870 965 4893 ,
995 4829 1086 4882 καὶ
1123 4830 1353 4902 αἰσχύνη
1379 4833 1609 4905 μεγάλη,
1660 4837 1753 4889 ἐάν

201 4919 341 4988 γυνὴ
370 4919 669 4992 ἐπιχορηγῇ
694 4920 770 4991 τῷ
792 4923 942 4991 ἀνδρὶ
971 4923 1155 4993 αὐτῆς.
1198 4943 1215 4975 ι

281 5112 301 5143 ι
338 5094 469 5163 Περῖ
498 5095 695 5147 τούτων
721 5096 793 5165 μὴ
827 5098 1136 5169 αἰσχυνθῇς,
1161 5100 1254 5152 καὶ
1290 5102 1363 5171 μὴ
1394 5101 1560 5174 λάϐῃς
1590 5106 1753 5175 πρόσ-

201 5200 355 5235 ωπον
381 5184 471 5237 τοῦ
500 5186 857 5255 ἁμαρτάνεινο
886 5187 1019 5257 Περὶ
1044 5189 1209 5258 νόμου
1250 5188 1503 5257 Ὑψίστου
1536 5194 1625 5245 καὶ
1645 5195 1753 5247 δια-

203 5276 401 5345 θήκης,
432 5276 523 5327 καὶ
548 5276 674 5346 περί¹
706 5277 969 5346 κρίματος
1013 5279 1104 5331 τοῦ
1132 5279 1413 5334 δικαιῶσαι
1443 5281 1531 5335 τὸν
1556 5284 1748 5354 ἀσεϐῆ,

201 5368 335 5434 περὶ
361 5365 514 5433 λόγου
541 5368 792 5420 κοινωνοῦ
819 5368 911 5420 καὶ
946 5370 1255 5439 ὁδοιπόρων,
1286 5373 1378 5425 καὶ
1401 5375 1526 5440 περί
1556 5374 1750 5440 δόσεως

122 5473 136 5480 -
202 5455 561 5523 κληρονομίας
592 5456 791 5527 ἐτέρων
811 5475 823 5485 ·
848 5460 972 5527 περὶ
996 5459 1274 5529 ἀκριϐείας
1296 5462 1456 5531 ζυγοῦ
1511 5466 1599 5517 καὶ
1630 5482 1750 5519 στα-

202 5546 472 5630 θμῷ-αμα).
491 5547 614 5614 περὶ
642 5550 879 5618 κτήσεως
904 5550 1109 5603 πολλῶν
1130 5552 1219 5603 καὶ
1241 5552 1430 5620 ὀλίγων
1449 5571 1462 5583 ·
1488 5558 1611 5626 περὶ
1636 5556 1750 5610 δια-

202 5638 371 5705 φόρου
403 5638 651 5705 πράσεως
681 5641 954 5708 ἐμπόρων,
982 5642 1073 5693 καὶ
1109 5643 1234 5710 περὶ
1278 5646 1518 5707 παιδείας
1549 5647 1751 5702 τέκνων

203 5727 435 5791 πολλῶν,
468 5730 560 5781 καὶ
602 5729 785 5801 οἰκέτῃ
814 5732 1029 5801 πονηρῷ
1057 5733 1293 5804 πλευρὰν
1320 5738 1585 5804 αἱμάξαι.
1632 5741 1751 5794 Ἐπὶ

202 5825 422 5881 γυναικὶ
484 5827 689 5895 πονηρᾷ
740 5828 900 5882 καλὸν
957 5832 1225 5899 σφραγέςο
1273 5834 1364 5885 καὶ
1416 5836 1544 5888 ὅπου
1572 5840 1748 5907 χεῖρες

1853 3266 2202 3319 testamento,
2232 3268 2282 3311 et
2313 3275 2339 3309 a
2373 3258 2573 3312 fixione
2589 3258 2761 3312 cubiti
2791 3260 2843 3311 in
2866 3258 3119 3327 panibus,
3142 3269 3196 3313 et
3221 3260 3291 3314 ab
3314 3260 3412 3313 ob-

1853 3349 2162 3405 fuscatione
2190 3350 2300 3404 dati
2355 3360 2408 3403 et
2446 3350 2697 3420 accepti:
2734 3365 2763 3403 a
2805 3350 3177 3407 salutantibus
3218 3352 3286 3407 de
3329 3353 3410 3406 si-

1854 3441 2062 3496 lentio:
2096 3457 2125 3495 a
2163 3453 2416 3511 respectu
2465 3442 2717 3497 mulieris
2752 3442 3087 3508 fornicarite,
3128 3456 3183 3500 et
3212 3460 3241 3497 a
3277 3446 3421 3499 θυι)-Δ

1852 3533 2111 3587 versione
2154 3533 2338 3587 vultus
2387 3533 2629 3603 cognati,
2680 3540 2735 3587 et
2780 3548 2811 3586 a
2862 3535 3113 3589 contuitu
3163 3535 3411 3591 mulieris

1854 3622 2162 3691 conjuncta)
2194 3625 2337 3687 viro,
2371 3631 2425 3679 et
2458 3638 2487 3677 a
2509 3624 2729 3680 curioso
2760 3633 2984 3694 aspectu
3014 3626 3211 3696 puellm
3245 3627 3365 3694 ejus
3392 3647 3407 3691 ;

1855 3716 1924 3769 ab
1978 3715 2172 3771 amicis
2221 3715 2288 3771 de
2333 3731 2588 3771 sermone
2622 3717 2962 3786 impmperii,
2993 3727 3046 3771 et
3076 3717 3412 3778 revelatioue

1854 3805 2003 3860 verbi
2033 3806 2361 3861 absconditi.
2394 3805 2461 3861 Et
2498 3808 2610 3863 eris
2652 3808 3006 3876 pudibundus
3035 3804 3111 3864 et‘
3133 3823 3321 3873 verax,
3356 3817 3411 3861 «ιι

1854 3896 2101 3952 invenies
2133 3897 2361 3968 gratiam
2394 3912 2578 3952 coram
2601 3899 2751 3952 omni
2779 3898 3019 3957 homine.
3054 3917 3073 3951 ι

2168 4093 2298 4148 ΤΙΤ.
2331 4092 2467 4147 XLI.
2498 4122 2568 4132 —
2595 4093 2671 4147 De
2702 4094 2904 4163 pudore
2928 4095 3089 4150 malo.

1927 4186 2097 4241 Eccli.
2124 4202 2193 4249 Iv,
2222 4186 2312 4239 20.
2341 4216 2409 4225 —
2446 4203 2464 4235 ι
2498 4184 2572 4239 De
2603 4186 2784 4239 anima
2815 4194 2908 4239 tua
2942 4200 3010 4240 ne
3028 4185 3404 4244 confundaris.

1857 4279 1954 4332 Est
1983 4280 2127 4333 enim
2157 4276 2414 4330 confusio
2444 4276 2726 4331 adducens
2759 4286 3065 4346 peccatum,
3094 4287 3149 4332 et
3174 4290 3258 4335 est
3281 4296 3404 4335 cou-

1857 4368 2027 4429 fusio,
2060 4368 2230 4437 gloria
2262 4376 2318 4420 et
2358 4367 2552 4437 gratia.
2596 4365 2663 4420 Et
2712 4382 2782 4420 ne
2812 4367 3048 4437 accipias
3074 4368 3266 4424 faciem
3310 4373 3405 4425 ad-

1783 4492 1829 4550 υ
1857 4477 2049 4517 versus
2094 4462 2331 4515 animam
2375 4469 2521 4513 tuam
2548 4500 2563 4526 ,
2608 4471 2707 4512 nec
2754 4460 3129 4516 reverearisin
3171 4462 3405 4518 auimam

1856 4561 2027 4609 tuam.
2056 4572 2076 4606 ι

1924 4644 2097 4699 Erclt.
2134 4659 2229 4708 xx,
2252 4642 2429 4697 25.—
2461 4659 2482 4694 ι
2514 4642 2611 4697 Est
2653 4642 2745 4712 qui
2778 4657 2892 4712 prae
2927 4641 3250 4701 confusione
3279 4660 3403 4715 pro-

1852 4738 2024 4794 mittit
2053 4737 2249 4799 amico,
2281 4736 2594 4803 etlucratus
2626 4743 2710 4790 est
2728 4751 2853 4789 eum
2882 4736 3181 4791 inimicum.
3210 4756 3231 4790 ι

1924 4827 2094 4881 Ecclt'.
2131 4843 2255 4891 xxv,
2286 4826 2378 4880 ‘29..
2408 4855 2475 4864 -—
2510 4844 2527 4877 ι
2559 4825 2666 4889 Ira,
2703 4836 2758 4880 et
2788 4828 3159 4894 irreverentia,
3194 4840 3249 4885 et
3271 4846 3403 4886 con-

1853 4920 1995 4974 fusio
2029 4934 2243 4988 magna,
2279 4921 2324 4975 si
2358 4920 2549 4975 mulier
2577 4921 2869 4991 primatum
2902 4930 3083 4976 teneat
3124 4937 3290 4993 supra
3316 4926 3401 4979 vi-

1850 5026 1971 5065 rum
2012 5026 2194 5066 suum.
2230 5030 2249 5063 ι
3106 5034 3110 5039 ’

1916 5104 2083 5158 Eccli.
2117 5120 2247 5170 xLu,
2287 5105 2396 5158 1-7.
2431 5136 2495 5147 -
2530 5124 2548 5155 ι
2580 5104 2658 5159 Ne
2687 5105 2753 5159 de
2789 5105 2873 5159 bis
2913 5104 3295 5171 confundaris,
3346 5118 3400 5163 ct

1851 5210 1916 5251 ne
1942 5197 2187 5266 accipias
2217 5212 2505 5267 personam
2534 5207 2594 5251 ut
2626 5196 2914 5267 delinquas
2939 5212 2953 5247 :
2985 5197 3062 5253 De
3086 5198 3200 5269 lege
3228 5198 3395 5254 Altis-

1849 5286 2000 5349 simi,
2032 5295 2089 5340 et
2123 5288 2190 5342 de
2223 5296 2571 5353 testamento,
2602 5297 2658 5343 et
2684 5289 2749 5342 de
2772 5287 2982 5356 judicio
3003 5288 3069 5342 ad
3096 5288 3396 5358 justifiean-

1850 5378 1975 5432 dum
2010 5380 2274 5449 impium;
2312 5381 2377 5434 de
2412 5381 2577 5435 verbo
2625 5380 2897 5436 sociorum
2927 5388 2983 5435 et
3010 5380 3302 5447 viatorum,
3339 5392 3394 5436 et

1852 5472 1917 5525 de
1945 5470 2165 5527 datione
2217 5472 2551 5527 hazredilatis
2600 5477 2935 5539 amicorum;
2977 5474 3044 5528 de
3084 5475 3393 5544 aequalitate

1850 5570 2068 5617 staterae
2100 5573 2155 5617 et
2202 5564 2543 5633 ponderum;
2574 5564 2643 5619 de
2689 5565 3055 5634 acquisitione
3097 5565 3390 5620 multorum

1849 5662 1902 5707 ct
1933 5669 2227 5722 paucorum
2256 5675 2270 5722 ;
2304 5657 2370 5709 de
2412 5655 2629 5710 diversa
2663 5656 2939 5725 emptione
2970 5657 3389 5726 negotiatorum,

1848 5752 1902 5797 et
1934 5747 1998 5799 de
2032 5746 2201 5799 multa
2247 5746 2538 5815 disciplina
2571 5745 2828 5811 ﬁliorum,
2862 5755 2916 5801 et
2949 5760 3110 5800 servo
3153 5746 3391 5814 pessimo

1851 5839 1992 5891 latus
2024 5838 2373 5907 sanguinare.
2409 5838 2587 5910 Super
2618 5839 2895 5894 mulierem
2924 5853 3154 5919 nequam
3187 5838 3389 5891 bonum
