4210 6448
816 395 946 462 1251

1979 397 2040 455 S.
2081 392 2400 454 JOANNIS
2425 393 2852 455 DAMASCENI

3911 403 4049 466 1259.

809 524 894 568 est
919 515 1157 585 signum.
1188 511 1290 569 Ubi
1322 528 1518 566 manus
1545 513 1711 583 378
1741 513 1918 566 multa:
1949 525 2098 579 sunt,
2130 512 2361 566 claude:

2467 511 2679 575 πολλαὶ,
2729 513 2960 566 κλεῖσον.
3015 516 3080 568 '0
3127 516 3224 568 ἐὰν
3255 515 3532 592 παραδῷς,
3564 518 3623 571 ἐν
3648 517 3891 590 ἀριθμῷ,
3950 522 4049 574 καὶ

806 612 863 656 ct
893 605 1257 674 quodcunque
1297 604 1499 667 trades,
1528 606 1580 656 in
1618 619 1845 657 numero
1889 611 1944 656 et
1989 605 2265 674 pondere;
2318 614 2373 658 et

805 695 1090 763 datum.ct
1120 703 1405 764 acceptum
1437 697 1690 749 omnium
1726 697 1996 751 describe.
2033 717 2052 749 ι

875 784 1230 839 Philonis.—
1273 783 1544 839 Pudorem
1585 786 1743 838 aiunt
1786 787 2074 856 plerisque
2139 786 2370 841 minime

804 876 1098 942 profuisse.
1136 895 1156 926 ι

800 1006 940 1089 ΤΙΤ..
971 1008 1129 1088 XLII.
1153 1039 1224 1047 --
1250 1009 1328 1061 De
1354 1010 1693 1075 petitionibus
1728 1012 1925 1079 iniquis
1948 1026 1966 1063 :
1997 1022 2046 1064 et
2084 1013 2223 1089 quod
2269 1032 2363 1089 eas

870 1085 1086 1131 minime
1128 1094 1370 1148 peragere
1427 1089 1476 1131 et
1517 1091 1776 1146 prwstare
1837 1091 2109 1150 oporteat,
2149 1085 2364 1138 etiamsi

873 1160 1037 1200 muter
1065 1151 1134 1202 sit
1158 1167 1273 1219 qua:
1296 1165 1383 1201 eas
1414 1150 1603 1217 faciat.

870 1257 953 1311 IV
989 1257 1112 1326 Reg.
1167 1273 1238 1322 II,
1274 1258 1338 1313 i9
1385 1275 1541 1330 seqq.
1575 1290 1644 1300 —-—
1691 1279 1708 1309 ι
1743 1259 1962 1316 Positus
1999 1270 2078 1316 est
2132 1265 2362 1318 thronus

797 1351 964 1403 matri
997 1350 1162 1419 regis,
1189 1361 1242 1404 et
1274 1350 1419 1406 sedit
1459 1368 1488 1404 a
1520 1351 1729 1406 dextris
1767 1352 1909 1421 ejus,
1948 1353 2197 1424 dixitque
2235 1355 2311 1409 illi
2343 1373 2358 1408 :

796 1443 1128 1499 I’etitionem
1170 1460 1334 1498 uuam
1375 1447 1656 1514 parvulam
1688 1461 1790 1515 ego
1822 1447 2088 1516 deprecor
2114 1464 2144 1500 a
2189 1459 2262 1512 te,
2296 1463 2361 1502 ue

793 1544 1012 1589 avertas
1043 1533 1242 1588 faciem
1276 1551 1474 1588 meam.
1507 1535 1573 1588 Et
1603 1536 1741 1589 dixit
1766 1538 1816 1591 ei
1848 1553 1942 1592 rex
1968 1556 1982 1592 :
2008 1537 2155 1602 Pete,
2187 1551 2360 1594 mater

793 1641 914 1680 mea
947 1645 962 1680 :
997 1641 1108 1679 non
1141 1626 1286 1679 enim
1319 1637 1571 1680 aiertero
1605 1638 1675 1680 te.
1704 1625 1839 1692 Quae
1869 1629 1946 1681 ait
1975 1645 1988 1680 :
2021 1627 2194 1682 Detur
2223 1630 2359 1685 Abi-

791 1732 886 1770 sac
915 1716 1216 1770 Sunamitis
1240 1715 1423 1770 Ornia:
1449 1715 1722 1788 [Adonim]
1751 1717 1906 1772 fratri
1943 1729 2037 1772 tuo
2077 1722 2134 1774 in
2166 1722 2358 1775 mulie-

741 1855 747 1859 .
792 1824 928 1861 rem.
960 1807 1025 1860 Et
1057 1809 1344 1877 respondit
1381 1823 1476 1862 rex
1511 1809 1794 1876 Salomon,
1825 1821 1878 1864 et
1911 1813 1988 1866 ait
2015 1813 2175 1866 matri
2203 1829 2353 1868 suae:

2479 603 2733 674 σταθμῴο
2771 606 2864 657 καὶ
2889 606 3036 669 δόσις
3068 608 3161 661 καὶ
3181 607 3340 678 λῆψις
3374 609 3590 662 πάντων
3615 611 3675 662 ἐν
3701 614 3910 681 γραφῇ.
3947 630 3970 662 s

2543 782 2656 854 Τὴν
2683 784 2817 839 αἰδῶ
2844 785 2980 854 φασὶ
3020 783 3096 857 μὴ
3128 785 3494 858 λυσιτελῆσαιί
3521 787 3759 852 πολλοῖς.

2473 997 2653 1054 ΤΙΤΛ.
2687 1000 2822 1071 MB'.
2855 1032 2926 1042 —
2967 1001 3105 1070 Περὶ
3141 1002 3366 1056 ἀδίκων
3419 1004 3718 1071 αἰτήσεων
3740 1021 3759 1038 ο
3805 1009 3906 1061 καὶ
3949 1009 4038 1062 ὅτι

2540 1071 2645 1147 τᾲς
2665 1069 2913 1147 ἀδίκους
2926 1069 3313 1147 altricem-.01)
3333 1073 3448 1147 χρὴ
3470 1069 3620 1142 πρὸς
3646 1075 3831 1145 πέρας
3851 1079 4037 1147 ἄγειν,

2541 1140 2658 1194 κᾶν
2679 1141 2880 1209 μήτηρ
2907 1143 3062 1212 τύχῃ
3096 1142 3133 1209 ή
3168 1143 3282 1210 τὴν
3305 1140 3550 1211 alendar-
3581 1140 3932 1216 ποιοὶιμέν-ή.

2546 1276 2564 1306 s
2622 1253 2811 1325 Ἐτέθη
2856 1253 3044 1324 θρόνος
3076 1257 3141 1325 τῇ
3172 1255 3338 1325 μητρὶ
3387 1255 3483 1308 τοῦ
3516 1255 3799 1325 βασιλέως,
3850 1259 3945 1311 καὶ
3976 1262 4033 1313 ἐν

2463 1348 2653 1416 δεξιῶν
2682 1346 2849 1400 αὐτοῦ
2881 1345 3124 1411 ἐκάθισε,
3159 1349 3253 1401 καὶ
3271 1343 3424 1400 εἶπεν
3449 1349 3630 1419 αὐτῷ’
3665 1351 3892 1420 Δῖτησιν
3911 1352 4035 1418 μίαν

2468 1440 2671 1511 μικράν
2701 1438 2813 1507 ἐγὼ
2840 1437 3092 1509 αἰτοῦμαι
3124 1438 3274 1510 παρὰ
3307 1440 3428 1493 σοῦ·
3482 1441 3559 1510 μὴ
3601 1444 3956 1514 ἁποστρὲψῃς
3979 1445 4034 1495 τὺ

2464 1530 2755 1602 πρόσωπόν
2785 1548 2908 1599 μου.
2941 1531 3050 1584 Καὶ
3076 1529 3227 1583 εἶπεν
3251 1532 3387 1602 αὐτῇ
3409 1534 3438 1585 ὁ
3467 1530 3750 1602 βασιλεύς·
3779 1534 4028 1600 Ain-‘51:,

2467 1625 2651 1695 μήτηρ
2682 1623 2812 1694 ἐμὴ,
2842 1625 2926 1677 ὅτι
2951 1624 3053 1678 οὐκ
3079 1625 3409 1695 ἀποστρέψει)
3437 1626 3758 1698 σεεκΔοθήτω
3788 1627 3853 1698 δὴ
3889 1627 4033 1679 ’Λει-

2466 1715 2570 1768 σὰκ
2621 1716 2654 1784 ἡ
2704 1713 3025 1783 Σουναμϊτις
3089 1715 3274 1785 Ὀρνία
3312 1713 3420 1786 [ΑΙ.
3482 1716 3691 1786 ’Δδονία
3732 1726 3908 1776 mn:
3937 1734 4028 1787 pro

2461 1805 2647 1876 n’J‘iN]
2679 1806 2759 1876 τῷ
2809 1806 3024 1877 ἀδελφῷ
3072 1823 3168 1859 σου
3197 1809 3276 1870 εἰς
3315 1811 3572 1874 γυναῖκα.
3607 1809 3718 1860 Καὶ
3754 1810 4028 1878 ἀπεκρίθη

792 1899 966 1952 Eccur
995 1903 1241 1970 pustulas
1265 1901 1467 1956 Abisac
1493 1899 1678 1956 Ornia:
1706 1904 1756 1955 in
1784 1904 2110 1958 mulierem?
2136 1903 2358 1960 Postula

2461 1899 2713 1970 Σολομὼν
2741 1903 2770 1953 ὁ
2804 1899 3080 1969 βασιλεὺς,
3111 1899 3208 1952 καὶ
3238 1894 3358 1951 εἷπε
3383 1901 3450 1969 τῇ
3479 1889 3649 1970 μητρὶ
3679 1901 3846 1954 αὑτοῦ
3868 1920 3882 1932 ·
3927 1903 4028 1953 Καὶ

788 1995 837 2048 ei
865 2003 918 2047 ct
942 2010 1190 2062 regnum.
1218 1995 1338 2063 Ipse
1375 1997 1519 2049 enim
1550 2007 1634 2050 est
1661 1995 1828 2049 frater
1862 2012 2012 2050 meus
2047 1998 2221 2067 major
2248 2015 2354 2064 me,

787 2095 840 2140 et
866 2089 916 2140 ei
943 2087 1209 2140 Abiatliar
1243 2088 1526 2148 sacerdos.
1554 2097 1610 2141 et
1643 2089 1745 2156 ipsi
1787 2086 1927 2142 .Ioab
1963 2091 2110 2143 filius
2145 2089 2359 2145 Sarviae

788 2181 894 2232 dux
921 2179 1201 2232 exercitus
1236 2180 1401 2232 amici
1433 2188 1582 2232 sunt.
1621 2177 1686 2231 Et
1717 2180 1927 2247 juravit
1972 2197 2064 2235 rex
2099 2180 2356 2237 Salomon

786 2286 884 2339 per
931 2269 1222 2324 Dominum
1257 2271 1489 2325 dicens:
1544 2269 1671 2324 llaec
1720 2271 1889 2326 faciat
1935 2273 2070 2326 mihi
2106 2272 2271 2340 Deus,
2304 2285 2358 2329 et

785 2364 902 2417 Inec
933 2363 1122 2427 addat,
1153 2365 1283 2433 quia
1314 2373 1509 2418 contra
1559 2364 1799 2417 ultimam
1836 2381 1989 2419 suam
2024 2367 2242 2421 locutus
2272 2379 2359 2424 est

786 2455 983 2512 Ornias
1012 2458 1240 2511 verbum
1285 2457 1411 2511 hoc.
1445 2457 1512 2511 Et
1562 2473 1710 2512 nunc
1753 2459 1890 2511 vivit
1934 2458 2222 2526 Dominus,
2261 2461 2356 2530 qui

785 2550 1133 2620 prazparavit,
1167 2558 1222 2604 et
1252 2551 1436 2618 posuit
1482 2566 1567 2605 me
1609 2566 1775 2621 super
1801 2552 2001 2606 solium
2049 2551 2219 2607 David
2260 2569 2358 2624 pa-

784 2643 890 2697 tris
923 2642 1050 2705 mei,
1083 2642 1209 2710 quia
1241 2641 1405 2695 hodie
1439 2643 1726 2696 occidetur
1755 2642 1974 2697 Ornias.
2008 2645 2074 2698 Et
2097 2647 2268 2710 misit,
2301 2655 2356 2700 et

783 2750 910 2787 eum
969 2732 1267 2788 interfecit.
1320 2732 1382 2786 Et
1441 2743 1696 2791 mortuus
1751 2747 1838 2791 est
1901 2737 2102 2792 Ornias
2148 2739 2206 2793 in
2267 2738 2357 2794 die

785 2826 902 2879 illa.
935 2845 954 2877 ι

853 3087 1051 3142 Matth.
1099 3105 1185 3152 xx,
1220 3088 1410 3143 ‘20-‘25.
1453 3118 1520 3127 —-
1576 3109 1595 3141 s
1628 3089 1784 3144 Tunc
1836 3092 2074 3146 accessit
2112 3092 2179 3147 ad
2235 3107 2357 3147 eum

784 3191 958 3235 mater
996 3180 1230 3273 filiorum
1257 3179 1502 3234 Zebedaai
1535 3197 1660 3237 cum
1702 3181 1829 3234 filiis
1861 3182 2002 3244 suis,
2032 3183 2272 3238 adorans
2298 3194 2354 3239 et
2379 3217 2421 3273 ο

787 3285 978 3343 petens
1011 3272 1226 3342 aliquid
1253 3273 1321 3326 ab
1369 3289 1453 3327 eo.
1495 3273 1598 3339 Qui
1630 3273 1770 3327 dixit
1793 3274 1878 3328 ci:
1911 3274 2057 3339 Quid
2101 3276 2227 3329 vis?
2263 3277 2351 3329 Ait

785 3367 863 3420 illi
896 3385 910 3420 :
945 3363 1017 3419 Ut.
1043 3364 1269 3419 sedeant
1303 3366 1355 3418 hi
1389 3367 1497 3420 duo
1535 3367 1630 3418 filii
1662 3367 1788 3430 mei,
1825 3383 1969 3422 unus
2001 3367 2068 3420 ad
2099 3367 2349 3422 dextram

785 3468 958 3522 tuam,
990 3466 1044 3512 et
1070 3474 1212 3512 unus
1237 3457 1304 3511 ad
1335 3459 1620 3513 sinistram
1656 3461 1708 3512 iu
1738 3474 1908 3530 regno
1948 3471 2064 3515 tuo.
2100 3460 2352 3531 Respon-

783 3550 924 3604 deus
955 3557 1136 3602 autem
1177 3547 1362 3610 Jesus,
1388 3549 1464 3602 ait
1493 3569 1503 3602 :
1536 3548 1777 3604 Nescitis
1807 3550 1940 3618 quid
1991 3552 2214 3620 petatis.
2248 3551 2352 3606 Po-

783 3642 945 3696 testis
971 3642 1158 3695 biberc
1193 3644 1443 3704 calicem,
1477 3657 1639 3708 quem
1676 3657 1777 3711 ego
1813 3641 2091 3696 bibiturus
2122 3659 2265 3708 sum,
2298 3650 2352 3697 et

785 3732 1116 3802 baptismate
1153 3733 1420 3802 baptizari
1456 3748 1564 3800 quo
1595 3748 1697 3803 ego
1723 3732 1996 3802 baptizor.
2029 3732 2227 3787 Dicunt
2259 3735 2304 3788 ei
2335 3753 2347 3788 :

785 3821 1110 3877 Possumus.
1136 3822 1279 3876 Dicit
1313 3823 1428 3876 eis:
1461 3822 1701 3875 Calicem
1738 3822 1962 3891 quidem
1995 3838 2172 3877 meum
2201 3824 2354 3878 bibe-

784 3914 881 3977 tis,
911 3922 966 3966 et
992 3913 1323 3981 baptismate
1354 3911 1774 3980 baptizabimini
1807 3929 1820 3964 :
1855 3911 2048 3966 sedere
2079 3920 2258 3964 autem
2285 3912 2352 3965 ad

785 4006 1064 4058 dexteram
1122 4019 1300 4058 meam
1334 4011 1388 4058 et
1434 4004 1502 4057 ad
1556 4003 1861 4069 sinistram,
1902 4019 2008 4056 non
2043 4015 2130 4058 est
2173 4019 2351 4057 meum

784 4098 949 4164 dare;
986 4098 1082 4152 sed
1111 4098 1314 4165 quibus
1348 4103 1598 4166 paratum
1627 4107 1710 4149 est
1741 4110 1772 4148 a
1798 4093 1962 4149 Patre
1995 4111 2142 4151 meo.
2183 4116 2200 4148 ι

787 4314 921 4370 ΤΙΤ.
961 4314 1140 4369 XLIII.
1168 4345 1236 4355 —
1261 4314 1333 4367 De
1371 4313 1674 4386 inexplebili
1727 4313 2017 4376 cupiditate
2053 4329 2072 4367 :
2112 4323 2164 4367 et
2213 4318 2352 4386 quod

925 4389 1037 4440 sine
1066 4387 1177 4438 ulla
1203 4387 1454 4437 satietate
1474 4384 1632 4451 plura
1657 4398 1858 4450 semper
1891 4386 2208 4453 appetinttts.

855 4499 1015 4554 Prov.
1043 4515 1216 4561 xxvii,
1246 4498 1340 4552 20.
1381 4529 1450 4538 —
1488 4515 1506 4547 ι
1539 4494 1787 4550 queruus
1837 4505 1893 4551 et
1928 4496 2171 4565 perditio
2209 4515 2350 4552 nuu-

787 4606 952 4660 quam
971 4590 1263 4660 explentur
1287 4606 1300 4641 :
1333 4589 1414 4644 sic
1442 4596 1498 4641 et
1520 4587 1666 4640 oculi
1693 4586 1975 4640 hominum
2005 4589 2349 4646 insatiabiles

787 4689 940 4739 sunt.
963 4700 982 4733 ι

858 4775 1032 4830 Eecle.
1059 4792 1096 4837 ι,
1128 4774 1183 4828 8.
1208 4803 1278 4813 —
1311 4792 1329 4823 ι
1362 4771 1482 4826 Non
1515 4768 1807 4826 satiabitur
1838 4771 2035 4829 oculus
2067 4772 2218 4838 visu,
2250 4789 2349 4829 nec

787 4871 940 4926 auris
975 4869 1292 4939 implebitur
1327 4867 1545 4920 auditu.
1587 4884 1607 4917 ›

861 4961 1028 5015 Eccli.
1063 4975 1269 5025 xxxvu,
1296 4959 1386 5014 '51.
1414 4989 1482 5000 —
1537 4976 1556 5010 ι
1593 4957 1829 5030 Propter
1871 4957 2346 5014 insatiabilitatem

787 5053 946 5109 multi
977 5053 1282 5122 perierunt.
1317 5068 1336 5100 ι

861 5145 1128 5215 Tlteologi.
1153 5173 1221 5184 -—
1257 5143 1600 5213 Inexplebilis
1648 5143 1895 5213 corporis
1940 5142 2214 5213 cupiditas
2252 5142 2348 5194 ho-

785 5239 968 5291 mines
1000 5236 1207 5304 alioqui
1241 5236 1516 5305 sapientes
1545 5250 1737 5288 errore
1767 5234 1967 5288 mentis
1999 5235 2222 5288 inficere
2252 5248 2350 5301 po-

787 5341 916 5389 tcst,
949 5335 1006 5383 et
1034 5325 1278 5381 deterius
1311 5326 1515 5379 sentire
1537 5325 1716 5394 eugit:
1760 5324 2026 5378 rationem
2067 5323 2345 5385 nimirum,

788 5438 896 5475 tum
927 5433 1090 5475 secus
1116 5431 1180 5472 ac
1206 5418 1464 5488 petulans
1492 5418 1716 5487 quidam
1745 5431 1946 5486 equus,
1971 5430 2160 5471 secum
2189 5414 2341 5468 abri~

789 5516 965 5581 piens.

863 5626 1130 5695 Ejusdem.
1168 5650 1236 5665 -—-
1271 5623 1514 5678 Humana
1543 5631 1736 5677 natura
1771 5621 1838 5675 ad
1886 5621 2045 5691 plura
2070 5621 2338 5692 cupienda

789 5721 916 5780 vigil
945 5725 998 5772 et
1029 5717 1300 5772 insomnis
1325 5726 1411 5770 est

861 5810 1120 5866 Philonis.
1149 5843 1218 5852 —
1244 5810 1418 5865 Malus
1448 5809 1612 5866 rebus
1646 5809 1896 5880 plurimis
1935 5823 2148 5878 semper
2200 5807 2344 5862 indi-

2461 1995 2550 2048 ἴνα
2575 1995 2628 2046 τί
2650 1994 2772 2063 αἰτῇ
2799 1994 2898 2064 τὴν
2930 1993 3155 2045 Ἀδισάκ
3178 1990 3256 2061 τῷ
3291 1991 3476 2062 Ὀρνία
3505 1992 3586 2052 εἰς
3617 1995 3849 2060 γυναῖκα
3877 2009 3891 2054 ;
3923 1994 4029 2045 Καὶ

2460 2087 2680 2156 αἴτησαι
2727 2083 2878 2154 αὐτῷ
2928 2085 3025 2154 τὴν
3063 2084 3373 2155 βασιλείαν·
3435 2084 3516 2137 ὃτι
3543 2077 3696 2147 οὗτος
3732 2089 3761 2138 ὀ
3808 2085 4026 2152 ἁδελφὴ

2461 2194 2562 2246 μου
2599 2176 2798 2245 μείζων
2845 2175 2982 2246 ὑπὲρ
3019 2175 3138 2244 ἐμὲ,
3163 2176 3257 2228 καὶ
3285 2174 3430 2244 αὐτῷ
3475 2175 3735 2244 ’Ᾱῧιαθᾶρ
3764 2177 3794 2228 ὁ
3827 2177 4023 2247 ίερείις,

2458 2270 2548 2320 καὶ
2583 2267 2731 2336 αὐτῷ
2769 2266 2925 2320 Ἰωὰὸ
2959 2265 3072 2329 υἱὸς
3095 2268 3329 2337 Σαρουῖα
3356 2269 3384 2320 ὁ
3423 2267 3859 2339 ἀρχιστράτηγος
3886 2270 4026 2320 ὲταῖ-

2461 2374 2550 2427 ρος
2575 2356 2758 2409 αὐτοῦ.
2781 2357 2893 2409 Καὶ
2920 2355 3132 2426 ῶμοσεν
3158 2359 3188 2410 ὁ
3211 2357 3458 2426 βασιλεὺς
3493 2358 3742 2427 Σολομὼν
3771 2360 3911 2411 κατὰ
3937 2360 4023 2410 τοῦ

2456 2447 2683 2517 Κυρίου,
2715 2445 2916 2513 λέγων·
2954 2448 3088 2502 Τάδε
3126 2449 3350 2517 ποιήσαι
3382 2467 3472 2518 μοι
3519 2452 3547 2501 ο
3578 2449 3730 2513 Θεὸς,
3778 2453 3877 2504 καὶ
3906 2452 4022 2504 τάξε

2458 2537 2738 2609 προσθείη,
2764 2537 2844 2590 ὅτι
2879 2538 3019 2591 κατὰ
3057 2542 3154 2609 τῆς
3190 2539 3368 2610 ψυχῆς
3409 2540 3571 2594 αὑτοῦ
3603 2541 3866 2611 ἐλάλησεν
3905 2543 4024 2611 Ὀρ-

2457 2632 2574 2693 νίας
2599 2630 2689 2682 τον
2732 2629 2887 2696 λόγον
2912 2631 3122 2684 τοῦτον.
3158 2631 3268 2684 Καὶ
3311 2629 3406 2682 νῦν
3433 2629 3500 2702 ζῇ
3537 2631 3762 2701 Κύριος,
3793 2632 3853 2697 ὃς
3883 2634 4027 2702 ήτοίο

2459 2738 2619 2791 μασε,
2645 2723 2740 2774 καὶ
2763 2721 2912 2775 ἐθετὸ
2944 2739 3010 2792 με
3035 2723 3128 2774 ἐπὶ
3157 2721 3250 2774 τὸν
3283 2721 3474 2793 θρόνον
3509 2723 3672 2777 Δαδὶδ
3703 2723 3797 2776 τοῦ
3820 2727 4025 2792 πατρὸς

2460 2828 2583 2880 μου,
2613 2812 2695 2864 ὅτι
2754 2814 2990 2882 σήμερον
3036 2811 3480 2881 θανατωθήσεται
3535 2815 3770 2884 Ὀρνξας.
3812 2816 3922 2868 Καὶ
3943 2815 4027 2878 ἑξ-

2457 2902 2796 2968 απὲστειλεν,
2829 2906 2924 2956 καὶ
2955 2904 3162 2956 ἀνεῖλεν
3180 2903 3364 2967 αὐτὸν,
3396 2904 3491 2957 καὶ
3514 2904 3784 2960 ἀπέθανεν
3813 2906 4025 2976 Ὀρνίας

2459 2995 2517 3044 ἐν
2545 2997 2611 3065 τῇ
2641 2995 2825 3067 ἡμέρᾳ
2857 2995 3060 3068 ἐκείνῃ.
3094 3015 3112 3046 ι

2537 3103 2554 3134 ι
2593 3083 2724 3136 Τότε
2755 3084 3059 3154 προσῆλθεν
3084 3083 3235 3154 αὐτῷ
3261 3086 3295 3154 ἡ
3340 3085 3524 3156 μήτηρ
3561 3084 3669 3138 τῶν
3701 3085 3836 3137 υἱῶν
3862 3085 4028 3139 Ζεϐε-

2457 3175 2608 3228 δαίου
2643 3176 2780 3244 μετὰ
2805 3175 2917 3228 τῶν
2943 3176 3074 3228 υίῶν
3099 3176 3289 3244 αὐτῆς,
3320 3177 3698 3246 προσκυνοῦσα
3727 3181 3819 3231 καὶ
3848 3179 4027 3230 αἰτοῦ-

2457 3266 2526 3318 σά
2549 3283 2602 3318 τι
2633 3271 2762 3337 παρ’
2797 3267 2980 3320 αὐτοῦ.
3020 3267 3080 3319 '0
3124 3268 3181 3321 δὲ
3207 3263 3362 3322 εἶπεν
3401 3271 3536 3339 αὐτῇ
3560 3286 3571 3296 ·
3603 3271 3669 3322 Τί
3706 3269 3918 3334 θέλειςς
3964 3272 4027 3322 'II

2451 3356 2507 3409 δὲ
2527 3353 2713 3408 εἶπεν·
2751 3358 2867 3410 Ἵνα
2901 3358 3200 3411 καθίσωσιν
3228 3352 3372 3411 οὗτοι
3400 3361 3451 3410 οί
3496 3358 3590 3412 δύο
3634 3361 3738 3411 υἱοί
3771 3377 3896 3429 μου,
3951 3356 4029 3422 εἷς

2452 3452 2514 3501 ὲκ
2534 3449 2721 3515 δεξιῶν
2755 3467 2872 3515 σου,
2913 3451 3008 3503 καὶ
3043 3446 3123 3512 εἷς
3153 3451 3211 3514 ἐξ
3237 3450 3531 3520 εὐωνύμων
3566 3468 3659 3503 σου
3689 3451 3746 3502 ἐν
3785 3455 3850 3522 τῇ
3883 3452 4029 3520 βασι·

2453 3542 2570 3612 λεία
2592 3559 2706 3595 σου.
2732 3542 2842 3593 Καὶ
2869 3541 3188 3611 ἀποκριθεὶς
3206 3543 3234 3594 ὁ
3267 3542 3471 3612 Ἰησοῦς
3495 3538 3678 3595 εἷπενο
3712 3543 3824 3595 Οὐκ
3849 3543 4026 3596 οἴδατε

2452 3634 2504 3686 τί
2529 3632 2785 3687 αἰτεῖσθε.
2823 3633 3062 3687 Δύνασθε
3090 3633 3263 3685 πίνειν
3291 3633 3352 3685 τὸ
3379 3636 3635 3704 ποτήριον
3661 3633 3691 3685 ὃ
3720 3633 3832 3700 ἐγὼ
3862 3635 4025 3691 πίνω.

2454 3726 2548 3777 καὶ
2571 3724 2873 3793 βάπτισμα.
2910 3724 2939 3775 ὃ
2968 3724 3320 3794 βαπτίζομαι,
3344 3723 3736 3794 βαπτισθῆναις
3762 3725 4028 3791 Λέγουσιν

2454 3815 2636 3886 αὐτῷ’
2673 3815 2978 3884 Δυνάμεθα.
3035 3815 3196 3882 Λέγει
3241 3815 3459 3878 αὐτοῖς’
3502 3815 3574 3867 Τὸ
3637 3816 3738 3884 μὲν
3768 3817 4028 3884 ποτήριέν

2456 3924 2557 3977 μου
2597 3905 2809 3967 πίεσθε,
2836 3906 2930 3958 καὶ
2965 3904 3024 3957 τὸ
3063 3906 3348 3976 βάπτισμα
3379 3905 3815 3976 βαπτισθήσεσθε
3837 3923 3853 3937 ’
3886 3907 3948 3960 τὸ
3972 3907 4028 3958 δὲ

2453 3999 2672 4052 καθίσαι
2703 3999 2766 4052 ὲκ
2801 3998 2990 4062 δεξιῶν
3014 4016 3140 4068 μου,
3179 3998 3275 4051 καὶ
3305 3999 3364 4064 ἐξ
3417 3999 3714 4068 εὐωνύμων
3764 4016 3888 4069 μου,
3929 4003 4028 4052 οὒκ

2453 4091 2597 4141 ἔστιν
2625 4089 2756 4158 ἐμὸν
2774 4089 2973 4154 δοῦναι,
3018 4089 3134 4142 ἀλλ’
3172 4083 3253 4150 οἷς
3292 4090 3596 4158 ἡτοιμάσθτι
3632 4090 3738 4141 ὑπὸ
3766 4091 3860 4142 τοῦ
3911 4092 4027 4144 Πα-

2451 4182 2578 4250 τρός
2610 4198 2732 4251 μου.
2774 4200 2794 4233 ι

2453 4313 2634 4366 ΤΙΤΛ.
2684 4312 2816 4368 ΜΓ.
2846 4344 2915 4352 -
2942 4315 3079 4382 Περὶ
3120 4316 3499 4381 ἀπληστίας·
3544 4317 3639 4368 καὶ
3687 4317 3774 4368 ὅτι
3831 4318 4027 4381 0.1.1:}-

2524 4399 2681 4446 στως
2708 4383 2928 4450 ἔχομεν
2947 4384 3095 4451 πρὸς
3127 4383 3241 4452 τὴν
3271 4386 3376 4439 τοῦ
3407 4387 3689 4452 πλείονος
3725 4387 3952 4454 ὄρεξιν.

2531 4513 2548 4544 t
2585 4494 2752 4564 ’ᾍδης
2772 4497 2868 4549 καὶ
2921 4496 3168 4549 ἀπώλεια
3201 4498 3302 4548 οὐκ
3331 4498 3667 4566 ἐμπίπλαται
3694 4515 3709 4528 °
3760 4500 4026 4562 ὡσαύτως

2457 4584 2550 4638 καὶ
2581 4586 2628 4636 οἱ
2656 4585 2923 4656 ὀφθαλμοὶ
2949 4586 3058 4639 τῶν
3079 4585 3381 4656 ἀνθρώπων
3402 4587 3688 4656 ἄπληστοι.
3727 4606 3744 4637 ι

2532 4775 2550 4808 ι
2587 4757 2700 4809 Οὐκ
2729 4755 3171 4827 ἐμπλησθήσεται
3194 4757 3466 4827 ὀφθαλμὸς
3493 4757 3587 4812 τοῦ
3627 4759 3759 4828 ὀρᾷν
3781 4798 3795 4821 ,
3839 4776 3932 4812 και
3965 4777 4024 4812 ου

2455 4845 2873 4916 πληρωθήσεται
2902 4842 2994 4909 οὖς
3023 4846 3133 4898 ἀπὸ
3163 4847 3500 4917 ἀκροάσεως.
3539 4867 3557 4898 ι

2531 4959 2548 4989 ι
2586 4940 2662 4991 Δι’
2687 4939 2993 5009 ἀπληστίαν
3027 4939 3211 4992 πολλοὶ
3249 4941 3625 5009 ἐτελεύτησαν.
3676 4960 3692 4991 ι

2539 5143 2836 5211 Ἀπληστία
2869 5142 3142 5213 σώματος.
3170 5142 3265 5196 καὶ
3285 5144 3409 5206 τοὶς
3441 5141 3508 5194 τὰ
3528 5142 3656 5196 ἄλλα
3698 5146 3895 5208 crs-3:05;
3931 5147 4024 5196 ἐκ·

2459 5233 2668 5302 μαίνειν
2690 5232 2932 5297 δύναται,
2965 5233 3058 5284 καὶ
3081 5236 3261 5302 χεῖρον
3296 5236 3514 5303 φρονεῖν
3548 5232 3820 5300 βιάζεται,
3856 5235 4024 5287 καθα-

2457 5342 2560 5395 περ
2589 5325 2844 5397 ὑϐριστὴς
2874 5325 3072 5390 πῶλος,
3104 5325 3196 5378 τὸν
3224 5325 3478 5394 λογισμὸν
3505 5327 3852 5394 συναρπάζειν
3865 5342 3949 5378 σα.

2529 5620 2763 5682 Ἀὓπνός
2799 5620 2912 5670 ἐστι
2974 5618 3068 5670 καὶ
3096 5617 3391 5688 άκοίμητος
3428 5617 3559 5687 :pb;
3589 5617 3687 5685 τὴν
3716 5614 3809 5667 τοῦ
3840 5615 4022 5666 πλεῖο-

2457 5734 2541 5779 νος
2575 5713 2862 5781 ἐπιθυμίαν
2883 5713 2916 5779 ἡ
2947 5708 3258 5780 ἀνθρωπίνη
3281 5711 3460 5779 φύσις.

2535 5808 2592 5858 '0
2632 5802 2830 5871 φαῦλος
2862 5799 2947 5852 ἀεὶ
2979 5800 3257 5869 πολνδεὴς,
3296 5801 3381 5853 ἀεὶ
3412 5801 3576 5853 δεξιῶν
3626 5800 3731 5852 τῶν
3765 5799 4022 5852 itu:th
