4210 6448
189 438 326 503 1253

1438 434 1676 494 SACRA
1712 433 2145 492 PARAILELA
2160 480 2174 493 .

3281 428 3417 493 1254

175 557 452 625 ἀπλήστου
481 551 575 607 καὶ
610 552 906 622 ἀκορέστου
938 548 1095 620 χάριν
1140 547 1435 618 ἐπιθυμίας
1456 590 1472 615 ,
1500 548 1534 619 ἢ
1572 543 1745 616 πυρὸς
1770 548 1821 606 Δ

1770 548 1821 606 Δ
1848 553 1976 613 get:
2016 558 2236 613 semper
2275 543 2396 601 sitit
2428 552 2662 615 propter
2716 547 3104 614 tuesplebilem
3147 546 3422 617 cupidita—

177 648 334 719 δίκην
360 646 533 701 πάντα
565 644 738 717 μικρά
764 660 843 707 τε,
870 642 964 697 καὶ
994 640 1205 712 μεγάλα
1238 639 1403 692 πίνει.

484 867 664 922 ΤΙΤΔ.
698 868 828 921 MA’.
859 896 929 904 —
955 862 1093 931 Περὶ
1114 860 1406 932 ’ἀδελφῶν

254 1001 272 1033 ι
306 980 381 1033 Οὐ
440 979 693 1063 μισήσεις
741 978 832 1030 τὸν
881 974 1111 1043 ἀδελφόν
1157 991 1251 1027 σου
1304 976 1364 1026 ὲν
1418 974 1486 1043 τῇ
1532 971 1744 1042 διανοίᾳ

285 1111 299 1125 .
328 1089 347 1123 ι

177 1089 278 1216 σοἴ
321 1162 451 1217 Ἰδοὺ
480 1161 543 1232 δὴ
561 1162 613 1214 τί
640 1160 822 1226 καλὸν,
853 1159 886 1231 ἢ
916 1159 970 1211 τί
990 1157 1244 1230 τερπνὸν,
1272 1154 1388 1209 ἀλλ’
1416 1155 1448 1226 ἢ
1472 1157 1531 1209 τὸ
1557 1172 1745 1210 κατοιο

173 1258 295 1309 κεῖν
324 1256 584 1324 ἀδελφοὺς
614 1255 707 1307 ἐπὶ
732 1254 793 1306 τὸ
831 1251 985 1305 αὐτό.
1027 1271 1046 1303 ›

254 1367 273 1400 ι
322 1345 563 1415 Ἀδελφοί
595 1347 653 1400 ἐν
678 1345 888 1416 ἀνάγκῃ
910 1345 1168 1415 χρήσιμοι
1188 1342 1449 1396 ἔστωσαν.
1482 1359 1500 1392 ι

255 1544 273 1576 ι
321 1522 569 1592 ’ἀδελφὸς
615 1519 718 1575 ὑπὸ
770 1518 999 1589 ἀδελφοῦ
1057 1515 1438 1587 βοηθούμενος,
1480 1513 1558 1577 ὡς
1590 1512 1744 1577 πόλις

175 1617 510 1689 ίσχυρὲι,καὶ
533 1615 730 1686 ὑψηλή.
771 1614 966 1684 ’ἰσχύει
1006 1612 1063 1665 δὲ
1104 1610 1295 1682 ὥσπερ
1340 1607 1743 1677 τεθεμελιωμέ-

171 1726 265 1762 νον
296 1708 477 1778 βασίλε
487 1724 584 1760 ιον.
623 1724 642 1757 ι

250 1818 269 1850 ι
304 1800 413 1861 Πᾶς
452 1800 481 1850 ὁ
521 1796 750 1865 ἀδελφὸν
794 1793 1004 1865 πτωχὸν
1052 1792 1251 1864 μισῶν,
1294 1790 1477 1861 φιλίας
1518 1789 1737 1862 μακράν

169 1893 341 1944 ἐστιν.
384 1909 404 1940 ι

248 2002 267 2035 ι
300 1982 583 2054 Κρείσσων
634 1980 787 2051 φίλος
835 1981 1023 2050 ἐγγὺς,
1070 1980 1121 2051 ﬂ:
1148 1978 1377 2048 ἀδελφὸς
1410 1979 1628 2049 μακρὰν
1657 1977 1739 2031 ol-

166 2091 305 2129 κων.
339 2093 356 2125 ι

250 2186 269 2219 ι
317 2165 557 2233 Ἀδελφοὶ
588 2164 679 2218 καὶ
714 2162 931 2234 βοήθεια
957 2161 1015 2215 ἐν
1046 2160 1220 2232 καιρῷ
1252 2160 1505 2231 θλίψεως.
1544 2178 1562 2211 ι

246 2364 265 2396 ι
309 2344 399 2414 Μὴ
448 2342 682 2412 ἀλλάξῃς
722 2338 951 2410 ἀδελφὸν
983 2340 1202 2410 γνήσιον
1260 2340 1316 2390 ὲν
1369 2336 1576 2407 χρυσίῳ
1606 2335 1739 2387 Σου-

162 2449 290 2500 ιριρ.
330 2448 349 2480 ι

161 2542 349 2595 ΤΙΤΛ.
379 2538 511 2595 ME’.
545 2568 613 2580 —
649 2542 789 2607 Περι
833 2539 1199 2625 αἰτούντων,
1252 2535 1443 2606 ἤγουν
1484 2551 1737 2605 προσαι-

814 2624 1080 2661 τουντων
1086 2647 1099 2659 .

246 2743 264 2775 ι
299 2723 521 2788 Τέκνον,
550 2721 694 2793 (Iqu
724 2720 1062 2789 ὲπαιτήσεως
1092 2720 1167 2788 μὴ
1209 2718 1430 2789 βιὼσῃς.
1467 2719 1735 2790 Κρεῖσσον

159 2818 272 2888 γὰρ
303 2816 609 2878 ἀποθανεῖν,
653 2815 686 2883 ἥ
744 2814 1007 2865 ἐπαιτεῖν.
1068 2812 1155 2865 Ἐν
1204 2811 1433 2880 στόματι
1478 2812 1735 2875 ἁναιδοῦς

160 2908 600 2977 γλυκανθήσεται
638 2905 977 2974 ὲπαιτήσεως
1020 2902 1188 2964 δόσις,
1226 2902 1320 2954 καὶ
1346 2902 1405 2954 ὲν
1431 2901 1611 2972 κοιλίᾳ
1640 2902 1735 2954 αὐ-

158 3000 262 3054 τοῦ
290 2999 399 3069 πῦρ
428 3001 720 3069 καήσεται.
760 3016 779 3049 ›

398 3115 577 3167 ΤΙΤΛ.
607 3112 755 3179 MG".
780 3143 848 3153 —
879 3113 1015 3178 Περὶ
1047 3110 1499 3180 αἰσχρολογίας.

244 3247 262 3279 ι
294 3226 605 3299 Φθείρουσιν
624 3226 727 3297 ἢθη
752 3226 963 3296 χρηστὰ
992 3225 1199 3295 ὁμιλίαι
1233 3226 1422 3279 κακαί.
1464 3244 1481 3276 ι

238 3425 257 3459 ι
291 3406 408 3467 Πᾶς
435 3404 589 3471 λόγος
619 3402 826 3471 σαπρὸς
857 3402 930 3471 μὴ
963 3398 1345 3470 ἐκπορευέσθω
1380 3400 1444 3453 ὲκ
1476 3399 1571 3452 τοῦ
1614 3398 1733 3452 στό-

162 3516 335 3570 ματος
365 3495 540 3566 ὑμῶν,
574 3493 687 3546 ἀλλ’
716 3493 767 3545 εί
791 3510 874 3554 τις
896 3492 1096 3559 ἀγαθὸς
1140 3491 1275 3563 πρὸς
1317 3491 1603 3563 οἰκοδομὴν
1631 3490 1730 3561 τῆς

160 3591 372 3662 χρείας,
404 3589 488 3640 ἵνα
509 3586 584 3654 δῷ
615 3586 772 3656 χάριν
802 3587 912 3645 τοῖς
938 3584 1248 3638 ἁκούουσιν.
1283 3602 1301 3633 ι

237 3703 255 3734 s
292 3679 591 3750 Αίσχρότης
628 3676 1079 3747 καὶμωροὶργία,
1114 3676 1144 3745 ἢ
1177 3675 1532 3745 εὐτραπελία,
1561 3677 1630 3730 τὰ
1654 3676 1729 3749 μὴ

157 3779 451 3844 ἀνήκοντα,
487 3769 621 3842 μηδὲ
645 3769 1095 3838 ὀνομαζέσθωσαν
1125 3769 1182 3821 ὲν
1212 3768 1361 3838 ὑμῖν,
1388 3769 1570 3833 καθὼς
1596 3770 1729 3840 πρέ-

156 3883 252 3918 πει
282 3864 484 3932 ἁγίοις.
528 3881 546 3913 ι

231 4064 252 4097 ι
290 4040 649 4112 Αἰσχρολογία
704 4039 779 4112 μὴ
846 4038 1148 4109 ὲξερχὲσθω
1201 4040 1265 4091 ὲκ
1316 4037 1408 4091 τοῦ
1456 4039 1723 4111 στόματος

156 4134 337 4205 ὑμῶν.
378 4152 397 4183 ι

239 4226 307 4277 Ἦ
361 4223 467 4275 τῶν
498 4223 667 4290 λόγων
704 4220 953 4290 συνήθεια
974 4221 1089 4284 ὁδός
1113 4222 1262 4273 ἔστιν
1296 4222 1389 4272 ἐπὶ
1444 4221 1511 4275 τὰ
1542 4222 1721 4292 πράγ-

159 4332 329 4386 ματα.
369 4314 460 4366 Διὸ
485 4314 634 4384 πάσῃ
662 4313 871 4383 φυλακῇ
897 4312 992 4383 τὴν
1010 4312 1185 4383 ψυχὴν
1216 4314 1500 4384 τηρητέον,
1536 4317 1611 4386 μὴ
1635 4316 1723 4369 διὰ

153 4408 259 4477 τῆς
292 4404 399 4457 τῶν
433 4405 606 4472 λόγων
647 4405 836 4473 ἡδονῆς
894 4403 1326 4472 παραδεξάμενοί
1350 4420 1423 4468 τι,
1469 4402 1722 4475 λάθωμεν

153 4497 267 4549 τῶν
293 4494 547 4564 χειρόνων
572 4534 587 4556 ,
625 4495 811 4563 ὥσπερ
854 4492 1294 4564 καταδηλητήρια
1329 4494 1468 4564 μετὰ
1495 4494 1590 4548 τοῦ
1620 4496 1721 4566 μέ-

155 4587 307 4648 λιτος
328 4585 694 4656 προσιέμενοι.

231 4783 419 4839 Κακοῦ
446 4785 642 4854 μελέτη
672 4783 846 4857 χρόνῳ
891 4783 1249 4853 βεϐαιωθεῖσα
1278 4783 1523 4847 δυττίατιί;⁵
1548 4784 1714 4852 ἐστιν,

156 4881 191 4949 ἦ
219 4878 319 4931 καὶ
366 4876 641 4939 παντελῶς
687 4880 765 4940 είς
797 4876 955 4944 φύσιν
995 4876 1069 4939 ὡς
1115 4877 1181 4929 τὰ
1228 4875 1399 4929 πολλὰ
1438 4876 1532 4930 τοῦ
1564 4876 1718 4941 ἔθους

162 4968 585 5040 μεθισταμένου.

233 5240 409 5307 Κηρῷ
444 5241 513 5294 τὰ
534 5235 653 5295 ὦτα
684 5243 920 5311 φρὰσσε
945 5242 1092 5311 πρός
1113 5248 1382 5311 φαυλους
1408 5244 1645 5311 λόγους,

244 5312 431 5381 ᾮδῶν
461 5329 525 5365 τε
552 5310 819 5379 τερπνῶν
842 5310 1062 5381 ἐκμελῆ
1100 5310 1462 5381 λυγίσματα.

234 5405 461 5473 Αἱοχροὶ
514 5405 609 5458 καὶ
666 5404 951 5469 είκαῖοι,οί
980 5404 1045 5469 ἐν,
1079 5405 1192 5466 τοῖς
1224 5402 1472 5471 ματαίοις
1498 5405 1718 5474 εὐφυΐαν

164 5498 652 5561 ἀνεπιδεικνύντες,
680 5496 894 5568 βραδεῖς
922 5497 1020 5567 μὲν
1044 5497 1196 5559 ὄντες
1222 5496 1290 5550 τὰ
1312 5495 1448 5550 καλὰ
1476 5498 1718 5551 παιδεύε-

165 5588 310 5649 σθαι,
347 5590 414 5641 τὰ
443 5590 498 5642 δὲ
530 5590 745 5644 ἐναντία
783 5589 1069 5645 μανθάνειν
1095 5586 1341 5654 ὀξύτατοι
1380 5589 1472 5642 καὶ
1499 5606 1718 5660 προχει-

169 5675 408 5743 ρότατοι.

246 5849 627 5923 Αἰπχρολογίας
658 5858 837 5922 αὐτοῖς
869 5877 926 5913 τε
960 5860 1089 5931 ἡμῖν
1117 5860 1392 5925 παντελῶς
1435 5862 1712 5931 ἀφεκτέον,

1850 642 1982 695 tem,
2020 650 2125 703 qua
2162 635 2309 688 velut
2360 635 2501 704 ignis
2549 638 2603 690 in
2631 636 2838 700 omnia,
2878 646 2984 692 tam
3036 653 3205 709 parva
3260 652 3424 705 quam

1849 740 2068 796 magna,
2099 736 2404 797 grassatur.

2089 861 2254 933 379
2300 858 2433 912 Tl'l'.
2467 859 2650 915 XLIV.
2682 895 2751 905 _
2782 863 2861 918 De
2890 863 3172 933 fratribus.

1918 973 2087 1028 Leuit.
2118 988 2231 1033 six,
2271 969 2356 1023 17.
2384 998 2453 1009 -
2488 989 2505 1021 ι
2544 971 2661 1025 Non
2698 975 2884 1030 oderis
2926 974 3151 1027 fratrem
3184 982 3339 1027 tuum
3367 972 3421 1027 ir

1847 1077 2027 1122 mente
2050 1075 2162 1120 tua.
2202 1085 2219 1115 ι

1916 1158 2065 1213 Psat.
2091 1174 2298 1220 cxxxu,
2339 1160 2390 1216 1.
2412 1191 2477 1200 -
2517 1179 2535 1211 ι
2570 1159 2708 1215 Ecce
2744 1176 2905 1229 quam
2936 1161 3162 1222 bonum,
3182 1169 3238 1213 et
3260 1173 3423 1228 quam

1840 1250 2166 1321 jucundum,
2196 1252 2444 1307 habitare
2472 1251 2672 1306 fratres
2714 1253 2765 1306 in
2805 1268 2997 1305 unum.
3041 1270 3059 1301 ι

1920 1342 2076 1396 Prov.
2119 1358 2263 1408 xru,
2309 1342 2395 1397 t7.
2437 1373 2509 1383 —
2554 1362 2574 1395 ι
2630 1342 2854 1398 Fratres
2894 1343 2951 1396 in
2995 1340 3424 1397 necessitatibus

1845 1434 2007 1502 utiles
2045 1434 2176 1487 siut.
2212 1454 2229 1485 ι

1915 1527 2071 1580 Prov.
2107 1527 2368 1592 xvur,19.
2390 1555 2459 1565 -—
2479 1543 2498 1575 ι
2525 1524 2716 1580 Frater
2742 1527 2836 1597 qui
2860 1526 3154 1595 adjuvatur
3176 1540 3205 1579 a
3231 1525 3420 1589 fratre,

1841 1619 2003 1687 quasi
2030 1619 2226 1674 civitas
2260 1621 2414 1673 tinna
2446 1626 2500 1672 et
2522 1619 2741 1673 excelsa
2775 1639 2789 1672 :
2821 1618 2981 1674 fortis
3016 1628 3197 1673 autem
3229 1628 3313 1672 est
3342 1622 3421 1682 uti

1841 1709 1990 1777 regia
2030 1708 2274 1765 fundata.
2308 1729 2326 1762 ι

1916 1804 2072 1857 Prov.
2101 1822 2212 1868 xix,
2252 1807 2303 1859 7.
2332 1835 2404 1845 —
2438 1827 2456 1858 ι
2492 1806 2685 1860 Omnis
2714 1806 2805 1876 qui
2848 1820 3145 1876 pauperem
3195 1805 3420 1860 fratrem

1769 1920 1813 1975 Β
1840 1899 1969 1953 οόίο
1997 1899 2180 1961 habet,
2213 1902 2281 1953 ab
2314 1901 2557 1955 amicitia
2590 1902 2751 1970 longe
2788 1908 3033 1954 remotus
3061 1908 3166 1953 est.

1913 1988 2067 2044 Prov.
2111 2006 2282 2053 xxvu,
2319 1991 2405 2044 10.
2433 2020 2503 2030 --
2535 2009 2555 2042 ‹
2588 1989 2780 2044 Melior
2817 1999 2903 2045 est
2932 1989 3155 2046 vicinus
3184 1990 3414 2057 amicus,

1841 2096 2002 2151 quam
2040 2081 2210 2136 frater
2240 2085 2396 2153 longe
2426 2082 2701 2136 habitans.
2744 2102 2762 2134 ι

1910 2171 2077 2226 Eccli.
2116 2188 2203 2236 χι,
2236 2171 2326 2225 94.
2357 2204 2423 2213 —-
2462 2192 2478 2224 ι
2514 2171 2737 2227 Fratres
2792 2172 3133 2243 adjutorium
3179 2183 3311 2228 sunt
3362 2175 3412 2228 in

1839 2264 1924 2319 die
1959 2265 2351 2319 tribulationis.
2392 2283 2411 2316 ι

1910 2352 2079 2406 Eccli.
2121 2370 2217 2415 vn,
2278 2355 2459 2407 18.—
2514 2374 2530 2404 ι
2578 2352 2654 2409 Ne
2702 2355 3134 2411 commutaveris
3192 2354 3408 2409 fratrm

1837 2447 2113 2502 sincerum
2156 2462 2289 2499 auro
2325 2446 2548 2515 Sopliir.
2594 2466 2613 2498 ι

2116 2562 2250 2617 ΤΙΤ.
2286 2561 2449 2617 XLV.
2475 2593 2545 2603 —-
2574 2563 2651 2618 De
2690 2563 3110 2619 mendicantibus

1906 2733 2072 2788 Eccli.
2109 2753 2196 2799 ιι..
2228 2736 2319 2803 Ξ8,
2356 2736 2444 2790 50.
2471 2768 2539 2778 -
2569 2758 2587 2791 ι
2619 2737 2748 2801 Fili,
2786 2755 2855 2795 ne
2882 2742 3050 2794 vitam
3083 2756 3215 2812 agas
3262 2758 3413 2796 men-

1834 2822 1966 2878 dici.
1997 2825 2193 2879 Melius
2225 2834 2312 2881 est
2357 2828 2503 2880 enim
2554 2829 2715 2894 mori,
2761 2846 2923 2899 quam
2981 2833 3317 2887 mendicare.
3352 2831 3415 2885 ln

1833 2932 1929 2969 ore
1981 2918 2319 2987 impudentis
2374 2920 2798 2975 cnndulcabitur
2838 2923 3264 2981 tuendicationis
3312 2926 3397 2981 d0-

1833 3019 1984 3071 uutn,
2013 3015 2066 3059 et
2101 3007 2152 3058 in
2188 3016 2375 3061 ventre
2403 3010 2524 3077 ejus
2563 3010 2705 3077 ignis
2735 3012 2971 3066 ardebit.
3014 3032 3033 3064 ι

2148 3116 2282 3171 ΤΙΤ.
2318 3118 2502 3175 XLVI.
2533 3151 2604 3160 —
2640 3122 2712 3177 De
2744 3125 3088 3196 turpiloquio.

1907 3227 2082 3283 ICor.
2129 3248 2219 3293 xv,
2269 3234 2357 3287 55.
2402 3265 2471 3273 -
2510 3254 2528 3287 ι
2575 3236 2948 3310 Corrumpunt
3000 3241 3177 3296 bonos
3228 3258 3413 3298 mores

1833 3321 2107 3390 colloquia
2144 3338 2330 3391 prava.
2365 3345 2382 3375 ι

1903 3411 2092 3480 Epltes.
2119 3431 2192 3476 iv,
2231 3416 2315 3469 l9.
2344 3448 2414 3456 —
2458 3438 2474 3468 ι
2507 3418 2700 3475 Omnis
2745 3438 2930 3477 sermo
2972 3424 3148 3479 malus
3194 3424 3262 3480 de
3313 3442 3411 3483 ore

1830 3515 2013 3558 vestro
2045 3522 2153 3560 non
2188 3509 2449 3577 procedat
2480 3529 2492 3564 :
2528 3513 2619 3566 sed
2653 3516 2698 3568 si
2742 3516 2869 3582 quis
2914 3516 3091 3571 bonus
3118 3517 3187 3571 ad
3234 3517 3410 3573 aditi-

1830 3598 2101 3650 cntionem
2149 3601 2532 3666 necessitatis,
2584 3612 2644 3658 ut
2697 3604 2788 3660 det
2837 3607 3070 3677 gratiam
3127 3609 3413 3665 audienti~

1830 3684 1956 3739 bus.
1995 3704 2014 3736 ι
2492 3714 2495 3715 ν

1902 3777 2089 3844 Eplies.
2118 3795 2172 3843 γ,
2205 3782 2258 3835 4.
2285 3811 2355 3821 ——
2389 3800 2408 3834 ι
2436 3782 2767 3854 Turpitudo,
2802 3798 2855 3841 et
2895 3788 3317 3860 stultiloquium,
3350 3802 3404 3848 et

1828 3870 2158 3936 scurrilitas,
2188 3889 2308 3942 qua:
2327 3874 2391 3927 ad
2420 3890 2531 3929 rem
2562 3892 2670 3930 non
2700 3881 2997 3947 pertinent,
3026 3898 3093 3936 ne
3113 3885 3389 3940 nominen-

1825 3969 1915 4015 tur
1946 3964 1996 4015 in
2033 3964 2213 4030 vobis,
2251 3968 2392 4021 sicut
2416 3969 2575 4023 decet
2603 3981 2848 4029 sanctos.
2884 3993 2903 4024 ι

1897 4050 2104 4108 Coloss.
2150 4072 2229 4119 Ill,
2261 4056 2313 4110 8.
2342 4087 2411 4099 —
2464 4077 2484 4109 ι
2517 4056 2718 4130 Turpis
2752 4078 2935 4118 sermo
2971 4080 3080 4119 non
3127 4078 3284 4122 exeat
3331 4066 3400 4123 de

1824 4159 1919 4197 ore
1952 4156 2156 4199 VBSU'O.
2194 4164 2212 4197 ι

1893 4231 2057 4286 Basil.
2104 4234 2275 4288 Serm.
2313 4236 2380 4288 ad
2415 4237 2537 4305 jun.
2570 4269 2641 4327 -ετ-
2671 4238 2999 4297 Sermonum
3054 4250 3397 4305 consuetudo

1823 4324 1889 4379 ad
1919 4340 2004 4378 res
2038 4326 2188 4394 ipsas
2218 4328 2359 4381 viam
2411 4324 2621 4397 pandit:
2652 4332 2924 4398 Quocirca
2966 4338 3394 4409 diligentissime

1821 4416 2229 4474 conservandus
2259 4429 2343 4473 est
2373 4420 2590 4477 animus
2615 4461 2631 4486 ,
2678 4440 2747 4479 ne
2794 4442 2890 4494 per
2937 4444 3255 4486 sermonum
3291 4449 3390 4487 vo-

1821 4506 2099 4573 luptatem,
2137 4507 2265 4560 mali
2294 4508 2571 4578 quidpiam
2607 4512 2984 4581 imprudentes
3005 4520 3386 4589 excipiamus;

1748 4601 1792 4656 D
1820 4612 1928 4651 non
1972 4611 2134 4652 secus
2164 4613 2228 4653 ac
2262 4600 2310 4653 si
2355 4603 2531 4656 toxica
2564 4604 2725 4660 melle
2765 4605 3011 4663 delibuta
3068 4610 3387 4671 admittere-

1819 4703 1965 4741 mus.

1887 4777 2157 4846 Ejusdem.
2183 4780 2396 4835 —-—Mali
2430 4783 2671 4837 studium
2720 4786 3082 4845 diuturnitate
3118 4794 3381 4863 temporis

1818 4870 2222 4933 confirmatum,
2252 4873 2336 4925 vix
2363 4888 2625 4942 unquam,
2650 4891 2713 4931 ac
2741 4894 2807 4933 ne
2834 4881 2923 4933 vix
2954 4883 3171 4950 quidem
3195 4888 3378 4941 curari

1820 4971 2015 5032 potest,
2059 4965 2456 5019 consuetudine
2491 4967 2816 5039 plerumque
2871 4972 2925 5026 in
2978 4983 3230 5031 naturam
3274 4981 3371 5033 mi-

1817 5062 2023 5123 graute.

2199 5142 2256 5198 S.
2283 5127 2435 5215 (ἶνές.
2471 5146 2610 5203 Naz.
2644 5149 2873 5206 Tctrast.
2904 5154 2990 5206 17.

1993 5230 2219 5285 Occlude
2243 5250 2361 5286 cera
2392 5236 2630 5304 turpibus
2658 5241 2824 5292 verbis
2857 5252 2976 5295 tuas

1991 5304 2179 5367 Aures,
2204 5306 2446 5372 sonisque
2478 5317 2725 5361 cantuum
2761 5310 3112 5367 mollissimis.

1890 5393 2141 5446 Philonis.
2175 5423 2243 5431 —
2270 5393 2481 5465 Turpes
2514 5406 2568 5452 et
2598 5400 2722 5454 vani
2758 5413 2885 5455 sunt
2924 5403 3027 5467 illi,
3062 5406 3153 5473 qui
3189 5405 3244 5459 in
3284 5422 3369 5461 re-

1817 5484 1919 5539 bus
1959 5484 2113 5539 vanis
2148 5485 2349 5555 ingenii
2389 5489 2667 5556 specimen
2703 5490 2891 5557 edunt,
2930 5503 2984 5549 et
3027 5512 3149 5550 cum
3179 5496 3245 5550 ad
3278 5513 3364 5553 res

1817 5577 2107 5649 praeclaras
2140 5577 2496 5634 addiscendas
2529 5582 2668 5636 tardi
2700 5586 2834 5649 sint,
2861 5594 3051 5641 contra
3083 5589 3149 5642 ad
3177 5596 3363 5659 turpes

1817 5668 2204 5742 perpetrandas
2248 5669 2565 5728 celerrimos
2619 5689 2679 5729 se
2726 5684 2781 5730 et
2830 5678 3178 5735 acutissimos
3219 5695 3361 5749 ρηο-

1819 5765 1963 5818 bent.

1885 5857 2049 5914 Clem.
2074 5858 2282 5933 Pwdag.
2314 5876 2372 5930 ιι,
2414 5876 2536 5933 cap.
2572 5863 2623 5921 6.
2652 5894 2717 5905 —
2746 5865 2827 5921 Ab
2866 5865 3205 5923 obscenitate
3245 5882 3364 5925 ser-
