4210 6448
849 439 981 500 1255

2016 421 2077 478 S.
2111 420 2429 478 JOANNIS
2468 421 2896 485 DAMASCENI

3943 430 4072 495 1256

844 543 1020 601 monis
1043 555 1149 594 non
1174 537 1274 607 ipsi
1298 542 1507 589 tantum
1533 533 1795 588 debemus
1833 532 2130 595 abstinere,
2154 532 2249 586 sed
2275 532 2397 586 illos
2429 547 2472 597 Α
2501 553 2506 585 :

2429 547 2472 597 Α
2501 536 2595 586 καὶ
2645 538 2773 599 τοὺς
2821 538 3136 608 χρωμένους
3169 541 3306 611 αύτῇ
3345 543 3780 612 ἐπιστομιττέον,
3827 547 3923 597 καὶ
3948 547 4069 614 (ψει

842 651 1078 709 quoque,
1121 632 1212 701 qui
1259 644 1320 683 ea
1357 638 1606 692 utuntur,
1664 627 2049 695 comprimere,
2091 637 2204 679 tum
2241 641 2393 694 aspe-

844 733 989 784 riore
1039 728 1251 781 obtutu,
1298 729 1414 772 tum
1458 721 1641 773 vultus
1690 718 2015 778 aversione,
2068 727 2184 772 tum
2233 723 2395 773 etiam

843 823 1087 886 sanniis,
1139 827 1254 870 tum
1304 814 1522 869 demum
1569 816 1769 884 saepius
1826 815 2222 870 vehementiori
2281 832 2398 871 scr-

841 929 1019 970 mone.

919 1006 1051 1060 ibid;
1084 1035 1155 1046 -—
1204 1002 1559 1060 Petulantiam
1601 999 1656 1052 in
1714 998 2062 1054 sermonibus
2108 999 2395 1064 adhibere,

840 1097 942 1150 hoc
975 1095 1122 1160 facit,
1152 1104 1209 1148 ut
1240 1094 1496 1160 deinceps
1528 1091 1582 1143 in
1621 1089 1783 1143 rebus
1815 1088 1948 1158 ipsis
1982 1104 2080 1143 nos
2112 1090 2399 1146 inhoneste

876 1203 1112 1241 eramus.

876 1205 1112 1241 eramus.

840 1205 871 1258 Β
910 1277 1047 1330 Ibid.
1077 1277 1397 1329 ——-Prorsus
1436 1270 1816 1326 abstinendum
1855 1278 1941 1324 est
1969 1286 1997 1322 a
2033 1271 2275 1342 turpium
2313 1289 2398 1326 re-

841 1387 957 1424 rum
1005 1370 1314 1428 auditione,
1363 1366 1728 1432 obscenisque
1787 1365 2161 1432 spectaculis;
2224 1367 2398 1419 multo

839 1462 1012 1530 magis
1071 1476 1197 1514 vero
1242 1459 1310 1513 ab
1359 1455 1664 1510 inhonestis
1719 1455 1883 1508 rebus
1934 1469 2104 1523 puros
2144 1469 2245 1508 nos
2275 1470 2397 1510 esse

837 1562 1067 1620 Oportet.
1107 1552 1210 1605 lter
1249 1550 1315 1602 ad
1361 1547 1752 1617 impudentiam
1786 1555 1870 1600 est
1901 1548 2171 1600 sermonis
2201 1550 2397 1601 obsce-

838 1645 1002 1703 nitas,
1034 1652 1088 1695 et
1122 1641 1242 1695 finis
1273 1639 1557 1706 utriusque
1596 1645 1680 1690 est
1712 1636 2010 1690 obscenum
2047 1636 2286 1690 facinus.

914 1730 1567 1804 Didymi.—Periculum
1616 1743 1760 1797 saepe
1811 1727 1968 1782 aﬂ'ert
2014 1728 2195 1797 turpia
2229 1729 2394 1783 verba

839 1827 1049 1879 audire.

2499 628 2821 700 δριμυτέρα,
2865 633 2959 684 καὶ
2990 631 3282 703 προσώπου
3332 637 3670 707 ἁποστροςῇ,
3703 640 3796 691 καὶ
3823 639 3903 708 τῷ
3931 641 4070 693 ἀπο-

2501 723 2867 792 μυκτηρισμῷ
2887 724 3224 795 καλουμένῳ,
3259 728 3515 791 πολλάκις
3554 729 3610 782 δὲ
3640 733 3731 784 καὶ
3765 733 3909 801 λόγῳ
3939 735 4069 804 Θρα-

2501 814 2732 882 συτέρῳ.

2569 991 2644 1043 Τὸ
2666 993 2724 1044 ἐν
2747 994 2857 1055 τοῖς
2883 993 3143 1064 ὀνόμασιν
3168 998 3443 1062 ἀτακτεῖν,
3473 1000 3702 1055 μελέτην
3723 1004 3944 1072 ἐμποιεῖ
3971 1008 4065 1060 τοῦ

2497 1085 2592 1134 καὶ
2620 1086 2700 1147 εἰς
2729 1086 2797 1139 τὰ
2815 1086 2953 1157 ἔργα
2985 1089 3271 1159 ἀκοσμεῖν.

2567 1263 2750 1336 Πάντη
2780 1267 3043 1335 ἀφεκτέον
3073 1270 3314 1338 αἰσχρῶν
3336 1273 3697 1342 ἀκουσμάτων
3733 1276 3828 1329 καὶ
3853 1278 4062 1348 θεαμά-

2496 1370 2636 1407 των·
2669 1357 2804 1410 πολὺ
2835 1358 2892 1410 δὲ
2922 1359 3081 1412 πλέον
3107 1360 3284 1429 ἔργων
3308 1365 3550 1434 αἰσχρῶν
3584 1367 3974 1435 καθαρευτέον.
3995 1403 4061 1415 -

2511 1447 2654 1509 Ὁδὸς
2687 1449 2772 1499 ἐπ’
2831 1450 3208 1521 ἀναισχυντίαν
3256 1455 3289 1522 ἡ
3340 1457 3711 1527 αἰσχρολογία,
3762 1462 3860 1514 καὶ
3909 1464 4060 1525 τέλος

2496 1539 2696 1607 ἀμφοῖν
2721 1540 2755 1608 ἡ
2779 1541 3155 1610 αἰσχρουργία.

2565 1718 2824 1773 Κίνδυνον
2878 1721 3033 1792 φέρει
3091 1722 3348 1789 πολλάκις
3398 1729 3459 1780 τὸ
3498 1730 3817 1801 δυσφήμους
3869 1734 4059 1800 λύγους

2494 1809 2729 1865 ἀκούειν.

838 1936 971 1991 τιτ.
1004 1934 1301 1990 XLVII.—-
1331 1936 1493 2004 330
1526 1933 1603 1988 De
1647 1932 2038 2005 maledictione,
2091 1948 2183 1986 seu
2220 1933 2384 2002 juste,
2418 1915 2500 1969 Β·

2418 1915 2460 1969 Β
2493 1927 2672 1980 ΤΙΤΛ.
2706 1929 2836 2005 stz'.
2877 1961 2947 1970 —
2975 1933 3114 2005 Περι
3154 1930 3300 1999 ἀμὶς
3323 1937 3585 2005 εὐλόγως
3619 1938 3653 2005 ἧ
3691 1939 3916 2005 ἀδίκως
3960 1942 4057 1993 επ.

906 2026 995 2062 seu
1031 2008 1223 2075 injuste
1252 2002 1493 2073 proiuiu’;
1529 2015 1577 2058 et
1618 2004 1755 2074 quod
1797 2002 2091 2056 benedicere
2129 2015 2389 2070 oporteat,

908 2095 1008 2131 non
1045 2080 1373 2130 maledicere.

907 2190 1063 2243 Prov.
1109 2189 1338 2252 xxvi,2.
1369 2217 1439 2227 -—
1488 2206 1505 2236 ι
1547 2185 1700 2240 Sicut
1742 2185 1997 2240 volucres
2035 2185 2284 2250 avolant,
2339 2197 2393 2242 et

835 2297 1107 2353 passeres,
1161 2281 1241 2335 sic
1287 2279 1636 2332 maledictum
1695 2277 1896 2332 frustra
1946 2279 2217 2348 prolatum
2280 2295 2390 2332 non

835 2373 1196 2444 superveniet.
1237 2389 1255 2422 ι

955 2465 1071 2518 ccli.
1099 2480 1171 2528 Iv,
1200 2463 1254 2516 5.
1293 2492 1364 2502 —
1396 2479 1414 2511 ι
1447 2459 1525 2515 Nc
1556 2462 1654 2516 des
1706 2462 1883 2515 locum
1933 2460 2164 2523 homini,
2208 2471 2266 2516 ut

835 2558 1138 2613 maledicat.
1177 2553 1547 2609 Maledicentis
1601 2555 1747 2608 enim
1792 2553 1889 2607 tibi
1934 2553 1991 2607 in
2030 2554 2393 2608 amaritudine

834 2653 1047 2710 animae,
1110 2647 1546 2718 deprecationem
1610 2646 1760 2699 illius
1815 2646 2077 2700 exaudiet
2118 2646 2212 2714 qui
2263 2645 2394 2700 fecit

833 2758 980 2797 eum.
1016 2761 1033 2792 l

908 2832 1068 2885 Eccli.
1126 2847 1223 2895 ιιι,
1281 2829 1366 2884 il.
1409 2859 1480 2868 —
1527 2848 1545 2880 ι
1580 2829 1883 2884 Maledictio
1919 2829 2113 2883 matris
2143 2829 2389 2884 eradicat

835 2924 1202 2977 fundamenta.
1241 2941 1259 2974 ι

906 3015 1060 3070 liam.
1104 3032 1199 3076 xii,
1253 3015 1339 3069 14.
1374 3044 1447 3057 —
1507 3031 1524 3063 ι
1559 3010 1868 3065 Bcnedicite
1929 3011 2390 3080 persequentibus

835 3126 969 3165 vos:
1001 3109 1322 3172 benedicite,
1352 3118 1406 3162 et
1440 3107 1608 3160 nolite
1639 3103 1983 3159 maledicere.
2015 3124 2035 3156 ι

900 3199 1017 3254 Jac.
1055 3215 1135 3266 ιιι,
1176 3200 1323 3254 8-12.
1367 3228 1437 3238 —
1490 3217 1508 3249 ι
1543 3197 1752 3268 Lingua
1799 3197 2101 3266 inquietum
2158 3195 2388 3260 malum,

2559 1998 2858 2123 ﬁmi-Fc
2881 2017 2893 2028 '
2922 2005 3020 2055 καὶ
3051 1998 3141 2056 ὅτι
3182 1998 3294 2072 χρὴ
3326 1998 3650 2075 ει),ιοᾷθεῖὶρ,’
3672 2010 3766 2062 καὶ
3795 1998 3906 2079 μὴ’
3925 2029 4058 2064 aur-

2799 2089 2834 2123 ι.

2564 2087 2834 2137 αρασσαι.

2571 2199 2590 2231 ι
2629 2180 2836 2250 Ὠσπερ
2872 2181 3035 2252 ὄρνεα
3065 2183 3102 2237 ἃ.
3132 2185 3412 2251 πέτανται,
3446 2190 3539 2241 καὶ
3569 2193 3839 2263 στρουθοὶ,
3889 2195 4060 2257 οὕτως

2492 2271 2602 2340 ἀρά
2637 2274 2841 2343 ματαία
2871 2275 2970 2328 οὐκ
3002 2277 3354 2333 ἐπελεύσεται
3383 2282 3578 2337 οὐδενί.
3616 2302 3635 2335 ι

2568 2475 2586 2507 ι
2628 2457 2720 2529 Μὴ
2750 2458 2856 2528 δῷς
2889 2461 3059 2514 τύπον
3083 2461 3355 2534 ἀνθρώπῳ
3374 2469 3717 2537 καταρᾶσθαξ
3745 2487 3822 2525 σε.
3875 2471 4058 2526 Καται-

2493 2548 2740 2618 ρωμένου
2777 2551 2885 2624 γάρ
2918 2568 2976 2604 σε
3014 2553 3210 2627 πικρξᾳ
3241 2555 3421 2626 ψυχῆς
3465 2559 3652 2627 αὐτοῦ,
3696 2562 3796 2632 τῆς
3826 2563 4061 2629 δεήσεως

2492 2639 2658 2694 αὐτοῦ
2685 2643 3063 2698 εἰσακούσεται
3090 2649 3120 2699 ὁ
3143 2648 3377 2715 ποιήσας
3404 2651 3584 2705 αὐτόν.
3627 2671 3647 2704 ι

2565 2852 2585 2884 ι
2619 2834 2848 2906 Κατάρα
2886 2836 3092 2906 μητρὸς
3121 2837 3333 2907 ἀκριζοί
3360 2839 3608 2910 θεμέλια.
3639 2861 3660 2894 ι

2564 3025 2582 3058 r
2623 3008 2907 3076 Εὑλογείτε
2942 3013 3066 3075 τοὺς
3088 3012 3385 3077 διώκοντας
3423 3015 3600 3084 ὑμᾶς·
3635 3018 3934 3088 εὐλογεῖτε,
3965 3027 4066 3078 καὶ

2491 3100 2568 3171 μὴ
2597 3101 2930 3172 καταρᾶσθε.
2963 3122 2981 3154 ι

2565 3209 2586 3242 ι
2637 3191 2700 3244 Ἦ
2724 3191 2947 3258 γλῶσσα
2966 3192 3342 3263 ἀκατάσχετον
3367 3195 3555 3260 κακον,
3582 3198 3756 3270 μεστὴ
3788 3199 3869 3254 toﬁ
3904 3202 4070 3256 θανα-

837 3293 990 3363 plena
1017 3305 1224 3345 veneno
1254 3289 1554 3342 mortifero.
1586 3287 1642 3340 In
1674 3290 1789 3356 ipsa
1818 3287 2199 3341 benedicimus
2221 3288 2390 3340 Deum
2418 3268 2462 3324 (ἶ
2493 3302 2499 3316 ι

2418 3268 2462 3324 (ἶ
2493 3283 2751 3353 τηφόρου.
2795 3285 2885 3337 Ἐν
2909 3286 3047 3356 αὐτῇ
3067 3286 3396 3357 εὐλογοῦμεν
3424 3288 3514 3340 τὸν
3540 3289 3676 3343 Θεὸν
3704 3268 3799 3345 καὶ
3826 3296 4063 3364 πατέρα,

836 3394 891 3436 et
924 3391 1166 3450 patrem,
1205 3387 1261 3434 et
1310 3379 1366 3432 in
1413 3379 1526 3447 ipsa
1567 3377 1948 3431 maledicimus
1983 3377 2257 3437 homines,
2296 3377 2390 3445 qui

836 3473 902 3526 ad
935 3471 1346 3527 similitudinem
1396 3467 1487 3524 Dei
1543 3468 1674 3521 facti
1729 3476 1880 3522 sunt.
1915 3466 1991 3522 De
2039 3465 2232 3522 eodem
2265 3482 2392 3536 pro-

835 3567 978 3624 cedit
1011 3568 1316 3622 benedictio
1337 3576 1390 3622 et
1419 3566 1748 3620 maledictio.
1782 3563 1901 3619 Non
1918 3575 2159 3634 oportet,
2190 3564 2391 3621 fratres

834 3662 963 3722 mei,
990 3659 1103 3714 ham
1126 3661 1199 3712 ita
1225 3659 1360 3712 ﬁeri.
1397 3657 1581 3727 Neque
1615 3657 1734 3710 fons
1783 3656 1849 3709 de
1892 3657 2084 3710 eodem
2125 3656 2390 3710 foramine

834 3759 1052 3806 emanat
1075 3751 1288 3805 dulcem
1322 3759 1377 3803 et
1411 3763 1655 3802 amaram
1700 3763 1919 3817 aquam.
1970 3746 2250 3816 Nunquid,
2283 3749 2390 3801 fra-

835 3852 946 3896 tres
975 3843 1100 3909 mei,
1134 3852 1309 3912 potest
1330 3841 1464 3895 ﬁcus
1495 3855 1630 3896 uvas
1660 3839 1860 3903 facere,
1895 3849 1988 3893 aut
2009 3842 2137 3893 vitis
2171 3839 2342 3894 ficus?
2369 3859 2388 3890 ι

835 4042 970 4109 ΤΙΤ.
1008 4051 1255 4122 ΧΙΝΙΙΙ..
1290 4083 1360 4093 -
1409 4051 1484 4107 De
1537 4054 1844 4106 remissione
1903 4066 2277 4122 peccatorum;
2342 4066 2392 4109 et

1003 4124 1189 4192 quibus
1217 4120 1476 4191 p'ossimns
1507 4127 1674 4176 modis
1719 4120 1920 4178 veniant
1950 4128 2218 4195 consequi.

904 4295 1003 4351 Job
1037 4297 1224 4363 xt,15.
1271 4326 1342 4337 —
1376 4316 1394 4348 ι
1432 4296 1582 4353 Exue
1627 4297 1838 4362 sordes,
1889 4306 1945 4352 et
1993 4315 2060 4356 ne
2107 4301 2390 4365 timueris;

839 4390 1077 4445 laborum
1122 4400 1273 4444 tuum
1313 4391 1462 4444 solve
1507 4399 1765 4459 tanquam
1800 4391 2025 4445 fluctum
2057 4404 2394 4462 praetereun-

841 4490 968 4547 tem,
996 4490 1049 4536 et
1074 4497 1183 4538 non
1220 4481 1460 4548 timebis;
1487 4483 1615 4552 quia
1657 4483 1836 4536 oratio
1867 4494 1960 4536 tua
1985 4485 2091 4538 erit
2122 4484 2270 4539 sicut
2302 4485 2392 4538 lu-

839 4574 991 4628 cifer.
1027 4592 1047 4626 ι

958 4681 1067 4718 rov.
1088 4680 1204 4728 xm,
1235 4664 1288 4718 8.
1308 4693 1378 4704 --
1411 4683 1430 4716 ι
1459 4663 1780 4735 Redemptio
1802 4665 1999 4719 anima:
2026 4666 2150 4732 viri,
2187 4667 2390 4723 divitiae

839 4771 1032 4826 IPSIUS.
1079 4773 1098 4808 ι

909 4868 1066 4924 Prov.
1100 4885 1186 4935 xv,
1213 4869 1304 4923 27.
1325 4897 1395 4909 —
1424 4888 1442 4921 ι
1475 4868 1848 4926 Misericordia
1877 4882 1931 4925 et
1957 4869 2063 4926 fido
2085 4884 2394 4942 purgantur

843 4969 1085 5030 peccata.
1120 4978 1140 5012 ι

907 5075 1100 5130 Jerem.
1136 5093 1188 5141 v,
1230 5077 1278 5132 1.
1311 5108 1379 5118 —
1409 5097 1428 5129 ι
1470 5079 1529 5133 Si
1562 5086 1646 5133 est
1683 5080 1776 5150 qui
1805 5078 1973 5132 faciat
2016 5077 2313 5148 judicium,
2341 5087 2396 5131 et

843 5178 1048 5239 quaerat
1080 5171 1260 5235 fidem,
1293 5172 1558 5240 propitius
1602 5173 1704 5242 ipsi
1731 5189 1848 5235 ero,
1879 5172 2016 5224 dicit
2053 5171 2338 5226 Dominus.
2370 5191 2389 5221 ι

913 5262 1042 5333 Sap.
1070 5279 1168 5325 xu,
1208 5265 1292 5320 i9.
1333 5294 1387 5304 —
1419 5285 1437 5317 ‹
1474 5266 1636 5320 Bona:
1667 5268 1784 5335 Spei
1825 5263 2003 5320 fecisti
2035 5266 2179 5318 filios
2220 5273 2346 5319 tuos
2380 5284 2390 5317 :

845 5355 971 5423 quia
994 5353 1091 5410 das
1120 5355 1174 5408 in
1205 5355 1442 5424 peccatis
1483 5360 1878 5426 pwnitentiam.
1914 5377 1932 5408 ι

917 5464 1084 5520 Eccli.
1127 5481 1211 5531 ιιι,
1255 5467 1437 5521 25.—
1465 5488 1482 5519 ι
1520 5468 1700 5539 Ignem
1752 5472 2033 5526 ardentem
2088 5467 2393 5538 exstinguit

845 5573 982 5627 aqua
1018 5577 1031 5612 :
1060 5566 1114 5612 et
1147 5560 1488 5632 eleemosyna
1517 5563 1700 5633 expiat
1730 5573 1968 5632 peccata.
2009 5584 2026 5614 ι

918 5669 1084 5724 Eccli.
1126 5689 1315 5738 xxvm,
1341 5675 1393 5728 2.
1428 5707 1495 5715 —
1520 5695 1537 5727 ι
1577 5677 1811 5732 Remitte
1844 5679 2102 5749 injuriam
2143 5684 2392 5752 proximo

845 5771 961 5827 tuo,
1015 5772 1070 5816 et
1123 5774 1251 5821 tunc
1315 5768 1627 5839 deprecanti
1680 5771 1780 5826 tibi
1840 5782 2062 5829 oeccata
2129 5785 2221 5829 tua
2279 5775 2388 5832 sol-

846 5865 1060 5912 νοιιιυῐ.
1097 5875 1116 5908 ι

2495 3375 2592 3428 καὶ
2624 3378 2684 3428 ὲν
2718 3377 2855 3447 αὐτῇ
2887 3377 3268 3448 καταρώμεθα
3291 3381 3417 3440 τοὺς
3441 3380 3761 3451 ἀνθρώπους
3787 3385 3917 3447 τοὺς
3944 3388 4066 3439 καθ’

2492 3465 2752 3535 ὁμοίωσιν
2782 3467 2917 3519 Θεοῦ
2947 3470 3365 3539 γεγενημένους.
3405 3471 3498 3523 Ἐκ
3532 3473 3627 3526 τοῦ
3661 3475 3830 3528 αὐτοῦ
3859 3480 4066 3546 στόμα-

2493 3575 2584 3622 τος
2614 3558 2896 3630 ἐξέρχεται
2944 3561 3163 3630 εὐλογία
3191 3563 3283 3615 καὶ
3311 3564 3546 3634 κατάρα.
3580 3569 3656 3618 υύ
3687 3576 3818 3640 χρη,
3848 3573 4069 3639 ἀδειφςι

2500 3669 2603 3721 μου
2627 3693 2643 3715 ,
2677 3651 2848 3705 ταῦτα
2896 3652 3072 3716 οὓτως
3121 3655 3386 3722 γίνεσθαι,
3419 3675 3428 3716 ς
3440 3659 3574 3726 μήτε
3605 3658 3638 3726 ὴ
3667 3661 3822 3729 πηγὴ
3873 3662 3941 3714 ὲκ
3971 3667 4070 3732 τῆς

2497 3743 2666 3813 αὐτῆς
2694 3745 2834 3814 ὀπῆς
2852 3745 2916 3797 τὸ
2940 3745 3137 3814 γλυκὺ,
3169 3749 3266 3801 καὶ
3291 3748 3352 3801 τὸ
3390 3749 3586 3818 πικρὸν
3616 3749 3794 3820 βρύει.
3834 3753 3931 3825 Μὴ
3977 3756 4070 3807 δύ-

2497 3856 2675 3902 ναται,
2700 3840 2916 3908 ἀδελφοί
2951 3858 3072 3911 μου,
3101 3843 3236 3911 συκῆ
3273 3843 3456 3907 ἐλαίας
3486 3845 3730 3915 ποιῆσαι,
3760 3847 3795 3918 ἢ
3823 3847 4072 3918 ἄμπελος

2499 3946 2637 3981 oux:
2664 3948 2677 3994 ;
2712 3950 2730 3981 ι

2496 4064 2678 4136 ΤΙΤΛΫ.
2728 4063 2866 4116 MH'.
2922 4095 2992 4105 —
3037 4066 3172 4136 Περζ
3224 4065 3495 4134 ἀφέσεως
3546 4069 3889 4136 ἁμαρτιῶν·
3924 4076 4072 4126 κατὰ

2565 4135 2778 4199 ποίους
2840 4137 3099 4202 τρόπους
3142 4134 3444 4206 δυνάμεθα
3501 4134 3705 4206 τυχεῖν
3752 4145 4065 4211 συγχωρῇ-

2565 4220 2738 4270 σεως.

2569 4334 2588 4368 ι
2628 4316 2886 4371 Ἐκδυσαι
2917 4317 3108 4387 ῥύπον,
3131 4318 3227 4370 καὶ
3245 4318 3306 4371 ού
3341 4320 3414 4390 μὴ
3442 4321 3708 4392 φοϐηθῇς,
3728 4325 3827 4376 καὶ
3853 4329 3949 4378 τὸν
3978 4326 4071 4377 x6-

2496 4425 2596 4460 πον
2643 4425 2738 4460 σου
2794 4409 3071 4474 ὲπίλυσαι,
3126 4409 3314 4482 ὥσπερ
3348 4411 3498 4481 κῦμα
3549 4414 3843 4482 παρελθὸν,
3877 4419 3976 4469 καὶ
4008 4417 4070 4469 οὐ

2497 4497 2812 4568 πτοηθήσῃ·
2849 4499 2931 4553 ὅτι
2964 4501 3097 4571 εὐχή
3138 4517 3232 4553 σου
3261 4501 3450 4571 ὥσπερ
3480 4503 3777 4572 ἑωσφόρος.
3824 4523 3842 4554 ι

2566 4698 2584 4732 ι
2619 4679 2828 4749 Δύτρον
2855 4677 3034 4747 ψυχῆς
3069 4677 3280 4748 ἀνδρὸς,
3309 4678 3337 4730 ὁ
3363 4677 3493 4739 ἴδιος
3518 4677 3767 4740 πλοῦτος.
3808 4698 3828 4729 ι

2567 4882 2586 4914 ι
2634 4863 3057 4933 Ἐλεημοσύναις
3114 4864 3206 4915 καὶ
3281 4861 3531 4914 πίστεσιν
3593 4861 4066 4932 ἁποκαθαὶρονται

2495 4955 2778 5026 ἁμαρτίαι.
2815 4974 2833 5006 ι

2571 5090 2589 5120 ι
2617 5071 2678 5122 Εἰ
2709 5070 2821 5121 ἔστι
2863 5070 3030 5121 ποιῶν
3078 5086 3268 5136 κριμα,
3317 5066 3411 5119 καὶ
3449 5065 3625 5136 ζητῶν
3677 5066 3883 5129 πίστιν,
3920 5069 4067 5131 ἕλει-ς

2495 5159 2798 5227 γενήσομαι
2822 5157 2992 5227 αὐτῷ,
3021 5157 3170 5223 λέγει
3207 5157 3428 5226 Κύριος,
3468 5176 3485 5206 ι

2570 5287 2588 5319 ι
2631 5267 2926 5330 Εὑέλπιδας
2963 5267 3223 5336 ἐποίησας
3255 5269 3380 5328 τοὺς
3416 5265 3564 5327 υἱούς
3620 5282 3737 5327 σου,
3773 5268 3856 5317 ὅτι
3911 5268 4063 5329 δίδως

2495 5362 2586 5413 ἐπὶ
2612 5363 2967 5432 ἁμαρτήμασι
2997 5363 3301 5430 μετάνοιαν.
3344 5377 3362 5409 ι

2570 5497 2589 5529 ε
2630 5477 2748 5548 Πῦρ
2784 5477 3170 5546 φλογιζόμενον
3200 5473 3491 5527 ἀποσὸέσει
3517 5473 3680 5542 ὕδωρ,
3711 5472 3808 5525 καὶ
3836 5470 4064 5538 ἐλεημο-

2497 5571 2628 5641 σύνη
2666 5572 3004 5637 ὲξιλάσκεται
3033 5569 3321 5639 ἁμαρτίας.
3359 5587 3377 5618 ι

2571 5708 2588 5740 ι
2635 5690 2800 5756 Ἀεξες
2827 5689 3070 5758 ἀδίκημα
3121 5688 3198 5756 τῷ
3226 5687 3450 5756 πλησίον
3487 5703 3598 5745 σου,
3645 5687 3737 5735 καὶ
3785 5689 3903 5735 τοτε
3933 5681 4060 5732 δεν-

2494 5779 2674 5842 θέντος
2701 5796 2791 5832 σου
2822 5780 2877 5830 αἱ
2907 5779 3169 5849 ἁμαρτίαι
3202 5794 3292 5829 σου
3319 5775 3660 5844 λυθήσονται.
3698 5795 3716 5825 ι
