4210 6448
190 414 322 487 1257

264 556 283 589 ι
328 538 388 591 ’0
417 535 595 608 τιμῶν
618 536 850 610 ¹ιοαιτέρα,
888 538 1192 603 ἐξιλάσεται
1221 540 1516 610 ἁμαρτίας.
1554 560 1572 591 ι

272 738 289 770 ι
321 721 552 775 Εὺδοχία
597 722 825 793 Κυρίου,
875 723 1179 795 ἀποστῆναι
1228 726 1336 778 ἀπὸ
1381 723 1615 787 ἀδικίας,
1664 722 1757 776 καὶ

191 813 482 883 ἐξύασμὸς
513 815 815 885 ἀποστῆναι
845 816 953 868 ἀπὸ
985 816 1277 887 ἁμαρτίας.
1317 836 1337 869 ι

266 1018 285 1053 ι
328 999 455 1053 Ἐάν
487 998 661 1068 ἀφῆτε
709 1001 824 1062 τοῖς
868 999 1175 1070 ἀνθρώποις
1210 1018 1280 1053 τα
1332 999 1757 1069 παραπτώματα

95 1125 103 1136 -
181 1089 384 1153 αὐτῶν,
420 1090 619 1160 ἀφήσει
642 1089 739 1143 καὶ
763 1091 891 1160 ὑμῖν
912 1091 941 1143 ὁ
974 1092 1159 1163 Πατὴρ
1188 1090 1341 1161 ὑμῶν
1366 1090 1394 1140 ὁ
1428 1091 1699 1162 οὐράνιος.
1728 1106 1748 1139 ι

258 1295 277 1326 ι
331 1276 388 1328 Ὀ
416 1276 746 1346 ἐπιστρέψας
790 1276 1107 1347 ἁμαρτωλὸν
1142 1277 1206 1329 ἐκ
1240 1274 1442 1345 πλάνης
1482 1274 1602 1329 ὁδοῦ
1651 1276 1749 1327 αὐ-

180 1367 299 1431 τοῦ,
334 1365 495 1420 σώσει
523 1367 697 1439 ψυχὴν
724 1369 790 1422 ἐκ
826 1367 1076 1434 θανάτου,
1132 1368 1227 1421 καὶ
1272 1367 1501 1436 καλύψει
1546 1366 1748 1437 πλῆθος

180 1459 488 1527 ἀιιαρτιῶν.
533 1477 552 1511 ι

176 1615 363 1671 ΤΙΤΔ.
394 1613 532 1668 ΜΘ’.
550 1645 619 1654 -
635 1614 773 1684 Περί
806 1611 1203 1681 ἀπογνώσεως
1227 1628 1241 1642 ⁸
1268 1612 1355 1664 ὅτι
1384 1614 1457 1666 οὐ
1481 1611 1575 1665 δεῖ
1590 1610 1728 1682 ἡμᾶς

1848 1611 1983 1666 ΤΙΤ.
2021 1612 2208 1668 XLIX.
2242 1645 2311 1654 —
2344 1614 2413 1669 De
2465 1615 2829 1684 desperatione
2876 1634 2896 1669 :
2942 1628 2992 1671 et

369 1685 482 1753 τῆς
502 1683 731 1739 ἑαυτῶν
774 1684 1213 1753 ἀπογινώσκειν
1241 1684 1557 1751 σωτηρίας.

255 1835 273 1868 ι
309 1816 588 1879 Πεποιθὼς
616 1814 736 1885 ἔσῃ,
766 1815 847 1868 ὅτι
875 1832 957 1868 σοι
991 1815 1137 1867 ἐστιν
1174 1814 1344 1878 ἐλπίς.
1380 1834 1399 1866 ι

249 2022 268 2054 ι
304 2004 366 2055 υἱ
392 2001 795 2072 ἀπηλπισμένοι
824 2000 932 2052 τῶν
956 1997 1280 2070 ἀνθρώπων,
1319 1996 1733 2068 ἐμπλησθήσον-

156 2114 258 2149 ται
293 2094 650 2164 εὐφροσύνης.
695 2112 715 2144 ι

234 2188 420 2249 Οὐδεὶς
445 2186 594 2255 φὸὁῳ
622 2184 730 2237 τῶν
755 2185 1065 2253 στερήσεων
1091 2182 1161 2236 τὰ
1196 2182 1375 2251 ἀγαθὰ
1404 2180 1727 2236 ἀπωθεῖται.

155 2280 319 2335 Οὕτω
345 2280 455 2348 γὰρ
475 2278 540 2330 ἂν
559 2277 709 2329 οὐδὲν
746 2276 853 2328 τῶν
883 2273 1238 2345 ἀνθρωπίνων
1285 2275 1536 2342 συνέστη,
1566 2274 1615 2324 εί
1646 2272 1731 2339 ἐφ’

155 2373 379 2442 ἑκάστῳ
404 2369 511 2423 τῶν
558 2368 1006 2437 σπουδαζομένων
1043 2368 1140 2428 τὰς
1168 2366 1466 2436 ἀποτυχίας
1493 2363 1730 2433 ἐλογιζό-

156 2465 323 2537 μεθα.
354 2466 689 2536 Παράκειται
717 2461 825 2533 γὰρ
875 2465 941 2533 τῇ
976 2463 1221 2533 γεωργίᾳ
1248 2463 1282 2531 ἡ
1336 2459 1557 2529 ἀφορία,
1582 2463 1727 2524 παῖς

150 2558 453 2630 ἐμπορίαις
490 2558 545 2610 δὲ
576 2556 645 2610 τὰ
682 2556 933 2623 ναυάγια,
969 2557 1080 2617 τοῖς
1118 2555 1319 2623 γάμοις
1370 2554 1425 2604 αἱ
1484 2557 1722 2622 χηρείαι,

149 2654 279 2713 ταῖς
330 2649 739 2721 παιδοτροφίαις
796 2648 853 2700 αί
908 2646 1325 2707 άποτεκνώσεις.
1391 2642 1528 2695 Ἀλλ’
1577 2644 1725 2713 ὅμως

149 2739 515 2810 ἐγχειροῦμεν
551 2740 663 2802 τοῖς
696 2737 898 2808 ἔργοις,
932 2740 1049 2799 ταῖς
1081 2734 1471 2807 χρηστοτέραις
1513 2733 1729 2785 ἐλπίσιν

146 2834 583 2905 ἐπερειδόμενοι,
614 2833 711 2901 τὴν
742 2832 799 2883 δέ
820 2830 929 2882 τῶν
952 2829 1314 2882 ἐλπισθέντων
1344 2827 1567 2881 ἑκϐασιν
1592 2829 1727 2881 ἀνα-

144 2926 394 2989 τιθέντες
419 2923 495 2994 τῴ
515 2925 583 2977 τά
612 2924 853 2993 ἡμέτερα
887 2921 1254 2992 οίκονομοῦντι
1287 2919 1427 2990 Θεῷ.

226 3104 363 3159 Οὔτε
392 3106 421 3158 ὁ
453 3106 528 3175 μὴ
568 3103 828 3177 ῥᾳθυμῶν
880 3106 957 3167 είς
1023 3105 1336 3171 ἀπόγνωσιν
1389 3105 1458 3157 ἂν
1494 3102 1723 3173 ἐμπέσοι

144 3199 306 3261 ποτὲ,
366 3197 489 3250 οὔτε
533 3200 562 3250 ὁ
612 3198 943 3270 τρεφόμενος
1023 3197 1205 3249 ἐλπίσι
1274 3199 1565 3266 χρησταῖς,
1628 3197 1723 3249 καὶ

1382 422 1616 482 SACRA
1655 423 2113 487 PARALLELA.

1780 548 1826 602 Α
1928 542 2098 598 Eccti.
2130 560 2211 610 ιιι,
2244 546 2297 599 5.
2323 576 2389 586 —-
2425 566 2442 596 ι
2476 544 2580 612 Qui
2637 546 2867 603 honorat
2915 558 3149 619 patrem,
3185 551 3425 621 expiabit

3292 433 3427 501 1258

1931 646 2105 687 ccala.
2140 654 2158 684 ι

1931 648 2105 687 ccala.
2140 654 2158 684 ι

1860 648 2093 780 peEccli.
2126 742 2287 790 xxxv,
2338 728 2391 783 5.
2428 758 2498 768 —
2531 747 2549 780 ι
2600 720 3008 798 Beneplacitum
3066 726 3285 783 Domini
3337 738 3421 785 est

1856 814 2131 871 abstinere
2163 819 2232 872 ab
2272 819 2561 887 injustitia.
2595 830 2650 874 et
2693 819 3027 889 propitiatio,
3073 819 3354 877 abstinere
3388 836 3419 875 a

1855 916 2099 976 peccato.
2140 927 2159 960 ι

1922 994 2121 1050 Matth.
2172 1013 2245 1059 νι,
2297 998 2385 1051 14.
2434 1029 2502 1039 -—
2558 1018 2577 1052 ι
2613 999 2671 1053 Si
2721 1000 3045 1056 dimiseritis
3103 1002 3419 1057 hominibus

1853 1098 2076 1157 peccata
2104 1104 2317 1155 eorum,
2363 1090 2602 1146 dimittet
2642 1103 2695 1147 et
2729 1091 2893 1146 Pater
2945 1103 3120 1149 vester
3175 1095 3419 1149 cmlestis

1850 1179 2049 1233 delicta
2074 1190 2274 1236 vestra.
2314 1202 2332 1232 ι

1919 1270 2042 1325 Jac.
2076 1290 2129 1338 v,
2160 1274 2249 1329 20.
2283 1305 2351 1314 —
2383 1294 2401 1325 ι
2432 1276 2537 1339 Qui
2569 1278 2813 1330 converti
2847 1277 3037 1333 fecerit
3068 1273 3413 1348 peccatorem

1851 1365 1921 1419 ab
1944 1380 2131 1422 errore
2156 1370 2254 1423 viae
2276 1385 2409 1434 suae,
2437 1370 2673 1425 salvabit
2705 1372 2946 1426 animam
2978 1372 3101 1442 ejus
3127 1388 3195 1428 ex
3217 1384 3411 1437 morte.

1848 1464 1903 1511 et
1934 1459 2141 1513 ouerict
2165 1461 2570 1515 multitudinem
2602 1470 2977 1530 peccatorum.
3015 1482 3037 1516 ι

3029 1620 3169 1686 quod
3217 1622 3411 1677 salutis

2094 1696 2287 1739 nostra:
2308 1701 2446 1753 spem
2476 1687 2703 1756 abjicere
2733 1704 2838 1740 non
2862 1688 3162 1744 debeamus.

1912 1798 2014 1854 Job
2070 1814 2147 1865 ιι,
2182 1799 2266 1854 18.
2296 1831 2365 1842 -ν
2393 1820 2410 1852 ι
2439 1800 2589 1856 Bono
2614 1803 2726 1857 eris
2761 1805 2965 1868 animo,
3004 1804 3133 1875 quia
3159 1820 3288 1880 spes
3317 1810 3413 1865 tibi

1771 1919 1815 1973 Β
1842 1899 1946 1946 εει.
1986 1909 2005 1940 ι

1912 1982 2027 2039 Isa.
2058 2001 2206 2047 xxnt,
2241 1986 2326 2040 lt).
2356 2015 2425 2026 —
2453 2006 2470 2037 ι
2498 1984 2761 2041 Homines
2782 2003 3018 2057 quorum
3042 1994 3195 2049 salus
3222 1993 3412 2067 deplo-

1839 2086 1961 2131 rata
1994 2089 2132 2142 erat,
2162 2079 2538 2149 implebuntur
2568 2081 2775 2136 laetitia.
2812 2101 2833 2134 ›

1909 2170 2079 2227 Basil.
2122 2170 2345 2226 Exhort.
2385 2173 2454 2226 ad
2500 2172 2742 2243 bapt.——
2776 2175 2945 2232 Nemo
2993 2178 3138 2234 bona
3189 2181 3409 2251 projicit

1837 2278 2026 2318 eorum
2064 2265 2489 2321 amittendorum
2530 2278 2700 2323 metu.
2732 2269 2866 2326 Nam
2900 2271 3001 2325 hoc
3047 2281 3209 2343 pacto
3258 2275 3406 2330 nulla

1837 2373 1928 2414 res
1952 2359 2189 2414 humana
2223 2362 2573 2429 consisteret,
2613 2365 2659 2419 si
2698 2366 2752 2419 in
2798 2366 3035 2436 singulis
3073 2367 3239 2423 rebus
3268 2383 3406 2438 quas

1835 2450 2239 2519 persequimur,
2295 2452 2541 2521 jacturas
2593 2457 3096 2513 consideraremus.
3150 2460 3405 2529 Agricul-

1835 2544 1974 2591 tura:
1993 2539 2137 2592 enim
2169 2542 2429 2598 sterilitas
2454 2543 2720 2608 imminet,
2752 2556 3074 2603 mercatura:
3096 2550 3400 2621 naufragia,

1835 2630 2111 2700 conjugiis
2158 2633 2469 2697 viduitates,
2503 2635 2926 2693 educationibus
2980 2641 3217 2696 liliorum
3252 2644 3402 2698 orbi-

1833 2730 1996 2777 tates.
2026 2720 2212 2775 Nihilo
2247 2734 2429 2778 tamen
2476 2726 2636 2796 381
2669 2728 2850 2784 s'ecius
2903 2746 2991 2785 res
3020 2734 3400 2803 aggredimur,

1834 2828 2048 2886 semper
2077 2814 2298 2884 quidem
2332 2817 2538 2871 laetiora
2583 2820 2741 2874 nobis
2798 2821 3118 2890 pollicentes
3162 2841 3175 2877 :
3218 2840 3400 2883 rerum

1834 2921 1961 2961 vero
1987 2921 2125 2977 quas
2154 2922 2459 2977 speramus,
2483 2920 2740 2965 eventum
2771 2913 2839 2967 ad
2869 2930 3050 2970 rerum
3082 2925 3398 2973 nostrarum

1829 2997 2260 3067 dispensatorem
2308 2999 2471 3054 Deum
2522 3000 2835 3060 referimus.

1907 3085 2185 3158 Chrysost.
2220 3120 2290 3129 —
2319 3088 2506 3160 Neque
2540 3096 2584 3148 is
2611 3096 2703 3165 qui
2739 3098 3033 3168 abignavia
3062 3111 3118 3156 et
3149 3105 3397 3160 socordia

1830 3189 2070 3234 remotus
2098 3191 2205 3244 est,
2235 3185 2290 3236 in
2348 3184 2780 3253 desperationem
2830 3206 3066 3258 unquam
3140 3194 3345 3252 incidet
3378 3217 3393 3254 :

148 3294 233 3361 μὴ
253 3269 656 3360 ἀπογινώσκων
693 3291 911 3355 ἑαυτοῦ,
957 3290 1037 3352 είς
1113 3289 1387 3360 ρᾳθυμίαν
1433 3288 1720 3358 δυνήσεται

1825 3284 1922 3324 nec
1950 3269 2043 3338 qui
2074 3270 2195 3324 laeta
2219 3287 2312 3339 sne
2343 3272 2596 3337 laetatur,
2639 3278 2704 3331 de
2732 3293 2827 3333 sua
2858 3281 3033 3337 salute
3069 3300 3173 3339 non
3205 3288 3399 3357 despe-

142 3384 432 3451 ἐμπεσεῖν.

214 3538 400 3590 ΤΙΤᾹ.
420 3536 501 3589 N'.
515 3565 583 3574 —
604 3535 740 3602 Περὶ
772 3534 1141 3602 ἁναθέματυς
1163 3531 1261 3586 καί
1289 3532 1645 3602 ἀφορισμοῦ.

232 3669 250 3701 ι
277 3651 391 3701 Οὐκ
408 3650 660 3709 εἰσοίσεις
689 3646 961 3717 βδέλυγμα
988 3648 1065 3707 είς
1083 3645 1174 3696 τὸν
1200 3642 1345 3697 οἶκόν
1367 3660 1481 3709 σου,
1504 3644 1598 3698 καὶ
1619 3644 1716 3716 ἔσῃ

138 3744 396 3813 ἀνάθεμα
425 3742 615 3814 ὥσπερ
641 3742 821 3795 τοῦτο.
871 3739 1310 3811 Προσοχθίσματι
1350 3739 1714 3810 προσοχθιείς,

138 3836 238 3890 καὶ
271 3834 602 3904 βδελύγματι
660 3831 916 3903 βὸελύξῃ,
956 3833 1039 3883 ὅτι
1090 3830 1340 3900 ἀνάθεμά
1384 3833 1551 3883 ἐστιν.
1593 3850 1613 3883 ι
1646 3861 1716 3872 --

144 3948 163 3978 ι
188 3930 304 3996 Οὐχ
331 3928 682 3997 εὑρεθήσεται
734 3927 791 3977 ἐν
836 3927 904 3994 τῇ
973 3924 1113 3993 χειρί
1159 3939 1252 3975 σου
1294 3922 1446 3975 οὐδὲν
1482 3922 1589 4009 ἀπὸ
1619 3925 1712 3978 τοῦ

139 4019 509 4088 ἀναθέματος.
549 4035 571 4068 ι

216 4198 385 4257 (Eine
440 4200 643 4271 Κύριος
702 4199 837 4263 πρὸς
872 4200 1111 4264 Ἰησοῦν·
1154 4199 1229 4251 Οὐ
1286 4202 1540 4256 δύνανται
1606 4204 1713 4258 υἱοὶ

150 4294 374 4367 Ἰσραὴλ
393 4293 690 4360 ὑποστῆναι
710 4292 847 4345 κατά
864 4294 1150 4362 πρόσωπον
1165 4295 1272 4346 τῶν
1287 4293 1496 4365 ἐχθρῶν
1510 4296 1709 4362 αὐτῶν,

134 4392 219 4442 ὃτι
241 4385 580 4454 ἐγενήθησαν
604 4382 869 4452 ἀνάθεμα.
901 4386 976 4435 Ub
999 4385 1291 4456 προσθήσω
1321 4387 1402 4437 ἐτι
1419 4384 1536 4456 μεθ’
1556 4385 1711 4456 ὑμῶν

134 4474 303 4541 εἶναι,
338 4478 430 4530 ἐὰν
465 4479 538 4546 μὴ
566 4476 796 4545 ἐξάρητε
827 4480 887 4527 τὸ
921 4477 1166 4546 ἀνάθεμα
1218 4478 1277 4543 ἐξ
1309 4477 1463 4547 ὑμῶν
1504 4477 1705 4533 αὐτῶν.

148 4568 414 4629 Ἀναστάς
444 4569 669 4633 ἁγίασον
703 4568 795 4620 τὸν
838 4567 969 4620 λαὸν
1020 4569 1099 4631 είς
1128 4569 1226 4640 τὴν
1266 4568 1487 4639 αὔριον·
1525 4571 1620 4623 καὶ
1648 4570 1708 4633 ὃς

1823 3376 1973 3427 rans,
2006 3362 2060 3415 in
2089 3364 2391 3419 socordiam
2442 3382 2677 3436 unquam
2735 3370 2840 3423 labi
2895 3376 3132 3441 potuerit

1923 3529 2059 3586 TIT.
2090 3532 2307 3589 L.—De
2328 3539 2661 3594 anathemate
2692 3551 2742 3595 et
2767 3548 3326 3605 exeommunicatione.

1888 3641 2047 3698 Deut.
2084 3660 2188 3709 vn,
2218 3646 2310 3711 26,
2341 3646 2430 3701 27.
2463 3676 2533 3689 --
2566 3668 2586 3701 ι
2625 3652 2741 3707 Non
2800 3654 3001 3709 inferes
3032 3658 3390 3715 abominatio-

1817 3749 1939 3789 nem
1973 3737 2027 3790 in
2058 3738 2277 3791 domum
2338 3748 2507 3807 tuam,
2542 3758 2609 3796 ne
2639 3743 2738 3799 tias
2770 3751 3091 3809 anathema.
3150 3753 3289 3807 sicut
3336 3765 3390 3808 et

1818 3827 1950 3881 illud
2007 3838 2110 3883 est.
2168 3830 2545 3887 Detestatione
2595 3836 2983 3904 detestaberis,
3016 3850 3070 3894 et
3102 3841 3388 3899 abomina—

1817 3919 1963 3973 tione
1987 3920 2415 3989 abominaberis,
2465 3926 2725 3993 quoniam
2778 3931 3066 3985 anathema
3116 3941 3221 3989 est.
3261 3953 3282 3987 ι
3316 3966 3388 4006 τ-

1820 4029 1839 4062 ι
1880 4010 1999 4066 Non
2032 4014 2337 4067 inveniatur
2367 4017 2420 4069 iu
2449 4032 2611 4070 manu
2670 4026 2763 4072 tua
2822 4020 3114 4090 quidquam
3147 4024 3214 4079 de
3244 4039 3381 4080 ana-

1815 4104 2072 4160 themate.
2105 4124 2123 4156 ι

1884 4196 2045 4251 Iosue
2082 4214 2177 4265 vn,
2214 4198 2398 4253 12-25.
2431 4230 2500 4239 —
2534 4218 2553 4251 ι
2586 4200 2735 4254 Dixit
2777 4202 3035 4259 Dominus
3066 4205 3133 4259 ad
3158 4204 3381 4264 Jesum:

1816 4285 1932 4340 Non
1965 4296 2223 4356 poterunt
2281 4291 2372 4344 lilii
2434 4290 2599 4345 Israel
2647 4294 2943 4347 subsistere
2999 4307 3128 4351 ante
3185 4297 3399 4377 faciem_

1813 4378 2159 4434 inimicorum
2191 4397 2452 4447 suorum;
2485 4384 2739 4453 quoniam
2774 4384 2902 4439 facti
2919 4398 3046 4441 sunt
3068 4392 3377 4446 anathema.

1811 4468 1927 4523 Non
1960 4472 2215 4539 adjiciam
2240 4474 2382 4527 ultra
2426 4490 2547 4529 esse
2571 4476 2873 4541 vobiscum,
2908 4478 3009 4534 nisi
3040 4480 3378 4537 abstuleritis

1814 4562 2103 4616 anathema
2144 4579 2211 4617 ex
2256 4565 2410 4619 vobis
2462 4567 2609 4633 ipsis.
2676 4564 2918 4637 Surgens
2973 4570 3254 4625 sanctiﬁca
3285 4588 3380 4641 po-

139 4659 431 4729 ἀναδειχθῇ
464 4631 613 4728 παρὰ
640 4659 867 4728 Κυρίου,
920 4631 1397 4731 κατακαυθήσεται
1434 4661 1494 4712 ἐν
1548 4631 1703 4731 πυρὶ,

1810 4652 1991 4721 pulum
2024 4654 2079 4708 in
2136 4656 2436 4710 crastinum
2472 4631 2492 4710 ἐ
2522 4664 2577 4709 ct
2600 4658 2690 4727 qui
2748 4659 3126 4728 deprehensus
3188 4631 3375 4728 tuei'it,

141 4754 238 4806 καὶ
295 4751 472 4803 πάντα
528 4752 627 4802 ὃσα
662 4751 808 4802 ἐστὶν
835 4750 983 4820 αὐτῷ
1007 4792 1022 4815 ,
1052 4751 1134 4802 ὅτι
1166 4753 1379 4821 παρέϐη
1399 4750 1496 4822 τὴν
1523 4752 1706 4824 διαθή-

135 4862 244 4912 κην
276 4844 500 4912 Κυρίου,
534 4844 626 4894 καὶ
654 4842 906 4911 ἐποίησεν
933 4844 1192 4911 ἀνόμημα
1216 4844 1274 4893 ἐν
1317 4843 1553 4913 Ἰσραήλ.
1592 4845 1704 4897 Καὶ

133 4934 406 5003 ᾢρθρισεν
473 4933 676 5002 Ἰησοῦς
734 4934 791 4986 τὸ
843 4932 1007 5003 πρωῒ,
1050 4936 1142 4985 καὶ
1188 4928 1309 4984 εἶπε
1359 4934 1436 5003 τῷ
1496 4934 1699 5003 Ἀχάρ·

146 5024 496 5091 Ἀνάγγειλὸν
537 5042 646 5095 μοι,
707 5026 759 5077 τί
800 5027 1077 5092 ἐποίησας.
1127 5025 1237 5077 Καὶ
1283 5021 1433 5077 εἶπεν
1497 5026 1700 5094 Ἀχάρο

132 5113 292 5168 Εἶδον
344 5119 401 5168 ἐν
452 5119 519 5185 τῇ
581 5119 825 5185 προνομῇ
876 5116 1035 5186 ψιλὴν
1082 5115 1329 5185 ποικίλην
1368 5114 1561 5183 καλὴν,
1608 5117 1702 5168 καὶ

133 5208 384 5259 διακόσια
409 5208 681 5278 δίδραχμα
726 5209 1010 5279 ἀργυρίου,
1061 5210 1156 5261 καὶ
1213 5208 1460 5276 γλῶσσαν
1495 5210 1701 5278 χρυσῆν

136 5298 472 5367 πεντήκοντα
533 5298 863 5367 διόράχμων,
922 5297 1015 5350 καὶ
1064 5296 1254 5348 ἔλαϐον
1293 5312 1308 5326 ·
1337 5298 1429 5349 καὶ
1467 5297 1575 5350 ἰδοὺ
1605 5314 1698 5350 κε-

133 5388 426 5455 κρυμμένα
482 5389 618 5440 εἰσὶν
649 5391 703 5438 ἐν
728 5391 797 5458 τῇ
832 5389 922 5457 γῇ.
954 5388 1067 5440 Καὶ
1107 5386 1492 5457 ἐλιθοϐόλησαν
1538 5389 1698 5442 αὐτὸν

134 5481 226 5529 καὶ
253 5480 459 5541 πάντας
482 5482 608 5543 τοὺς
637 5480 822 5533 αὑτοῦ.
852 5498 869 5529 ι

133 5613 319 5667 ΊΊΤΛ.
352 5613 479 5667 NA'.
513 5615 738 5681 -Περὶ
768 5616 1049 5683 ἀμίκτων,
1093 5616 1190 5667 καί
1224 5614 1340 5666 τῶν
1366 5614 1695 5684 ἀκοινωνή-

456 5702 567 5749 τως
615 5686 879 5754 ἐχόντων
917 5688 1064 5753 πρὸς
1098 5686 1361 5751 ἄλληλα.

210 5812 229 5844 ι
260 5795 324 5846 Τί
352 5795 411 5847 τὸ
437 5796 635 5867 ἄχυρον
664 5800 798 5868 πρὸς
828 5799 917 5850 τὸν
946 5802 1125 5862 σῖτον;
1164 5817 1179 5847 ι

208 5902 230 5939 1
260 5887 322 5939 Τί
354 5891 671 5959 κοινωνήσει
722 5890 882 5953 lam;
930 5892 1117 5958 ἀμνῴς
1152 5891 1320 5953 οὕτως
1373 5891 1693 5961 ἁμαρτωλὸς

408 5983 669 6043 Tritum“
709 5988 825 6046 list.
865 5987 1033 6049 Χιιντ

1806 4746 2157 4799 comburetur
2196 4747 2326 4822 ,ἱεηί
2352 4787 2367 4813 ,
2399 4756 2454 4801 et
2496 4749 2677 4801 omnia
2727 4763 3066 4818 quaecunque
3118 4762 3247 4806 sunt
3273 4755 3321 4808 ei
3356 4772 3371 4818 ;

1807 4835 2067 4901 quoniam
2103 4847 2475 4905 transgressus
2504 4848 2586 4891 est
2618 4848 3001 4901 testamentum
3046 4840 3285 4907 Domini,
3316 4855 3370 4897 et

1807 4924 1934 4979 fecit
1993 4927 2332 4993 iniquitatem
2390 4929 2444 4982 in
2492 4928 2676 4984 Israel.
2726 4933 2791 4984 Et
2839 4931 3077 4987 diluculo
3136 4937 3369 4988 surrexit

1801 5016 1977 5082 Jesus,
2006 5028 2061 5071 et
2089 5018 2226 5071 dixit
2255 5019 2436 5073 Achar
2469 5039 2482 5073 :
2515 5023 2789 5075 Annuntia
2821 5024 2955 5078 tnihi
2985 5024 3116 5093 quid
3168 5025 3366 5080 fecisti.

1810 5111 1876 5163 Et
1904 5110 2039 5163 dixit
2070 5110 2287 5165 Achar:
2324 5110 2446 5166 Vidi
2479 5114 2530 5166 in
2562 5114 2743 5183 praeda
2778 5123 2982 5169 vestem
3014 5116 3216 5170 variam
3250 5120 3368 5185 pul-

1800 5203 2009 5265 chram,
2040 5211 2094 5255 et
2123 5203 2353 5257 ducenta
2381 5206 2728 5260 didrachmas
2772 5209 3005 5277 argenti,
3040 5218 3095 5261 et
3126 5208 3362 5274 linguam

1803 5306 1965 5343 unam
2012 5307 2231 5346 auream
2264 5296 2655 5365 quinquaginta
2687 5299 3158 5363 didrachmarmn,
3190 5311 3244 5352 et
3272 5316 3362 5353 ae-

1799 5382 1918 5450 cepi
1954 5399 1967 5435 :
2000 5393 2054 5436 et
2083 5399 2212 5438 ecce
2242 5387 2554 5441 abscondita
2613 5397 2741 5442 sunt
2774 5390 2824 5442 in
2857 5398 3023 5442 terra.
3059 5389 3123 5442 Et
3152 5391 3362 5461 lapida-

1800 5484 1997 5528 verunt
2030 5491 2180 5541 eum,
2209 5487 2264 5532 et
2294 5494 2483 5533 omnes
2514 5480 2604 5548 qui
2640 5481 2811 5549 ipsius
2842 5491 3019 5535 erant.
3058 5500 3078 5535 ι

1797 5610 1932 5666 TIT.
1967 5610 2206 5667 LL—De
2230 5616 2293 5667 iis
2322 5631 2437 5683 qua:
2464 5617 2670 5669 misceri
2708 5633 2807 5669 non
2830 5627 3069 5685 possunt,
3094 5634 3185 5671 nec
3215 5634 3361 5671 com-

2194 5688 2441 5738 mercium
2472 5689 2605 5740 inter
2633 5704 2685 5739 se
2712 5689 2919 5741 habere.

1863 5797 2057 5851 Jerem.
2086 5816 2242 5859 xxiii.
2277 5800 2441 5856 28.——
2474 5822 2492 5854 ι
2534 5804 2672 5870 Quid
2732 5806 2898 5873 palea:
2928 5806 2995 5860 ad
3025 5804 3265 5857 triticum
3295 5804 3356 5856 τι

1873 5890 2017 5945 Eucti
2074 5908 2194 5957 xm,
2226 5894 2281 5961 '5,
2309 5896 2483 5951 2i.—-
2521 5918 2537 5949 ι
2576 5897 2713 5962 Quid
2744 5896 3172 5953 communicabit
3204 5896 3362 5965 lupus

2973 5988 3046 6049 40
