4210 6448
190 378 321 444 1261

1398 390 1634 452 SACRA
1657 394 2113 467 PARALLELA.

3279 439 3299 497 1
3310 439 3413 497 262

182 494 540 565 παραϐολαῖς,
569 492 745 567 λέγων,
772 512 787 529 ο
825 496 1096 570 ὀμοιὼοη
1123 501 1155 569 ἠ
1185 498 1428 571 βασιλεία
1449 502 1558 557 τῶν
1581 502 1750 575 οὐρα-
1778 522 1805 578 Α

1780 522 1824 579 Α
1854 525 1946 569 sus
1990 516 2205 574 locutus
2267 528 2352 574 est
2402 523 2479 578 eis
2513 526 2562 581 in
2590 530 2884 599 parabolis,
2941 535 3128 596 dicens
3170 561 3182 597 :
3223 548 3411 605 Simile

186 586 293 640 νῶν
321 585 590 659 ἀνθρώπῳ
609 587 837 657 βασιλεῖ,
872 590 1019 654 ὅστις
1047 592 1264 662 ἐποίησε
1291 593 1497 663 γάμους
1526 593 1604 665 τῷ
1643 593 1744 664 υίῷ

187 676 373 733 αὑτοῦ.
417 668 528 732 Καὶ
564 679 852 734 ἀπέστειλε
907 683 1032 747 τοὺς
1072 682 1292 747 δούλους
1322 683 1487 738 αὐτοῦ
1517 686 1741 740 καλέσαι

185 771 311 832 τοὺς
332 770 697 840 κεκλημένους
743 775 825 836 εἰς
873 776 1000 837 τοὺς
1049 775 1280 844 γάμους,
1310 779 1404 831 καὶ
1425 778 1525 833 οὑκ
1549 778 1741 850 ήθελον

180 851 354 914 ἐλθεῖν
382 876 397 892 '
456 862 615 916 πάλιν
671 864 987 919 ἀπέστειλεν
1027 868 1219 932 ἄλλους
1253 869 1698 941 δούλουςκλέγων
1720 889 1733 903 '

178 954 385 1007 Εἴπατε
413 957 525 1017 τοῖς
546 956 925 1027 κεκλημένοις,
964 959 1094 1013 Ἰδοὺ
1113 960 1172 1012 τὸ
1205 961 1427 1031 ἄριστόν
1453 980 1553 1033 μου
1593 964 1739 1035 ήτοί-

180 1060 349 1113 μασα,
372 1048 420 1099 οί
447 1047 636 1117 ταῦροι
674 1051 766 1101 καὶ
787 1050 853 1102 τὰ
876 1050 1082 1103 σιτιστὰ
1112 1051 1403 1121 τεθυμένα,
1432 1054 1527 1105 καὶ
1559 1053 1738 1107 πάντα

175 1137 393 1207 ἓτοιμα¹
424 1139 577 1193 δεῦτε
635 1142 715 1205 είς
742 1144 867 1206 τοὺς
906 1143 1134 1213 γάμους.
1168 1146 1233 1197 Ol
1276 1144 1333 1197 δὲ
1364 1146 1736 1216 ἀμελήσαντες

173 1230 433 1299 ἀπῆλθον,
460 1235 489 1285 ό
524 1234 620 1304 μὲν
644 1236 724 1297 εἰς
749 1234 810 1287 τὸ
843 1235 969 1289 ῐδιον
1015 1236 1194 1307 ἔργον,
1228 1216 1267 1290 ‘6
1303 1237 1359 1290 δὲ
1391 1241 1471 1302 εἰς
1499 1240 1598 1309 τήν
1630 1241 1733 1311 ἐμ-

174 1323 369 1392 πορίαν
413 1324 577 1377 αὐτοῦ
604 1342 617 1355 ·
658 1326 708 1379 oi
753 1326 808 1380 δὲ
848 1326 1023 1381 λοιποὶ
1050 1328 1423 1398 κρατήσαντες
1459 1329 1587 1392 τοὺς
1612 1330 1734 1382 δού-

172 1415 295 1477 λους
324 1414 509 1481 αὑτοῦ,
538 1416 766 1488 ὕϐρισαν
817 1420 911 1472 καὶ
951 1420 1297 1476 ἀπέκτειναν.
1355 1422 1464 1475 Καὶ
1491 1423 1732 1487 ἀκούσας

168 1508 198 1558 6
227 1505 480 1574 βασιλεὺς
506 1509 729 1573 ἐκεῖνος,
779 1509 1048 1580 ὠργίσθη,
1082 1512 1176 1564 καὶ
1212 1510 1434 1582 πέμψας
1466 1514 1533 1566 τά
1565 1531 1731 1585 στρα-

166 1598 415 1668 τεύματα
461 1600 647 1665 αὐτοῦ,
678 1600 929 1654 ἀπώλεσε
984 1603 1107 1665 τοὺς
1139 1607 1316 1672 φονεῖς
1347 1605 1606 1669 ἐκείνους,
1638 1606 1730 1659 καὶ

166 1689 267 1758 τὴν
296 1689 446 1743 πόλιν
488 1691 666 1743 αὐτῶν
699 1692 1014 1763 ἐνέπρησεν.
1047 1692 1179 1746 Τότε
1214 1693 1361 1761 λέγει
1393 1697 1501 1757 τοῖς
1523 1694 1729 1760 δούλοις

166 1781 352 1835 αὐτοῦ·
396 1783 454 1834 Ὀ
479 1784 575 1853 μὲν
609 1783 782 1854 γάμος
816 1786 1052 1856 ἕτοιμος,
1108 1788 1158 1838 οί
1184 1787 1239 1839 δὲ
1279 1788 1605 1858 κεκλημένοι
1628 1791 1727 1844 οὐκ

163 1868 307 1941 ἦσαν
331 1874 487 1939 ἄξιοι.
561 1878 861 1948 Πορεύεσθε
908 1875 1000 1933 οὖν
1045 1881 1136 1933 ἐπὶ
1188 1880 1287 1943 τὰς
1318 1881 1585 1948 διεξόδους
1621 1885 1731 1938 τῶν
1762 1885 1805 1941 Β

164 1965 325 2030 ὁδῶν,
350 1970 445 2020 καὶ
472 1968 630 2033 ὅσους
659 1970 724 2023 ἂν
786 1970 1007 2043 εὕρητε,
1060 1972 1322 2025 καλέσατε
1364 1976 1443 2037 είς
1476 1977 1602 2037 τοὺς
1629 1975 1730 2045 γά-

167 2075 324 2127 μους,
348 2061 459 2115 Καὶ
477 2060 779 2127 ἐξελθόντες
804 2067 851 2118 oi
879 2065 1055 2118 δοῦλοι
1093 2068 1289 2119 ἐκεῖνοι
1322 2068 1402 2130 εἰς
1426 2066 1524 2131 τὰς
1552 2067 1724 2136 ὁδοὺς,

165 2156 468 2223 συνήγαγον
498 2156 705 2221 πάντας
732 2157 889 2220 ὅσους
902 2150 1081 2227 εὗρον,
1110 2158 1380 2229 πονηρούς
1393 2176 1453 2211 τε
1469 2160 1563 2213 καὶ
1594 2162 1729 2228 ἁγα-

162 2245 323 2310 θοὺςο
354 2249 448 2301 καὶ
475 2250 777 2323 ἐνεπλήσθη
824 2251 853 2304 ὁ
898 2250 1076 2323 γάμος
1108 2254 1516 2325 ἀνακειμένωνο
1557 2274 1575 2307 ι
1629 2256 1726 2311 καὶ

159 2337 232 2392 τὰ
254 2339 416 2394 λοιπά
443 2340 537 2395 τοῦ
556 2342 773 2413 χωρίου.

235 2433 411 2486 (Τότε
452 2433 708 2507 ὡμοιώθη
760 2438 793 2508 ή
855 2437 1105 2507 βασιλεία
1156 2438 1266 2493 τῶν
1315 2440 1559 2513 οὐρανῶν
1591 2444 1726 2502 δέκα

159 2523 466 2594 παρθένοις,
518 2528 725 2592 αἵτινες
776 2529 1037 2585 λαϐοῦσαι
1082 2530 1179 2595 τὰς
1204 2531 1489 2603 λαμπάδας
1521 2537 1720 2604 αὐτῶν,

156 2615 379 2686 ἐξῆλθον
424 2618 503 2679 είς
521 2619 822 2689 ἀπάντησιν
851 2619 944 2673 τοῦ
985 2623 1238 2693 νυμφίου,
1279 2644 1297 2678 ι
1324 2627 1503 2681 καὶτὰ
1528 2628 1710 2685 λοιπά.

235 2727 257 2759 ι
302 2710 525 2779 Ἔλεγεν
555 2715 583 2765 ὁ
606 2712 808 2783 Κύριος
831 2730 845 2744 ο
892 2714 1076 2777 Οὕτως
1114 2718 1261 2771 ἐστὶν
1291 2720 1325 2789 ή
1358 2720 1601 2789 βασιλεία
1626 2724 1718 2776 τοῦ

154 2801 411 2868 Θεοῦ,ὼς
439 2804 531 2857 ἐάν
585 2804 868 2876 ἄνθρωπος
897 2807 1037 2879 βάλῃ
1089 2810 1179 2861 τὸν
1242 2812 1440 2883 σπόρον
1483 2815 1574 2867 ἐπὶ
1620 2818 1717 2885 τῆς

156 2894 278 2963 γῆς,
318 2896 410 2949 καὶ
456 2897 709 2969 καθεύδῃ,
766 2900 859 2952 καὶ
910 2902 1187 2971 ἐγείρηται
1239 2903 1410 2958 νύκτα
1460 2909 1552 2959 καὶ
1584 2909 1717 2979 ήμέ-

157 3002 276 3056 ραν,
300 2986 391 3038 καὶ
418 2989 445 3039 6
475 2990 671 3059 σπόρος
702 2990 974 3063 βλαστάνῃ
1001 3034 1014 3056 ,
1054 2994 1145 3045 καὶ
1181 2996 1487 3066 μηκύνηται
1511 2998 1585 3061 ὡς
1615 3000 1714 3051 οὑκ

149 3072 291 3128 οἶδεν
318 3078 491 3139 αὑτός.
518 3081 805 3151 Λύτομάτη
856 3084 964 3151 γάρ
998 3084 1029 3152 ἡ
1062 3084 1130 3153 γῆ
1164 3090 1522 3156 καρποφορεῖ,
1557 3089 1709 3158 πρῶ-

148 3184 242 3218 τον
268 3168 473 3235 χόρτον,
504 3166 633 3226 εἶτα,
677 3173 934 3241 ἀσταχυν,
985 3172 1102 3226 εἶτα
1157 3176 1339 3246 πλήρη
1382 3181 1527 3230 σῖτον
1550 3182 1607 3231 ὲν
1632 3182 1709 3250 τῷ

150 3260 361 3327 στάχυϊ.
392 3260 556 3311 Ὅταν
578 3262 633 3314 δὲ
669 3265 895 3333 παραδῷ
913 3269 939 3317 ὁ
961 3267 1189 3336 καρπὸς,
1225 3268 1425 3331 εὐθέως
1449 3272 1706 3325 ἁποστέλι

144 3349 301 3402 λειτὸ
315 3352 594 3420 δρέπανον,
618 3355 1058 3427 ὄτιπαρέστηκεν
1098 3360 1126 3410 6
1160 3359 1437 3429 θερισμός.
1478 3363 1667 3431 Ἔλεγε
1690 3382 1701 3393 ·

144 3441 264 3494 ’[ίνι
304 3442 552 3513 ὁμοιώσω
607 3446 703 3512 τήν
749 3445 1024 3514 βασιλείαν
1082 3448 1176 3501 τοῦ
1204 3449 1372 3517 Θεοῦ;
1410 3452 1442 3522 ἢ
1486 3454 1544 3504 ἐν
1574 3455 1703 3524 ποία

142 3540 425 3609 παραῦολῇ
497 3542 915 3612 παραϐάλλομεν
979 3547 1185 3615 cum;
1242 3546 1347 3610 Ὦς·
1391 3548 1705 3618 κόκκῳ.σι-

141 3631 447 3693 νάπεως,ὃς
481 3632 610 3687 ὅταν
642 3638 821 3705 σπαρῇ
853 3636 946 3688 ἐπὶ
960 3638 1057 3705 τῆς
1078 3639 1198 3709 γῆς,
1218 3639 1537 3711 μικρότερον
1571 3642 1705 3695 πάν-

138 3740 249 3773 των
276 3723 382 3775 τῶν
408 3726 733 3794 σπερμάτων
750 3728 855 3781 τῶν
889 3729 980 3781 ἐπὶ
1005 3733 1105 3800 τῆς
1134 3732 1237 3800 γῆς
1282 3734 1419 3797 ἐστι,
1459 3734 1552 3787 καὶ
1575 3736 1701 3789 ὅταν

138 3817 347 3882 σπαρῇ.
374 3816 651 3869 ἀναϐαίνει
704 3820 918 3872 πάντων
939 3820 1047 3872 τῶν
1081 3821 1328 3889 λαχάνων
1359 3825 1579 3892 μείζων,
1607 3828 1699 3879 καὶ

134 3910 282 3958 ποιεῖ
331 3906 553 3969 κλάδους
605 3912 894 3979 μεγάλους,
945 3913 1085 3965 ὥστε
1139 3914 1400 3967 δύνασθαι
1447 3919 1550 3969 ὑπό
1597 3920 1696 3989 τὴν

137 3998 299 4049 σκιάν
321 3998 483 4050 αὑτοῦ
509 4001 577 4051 τά
608 4004 829 4055 πετεινά
855 4004 946 4056 τοῦ
976 4004 1205 4073 οὐρανοῦ
1230 4007 1623 4076 κατασκηνοῦν.
1646 4027 1686 4058 ,ι

209 4104 228 4137 ι
260 4087 355 4138 Διὰ
383 4088 589 4139 πολλῶν
621 4088 849 4159 θλίψεων
877 4093 956 4145 δεῖ
1005 4096 1152 4164 ἡμᾶς
1176 4095 1436 4149 εἰσελθεῖν
1484 4099 1563 4161 εἰς
1588 4098 1686 4168 τὴν

131 4177 413 4247 βασιλείαν
441 4178 533 4230 τοῦ
566 4180 720 4234 Θεοῦ.
772 4201 791 4232 ι

207 4288 227 4321 ι
265 4271 376 4322 Ούκ
419 4270 563 4322 ἐστιν
612 4273 646 4339 ἡ
705 4272 946 4339 βασιλεία
1013 4274 1105 4326 τοῦ
1150 4275 1283 4328 Θεοῦ
1334 4276 1541 4347 βρῶσις
1593 4281 1689 4333 καὶ

123 4361 285 4423 πόσις
317 4400 332 4425 ,
384 4360 517 4413 ἀλλὰ
561 4360 870 4433 δικαιοσύνη
924 4364 1016 4415 καὶ
1080 4366 1226 4434 χαρὰ
1289 4367 1346 4418 ἐν
1409 4366 1688 4438 Πνεύματι

117 4451 288 4519 ἁγίῳ.
326 4470 345 4502 ι

202 4562 224 4595 ι
257 4543 369 4596 Οὐκ
391 4544 448 4596 ἐν
466 4543 607 4615 λόγῳ
631 4544 664 4615 ή
692 4542 936 4614 βασιλεία
963 4549 1056 4599 τοῦ
1091 4546 1246 4612 Θεοῦ,
1276 4546 1389 4601 ἀλλ’
1418 4548 1477 4602 ἐν
1523 4548 1682 4605 δυνά·
1720 4583 1764 4638 D

127 4652 243 4705 μει.
275 4655 294 4686 ι

203 4747 223 4779 ι
248 4729 317 4780 Ἢ
342 4730 441 4781 οὑκ
465 4730 661 4793 οἴδατε,
682 4731 763 4784 ὅτι
792 4731 962 4785 ἄδικοι
992 4733 1266 4801 βασιλείαν
1294 4732 1428 4788 Θεοῦ
1462 4736 1524 4787 οὐ
1552 4736 1683 4807 κλη-

125 4824 519 4891 ρονομήσουσις
547 4824 637 4893 Μή
663 4823 931 4877 πλανᾶσθε
954 4841 967 4855 ·
996 4824 1117 4877 οὔτε
1142 4828 1349 4896 πόρνοι,
1380 4826 1502 4880 οὔτε
1529 4830 1681 4883 εἰδω-

122 4914 401 4982 λολάτραι,
427 4914 550 4967 οὔτε
609 4918 810 4985 μοιχοὶ,
865 4916 987 4969 οὔτε
1029 4918 1283 4987 μαλακοὶ,
1314 4918 1435 4970 οὔτε
1461 4920 1682 4991 ἀρσενο-

121 5008 319 5068 κοῖται,
352 5005 473 5058 οὗτε
495 5008 739 5078 λοίδοροι,
768 5010 828 5062 οὐ
858 5010 1098 5079 μέθυσοι,
1129 5012 1226 5079 οὐχ
1272 5012 1541 5081 ἅρπαγες,
1584 5014 1681 5084 βα·

123 5097 332 5151 σιλείαν
360 5098 492 5151 Θεοῦ
512 5099 997 5171 κληρονομήσουσι.
1034 5125 1051 5156 ι

209 5276 595 5348 Τελειούμενος
643 5282 946 5354 ανθρωπος,
990 5288 1069 5350 εἰς
1130 5290 1228 5357 τήν
1274 5290 1382 5343 τῶν
1427 5288 1676 5357 ἀγγέλων

113 5371 274 5436 ἀξίαν
315 5372 591 5439 ἀνάγεται.

182 5464 290 5515 Τὸν
320 5465 526 5517 ἐκεῖθεν
552 5466 659 5520 τῶν
694 5469 1060 5538 ἑορταζόντων
1096 5469 1248 5543 ἦχον,
1284 5476 1411 5528 ἔνθα
1441 5476 1674 5546 εὐφραι-

110 5555 356 5623 νομένων
388 5557 602 5610 πάντων
646 5562 676 5628 ή
731 5563 1001 5627 κατοικία,
1052 5568 1149 5617 οὐκ
1180 5566 1308 5619 ἄλλο
1341 5586 1415 5630 τι,
1455 5568 1485 5636 ή
1519 5568 1675 5620 τοῦτο

105 5644 251 5699 εἶναι
279 5647 503 5716 νομίζω,
533 5650 662 5702 Θεὸν
695 5652 1033 5722 ὑμνούμενόν
1066 5674 1125 5707 τε
1174 5658 1261 5708 καλ
1321 5657 1674 5723 δοξαζόμενον

101 5740 221 5801 τοῖς
259 5738 361 5807 τῆς
392 5740 566 5794 ἐκεῖσε
600 5743 868 5807 πολιτείας
900 5746 1242 5817 ἠξιωμένοις.

1848 612 1931 658 est
1958 622 2183 676 regnum
2204 611 2466 699 caelorum
2498 616 2703 675 homini
2734 624 2869 693 regi,
2892 629 2983 697 qui
3044 630 3409 705 fecitnuptias

1849 694 1962 749 tilio
1995 711 2113 753 suo.
2153 700 2218 753 Et
2253 696 2404 759 misit
2438 722 2626 763 servos
2671 728 2801 768 suos
2832 694 3028 775 vocare
3056 694 3315 783 invitatos
3338 731 3405 784 ad

1847 786 2095 855 nuptias;
2122 799 2175 844 et
2197 792 2450 849 nolebant
2494 799 2701 857 venire.
2733 802 2929 861 lterum
2963 811 3105 867 misit
3127 815 3267 872 alios
3292 833 3408 874 ser-

1844 894 1941 933 vos
1994 881 2183 937 dicens
2232 904 2244 938 :
2297 887 2465 944 Dicite
2522 894 2771 949 invitatis
2828 917 2840 951 :
2906 902 3046 958 Ecce
3114 910 3403 977 prandium

1846 984 2020 1023 meum
2055 976 2261 1042 paravi,
2290 984 2430 1033 tauri
2496 990 2599 1040 mei
2631 997 2684 1041 et
2721 990 2900 1045 altilia
2958 976 3133 1052 occisa
3165 1013 3313 1063 sunt.
3352 1016 3406 1061 et

1843 1064 2024 1117 omnia
2056 1078 2242 1133 parata
2277 1090 2292 1123 :
2333 1077 2509 1131 venite
2552 1081 2617 1131 ad
2642 1086 2882 1151 nuptias.
2911 1088 2990 1141 llli
3019 1102 3201 1146 autem
3229 1101 3405 1166 negle-

1844 1170 2059 1222 xerunt,
2091 1170 2145 1213 et
2172 1165 2448 1233 abierunt,
2483 1172 2620 1226 alius
2644 1173 2697 1227 in
2736 1177 2919 1233 villam
2969 1196 3144 1249 suam,
3181 1198 3233 1241 et
3264 1165 3405 1247 alius

1841 1249 1908 1303 ad
1934 1254 2352 1322 negotiationem
2409 1276 2582 1318 suam.

1838 1442 1945 1489 tem
1976 1453 2099 1493 cum
2118 1442 2379 1510 audisset,
2410 1448 2581 1506 iratus
2620 1466 2721 1516 est,
2764 1467 2819 1511 et
2864 1460 3047 1517 missis
3067 1468 3401 1527 exercitibus

1838 1529 1971 1591 suis,
2008 1534 2237 1596 perdidit
2271 1537 2577 1598 homicidas
2608 1547 2748 1610 illos,
2780 1560 2833 1605 et
2867 1553 3145 1611 civitatem
3180 1561 3398 1619 illorum

1836 1624 2138 1678 succendit.
2175 1624 2328 1684 Tunc
2373 1634 2449 1687 ait
2494 1640 2674 1693 servis
2720 1644 3112 1717 suis:antiae
3176 1655 3399 1722 quidem

1834 1722 2040 1804 parata!
2064 1728 2215 1785 sunt,
2246 1723 2340 1777 sed
2372 1728 2462 1794 qui
2499 1731 2712 1786 invitati
2765 1747 2943 1803 erant,
3000 1757 3109 1797 non
3179 1744 3399 1804 fuerunt

1834 1802 2006 1871 digni.
2041 1806 2115 1863 Ite
2146 1827 2277 1881 ergo
2308 1814 2375 1869 ad
2416 1820 2600 1875 exitus
2658 1824 2894 1893 viarum,
2927 1841 2984 1886 et.
3033 1851 3397 1909 quoscunque

1834 1899 2169 1967 inveneritis,
2207 1913 2399 1963 vocate
2420 1910 2483 1963 ad
2530 1915 2773 1984 nuptias.
2816 1920 2881 1974 Et
2915 1899 3157 1992 egressis
3211 1899 3398 1988 servis

1830 1985 1949 2055 ejus
1982 1988 2032 2042 in
2064 1992 2199 2056 vias,
2223 2011 2692 2070 congregaverunt
2729 2024 2922 2068 omnes
2980 2030 3117 2084 quos
3178 2019 3396 2078 invene-

1830 2089 1955 2133 runt
1981 2084 2154 2139 malos
2176 2096 2229 2143 et
2259 2090 2454 2157 bonos,
2494 2099 2807 2169 etimpleta:
2860 2118 2985 2162 sunt
3038 2113 3242 2182 nuptiae
3289 2115 3397 2173 dis-

1827 2175 2205 2233 cumbentium
2241 2201 2253 2236 :
2290 2202 2308 2234 ι
2338 2196 2393 2239 et
2419 2189 2631 2257 reliqua
2653 2192 2818 2265 hujus
2858 2198 2983 2253 loci.

1893 2442 2089 2501 Matth.
2116 2464 2238 2515 xxv,
2268 2452 2319 2505 l.
2348 2483 2417 2496 —
2441 2474 2459 2506 ι
2504 2455 2661 2514 Tunc
2709 2460 2893 2518 simile
2926 2465 3131 2520 factum
3176 2478 3259 2525 est
3297 2486 3391 2527 re-

1823 2554 1987 2607 gnum
2017 2543 2283 2599 coalorum
2308 2547 2498 2603 decem
2530 2553 2855 2623 virginibus.
2883 2575 3003 2628 qua:
3053 2563 3390 2634 accipientes

1824 2630 2102 2699 lampades
2123 2650 2267 2697 suas,
2292 2640 2544 2693 exierunt
2573 2643 2785 2698 obviam
2819 2662 3050 2721 sponso,
3093 2669 3110 2701 ι
3136 2630 3243 2708 etc.

1896 2722 2067 2780 Marc.
2114 2741 2185 2785 tv.
2220 2726 2328 2783 26-
2374 2730 2459 2783 32.
2488 2762 2558 2771 ——
2598 2752 2618 2783 ι
2655 2734 2879 2792 Dicebat
2942 2741 3204 2799 Dominus
3255 2764 3266 2798 :
3299 2745 3389 2799 Sic

1821 2814 2146 2887 estregniim
2176 2821 2462 2885 eteloruni,
2492 2828 2946 2902 quemadmodum
2969 2832 3014 2888 si
3043 2834 3389 2904 homojaciat

1820 2916 2122 2962 sementem
2158 2910 2209 2964 in
2267 2922 2489 2979 terram,
2520 2925 2575 2970 et
2628 2917 2883 2986 dormiat,
2917 2931 2971 2976 et
3000 2936 3257 2996 exsurgat
3289 2944 3386 2981 no-

1817 3010 1904 3053 cte
1934 3009 1987 3053 et
2017 3002 2132 3067 die,
2167 3014 2219 3056 et
2273 3022 2460 3061 semen
2508 3010 2800 3079 germinet,
2844 3025 2897 3067 et
2941 3016 3210 3074 increscat
3257 3022 3382 3075 dum

1818 3096 1995 3147 nescit
2036 3095 2139 3149 ille.
2171 3096 2330 3151 Ultro
2360 3102 2502 3153 enim
2569 3112 2716 3158 terra
2784 3108 3098 3170 lrnctilicat.
3141 3112 3381 3180 primum

1815 3184 2060 3251 herbam,
2094 3189 2289 3242 deinde
2314 3192 2543 3258 spicam,
2573 3195 2769 3249 deinde
2798 3198 2957 3267 3S3
3008 3200 3229 3268 plenum
3261 3202 3382 3257 fru-

1816 3288 2056 3333 mentum
2083 3281 2136 3334 in
2157 3284 2326 3350 spica.
2356 3284 2415 3336 l-lt
2460 3303 2660 3342 cumcx
2683 3304 2741 3342 se
2777 3278 3095 3359 preduxerit
3117 3294 3375 3358 fructum,

1812 3371 1994 3424 statim
2036 3374 2201 3427 inittit
2232 3374 2442 3439 falcem,
2472 3381 2725 3445 quoniam
2792 3383 2944 3437 adest
2999 3387 3213 3441 messis.
3269 3389 3367 3445 Cui

1811 3463 2126 3519 assimilabo
2159 3482 2384 3536 regnum
2418 3468 2547 3522 Dei?
2580 3472 2711 3524 etin
2740 3488 2845 3540 qua
2904 3474 3162 3541 parabola
3226 3493 3374 3533 com-

1809 3570 2066 3624 paramus
2096 3559 2270 3614 illud?
2320 3561 2471 3637 Sicut
2530 3578 2701 3628 grano
2764 3565 2993 3635 sinapis,
3046 3570 3193 3636 quod
3251 3587 3372 3626 cum

1809 3647 2135 3702 seminatum
2171 3651 2332 3705 fuerit
2374 3652 2426 3703 in
2456 3662 2620 3716 terra,
2656 3656 2835 3710 minus
2869 3667 2952 3711 est
3003 3660 3258 3714 omnibus
3288 3679 3374 3716 se-

1806 3739 2066 3801 minibus,
2136 3758 2258 3809 quae
2309 3754 2437 3797 sunt
2472 3744 2522 3797 in
2559 3754 2699 3798 terra
2731 3764 2744 3809 ;
2772 3755 2971 3801 etcum
3044 3751 3369 3806 seminatnm

1803 3827 1987 3894 fuerit,
2024 3835 2272 3887 ascendit
2301 3837 2558 3889 omnibus
2609 3839 2851 3892 olerilms
2923 3841 3122 3909 majus,
3151 3853 3204 3897 et
3233 3843 3365 3897 facit

1802 3933 1983 4001 ramos
2017 3941 2269 3991 magnos,
2302 3935 2359 3979 ut
2392 3928 2603 3994 possint
2633 3929 2736 3983 sub
2794 3930 2984 3984 umbra
3024 3932 3144 4000 ejus
3202 3935 3363 3988 volu-

1800 4028 1921 4067 cres
1962 4015 2082 4069 cmli
2112 4015 2381 4071 habitare.
2409 4038 2425 4067 ι

1870 4106 1987 4159 Act.
2026 4123 2133 4170 xw,
2163 4107 2252 4159 2L
2277 4140 2347 4148 —
2379 4131 2395 4159 ι
2432 4109 2533 4164 Per
2557 4114 2760 4166 multas
2792 4113 3178 4171 tribulationes
3202 4133 3368 4188 opor-

1798 4206 1872 4252 tet
1903 4213 2004 4253 nos
2036 4200 2241 4254 intrare
2274 4201 2325 4253 in
2364 4217 2590 4272 regnum
2626 4202 2739 4259 Dei.
2776 4225 2794 4255 ι

1870 4288 2025 4342 Rom.
2062 4306 2171 4353 xw,
2205 4291 2292 4344 i7.
2326 4322 2395 4332 —
2427 4313 2445 4344 ι
2483 4292 2601 4348 Non
2632 4308 2715 4350 est
2748 4312 2973 4366 regnum
3021 4300 3112 4356 Dei
3153 4318 3278 4358 esca
3306 4315 3361 4360 et

1796 4386 1977 4446 potus,
2014 4379 2111 4434 sed
2145 4379 2359 4448 justitia
2386 4391 2440 4435 et
2480 4383 2738 4453 gaudium
2772 4386 2825 4440 in
2851 4386 3056 4458 Spiritu
3087 4402 3298 4449 saneto.
3336 4417 3353 4446 ι

1863 4547 1893 4600 1
1919 4548 2043 4603 Cor.
2072 4565 2144 4615 tv,
2173 4549 2259 4603 20.
2291 4578 2359 4587 -—
2384 4570 2401 4600 ‹
2446 4547 2563 4604 Non
2608 4565 2960 4607 tnosermone
3006 4561 3099 4609 est.
3130 4571 3355 4625 regnum

1790 4639 1915 4705 Dei,
1941 4640 2035 4695 sed
2071 4641 2126 4695 in
2158 4643 2378 4696 virtute.
2418 4660 2435 4692 ι

1858 4730 1887 4785 1
1916 4731 2040 4788 Cor.
2076 4751 2151 4797 vi,
2182 4734 2236 4795 9,
2265 4734 2440 4787 lO.—
2471 4755 2487 4785 ι
2515 4735 2595 4788 An
2628 4736 2885 4802 nescitis,
2908 4739 3033 4804 quia
3068 4738 3241 4808 iniqui
3264 4756 3350 4793 re.

1782 4841 1946 4895 gnum
1981 4826 2074 4881 Dei
2101 4842 2207 4879 non
2243 4827 2641 4895 possidebunt?
2674 4826 2855 4882 Nolite
2883 4844 3069 4884 errare
3108 4848 3121 4882 :
3170 4848 3347 4901 neque

1782 4917 2085 4981 fornicarii,
2122 4932 2296 4986 neque
2325 4916 2485 4971 idolis
2518 4918 2848 4980 servientes,
2875 4935 3053 4988 neque
3082 4921 3338 4984 adulteri.

1780 5025 1958 5079 neque
2012 5010 2225 5073 molles,
2262 5027 2439 5079 neque
2488 5011 2859 5064 masculorum
2920 5012 3339 5076 cvncubit‘orcs,
3430 5008 3431 5011 “

1779 5118 1956 5170 neque
1988 5102 2258 5167 maledici,
2294 5118 2469 5170 neque
2496 5104 2723 5165 ebriosi,
2770 5119 2948 5172 neque
2985 5120 3213 5173 rapaces
3253 5121 3339 5160 re-

1777 5210 1944 5265 gnum
1984 5194 2074 5248 Dei
2106 5194 2479 5263 possidebunt.
2524 5215 2537 5244 ι

1851 5288 2066 5339 Basilii.
2094 5316 2162 5326 -
2194 5284 2368 5339 llomo
2396 5302 2520 5340 cum
2552 5296 2990 5350 consummatur,
3022 5288 3087 5340 ad
3115 5288 3337 5348 angelo-

1781 5393 1902 5431 rum
1942 5377 2264 5447 dignitatcni
2311 5379 2581 5432 evehitur.

1849 5469 1909 5524 S.
1940 5470 2092 5540 Greg.
2126 5469 2265 5525 Naz.
2309 5482 2444 5524 orat.
2496 5474 2550 5524 in
2597 5470 2696 5526 SS.
2751 5473 2960 5526 Lumin.
3007 5502 3073 5510 —
3128 5474 3331 5531 Sanum

1779 5562 1930 5616 illum
1958 5563 2314 5631 epulantium,
2342 5565 2429 5616 ubi
2453 5564 2751 5617 laetantium
2780 5565 3045 5618 habitatio
3070 5574 3172 5625 est,
3199 5566 3332 5617 nihil

1778 5656 1930 5710 aliud
1962 5672 2080 5711 esse
2118 5658 2418 5717 existimo,
2480 5657 2584 5709 nisi
2619 5657 2711 5711 Dei
2742 5656 3105 5711 laudationem
3139 5656 3335 5725 praedi-

1777 5749 2175 5818 calionemque,
2200 5764 2318 5818 quae
2341 5749 2406 5801 ab
2425 5750 2491 5803 iis
2513 5750 2839 5809 celebratur,
2864 5748 2956 5803 aui
2988 5748 3155 5801 vitam
3189 5746 3337 5801 illam

1778 5858 1936 5913 agerc
1972 5842 2315 5913 diguihabiti
2353 5848 2499 5895 sunt.
