4210 6448
867 329 1007 393 1263

864 540 1154 592 admodum
1177 541 1322 592 varia
1345 549 1473 594 sunt
1489 541 1607 591 sita:
1628 538 1987 593 instilnla,sic
2010 535 2194 586 multa:
2213 548 2430 602 quoque

864 632 1009 699 apud
1034 630 1200 682 Deum
1222 632 1533 686 mansiones
1555 640 1716 684 sunt:
1745 641 1862 695 qua?
1890 626 2106 692 quidem
2137 623 2432 690 unicuique

861 737 960 789 pro
974 721 1169 772 merito
1193 722 1616 775 distribuuntur.
1639 724 1714 773 Ac
1731 720 1947 786 quidem
1977 718 2116 770 alius
2148 716 2289 768 hanc
2323 719 2432 768 vir-

862 823 1052 875 tutem,
1084 814 1226 866 alius
1273 815 1440 876 illam,
1469 817 1651 882 plures
1674 813 1839 874 alius,
1874 810 2016 862 alius
2049 809 2281 878 denique
2305 823 2427 863 om-

860 920 978 968 nes,
1040 905 1084 958 si
1124 907 1240 959 Iicri
1294 907 1517 974 possit:
1562 914 1770 956 tantum
1819 900 2105 970 procedat,
2158 910 2214 954 et
2264 914 2429 970 porro

858 995 1110 1063 progredi
1145 994 1384 1056 studeat,
1418 1004 1473 1047 et
1504 995 1707 1062 Optime
1739 999 2093 1059 praeeuntem,
2124 1000 2182 1040 ιιι
2209 1002 2304 1055 per
2331 1001 2430 1038 an-

860 1095 1071 1152 gustam
1107 1087 1244 1137 viam
1278 1094 1334 1138 et
1375 1093 1607 1154 portam,
1649 1081 1717 1133 ad
1770 1081 2127 1134 beatitudinis
2158 1081 2309 1131 illius
2341 1076 2428 1129 lu-

859 1183 994 1228 ture
1025 1175 1362 1228 latitudinem
1395 1189 1540 1228 recta
1574 1173 1865 1226 ducentem
1926 1179 2214 1240 sequatur.

931 1267 1117 1334 Ejusd.
1175 1277 1312 1320 arat.
1343 1268 1396 1319 in
1446 1267 1579 1318 Cm.
1623 1267 1782 1332 fratr.
1819 1295 1886 1303 —
1919 1262 2034 1316 Una
2083 1277 2168 1315 me
2214 1269 2430 1330 oportet

858 1359 1080 1427 sepeliri
1120 1373 1245 1412 cum
1275 1355 1514 1418 Christo,
1551 1372 1657 1410 una
1684 1373 1809 1410 cum
1849 1355 2070 1408 Christo
2113 1367 2425 1421 resurgere,

857 1466 963 1503 una
998 1465 1121 1502 cum
1152 1450 1372 1503 Christo
1401 1448 1672 1502 haeredem
1704 1462 1828 1501 esse
1854 1486 1868 1509 ,
1915 1447 2085 1500 lilium
2133 1444 2226 1500 Dei
2263 1443 2423 1507 efﬁci,

861 1542 974 1596 imo
1001 1543 1164 1595 deum
1186 1543 1390 1610 ipsum.

926 1631 1172 1699 Nyueni.
1207 1663 1275 1672 —
1315 1630 1544 1686 Virtutis
1598 1630 1881 1698 praemium
1938 1630 2042 1683 hoc
2080 1638 2206 1691 est,
2261 1627 2424 1682 deum

858 1722 996 1778 ﬁeri.
1035 1733 1093 1777 et
1133 1723 1434 1792 purissimo
1464 1722 1670 1777 lumine
1703 1723 2044 1776 collustrari.
2080 1749 2150 1761 —
2183 1720 2342 1775 Certa
2373 1728 2427 1773 et

2034 333 2095 393 S.
2127 330 2449 391 JOANNIS
2475 331 2908 392 DAMASCENI

935 451 996 503 S.
1025 450 1243 518 Gregor.
1286 449 1575 511 Nazianz,
1603 447 1677 500 De
1700 464 1874 500 undare
1896 461 2110 511 pauper.
2141 475 2207 483 —
2229 441 2434 508 Quem—
2464 457 2508 509 Α

2607 445 2820 515 Ὥσπερ
2847 444 3096 514 διάφοροι
3125 444 3257 514 βίων
3281 448 3541 516 αἱρέσεις,
3588 450 3760 514 οὕτως
3803 456 3904 505 καὶ
3943 454 4095 519 μοναὶ

2535 537 2692 590 ἄλλαι
2727 536 2882 606 παρὰ
2909 536 2986 606 τῷ
3011 535 3133 605 Θεῷ
3162 539 3303 591 κατὰ
3330 537 3426 608 τὴν
3453 540 3610 602 ἀξίαν
3636 542 3854 612 ἑκάστῳ
3881 561 3948 612 με
3959 546 4096 611 eqs.

2538 646 2715 698 μεναι.
2747 629 2859 682 Καὶ
2889 631 2920 682 ὁ
2955 630 3055 699 μὲν
3081 631 3238 700 τήνδε
3268 631 3611 702 κατορθούτω
3631 635 3851 706 ἀρετὴν,
3879 637 3987 690 ὁδε
4007 640 4097 700 τὰς

2534 723 2775 785 ἁπάσας,
2807 724 2855 774 εί
2889 718 3002 776 οἷόν
3027 739 3120 776 τεο
3148 725 3310 794 μόνον
3329 726 3581 791 ὁδευέτω,
3619 730 3714 780 καὶ
3747 730 3990 798 ὲςιέσθω
4010 731 4095 782 τοῦ

2535 814 2744 884 πρόσω,
2776 814 2871 866 καὶ
2888 813 3032 867 κατὰ
3057 817 3223 879 πόδας
3255 818 3472 872 ἑπέσθω
3498 820 3574 890 τῷ
3601 820 3782 883 καλῶς
3814 823 4096 890 ὁδηγοῦντι

2534 909 2626 966 καὶ
2685 909 3105 974 κατευθύνοντι,
3168 912 3265 964 καὶ
3313 911 3405 964 διὰ
3466 915 3566 985 τῆς
3607 919 3798 987 στενῆς
3843 918 3970 970 ὁδοῦ
4008 920 4098 970 καὶ

2533 1001 2710 1070 πύλης
2739 1003 2836 1055 ἐπὶ
2883 1003 2947 1055 τὸ
2996 1003 3196 1068 πλάτος
3235 1004 3421 1072 ἄγοντι
3455 1006 3556 1074 τῆς
3586 1007 3792 1061 ἐκεῖθεν
3833 1013 4096 1079 μακαριο-

2531 1108 2715 1162 τητος.

2581 1263 2826 1348 ’Χριστῷ
2863 1276 3200 1346 συνταφῆναί
3231 1296 3300 1349 με
3351 1278 3454 1343 δεῖ,
3489 1281 3710 1351 Χριστῷ
3739 1286 4092 1354 συναστῆναι,

2535 1368 3046 1438 συγκληρονομῆσαι
3077 1367 3322 1440 Χριστῷ,
3359 1371 3474 1424 υίδν
3505 1374 3756 1440 γενέσθαι
3780 1374 3941 1439 Θεοῦ,
3967 1378 4085 1430 θεὸν

2532 1458 2694 1512 αὐτόν

2603 1637 2805 1696 ’Δθλον
2832 1643 3054 1714 ἀρετῆς,
3106 1644 3229 1698 θεὸν
3282 1647 3558 1716 γενέσθαι,
3606 1649 3702 1702 καὶ
3731 1649 3812 1718 τῷ
3844 1651 4095 1720 καθαρω-

2531 1735 2685 1807 τάτῳ
2737 1738 2880 1806 φωτὶ
2945 1741 3480 1809 καταστρατττεσθαι.
3531 1771 3600 1784 -—
3659 1743 3733 1796 Τὸ
3757 1745 3952 1797 πιστὸν
4000 1748 4093 1796 καὶ

856 1816 1162 1870 indubitata
1191 1815 1387 1869 futurae
1419 1815 1610 1882 gratiae
1659 1829 1787 1882 spes
1820 1814 2082 1881 majorem
2117 1813 2171 1865 in
2201 1813 2417 1864 modum
2452 1821 2494 1880 Β

2452 1821 2494 1880 Β
2521 1827 2894 1896 ἀναμφίϐολον
2924 1829 3025 1896 τῆς
3075 1831 3436 1902 ἐλπιζομένης
3487 1833 3707 1904 χάριτος
3736 1876 3752 1898 ,
3788 1836 4091 1897 ἀπόλαυσις

853 1922 950 1962 eos
980 1907 1239 1971 oblectat,
1270 1905 1363 1974 qui
1399 1918 1520 1960 eam
1557 1920 1652 1973 per
1678 1906 2000 1974 patientiam
2039 1911 2385 1972 exspectant.

927 2018 1112 2088 Ejusd.
1147 2019 1286 2072 hom.
1311 2029 1426 2072 octo
1451 2021 1506 2072 in
1535 2019 2042 2086 Beatitud.—Regni
2073 2017 2306 2087 dignitas
2331 2035 2424 2072 su-

855 2114 1125 2182 periorem
1152 2128 1210 2166 se
1238 2113 1583 2182 tyrannidem
1635 2128 1742 2164 non
1779 2112 1960 2164 habet.
2003 2143 2071 2151 —
2118 2110 2425 2165 Tribulatio

856 2200 959 2255 nos
984 2213 1067 2255 est
1101 2202 1367 2256 bonorum
1399 2218 1521 2271 qua:
1548 2204 1958 2270 pra-stolamur.
2000 2201 2212 2254 Florem
2257 2203 2425 2271 igitur

856 2303 1077 2363 propter
1108 2293 1348 2348 fructum
1369 2296 1732 2365 decerpamus

925 2429 1094 2483 Clem.
1145 2431 1297 2483 Alex.
1350 2429 1482 2495 Quis
1519 2429 1659 2483 diues
1695 2429 1826 2482 sale.
1855 2428 1882 2498 §
1911 2427 2003 2480 2|.
2036 2458 2104 2467 —
2151 2423 2268 2479 Non
2299 2425 2418 2478 dor-

856 2524 1145 2578 mientium
1180 2539 1279 2577 nec
1309 2523 1628 2592 ignavorum
1654 2528 1739 2576 est
1773 2536 2003 2590 regnum
2035 2517 2152 2582 Dei,
2185 2520 2280 2573 sed
2316 2520 2422 2570 vio-

859 2613 988 2668 lenti
1015 2616 1234 2683 rapiunt
1263 2613 1414 2667 illud.
1441 2611 1552 2667 Hoc
1577 2611 1722 2665 enim
1747 2613 1924 2667 solum
1953 2611 2224 2663 violentiae
2247 2626 2422 2680 genus

861 2703 1155 2760 honestum
1186 2714 1241 2756 et
1274 2704 1594 2773 prmelarnm
1619 2712 1725 2762 εει,
1763 2700 1871 2755 Deo
1897 2702 2006 2754 vim
2045 2701 2278 2762 inferre,
2311 2713 2364 2753 et
2393 2717 2421 2753 a

861 2793 971 2849 Deo
999 2798 1163 2848 vitam
1209 2803 1554 2862 extorquere.
1607 2792 1702 2846 llle
1727 2802 1932 2852 autem.
1985 2807 2112 2846 cum
2167 2793 2423 2860 cognitos

862 2887 983 2941 illos
1024 2887 1240 2949 habeat,
1266 2887 1358 2956 qui
1390 2886 1640 2947 ﬁrmiter,
1675 2885 1781 2936 imo
1815 2885 2084 2938 violenter
2119 2883 2421 2952 stringunt,

861 2981 1122 3034 concedet
1175 2989 1228 3034 et
1277 2979 1430 3033 dabit
1471 2993 1686 3033 manus.
1721 2977 1863 3033 Deus
1902 2979 2048 3032 enim
2081 2978 2284 3048 gaudet
2319 2977 2423 3031 hoc

867 3073 1026 3124 modo
1049 3073 1321 3140 superari.

2524 1925 2638 1985 τοῖς
2661 1922 2729 1975 δι’
2750 1924 3029 1994 ὑπομονῆς
3060 1925 3518 1997 ἀπεκδεχομένοις
3551 1929 3785 1996 γίνεται.

2607 2034 2674 2087 Ἦ
2734 2035 2837 2105 τῆς
2893 2034 3170 2105 βασιλείας
3235 2037 3381 2103 ἀξία,
3437 2041 3839 2114 ὑπερκειμένην
3896 2045 4091 2112 ἑαυτῆς

2523 2127 2816 2196 τυραννίδα
2836 2129 2936 2181 οὐκ
2963 2128 3099 2198 ἔχει.
3130 2159 3203 2172 -
3233 2131 3356 2183 Τῶν
3375 2132 3845 2204 προσδοκωμένων
3873 2136 4091 2204 ἀγαθῶν

2525 2221 2560 2288 ἡ
2587 2219 2766 2288 θλίψις
2792 2220 2952 2285 ἄνθος
2984 2223 3152 2277 ἐστίν.
3185 2224 3287 2278 Διὰ
3317 2225 3410 2279 τὸν
3448 2228 3661 2298 καρπὸν
3685 2231 3750 2282 τὸ
3775 2231 3938 2294 ἄνθος
3966 2232 4091 2301 δρε-

2524 2309 2778 2380 seuseu.

2596 2443 2672 2496 Οὐ
2696 2443 2808 2496 τῶν
2831 2445 3204 2503 καθευδόντων
3237 2452 3333 2504 καὶ
3373 2452 3746 2520 βλακευόντων
3767 2459 3801 2526 ἡ
3844 2457 4092 2526 βασιλεία

2524 2532 2617 2588 τοῦ
2652 2534 2810 2598 Θεοῦ,
2837 2537 2954 2590 ἀλλ’
2981 2539 3031 2591 οἱ
3063 2538 3283 2608 βιασταὶ
3335 2544 3674 2612 ἁρπάζουσιν
3705 2547 3899 2616 αὑτήν.
3941 2551 4092 2618 Δῦτη

2524 2627 2632 2698 γὰρ
2656 2628 2792 2698 μόνη
2820 2629 2912 2698 βία
2943 2632 3106 2702 καλὴ,
3132 2631 3267 2685 Θεὸν
3310 2633 3624 2703 βιάσασθαι,
3659 2640 3753 2690 καὶ
3785 2641 3934 2710 παρὰ
3953 2641 4092 2692 Θεοῦ

2525 2717 2670 2788 ζωὴν
2699 2719 2963 2789 ἁρπάσαι.
3003 2722 3062 2774 '0
3088 2722 3144 2774 δὲ
3176 2727 3338 2790 γνοὺς
3364 2730 3492 2789 τοὺς
3523 2728 3777 2796 βεϐαίως,
3812 2730 4012 2800 μᾶλλον
4039 2733 4093 2784 δὲ

2525 2807 2716 2878 βιαίως
2755 2812 3175 2882 ἀντεχομένους,
3220 2814 3561 2887 συνεχώρησε
3606 2820 3700 2871 καὶ
3731 2816 3866 2884 εἶξε.
3899 2823 4093 2892 Χαίρει

2523 2902 2634 2971 γὰρ
2653 2905 2683 2954 ὁ
2705 2902 2837 2966 Θεὸς
2858 2906 2926 2955 τὰ
2953 2904 3178 2958 τοιαῦτα
3207 2906 3540 2977 ήτοώμενος.

937 3162 1126 3230 Ejusd.
1158 3177 1222 3215 ex
1241 3163 1394 3230 epist.
1423 3161 1513 3214 2|.
1538 3191 1609 3202 —
1641 3159 1884 3230 Regnum
1918 3160 2053 3213 illud
2089 3161 2423 3230 incorrupti-
2448 3165 2491 3222 α
2594 3177 2599 3210 l

2448 3165 2491 3222 C
2594 3168 2710 3219 Οὐκ
2745 3167 2858 3237 ἔχει
2903 3169 3202 3240 ἐπιθυμίαν
3235 3179 3264 3219 1
3288 3173 3324 3243 ἡ
3353 3172 3627 3245 ἄφθαρτος
3664 3174 3934 3244 βασιλεία,
3958 3180 4094 3232 ἀλλὰ

862 3256 972 3309 bile
1005 3253 1360 3321 cupiditatem
1398 3267 1506 3306 non
1532 3251 1714 3316 habet,
1743 3250 1837 3304 sed
1865 3249 2131 3304 bonorum
2170 3251 2418 3302 omnium

863 3346 1228 3415 praesentiam.
1271 3345 1425 3399 Unde
1473 3344 1546 3398 ibi
1600 3357 1710 3396 non
1745 3353 1829 3397 est
1855 3341 2175 3411 cupiditatis
2205 3341 2365 3396 locus
2402 3358 2416 3394 :

858 3455 925 3492 ex
964 3438 1189 3506 penuria
1238 3439 1437 3505 quippe
1489 3434 1654 3506 385
1707 3433 1980 3503 cupiditas
2025 3435 2239 3497 oritur;
2274 3435 2420 3503 quod

859 3547 992 3583 vero
1014 3530 1136 3597 quis
1164 3529 1422 3581 omnibus
1463 3527 1723 3595 potiatur,
1755 3527 1881 3581 hinc
1928 3526 2134 3589 oritur,
2179 3535 2240 3578 ut
2285 3527 2420 3579 nihil

859 3622 1236 3689 concupiscat.
1266 3649 1334 3657 —
1361 3619 1604 3686 Regnum
1647 3616 1739 3670 Dei
1790 3625 1968 3671 status
1993 3631 2185 3670 eorum
2227 3615 2420 3671 dicen-

858 3715 963 3767 dus
991 3723 1096 3775 est,
1124 3714 1218 3782 qni
1249 3713 1416 3766 vitam
1447 3718 1609 3782 agant
1641 3709 1845 3765 divinis
1883 3709 2093 3780 legibus
2128 3720 2423 3765 consenta-

857 3820 1040 3860 neam.

854 3916 993 3972 ΤΙΤ.
1022 3917 1084 3972 ll.
1125 3949 1187 3960 —-
1220 3917 1292 3969 De
1323 3917 1542 3969 consilio
1580 3914 1672 3968 Dei
1718 3931 1734 3967 :
1788 3925 1837 3968 et
1887 3914 2023 3983 quod
2070 3932 2161 3969 nec
2197 3916 2414 3980 mutari,

1068 4004 1159 4040 nec
1185 3987 1545 4054 comprehendi
1568 3985 1632 4038 ab
1676 3984 1972 4037 hominibus
2005 3995 2195 4051 potest.

933 4099 1081 4154 Psal.
1117 4115 1286 4159 χχιιι,
1319 4099 1406 4152 10.
1443 4129 1511 4139 -
1543 4118 1562 4151 ι
1598 4099 1858 4154 Dominus
1899 4099 2136 4168 dissipat
2182 4101 2416 4155 consilia

852 4192 1137 4263 gentium,
1193 4193 1444 4260 reprobat
1515 4202 1697 4244 autem
1745 4191 2110 4260 cogitationes
2179 4191 2410 4261 populo-

859 4300 1004 4348 rum,
1035 4301 1053 4332 ι
1085 4290 1198 4336 etc.

930 4376 1073 4429 ριαι.
1103 4390 1285 4436 uvm.
1312 4374 1364 4427 5.
1395 4403 1462 4415 —
1500 4392 1518 4424 ι
1547 4370 1832 4429 Terribilis
1860 4375 1915 4428 in
1949 4373 2201 4429 consiliis
2244 4389 2412 4444 super

865 4468 1004 4518 ﬁlios
1040 4465 1342 4518 hominum.
1379 4482 1398 4514 ι

939 4557 1094 4612 Prov.
1123 4573 1237 4617 xix,
1264 4557 1354 4609 2|.
1395 4584 1466 4594 ——
1497 4574 1516 4605 ε
1557 4554 1736 4609 Multae
1758 4555 2114 4622 cogitationes
2162 4555 2216 4609 in
2257 4555 2420 4610 corde
2451 4528 2500 4587 ο

865 4648 1100 4703 hominis
1132 4660 1145 4698 :
1180 4646 1469 4700 consilium
1507 4655 1686 4699 autem
1719 4642 1812 4699 Dei
1839 4653 2021 4700 manet
2045 4645 2101 4698 in
2131 4645 2422 4715 sempiter-

865 4756 1015 4795 nnm.
1049 4758 1067 4790 ι

933 4829 1046 4884 Isa.
1085 4844 1197 4893 xw,
1219 4830 1310 4884 28.
1341 4859 1410 4871 —
1438 4848 1456 4881 ι
1485 4827 1616 4894 Qua:
1664 4827 1808 4883 Deus
1865 4838 2092 4883 sanctus
2148 4829 2420 4896 decrevit,

864 4922 988 4990 quis
1013 4920 1321 4990 dissipabit,
1342 4928 1397 4974 et
1419 4933 1638 4972 manum
1663 4917 1784 4986 ejus
1805 4917 2095 4972 sublimem
2115 4921 2241 4988 quis
2265 4934 2421 4974 aver-

861 5012 986 5066 tat?
1025 5031 1042 5060 ι

932 5101 1046 5156 Isa.
1085 5119 1196 5165 six,
1227 5103 1316 5167 15,
1363 5102 1451 5155 24.
1484 5129 1556 5142 —
1596 5121 1613 5152 ι
1650 5098 1774 5154 Hzec
1822 5100 1958 5154 dicit
1994 5101 2258 5157 Dominus
2316 5103 2417 5158 Sa-

863 5195 1024 5250 baoth
1058 5211 1072 5246 :
1105 5194 1567 5259 Quemadmodum
1590 5191 1722 5254 dixi,
1766 5193 1846 5246 sic,
1879 5195 1982 5246 erit
2010 5211 2024 5256 ;
2057 5203 2112 5246 et
2153 5198 2424 5262 quemad-

862 5288 1080 5339 modum
1132 5295 1308 5337 mente
1335 5287 1588 5346 tractavi,
1639 5284 1721 5338 sic
1786 5284 2047 5338 manebit.
2090 5302 2108 5334 ι
2140 5315 2208 5327 -
2259 5304 2276 5335 ‹
2325 5283 2424 5338 Uni

861 5383 992 5430 sunt
1021 5375 1292 5445 sapientes
1331 5376 1524 5428 tui?et
1557 5376 1886 5428 annuntient
1923 5376 2043 5439 tibi,
2093 5378 2224 5445 quid
2276 5379 2425 5446 cogi-

859 5468 1061 5521 taverit
1085 5466 1349 5520 Dominus
1373 5466 1635 5550 Sabaoth.
1674 5485 1691 5515 ι

932 5557 1046 5611 Ιςα.
1086 5574 1174 5624 ιι,
1212 5558 1296 5621 13,
1331 5561 1420 5613 28.
1449 5589 1515 5599 —
1537 5578 1554 5609 ι
1598 5558 1731 5622 Quis
1762 5561 2019 5624 cognovit
2052 5568 2288 5613 mentem
2317 5560 2421 5612 Do-

2529 3261 2831 3328 παρουσίαν
2862 3264 3078 3314 πάντων
3143 3264 3254 3316 τῶν
3310 3265 3548 3332 ἀγαθῶν.
3585 3267 3748 3320 Ὅθεν
3794 3272 3897 3322 οὐκ
3949 3272 4095 3324 ἐστιν

2528 3352 2904 3422 ἐπιθυμῆσαι⁸
2941 3357 3005 3407 ὲκ
3062 3355 3172 3426 γὰρ
3216 3357 3313 3411 τοῦ
3354 3359 3618 3430 ὑστερεῖν,
3690 3361 3754 3415 τὸ
3801 3365 4094 3436 ἐπιθυμεῖν

2528 3445 2708 3498 ἐστιν’
2745 3448 2808 3498 ὲκ
2845 3447 2903 3499 δὲ
2936 3446 3028 3499 τοῦ
3070 3448 3244 3502 πάντα
3267 3450 3430 3520 ἔχειν,
3461 3453 3523 3504 τὸ
3546 3453 3774 3521 μηδενὸς
3803 3457 4092 3526 ἐπιθυμεῖν

2528 3539 2665 3590 ἐστι.
2701 3567 2771 3577 -
2797 3539 3086 3592 Βασιλείαν
3134 3541 3271 3595 Θεοῦ
3328 3543 3568 3607 λεκτέον,
3611 3547 3706 3617 τὴν
3759 3553 4092 3606 κατάστασιν

2527 3627 2638 3681 τῶν
2663 3630 2804 3682 κατὰ
2833 3633 2960 3694 τοὺς
2991 3631 3169 3697 θείους
3192 3635 3391 3704 νόμους
3423 3635 3701 3706 βιούντων.

2531 3919 2714 3976 ΤΙΤΔ.
2757 3923 2830 3999 B'.
2848 3955 2917 3999 ἡ
2940 3925 3074 3999 Περὶ
3092 3925 3335 3999 ,βουλῆς
3351 3927 3501 3999 Θεοῦ
3516 3943 3530 3958 ·
3548 3929 3643 3982 καί
3665 3929 3754 3982 ὅτι
3779 3931 4091 3999 ἄτρεπτος,

2729 3995 2829 4047 καί
2875 3995 3197 4065 ἀνέφικτος
3242 3997 3573 4064 ἀνθρώποις
3608 3995 3889 4068 ὑπάρχει.

2605 4124 2624 4158 ι
2654 4105 2859 4178 Κύριος
2889 4106 3226 4171 διασκεδάζει
3261 4107 3455 4179 βουλὰς
3483 4110 3654 4165 ἐθνῶν
3682 4153 3699 4178 ,
3734 4113 3997 4170 ἀθετείδὲ
4015 4117 4094 4170 λοι

2527 4198 2760 4267 γισμοὺς
2791 4197 2954 4250 λαῶν.
2986 4215 3006 4248 ι

2601 4389 2620 4423 ι
2668 4371 2755 4436 Ὠς
2794 4373 3021 4444 φοϐερὸς
3079 4375 3136 4426 ἒν
3195 4375 3411 4445 βουλαῖς
3475 4379 3615 4448 ὑπὲρ
3649 4381 3780 4444 τοὺς
3822 4385 3980 4446 υίοίις
4012 4386 4093 4435 ἀνα

2528 4463 2783 4534 θρὼπων.
2808 4483 2828 4514 ι

2598 4573 2618 4605 ι
2637 4555 2827 4608 Πολλοὶ
2840 4555 3089 4624 λογισμοὶ
3109 4560 3169 4610 ὲν
3199 4559 3397 4630 καρδίᾳ
3419 4561 3704 4632 ἀνθρώπου
3729 4581 3743 4595 ·
3784 4565 3818 4635 ἡ
3845 4566 3906 4620 δὲ
3930 4567 4091 4638 βουλὴ

2521 4643 2614 4699 τοῦ
2651 4645 2786 4698 Θεοῦ
2818 4646 3064 4717 μένειείς
3094 4649 3187 4702 τὸν
3208 4649 3400 4705 αἰῶνα.
3444 4669 3463 4702 ι

2596 4843 2614 4875 ι
2656 4826 2722 4877 ’Δ
2766 4827 2795 4878 ὁ
2825 4825 2954 4889 Θεὸς
3004 4827 3156 4893 ἅγιος
3195 4825 3555 4896 βεϐούλευται,
3587 4830 3669 4893 τίς
3711 4832 4087 4891 sumam;

2520 4918 2616 4972 καὶ
2635 4919 2733 4989 τὴν
2771 4921 2929 4989 χεῖρα
2964 4919 3062 4988 τὴν
3092 4918 3301 4989 ὑψηλὴν
3333 4920 3414 4983 τίς
3450 4922 3815 4994 ἀποστρέψεις
3844 4945 3860 4975 ι

2607 5114 2624 5145 ι
2659 5091 2796 5146 Τάδε
2819 5091 2966 5158 λέγει
3023 5089 3224 5160 Κύριος
3250 5089 3496 5155 Σαϐαὼθ,
3526 5092 3696 5159 λέγων
3717 5100 3731 5113 ⁸
3777 5097 3875 5146 Ὃν
3895 5103 3993 5165 τρὶ
4004 5115 4092 5149 που

2529 5187 2745 5256 εἴρηκα,
2771 5184 2940 5246 οὕτως
2999 5181 3174 5243 ἔσται,
3230 5185 3324 5236 καὶ
3376 5184 3436 5235 ὃν
3465 5185 3663 5255 τρόπον
3702 5185 4089 5258 βεϐούλευμαι.

2529 5278 2700 5340 οὓτως
2757 5277 2924 5346 μενεῖ.
2951 5294 2969 5327 ι
3012 5302 3082 5312 -
3110 5291 3128 5324 ι
3168 5273 3274 5326 Ποῦ
3349 5277 3486 5328 εἰσιν
3539 5279 3589 5328 οἱ
3628 5281 3783 5346 σοφοί
3821 5297 3962 5345 crsu;
4008 5282 4089 5333 καί

2528 5367 3004 5437 ἀναγγειλὰτωσάν
3069 5365 3207 5417 σοιὸ
3238 5382 3292 5418 τι
3326 5365 3669 5436 βεϐούλευται
3738 5372 3955 5442 Κύριος
3995 5375 4091 5425 £1-

2531 5461 2700 5515 ϐαώθ.
2730 5479 2749 5512 ι

2609 5575 2625 5606 ι
2665 5556 2759 5618 Τίς
2783 5556 2922 5623 ἔγνω
2957 5557 3077 5610 νοῦν
3111 5559 3337 5629 Κυρίου,
3378 5560 3410 5628 ἢ
3453 5559 3535 5621 τίς
3570 5557 3878 5627 σύμϐουλος
3933 5553 4088 5614 αὑτοῦ

933 5760 960 5798 7
988 5750 1157 5822 Hujus
1182 5753 1465 5806 sementim
1496 5751 1736 5806 auctoris
1768 5765 1962 5804 nomen
1991 5767 2044 5804 in
2075 5752 2186 5805 ullo
2217 5751 2405 5806 codice
2445 5753 2643 5822 reperi.
2682 5751 2774 5807 Est
2808 5754 2990 5808 forsan
3025 5756 3127 5808 Nili
3163 5757 3241 5810 γει
3277 5757 3605 5827 Serapionis.
