4210 6448
153 425 292 488 1265

1364 418 1603 480 SACBA
1633 413 2108 476 PARALLELA-

3251 400 3386 464 1266

149 537 390 602 ἐγένετο,
434 535 496 599 ὃς
563 535 888 605 συμϐιὸάσει
950 534 1148 600 αὖτόν;
1188 533 1222 607 ἢ
1264 532 1400 605 προς
1447 530 1567 584 τίνα
1601 543 1728 581 συν·
1755 527 1803 586 Δ

1722 555 1728 566 -
1755 527 1803 586 Δ
1832 522 1966 578 mini
1995 563 2011 588 ,
2041 532 2139 578 aut
2167 523 2296 594 quis
2350 523 2706 580 consiliarius
2734 523 2853 592 ejus
2903 519 3024 574 fuit.
3055 525 3114 570 ut
3137 515 3384 607 nocueri.

149 625 652 688 εϐουλεύσατο,καὶ
705 628 1056 681 συνεόἑϐασεν
1081 627 1279 694 adadv;
1328 625 1459 686 Θεὸς
1512 623 1728 687 αἰώνιος

150 721 178 770 ὁ
206 719 623 782 κατασκευάσας
660 721 728 772 τὰ
758 722 904 790 ἄκρα.
932 721 1030 789 τῆς
1054 721 1175 789 γῆς.
1199 721 1272 772 Οὐ
1303 719 1575 781 πεινάσει,
1607 715 1727 770 οὐδὲ

150 813 407 864 κοπιάσει
431 851 445 874 ,
484 812 602 864 οὐδὲ
631 813 776 866 ἔστιν
821 811 1092 882 ἐξεύρεσις
1133 813 1231 881 τῆς
1287 809 1600 880 φρονήσεως
1630 807 1727 860 αὖ·

150 901 266 955 τοῦ.
311 921 329 952 ι

219 1020 237 1049 ι
289 1000 431 1066 Ἐγώ
489 1001 606 1070 εἰμι
643 1004 684 1074 ,ὁ
734 1003 890 1068 Θεὸς,
937 1005 1033 1057 καὶ
1081 1003 1179 1056 οὐκ
1232 1004 1382 1054 ἐστιν
1409 1001 1564 1064 ἄλλος
1588 999 1727 1070 πλὴν

152 1090 315 1158 ἐμοῦ.
344 1093 501 1144 Πᾶσα
554 1096 586 1161 ἡ
657 1093 818 1164 βουλή
863 1112 964 1163 μου
998 1096 1275 1164 στήσεται,
1308 1093 1403 1144 καὶ
1433 1093 1609 1145 πάντα
1629 1091 1726 1142 ὅσα

155 1179 533 1252 βεϐούλευμαι,
558 1186 766 1254 ποιήσω
786 1203 798 1215 ·
837 1185 1091 1256 ἐλάλησα,
1139 1184 1234 1238 καὶ
1265 1184 1472 1253 ἣγαγον
1492 1199 1504 1210 ·
1536 1181 1724 1234 ἐκτισα

155 1273 252 1323 καὶ
284 1274 518 1343 ἐποίησα
539 1275 692 1330 αὐτό.
731 1294 751 1327 ι

234 1381 254 1414 ι
299 1364 374 1416 Τὸ
407 1365 560 1434 ῥῆμά
600 1384 702 1436 μου
731 1367 761 1419 ὃ
805 1367 900 1420 ἐὰν
948 1367 1138 1441 ἐξέλθῃ
1179 1368 1242 1421 ἐκ
1297 1366 1393 1420 τοῦ
1462 1367 1724 1436 στόματός

159 1471 289 1523 μου,
311 1457 370 1508 οὔ
405 1457 479 1527 μὴ
502 1460 826 1530 ἁποστραφῇ
877 1461 1014 1531 πρός
1051 1477 1118 1529 με
1151 1460 1326 1525 κενὸν,
1359 1462 1462 1524 ἓως
1496 1459 1562 1513 ἂν
1598 1477 1721 1514 συν-

155 1545 356 1616 τελέσῃ
389 1549 566 1601 πάντα
585 1549 687 1601 ὅσα
708 1549 966 1620 ἠθέλησα.
1002 1569 1021 1602 ›
1578 1545 1586 1552 ’

234 1653 252 1685 ι
288 1637 384 1700 Τίς
407 1638 616 1708 ἀνδρῶν
647 1641 916 1707 γνώσεται
948 1640 1142 1711 βουλὴν
1169 1640 1344 1707 Θεοῢ;
1388 1643 1422 1712 ἢ
1452 1641 1533 1704 τίς
1573 1639 1723 1694 ἐνθυ-

161 1725 469 1794 μηθήσεται
503 1729 556 1780 τί
589 1728 732 1784 θέλει
760 1734 787 1784 ὁ
813 1732 1055 1802 Κύριοςς
1093 1733 1347 1804 λογισμοὶ
1369 1734 1476 1804 γὰρ
1517 1734 1723 1805 θνητῶν

1829 617 2010 670 eum?
2056 624 2151 671 aut
2205 618 2367 687 cujus
2415 617 2626 685 accepit
2681 613 2994 673 consilium,
3045 621 3098 663 et
3128 605 3386 660 instruxit

1833 707 1987 760 illum
2011 707 2034 760 ?
2060 705 2204 762 Deus
2237 720 2494 771 menius,
2517 707 2609 773 qui
2653 705 2862 758 creavit
2903 700 3168 755 terminos
3206 706 3382 749 terrae.

1828 797 1947 852 Non
1973 799 2199 864 esuriet,
2256 814 2356 852 nec
2394 797 2681 860 laborabit,
2731 811 2832 850 nec
2864 803 2948 849 est
2983 789 3225 846 inventio
3255 803 3387 858 pru-

1827 890 2023 946 dentiae
2055 890 2195 960 ejus.
2224 909 2243 940 ι

1905 982 2016 1037 Isa.
2048 999 2194 1046 xuv,
2223 985 2277 1047 9,
2311 983 2398 1036 10.
2427 1010 2499 1023 -
2532 1001 2549 1032 ι
2595 981 2706 1051 Ego
2739 995 2858 1034 sum
2891 979 3054 1041 Deus,
3081 985 3131 1032 el
3157 993 3265 1030 non
3298 983 3381 1030 est

1829 1075 1968 1130 ultra
2003 1087 2196 1145 praeter
2241 1092 2345 1130 me.
2398 1073 2588 1129 Omnis
2639 1076 2891 1129 voluntas
2934 1087 3049 1126 mea
3106 1071 3294 1134 stabit,
3327 1076 3380 1121 et

1825 1178 2028 1226 cuncta
2060 1186 2179 1239 quae
2210 1169 2468 1240 cogitavi,
2509 1168 2724 1222 faciam.
2752 1168 2995 1223 Locutus
3021 1180 3160 1228 sum,
3204 1171 3258 1217 et
3288 1161 3382 1216 ad-

1825 1264 1985 1329 duxi;
2014 1264 2222 1326 creavi,
2257 1273 2312 1318 et
2339 1263 2478 1318 feci.-
2512 1282 2532 1315 ι

1895 1355 2011 1408 lsa.
2043 1370 2132 1419 Lv,
2175 1356 2262 1408 ll.
2293 1386 2363 1396 —-
2391 1378 2408 1407 ι
2450 1355 2687 1410 Verbum
2721 1369 2896 1408 meum
2921 1351 3067 1424 quod
3098 1349 3290 1405 exierit
3319 1349 3386 1403 de

1825 1459 1922 1500 ore
1945 1461 2086 1509 meo,
2109 1460 2219 1500 non
2248 1454 2552 1501 revertetur
2569 1445 2637 1500 ad
2663 1462 2746 1500 me
2772 1460 3022 1503 vacuum,
3041 1443 3216 1497 donec
3242 1456 3388 1496 com-

1827 1538 2406 1608 placeatquaacunque
2449 1538 2619 1592 volui.
2657 1556 2674 1588 ι

1895 1626 2022 1697 Sap.
2056 1645 2132 1695 ιι,
2169 1629 2254 1694 15,
2286 1630 2370 1683 l7.
2403 1660 2463 1670 -—
2505 1650 2522 1682 ι
2566 1631 2702 1696 Quis
2741 1629 3022 1683 hominum
3065 1626 3262 1696 poterit
3293 1639 3385 1678 co-

1823 1733 2086 1787 gnoscere
2125 1720 2418 1775 consilium
2456 1719 2588 1775 Dei?
2622 1731 2715 1774 aut
2759 1722 2883 1791 quis
2910 1720 3109 1790 poterit
3146 1719 3384 1787 cegitare

157 1815 346 1879 δειλοὶ,
379 1821 474 1872 καὶ
497 1821 818 1889 ἐπισφαλεῖς
855 1820 911 1876 αἱ
935 1824 1170 1878 ἐπίνοιαι
1191 1801 1391 1880 αὐτῶν,
1423 1801 1723 1895 Μόλις-γὰρ
1756 1870 1798 1924 Β

1722 1856 1723 1864 χ
1756 1870 1798 1924 Β
1824 1825 1946 1880 quae
1972 1811 2103 1865 velit
2129 1810 2318 1866 Deus?
2347 1812 2718 1882 Cogitationes
2745 1812 3030 1867 hominum
3077 1801 3384 1872 timidam'ct

157 1908 452 1980 εἰκάζομεν
478 1912 546 1966 τὰ
594 1916 688 1968 ἐπὶ
717 1916 815 1985 τῆς
864 1916 988 1986 γῆς,
1012 1917 1105 1970 καὶ
1138 1918 1204 1971 τὰ
1239 1919 1295 1970 ἐν
1337 1919 1525 1988 χερσὶν
1571 1919 1723 1988 εὑρί-

159 2014 367 2069 σκομεν
398 2003 535 2072 μετὰ
570 2006 736 2058 πόνου
757 2022 770 2034 ο
805 2008 872 2060 τὰ
917 2009 974 2062 δὲ
1006 2010 1064 2061 ἐν
1094 2010 1343 2081 οὐρανοῖς
1373 2009 1456 2072 τίς
1487 2010 1718 2081 ἐξιχνία-

169 2108 304 2160 σεν;
337 2094 530 2166 βουλὴν
556 2098 611 2152 δέ
641 2115 733 2153 σου
759 2100 843 2164 τίς
873 2100 1047 2170 ἔγνω;
1095 2122 1112 2153 ι

228 2357 402 2412 Ὅπου
452 2361 584 2426 Θεὸς
649 2364 917 2435 βούλεται,
949 2370 1163 2423 νικᾶται
1201 2374 1413 2440 φύσεως
1453 2374 1626 2438 τάξις.
1656 2376 1720 2428 Εἰ

154 2445 432 2520 ἠϐουλήθη
456 2452 586 2521 γὰρ,
616 2455 870 2528 ἠδυνήθη.

153 2579 550 2661 ΤΙΤΛιΓλ-
573 2590 710 2661 Περὶ
749 2592 1037 2661 βοηθείας
1081 2599 1264 2651 Θεοῦ·
1321 2602 1417 2654 καὶ
1467 2602 1554 2655 ὅτι
1609 2607 1717 2659 τοῦ

386 2653 784 2740 ειξδοκοῦξοςοξ
803 2653 875 2716 ἐπὶ
883 2653 1051 2740 ιϐουξζ
1059 2667 1090 2733 ὴ
1115 2653 1439 2737 ἀνθρώπων

221 2725 320 2775 καί
342 2725 533 2794 ὀλίγοι
558 2725 806 2785 πολλῶν
841 2725 1156 2802 κρατοῦσι.

232 2849 252 2881 ι
286 2833 487 2889 suos“
539 2839 732 2904 αὐτοὺς
785 2845 1122 2916 ἐταπείνουν,
1163 2852 1380 2918 πλείους
1415 2856 1715 2929 ἐγίγνοντο,

157 2921 253 2974 καὶ
282 2923 466 2994 ἴσχυον
495 2931 719 3001 σφόδρα.
747 2951 767 2983 ι

233 3120 251 3152 ι
285 3102 416 3157 Εἷπε
439 3107 643 3178 Κύριος
689 3113 824 3182 πρὸς
853 3116 1094 3188 Μωῦσῆν
1113 3137 1126 3151 ·
1172 3118 1322 3175 Εἶδον
1353 3126 1451 3196 τὴν
1477 3129 1716 3186 κάκωσιν

1824 1904 2046 1958 incertae
2076 1904 2435 1974 providentiae
2463 1914 2688 1961 nostrae.
2719 1904 2947 1960 Diﬂicile
2975 1905 3120 1959 enim
3146 1905 3385 1958 aestima-

1826 2012 1950 2051 mus
1977 1999 2183 2067 quain
2217 2007 2363 2053 terra
2404 2008 2555 2064 sunt,
2583 2010 2637 2055 et
2667 2014 2790 2069 qua:
2824 2000 2878 2053 in
2913 2007 3203 2069 prospectu
3237 2008 3384 2061 sunt,

1821 2088 2130 2145 invenimus
2197 2106 2321 2146 cum
2389 2092 2783 2162 labore:quaa
2847 2102 3027 2146 autem
3105 2091 3157 2145 in
3231 2089 3386 2144 caalis

1819 2193 1969 2248 sunt,
2013 2184 2138 2253 quis
2187 2183 2572 2255 investigabit?
2604 2200 2824 2240 sensum
2848 2192 3028 2239 autem
3060 2195 3211 2238 tuum
3257 2182 3383 2253 quis

1819 2276 1995 2330 sciet?
2032 2295 2050 2326 ι

1890 2367 2162 2437 Chrysost.
2202 2366 2358 2422 Hom.
2388 2372 2438 2421 in
2475 2367 2607 2422 Nat.
2627 2369 2817 2424 Christ.
2845 2399 2917 2409 —
2955 2366 3057 2423 Ubi
3083 2366 3224 2423 Deus
3246 2369 3381 2433 vult,

1821 2469 2114 2529 superatur
2145 2460 2282 2515 ordo
2310 2469 2542 2515 naturae.
2565 2459 2699 2514 Nam
2727 2461 2775 2516 si
2805 2460 2999 2527 voluit,
3030 2460 3162 2514 illud
3185 2462 3382 2530 potuit.

1821 2591 1958 2647 ἸΊΤ.
1993 2592 2079 2646 III.
2108 2622 2178 2635 —
2209 2593 2286 2646 De
2339 2595 2541 2648 auxilio
2574 2593 2706 2648 Dei:
2731 2604 2780 2648 et
2827 2594 2985 2664 quod,
3022 2593 3125 2647 Deo
3159 2594 3382 2660 favente,

1893 2664 2178 2718 imbecilles
2219 2665 2488 2718 hominum
2511 2666 2721 2719 insidia:
2753 2675 2897 2728 sunt,
2928 2675 2976 2718 et
3005 2667 3159 2732 pauci
3189 2665 3384 2718 multos

1892 2747 2162 2801 superant.

1889 2847 2064 2903 Exod.
2103 2867 2138 2916 ι,
2180 2850 2262 2904 12.
2283 2881 2350 2890 -
2378 2870 2395 2902 ι
2426 2849 2642 2915 Quanto
2671 2851 2844 2923 magis
2863 2868 2958 2907 eos
2981 2851 3381 2922 opprimebant,

1817 2949 1972 2994 tanto
1996 2943 2168 3010 magis
2193 2941 2723 3011 multiplicabuntur,
2765 2953 2818 2996 et
2851 2942 3202 2996 vehementer
3233 2943 3384 2995 inva-

1817 3031 2111 3086 lescehant.
2159 3051 2177 3083 ι

1888 3123 2060 3176 Exod.
2090 3141 2167 3186 ιιι,
2196 3124 2246 3188 7,
2267 3125 2318 3179 8.
2353 3156 2422 3166 -—-
2467 3145 2484 3176 ι
2527 3125 2671 3180 Dixit
2721 3124 2986 3182 Dominus
3016 3128 3080 3180 ad
3113 3127 3331 3198 Moysen
3359 3144 3374 3180 :

157 3195 251 3248 τοῦ
275 3197 403 3250 λαοῦ
434 3218 535 3270 μου
565 3204 658 3256 τοῦ
690 3206 745 3258 ἐν
775 3207 1056 3279 Αἰγύπτῳ,
1082 3213 1172 3266 καὶ
1206 3217 1305 3283 τῆς
1343 3222 1588 3290 κραυγῆς
1626 3226 1715 3277 αὑο
1741 3219 1784 3278 C
1817 3213 1819 3219 l

1714 3219 1784 3278 xc
1817 3213 1934 3267 Vidi
1971 3214 2313 3268 atilictionem
2357 3216 2537 3286 populi
2568 3215 2670 3270 mei
2714 3217 2806 3284 qui
2837 3217 2995 3271 estin
3037 3195 3298 3287 Egypto,
3321 3223 3376 3272 et

159 3286 264 3338 τῶν
288 3289 518 3355 ἀκήκοα,
547 3294 656 3346 ἀπὸ
681 3295 787 3347 τῶν
813 3300 1185 3368 ἐργοδιωκτῶν
1217 3307 1411 3362 αὐτῶν,
1449 3307 1578 3365 Οἶδα
1609 3316 1714 3386 γὰρ

159 3375 253 3446 τὴν
277 3379 465 3450 ὀδύνην
521 3383 716 3444 αὐτῶν,
774 3389 865 3440 καὶ
897 3392 1129 3462 κατέϐην
1167 3396 1258 3447 τοῦ
1291 3398 1571 3460 ἐξελέσθαι
1615 3406 1712 3457 αὐ-

157 3470 281 3531 τοὺς
307 3473 369 3522 ἐκ
391 3475 573 3544 χειρὸς
599 3478 931 3544 Αἰγυπτίων,
967 3484 1060 3535 καὶ
1092 3483 1381 3555 ἐξαγαγεῖν
1422 3493 1617 3556 αὐτοὺς
1652 3498 1714 3549 ἐκ

155 3559 257 3628 τῆς
280 3563 376 3630 γῆς
396 3565 625 3634 ἐκείνης,
646 3569 738 3621 καὶ
764 3573 1076 3640 εἰσαγαγεῖν
1109 3577 1310 3640 αὐτοὺς
1339 3583 1418 3642 εἰς
1447 3583 1548 3649 γῆν
1570 3584 1715 3654 ῥέου-

154 3667 258 3703 σαν
292 3653 409 3715 μὲλι
440 3657 532 3706 καὶ
559 3658 720 3722 γάλα.
756 3679 773 3709 ι

231 3761 248 3790 ι
292 3740 422 3795 Eine
452 3746 677 3816 Βαλαάμ
705 3767 717 3778 ·
757 3751 849 3804 Ἐκ
880 3754 1308 3828 Μεσοποταμίας
1325 3766 1714 3836 κατεπέμψατό

152 3849 224 3900 με
268 3833 446 3886 Βαλὰκ
474 3837 724 3905 βασιλεὺς
779 3844 970 3906 Μωὰὸ,
1013 3847 1220 3914 λέγων·
1268 3833 1597 3926 Κατάρασαίγ
1619 3878 1710 3928 μοι

152 3924 247 3975 τὸν
293 3925 521 3994 Ἰσραήλ.
582 3931 644 3983 Τί
693 3933 969 4004 ἀράσομαι
1029 3938 1088 3991 ὃν
1114 3941 1188 4011 μὴ
1225 3924 1437 4013 ἀρᾶται
1470 3924 1708 4020 Κύριοςς

153 4016 184 4086 ἢ
232 4019 610 4089 καταράσομαι
645 4023 704 4075 ὃν
730 4023 804 4094 μὴ
835 4033 1186 4099 καταρᾶταιό
1221 4035 1351 4099 Θεός
1377 4054 1391 4103 ;

230 4206 248 4284 ι
453 4192 652 4263 Κύριος
680 4195 814 4264 πρὸς
841 4197 1076 4253 Γεδεῶνα
1109 4205 1284 4270 Πολὺς
1312 4210 1341 4261 ὁ
1361 4209 1489 4274 λαὸς
1507 4214 1535 4266 ὁ
1571 4217 1711 4284 μετὰ

151 4276 292 4378 σοῧί
325 4280 465 4333 ὥστε
523 4284 858 4352 παραδοῦναί
907 4306 974 4356 με
1029 4291 1134 4363 τὴν
1187 4297 1416 4369 Μαδιάμ
1462 4306 1520 4355 ἐν
1567 4276 1711 4378 χειρὶ

149 4369 352 4468 αὐτῶν,
380 4372 587 4441 μήποτε
619 4377 959 4448 καυχήσηται
991 4382 1226 4456 Ἰσραὴλ,
1257 4390 1338 4443 ὅτι
1371 4392 1434 4444 Ἥ
1457 4369 1709 4468 χείρῗμου

149 4461 324 4512 ἐσωσέ
353 4479 438 4528 με.
473 4464 576 4516 Καὶ
598 4466 693 4518 νῦν
727 4468 955 4538 λάλησον
989 4475 1066 4536 είς
1088 4476 1155 4529 τὰ
1183 4473 1296 4534 ὦτα
1317 4483 1410 4535 τοῦ
1439 4461 1708 4552 λαοδίκ-

148 4567 289 4616 γωνο
320 4552 414 4611 Τίς
445 4555 472 4605 ὁ
501 4556 832 4626 φοϐούμενος
873 4562 965 4612 καὶ
1003 4565 1202 4633 δειλός;

149 4642 259 4693 Καὶ
291 4643 718 4716 ἀπεστράφησαν
738 4651 846 4703 ἀπὸ
866 4653 960 4706 τοῦ
985 4656 1113 4710 λαοῦ
1142 4660 1315 4715 εἴκοσι
1337 4664 1430 4717 δύο
1452 4667 1709 4736 χιλιάδες,

149 4736 245 4784 καὶ
274 4735 411 4787 δέκα
444 4738 678 4805 χιλιάδες
731 4745 1160 4819 ἀπελείφθησαν.
1205 4755 1310 4806 Καὶ
1358 4735 1480 4811 εἷπε
1510 4761 1712 4832 Κύριος

149 4825 288 4892 πρὸς
316 4827 516 4881 Γεδεών
536 4848 548 4860 ο
591 4832 709 4885 Ἔτι
735 4835 763 4885 ὁ
790 4835 914 4899 λαὸς
941 4840 1126 4906 πολὺς,
1157 4847 1486 4914 κατένεγκον
1512 4853 1711 4918 αὐτοὺς

147 4919 228 4978 εἰς
255 4919 315 4970 τὸ
343 4920 504 4992 ὕδωρ.
539 4925 645 4976 Καὶ
676 4922 794 4978 εἷπε
817 4930 952 5000 πρὸς
987 4933 1220 4986 Γεδεών
1252 4939 1362 4998 Πᾶς
1388 4941 1447 5002 ὃς
1468 4941 1535 4995 ἂν
1561 4945 1710 5017 λείξῃ

148 5012 211 5078 τῇ
245 5010 465 5082 γλώσσῃ
494 5015 656 5068 αὑτοῦ
684 5018 792 5071 ἀπὸ
812 5021 903 5074 τοῦ
931 5021 1139 5085 ὓδατος.
1171 5027 1244 5088 ὡς
1276 5030 1341 5081 διν
1369 5030 1515 5103 λείξη
1537 5034 1705 5104 κύωνν

151 5105 371 5168 στήσεις
403 5105 597 5168 αὐτοὺς
631 5109 769 5161 κατα
813 5113 1009 5179 μόναςο
1048 5117 1140 5168 xui.
1167 5119 1382 5184 ἐγένετο
1417 5124 1444 5175 ὁ
1475 5126 1708 5196 ἀριθμὸς

149 5193 330 5243 αὐτῶν
353 5197 651 5260 τριακόσιοι
685 5199 890 5269 ἄνδρες.
917 5203 1024 5256 Καὶ
1057 5201 1177 5258 εἷπε
1208 5209 1432 5279 Κύριος
1467 5193 1561 5266 Ἐν
1594 5193 1708 5280 τοῖς

148 5286 480 5350 τριακοσίοις
535 5289 741 5353 τούτοις
800 5295 1107 5364 παραδώσω
1171 5298 1270 5369 τὴν
1338 5303 1593 5374 Μαδιάμ¹
1629 5311 1709 5371 εἰς

147 5377 337 5445 χεῖράς
370 5393 480 5429 σου.
523 5397 539 5426 ι

222 5505 241 5535 ι
285 5488 479 5540 Ἐλαϐε
509 5491 670 5543 Δαὸὶδ
697 5495 798 5563 τὴν
855 5498 1048 5565 ῥάϐδον
1098 5503 1157 5553 ἐν
1202 5505 1347 5572 χειρὶ
1393 5507 1579 5570 αὐτοῦ,
1614 5510 1705 5561 καὶ

149 5575 430 5641 ἐξελέξατο
460 5583 642 5653 ἐαυτῷ
668 5588 825 5640 πέντε
862 5590 1064 5655 λίθους,
1105 5596 1199 5647 καὶ
1231 5595 1384 5649 ἔθετο
1417 5600 1613 5664 αὐτοὺς
1648 5604 1704 5654 ἐν

148 5665 224 5733 ’.ᾧ
256 5668 426 5738 καδίῳ
475 5672 552 5741 τῷ
582 5678 904 5746 ποιμνικῷ.
929 5683 1020 5732 καὶ
1050 5683 1304 5754 σφενδόνη
1351 5687 1514 5740 αὐτοῦ
1547 5691 1603 5742 ἐν
1638 5694 1702 5761 τῇ

152 5757 296 5826 ’(ειρὶ
324 5759 510 5814 αὐτοῦ.
545 5765 648 5816 Καὶ
691 5769 996 5837 προσῆλθεν
1046 5774 1182 5842 πρὸς
1225 5775 1316 5826 τὸν
1385 5757 1698 5846 ἀλλόφυλον,

156 5847 266 5902 Καὶ
297 5845 404 5902 εἶδε
434 5853 524 5906 τὸν
561 5857 740 5922 Δαϐὶδ,
775 5859 866 5912 καὶ
900 5862 1254 5927 ἑξουδένωσεν
1294 5865 1474 5931 αὐτὸν,
1506 5871 1583 5923 ὅτι
1635 5868 1702 5942 ἧν

1821 3307 2003 3360 audivi
2032 3307 2325 3362 clamorem
2361 3323 2574 3374 eorum,
2626 3318 2849 3379 propter
2880 3309 3140 3364 duritiam
3186 3325 3374 3365 eorum

1819 3399 1910 3465 qui
1943 3408 2184 3467 praesunt
2240 3400 2497 3468 operibus
2553 3415 2765 3454 eorum.
2802 3398 2921 3455 Vidi
2955 3402 3096 3457 enim
3131 3401 3372 3456 dolorem

1817 3488 1959 3555 ejus,
1978 3496 2031 3540 et
2059 3487 2316 3542 descendi
2341 3496 2400 3542 ut
2427 3490 2646 3544 liberem
2671 3505 2765 3545 eos
2789 3493 2858 3546 de
2893 3507 3058 3546 manu
3089 3490 3372 3564 Egyptio-

1820 3593 1962 3639 rum,
2001 3586 2057 3631 et
2092 3579 2320 3634 educam
2366 3595 2463 3636 eos
2495 3581 2562 3636 de
2603 3593 2746 3637 terra
2783 3584 2896 3650 illa,
2931 3593 2985 3638 et
3023 3585 3274 3638 inducam
3315 3585 3369 3639 in

1819 3679 2019 3722 terram
2060 3671 2199 3726 lacte
2227 3682 2280 3727 et
2303 3673 2463 3728 melle
2489 3685 2818 3730 manantem.
2861 3695 2879 3726 ι

1892 3761 2056 3818 Num.
2093 3781 2246 3827 unt,
2279 3765 2333 3819 7.
2358 3795 2424 3806 —
2465 3787 2484 3818 ι
2533 3766 2679 3821 Dixit
2717 3768 2970 3823 Balaam:
3005 3767 3078 3824 De
3121 3768 3370 3840 Mesopo-

1818 3857 1982 3910 tamia
2011 3858 2302 3912 accersivit
2327 3874 2410 3913 me
2438 3859 2598 3914 Balac
2627 3876 2723 3914 rex
2756 3861 2910 3916 Moab
2936 3862 3124 3918 dicens
3153 3880 3167 3916 :
3213 3863 3372 3918 lllale-

1815 3948 1905 4002 dic
1949 3947 2136 4015 Jacob,
2170 3958 2224 4006 et
2279 3953 2402 4005 veni
2437 3953 2562 4018 huc,
2597 3953 2828 4009 maledic
2856 3955 2984 4008 mihi
3037 3953 3226 4010 Israel.
3260 3956 3370 4011 Cur

1818 4041 2138 4096 maledicam
2165 4043 2237 4106 ei,
2283 4045 2370 4097 cui
2423 4058 2532 4098 non
2586 4045 2863 4100 maledixit
2895 4045 3076 4102 Deus?
3105 4047 3369 4102 autdete-

1817 4144 1948 4195 διον,
1977 4149 2137 4202 quem
2173 4134 2435 4191 Dominus
2463 4151 2570 4190 non
2605 4137 2947 4193 detestatur?
2986 4159 3005 4190 ι

1885 4221 2046 4291 385
2066 4221 2247 4279 Judic.
2264 4225 2426 4287 “1,2,
2451 4225 2502 4280 7.
2521 4257 2590 4266 —
2611 4245 2628 4276 ι
2657 4225 2722 4280 Ει
2744 4227 2876 4282 dixit
2903 4228 3161 4284 Dominus
3176 4230 3240 4284 ad
3265 4229 3371 4285 Ge-

1815 4313 1950 4367 deon
1971 4313 2234 4384 :Populus
2249 4317 2338 4386 qui
2357 4325 2534 4372 tecum
2553 4328 2656 4380 est,
2673 4320 2870 4376 multus
2883 4330 3162 4389 est,quam
3187 4331 3242 4375 ut
3258 4331 3370 4376 tra-

1814 4405 1937 4458 dam
1971 4405 2200 4462 Madiam
2227 4409 2279 4462 in
2303 4425 2463 4463 manu
2482 4411 2622 4478 ejus.
2641 4409 2718 4465 Nc
2740 4411 2879 4467 forte
2899 4414 3160 4484 glorietur
3183 4415 3368 4480 Israel,

1814 4495 2064 4564 dicatque
2080 4515 2093 4552 :
2111 4497 2298 4552 Manus
2316 4494 2432 4552 mea
2451 4503 2656 4555 salvum
2681 4518 2765 4556 me
2783 4502 2929 4556 l‘ccit.
2949 4501 3013 4556 Et
3033 4518 3177 4556 nunc
3193 4503 3372 4572 loque-

1267 4571 1702 4648 Ἐπιστραφήτω.
1737 4575 1782 4630 Ι)
1809 4600 1868 4639 re
1892 4587 1944 4638 in
1961 4601 2121 4641 aures
2139 4589 2344 4658 populi,
2370 4588 2559 4645 dicens
2585 4607 2600 4643 :
2631 4589 2762 4657 Quis
2779 4593 2928 4648 timet

1701 4624 1702 4633 η
1737 4575 1782 4630 Ι)
1809 4600 1868 4639 re
1892 4587 1944 4638 in
1961 4601 2121 4641 aures
2139 4589 2344 4658 populi,
2370 4588 2559 4645 dicens
2585 4607 2600 4643 :
2631 4589 2762 4657 Quis
2779 4593 2928 4648 timet
2943 4602 2996 4648 et
3013 4571 3363 4649 meticulosus

1815 4676 1944 4732 est?
1977 4676 2319 4734 Revertatur.
2350 4678 2416 4734 Et
2457 4683 2662 4736 reversi
2689 4691 2813 4737 sunt
2842 4683 2909 4737 de
2939 4684 3139 4754 populo
3173 4685 3362 4753 viginti

1819 4769 1928 4822 duo
1961 4769 2155 4834 millia,
2187 4780 2240 4824 et
2281 4770 2467 4825 decem
2537 4774 2705 4827 millia
2751 4785 3153 4830 remanserunt.
3190 4778 3253 4830 Et
3279 4777 3364 4831 di-

1813 4860 1889 4913 xit
1938 4859 2197 4915 Dominus
2245 4860 2310 4913 ad
2339 4861 2557 4917 Gedeon
2595 4881 2606 4914 :
2639 4866 2830 4918 Adhuc
2863 4867 3098 4936 populus
3127 4870 3361 4931 multus;

1812 4950 1991 5006 deduc
2022 4953 2210 5008 eosad
2247 4967 2437 5021 aquas.
2495 4954 2560 5009 Et
2589 4957 2728 5010 dixit
2758 4959 2823 5011 ad
2883 4958 3100 5013 Gedeon
3127 4979 3140 5014 :
3175 4959 3364 5016 Omnis

1810 5043 1904 5111 qui
1965 5044 2150 5114 lingua
2208 5059 2306 5098 sua
2345 5047 2589 5110 linxerit,
2632 5059 2690 5101 ut
2746 5050 2989 5106 lambere
3015 5053 3153 5106 solet
3185 5054 3360 5118 canis,

1812 5131 1915 5186 hos
1956 5134 2122 5187 sistes
2170 5149 2444 5189 seorsum.
2479 5137 2545 5189 lit
2574 5137 2676 5191 fuit
2705 5155 2969 5196 numerus
2999 5143 3226 5197 istorum
3254 5152 3364 5198 tre-

1809 5225 1950 5277 centi
1983 5224 2108 5278 viri.
2146 5225 2214 5278 Et
2250 5225 2390 5280 dixit
2419 5227 2682 5285 Dominus
2708 5247 2721 5284 :
2751 5231 2914 5288 lnhis
2941 5235 3201 5290 trecentis
3231 5235 3363 5290 viris

1809 5315 2013 5368 tradam
2040 5315 2272 5371 Madiam
2302 5319 2354 5373 in
2381 5333 2576 5375 manus
2597 5332 2738 5377 tuas.
2776 5342 2794 5374 ι

1879 5510 1905 5564 1
1937 5509 2058 5581 Reg.
2093 5528 2227 5577 xvu,
2260 5505 2447 5568 40-51.
2477 5546 2546 5554 —
2573 5535 2590 5567 ι
2626 5515 2690 5570 Ει
2723 5519 2930 5587 accepit
2962 5519 3125 5575 David
3154 5521 3358 5590 virgam

1807 5603 1860 5657 in
1895 5620 2055 5670 manu
2101 5620 2225 5669 sua,
2261 5615 2314 5657 et
2347 5607 2508 5676 elegit
2567 5609 2666 5663 sibi
2729 5613 2967 5679 quinque
3021 5612 3250 5679 lapides,
3306 5622 3362 5667 et

1805 5696 1956 5749 misit
1995 5711 2086 5751 eos
2119 5699 2172 5751 in
2211 5713 2392 5767 peram
2422 5702 2740 5767 pastoralem
2776 5721 2787 5755 :
2821 5713 2874 5756 et
2895 5705 3056 5756 funda
3086 5705 3139 5758 in
3169 5721 3362 5759 manus

1806 5786 1944 5853 ejus.
2007 5788 2071 5840 Et
2102 5789 2329 5841 accessit
2366 5790 2429 5841 ad
2462 5792 2809 5862 allophylum.
2837 5793 2900 5847 Et
2933 5795 3067 5848 vidit
3097 5795 3280 5855 David,
3308 5807 3363 5850 ct

1806 5877 2044 5946 despexit
2074 5895 2218 5942 cum,
2249 5881 2374 5948 quia
2426 5883 2859 5939 adolescentulus
2917 5896 3052 5939 erat.
3105 5883 3170 5939 Et
3219 5885 3360 5941 dixit
