4210 6448
199 443 335 506 1269

1446 428 2161 501 SACRAIPARALLELA.

3272 430 3403 499 1270

203 572 303 623 μου
338 548 846 617 κατεμαρτύρησαν.
876 543 981 599 Καὶ
1007 543 1114 597 ἰδοὺ
1138 543 1462 615 ἀποθνήσκω
1494 546 1568 614 μὴ
1596 546 1752 613 ποιή-
1784 550 1828 605 Α
1859 552 1865 595 l

1744 574 1752 583 -
1784 550 1828 605 Α
1859 551 1914 595 ιιι
1950 541 2059 595 scis
2094 541 2351 609 quoniam
2376 541 2572 596 falsum
2606 542 2978 598 testimonium
3008 542 3253 594 tulerunt
3275 558 3406 595 cou-

200 659 339 694 σασα
376 641 539 709 μηδὲν
570 634 643 690 ὧν
675 634 821 691 οὗτοι
869 640 1425 708 κατεμαρτυρήσαντο
1446 638 1564 689 κατ’
1594 640 1748 709 ἐμοῦ.

200 733 307 784 Καὶ
335 731 649 799 εἰσήκουσεν
682 730 709 780 ὁ
737 727 867 789 Θεὸς
904 728 999 795 τῆς
1055 727 1238 794 φωνῆς
1281 726 1469 795 αὐτῆς,
1511 728 1604 781 καὶ
1650 730 1753 781 ἀπ-

199 822 470 889 αγομένης
516 820 686 889 αὐτῆς
742 819 1072 880 ἀπολέσθαι,
1108 821 1388 890 ἐξήγειρεν
1427 822 1455 873 ὀ
1505 821 1635 884 Θεὸς
1694 822 1755 874 τὸ

203 910 422 979 [Ινεῦμα
449 911 507 961 τὸ
537 910 689 977 ἆγιον
743 913 1028 981 παιδάριον
1069 911 1353 981 νεώτερον,
1386 904 1430 979 ᾧ
1457 912 1628 982 ὄνομα
1649 915 1755 965 Δα-

200 1003 341 1069 νιὴλ,
381 1002 473 1053 καὶ
500 1003 753 1073 ἀνεϐόησε
783 1007 931 1073 φωνῇ
968 1005 1173 1075 μεγάλῃ
1197 1019 1209 1031 ·
1234 1005 1487 1075 Καθαρός
1510 1008 1624 1075 εἰμι
1647 1006 1756 1059 ἀπὸ

198 1093 297 1145 τοῦ
326 1094 555 1163 αἵματος
589 1094 784 1163 αὐτῆς.
828 1116 846 1146 ι

278 1291 297 1321 ι
335 1274 396 1323 Oi
446 1272 781 1342 πατριάρχαι·
854 1273 1193 1342 ζηλώσαντες
1242 1291 1334 1327 τον
1378 1273 1596 1345 Ἰωσὴφ,
1647 1276 1751 1329 ἀπ-

198 1364 377 1417 έδοντο
411 1368 489 1424 είς
538 1366 829 1431 Αἴγυπτον,
875 1368 968 1418 καὶ
986 1364 1054 1435 ὴν
1083 1369 1111 1420 ὁ
1140 1367 1273 1430 Θεὸς
1306 1371 1421 1437 μετ’
1440 1368 1624 1433 αὑτοῦ,
1660 1372 1754 1424 καὶ

197 1456 401 1509 ἔδωκεν
430 1458 576 1527 αὐτῷ
605 1458 763 1527 χάριν
788 1458 880 1511 καὶ
910 1460 1101 1529 σοφίαν
1124 1460 1366 1513 ἐναντίον
1402 1461 1621 1529 Φαραὼ,
1658 1463 1753 1514 καὶ

199 1549 533 1619 κατέστησεν
563 1551 723 1603 αὑτὸν
757 1552 1059 1621 ἡγούμενον
1090 1556 1174 1605 ἐπ’
1207 1553 1499 1621 Αἴγυπτον.
1540 1573 1559 1606 ι

279 1747 297 1778 ι
339 1728 399 1779 Et
423 1730 452 1781 ὁ
477 1726 607 1791 Θεὸς
638 1728 755 1798 μεθ’
785 1729 961 1800 ἡμῶν,
998 1730 1079 1792 τίς
1110 1731 1229 1784 καθ’
1255 1732 1449 1801 ἡμῶν;
1488 1750 1506 1784 ι

1858 642 1938 685 tra
1976 646 2080 685 me.
2118 630 2181 682 Et
2226 647 2353 686 ecce
2403 633 2625 697 morior,
2675 649 2795 687 cum
2846 633 2978 687 nihil
3024 633 3215 685 horum
3264 632 3408 684 fece-

1854 724 1980 787 rim,
2016 738 2136 791 qua:
2169 723 2260 776 isti
2306 724 2583 778 testiﬁcati
2619 734 2745 778 sunt
2771 733 2959 777 contra
2987 738 3090 776 me.
3123 722 3403 775 Ettaudivit

1856 828 2035 870 autem
2082 815 2228 869 Deus
2263 830 2453 868 vocem
2500 818 2640 885 ejus.
2706 816 2953 884 Cumque
3001 816 3305 869 duceretur
3340 814 3402 865 ad

1856 922 2128 972 mortem,
2198 908 2485 962 suscitavit
2554 908 2815 961 Dominus
2882 906 3121 975 Spiritus
3180 917 3403 960 sanctus

1856 1014 2081 1067 puerum
2110 999 2415 1065 iuniorem,
2450 997 2611 1063 cujus
2640 1014 2839 1051 nomen
2871 995 3060 1049 Daniel
3094 1016 3105 1049 :
3141 1008 3195 1049 et
3227 997 3401 1049 excla-

1857 1091 2023 1142 mavit
2051 1104 2183 1144 voce
2223 1091 2414 1160 magna
2451 1109 2462 1142 :
2500 1087 2733 1142 Mundus
2778 1104 2879 1158 ego
2927 1103 3048 1142 sum
3081 1103 3109 1140 a
3143 1090 3405 1158 sanguine

1855 1180 2037 1249 hujus.
2088 1198 2104 1230 ι

1928 1274 2041 1326 Act.
2078 1289 2170 1335 vn,
2204 1272 2257 1326 9.
2296 1302 2364 1312 —
2398 1290 2414 1321 ι
2443 1269 2775 1324 Patriarcbze
2817 1270 3136 1323 mniulantes
3179 1268 3401 1340 Josepb,

1854 1362 2216 1417 vendiderunt
2246 1377 2369 1415 eum
2404 1362 2457 1414 in
2489 1360 2805 1430 Egyptum,
2856 1370 2907 1413 et
2953 1370 3068 1412 erat
3098 1358 3241 1413 Deus
3283 1375 3403 1413 eum

1849 1469 1939 1508 eo.
1970 1454 2034 1507 Et
2058 1454 2211 1507 dedit
2235 1454 2286 1509 ei
2318 1454 2547 1522 gratiam
2582 1461 2636 1507 et
2672 1451 2994 1520 sapientiam
3021 1453 3072 1504 in
3104 1464 3401 1520 conspectu

1852 1540 2202 1601 Pharaonis:
2234 1555 2290 1601 et
2339 1545 2624 1599 constituit
2670 1559 2795 1598 eum
2846 1545 3195 1611 praepositum
3240 1558 3404 1612 super

1854 1636 2169 1708 Egyptum.
2215 1657 2234 1690 ι

1926 1726 2077 1803 Rapa.
2114 1745 2230 1795 vni,
2253 1730 2341 1785 3|.
2374 1755 2439 1769 —-
2477 1748 2496 1780 ι
2538 1728 2592 1782 Si
2621 1728 2761 1784 Deus
2792 1742 2890 1797 pro
2924 1727 3106 1791 nobis;
3130 1729 3251 1797 quis
3270 1742 3401 1781 con-

1854 1832 1935 1876 tra
1964 1820 2100 1874 nos?
2124 1839 2142 1871 ι

278 1906 336 1957 '0
360 1904 449 1957 τὸν
477 1906 608 1960 Θεὸν
638 1906 777 1976 ἔχων
801 1906 919 1977 μεθ’
949 1908 1160 1974 ἑαυτοῦ,
1189 1910 1407 1963 πάντων
1429 1913 1576 1965 ἐστὶν
1601 1915 1749 1969 ἰσνυ-
1776 1892 1821 1949 Β
1862 1874 1872 1876 ἡ
1919 1911 1940 1966 ί

1736 1892 1821 1956 -Β
1919 1910 2191 1981 Chrysost.
2228 1911 2428 1978 —Qui
2496 1910 2661 1967 Deum
2718 1915 2880 1969 habet
2934 1928 3145 1977 secum,
3208 1910 3398 1964 fortior

195 1998 322 2066 ρότε
331 2014 441 2065 ρος.

269 2089 330 2142 Εἰ
360 2090 534 2144 πάντα
564 2092 662 2145 ὅσα
691 2093 1070 2159 διεσπούδαζον
1101 2096 1153 2147 οἱ
1190 2096 1414 2167 πονηροὶ
1459 2096 1552 2149 xal.
1604 2098 1753 2151 ἄθεοι

188 2182 410 2251 γόητες,
444 2184 710 2252 ὲξεγίνετο
741 2187 924 2249 αὐτοῖς
958 2204 1016 2238 τε
1051 2187 1147 2239 καὶ
1186 2191 1297 2252 τοῖς
1346 2190 1547 2243 τούτων
1580 2188 1751 2262 ὑπερ-

188 2277 484 2337 ἀσπισταῖς
516 2277 610 2328 καὶ
646 2280 927 2347 συνεργοῖς
969 2278 1234 2347 δαίμοσιν,
1284 2281 1382 2334 οὐκ
1426 2282 1492 2335 ἂν
1528 2283 1749 2352 ἀφῆκαν

189 2366 284 2415 ἐπὶ
322 2367 420 2435 τῆς
449 2368 551 2437 γῆς
583 2369 679 2422 ἕνα
726 2387 829 2423 που
860 2370 1035 2434 ζῶντα
1066 2374 1387 2443 Χριστιανὸν
1441 2376 1748 2447 ἄνθρωπον,

190 2454 294 2508 οὐκ
330 2457 612 2528 εὐκτηριον
653 2456 819 2523 οἶκον,
848 2464 909 2516 οὐ
944 2464 1265 2533 παραίνεσιν
1298 2466 1535 2537 ἀγαθὴν,
1569 2468 1629 2521 οὐ
1662 2468 1749 2521 λό-

191 2564 292 2611 γον
314 2550 547 2619 οὺδαμοῦ
577 2556 939 2625 περιφανῆναι
972 2559 1258 2627 σωτήριον.

190 2660 375 2716 ἹΊΤΔ.
404 2663 700 2733 Δ’.-Περὶ
724 2669 1157 2741 βαπτίσματος,
1197 2674 1291 2726 καὶ
1327 2672 1435 2741 τῆς
1454 2676 1561 2730 τοῦ
1591 2679 1752 2735 θείου

632 2740 890 2804 λουτροῦ
926 2744 1308 2809 προφητείας.

273 2840 291 2872 ι
328 2822 653 2893 Προσέλθετε
684 2829 819 2898 πρὸς
852 2830 1033 2891 αὐτὸν,
1080 2835 1170 2885 καὶ
1198 2834 1520 2906 φωτίσθητε,
1556 2839 1648 2891 καὶ
1683 2841 1748 2894 τὰ

191 2914 463 2979 πρόσωπα
495 2916 647 2983 ὑμῶν
666 2919 727 2969 οὑ
759 2919 832 2989 μὴ
870 2925 1259 2992 καταισχυνθῇ.
1299 2944 1317 2975 ι

272 3024 288 3050 ι
326 3005 387 3055 Οί
410 3004 694 3073 διψῶντες,
725 3009 1019 3077 πορεύεσθε
1064 3013 1147 3082 ἐφ’
1172 3013 1342 3083 ὕδωρ.
1396 3032 1491 3069 και
1522 3020 1636 3071 ὅσοι
1669 3022 1743 3091 μὴ

192 3097 349 3161 ἔχετε
385 3097 663 3167 ἀργύριον,
707 3100 1021 3169 βαδίσαντες
1069 3107 1371 3177 ἀγοράσατε
1404 3148 1418 3172 ,
1455 3111 1549 3163 καὶ
1592 3113 1743 3169 πίετε

190 3181 336 3236 οἶνον
368 3187 495 3238 ἄνευ
522 3189 788 3259 ἀργυρίου
816 3196 909 3245 καὶ
940 3196 1126 3264 τιμῆς.
1159 3216 1177 3247 ι

270 3294 288 3323 ι
324 3276 644 3345 Ἀντλήσατε
668 3279 812 3350 ὕδωρ
837 3283 956 3350 μετ’
975 3284 1308 3356 εὐφροσύνης
1335 3288 1398 3340 ἐκ
1422 3291 1528 3342 τῶν
1555 3296 1744 3363 πηγῶν

190 3366 287 3417 τοῦ
319 3369 604 3437 σωτηρίου.
645 3390 662 3421 ι

268 3476 286 3506 ι
330 3458 623 3522 Λούσασθε,
652 3462 879 3533 καθαροὶ
906 3466 1145 3531 γένεσθε.
1186 3489 1206 3520 ι

267 3566 285 3599 ι
325 3549 485 3601 Δεῦτε
516 3552 651 3619 πρός
674 3570 739 3620 με
769 3558 968 3618 πάντες
992 3559 1039 3610 οἱ
1072 3562 1385 3628 κοπιῶντες,
1413 3568 1504 3619 καὶ
1544 3587 1746 3642 πεφορ-

189 3640 455 3709 τισμένοι,
490 3643 644 3709 κάγὼ
672 3646 967 3700 ἀναπαύσω
993 3650 1153 3720 ὑμᾶς.
1194 3672 1211 3702 ι

274 3751 291 3782 ι
334 3734 525 3803 Ἀμὴν,
569 3736 714 3806 ἀμὴν
741 3738 880 3806 λέγω
908 3742 1063 3809 ὑμῖν
1096 3745 1190 3796 ἐὰν
1222 3748 1292 3816 μή
1326 3766 1409 3812 τις
1430 3753 1659 3826 γεννηθῇ
1686 3757 1746 3822 ἐξ

188 3823 388 3915 ῦδατος
444 3825 538 3877 καὶ
591 3827 925 3896 Πνεύματος,
956 3832 1034 3896 γοὺ
1073 3834 1145 3904 μὴ
1195 3839 1409 3910 είσέ).θῃ
1464 3844 1543 3906 είς
1577 3823 1744 3915 ἀβασι-

186 3914 344 3967 λείαν
373 3916 465 3968 τοῦ
488 3916 642 3972 Θεοῦ.
686 3939 705 3971 ι

269 4023 289 4055 ι
326 4005 414 4057 Ἐν
435 4008 667 4079 ἡμέραις
688 4012 808 4064 Νῶε
843 4024 1354 4091 κατεσκευασμένης
1383 4028 1635 4095 κιϐωτοῦ,
1662 4034 1743 4096 είς

188 4098 259 4165 ἣν
297 4096 491 4165 ὀλίγαι,
544 4103 823 4156 τουτέστιν
873 4106 1016 4159 ὀκτὼ
1074 4110 1239 4182 ψυχαὶ
1289 4115 1624 4189 διεσώθησαν
1675 4124 1742 4177 δι’

190 4187 405 4250 ὓδατος.
444 4192 505 4243 Ὃ
533 4193 623 4244 καὶ
651 4196 795 4262 ἡμᾶς
828 4196 921 4248 νῦν
950 4201 1238 4255 ἀντίτυπον
1265 4205 1519 4273 διασώζει
1549 4212 1743 4280 βάπτι-

188 4282 416 4373 σμαᾋοὺ
443 4285 640 4351 σαρκὸς
671 4286 926 4352 ἀπόθεσις
974 4292 1167 4360 ῥύπου,
1216 4298 1351 4351 ἀλλά
1389 4303 1743 4373 συνειδήσεως

183 4369 404 4439 ἀγαθῆς
439 4374 767 4445 ἐπερώτημα
808 4381 885 4441 εἰς
925 4382 1073 4448 Θεὸν,
1102 4386 1168 4437 δι’
1194 4388 1541 4449 ἀναστάσεως
1564 4369 1740 4468 ’ίησοῦ

184 4460 445 4511 Χριστοῦ.
482 4482 501 4511 ι

246 4476 445 4529 ριστου.
482 4482 501 4513 ι

268 4570 287 4601 ι
335 4551 614 4606 Ἀδύνατον
654 4558 779 4621 τοὺς
836 4560 979 4621 ᾶπαε
1024 4567 1415 4635 φωτισθέντας,
1464 4578 1736 4646 γευσαμέ-
1770 4575 1815 4633 D

183 4667 315 4711 νους
340 4668 397 4702 τε
442 4650 541 4721 τῆς
566 4652 772 4725 δωρεᾶς
814 4660 911 4725 τῆς
954 4661 1291 4729 ἐπουρανίου,
1333 4666 1426 4717 καὶ
1480 4665 1738 4737 μετόχους

180 4742 515 4811 γενηθέντας
558 4748 871 4816 Πνεύματος
931 4751 1108 4817 ἁγίου,
1136 4752 1226 4803 καὶ
1265 4754 1425 4806 καλὸν
1464 4760 1737 4827 γευσαμέ-

184 4852 316 4897 νους
337 4835 467 4887 Θεοῦ
503 4839 670 4907 ῥῆμα,
711 4839 966 4908 δυνάμεις
999 4859 1057 4893 τε
1091 4843 1371 4910 μέλλοντος
1397 4848 1611 4911 αἰῶνος,
1644 4852 1738 4907 καὶ

182 4929 627 4994 παραπεσόντας,
684 4930 844 4982 πάλιν
888 4933 1253 4994 ἀνακαινίζειν
1290 4937 1366 4999 εἰς
1404 4942 1732 5006 ,μετάνοια-ι,

181 5022 660 5090 ἀνασταυροῦντας
706 5023 917 5087 ἑαυτοῖς
954 5026 1044 5076 τὸν
1110 5027 1233 5078 Υἱὸν
1294 5029 1385 5080 τοῦ
1439 5030 1592 5093 Θεοῦ,
1644 5036 1737 5085 καὶ

182 5110 811 5178 παραδειγματίζοντας.
860 5132 876 5164 ι

261 5204 461 5272 Καιρὸς
492 5205 880 5274 βαπτίσματος,
902 5208 1041 5269 ἄπας
1074 5210 1101 5260 ὀ
1132 5210 1237 5261 τῶν
1263 5211 1561 5280 ἀνθρώπιον
1599 5216 1725 5283 βίος.

180 5296 327 5346 υῦτε
361 5296 465 5364 γὰρ
500 5297 704 5365 σώματι
736 5297 832 5369 ζῇν
868 5301 941 5370 μὴ
979 5302 1295 5354 ἀνα-πνέοντι
1334 5304 1572 5369 δυνατὸν,
1610 5307 1732 5359 οὔτε

182 5391 332 5457 ᾦυχῇ
393 5392 729 5453 συνεστάναι,
786 5394 858 5462 μὴ
911 5394 1247 5467 γνωριζοὺσῃ
1290 5397 1377 5449 τὸν
1438 5399 1731 5453 Κτίσαντα.

177 5479 323 5531 Θεοῦ
376 5481 482 5548 γὰρ
530 5481 719 5547 ἄγνοια
767 5485 993 5547 θάνατός
1046 5488 1160 5539 ἐστι
1209 5489 1403 5557 ψυχῆς.
1445 5490 1500 5541 Ὀ
1545 5492 1599 5542 δὲ
1659 5492 1734 5563 μὴ

180 5572 522 5638 βαπτισθεὶς,
577 5575 638 5625 οὐ
702 5576 1055 5642 πεφώτισται.
1093 5581 1251 5631 Ἀνευ
1292 5581 1345 5632 δὲ
1392 5584 1578 5645 φωτὸς,
1613 5582 1735 5635 οὔτε

179 5661 459 5729 ὀᾳθαλμὸς
510 5663 575 5715 τὰ
631 5666 821 5717 ἑαυτοῦ
876 5666 1101 5737 καθορᾷ,
1150 5669 1268 5721 οὗτε
1312 5671 1454 5741 ψυχὴ
1516 5673 1734 5725 δύναται

176 5754 322 5804 Θεοῦ
347 5754 595 5819 δέξασθαι
621 5758 848 5828 Θεωρίαν
875 5761 1001 5813 ἄνευ
1030 5762 1417 5831 βαπτίσματος.

1849 2004 2103 2057 omnibus
2126 2011 2232 2056 est.

1922 2093 2056 2148 Nili.
2091 2125 2161 2134 —
2184 2095 2239 2147 Si
2274 2095 2454 2149 omnia
2486 2112 2609 2166 quae
2646 2099 2774 2151 mali
2820 2106 2873 2152 et
2914 2098 3067 2168 impii
3097 2098 3400 2167 praestigia-

1848 2192 1999 2241 tores
2030 2187 2345 2252 moliuntur,
2392 2189 2526 2258 ipsis
2570 2205 2865 2260 eorumque
2895 2190 3401 2263 pmpuguatoribus

1848 2288 1903 2333 et
1931 2278 2278 2346 adiutoribus
2300 2279 2638 2336 daemonibus
2656 2291 2870 2351 patrare
2896 2283 3106 2349 liceret,
3130 2298 3200 2335 ne
3233 2298 3397 2334 unum

1848 2370 2069 2440 quidem
2101 2373 2503 2437 Christianum,
2555 2390 2625 2428 ne
2655 2374 2955 2428 oratorium
2989 2391 3178 2438 unum,
3216 2390 3280 2427 ne
3308 2373 3400 2427 ad—

1850 2460 2206 2515 monitionem
2262 2462 2461 2516 bonam
2504 2472 2597 2517 aut
2632 2464 2939 2518 doctrinam
2973 2466 3267 2519 salutarem
3305 2479 3398 2519 us-

1848 2569 2010 2621 quam
2046 2554 2099 2608 in
2127 2563 2275 2609 terra
2308 2571 2595 2624 superesse
2628 2556 3032 2626 permisissent.

1950 2667 2094 2733 ,TIT.
2127 2666 2213 2723 IV.
2245 2700 2313 2710 —
2344 2668 2416 2723 De
2448 2671 2723 2737 baptismo,
2767 2681 2815 2724 et
2857 2673 2997 2725 sacri
3038 2673 3236 2725 lavacri

2431 2742 2821 2809 praedicatione.

1916 2831 2068 2885 Psal.
2105 2849 2298 2894 uxul.
2338 2833 2392 2888 5.
2424 2865 2492 2874 ——
2527 2851 2546 2883 ι
2586 2834 2840 2888 Accedite
2876 2834 2942 2887 ad
2989 2850 3134 2899 eum,
3172 2841 3226 2888 et
3269 2835 3396 2889 illu-

1846 2923 2151 2990 minamini,
2183 2934 2239 2979 et
2277 2924 2450 2980 facies
2478 2934 2676 2979 vestra:
2702 2941 2809 2980 non
2844 2925 3303 2981 confundentur.»

1915 3016 2028 3071 lsa.
2079 3018 2279 3097 LV,.L
2308 3047 2381 3056 —
2426 3036 2443 3067 ι
2487 3016 2589 3082 Qui
2647 3018 2838 3080 sititis,
2884 3019 3062 3072 venite
3100 3018 3164 3072 ad
3202 3033 3393 3087 aquas,

1843 3118 1895 3162 et
1919 3110 2232 3177 quicunque
2262 3127 2368 3165 non
2396 3112 2608 3165 habetis
2639 3120 2947 3181 argentum.
2987 3121 3181 3168 euntes
3208 3113 3393 3179 emite,

1844 3211 1899 3253 et
1935 3201 2099 3255 bibite
2139 3202 2326 3255 vinum
2365 3204 2484 3257 sine
2512 3188 2739 3273 argento
2784 3212 2840 3257 et
2872 3205 3063 3273 pretio.
3108 3224 3124 3255 ι

1920 3290 2029 3347 lsa.
2063 3308 2163 3356 xu,
2199 3293 2254 3345 5.
2288 3322 2354 3334 --
2385 3314 2403 3346 ι
2446 3296 2671 3349 Ηαιεῐίιε
2717 3312 2887 3366 aquas
2939 3311 3060 3350 cum
3109 3296 3295 3351 laatitia
3327 3296 3394 3353 de

1845 3382 2085 3439 fontibus
2113 3384 2402 3440 Salutaris.
2441 3405 2461 3439 ι

1915 3476 2027 3531 Isa.
2066 3494 2102 3541 ι,
2138 3478 2224 3531 16.
2253 3508 2320 3517 -
2348 3498 2366 3530 ι
2411 3479 2734 3545 Lavamini;
2765 3484 2949 3536 mundi
2976 3491 3174 3538 estote.
3221 3504 3238 3533 ι

1914 3568 2105 3623 Matth.
2136 3586 2211 3633 χι,
2244 3571 2337 3625 ‘28.
2375 3601 2443 3613 —
2481 3591 2499 3622 ι
2524 3573 2725 3628 γεηίιε
2746 3576 2810 3626 ad
2834 3592 2938 3640 me,
2971 3591 3160 3630 omnes
3185 3578 3277 3645 qui
3311 3576 3391 3630 la-
3436 3628 3439 3631 ι
3516 3623 3524 3631 .

1843 3660 2053 3716 boratis
2079 3672 2135 3716 et
2160 3664 2371 3716 onerati
2409 3665 2566 3727 estis,
2601 3673 2654 3718 et
2688 3681 2788 3735 ego
2825 3667 3065 3719 reﬁciam
3098 3668 3209 3721 vos.
3256 3688 3274 3719 ι

1911 3752 2070 3806 Joan.
2109 3770 2184 3807 In.
2210 3740 2273 3809 ’5.
2301 3784 2369 3795 -
2408 3774 2426 3807 ι
2469 3756 2661 3817 Amen,
2705 3772 2858 3811 amen
2890 3758 3016 3812 dico
3057 3760 3211 3813 vobis
3237 3778 3249 3812 :
3274 3757 3391 3813 Nisi

1842 3845 1965 3912 quis
2003 3853 2227 3899 renatus
2253 3845 2412 3899 fuerit
2444 3862 2508 3898 ex
2543 3862 2683 3915 aqua
2715 3854 2768 3901 et
2805 3846 3009 3917 Spiritu
3038 3859 3252 3911 sancto,
3284 3865 3389 3902 non

1842 3937 2071 3991 intrabit
2101 3939 2152 3991 in
2180 3952 2398 4005 regnum
2429 3936 2545 3992 Dei.
2594 3957 2611 3989 ι

1925 4026 1947 4078 1
1982 4025 2129 4079 Petr.
2170 4044 2246 4090 nr,
2279 4026 2368 4087 ‘20.
2399 4028 2488 4080 21.
2513 4059 2581 4069 -
2613 4049 2629 4078 ι
2671 4029 2727 4080 In
2752 4028 2945 4083 diebus
2980 4028 3114 4091 Noe,
3153 4046 3276 4082 cum
3311 4028 3390 4082 fa-

1844 4117 2151 4173 bricaretur
2183 4134 2331 4181 arca,
2369 4119 2423 4172 in
2467 4136 2573 4188 qua
2608 4122 2791 4189 pauci,
2827 4122 2878 4174 id
2911 4130 2995 4175 est
3030 4132 3153 4175 octo
3197 4123 3390 4176 animae

1843 4211 2007 4264 salva:
2038 4210 2193 4265 factm
2233 4219 2362 4264 sunt
2413 4227 2509 4280 per
2536 4226 2754 4281 aquam.
2790 4213 2945 4278 Quod
2984 4224 3037 4267 et
3063 4229 3161 4268 vos
3196 4214 3389 4269 similis

1842 4301 2033 4356 forma:
2058 4303 2245 4357 salvos
2290 4301 2420 4355 facit
2444 4303 2733 4372 baptisma,
2771 4319 2879 4357 non
2912 4306 3095 4357 carnis
3124 4305 3387 4374 depositio

1841 4394 2110 4459 sordium,
2162 4394 2254 4449 sed
2308 4395 2666 4449 conscientia
2724 4395 2879 4448 bona:
2933 4396 3288 4465 interrogatio
3321 4397 3387 4451 ad

1842 4487 2032 4549 Deum,
2076 4502 2169 4555 per
2203 4486 2661 4540 resurrectionem
2697 4485 2825 4539 Jesu
2861 4484 3087 4539 Christi.
3122 4506 3140 4537 ι

1919 4576 2075 4630 Ilebr.
2107 4591 2180 4639 vn,
2212 4575 2267 4638 4,
2296 4574 2348 4628 5.
2374 4606 2443 4615 —
2475 4594 2493 4626 ι
2528 4573 2871 4645 [inpossibile
2914 4585 2999 4629 est
3037 4591 3133 4631 eos
3173 4578 3264 4645 qui
3300 4594 3381 4631 se-

1827 4669 1945 4723 mel
1994 4677 2123 4724 sunt
2178 4667 2495 4730 illuminati,
2543 4674 2596 4720 et
2640 4676 2999 4736 gustaverunt
3044 4668 3246 4722 donum
3296 4668 3383 4723 Dei

1840 4769 2081 4821 caeleste,
2114 4767 2170 4811 et
2194 4757 2497 4826 iparticipes
2546 4756 2673 4809 facti
2712 4764 2841 4811 sunt
2872 4754 3134 4826 'Spiritus
3187 4760 3382 4824 sancti,

1822 4857 2302 4917 pustavcruntqne
2351 4850 2551 4907 bonum
2604 4847 2889 4917 Dei.387
2922 4849 3165 4909 verbum,
3224 4849 3379 4902 virtu-

1835 4952 2026 5008 tesque
2052 4941 2237 4994 swculi
2272 4938 2509 5002 venturi,
2547 4946 2600 4991 et
2638 4939 2871 5007 prolapsi
2903 4947 3052 5000 sunt,
3080 4954 3273 4992 rursus
3297 4955 3354 4991 re

1834 5032 2023 5083 novari
2094 5030 2159 5082 ad
2231 5030 2605 5097 pmnitentiam
2645 5058 2664 5079 α
2710 5045 2928 5083 rursum
3001 5030 3378 5097 cruciﬁgentes

1833 5124 2183 5191 sibimetipsis
2211 5122 2403 5174 Filium
2434 5122 2547 5182 Dei,
2574 5131 2626 5173 et
2652 5120 2988 5187 contemptui
3016 5122 3301 5175 habentes.
3350 5139 3368 5171 ι

1906 5214 2076 5266 Basil.
2113 5212 2334 5264 Exliort.
2372 5213 2439 5264 ad
2481 5213 2726 5277 baptism.
2757 5243 2822 5251 —
2854 5212 3111 5280 Baptismi
3143 5218 3377 5280 tempus.

1839 5309 2089 5358 universa
2147 5304 2427 5357 hominum
2474 5305 2582 5355 vita
2628 5317 2733 5356 εει.
2781 5301 2915 5355 Nam
2973 5304 3114 5357 sicut
3163 5317 3375 5372 corpori

1839 5397 1975 5450 citra
2034 5395 2443 5462 respirationem
2496 5395 2676 5447 vivere
2724 5394 3062 5462 impossibile
3093 5402 3177 5447 est
3225 5412 3237 5446 :
3302 5395 3373 5446 sit

1840 5487 1999 5541 ctiam
2051 5484 2164 5537 ﬁeri
2215 5500 2323 5536 non
2374 5490 2569 5551 potest,
2605 5491 2665 5535 ut
2714 5484 2892 5535 anima
2941 5483 3227 5546 consistat,
3262 5499 3371 5550 qua

1838 5577 2149 5630 Creatorem
2194 5578 2412 5628 minime
2462 5584 2739 5643 agnoscat.
2794 5572 2883 5625 Dei
2918 5575 3062 5627 enim
3111 5575 3368 5642 iguoratlc

1840 5684 1985 5723 mors
2026 5679 2108 5722 est
2142 5669 2368 5731 {animae
2425 5666 2595 5719 Porro
2638 5665 2731 5732 qui
2772 5665 3077 5733 baplizatus
3122 5681 3228 5717 non
3274 5673 3358 5718 est

1842 5763 1888 5817 is
1920 5778 2026 5815 non
2078 5770 2162 5815 est
2209 5759 2564 5813 illuminatus.
2605 5757 2670 5809 At
2701 5772 2828 5809 vero
2858 5757 3061 5824 absque
3094 5760 3240 5820 luce,
3278 5771 3369 5811 nec

176 5852 385 5904 OCUIIIS
428 5867 548 5919 (ιιιω
601 5867 696 5905 sua
744 5863 893 5917 bllut,
943 5871 1187 5920 cernere,
1246 5876 1342 5912 nec
1395 5862 1572 5911 :uoima
1606 5860 2122 5937 contemplationem
2156 5853 2246 5909 Dei
2283 5859 2462 5923 potest
2492 5851 2770 5905 admittere
2802 5850 2919 5903 sine
2950 5851 3237 5917 baptismo.
