4210 6448
151 403 281 469 1273

1412 406 1645 466 SACRA
1677 407 1868 466 PARA
1879 408 2131 466 LLELA.

3238 402 3367 468 ιεηι

151 523 378 592 χρηστός
408 524 577 583 ἐστιν,
610 520 840 587 ἐλαφρός
878 521 1044 581 ἐστιν,
1080 522 1139 570 ού
1170 519 1343 587 τρίϐει
1373 522 1465 573 τὸν
1488 520 1708 587 αὐχένα,
1742 524 1783 578 Α

1706 514 1955 581 ,Αριιὶα
2010 516 2260 585 refugis?
2318 530 2415 568 cur
2470 526 2723 585 tanquam
2789 518 2995 573 vitulus
3053 517 3368 587 inexpertus

151 616 287 669 ἀλλά
310 614 543 678 δοξάζει.
574 612 647 666 Οὐ
696 613 803 682 γὰρ
856 612 1132 680 δεσμεῖται
1170 613 1203 681 ἡ
1244 612 1440 682 ζεύγλη
1465 614 1591 680 περὶ
1613 613 1704 665 τὸν
1806 616 1813 680 λ

1806 612 1959 680 jugo,
1993 611 2180 680 iugum
2218 613 2455 667 metuis?
2490 627 2658 666 suave
2680 624 2785 679 est,
2826 614 2943 667 leve
2971 621 3073 668 est.
3106 612 3223 666 Non
3252 628 3369 667 cer-

152 709 439 779 τράχηλον.
496 704 844 769 Αύτεξούσιον
909 705 1156 774 ἐπιζητεῖ
1236 706 1324 757 τὸν
1381 705 1702 774 ὑφέλκοντα.

164 801 324 870 Ὁρᾷς
367 799 449 851 ὅτι
495 798 877 867 κατηγορεῖται
915 794 1173 865 Ἐφραῖμ,
1212 796 1397 865 ὥσπερ
1440 795 1711 863 οίστρῶσα

154 891 401 961 δάμαλις,
441 891 523 943 ὃτι
564 890 771 943 ἄτακτα
819 889 1237 959 περιπλανᾶται,
1270 889 1362 941 τὸν
1416 886 1507 941 τοῦ
1547 889 1708 958 νόμου

158 986 323 1053 ζυγὸν
341 984 640 1053 ἀτιμάζων.
671 982 897 1043 ’Υπόθες
923 998 1017 1035 σου
1042 981 1133 1033 τὸν
1153 981 1458 1052 ἀδάμαστον
1478 982 1679 1052 αὐχένα
1694 995 1709 1013 ·

158 1078 313 1147 γενοῦ
343 1078 632 1144 ὑποζύγιον
651 1075 744 1131 τοῦ
775 1076 1032 1147 Χριστοῦ,
1074 1077 1159 1129 ἵνα
1201 1077 1275 1146 μὴ
1323 1077 1592 1147 ἀφέμενος
1617 1079 1715 1145 τῆς

158 1167 413 1238 ζεύγλης,
459 1166 591 1237 μηδὲ
635 1165 1021 1232 ἐλευθεριάζων
1048 1166 1125 1234 τῷ
1154 1166 1271 1236 βίῳ,
1309 1166 1715 1237 εὐεπιχείρητος

158 1257 221 1332 ᾖς
254 1261 366 1319 τοῖς
399 1257 626 1327 Θηρίοις.
658 1254 954 1321 Γεύσασθε,
985 1258 1078 1309 καὶ
1115 1255 1252 1310 ἴδετε
1297 1258 1378 1311 ὅτι
1427 1257 1661 1328 χρηστὸς
1688 1258 1716 1309 6

160 1353 384 1420 Κύριος.
444 1349 762 1419 Γλυκύτητα
835 1350 1047 1419 μέλιτος
1104 1333 1219 1412 πῶς
1276 1350 1559 1418 ἀναγγελῶ
1605 1352 1717 1414 τοῖς

160 1443 449 1508 ἀγνοοῦσις
494 1441 764 1494 Γεύσασθε
796 1442 891 1493 καὶ
929 1440 1083 1495 ἴδετε.
1110 1438 1372 1509 Αἴσθησις
1401 1443 1598 1505 παντὸς
1627 1441 1716 1495 λό-

159 1552 259 1587 γου
280 1536 661 1605 ἐναργεστέρα.

238 1812 351 1864 Νῦν
374 1811 560 1882 ὥσπερ
591 1812 682 1864 ἐπὶ
702 1811 972 1882 τρυτάνης
1010 1812 1230 1864 ἐσταναι
1279 1785 1466 1880 νόμιζέ
1493 1827 1584 1862 σου
1621 1810 1721 1881 τὴν

1810 705 1986 756 vicem
2052 703 2273 772 premit,
2326 704 2420 757 sed
2477 705 2711 774 gloriam
2760 705 3042 759 conciliat.
3074 704 3191 758 Non
3226 704 3371 758 enim

1810 797 1950 851 collo
1992 797 2179 865 jugutn
2233 798 2583 865 astringitur,
2642 797 2736 850 sed
2786 800 2929 851 ultro
2976 807 3031 852 et
3066 799 3232 853 libere
3263 806 3373 851 tra-

1812 889 2029 943 hentem
2073 890 2269 957 poscit.
2322 888 2485 942 Vides
2539 892 2785 943 accusari
2833 890 3113 958 Ephraim,
3165 892 3242 945 uti
3282 891 3373 960 ju-

1811 982 2095 1033 veuculatn
2142 989 2316 1037 (estro
2344 982 2603 1050 percitam
2658 982 2824 1047 (Osee
2857 998 2912 1044 κ,
2958 983 3081 1053 Η),
3125 984 3253 1053 quia
3296 991 3371 1037 te-

1814 1086 1961 1125 mere
1994 1072 2139 1126 hunc
2170 1081 2223 1127 et
2249 1072 2377 1126 illuc
2402 1084 2649 1142 vagatur,
2671 1076 2802 1145 legis
2834 1090 3138 1144 aspernans
3164 1076 3376 1145 juguut.

1816 1164 2039 1230 Subjice
2077 1165 2401 1218 indomitum
2434 1166 2633 1219 collmn
2686 1177 2839 1221 tttum
2867 1184 2881 1233 ;
2917 1177 3040 1221 esto
3067 1167 3377 1235 iumentum

1814 1257 2016 1311 Christi
2054 1274 2067 1310 :
2102 1272 2172 1310 ne
2203 1258 2405 1326 alioqui
2437 1260 2483 1311 si
2513 1242 2698 1328 jugtmt
2733 1262 3065 1324 excusseris,
3098 1262 3380 1327 soluteque.

1815 1356 1869 1404 et
1902 1350 2074 1402 libere
2129 1348 2353 1409 vixeris.
2402 1350 2599 1417 praeda:
2640 1350 2837 1405 belluis
2904 1355 3002 1406 sis.
3053 1352 3296 1415 Gustate,
3330 1363 3381 1403 et

1816 1442 2023 1503 videte,
2054 1442 2316 1507 quoniam
2353 1442 2538 1495 suavis
2569 1443 2827 1498 Christus
2884 1443 3146 1497 Dominus
3192 1442 3381 1511 (Psal.

1819 1548 2012 1593 χχχιιι,
2044 1534 2132 1596 9).
2164 1529 2720 1587 Mellis-‘tlulcedineut
2760 1533 2980 1603 quinam
3016 1534 3221 1604 ignaris
3251 1548 3384 1602 prae-

1822 1627 2114 1681 dicavero?
2163 1604 2390 1684 GuState
2430 1637 2486 1682 et
2538 1629 2740 1683 videte.
2785 1626 2992 1682 Sensus
3042 1628 3236 1697 quovis
3270 1640 3384 1681 ser-

1823 1730 1986 1770 mone
2024 1718 2298 1773 valentior
2325 1703 2706 1789 efficaciorque
2730 1726 2836 1774 est.

1892 1809 2049 1863 Nunc
2088 1812 2323 1865 animam
2358 1819 2507 1865 tuam
2556 1812 2704 1865 velut
2756 1813 2810 1865 in
2848 1810 3050 1863 trutina
3093 1816 3241 1865 stare
3271 1808 3386 1863 exi-

163 1903 366 1974 ψυχὴν,
398 1904 548 1957 ἐνθεν
583 1905 673 1957 ὑπ’
713 1904 980 1972 ἀγγέλων,
1028 1903 1281 1957 κάκεῖθεν
1327 1903 1430 1956 ὑπὸ
1455 1904 1722 1972 δαιμόνων
1752 1903 1792 1930 ³)
1821 1924 1825 1957 1

1721 1924 1722 1936 π
1752 1903 1792 1930 ³)
1821 1904 2199 1973 stimaLatque
2237 1905 2367 1959 hinc
2420 1905 2493 1959 ab
2534 1906 2768 1972 angelis,
2816 1904 2948 1958 hinc
2983 1918 3013 1957 a
3045 1903 3383 1957 daemonibus

167 1996 485 2066 ἑλκομένην.
515 1997 767 2065 Ἀγγελοί
799 2014 856 2048 σε
884 1995 1369 2067 παραλήψονται,ἢ
1406 1995 1723 2060 καθέξουσιν

165 2092 218 2142 οἱ
254 2092 587 2159 κατέχοντες.
642 2092 761 2144 Ἐπὶ
797 2092 1152 2162 παρατάξεως
1202 2094 1250 2145 οἱ
1304 2090 1597 2161 στρατηγοὶ
1664 2090 1725 2142 τὸ

167 2183 411 2253 σύνθεμα
454 2187 564 2246 τοῖς
623 2183 715 2236 ὑπ’
774 2185 957 2246 αὐτοῖς
990 2183 1358 2252 διανέμουσιν,
1402 2182 1491 2235 ἵνα
1542 2182 1636 2234 καὶ
1676 2182 1724 2234 οἱ

168 2276 316 2342 φίλοι
352 2276 546 2343 ῥαδίως
581 2275 956 2328 ἀνακαλῶνται
996 2275 1277 2343 ἀλλήλους,
1313 2274 1405 2328 καὶ
1440 2275 1576 2345 πρὸς
1602 2274 1727 2336 τοὺς

169 2364 445 2427 ἐναντίους
467 2366 523 2416 ἐν
542 2368 660 2428 ταῖς
691 2366 1027 2435 συμπλοκαῖς
1050 2366 1447 2435 ἀναμιχθεῖσιν,
1473 2367 1728 2435 εὑκρινὴς

166 2455 394 2508 δύναται
436 2456 698 2526 ὑπάρχειν
733 2459 761 2510 6
801 2457 1096 2527 χωρισμός.
1139 2458 1324 2521 Οὐδεὶς
1368 2457 1728 2525 ἐπιγνώσεταί

171 2564 261 2608 σε.
294 2550 341 2600 εἰ
374 2549 636 2619 ἡμέτερος
665 2545 732 2612 εἶ,
762 2548 795 2618 ἢ
831 2550 936 2603 τῶν
979 2550 1332 2611 ὑπεναντίων,
1379 2550 1473 2601 ἐὰν
1504 2549 1576 2619 μὴ
1616 2552 1729 2611 τοῖς

174 2640 459 2706 μυστικοῖς
501 2638 788 2708 συμόόλοις
823 2641 1076 2711 παράσχῃ
1103 2640 1202 2712 τὴν
1238 2639 1561 2709 οἰκειότητα.
1605 2638 1731 2693 Ἐὰν

174 2729 256 2799 μὴ
284 2730 560 2799 σημειωθῇ
592 2732 683 2783 ἐπὶ
711 2731 770 2783 σὲ
806 2732 865 2785 τὸ
902 2733 1016 2802 φῶς
1045 2732 1140 2787 τοῦ
1170 2732 1463 2803 προσώπου
1506 2734 1730 2805 Κυρίου,

171 2819 296 2882 πῶς
344 2820 821 2889 ἀντιποιηθήσεταί
867 2840 958 2876 σου
998 2825 1026 2876 6
1065 2823 1336 2891 ἄγγελος;
1382 2824 1499 2887 πῶς
1544 2825 1600 2878 δὲ
1632 2826 1734 2893 ἀφ-

173 2910 380 2963 ελεῖται
407 2911 515 2964 τῶν
549 2911 775 2981 ἐχθρῶν,
795 2894 890 2965 ἐὰν
936 2916 1009 2984 μὴ
1057 2915 1262 2986 ἐπιγνῷ
1293 2915 1392 2986 τὴν
1425 2918 1732 2987 σφραγῖδας

174 3002 304 3065 Πῶς
332 3002 389 3055 δὲ
423 3005 486 3056 σὺ
513 3005 677 3074 ἐρεῖς,
706 3004 813 3057 Τοῦ
841 3006 976 3059 Θεοῦ
996 3009 1130 3077 είμι,
1150 3008 1225 3077 μὴ
1248 3008 1639 3078 ἐπιφερόμενος
1668 3008 1736 3061 τά

1821 1999 1984 2052 trahi.
2040 1998 2230 2069 Angeli
2279 2009 2331 2054 te
2392 1999 2694 2068 excipient,
2744 2008 2835 2053 aut
2865 2000 3145 2052 dmuones
3179 1996 3383 2050 retine-

1824 2090 1979 2145 btmt.
2014 2090 2068 2143 lu
2125 2091 2245 2145 acie
2291 2092 2458 2148 duces
2511 2099 2775 2146 tesseram
2821 2090 3086 2144 militibus
3135 2090 3252 2143 suis
3282 2088 3386 2141 tri—

1825 2181 2019 2247 bttunt,
2048 2190 2106 2234 ut
2154 2190 2208 2235 et
2262 2198 2380 2236 sese
2420 2183 2652 2236 invicem
2705 2180 2863 2234 amici
2900 2180 3062 2233 facile
3111 2186 3388 2242 revocent,

1825 2275 1943 2330 etsi
1977 2276 2028 2329 in
2060 2291 2238 2344 pugna
2269 2291 2395 2329 cum
2441 2276 2691 2330 hostibus
2725 2275 2971 2345 permisti
3007 2273 3232 2334 fuerint,
3268 2286 3393 2340 per—

1828 2368 2011 2433 spicue
2038 2366 2221 2421 dirimi
2266 2378 2489 2437 queant.
2541 2366 2714 2421 Nemo
2753 2376 2803 2421 te
2827 2408 2839 2431 ,
2875 2373 3064 2420 noster
3102 2365 3198 2427 sis,
3231 2378 3298 2416 an
3327 2379 3394 2416 ex

1830 2458 2180 2522 adversariis,
2232 2470 2527 2528 agnoscet,
2586 2459 2693 2514 nisi
2752 2474 2849 2529 per
2898 2460 3123 2530 mystica
3154 2456 3393 2528 symbola

1833 2551 1989 2604 fidem
2023 2551 2196 2605 facias
2229 2560 2280 2606 te
2311 2568 2434 2607 esse
2460 2562 2732 2608 nostrum.
2772 2550 2886 2606 Nisi
2933 2551 3208 2622 signatum
3235 2562 3397 2618 super

1832 2648 1885 2694 te
1917 2639 2078 2695 fuerit
2115 2641 2295 2693 lumen
2323 2642 2510 2695 vultus
2543 2640 2756 2694 Domini
2785 2681 2798 2701 ,
2831 2655 3065 2709 quonam
3107 2639 3263 2691 modo
3296 2651 3395 2689 an-

1831 2732 1983 2801 gelus
2024 2739 2079 2787 te
2128 2730 2465 2785 vindicabit?
2527 2731 2802 2802 quomodo
2834 2741 2885 2784 te
2921 2730 3177 2783 hostibus
3218 2739 3397 2783 extor-

1832 2823 2047 2893 quebit,
2084 2823 2189 2878 nisi
2220 2824 2453 2890 sigillum
2480 2824 2815 2891 agnoverit?
2850 2821 2953 2888 Qui
2985 2837 3112 2875 vero
3152 2821 3398 2875 dicturus

1835 2916 1934 2978 sis,
1964 2913 2058 2968 Dei
2096 2931 2239 2977 sum,
2275 2916 2319 2968 si
2357 2915 2559 2968 indicia
2594 2924 2773 2968 tecum
2804 2930 2913 2968 non
2945 2914 3126 2969 feras?
3152 2913 3235 2966 An
3268 2912 3398 2967 illttd

1835 3008 2040 3069 nescis,
2066 3007 2209 3077 quod
2237 3009 2634 3062 exterminator
2667 3010 2910 3077 signatas
2944 3008 3138 3062 domos
3174 3015 3397 3075 praeter

174 3096 567 3164 γνωρίσματα;
612 3097 683 3148 Ἣ
732 3100 963 3165 ἀγνοεῖς.
1005 3100 1087 3152 ὅτι
1145 3099 1244 3161 τὰς
1298 3101 1739 3171 ἐσφραγισμένας

1734 3119 1739 3159 ῑ
1839 3102 1972 3163 ibat,
2000 3109 2056 3155 et
2085 3103 2135 3154 in
2186 3101 2294 3155 illis
2339 3117 2461 3171 quae
2506 3103 2731 3171 signata:
2764 3116 2871 3155 non
2919 3108 3099 3163 erant,
3133 3100 3396 3168 primoge-

174 3186 358 3243 οἰκίας
395 3188 424 3238 6
461 3186 781 3258 ὀλοθρευτὴς
814 3189 1181 3260 ὑπερϐαίνων,
1211 3193 1267 3243 ἐν
1298 3191 1349 3244 δὲ
1379 3194 1497 3254 ταῖς
1523 3193 1736 3261 ἀσφρα-
1767 3215 1809 3272 c

1735 3224 1736 3229 η
1767 3215 1809 3272 c
1844 3193 1986 3246 nitos
2025 3193 2425 3247 interficiebat?
2468 3192 2785 3247 Thesaurus
2818 3207 2922 3245 non
2969 3191 3290 3259 obsignatus
3321 3189 3397 3242 in-

176 3274 389 3341 γίστοις
436 3276 761 3341 κατεφόνευε
810 3280 879 3330 τὰ
933 3280 1287 3350 πριυτότοκας
1348 3284 1741 3353 Ἀσφράγιστος

1737 3301 1741 3340 .'
1843 3285 1997 3340 sidiis
2040 3284 2218 3338 furum
2253 3293 2421 3354 patet.
2464 3284 2635 3339 Pecus
2670 3285 2821 3337 nullo
2855 3283 3011 3351 signo
3047 3291 3232 3335 notata
3265 3281 3399 3334 citra

66 3390 75 3397 -
177 3364 474 3434 θησαυρὸς,
516 3366 923 3437 εὐεπιχείρητος
968 3370 1245 3433 κλέπταις.
1285 3373 1558 3442 Πρόδατον
1608 3374 1743 3442 ἀση-

183 3457 440 3524 μείωτον,
472 3456 768 3521 ἀκινδύνως
803 3460 1233 3515 ἐπιϐουλεύεται.
1279 3463 1414 3525 Νέος
1446 3458 1532 3528 εἷς
1567 3464 1743 3532 ἀσφά-

177 3546 329 3599 λισαι
372 3544 469 3615 τὴν
529 3547 753 3616 νεότητα
812 3548 892 3619 τῷ
942 3550 1038 3602 τοῦ
1091 3551 1461 3621 βαπτίσματος
1521 3554 1740 3624 χαλινῷ.

180 3640 545 3709 Παρέδραμεν
590 3643 623 3711 ἡ
663 3644 847 3713 ἀκμής
885 3646 958 3713 μὴ
996 3646 1278 3718 ζημιωθῇς
1313 3649 1381 3702 τὰ
1409 3650 1593 3718 ἐφόδια
1619 3667 1633 3680 ⁸
1669 3653 1743 3721 μὴ

179 3730 457 3801 ἀπολέσῃς
499 3731 566 3783 τὰ
612 3733 955 3804 φυλακτήρια
981 3750 995 3765 ·
1028 3737 1102 3807 μὴ
1136 3741 1265 3811 περὶ
1292 3740 1390 3810 τῆς
1436 3741 1742 3813 ἑνδεκάτης,

177 3821 261 3879 ὡς
291 3822 417 3889 περὶ
454 3822 675 3891 πρώτης
711 3823 941 3879 διανοοῦ.
1578 3888 1579 3891 η

261 3912 326 3965 Et
366 3930 446 3975 τις
487 3915 684 3985 ἰατρῶν
713 3916 1076 3987 ἐπηγγείλατό
1101 3936 1181 3972 σοι
1220 3925 1488 3992 μηχαναῖς
1512 3943 1621 3978 τισι
1654 3929 1748 3980 καὶ

181 4006 455 4069 ἐπινοίαις
488 4009 608 4060 νέον
643 4012 814 4061 ποιεῖν
840 4012 904 4063 ἐκ
931 4011 1203 4082 γέροντος,
1237 4016 1336 4068 οὑκ
1368 4016 1433 4069 ἂν
1481 4017 1748 4089 ἐπεθύμη-

186 4115 292 4160 σας
349 4099 521 4152 ἐλθεῖν
570 4101 655 4153 ἐπ’
704 4102 920 4173 ἐκείνην
950 4102 1046 4173 τὴν
1071 4105 1308 4177 ἡμέραν,
1352 4104 1476 4181 ἐνῇ
1526 4113 1748 4165 σεαυτὸν

182 4192 321 4260 ὁρᾷν
351 4185 575 4259 ἔμελλἐς
600 4193 737 4260 πρὸς
761 4195 943 4263 ἀκμὴν
972 4197 1406 4268 ὑποστρέφοντα;
1444 4202 1656 4272 Ἐπειδὴ
1692 4204 1749 4256 δὲ

184 4282 288 4348 τὴν
334 4283 508 4353 ψυχήν
552 4300 643 4336 σου
692 4285 1054 4357 ἀναθαλήσειν
1114 4288 1509 4358 ἐπαγγέλλεταί
1556 4312 1637 4346 σοι
1690 4295 1751 4348 τὸ

189 4371 496 4440 βάπτισμα,
528 4374 594 4443 ἢν
642 4374 707 4427 σὺ
740 4375 1104 4439 ἐπαλαὶωσας,
1145 4380 1239 4431 καὶ
1277 4382 1537 4449 ρυπῶσαν
1577 4382 1750 4453 αὐτὴν

188 4465 256 4515 ἐκ
278 4462 385 4514 τῶν
411 4463 671 4533 ἀνομιῶν,
700 4466 792 4519 καὶ
822 4468 1196 4538 ἐσπιλωμένην
1239 4471 1544 4538 ἀπέδειξας,
1580 4491 1750 4527 κατα-

1842 3379 2144 3448 periculum
2194 3377 2485 3447 appetitur.
2538 3374 2765 3430 Juvenis
2812 3377 2910 3429 es?
2956 3375 3218 3444 baptismi
3249 3373 3401 3436 signa

1836 3470 2178 3539 iuventutem
2215 3480 2359 3522 tuam
2414 3469 2666 3533 oblirma,
2713 3476 2766 3522 et
2797 3469 2850 3521 in
2882 3475 3002 3520 tuto
3033 3466 3263 3520 colloca.
3304 3463 3404 3515 Ve-

1848 3570 1969 3631 geta
2025 3568 2156 3615 aetas
2206 3560 2449 3614 ellluxit?
2502 3560 2715 3614 cavesis
2762 3575 2829 3612 ne
2862 3559 3063 3613 viatico
3093 3572 3306 3613 careas.
3340 3571 3405 3608 ne

1842 3654 2155 3721 prmsidium
2187 3669 2249 3705 ac
2296 3654 2440 3708 velut
2490 3654 2783 3706 amttletum
2816 3653 3037 3705 amittas
3077 3668 3090 3703 :
3128 3663 3304 3718 neque
3340 3646 3406 3701 de

1845 3748 2133 3802 undecima
2170 3747 2303 3799 hora
2342 3757 2597 3816 tanquam
2633 3746 2699 3799 de
2730 3748 2901 3815 prima
2933 3744 3161 3814 cogites.
3306 3730 3314 3738 ’

1918 3932 1975 3987 Si
2007 3932 2134 4003 quis
2168 3934 2414 3987 medicus
2461 3933 2563 3986 hoc
2594 3933 2692 3987 tibi
2726 3932 3056 4001 quibusdam
3091 3929 3299 3983 artibus
3328 3927 3406 3982 fas

1846 4040 2063 4085 cturum
2089 4045 2149 4084 se
2181 4030 2552 4098 polliceretur,
2589 4037 2647 4079 ut
2705 4041 2734 4079 a
2785 4034 3068 4081 senectute
3103 4024 3167 4077 ad
3215 4023 3407 4090 juven-

1847 4129 1961 4174 tam
2000 4119 2231 4185 redires,
2268 4134 2447 4172 annon
2475 4117 2538 4171 ad
2576 4119 2720 4172 diem
2754 4118 2906 4171 illtttn
2934 4116 3121 4170 venire
3155 4129 3407 4183 cuperes,

1847 4212 1901 4267 in
1937 4226 2049 4281 quo
2098 4221 2149 4267 te
2188 4212 2385 4265 iterum
2436 4210 2883 4279 juvenescentem
2937 4206 3232 4262 cerneres?
3273 4205 3407 4258 Cum

1849 4310 2030 4357 autem
2087 4303 2393 4373 baptismus
2437 4303 2540 4356 hoc
2592 4301 2691 4356 tibi
2742 4316 2801 4354 se
2841 4298 3112 4353 facturum
3154 4296 3408 4367 spondet,

1850 4404 1910 4450 ut
1941 4397 2120 4451 anima
2148 4407 2258 4458 tua,
2291 4410 2454 4461 quam
2480 4401 2752 4448 vetustate
2780 4392 3092 4455 confecisti,
3123 4400 3175 4444 et
3208 4389 3410 4460 iniqui-

1849 4493 2023 4540 tatum
2092 4487 2243 4555 rugis
2299 4500 2547 4554 asperam
2599 4484 2907 4552 ftedamque
2962 4480 3270 4545 reddidisti,
3339 4478 3408 4533 ad

189 4557 414 4623 φρονεῖς
458 4554 551 4608 τοῦ
593 4556 909 4625 εὑεργέτου;
938 4560 1013 4611 υὺ
1060 4561 1414 4631 προστρέχεις
1451 4562 1527 4633 τῷ
1577 4566 1749 4634 ἐπαγ·
1782 4582 1851 4636 οη

1744 4582 1822 4636 Ἰ)
1850 4554 2391 4645 ρι’ἰειίηυηιίίιοτθηι
2442 4575 2649 4638 redeat,
2702 4574 2845 4628 bene
2888 4574 2955 4627 de
2997 4582 3049 4627 te
3106 4578 3406 4626 merentem

191 4647 459 4715 γέλματις
487 4647 599 4699 Οὐκ
629 4649 913 4717 ἐπιθυμεῖς
947 4650 1072 4703 ίδεῖν
1098 4653 1153 4704 τί
1176 4653 1236 4705 τὸ
1274 4655 1414 4723 μέγα
1444 4655 1627 4726 θαῦμα
1647 4658 1749 4728 τῆς

193 4738 572 4806 ὑποσχέσεωςς
608 4738 725 4802 πῶς
762 4740 887 4793 ἀνευ
920 4743 1122 4811 μητρὸς
1160 4746 1515 4812 ἀναγεννᾶται
1540 4747 1746 4818 ἄνθρω-

193 4838 300 4883 πος
323 4839 337 4885 ;
374 4822 489 4885 πῶς
515 4824 544 4875 6
575 4824 968 4896 παλαιούμενος
988 4830 1081 4882 καὶ
1104 4831 1457 4903 φθειρόμενος
1484 4837 1625 4889 κατὰ
1654 4839 1751 4901 τὰς

193 4917 493 4984 ἐπιθυμίας
521 4918 619 4986 τῆς
658 4921 892 4989 ἀπάτης,
941 4928 1143 4995 σφριγᾷ
1194 4927 1372 4993 πάλιν,
1416 4931 1509 4983 καὶ
1553 4932 1749 5003 ἀνηϐᾷ,

196 5008 293 5059 καὶ
320 5008 400 5069 είς
422 5009 483 5059 τὸ
510 5009 762 5078 ἀληθινὸν
785 5012 941 5075 ἄνθος
960 5014 1057 5085 τῆς
1082 5017 1330 5086 νεότητος
1356 5022 1713 5091 ἐπανέρχεται
1737 5042 1751 5091 ;

192 5099 487 5167 Βάπτισμα
528 5102 886 5170 αἰχμαλώτοις
928 5105 1137 5176 λύτρον,
1176 5109 1501 5179 ὀφλημάτων
1542 5114 1752 5181 ἄφεσις,

194 5191 431 5254 θάνατος
451 5194 742 5263 ἁμαρτίας,
774 5196 1155 5264 παλιγγενεσία
1181 5200 1376 5270 ψυχῆς,
1409 5204 1607 5273 ἔνδυμα
1643 5224 1754 5273 φω-

194 5283 398 5345 τεινὸν,
436 5287 669 5354 σφραγὶς
720 5290 1153 5359 ἀνεπιχείρητος,
1187 5293 1368 5363 ὄχημα
1419 5296 1554 5365 πρὸς
1594 5298 1756 5365 ούρα-

195 5374 311 5437 νὸν,
364 5372 636 5442 βασιλείας
696 5378 970 5447 πρόξενον,
1016 5382 1286 5447 υἱοθεσίας
1342 5386 1602 5455 χάρισμα.
1658 5389 1756 5440 Το-

199 5464 413 5517 σούτων
458 5468 679 5533 ἀγαθῶν
708 5472 800 5524 καὶ
829 5473 1179 5541 τηλικούτων,
1213 5478 1383 5543 ἄθλιε,
1420 5482 1758 5553 προτιμωτέ-

202 5572 308 5625 ραν
340 5556 494 5622 ἄγεις
518 5559 612 5628 τὴν
638 5561 859 5632 ἡδονήν;
895 5564 1016 5617 Νοῶ
1035 5569 1142 5637 γάρ
1178 5586 1272 5621 σου
1305 5570 1404 5639 τὴν
1435 5571 1753 5640 ὑπέρθεσιν*

200 5649 308 5702 κᾶν
338 5653 692 5724 περιστέλλῃς
717 5658 827 5718 τοῖς
853 5660 1110 5727 ῥήμασιν.
1151 5662 1297 5714 Δὺτά
1337 5663 1434 5733 βοᾷ
1474 5681 1541 5717 τα
1587 5668 1759 5735 πράγ-

212 5757 382 5807 ματα,
407 5742 509 5794 κᾶν
543 5748 607 5814 τῇ
631 5750 777 5815 φωνῇ
806 5753 1237 5819 οιωπᾷς.Ἔασον
1264 5756 1660 5825 ἀποχρήσωμαι
1692 5762 1756 5828 τῇ

207 5836 374 5902 σαρκὶ
408 5836 538 5906 πρὸς
568 5841 662 5910 τὴν
708 5842 1002 5896 ἀπόλαυσιν
1041 5846 1147 5897 τῶν
1173 5848 1431 5917 αἰσχρῶν,
1462 5849 1759 5918 ἐγκυλισθῶ

1850 4669 2183 4732 contemnis,
2214 4683 2314 4721 nec
2345 4667 2410 4721 ad
2442 4666 2757 4735 hujusmodi
2813 4666 3261 4735 pollicitationem
3311 4678 3409 4718 ac-

1849 4760 2072 4814 curris?
2109 4759 2225 4813 Non
2257 4759 2607 4832 concupiscis
2629 4759 2815 4813 videre
2848 4758 3036 4828 ingens
3077 4757 3211 4812 illud
3241 4757 3410 4810 mira-

1852 4851 2057 4913 culum,
2101 4848 2249 4918 quod
2306 4849 2404 4901 tibi
2449 4848 2823 4918 promittitur?
2882 4863 3095 4918 nempe,
3133 4848 3412 4918 quomodo

1854 4941 2001 4994 nulla
2035 4941 2229 4994 matris
2264 4955 2426 5005 opera
2470 4940 2634 4994 homo
2665 4940 2975 4993 renascitur
3010 4938 3325 5009 :quontodo
3364 4939 3412 4994 is

1852 5034 1944 5102 qui
1980 5041 2304 5087 vetustatem
2342 5034 2646 5096 contraxit,
2674 5034 2905 5101 jamque
2942 5030 3227 5086 desideriis
3257 5046 3415 5085 erro-

1853 5126 1929 5179 ris
1965 5136 2262 5193 corruptus
2286 5132 2391 5187 est,
2428 5140 2646 5179 rursum
2684 5123 2833 5193 viget
2863 5132 2917 5177 et
2938 5123 3215 5191 pubescit,
3250 5130 3414 5189 atque

1856 5218 1919 5271 ad
1962 5233 2146 5271 verum
2180 5217 2357 5271 astatis
2382 5216 2569 5271 liorem
2607 5214 2788 5269 redit?
2828 5214 3135 5284 Baptismus
3164 5214 3411 5282 captivo-

1856 5323 1977 5360 rum
2036 5307 2342 5374 redemptio
2392 5318 2497 5370 est,
2549 5306 2857 5360 debitorum
2923 5305 3199 5367 remissio,
3262 5318 3412 5358 mors

1858 5398 2088 5467 peccati,
2115 5396 2313 5450 animae
2343 5395 2706 5465 regeneratio,
2748 5393 3092 5463 splendidum
3125 5392 3413 5446 indumen-

1857 5494 1997 5549 tunt,
2033 5486 2272 5555 sigillum
2322 5486 2525 5539 nullius
2556 5494 2813 5538 conatum
2863 5494 3134 5545 metuens,
3184 5482 3411 5535 vehicu-

1858 5578 1968 5631 lum
2012 5578 2064 5630 itt
2117 5579 2340 5653 caelum,
2393 5578 2545 5645 regni
2597 5578 2935 5640 conciliator,
2978 5577 3283 5645 adoptionis
3315 5576 3413 5630 be-

1861 5670 2133 5724 neficium.
2178 5670 2350 5724 Totne
2401 5672 2679 5740 tantisque
2729 5670 2887 5725 bonis
2940 5670 3313 5737 voluptatem.
3377 5682 3412 5721 ο

1861 5765 2047 5825 miser,
2109 5763 2499 5830 prteferendam
2551 5762 2751 5833 putas?
2808 5762 3055 5831 Intelligo
3106 5761 3251 5814 enim
3291 5775 3412 5829 quae

1862 5855 1959 5910 tibi
1991 5855 2268 5912 dilationis
2323 5872 2488 5914 causa
2522 5859 2616 5923 sit,
2651 5857 2755 5913 etsi
2796 5857 2979 5915 verbis
3026 5873 3143 5913 eam
3175 5857 3407 5929 obtegit.
