4210 6448
843 395 978 459 1275

2014 395 2073 454 S.
2111 393 2430 455 JOANNIS
2464 393 2894 456 DAMASCENI

3951 401 4082 465 l276

841 509 950 563 lies
979 523 1106 577 ipsa:
1137 507 1302 577 389
1331 506 1589 571 clamant,
1644 509 1747 562 etsi
1789 522 1920 560 voce
1971 508 2122 562 siles.
2176 509 2307 563 Sine
2341 514 2402 560 ut
2431 507 2474 563 Α

2506 505 2580 574 τῷ
2609 497 2855 575 βορϐόρῳ
2913 503 3024 556 τῶν
3057 503 3280 574 ἡδονῶν,
3311 503 3527 574 αἱμάξω
3570 505 3670 571 τὰς
3704 511 3920 580 χεῖρας,
3971 517 4081 583 ἀφ.

842 614 1006 652 carne
1035 599 1100 650 ad
1129 600 1374 666 turpimn
1410 613 1590 650 rerum
1637 597 1950 650 fruitionem
1991 597 2206 660 abutar,
2249 606 2306 649 ιιι
2344 598 2399 650 in

2501 597 2711 665 έλωμαι
2760 596 2830 649 τὰ
2869 596 3145 666 ἀλλότρια,
3169 597 3354 659 δολίως
3399 599 3664 668 πορευθῶ,
3730 603 4080 674 ἐπιορκήσω,

844 692 1184 760 voluptatum
1222 703 1382 742 emno
1409 691 1646 751 voluter,
1694 699 1751 742 ut
1785 703 1980 743 manus
2009 698 2310 753 eruentem,
2343 699 2402 744 ut

2506 691 2810 759 ψεύσωμαι,
2842 691 2936 742 καὶ
2989 691 3111 743 τότε
3160 689 3220 742 τὸ
3271 690 3573 763 βάπτισμα,
3599 694 3726 746 ὅταν
3771 696 3926 766 λήξω
3971 699 4082 750 τῶν

845 787 1020 839 aliena
1085 785 1314 853 rapiam,
1368 793 1588 838 versute
1631 783 1898 845 incedam,
1942 782 2202 850 pejerem,
2243 796 2400 835 men-

846 877 952 930 tiar
990 895 1004 929 :
1034 891 1097 929 ac
1133 885 1246 929 tum
1279 877 1636 944 baptismum,
1679 889 1800 927 cum
1833 874 2091 942 peccandi
2138 877 2297 929 ﬁnem
2329 876 2406 930 fe-

843 984 992 1029 cero,
1029 968 1350 1037 suscipiam.
1405 967 1607 1034 Ecquis
1665 978 1844 1022 autem
1885 968 1979 1020 tibi
2029 969 2149 1021 vitae
2207 978 2402 1022 metam

848 1059 1003 1112 fixit?
1032 1059 1155 1126 quis
1191 1059 1288 1112 tibi
1345 1059 1646 1113 senectutis
1684 1057 1975 1110 terminum
2031 1059 2407 1126 praescripsit?

845 1150 970 1218 quis
1026 1151 1169 1219 apud
1226 1160 1276 1203 te
1321 1164 1429 1203 tam
1489 1149 1730 1219 locuples
1789 1147 2098 1201 futurorum
2134 1149 2408 1217 sponsor?

846 1244 1039 1294 Annon
1073 1241 1224 1296 vides
1250 1239 1488 1296 infantes
1525 1248 1698 1294 morte
1722 1241 1919 1307 abripi,
1958 1247 2119 1292 aelate
2150 1239 2406 1294 ﬂorentes

847 1331 1083 1385 abduci?
1116 1333 1220 1384 vita
1251 1331 1462 1385 nullum
1487 1340 1693 1384 certum
1723 1331 2013 1382 terminmn
2052 1329 2236 1382 habet.
2267 1327 2407 1394 Quid

848 1436 1130 1493 exspectas
1172 1435 1229 1478 ut
1259 1426 1564 1494 baptismus
1587 1425 1682 1478 tibi
1728 1423 1992 1477 beneﬁcio
2024 1422 2192 1478 febris
2227 1425 2409 1478 obtin-

848 1517 980 1585 gat?
1010 1517 1225 1585 quando
1254 1517 1364 1584 jam
1402 1533 1469 1570 nc
1507 1518 1767 1570 salutaria
1818 1519 1913 1571 tim
1962 1516 2124 1569 verba
2167 1530 2408 1583 pronun-

849 1609 1010 1670 tiare,
1057 1621 1108 1662 et
1159 1610 1342 1664 forsan
1377 1625 1443 1661 ne
1491 1610 1651 1677 plane
1688 1608 1909 1678 quidem
1958 1608 2146 1662 audire
2177 1607 2406 1676 poteris,

851 1717 960 1753 non
993 1717 1184 1752 manus
1215 1701 1280 1752 ad
1332 1701 1531 1752 caelum
1567 1701 1778 1760 tollere,
1825 1717 1931 1753 non
1981 1700 2208 1770 pedibus
2239 1707 2408 1762 stare,

851 1809 960 1846 non
1001 1792 1336 1846 adorationis
1383 1808 1552 1846 causa
1600 1794 2002 1862 genuflectere,
2048 1808 2152 1846 non
2204 1791 2411 1845 utiliter

851 1885 1092 1945 edoceri,
1137 1901 1241 1938 non
1293 1897 1442 1940 certo
1478 1887 1747 1948 conﬁteri,
1780 1901 1888 1938 non
1932 1898 1984 1938 te
2031 1886 2094 1938 ad
2128 1884 2406 1938 Christum

854 1974 1190 2045 ailjungeie,
1221 1992 1324 2028 non
1374 1977 1511 2030 hosti
1549 1978 1958 2040 abrenuntiare,
1995 1977 2128 2044 quin
2171 1992 2270 2030 nec
2299 1975 2411 2028 for-

855 2069 1022 2122 tussis
1078 2070 1441 2138 ititclligcnter
1491 2070 1717 2134 audire,
1763 2087 1886 2122 cum
1942 2070 2298 2124 initiaheris:
2351 2084 2415 2122 ac

853 2160 1090 2227 denique
1129 2161 1200 2212 ita
1245 2164 1471 2215 allectus
1499 2162 1634 2224 eris,
1679 2163 1863 2229 utqui
1909 2162 2140 2215 aderunt
2194 2161 2412 2229 ancipiti

855 2249 1042 2302 animo
1075 2250 1205 2314 sint,
1249 2252 1474 2318 gratiam
1524 2266 1588 2304 ue
1641 2254 1898 2310 senseris.
1945 2268 2011 2305 an
2057 2267 2246 2304 eorum
2299 2267 2419 2320 quae

2501 783 2710 844 κακῶν,
2762 780 3111 852 ὑποδέξομαι.
3148 783 3244 844 Τίς
3295 783 3351 835 δέ
3415 801 3498 836 σοι
3547 787 3643 838 καὶ
3687 788 3780 838 τὸν
3818 790 3951 860 ὅρον
3979 795 4083 859 τῆς

2501 871 2648 943 ζωῆς
2689 873 2929 943 ἔπηξεν;
2964 873 3049 935 τίς
3095 890 3177 925 σοι
3219 873 3319 943 τὴν
3371 875 3706 945 προθεσμίαν
3751 879 3846 930 τοῦ
3890 883 4085 950 γήρως

2502 963 2736 1033 ῶρισεν;
2772 965 2855 1027 τίς
2895 963 3066 1024 οὕτως
3112 964 3425 1028 ἀξιόπιστος
3479 966 3629 1037 παρὰ
3675 969 3759 1020 σοὶ
3792 969 3906 1022 τῶν
3953 974 4086 1038 μελ-

2503 1056 2704 1108 λόντων
2729 1057 3002 1126 ἐγγυητής
3021 1073 3035 1120 ;
3057 1056 3168 1124 Οὐχ
3197 1058 3326 1126 ὁρᾷς
3355 1058 3522 1126 νήπια
3546 1059 3925 1130 ἁρπαζόμενοι,
3952 1065 4082 1124 τοὺς

2505 1149 2561 1201 ὲν
2606 1147 2792 1218 ἡλικία
2819 1149 3240 1216 άπαγομένουςς
3278 1150 3377 1202 οὐκ
3421 1149 3533 1219 ἔχει
3568 1152 3698 1220 μίαν
3733 1153 4081 1222 προθεσμίαν

2505 1240 2534 1290 6
2566 1237 2696 1308 βίος.
2734 1239 2798 1290 Τί
2827 1239 3118 1308 ἀναμένεις
3154 1239 3387 1310 πυρετοῦ
3417 1257 3498 1294 σοι
3526 1240 3699 1312 δῶρον
3733 1245 3992 1310 γενέσθαι
4020 1248 4082 1296 τὸ

2510 1333 2940 1402 βάπτισμα;ὃτε
2963 1331 3086 1385 οὔτε
3119 1333 3678 1407 φθέγξασθαιδυνήσῃ
3717 1337 3786 1389 τὰ
3831 1341 4080 1407 σωτήρια

2511 1427 2750 1496 ῥήματα,
2781 1426 2919 1495 τάχα
2956 1425 3012 1477 δὲ
3037 1423 3202 1495 Ιοὺδὲ]
3221 1426 3446 1479 ἀκοῦσαι
3479 1427 3732 1497 καθαρῶς
3752 1446 3767 1460 ο
3801 1430 3860 1481 οὐ
3889 1435 4081 1498 χεῖρας

2509 1513 2640 1586 ἆραι
2657 1519 2736 1579 εἰς
2761 1517 3111 1587 οὐρανὸν,οὑκ
3133 1517 3225 1568 ἐπὶ
3243 1519 3407 1581 πόδας
3425 1518 3795 1586 διαναστῆναι,
3819 1521 3878 1572 οὐ
3898 1520 4078 1572 κλῖναι

2508 1608 2636 1675 γόνυ
2668 1610 2747 1671 είς
2771 1610 2870 1678 τὴν
2900 1608 3292 1678 προσκύνησιν,
3326 1609 3388 1661 οὗ
3427 1609 3736 1679 διδαχθῆναι
3763 1613 4077 1680 χρησίμως.

2509 1703 2606 1770 οὐχ
2650 1702 2981 1770 ὁμολογῆσαι
3026 1701 3302 1769 ἀσφαλῶς,
3341 1701 3464 1770 οὐχὶ
3510 1702 3801 1754 συνθέσθαι
3837 1704 4080 1771 Χριστῷ,

2511 1793 2609 1844 οὐκ
2647 1790 3021 1852 ἀποτάξασθαι
3056 1791 3134 1858 τῷ
3165 1789 3365 1860 ἐχθρῷ,
3408 1791 3548 1860 τάχα
3574 1790 3628 1842 δὲ
3661 1792 3782 1844 οὐδὲ
3844 1795 4083 1855 συνετῶς

2509 1881 2810 1936 ἐπακοῦσαι
2868 1881 3426 1950 μυσταγωγούμενος,
3476 1881 3776 1949 ἀμφίϐολος
3829 1882 3905 1935 ῶν
3973 1887 4085 1946 τοῖς

2509 1973 2792 2044 παροῦσιν,
2826 1969 2971 2043 Ἆρα
2996 1971 3190 2043 ᾔσθετο
3235 1971 3330 2039 τῆς
3376 1970 3614 2040 χάριτος,
3655 1973 3688 2041 ἢ
3743 1974 4085 2043 ἀναισθήτως

2508 2067 2623 2136 ἔχει
2667 2065 2776 2117 τῶν
2807 2064 3152 2133 γενομένων;
3191 2063 3320 2116 ὅταν
3369 2063 3425 2115 δὲ
3464 2065 3560 2116 καὶ
3585 2065 3964 2134 ἐπιστημόνως
3990 2065 4086 2134 τήν

2513 2160 2671 2229 χάριν
2703 2157 2850 2226 δέξῃ,
2886 2156 3004 2206 τότε
3034 2156 3095 2207 τὸ
3119 2157 3217 2222 μὲν
3242 2155 3500 2208 τάλαντον
3522 2155 3684 2224 ἔχεις,
3718 2157 3818 2227 τὴν
3840 2157 3895 2210 δὲ
3921 2159 4084 2228 ἐργα-

2519 2252 2635 2303 σίαν
2667 2249 2768 2301 οὐκ
2803 2246 3108 2316 ὲπιφέρεις.

859 2356 1204 2412 peragentur,
1237 2346 1382 2396 onmi
1431 2359 1595 2397 sensu
1645 2358 1855 2397 careas.
1895 2344 2098 2398 Demus
2153 2360 2280 2397 vero
2330 2353 2404 2408 te,
2446 2347 2677 2412 gratiam
2715 2344 2790 2395 ita
2825 2355 3041 2408 quoque
3075 2348 3477 2407 suscepturum,
3525 2346 3583 2391 ut
3671 2355 3792 2395 eam
3873 2343 4085 2398 sentias

856 2446 910 2492 et
925 2451 1188 2506 agnoscas
1218 2455 1230 2490 :
1259 2437 1522 2490 talentum
1541 2440 1756 2506 quidem
1789 2439 2036 2502 habebis,
2063 2452 2119 2492 at
2147 2449 2412 2508 quaestum
2449 2456 2509 2494 ex
2552 2455 2620 2494 eo
2653 2439 2857 2493 nullum
2895 2446 3072 2491 tecum
3106 2435 3246 2491 feres

927 2571 987 2627 S.
1022 2570 1172 2642 Greg.
1209 2569 1350 2624 Naz.
1396 2569 1549 2625 Orat.
1578 2572 1632 2624 in
1679 2573 1820 2640 bapt.
1846 2601 1914 2612 —
1950 2571 2414 2638 Quemadmodum

2583 2577 2792 2645 Ὠσπερ
2823 2573 2922 2626 οὐκ
2951 2571 3111 2635 ὄντας
3143 2571 3473 2642 ὑπέστησεν,
3522 2572 3696 2637 οὕτως
3737 2574 4085 2636 ὑποστάντας

856 2682 981 2729 nos,
1011 2682 1134 2721 cum
1164 2677 1290 2720 ante
1325 2679 1430 2718 non
1462 2681 1739 2729 essemus,
1785 2669 2025 2730 creavit,
2078 2666 2151 2719 ita
2201 2673 2421 2719 creatos

2513 2669 2842 2730 ἀνέπλασεν,
2872 2665 3068 2738 πλάσιν
3115 2664 3398 2735 θειοτέραν
3441 2682 3502 2718 τε
3554 2667 3650 2719 καὶ
3710 2667 3809 2736 τῆς
3862 2669 4086 2736 πρώτης

857 2758 1038 2811 denuo
1069 2755 1223 2809 ﬁnxit
1272 2755 1723 2825 ittstauravitquc.
1774 2765 1828 2809 et
1873 2754 2096 2824 quidem
2160 2757 2421 2824 ﬁgmento

2518 2758 2891 2829 ὑψηλοτέραν·
2932 2757 2967 2826 ἡ
3003 2755 3115 2817 τοῖς
3152 2755 3252 2826 μὲν
3285 2755 3612 2825 ἀρχομένοις
3655 2759 3772 2810 ἐστὶ
3819 2762 4085 2828 σφραγὶς,

849 2848 1139 2912 diviniori,
1163 2862 1226 2900 ac
1244 2846 1386 2916 quod
1424 2847 1655 2914 prinnun
1693 2848 1849 2916 longe
1881 2853 2166 2916 superaret
2197 2846 2423 2915 (quippe

2519 2853 2632 2913 τοῖς
2655 2851 2713 2902 δὲ
2742 2849 3094 2919 τελειοτέροις
3139 2848 3238 2918 τὴν
3281 2847 3496 2918 ἡλικίαν
3541 2850 3808 2920 χάρισμα,
3851 2852 3947 2904 καὶ
3991 2854 4085 2922 τῆς

857 2939 1030 3007 quod,
1062 2938 1138 2990 uti
1172 2937 1351 2990 vivere
1381 2937 1774 3005 incipientibus
1815 2939 2052 3007 sigillum
2091 2945 2196 3002 est,
2225 2939 2302 2990 ita
2353 2939 2420 2993 iis

2517 2945 2796 3011 παθούσης
2829 2943 3034 3005 εἰκόνος
3061 2941 3152 2994 διὰ
3179 2941 3278 3011 τὴν
3325 2941 3524 2994 κακίαν
3569 2944 3967 3012 ἐπανόρθωσις,
4000 2945 4086 2995 ἴνα

860 3030 952 3098 qui
997 3027 1256 3097 vegetiori
1307 3037 1436 3081 sunt
1492 3035 1672 3091 aetate,
1722 3030 1895 3098 gratia
1946 3043 2167 3098 quoque
2214 3035 2320 3092 est,
2371 3036 2478 3091 etc

2531 3038 2605 3108 μὴ
2635 3039 2698 3106 τῇ
2721 3034 3027 3103 ἀπογνώσει
3057 3033 3275 3103 χείρους
3303 3033 3609 3103 γενόμενοι,
3636 3034 3731 3086 καὶ
3759 3037 3848 3087 ἀεὶ
3871 3037 4009 3104 πρὸς
4032 3037 4088 3087 τὸ

861 3121 1069 3174 affectae
1096 3119 1348 3188 imaginis
1378 3121 1623 3182 erectio),
1651 3137 1716 3173 ne
1747 3119 1945 3188 alioqui
1971 3136 2064 3189 per
2089 3119 2421 3186 desperatio-

859 3227 982 3265 nem
1017 3211 1396 3266 sceleratiores
1426 3210 1782 3276 eﬁicercmur,
1802 3221 1854 3264 et
1887 3213 1938 3264 in
1963 3211 2214 3280 graviora
2245 3211 2422 3280 quoti-

860 3302 948 3354 die
975 3300 1174 3369 ﬁagitia
1203 3301 1627 3370 prorumpendi),
1653 3316 1682 3354 a
1719 3301 1858 3355 bono
1892 3311 1946 3356 et
1977 3303 2178 3356 virtute
2203 3303 2422 3372 penitus

857 3391 1240 3446 excideremus
1988 3411 1992 3414 ⁴

938 3501 1077 3555 Ibid.
1100 3532 1172 3544 —
1194 3503 1284 3555 Sic
1315 3513 1364 3556 te
1387 3518 1663 3571 compara.
1693 3513 1748 3556 ut
1784 3505 2061 3559 lavacrum
2090 3522 2197 3562 non
2224 3521 2422 3577 corpus

862 3595 1046 3659 modo,
1082 3595 1172 3648 sed
1199 3595 1490 3664 imaginem
1519 3611 1737 3664 quoque
1768 3597 1860 3652 Dei
1894 3599 2116 3666 abluat;
2158 3615 2267 3654 non
2299 3617 2425 3671 pec-

858 3695 982 3741 cata
1018 3685 1193 3740 solum
1225 3683 1423 3748 deleat,
1447 3685 1539 3740 sed
1585 3701 1763 3741 mores
1799 3689 1962 3742 etiam
1992 3689 2285 3756 emendet;
2316 3708 2423 3746 non

860 3777 1127 3848 pristinas
1182 3784 1393 3830 tantum
1454 3779 1580 3831 vitae
1628 3779 1820 3833 sordes
1873 3781 2180 3850 abSIergat,
2237 3799 2424 3835 verum

860 3867 1069 3922 fontem
1095 3881 1312 3936 quoque
1344 3867 1521 3935 ipsum
1545 3877 1842 3937 expurget;
1876 3885 1982 3923 non
2009 3873 2191 3925 animo
2215 3880 2455 3926 tantum.-

865 3959 1160 4029 insculpat,
1209 3967 1268 4013 ut
1329 3975 1462 4028 opes
1519 3963 1766 4015 honestis
1828 3963 2131 4017 rationibus
2174 3980 2423 4034 qnaaras,

861 4068 1051 4107 verum
1103 4062 1160 4105 ut
1214 4052 1555 4106 laudabiliter
1583 4051 1850 4118 eﬁ'undas,
1895 4064 1988 4106 aut
2031 4056 2182 4123 quod
2218 4057 2426 4111 levissi-

865 4158 1011 4195 mum
1046 4141 1232 4205 fuerit,
1268 4142 1408 4195 male
1439 4152 1620 4211 partas
1650 4143 1895 4212 abjicias.
1947 4145 2086 4210 Quid
2138 4147 2284 4200 enim
2327 4147 2426 4203 tibi

863 4235 1155 4304 profuerit,
1186 4235 1261 4287 ita
1298 4234 1507 4302 peccati
1535 4235 1747 4287 veniam
1781 4234 2129 4306 impetrasse,
2159 4247 2214 4290 ut
2244 4247 2426 4292 tamen

863 4327 914 4377 ei
960 4339 1118 4392 quem
1156 4324 1380 4386 laeseris,
1431 4324 1690 4378 damnum
1723 4340 1830 4378 non
1859 4327 2154 4390 sarciatur,
2202 4342 2324 4380 cum
2365 4336 2426 4382 tu

867 4415 1074 4483 duplici
1109 4417 1315 4469 scelere
1345 4416 1680 4469 constrictus
1730 4418 1967 4471 tenearis
2002 4437 2014 4472 :
2061 4419 2255 4486 altero,
2299 4421 2428 4489 quia
2459 4398 2502 4453 Ῑ)

865 4506 1073 4573 injuste
1141 4506 1387 4573 possides
1449 4506 1742 4558 facultates
1808 4516 1966 4574 tua»;
2036 4511 2239 4573 altero,
2301 4511 2433 4578 quia

869 4604 1056 4662 partas
1110 4610 1241 4664 opes
1298 4595 1574 4648 mordicus
1619 4603 1815 4657 tenes;
1873 4593 1963 4647 illa
2022 4596 2240 4664 quidem
2292 4611 2433 4649 noxa

870 4687 966 4739 tibi
1016 4686 1318 4740 condonata
1381 4693 1488 4748 est,
1535 4685 1634 4737 hac
1672 4700 1801 4738 vero
1836 4686 2011 4740 adhuc
2060 4687 2219 4740 hodie
2258 4688 2433 4757 impli-

870 4778 1058 4832 caris?
1087 4776 1256 4830 Hodie
1295 4777 1439 4830 enim
1470 4776 1608 4845 apud
1642 4784 1692 4829 te
1725 4775 1900 4829 aliena
1934 4792 2021 4832 res
2052 4787 2174 4839 est;
2208 4778 2437 4849 ideoque

873 4882 1214 4941 nequaquam
1251 4867 1484 4921 deletum
1537 4874 1620 4920 est
1681 4877 1962 4935 peccatum
1993 4907 2007 4930 ,
2059 4869 2152 4922 sed
2191 4878 2434 4938 tempore

868 4965 1135 5016 duntaxat
1165 4961 1508 5013 intercisum.
1547 4959 1677 5012 Pars
1712 4960 1883 5013 altera
1931 4971 2057 5013 ante
2099 4960 2433 5030 baptismum

871 5059 1180 5120 perpetrata
1201 5055 1306 5110 est,
1326 5051 1494 5102 altera
1523 5058 1643 5118 post
1672 5050 2007 5119 baptismum
2031 5063 2229 5105 manet.
2253 5053 2435 5122 Neque

869 5147 1017 5198 enim
1049 5141 1406 5213 prwscntibns
1431 5139 1671 5210 flagitiis,
1696 5142 1787 5194 sed
1819 5143 1886 5196 iis
1917 5158 2036 5210 qiuc
2059 5143 2169 5211 jam
2197 5145 2431 5198 admissa

875 5243 1025 5295 sunt,
1051 5234 1265 5286 veniam
1306 5230 1462 5284 alIert
1498 5232 1820 5300 baptismus.
1869 5231 2039 5286 Porro
2074 5248 2178 5287 non
2224 5246 2434 5288 vetera-

2527 3131 2711 3198 χεῖρον
2738 3127 3200 3197 καταφερόμενοι,
3232 3125 3450 3187 τελείως
3487 3124 3594 3191 ἐξω
3637 3125 3732 3179 τοῦ
3789 3125 3958 3179 καλοῦ
4000 3132 4086 3180 καὶ

2526 3220 2626 3290 τῆς
2646 3219 2848 3290 ἀρετῆς
2874 3218 3180 3288 πίπτωμεν.

2597 3505 2636 3556 Γ
2639 3504 2840 3556 ενέσθω
2865 3521 2945 3556 σοι
2998 3504 3058 3557 τὸ
3080 3504 3319 3574 λουτρὸν,
3371 3505 3445 3575 μὴ
3477 3505 3572 3558 τοῦ
3616 3505 3870 3573 σώματος
3914 3507 4081 3572 μόνον,

2526 3595 2660 3650 ἀλλὰ
2690 3596 2904 3664 καὶτῆς
2927 3598 3129 3658 εἰκόνος
3156 3613 3169 3626 ⁸
3186 3597 3260 3668 μὴ
3283 3595 3391 3650 τῶν
3409 3597 3822 3667 ἁμαρτημάτων
3838 3597 4086 3658 Exulem;
4143 3607 4150 3609 ’

2532 3689 2690 3757 μόνον
2713 3730 2725 3748 ,
2756 3688 2889 3743 ἀλλὰ
2930 3691 3029 3752 καὶ,
3043 3689 3131 3742 τοῦ
3161 3689 3362 3758 τρόπον
3393 3689 3678 3758 διόρθωσις
3697 3705 3710 3717 ⁸
3745 3689 3822 3760 μὴ
3845 3689 3939 3741 τὸν
3972 3707 4088 3759 προ-

2527 3777 2757 3830 λαϐόντα
2812 3778 3068 3848 βόρϐορον
3112 3777 3464 3842 ἀποκλυζέτω
3497 3779 3680 3849 μόνον,
3715 3778 3852 3831 ἀλλὰ
3881 3781 3976 3831 καὶ
4000 3783 4086 3846 τήν

2529 3868 2710 3938 πηγὴν
2735 3870 3067 3940 καθαιρέτωο
3093 3872 3166 3940 μὴ
3199 3869 3258 3922 τὸ
3278 3870 3456 3930 καλῶς
3476 3871 3705 3924 κτᾶσθαι
3728 3874 3984 3924 τυπούτω
4007 3877 4088 3939 μά-

2529 3961 2786 4023 νον,ἀλλὰ
2827 3965 2918 4016 καὶ
2955 3965 3016 4016 τὸ
3038 3963 3217 4027 καλῶς
3238 3964 3576 4017 ἀποκτᾶσθαι
3599 4007 3613 4028 ,
3630 3965 3662 4035 ἢ
3681 3965 3806 4032 τόγε
3831 3968 4085 4035 κουρότε-

2527 4050 2712 4114 τον,τὸ
2732 4050 2913 4112 κακῶς
2937 4051 3131 4120 κτηθὲν
3156 4053 3522 4107 ἀποτίθεσθαι.
3542 4055 3606 4106 Τί
3627 4056 3736 4124 γὰρ
3766 4057 3963 4123 ὄφελος
3986 4099 3997 4116 ,
4019 4061 4087 4108 σοι

2532 4141 2632 4212 μὲν
2653 4143 3066 4213 συγχωρηθῆναι
3100 4145 3196 4215 τὴν
3225 4147 3600 4218 ἀμαρτίαν,τῷ
3621 4148 3680 4201 δὲ
3694 4149 4009 4218 ἠδικημένῳ
4025 4151 4086 4218 μὴ

2530 4233 2756 4303 λυθῆναι
2784 4237 2884 4307 τὴν
2905 4238 3054 4309 παρὰ
3075 4239 3167 4290 σοῦ
3194 4239 3428 4309 ζημίαν;
3459 4239 3552 4293 δύο
3575 4239 3657 4292 σὸι
3687 4241 3880 4292 κακῶν
3909 4244 4085 4299 ὄντων,

2530 4327 2626 4381 τοῦ
2656 4345 2714 4381 τε
2767 4330 3065 4399 κτήσασθαι
3098 4333 3174 4402 μὴ
3223 4333 3468 4396 δικαίως,
3504 4331 3723 4386 καὶτοῦ
3780 4335 3844 4386 τὸ
3903 4335 4086 4403 κτῃθὲν

2531 4418 2876 4488 κατέχεσθαι,
2923 4421 3016 4474 τοῦ
3065 4423 3167 4491 μὲν
3212 4423 3404 4490 ἄφεσιν
3439 4422 3648 4486 ἕλαὸες,
3681 4424 3741 4475 τὸ
3768 4424 3826 4476 δὲ
3860 4427 4085 4494 σήμερον

2533 4507 2758 4570 ἀδικεῖς.
2795 4509 3044 4579 Σήμερον
3093 4511 3200 4577 γάρ
3235 4512 3354 4562 ἐστι
3385 4513 3538 4582 παρὰ
3577 4512 3658 4564 σοὶ
3689 4513 3752 4564 τὸ
3789 4513 4082 4580 ἀλλότριοι,

2534 4600 2626 4651 καὶ
2651 4600 2750 4654 οὐκ
2783 4602 3021 4671 ἀνῃρέθη
3073 4605 3134 4655 τὸ
3170 4605 3496 4674 ἁμάρτημα,
3541 4603 3618 4673 τῷ
3671 4607 3852 4674 χρόνῳ
3901 4605 3958 4658 δὲ
4019 4606 4085 4656 δι-

2539 4690 2708 4760 εκόπη
2730 4707 2743 4720 ·
2761 4691 2820 4743 τὸ
2856 4693 2952 4762 μὲν
2984 4694 3088 4763 πρὸ
3117 4695 3209 4748 τοῦ
3239 4694 3609 4766 βαπτίσματος
3640 4695 3937 4766 τολμηθὲν,
3959 4699 4014 4748 τὸ
4038 4697 4086 4746 δὲ

2538 4780 2698 4851 μένον
2754 4785 2891 4852 μετὰ
2922 4785 2984 4838 τὸ
3035 4787 3338 4858 βάπτισμα.
3371 4789 3491 4840 Τῶν
3533 4789 3639 4857 γὰρ
3667 4790 4082 4858 ἡμαρτημένων.

2534 4873 2595 4924 οὐ
2621 4872 2727 4925 τῶν
2751 4875 3234 4947 ἁμαρτανομένων,
3261 4879 3320 4931 τὸ
3343 4878 3563 4949 λουτρὸν
3590 4879 3700 4949 ἔχει
3729 4881 4080 4950 συγχώρηςνι.

2533 4967 2627 5017 Δεῖ
2649 4967 2705 5019 δὲ
2735 4969 2809 5037 μὴ
2847 4971 3166 5041 σοφισθῆναι
3212 4971 3303 5022 τὸν
3337 4971 3637 5041 καθαρμὸν,
3674 4971 3792 5024 ἀλλ’
3824 4976 4081 5041 ἐνσημαν-

2537 5056 2696 5126 θῆναι
2720 5077 2735 5090 ⁹
2772 5061 3184 5133 λαμπρννθῆναί
3208 5081 3266 5115 σε
3294 5065 3530 5127 τελείως,
3563 5065 3695 5116 ἀλλὰ
3725 5065 3801 5133 μὴ
3846 5065 4083 5132 χρωτδῆ.

2536 5165 2662 5200 ναι·
2720 5154 2853 5221 μηδὲ
2882 5155 3210 5224 ἐπικάλυψιν
3235 5155 3342 5207 τῶν
3395 5154 3698 5226 ἁμαρτιῶν,
3742 5155 3880 5208 ἀλλὰ
3922 5156 4081 5209 ἁπαλ-

2533 5233 2704 5310 λαγῆν
2742 5243 2885 5312 ἔχειν
2915 5247 2973 5296 τὸ
2995 5246 3256 5316 χάρισμα.

874 5325 1015 5380 torie
1036 5323 1347 5392 accipienda
1389 5325 1638 5390 purgatio
1669 5331 1773 5388 est,
1801 5323 1894 5377 sed
1940 5324 2081 5378 serio
2118 5325 2512 5395 imprimenda;
2545 5331 2749 5402 tibique
2811 5340 3105 5406 agendum,
3169 5349 3227 5391 ut
3302 5338 3458 5406 pleno
3523 5338 3873 5408 perfectoque
3913 5340 4079 5406 splen-

875 5424 1008 5478 dorc
1033 5423 1229 5487 nitcas,
1251 5437 1356 5476 non
1385 5439 1444 5478 ut
1465 5440 1518 5477 in
1541 5429 1883 5492 superuciem
1903 5419 2154 5473 illiuaris.
2176 5418 2434 5487 Baptismi
2470 5421 2672 5479 donum
2700 5444 2806 5482 non
2826 5432 3201 5487 tantummodo
3216 5434 3436 5488 obducit
3467 5444 3706 5503 peccata,
3727 5431 3827 5487 sed
3889 5437 3952 5485 ah
4005 5434 4078 5485 his

879 5521 1099 5591 penitus
1128 5521 1337 5574 eximit.

945 5635 1216 5705 Clcrysost.
1264 5638 1422 5688 Hom.
1464 5635 1532 5686 ad
1583 5649 1757 5686 recens
1804 5632 1979 5685 illum.
2012 5658 2078 5667 —
2116 5628 2439 5683 Benedictus

877 5727 1042 5791 Deus,
1069 5730 1161 5798 qui
1197 5728 1325 5781 facit
1356 5725 1622 5780 mirabilia
1646 5729 1796 5781 solus
1820 5725 1993 5794 (Psal.
2029 5739 2172 5780 uxr.
2198 5722 2305 5791 l8),
2343 5723 2435 5789 qui

875 5829 1075 5878 cuncta
1106 5822 1371 5886 condidit,
1398 5835 1571 5888 eaque
1604 5828 1953 5874 transmutat.
1973 5816 2073 5882 Qui
2103 5815 2215 5870 hcri
2241 5814 2437 5883 captivi

2614 5615 2915 5685 Εὐλογητὸς
2958 5617 2986 5668 6
3032 5615 3188 5679 Θεὸς,
3231 5619 3260 5669 6
3313 5617 3480 5668 ποιῶν
3533 5614 3808 5682 θαυμάσια
3851 5611 4019 5679 μόνος.
4061 5609 4076 5654 ἱ

2545 5710 2710 5761 ποιῶν
2756 5710 2967 5768 πάντα.
3008 5713 3101 5761 καὶ
3142 5709 3565 5768 κατασκευάζων
3629 5707 3792 5758 αὑτά.
3854 5705 3914 5754 υἱ
3967 5700 4076 5775 χθὲς

2545 5803 2896 5872 αἰχμάλωτοι,
2949 5803 3040 5855 νῦν
3079 5802 3373 5871 ἐλεύθεροι,
3422 5801 3512 5852 καὶ
3562 5797 3775 5851 πολῖται
3806 5796 3900 5864 τῆς
3980 5793 4075 5843 [κ-
