4210 6448
178 417 316 483 1277

1434 411 1666 468 SACIU
1707 409 2140 469 PARALLELA

3280 409 3407 475 1278

175 531 428 603 κλησίας.
477 528 541 583 Οί
577 527 762 599 πρώην
794 527 852 578 ἐν
883 523 1114 597 αἰσχύνῃ
1159 520 1595 594 ἁμαρτημάτων,
1642 521 1736 574 νῦν
1770 530 1808 582 Α

1770 530 1808 582 Α
1841 529 2020 584 erant,
2082 516 2240 575 hodie
2282 520 2432 575 liberi
2469 529 2615 582 sunt,
2670 531 2722 577 et
2765 524 2912 580 cives
2949 523 3220 580 Ecclesm.
3265 527 3409 592 Quos

174 627 234 678 ἐν
260 622 540 695 παρρησίᾳ
565 619 931 689 δικαιοσύνης.

245 801 306 853 Εἰ
339 802 398 853 τὸ
423 800 620 853 εἰδέναι
649 797 739 850 τὸν
763 796 893 848 Θεὸν
906 793 1208 865 ὑπερϐολὴν
1231 793 1287 844 ἐν
1312 792 1388 861 τῷ
1421 789 1610 859 ἀγαθῷ
1636 789 1733 844 οὐκ

172 889 312 958 ἔχει,
345 890 405 941 τὸ
453 887 565 939 υἱὸν
613 886 866 955 γενέσθαι
916 885 1050 937 Θεοῦ
1107 885 1244 955 ὑπὲρ
1290 881 1584 947 εὑκληρίαν
1617 883 1734 932 ἐστὶ

170 987 372 1033 πᾶσαν.
417 979 476 1031 ὐ
503 980 609 1049 γάρ
661 978 794 1030 Θεοῦ
828 978 942 1040 υίὸς
996 975 1246 1042 ἀξιωθεὶς
1301 973 1573 1042 γενέσθαι,
1623 973 1733 1038 ἕξει

170 1073 391 1131 πάντως
423 1071 518 1123 τοῦ
555 1070 764 1139 [ἰατρὸς
803 1069 863 1120 τὸ
904 1067 1138 1136 ἀξίωμα.
1193 1067 1364 1135 ’Υπὲρ
1409 1066 1568 1135 εὐχὴν
1611 1065 1665 1116 δὲ
1697 1066 1729 1134 ἡ

167 1162 424 1231 ἐπιτυχία
448 1181 462 1194 ·
490 1162 628 1229 ὑπὲρ
656 1161 841 1212 ἐλπίδα
876 1159 931 1210 δὲ
963 1159 1023 1208 τὸ
1051 1157 1220 1226 δῶρον
1243 1174 1256 1188 ·
1311 1156 1449 1225 ὑπὲρ
1505 1154 1667 1224 φύσιν
1697 1156 1728 1224 ἡ

167 1255 351 1322 χάρις.
386 1283 450 1292 ——-
484 1252 809 1316 Βαπτίζεται
845 1250 982 1317 ἁγίῳ
1034 1250 1328 1318 Πνεύματι,
1363 1249 1390 1298 6
1422 1247 1509 1298 διὰ
1551 1245 1727 1311 πάσης

167 1346 431 1414 νοήσεως,
465 1345 557 1396 καὶ
586 1344 781 1411 λόγων,
813 1344 906 1394 καὶ
935 1341 1186 1411 πράξεων
1225 1339 1601 1408 ἀγιαζόμενος,
1631 1337 1726 1389 καὶ

162 1437 244 1489 ὢν
299 1437 682 1506 πνευματικός.
722 1436 808 1499 Ὡς
833 1436 938 1505 γὰρ
967 1435 996 1485 6
1027 1436 1106 1495 είς
1134 1431 1277 1500 ὕδωρ
1302 1430 1723 1500 βαπτιζόμενος,

162 1527 304 1589 ὅλως
334 1527 664 1598 ὑγραίνεται,
694 1525 867 1588 οὕτως
896 1526 924 1577 6
962 1527 1019 1577 ἐν
1050 1523 1188 1593 ἁγίῳ
1227 1522 1500 1590 Πνεύματι
1531 1520 1725 1589 βαπτι-

163 1615 413 1686 ζόμενος,
442 1618 576 1679 ὅλως
599 1618 965 1687 πνευματικὸς
991 1618 1084 1670 καὶ
1103 1616 1255 1683 ἅγιος
1275 1613 1507 1684 γίνεται,
1533 1613 1728 1685 γνώμῃ

163 1709 264 1762 καὶ
294 1710 487 1780 πράξει
524 1710 761 1774 τοιοῦτος
793 1708 1244 1778 ἀποτελούμενος.

1840 627 2017 681 nuper
2052 620 2399 681 peccatorum
2432 613 2689 684 pudebat,
2725 615 2967 686 hiﬂnunc
3005 618 3057 671 in
3087 617 3339 673 libertate
3357 629 3406 674 et

1837 703 2039 758 ﬁducia
2071 712 2220 760 sunt.

1911 797 1971 850 S.
2007 796 2162 866 (ἔγρῃ.
2212 797 2439 865 Nyssen.
2474 799 2529 850 in
2567 797 2722 851 Beat.
2761 808 2899 851 orat.
2948 799 3000 850 7.
3026 830 3092 840 —
3125 797 3182 851 Si
3240 797 3408 854 Deum

1839 886 2026 942 videre
2055 896 2263 941 tantum
2297 888 2494 940 bonum
2527 898 2631 950 cst,
2679 897 2740 940 ut
2787 889 2947 952 hujus
2979 889 3405 954 magnitudinem

1840 982 1974 1033 nihil
2024 990 2186 1050 queat
2238 995 2518 1049 superare,
2578 980 2828 1049 profecto
2883 981 2974 1034 Dei
3027 981 3194 1034 lilium
3246 981 3405 1048 ellici,

1838 1067 2099 1122 felicitate
2128 1069 2278 1121 omni
2308 1068 2484 1136 majus
2517 1079 2620 1123 est.
2651 1068 2785 1122 Nam
2821 1070 2906 1123 cui
2939 1069 3101 1139 390
3130 1069 3233 1122 hoc
3275 1085 3407 1124 con-

1834 1173 2050 1214 cessum
2069 1167 2172 1222 est,
2212 1167 2269 1211 ut
2302 1157 2392 1213 Dei
2427 1160 2570 1212 ﬁlius
2599 1161 2711 1222 fiat,
2741 1162 2787 1214 is
2820 1175 3009 1228 procu.
3035 1160 3202 1213 dubio
3223 1159 3406 1214 Patris

1831 1251 2150 1317 dignitatem
2206 1250 2493 1304 obtinebit.
2550 1249 2662 1304 lloc
2713 1267 2844 1305 vero
2897 1252 3184 1320 consequi,
3238 1266 3405 1319 supra

1830 1355 1992 1394 omne
2027 1347 2210 1394 votum
2251 1348 2356 1402 est,
2420 1357 2582 1410 supra
2625 1359 2776 1412 spem
2833 1351 2918 1396 est
2967 1342 3193 1406 donum,
3238 1357 3404 1409 supra

1834 1441 2082 1486 naturam
2111 1432 2306 1502 gratia.
2348 1463 2415 1473 —
2458 1434 2777 1500 Baptizatur
2814 1433 3022 1504 Spiritu
3059 1443 3276 1500 sancto,
3309 1434 3404 1502 qui

1831 1525 2158 1593 cogitatione
2213 1540 2314 1578 sua
2368 1526 2554 1587 omni,
2615 1539 2996 1594 sermoneque,
3055 1534 3109 1579 et
3160 1529 3400 1588 actione,

1832 1623 2056 1668 sanctus
2087 1613 2360 1679 redditur,
2413 1617 2616 1684 quique
2664 1616 2971 1685 spiritualis
3002 1616 3242 1670 exsistit.
3291 1615 3400 1668 Ve-

1831 1705 1926 1759 luti
1960 1706 2107 1761 enim
2136 1705 2228 1774 qui
2271 1708 2532 1774 mergitur
2565 1707 2618 1760 in
2650 1721 2870 1776 aquam,
2905 1716 3052 1761 totus
3077 1705 3354 1760 humescit
3381 1721 3397 1758 :

163 1800 252 1854 sic
293 1802 386 1868 qui
432 1802 484 1855 in
526 1801 730 1872 Spiritu
782 1809 974 1857 sancto
1013 1801 1345 1872 baptizatur,
1381 1806 1530 1854 totus
1573 1795 1876 1867 spiritualis
1898 1806 1953 1853 et
1983 1805 2206 1853 sanctus
2236 1796 2490 1864 ellicitur,
2535 1797 2774 1868 talisque
2832 1801 3015 1854 animo
3074 1808 3129 1854 et
3187 1799 3402 1856 ratione

159 1895 369 1948 evadit.

160 1988 348 2042 ΤΙΤΛ.
396 1988 471 2041 Ε’.
502 2016 572 2028 -
607 1987 1214 2067 Περὶβδελυγμᾴτων,
1249 1986 1348 2040 καὶ
1390 1985 1510 2039 τῶν
1545 1988 1718 2054 lera-
1749 1993 1791 2048 B
1819 1985 1822 1998 ⁴

1749 1993 1791 2048 Β
1819 1981 1952 2038 TIT.
1985 1980 2052 2038 ν.
2083 2014 2153 2024 -
2185 1983 2262 2038 De
2287 1984 2787 2067 abqrrtinationibus,
2807 2003 2898 2040 seu
2928 1987 3106 2052 idolis,
3129 1996 3180 2040 et
3221 1989 3285 2042 iis
3309 1989 3398 2060 qui

736 2059 934 2128 μένων
962 2059 1131 2113 θεῶν.

242 2192 261 2224 ι
309 2174 423 2226 Οὐκ
479 2174 691 2226 ἔσονταί
741 2191 824 2226 σοι
878 2174 992 2226 θεοὶ
1044 2175 1219 2242 ἕτεροι
1265 2172 1403 2241 πλὴν
1457 2170 1608 2238 ἐμοῦ,
1647 2170 1720 2223 Οὐ

157 2268 412 2336 ποιήσεις
443 2265 654 2335 σεαυτῷ
688 2265 925 2328 εἴδωλον,
954 2265 1072 2318 οὐδὲ
1107 2266 1216 2318 πᾶν
1247 2283 1300 2316 τι
1326 2263 1597 2334 ὁμοίωμα,
1620 2263 1721 2314 ὅσα

152 2360 223 2410 ἐν
256 2357 332 2426 τῷ
365 2357 600 2428 οὐρανῷ,
649 2357 742 2411 καὶ
775 2358 872 2411 ὅσα
907 2359 964 2410 ὲν
997 2360 1061 2427 τῇ
1093 2359 1163 2425 γῇ
1203 2355 1374 2417 κάτω,
1409 2355 1502 2408 καὶ
1529 2355 1628 2407 ὅσα
1664 2355 1722 2405 ἐν

153 2453 274 2513 τοῖς
296 2451 482 2504 ὕδασιν
514 2451 770 2504 ὑποκάτω
799 2451 895 2515 τῆς
920 2449 1130 2520 γῆς.οὑ
1161 2447 1581 2518 προσκυνήσεις,
1596 2445 1718 2499 οὐδὲ

158 2543 243 2614 μὴ
270 2541 572 2614 λατρεύσῃς
592 2543 796 2606 αὐτοῖς.
839 2541 978 2610 Ἐγὼ
999 2541 1108 2612 γάρ
1141 2541 1255 2611 ειμι
1285 2539 1508 2609 Κύριος.
1553 2556 1573 2590 ι

238 2738 258 2772 ι
293 2723 406 2784 Πᾶς
425 2721 694 2786 θυσιάζων
710 2722 852 2785 θεοῖς
877 2721 1101 2791 ἑτέροις,
1129 2719 1658 2791 ὲξολοθρευθήσεται.
1690 2738 1710 2773 ι

238 2914 256 2946 ι
292 2897 406 2948 Οὐκ
441 2897 694 2959 εἰσοίσεις
729 2897 1000 2966 βδέλυγμα
1040 2897 1120 2958 είς
1165 2894 1258 2947 τὸν
1289 2890 1437 2948 οἶκόν
1469 2911 1587 2960 σου,
1620 2895 1716 2948 καὶ

150 2987 256 3057 ἔσῃ
274 2987 519 3055 ἀνάθεμα
544 2987 731 3055 ὥσπερ
758 2988 932 3040 τοῦτο.
973 3006 989 3037 ι

235 3099 252 3131 ι
295 3080 375 3132 Τά
404 3079 598 3132 εἴδωλα
647 3079 756 3132 τῶν
803 3078 974 3130 ἐθνῶν
1030 3079 1292 3150 ἀργύριον
1327 3077 1422 3132 καὶ
1468 3077 1708 3148 χρυσίον,

145 3173 292 3241 ἔργα
324 3172 517 3240 χειρῶν
549 3169 870 3239 ἀνθρώπων.
910 3188 929 3219 ι

231 3281 250 3314 ι
290 3263 432 3323 Θεοὶ,
464 3263 512 3315 οἳ
539 3261 632 3314 τὸν
659 3261 887 3328 οὐρανὸν
917 3261 1009 3312 καὶ
1035 3259 1132 3330 τὴν
1164 3263 1266 3330 γῆν
1295 3261 1392 3312 οὐκ
1425 3260 1707 3330 ἐποίησαν,

2357 2055 2433 2107 dii
2469 2067 2865 2124 nuncupantur.

1893 2164 2066 2219 Exod.
2122 2183 2230 2230 xx,
2277 2169 2398 2222 5-4.
2426 2198 2496 2209 -ο
2541 2189 2559 2220 ι
2598 2168 2714 2224 Νοη
2751 2178 2912 2226 erunt
2946 2171 3019 2224 dii
3068 2172 3158 2224 alii
3201 2178 3398 2241 praeter

1823 2273 1930 2314 me.
1958 2258 2074 2312 Non
2109 2259 2278 2315 facies
2313 2262 2407 2314 tibi
2436 2261 2666 2326 idolum,
2695 2250 2875 2333 neque
2899 2279 3110 2319 omnem
3139 2265 3398 2319 similitu-

1822 2350 2001 2404 dinem
2023 2366 2237 2414 eorum,
2270 2368 2611 2423 quaecunque
2643 2356 2697 2407 in
2734 2356 2875 2409 caelo
2900 2365 3028 2410 sunt
3057 2356 3312 2424 desuper,
3341 2364 3397 2410 et

1820 2457 2160 2514 quaecunque
2196 2445 2248 2498 in
2287 2454 2430 2500 terra
2461 2445 2743 2511 deorsum,
2778 2464 2879 2503 nec
2903 2463 3094 2502 eorum
3119 2464 3237 2518 qua:
3268 2456 3397 2502 sunt

1821 2529 1876 2582 in
1909 2531 2070 2598 aquis
2101 2531 2203 2585 sub
2234 2540 2402 2587 terra.
2443 2533 2560 2589 Non
2601 2535 2859 2593 adorabis
2888 2552 2976 2604 ea,
3008 2554 3185 2608 neque
3217 2539 3387 2593 coles.

1821 2619 1936 2688 Ego
1969 2637 2089 2675 sum
2125 2621 2412 2680 Dominus.
2454 2644 2472 2677 ι

1890 2711 2066 2769 Exod.
2104 2731 2241 2780 ml,
2276 2717 2367 2771 ει).
2399 2746 2466 2756 --
2518 2736 2536 2770 ι
2571 2717 2675 2784 Qui
2727 2717 2972 2773 immolat
3023 2718 3129 2774 diis
3172 2720 3390 2788 alienis,

1815 2807 2298 2862 exterminabitur.
2340 2827 2359 2860 ι

1887 2896 2044 2952 Deut.
2079 2915 2174 2963 vn,
2211 2901 2298 2954 ‘26.
2333 2929 2406 2942 —
2462 2920 2481 2953 ι
2532 2900 2651 2956 Νοη
2692 2900 2896 2957 inferes
2931 2902 3388 2958 abominatioaem

1815 2989 1869 3045 in
1900 2993 2118 3044 domum
2159 3002 2331 3058 tuam,
2362 3002 2421 3047 ut
2446 2995 2524 3049 sis
2561 2995 2851 3048 anathema
2885 2995 3026 3050 sicut
3057 2996 3211 3050 illud.
3248 3014 3266 3048 ι

1886 3082 2037 3138 Psal.
2067 3100 2217 3146 cxnu,
2252 3085 2333 3138 l2.
2369 3116 2436 3125 —
2485 3105 2503 3138 ι
2542 3086 2846 3139 Simulacra
2889 3088 3131 3157 gentium
3195 3103 3387 3159 argen-

1813 3181 1927 3228 tum
1969 3183 2024 3228 et
2062 3189 2278 3235 aurum,
2316 3190 2480 3243 opera
2521 3191 2782 3228 manuum
2812 3174 3115 3228 hominum.
3157 3193 3175 3226 ι

1880 3263 2078 3319 larem.
2116 3281 2169 3330 ι,
2205 3265 2292 3320 10.
2328 3295 2396 3304 -—-
2433 3284 2451 3315 ι
2491 3263 2572 3318 Dii
2604 3267 2697 3335 qui
2753 3280 2862 3318 non
2907 3264 3156 3319 fecerunt
3186 3266 3384 3320 caelum

141 3354 539 3409 ἀπολέσθωσαν
576 3352 684 3406 ἀπὸ
708 3352 805 3420 τῆς
834 3351 936 3414 νίς
954 3390 966 3402 .
1005 3352 1097 3402 καὶ
1124 3351 1380 3403 ὑποκάτω
1422 3349 1514 3402 τοῦ
1550 3351 1705 3421 οὐρα·
1733 3347 1779 3410 C

1606 3369 1705 3421 νρα·
1733 3347 1779 3410 C
1807 3361 1862 3410 et
1892 3365 2116 3418 terram,
2147 3364 2371 3425 pereant
2401 3356 2467 3411 de
2507 3365 2673 3420 terra,
2703 3367 2757 3411 et
2794 3357 2898 3412 sub
2924 3358 3062 3411 coelo
3091 3357 3213 3411 hoc.
3251 3376 3268 3408 ι

138 3445 244 3497 νοῦ
272 3444 484 3496 τούτου.
520 3464 538 3494 ι

221 3555 241 3587 σ
300 3535 530 3588 Μάταιοι
573 3534 774 3597 πάντες
824 3532 1100 3603 ἄνθρωποι
1129 3572 1143 3595 ,
1205 3525 1285 3594 οἷς
1331 3532 1511 3603 παρῆν
1572 3531 1707 3584 Θεοῦ

136 3628 407 3694 ἀγνωσία,
440 3625 532 3678 καὶ
556 3627 620 3679 ἐκ
651 3626 757 3678 τῶν
778 3625 1066 3694 ὁρωμένων
1095 3623 1313 3691 ἀγαθῶν
1340 3624 1440 3676 οὐκ
1472 3624 1700 3692 ἴσχυσαν

140 3718 344 3771 εἰδέναι
374 3715 463 3768 τὸν
505 3714 668 3768 ὄντα*
696 3713 821 3766 οὔτε
870 3715 984 3776 τοῖς
1045 3715 1224 3780 ἔργοις
1282 3713 1706 3782 προστρέχοντες

141 3810 463 3876 ἐπέγνωσαν
492 3807 581 3859 τὸν
615 3805 864 3876 τεχνίτην
888 3821 902 3834 ·
944 3805 1061 3857 ἀλλ’
1103 3805 1134 3874 ἢ
1173 3804 1362 3875 πῦρ,ῆ
1398 3805 1634 3873 πνεῦμα,
1669 3803 1702 3874 ἢ

139 3900 363 3968 ταχινὸν
392 3899 549 3970 ἀέρα,
598 3896 630 3967 ἢ
679 3895 875 3950 κύκλον
904 3895 1167 3965 ἀστέρων,
1196 3895 1228 3965 ἢ
1262 3895 1433 3964 βίαιον
1471 3894 1632 3964 ὕδωρ,
1668 3893 1701 3964 ἢ

142 3992 436 4060 φωστῆρας
463 3989 716 4060 οὐρανοῦ,
753 3988 1049 4059 πρυτάνεις
1092 3988 1297 4058 κόσμου
1334 3987 1491 4050 θεοὺς
1522 3987 1706 4057 ἐνόμι-

142 4099 273 4138 σανο
305 4076 376 4134 ὦν
404 4083 450 4134 εί
476 4081 571 4152 μὲν
598 4080 695 4152 τὴν
721 4079 982 4150 καλλονὴν
1004 4079 1351 4149 τερπόμενοι,
1377 4078 1547 4133 ταῦτα
1606 4065 1703 4133 ὐπ-

140 4173 466 4245 ελάμσανον,
491 4173 801 4238 γνώτωσαν,
817 4173 968 4242 πόσῳ
989 4173 1189 4240 μᾶλλον
1218 4173 1246 4224 6
1272 4171 1476 4224 τούτων
1502 4171 1706 4224 Δεσπό-

140 4282 242 4334 της
291 4264 405 4315 ὲεῒτὶ
449 4261 695 4330 βελτίων.
739 4260 798 4313 '0
822 4260 929 4331 γάρ
962 4261 1054 4313 τοῦ
1088 4260 1292 4329 κόσμου
1342 4259 1703 4330 γενεσιάρχης

140 4356 326 4410 ἔκτισε
360 4354 548 4407 ταῦτα.
593 4355 654 4406 Εἰ
685 4353 740 4406 δέ
760 4352 986 4424 δύναμιν
1033 4352 1127 4406 καὶ
1169 4353 1447 4423 ἐνέργειαν
1499 4351 1703 4404 ἐκπλα-

139 4449 352 4515 γέντες,
398 4447 742 4516 νοησάτωσαν
809 4446 903 4498 ἀπ’
962 4445 1141 4498 αὐτῶν
1173 4485 1188 4508 ,
1249 4445 1397 4514 πόσῳ
1448 4446 1476 4498 6
1535 4460 1700 4497 κατα-

141 4536 414 4597 σκευάσας
444 4536 578 4588 αὑτά
607 4535 973 4606 δυνατώτερος
1005 4538 1170 4588 ἐστιν.
1237 4535 1332 4588 Ἐκ
1375 4535 1484 4604 γὰρ
1535 4535 1700 4605 μετέ-ο

138 4627 268 4689 θους
301 4627 390 4679 καὶ
413 4627 671 4695 καλλονῆς
699 4629 1010 4697 κτισμάτων
1031 4627 1310 4695 ἀναλόγως
1343 4629 1369 4680 ὁ
1394 4644 1701 4697 γενεσιουρ-

1883 3525 2012 3596 Sap.
2045 3541 2168 3591 xm,
2204 3528 2319 3582 1-9.
2355 3558 2425 3568 --
2479 3548 2497 3580 ε
2537 3527 2671 3583 Vani
2705 3540 2832 3585 sunt
2877 3545 3068 3586 omnes
3109 3532 3381 3597 homines,

1809 3617 1862 3670 in
1889 3619 2085 3686 quibus
2127 3633 2234 3673 non
2283 3618 2459 3674 adfuit
2503 3621 2734 3676 scientia
2790 3621 2882 3677 Dei
2911 3662 2925 3684 ,
2958 3631 3013 3677 et
3047 3623 3115 3679 de
3147 3623 3213 3680 iis
3251 3640 3376 3692 quae

1805 3707 2062 3763 videntur
2091 3708 2274 3772 bonis,
2309 3727 2416 3764 non
2457 3722 2756 3781 potuerunt
2790 3713 3090 3783 intelligere
3117 3730 3239 3768 eum
3279 3716 3376 3786 qui

1805 3808 1910 3864 est,
1954 3815 2134 3869 neque
2180 3802 2438 3872 operibus
2471 3803 2839 3868 attendentes,
2889 3814 3228 3873 agnoverunt
3258 3806 3379 3875 quis

1805 3897 1951 3946 esset
2007 3889 2201 3945 artifex
2243 3910 2255 3945 :
2313 3892 2407 3946 sed
2460 3902 2556 3947 aut
2604 3893 2807 3962 ignem,
2853 3902 2947 3947 aut
2981 3894 3249 3964 spiritum,
3285 3904 3380 3950 aut

1805 3981 2033 4034 citatum
2075 3995 2280 4045 aerem,
2311 3989 2405 4035 aut
2438 3998 2630 4054 gyrum
2671 3985 2977 4051 stellarum,
3019 3994 3113 4040 aut
3152 3987 3376 4041 nimiam

1805 4088 2022 4144 aquam,
2061 4082 2156 4128 aut
2207 4075 2494 4131 luminaria
2527 4078 2673 4144 cceli,
2724 4089 2963 4136 rectores
3014 4081 3164 4137 orbis
3205 4090 3378 4137 terra-

1805 4178 1925 4219 rum
1953 4166 2083 4219 deos
2118 4175 2448 4234 putaverunt
2475 4186 2488 4223 :
2517 4183 2748 4237 quorum
2787 4169 2831 4224 si
2882 4171 3065 4240 specie
3096 4170 3375 4238 delectati,

1805 4254 1935 4308 deos
1967 4268 2028 4308 ea
2054 4269 2179 4309 esse
2220 4264 2574 4326 putaverunt,
2615 4259 2793 4314 sciant
2817 4271 3026 4331 quanto
3061 4261 3146 4318 his
3188 4260 3374 4317 Domi-

1804 4353 1964 4398 nator
1987 4359 2178 4399 eorum
2209 4349 2505 4417 speciosior
2527 4359 2632 4406 est.
2670 4350 2883 4420 Speciei
2919 4354 3063 4407 enim
3090 4363 3144 4410 et
3186 4355 3372 4410 mundi

1804 4445 2093 4507 generator
2137 4439 2249 4493 haec
2293 4441 2473 4494 omnia
2515 4444 2823 4498 constituit.
2853 4445 2960 4498 Aut
3011 4446 3055 4502 si
3111 4449 3372 4504 virtutem

1803 4537 1858 4584 et
1905 4543 2068 4598 Opera
2120 4545 2307 4585 eorum
2359 4531 2539 4588 mirati
2588 4543 2741 4599 sunt,
2783 4535 3088 4607 intelligant
3131 4539 3198 4594 ab
3241 4539 3370 4607 illis,

1803 4621 2058 4690 quoniam
2095 4622 2188 4690 qui
2228 4622 2342 4676 haec
2371 4621 2519 4687 fecit,
2551 4623 2746 4678 fortior
2775 4635 2857 4680 est
2889 4627 2990 4682 eis.
3021 4629 3064 4680 A
3103 4631 3371 4698 magnitu-

137 4685 441 4786 76;'a5trlw
464 4685 768 4790 θεωρεῖται.
795 4685 1142 4788 Ἰεαλαὺτωροι
1166 4685 1243 4780 δέ,
1276 4720 1370 4771 καὶ
1400 4685 1456 4770 ἐν
1488 4685 1699 4789 νεκροὶς
1733 4685 1776 4740 D

1733 4685 1927 4766 Ddine
1979 4711 2126 4765 enim
2176 4720 2231 4766 et
2282 4713 2464 4781 specie
2518 4724 2896 4770 creaturarum
2932 4721 3371 4788 cognoscibiliter

135 4812 192 4860 αἱ
224 4809 437 4870 ἐλπίδες
471 4810 666 4870 αὐτῶν,
715 4810 916 4870 οἵτινες
940 4811 1200 4862 ἐκάλεσαν
1237 4809 1392 4870 θεοὺς
1419 4808 1555 4878 ἔργα
1587 4827 1699 4878 χει-

138 4899 252 4967 ρῶν
286 4898 605 4968 ἀνθρώπων,
640 4902 837 4968 χρυσὸν
879 4902 967 4952 καὶ
1010 4901 1270 4970 ἄργυρον,
1302 4901 1496 4968 τέχνης
1524 4903 1700 4969 ἐμμε-

138 4987 444 5054 λετήματα,
490 4990 585 5040 καὶ
618 4990 1002 5059 ἀπεικάσματα
1053 4989 1224 5054 ζώων,
1274 4990 1492 5060 ἢλίθων
1526 4992 1700 5061 ἀχρή-

140 5094 304 5128 στω-α.
341 5095 358 5126 ι

197 5352 216 5384 ι
260 5333 335 5386 Τὸ
382 5336 758 5407 χειροποίητον
821 5337 1240 5412 ἐπικατάρατον,
1277 5344 1370 5394 καὶ
1407 5344 1434 5394 6
1466 5345 1691 5412 ποιήσας

1803 4797 1998 4867 poterit
2029 4807 2248 4852 creator
2279 4814 2466 4852 earum
2495 4801 2692 4856 videri.
2728 4803 2976 4858 Infelices
3011 4817 3188 4859 autem
3221 4817 3368 4870 sunt,

1807 4896 1860 4942 et
1895 4889 2034 4940 inter
2069 4897 2314 4941 mortuos
2347 4905 2470 4957 spes
2505 4891 2718 4944 illorum
2769 4901 2872 4953 est,
2922 4894 3015 4962 qui
3070 4897 3370 4964 appellare.

1810 4985 1937 5030 runt
1997 4978 2126 5032 deos
2176 4993 2335 5046 Opera
2393 4995 2650 5036 manuum
2705 4983 3022 5048 hominum,
3075 5001 3264 5040 aurum
3315 4997 3369 5042 et

1813 5073 2118 5134 argentum,
2151 5070 2285 5121 artis
2327 5068 2716 5134 inventionem,
2757 5082 2811 5126 et
2842 5074 3226 5130 similitudines
3253 5079 3370 5130 ani-

1804 5156 2051 5221 malium,
2089 5167 2183 5208 aut
2230 5157 2456 5226 lapidem
2499 5161 2764 5226 inutilem,
2799 5176 2937 5230 opus
2986 5178 3176 5219 manus
3227 5169 3370 5220 anti-

1793 5262 1929 5318 quae.
1970 5265 1988 5297 ι

1865 5338 1997 5406 Sap.
2024 5355 2134 5403 xlv,
2163 5343 2188 5390 ἐς
2230 5342 2419 5413 εἷο-ι
2446 5341 2546 5394 Per
2573 5357 2767 5397 manus
2797 5354 2973 5397 autem
3001 5346 3144 5413 quod
3165 5346 3219 5399 lit
3249 5346 3366 5401 ido-

140 5422 312 5482 αὐτὸ,
341 5425 423 5476 ὅτι
456 5425 484 5475 ὁ
542 5405 660 5494 μὲν.
695 5428 1018 5496 εἰργάσατο,
1060 5405 1119 5482 τὸ
1164 5431 1221 5483 δὲ
1279 5432 1532 5502 φθαρτὸν,
1565 5405 1696 5485 Θεὸν
1796 5429 1802 5482 l

1695 5455 1696 5466 ι
1796 5429 1927 5493 lum,
1959 5405 2445 5494 maledictum.est,
2486 5442 2539 5486 et
2577 5432 2774 5501 ipsum,
2809 5444 2862 5487 et
2893 5437 2986 5503 qui
3027 5435 3156 5491 fecit
3185 5437 3314 5491 illud
3343 5444 3357 5476 ε

139 5515 443 5582 ὠνόμασεν.
476 5517 563 5568 Ἐν
597 5520 696 5588 ίσῳ
721 5523 920 5591 μισητά
947 5523 1084 5592 Θεῷ,
1123 5523 1216 5576 καὶ
1235 5526 1263 5575 6
1291 5523 1627 5589 ἀσεϐῶν,καὶ
1658 5527 1689 5593 ή

143 5605 306 5656 ἀσέὸε
318 5623 368 5656 ια
392 5606 575 5659 αὑτοῦ.
606 5609 714 5661 Καὶ
749 5613 854 5683 γὰρ
874 5615 932 5667 τὸ
951 5613 1188 5684 πραχθὲν
1213 5615 1308 5668 συν
1336 5615 1413 5685 τῷ
1443 5615 1694 5686 δράσαντι

140 5696 322 5764 ὲξολοθ
332 5699 699 5770 ρευθὴσονται.
741 5721 762 5756 ι

1803 5521 1928 5589 quia
1966 5521 2055 5575 ille
2092 5522 2306 5590 quidem
2342 5530 2602 5590 operatus
2634 5532 2759 5588 est;
2813 5525 2940 5579 illud
2993 5538 3195 5590 autern,
3236 5544 3358 5582 cum

1801 5619 1945 5666 esset
2010 5611 2232 5683 fragile,
2283 5613 2418 5667 deus
2473 5615 2890 5683 cognominatus
2944 5624 3045 5670 est.
3097 5617 3361 5673 Similiter

1797 5703 1920 5756 odio
1951 5712 2077 5757 sunt
2121 5705 2244 5769 Deo,
2283 5704 2480 5773 impius
2524 5713 2576 5758 et
2629 5705 2879 5774 impietas
2937 5706 3079 5774 ejus.
3139 5707 3354 5761 Etenim

1805 5794 1948 5864 quod
1985 5795 2185 5852 factum
2217 5804 2320 5856 est.
2357 5812 2476 5853 cum
2515 5813 2579 5852 co
2618 5797 2711 5867 qui
2756 5796 2921 5862 fecit,
2965 5798 3354 5854 exterminabi-

1793 5899 1901 5945 tur.
1941 5907 1958 5939 ι
