4210 6448
865 442 1001 511 1283

2014 438 2075 499 S.
2094 434 2419 500 JOANNIS
2456 435 2848 498 DAMASCEN
2856 438 2882 497 Ι

3939 437 4078 504 1286

859 562 1136 618 creatione
1160 560 1477 625 liberorum,
1515 556 1829 613 eorumdem
1854 554 2173 611 alendorum
2208 549 2417 609 sollici-
2444 558 2521 615 Al

2410 580 2417 592 -
2444 558 2491 615 Α
2518 551 2757 624 φυλακὴ,
2790 555 2940 608 οίκου
3000 553 3309 626 ἐπιμέλεια,
3355 557 3584 613 οἰκετῶν
3615 556 3963 630 προστασίαι,
4017 573 4072 613 αι

860 653 1014 718 tudo,
1049 651 1293 707 custodia
1321 650 1532 715 uxoris,
1567 646 1882 717 procuratio
1928 644 2146 709 domus,
2177 639 2415 696 famulo-

859 760 978 799 rum
1010 758 1162 807 cura,
1185 742 1379 796 damna
1409 742 1462 795 in
1490 738 1888 800 contractibus,
1942 737 2071 791 rixae
2112 750 2237 789 cum
2271 732 2417 787 vici-

859 834 966 899 nis,
1028 832 1271 887 forenses
1327 828 1652 893 conﬂictus,
1707 825 2090 897 negotiationis
2152 823 2413 893 pericula,

858 925 1207 994 agriculturae
1242 923 1476 976 labores.
1509 919 1700 986 Quivis
1743 920 1859 973 dies
1907 917 2204 972 adveniens
2260 930 2414 970 suam

858 1017 1052 1071 anima:
1074 1016 1357 1085 caliginem
1386 1012 1616 1068 oﬂ‘undit
1647 1032 1659 1067 :
1702 1019 1754 1065 et
1802 1019 1990 1066 noctes
2019 1010 2233 1065 diurnis
2265 1009 2416 1064 curis

858 1106 1246 1170 succedentes,
1294 1119 1391 1174 per
1429 1105 1650 1161 easdem
1699 1103 1910 1174 Species
1955 1110 2187 1156 mentem
2232 1101 2417 1156 ludiﬂv

858 1209 1077 1252 cantur.

926 1333 1063 1387 Nih‘.
1100 1362 1170 1373 —
1197 1331 1512 1404 Omnigenis
1548 1328 2051 1401 perturbationibus
2075 1336 2130 1385 et
2160 1331 2417 1385 aerumnis

854 1426 1057 1481 misera
1084 1426 1204 1480 haec
1244 1428 1351 1478 vita
1380 1422 1650 1478 obruitur.

925 1538 1202 1609 Chrysost.
1234 1538 1393 1592 Ilum.
1417 1538 1474 1591 in
1503 1534 1637 1590 illud
1669 1535 1810 1603 psal.
1856 1549 2108 1589 xxxvnl:
2142 1551 2161 1584 ι
2197 1532 2415 1588 Verum-

853 1639 1029 1684 tamen
1051 1632 1295 1683 uraiucrsa
1321 1629 1550 1683 vanitas.
1584 1645 1606 1679 ι
1638 1627 2012 1697 Supposititia.
2033 1625 2257 1691 —Vide,
2284 1627 2418 1680 cba-

853 1722 1092 1784 rissime,
1126 1735 1306 1775 annon
1340 1735 1429 1775 res
1467 1719 1720 1773 humana:
1770 1732 1918 1772 mare
1956 1715 2270 1783 imitentur;
2319 1731 2419 1770 an-

852 1827 960 1869 non
986 1812 1173 1867 eadem
1206 1810 1623 1882 perturbatione
1662 1811 1773 1864 vita
1805 1811 1966 1880 plena
2000 1810 2110 1877 sit;
2150 1825 2326 1865 annon
2360 1810 2415 1863 in

2515 644 2655 698 κατά
2687 644 2758 697 τὰ
2782 643 3086 714 συμϐόλαια
3121 645 3338 716 βλάϐαι,
3369 650 3421 702 οἰ
3456 650 3593 721 πρὸς
3635 652 3765 715 τοὺς
3819 649 4074 720 γείτονας

2515 734 2958 806 διαπληκτισμοὶ.
2996 739 3056 790 αἱ
3096 740 3155 792 ἐν
3179 742 3293 802 τοῖς
3330 741 3699 811 δικαστηρίοις
3736 742 4071 813 συμπλοκαὶ,

2516 828 2611 881 καὶ
2635 828 2733 895 τῆς
2757 828 3026 898 ἐμπορίας
3056 831 3107 882 οἱ
3140 830 3397 894 κίνδυνοι,
3430 833 3486 885 αἱ
3525 831 3626 901 τῆς
3654 833 3930 903 γεωργίας
3952 835 4074 886 δια-

2517 919 2809 988 πονήσεις⁶
2851 923 2999 972 πᾶσα
3049 922 3228 993 ήμέρα
3284 922 3420 976 ἰδίαν
3470 924 3594 993 ἦκει
3649 925 3951 992 κομίζουσα
3974 926 4071 995 τῆς

2515 1011 2695 1081 ψυχῆς
2722 1012 3089 1081 ἐπισκότησιν,
3122 1016 3215 1068 καὶ
3260 1016 3317 1067 αἱ
3346 1014 3537 1078 νύκτες
3567 1016 3666 1079 τὰς
3698 1016 4072 1087 καθημερινάς

2517 1104 2801 1173 φροντίδας
2831 1104 3264 1174 παραλαϐοῦσαι,
3293 1109 3352 1161 ἐν
3375 1111 3495 1172 ταῖς
3521 1111 3712 1174 αὐταῖς
3745 1112 4072 1178 φαντασίαις

2516 1195 2834 1260 ἐξαπατῶσι
2865 1199 2956 1252 τὸν
2989 1197 3134 1255 νοῦν.

2586 1332 2865 1397 Παντοίοις
2920 1334 3113 1388 πάθεσι
3177 1335 3270 1391 καὶ
3328 1337 3720 1411 ταλαιπωρίαις
3764 1340 4074 1395 καταϐεϐαι-

2518 1438 2736 1475 πτισται
2770 1423 2804 1494 ή
2834 1422 3085 1494 ἀθλιότης
3109 1426 3207 1495 τῆς
3234 1418 3333 1480 ὧδε
3365 1426 3531 1497 ζωῆς.

2590 1532 2727 1602 Ὅρα
2762 1542 2808 1599 ι,
2841 1534 3108 1603 ἀγαπητὴ
3134 1534 3249 1599 πῶς
3268 1533 3538 1589 θάλατταν
3574 1539 3819 1607 μιμεῖται
3842 1538 3953 1591 τῶν
3975 1541 4073 1592 ἀν·

2518 1620 2752 1692 θρώπων
2778 1623 2848 1677 τά
2874 1625 3172 1695 πράγματα
3194 1642 3209 1657 ·
3233 1628 3284 1679 εἰ
3311 1628 3387 1698 μὴ
3403 1629 3504 1698 τῆς
3526 1629 3773 1699 ταραχῆς
3804 1631 4024 1700 ἐκείνης
4049 1636 4077 1684 6

2519 1707 2632 1776 βίος
2662 1711 3145 1782 ἐμπέπλησταιοεί
3177 1716 3252 1786 μὴ
3293 1717 3393 1788 τῆς
3439 1719 3609 1788 ὑγρᾶς
3632 1718 3795 1773 πλέον
3836 1722 3934 1777 ἐπὶ
3973 1722 4075 1789 τῆς

2517 1795 2688 1868 ξηρᾶς
2715 1799 3119 1873 χειμαζόμεθα·
3141 1807 3189 1858 εἰ
3221 1806 3295 1875 μὴ
3316 1808 3428 1861 τῶν
3454 1809 3672 1879 ἀνέμων
3713 1811 4075 1883 σφοδρότερον

852 1911 999 1958 terra
1032 1904 1229 1973 magis,
1267 1919 1431 1974 quam
1464 1916 1631 1964 mare,
1660 1901 1974 1971 iactemur;
2023 1917 2209 1957 annon
2252 1909 2416 1956 vento
2449 1906 2489 1960 Β

2410 1921 2416 1950 ι
2449 1906 2489 1960 Β
2517 1892 2596 1952 είς
2622 1889 2882 1961 ἀλλήλους
2913 1897 3316 1967 συμπίπτομεψ
3347 1899 3397 1952 εἰ
3434 1900 3508 1970 μὴ
3537 1900 3605 1954 τὰ
3635 1902 3913 1972 χρήματα,
3939 1903 4072 1956 καθ-

850 1996 1046 2067 ιιυονίε
1086 1996 1461 2051 vehementius
1491 1994 1547 2048 in
1594 2007 1696 2047 nos
1738 1993 1973 2048 invicem
2030 1993 2416 2059 incurramus;

851 2101 1033 2143 annon
1066 2087 1313 2157 pecunia:
1353 2085 1713 2155 procellarum
1767 2086 1944 2140 instar
1985 2099 2087 2140 nos
2119 2092 2313 2139 mutuo
2363 2084 2418 2137 in

851 2194 955 2235 nos
978 2177 1279 2244 collidant;
1329 2191 1510 2231 annon
1555 2183 1814 2244 tanquam
1869 2175 1924 2229 in
1971 2175 2141 2230 maris
2182 2172 2418 2243 caligine

851 2269 961 2326 huc
1019 2270 1260 2340 illucque
1314 2267 1787 2322 circumferamur.
1850 2263 1953 2321 llic
2016 2266 2166 2321 illius
2228 2278 2419 2335 agrum

851 2358 1055 2431 rapuit,
1082 2358 1173 2413 ille
1205 2356 1429 2413 alterius
1460 2364 1659 2410 terram
1691 2354 1960 2409 abstulit:
1996 2353 2156 2424 393
2185 2351 2419 2422 proximi

851 2465 1078 2508 uxorem
1130 2450 1271 2504 alter
1317 2447 1669 2517 concupivit,
1717 2446 1858 2500 alter
1898 2446 2126 2500 alterius
2182 2443 2419 2523 [annuos

849 2544 1110 2614 abripuit.
1142 2541 1243 2596 Hic
1277 2540 1347 2596 de
1389 2556 1531 2610 aqua
1563 2554 1686 2593 cum
1719 2538 1903 2592 vicino
1945 2538 2124 2606 litigat
2164 2554 2179 2591 :
2230 2538 2323 2592 ille
2350 2536 2422 2590 de

850 2635 1001 2691 auris
1051 2648 1175 2687 cum
1234 2630 1615 2686 contubernali
1665 2641 1769 2683 suo
1820 2627 2175 2697 digladiatur.
2227 2626 2296 2679 Hi
2347 2623 2419 2681 de

852 2734 1017 2780 teme
1062 2738 1323 2780 mensura
1375 2722 1762 2777 conﬂictantur
1807 2740 1820 2775 :
1872 2720 1953 2774 illi
1986 2720 2057 2774 ob
2084 2720 2277 2774 aedium
2319 2733 2419 2773 ex-

851 2816 1209 2873 structionem
1239 2829 1360 2869 sese
1391 2822 1578 2866 mutuo
1623 2812 1958 2883 Opprimunt.
2018 2810 2119 2865 Hic
2153 2826 2275 2880 quae
2306 2826 2416 2865 non

849 2907 1021 2969 dedit,
1067 2905 1315 2974 accipere
1364 2903 1725 2973 aggreditur:
1777 2901 1872 2956 ille
1919 2909 2137 2965 contra,
2190 2910 2251 2955 ut
2297 2916 2419 2970 qua:

850 2997 1063 3067 accepit
1094 3009 1203 3049 non
1225 2994 1437 3057 reddat,
1475 2993 1684 3063 judicio
1721 2992 2020 3046 coatendit.
2051 2990 2152 3044 llic
2185 2991 2417 3059 augendi

849 3088 1080 3143 faenoris
1131 3085 1444 3156 inexplebili
1483 3084 1785 3155 cupiditate
1834 3082 2064 3155 ﬂagrat;
2126 3083 2216 3136 ille
2250 3083 2413 3136 ctiam

852 3178 967 3249 ipsa
1001 3191 1215 3234 summa
1260 3174 1519 3230 fraudare
1566 3175 1894 3229 creditorem
1946 3173 2160 3227 nititur.
2217 3171 2316 3226 llic
2344 3172 2415 3227 ob

2520 1982 2661 2053 άπερ
2716 1987 3027 2055 καταιγίδες
3077 1991 3200 2044 κατ’
3254 1989 3498 2061 ἀλλήλων
3537 1994 3684 2064 ἡμᾶς
3735 1995 4072 2063 συγκρούουο

2521 2090 2633 2127 σινο
2667 2076 2714 2129 εἰ
2744 2075 2819 2146 μὴ
2852 2077 3100 2150 καθάπερ
3132 2080 3191 2134 ἐν
3229 2081 3377 2153 ζόφῳ
3405 2082 3677 2154 θαλαττίῳ
3701 2079 3804 2139 ὦδε
3845 2090 4074 2140 κάκεῖσε

2518 2167 2947 2239 περιφερόμεθα.
2974 2165 3143 2232 Οὗτος
3163 2174 3376 2227 ἐκείνου
3394 2174 3488 2228 τὸν
3502 2175 3672 2246 ἀγρὸν
3689 2178 4072 2248 ἀφηρπάσατο·

2518 2257 2704 2329 ἕτερος
2751 2260 2934 2331 ἐτέρου
2959 2262 3058 2333 τὴν
3084 2264 3186 2334 γῆν
3219 2265 3583 2334 ἐπαφείλατοο
3632 2266 3791 2331 ἄλλος
3835 2269 3940 2337 τῆς
3980 2270 4075 2324 τοῦ

2519 2348 2749 2420 πλησίου
2780 2353 3035 2419 γυναικὸς
3065 2353 3434 2427 ἐπεθύμησεν,
3458 2357 3629 2421 ’ἀλλος
3649 2358 3745 2413 τοῦ
3766 2361 3921 2413 δεῖνα
3949 2363 4073 2424 τοὺς

2518 2441 2731 2505 οἰκέτας
2757 2444 3102 2515 ἀφήρπασεν.
3146 2444 3207 2501 '0
3244 2448 3342 2517 μὲν
3395 2448 3530 2519 περὶ
3574 2449 3765 2514 ὓδατος
3813 2451 3953 2520 πρὸς
3983 2452 4078 2504 τὸν

2518 2532 2730 2601 γείτονα
2756 2535 3003 2605 κρίνεται
3032 2552 3045 2565 ’
3078 2538 3107 2589 6
3158 2537 3215 2590 δὲ
3261 2538 3390 2610 περί
3418 2540 3601 2612 ἀέρων
3632 2541 3711 2611 τῷ
3747 2546 4075 2613 συνκτήτορι

2521 2628 2775 2699 μάχεται.
2812 2629 2874 2681 Ol
2911 2628 3011 2699 μὲν
3034 2628 3161 2700 περὶ
3186 2629 3365 2701 μέτρα
3386 2632 3488 2703 τῆς
3525 2633 3627 2703 γῆς
3654 2632 4076 2703 διαπληκτίζονι-

2516 2738 2646 2775 ται·
2679 2724 2727 2776 oi
2760 2723 2815 2777 δὲ
2843 2722 2933 2776 διὰ
2954 2723 3260 2793 οἰκοδομίας
3305 2724 3496 2777 οἰκιῶν
3561 2727 3825 2798 ἀλλήλους
3870 2728 4082 2781 διαθλί-

2517 2813 2736 2867 ϐουσινο
2764 2809 2915 2878 οὗτος
2944 2815 3087 2885 ἅπερ
3129 2815 3229 2868 οὐκ
3259 2815 3456 2870 ἔδωκεν
3502 2815 3687 2870 λαϐεῖν
3735 2820 4038 2888 ἐπιφύεται
4061 2836 4077 2852 ·

2518 2906 2722 2967 ἐκεῖνος
2775 2906 2915 2976 ᾇπερ
2963 2906 3172 2965 ἐλαϐεν.
3209 2908 3285 2976 μὴ
3328 2907 3514 2961 δοῦναι
3552 2909 3980 2974 ἀντιδικάζεται.
4020 2912 4084 2965 '0

2520 2995 2618 3064 μὲν
2643 2995 2770 3065 περὶ
2808 2997 3001 3060 τόκους
3039 2996 3439 3068 ἀπληστεύεται
3463 3015 3479 3029 ·
3507 3001 3536 3053 6
3575 3000 3633 3053 δὲ
3679 3002 3739 3053 τὸ
3778 3003 4084 3069 κεφάλαιον

2517 3088 2835 3158 ἀποστερεῖν
2867 3088 3279 3157 διισχυρίζεται.
3320 3082 3490 3152 Οὗτος
3533 3091 3754 3161 ἀπορῶν
3799 3092 4080 3155 ὸόυνᾶται,

2515 3179 2723 3243 ἐκεῖνος
2754 3179 3000 3250 εὐπορῶν
3031 3180 3363 3250 Θορυϐεἰται.
3423 3183 3481 3235 Ὀ
3532 3181 3607 3252 μὴ
3643 3183 3784 3251 ἔχων
3821 3184 4081 3248 ὀνειδίζε-

850 3289 1032 3330 rerum
1058 3271 1341 3344 penuriam
1378 3268 1786 3331 discruciatur;
1829 3268 1921 3319 ille
1965 3269 2022 3319 in
2064 3264 2416 3334 amplissimis
2442 3243 2485 3300 (ἶ

2413 3299 2416 3314 .
2442 3243 2485 3300 c
2515 3281 2628 3329 ται,
2653 3266 2746 3318 καὶ
2763 3269 2792 3319 6
2807 3265 2944 3334 ἔχων
2964 3267 3369 3321 ἐπιϐουλεύεται
3389 3285 3402 3299 ·
3425 3272 3453 3323 6
3473 3272 3690 3340 κρατῶν
3713 3273 4075 3341 ἐνεδρεύεται,

850 3364 1046 3434 opibus
1082 3368 1277 3416 aestuat
1310 3359 1516 3413 animo.
1549 3356 1654 3423 Qui
1692 3372 1898 3425 egenus
1934 3364 2039 3421 est,
2076 3355 2280 3424 probro
2316 3355 2416 3407 lia-

850 3455 1042 3520 betur;
1075 3452 1169 3523 qui
1208 3451 1405 3522 opibus
1454 3450 1648 3515 aﬂluit,
1703 3448 1975 3518 appetitur
2022 3446 2261 3501 insidiis.
2312 3445 2417 3512 Qui

849 3547 1057 3618 potitur
1084 3544 1354 3615 imperio,
1400 3540 1903 3611 conspirationibus
1953 3539 2223 3593 obnoxius
2282 3547 2415 3593 est:

849 3637 944 3708 qui
967 3635 1318 3704 magistratus
1340 3632 1499 3701 gerit,
1536 3629 1851 3700 suspicione
1903 3634 1957 3682 et
2002 3628 2306 3682 invidentia
2341 3627 2417 3680 la-

849 3731 1010 3786 borat
1046 3746 1062 3782 :
1096 3727 1188 3797 qui
1245 3724 1489 3794 potentia
1535 3723 1726 3792 pollet,
1786 3719 2015 3773 habetur
2063 3718 2209 3772 odio.
2271 3718 2415 3773 Bella

848 3821 1110 3877 continua
1153 3825 1307 3880 sunt,
1366 3814 1542 3869 caedes
1577 3810 1833 3867 assiduae.
1886 3807 2230 3878 lnexplebilis
2260 3813 2411 3877 cupi—

848 3914 993 3969 ditas
1023 3906 1366 3982 tyrannidem
1412 3911 1652 3964 exercet,
1691 3899 2027 3954 dominatum
2073 3900 2323 3960 avaritia.
2357 3906 2414 3954 et

849 4000 1193 4058 mendacium
1238 4010 1405 4065 supra
1450 3993 1670 4047 modum
1707 3990 1992 4044 attollitur.
2041 3989 2224 4044 Mutua
2279 3991 2409 4046 ﬂdes

848 4094 1062 4163 aufugit
1090 4109 1105 4146 :
1134 4100 1336 4144 terram
1369 4086 1571 4140 veritas
1610 4084 1851 4139 deseruit
1881 4101 1894 4138 :
1930 4083 2168 4136 amicitia
2210 4084 2410 4139 mensis

848 4181 1366 4243 circumscribitur;
1426 4176 1676 4231 nonnulli
1739 4177 1908 4228 etiam
1959 4174 2064 4226 vim
2121 4182 2176 4227 et
2241 4176 2409 4229 robur

849 4292 1012 4333 suum
1074 4273 1396 4328 amiserunt.
1452 4267 1822 4322 Salutationes
1870 4264 2179 4334 suspicione
2236 4264 2407 4335 plenae

2517 3353 2547 3404 ὀ
2575 3354 2632 3405 ἐν
2655 3354 2850 3424 ἀρχαῖς
2877 3356 3241 3410 ὑποϐλέπεται
3266 3375 3279 3387 ·
3309 3360 3338 3411 6
3363 3360 3421 3411 ἐν
3447 3360 3718 3424 ἐξουσίαις
3751 3366 4020 3431 μισεῖται,
4050 3366 4081 3416 6

2520 3443 2578 3494 ἐν
2597 3442 2936 3506 δυναστείαις
2971 3446 3295 3510 σκευάζεται
3318 3463 3333 3479 ’
3381 3450 3431 3501 οἱ
3466 3449 3694 3518 πόλεμοι
3725 3457 3996 3522 συνεχεῖς,
4032 3457 4080 3508 οξ

2520 3535 2668 3601 φόνοι
2698 3535 3008 3606 ἐπάλληλοι.
3059 3537 3123 3590 Ἦ
3170 3538 3441 3608 ἀπληστία
3485 3545 3758 3609 τυραννεῖ,
3802 3545 3837 3614 ή
3893 3547 4072 3599 πλεςν·

2519 3624 2636 3689 εξία
2665 3625 3000 3689 δυναστεύει,
3026 3627 3088 3679 τὸ
3116 3627 3307 3695 ψεῦδος
3339 3630 3692 3702 ὑπεραίρεται
3716 3648 3730 3662 °
3765 3635 3801 3704 ή
3819 3636 3962 3704 πρὸς
4000 3640 4076 3688 ἀι..

2521 3716 2715 3787 λήλους
2760 3717 2941 3779 πίστις
2987 3718 3290 3787 ἀπέφυγεν,
3335 3722 3369 3788 ή
3402 3721 3628 3790 ἀλήθεια
3668 3722 3767 3792 τὴν
3800 3725 3914 3793 γῆν
3955 3745 4069 3778 κατ-

2520 3810 2740 3862 έλιπεν·
2772 3811 2805 3879 ή
2844 3810 2994 3879 φιλία
3024 3811 3185 3880 μέχρι
3211 3813 3490 3882 τραπέζης
3525 3814 3912 3883 περιώρισται,
3949 3821 3997 3869 οἱ
4028 3820 4078 3871 6':

2517 3904 2612 3955 καὶ
2658 3901 2759 3972 τὴν
2813 3902 2948 3955 ἰδίαν
3008 3904 3159 3972 ἰσχὺν
3216 3904 3547 3958 ἀπώλεσαν·
3598 3907 3654 3957 αἱ
3711 3911 4078 3978 προσηγορίαι

2515 3993 2750 4063 ὑποψίας
2790 3995 3195 4064 πεπλήρωνται.
3239 3994 3397 4049 Οῦτω
3420 3997 3484 4066 δή
3537 3998 3753 4051 πάντων
3797 4001 3858 4051 ἐν
3891 4005 4075 4062 κακοῖς

2515 4086 2894 4156 σεσοϐημένων
2939 4087 3115 4156 ήμῶν,
3150 4090 3179 4141 6
3212 4090 3496 4157 προφήτης
3532 4088 3622 4141 τὸν
3670 4088 3786 4158 βίον
3842 4093 4075 4145 sum.

2516 4194 2674 4249 μενος
2706 4176 2892 4247 ἐκϐοᾷ,
2918 4176 3090 4246 λέγων
3114 4193 3129 4208 ·
3169 4195 3189 4230 ι
3220 4178 3365 4248 Πλὴν
3401 4178 3576 4248 μάτην
3606 4178 3948 4249 ταράσσεται
3978 4187 4077 4245 πᾶς

2513 4270 2608 4322 ἀνθ
2617 4286 2796 4341 ρωπος
2828 4268 2957 4333 ζῶν.
3002 4288 3023 4320 ι
3676 4289 3685 4297 ~

850 4379 1001 4429 sunt.
1053 4367 1136 4423 Ad
1174 4367 1319 4420 hunc
1357 4364 1520 4435 igitur
1548 4361 1790 4424 modum,
1823 4373 1949 4413 cum
1976 4373 2077 4412 nos
2123 4373 2315 4414 omnes
2346 4361 2401 4415 in
2441 4363 2598 4419 malis
2661 4364 2953 4433 agitemur,
3002 4362 3263 4433 propheta
3313 4363 3606 4418 humanam
3651 4363 3820 4416 vitam
3890 4377 4073 4433 asper-

853 4478 1014 4527 nans,
1062 4461 1117 4514 in
1162 4459 1281 4513 haec
1308 4456 1469 4512 verba
1522 4454 1721 4509 clamat
1758 4470 1773 4507 :
1807 4469 1827 4503 ι
1862 4449 2247 4506 Verumtamen
2285 4454 2539 4511 universa
2572 4459 2783 4513 vanitas
2809 4458 2988 4513 omnis
3021 4458 3181 4511 homo
3209 4457 3421 4510 vivens.
3456 4476 3474 4508 ι

851 4557 988 4613 ΤΙΤ.
1020 4553 1128 4609 VII.
1159 4581 1229 4596 —-
1258 4551 1334 4606 De
1363 4551 1609 4614 violento,
1653 4558 1700 4603 et
1742 4563 1804 4602 eo
1837 4563 1872 4600 α
1899 4562 2000 4616 qua
2046 4546 2121 4600 vis
2152 4547 2402 4615 infertur.
2437 4555 2481 4609 ι)

926 4647 1094 4703 Eccli.
1128 4662 1204 4710 ιν,
1232 4645 1321 4700 '52.
1350 4672 1422 4683 —
1454 4661 1474 4695 ι
1510 4641 1589 4697 Ne
1632 4640 1852 4697 coneris
1881 4649 2073 4695 contra
2108 4637 2274 4693 ictum
2304 4639 2406 4694 ﬂu-

852 4759 946 4798 VII.
975 4761 994 4794 ι

926 4851 946 4885 ι
983 4828 1191 4885 Bovem'
1216 4830 1488 4881 volentem
1520 4822 1711 4877 incita.
1749 4838 1770 4873 ι

922 4920 952 4978 1
983 4921 1132 4977 Patr.
1160 4934 1212 4983 ν,
1235 4916 1293 4970 2.
1316 4944 1386 4957 --
1414 4932 1435 4965 ι
1468 4910 1586 4969 Non
1624 4919 1835 4977 coacte,
1863 4908 1955 4966 sed
1985 4922 2300 4979 spontanee.
2340 4932 2360 4964 ι

922 5013 1092 5069 Basit.
1154 5009 1213 5063 in
1270 5005 1527 5062 Hexaem.
1571 5031 1640 5044 -—
1687 5000 1845 5068 Quod
1893 5011 2138 5057 coactum
2189 5012 2294 5069 est,
2348 5012 2405 5058 et

851 5110 1050 5177 praeter
1073 5108 1349 5162 naturam,
1370 5102 1657 5165 postquam
1682 5092 1752 5147 ad
1782 5092 1946 5148 breve
1968 5094 2236 5161 quoddam
2268 5103 2405 5147 tem-

2684 4551 2863 4609 TITA.
2901 4556 2974 4608 Z’.
2993 4581 3059 4592 —
3086 4551 3224 4620 Περί
3254 4551 3459 4615 βιαίου
3488 4552 3585 4605 καί
3610 4550 3900 4614 βιαστοῦ.

2586 4667 2606 4700 ι
2644 4649 2735 4716 Μὴ
2767 4646 2952 4718 βιάζου
2978 4646 3105 4717 ροῦν
3137 4644 3404 4716 ποταμοῦ.
3438 4663 3456 4695 ι

2583 4843 2603 4876 ι
2639 4823 2741 4877 Τὸν
2767 4824 2986 4878 θέλοντα
3015 4822 3139 4892 βοῦν
3166 4823 3371 4876 ἔλαυνε.
3413 4840 3435 4875 ι

2583 4935 2605 4967 ι
2633 4917 2726 4987 Μὴ
2753 4916 3124 4985 ἀναγκαστῶς,
3145 4915 3255 4968 ἀλλ’
3282 4914 3557 4975 ἑκουσίως.
3594 4930 3612 4962 ι

2578 5010 2651 5063 Τὸ
2683 5009 3111 5080 ἠναγκασμένον.
3174 5007 3266 5060 καὶ
3327 5007 3474 5076 παρά
3505 5005 3682 5073 φύσιν,
3750 5005 3840 5057 ἐπ’
3891 5006 4074 5072 ὀλίγον

2506 5103 2744 5171 ἀνίσχον,
2774 5103 2868 5154 καὶ
2922 5102 3075 5154 τοῦτο
3106 5101 3311 5170 βιαίως,
3348 5100 3442 5152 καὶ
3489 5098 3636 5166 μόλις
3675 5101 3813 5168 ταχὺ
3853 5099 4068 5167 διελύθη

852 5208 955 5265 pus
978 5202 1156 5246 ortum
1203 5197 1309 5253 est,
1353 5188 1516 5256 idque
1560 5200 1701 5255 aegre
1734 5199 1799 5240 ac
1845 5199 1941 5253 per
1972 5185 2102 5249 vim,
2139 5188 2321 5241 statim
2346 5186 2400 5239 in
2506 5213 2514 5246 ι

1508 5204 1516 5240 ι
1560 5200 1701 5255 aegre
1734 5199 1799 5240 ac
1845 5199 1941 5253 per
1972 5185 2102 5249 vim,
2139 5188 2321 5241 statim
2346 5186 2400 5239 in
2506 5196 2586 5259 εἰς
2619 5194 2686 5248 τὰ
2714 5194 2773 5255 ὲξ
2799 5188 2873 5248 ὧν
2894 5194 3170 5264 συνετέθη.

849 5300 914 5340 ea
937 5299 1003 5339 ex
1032 5282 1230 5349 quibus
1264 5277 1559 5333 conﬂatum
1589 5275 1713 5339 l'uit,
1744 5275 2087 5330 dissolvitur.

922 5372 983 5430 S.
1015 5370 1169 5442 Greg.
1224 5370 1368 5424 Nos.
1419 5368 1573 5437 Apol.
1624 5383 1802 5436 magn.
1826 5395 1895 5406 —
1924 5365 2079 5431 Quod
2127 5366 2295 5420 invite
2323 5369 2401 5433 lit,

2570 5369 2645 5422 Τὸ
2673 5369 2924 5424 ἀκούσιον
2957 5367 3092 5440 πρὸς
3123 5367 3186 5421 τὸ
3237 5366 3554 5438 τυραννικὸν
3599 5358 3736 5418 εἶναι
3764 5405 3780 5423 ,
3834 5366 3934 5417 καὶ
3970 5366 4067 5417 οὐκ

850 5476 1217 5538 praeterquam
1246 5464 1393 5534 quod
1424 5462 1765 5533 tyrannicum
1799 5467 1902 5525 est,
1931 5461 2092 5514 etiam
2125 5459 2280 5514 laude
2306 5474 2404 5513 sua
2501 5463 2512 5515 ί

2501 5462 2800 5525 ἐπαινετὸν,
2822 5462 2939 5514 οὐδὲ
2961 5462 3204 5530 μόνιμον.
3234 5461 3382 5512 Φιλεῖ
3406 5459 3515 5527 γάρ
3531 5458 3592 5509 τὸ
3617 5455 3862 5525 βιασθὲν.
3882 5457 4068 5522 ὥσπερ

850 5569 1021 5626 caret,
1055 5576 1157 5617 nec
1197 5559 1433 5623 ﬁrmum,
1487 5570 1591 5612 nec
1616 5555 1812 5611 stabile
1839 5562 1943 5609 est.
1995 5552 2146 5608 Solet
2174 5556 2319 5609 enim
2353 5554 2405 5607 id

2511 5554 2675 5625 φυτὸν
2704 5553 2796 5625 βίᾳ
2842 5554 2996 5624 χερσὶ
3051 5550 3506 5623 μετασπώμενον,
3562 5548 3639 5609 εἱς
3670 5546 3867 5599 ἑαυτὸν
3912 5546 4069 5600 πάλιν

924 5769 950 5799 ⁸
988 5760 1064 5815 Ex
1086 5761 1367 5829 supposita
1387 5756 1780 5829 Clirysostomo
1803 5755 2169 5829 enarratione
2201 5772 2250 5809 v.
2279 5754 2311 5810 ϐ
2345 5753 2539 5825 psalmi
2575 5768 2801 5817 xxxvln,
2830 5764 2994 5805 uuam
3030 5748 3253 5804 alterius
3286 5747 3527 5802 auctoris
3554 5761 3700 5811 esse,
3728 5755 3785 5801 et
3836 5744 3957 5801 Nilo
3988 5762 4069 5800 se-

850 5832 1061 5908 quioris
1108 5827 1307 5887 Noster
1333 5827 1518 5886 forsan
1543 5827 1760 5884 videtur
1800 5827 2066 5881 indicare.
