4210 6448
180 438 306 500 1285

1371 427 1607 485 SACRA
1656 425 2109 485 PARAILELA.

3233 425 3375 490 1286

170 548 366 618 ἀφεθὲν
395 546 726 618 ἀνατρέχειν.
759 544 832 597 Τὸ
867 544 924 597 δὲ
953 544 1014 596 ὲκ
1042 555 1411 611 προαιρεσεως
1435 578 1450 601 ,
1486 538 1721 609 ὲννομώ-
1748 546 1793 599 Α
1821 558 1832 593 ι

1715 546 1793 599 -Α
1821 541 1964 609 quod
2006 548 2252 592 coactum
2298 549 2402 606 est,
2448 554 2554 593 non
2593 553 2751 594 secus
2798 552 2862 592 ac
2908 537 3095 608 planta
3124 539 3377 592 manibus

169 655 323 695 τατον
350 636 465 708 άμα
502 638 593 690 καὶ
623 634 1042 703 ἀσφαλέστατον,
1072 629 1281 692 εὐνοίας
1300 629 1481 699 δεσμῷ
1520 628 1721 700 τηρού-

169 746 345 801 μενον.
381 758 446 770 -
473 727 832 796 Βονλομὲνων,
862 724 922 777 οὐ
957 721 1397 792 τυραννουμένων
1421 720 1482 773 τὸ
1504 720 1603 790 τῆς
1629 720 1719 772 εὑ-

168 821 377 883 σεόείας
407 820 717 891 μυστήριον.

230 1104 304 1157 Τό
330 1121 389 1158 τε
422 1100 775 1172 βεϐιασμένον
794 1137 809 1164 ,
850 1098 944 1152 καί¹
971 1096 1132 1165 ἀηδὲς
1159 1095 1293 1166 ταχύ
1317 1112 1331 1128 °
1367 1094 1429 1149 τὺ
1465 1093 1521 1147 δὲ
1561 1092 1718 1148 ἀϐία-

167 1213 308 1259 ιιτον⁹
343 1196 445 1250 οὐκ
472 1195 585 1266 ἔχει
617 1195 799 1263 κόρον,
852 1190 965 1244 ἀλλ’
994 1190 1081 1244 ἀεὶ
1118 1188 1301 1259 χάριτί
1336 1204 1397 1241 τε
1430 1188 1523 1240 καὶ
1569 1186 1721 1257 πόθῳ

168 1286 479 1431 Magiam:
509 1372 723 1426 πάντων
750 1370 1089 1442 Χριστιανοϊς
1118 1369 1217 1422 οὐκ
1246 1366 1452 1435 ἐφίεται
1493 1365 1554 1419 τὸ
1585 1365 1720 1437 πρὸς

170 1470 286 1540 βίαν
317 1465 647 1537 ἐπανορθοῦν
687 1464 757 1518 τὰ
806 1462 915 1516 τῶν
940 1459 1352 1532 ἁμαρτημάτων
1379 1458 1715 1528 πταίσματα.

168 1563 240 1615 υὺ
268 1563 375 1631 γάρ
424 1560 551 1622 τοὺς
578 1559 787 1626 ἀνάγκη
816 1555 913 1625 τῆς
944 1554 1140 1615 κακίας
1170 1552 1555 1622 ἀπεχομένους,
1584 1549 1719 1605 ἀλλὰ

168 1656 290 1715 τοὺς
313 1650 646 1723 προαιρέσει,
670 1649 924 1716 στεφανοί
951 1648 980 1700 ὁ
1012 1645 1162 1708 Θεός.

235 1747 333 1800 Βία
362 1747 481 1817 Θεῷ
502 1744 561 1798 οὐ
592 1742 900 1814 πρόσεστιν.

162 1854 344 1915 ἸἹΤΛ.
371 1860 454 1915 Η’.
485 1888 553 1900 -
578 1854 718 1925 Περὶ
739 1852 1111 1955 ,ϐλαιὲρζῆμου
1140 1850 1239 1906 καί
1263 1847 1711 1921 μεγααορῤύαο-
1742 1898 1786 1955 Β

235 2042 256 2075 ι
281 2016 417 2077 Eine
448 2021 647 2092 Κύριος
694 2018 831 2089 πρὸς
867 2015 1074 2087 Μωσῆν
1094 2031 1110 2048 ⁸
1144 2013 1387 2084 Λάλησον
1428 2013 1540 2075 τοῖς
1582 2010 1718 2073 υἱοῖς

173 2116 410 2187 Ἰσραὴλ,
460 2115 663 2181 λέγων·
724 2112 1040 2181 Ἀνθρωπος
1093 2108 1151 2171 ὃς
1195 2109 1289 2162 ἐὰν
1341 2103 1717 2174 καταράσηται

162 2208 313 2269 Θεὸν,
337 2203 605 2274 ἁμαρτίαν
642 2202 869 2273 λήψεται
893 2215 909 2230 ο
951 2200 981 2252 ὁ
1026 2196 1307 2267 ὀνομάζων
1332 2198 1388 2251 δὲ
1407 2196 1575 2267 ὄνομα
1608 2197 1718 2250 Κυ-

164 2301 299 2372 ρίου,
331 2299 497 2362 λίθοις
528 2295 867 2353 λιθοῦολείτω
897 2294 1061 2348 αὐτὸν
1082 2294 1231 2348 πάσα
1265 2290 1553 2362 συναγωγὴ
1584 2289 1717 2343 υἱῶν

172 2391 404 2461 Ἰσραήλ.
454 2409 472 2441 ι

234 2500 254 2533 ι
287 2480 380 2551 Μὴ
408 2479 666 2547 ἐξελθέτω
689 2473 1207 2550 μεγαλορῤημοσύνη
1235 2476 1299 2528 ὲκ
1326 2472 1422 2528 τοῦ
1453 2472 1719 2545 στόματος

161 2572 331 2643 ὑμῶν.
376 2592 394 2624 ι

233 2681 252 2715 ι
297 2663 362 2714 Τί
391 2663 684 2731 ἐτόλμησεν
712 2662 746 2732 ἡ
792 2658 985 2731 καρδία
1027 2676 1142 2727 σου,
1173 2659 1253 2714 ὅτι
1288 2658 1458 2729 θυμὸν
1483 2655 1717 2730 ἐρρηξας

157 2756 336 2810 εναντι
368 2755 571 2825 Κυρίου
589 2771 606 2819 ;
647 2773 666 2805 ι

232 2957 252 2990 ι
300 2936 699 3009 Ἐξολοθρεύσει
727 2933 931 3003 Κύριος
967 2932 1143 2985 πάντα
1178 2930 1249 2984 τά
1273 2929 1420 3000 χείλη
1451 2929 1518 2981 τά
1546 2927 1714 2991 δόλια,

149 3031 405 3099 γλῶσσαν
435 3028 885 3099 μεγαλορῤήμονα
904 3040 918 3052 ·
950 3025 1074 3088 τοὺς
1110 3024 1380 3085 εἰπόντας,
1404 3022 1516 3091 Τὴν
1544 3019 1719 3089 γλῶσ-

157 3141 257 3180 σαν
285 3122 440 3193 ἡμῶν
466 3120 875 3190 μεγαλυνοῦμεν
895 3158 909 3182 ,
952 3116 1023 3169 τὰ
1052 3114 1205 3187 χείλη
1236 3113 1393 3185 ἡμῶν
1421 3112 1552 3183 παρ’
1587 3113 1717 3184 ἡμῖν

152 3221 271 3271 ἐστι
296 3232 311 3245 ·
342 3216 425 3278 τίς
450 3213 605 3284 ἡμῶν
634 3211 819 3283 κύριός
853 3212 1030 3273 ὲστιν;
1066 3226 1085 3259 ι

231 3325 251 3358 ι
297 3304 749 3374 Ἀφανισθήσεται
776 3302 1079 3369 Σαμάρεια,
1106 3298 1188 3351 ὅτι
1213 3297 1432 3351 ἀντεῖπε
1465 3294 1599 3366 πρὸς
1622 3292 1712 3346 τὸν

154 3400 283 3453 Θεὸν
328 3397 494 3467 αὐτῆς
520 3412 536 3429 ο
588 3396 645 3447 ὲν
695 3392 937 3464 ῥομφαίᾳ
983 3388 1274 3443 πεσοῦνται
1319 3388 1492 3468 abici,
1522 3385 1713 3440 καὶτὰ

152 3491 433 3545 ὑποτίτθια
465 3488 637 3543 αὐτῶν
672 3484 1140 3552 ἐδαφισθήσονται.
1177 3498 1196 3530 ι

230 3604 248 3636 ι
283 3582 565 3639 Μεθύσατε
600 3578 782 3642 αὑτὸν,
808 3576 1007 3629 ὃτιὲπὶ
1039 3575 1242 3643 Κύριον
1272 3569 1637 3641 ὲμεγαλύνθη.
1685 3589 1703 3621 ι

226 3778 244 3809 ι
280 3756 419 3810 Τάδε
465 3755 610 3822 λέγει
636 3753 875 3825 Κύριος·
918 3749 1136 3821 Ἐπειδὴ
1163 3749 1400 3811 δέδωκας
1440 3748 1540 3818 τὴν
1574 3764 1711 3819 καρ-

142 3848 267 3901 δίαν
299 3864 391 3899 σου
414 3845 490 3908 ὡς
523 3843 749 3914 καρδίαν
769 3840 926 3905 Θεοῦ,
959 3840 1068 3894 ίδοὺ
1110 3840 1300 3907 ἐπάγω
1325 3838 1418 3890 ἐπὶ
1456 3838 1515 3890 σὲ
1554 3838 1709 3889 ἁλλο-

141 3940 349 4012 τρίους,
385 3936 606 4008 λοιμοὺς
639 3934 830 3999 ἐθνῶν,
864 3932 958 3986 καὶ
992 3929 1356 3984 ὲκκενώσουσι
1382 3928 1476 3991 τάς
1515 3928 1711 3998 μαχαί-

146 4048 249 4102 ρας
274 4027 453 4083 αὑτῶν
481 4028 574 4080 ἐπὶ
608 4026 688 4088 σὲ,
712 4026 805 4079 καὶ
834 4024 927 4077 ἐπὶ
955 4023 1016 4075 τὸ
1052 4020 1245 4083 κάλλος
1277 4020 1377 4088 τῆς
1402 4020 1709 4089 ἐπιστήμης

145 4138 267 4185 σου,
297 4122 391 4174 καὶ
418 4118 721 4191 στρώσουσι
751 4116 813 4170 τὸ
842 4115 1037 4177 κάλλος
1059 4130 1152 4166 σου
1174 4115 1255 4174 είς
1274 4110 1570 4165 ἀπώλειαν.
1613 4129 1632 4162 ι

223 4318 243 4352 ι
274 4297 656 4365 Φιλάνθρωπον
682 4293 897 4363 πνεῦμα
916 4292 1127 4360 σοφίας,
1158 4292 1254 4344 καὶ
1277 4291 1337 4343 οὐ
1371 4290 1709 4362 κατορθώσει

144 4392 465 4463 βλάσφημον
496 4390 603 4442 άπὸ
627 4388 849 4458 χειλέων
886 4385 1071 4440 αὑτοῦ.
1114 4403 1132 4435 ι

221 4502 242 4536 ι
290 4483 349 4537 '0
383 4482 589 4554 βάλλων
622 4481 766 4535 λίθον
794 4482 874 4543 είς
902 4480 1053 4550 ὕψος,
1088 4480 1181 4532 ἐπὶ
1206 4478 1305 4550 τὴν
1350 4478 1586 4550 κεφαλὴν
1608 4479 1708 4531 αὐ-

138 4576 240 4629 τοῦ
279 4576 481 4645 βάλλει.
518 4594 536 4626 ι

223 4686 242 4718 ι
278 4667 434 4718 Πᾶσα
469 4664 708 4735 ἁμαρτία
763 4663 1093 4733 ἀφεθήσεται
1124 4665 1238 4727 τοῖς
1258 4662 1591 4733 ἀνθρώποις·
1626 4662 1704 4733 τῷ

141 4758 203 4811 δὲ
231 4758 311 4818 είς
339 4756 401 4809 τὸ
429 4755 582 4825 ἅγιον
614 4754 837 4825 Πνεῦμα
867 4752 1314 4824 βλασφημήσαντι
1345 4753 1444 4805 οὐκ
1497 4754 1702 4825 ἀφεθή-

144 4864 325 4913 σεται,
354 4847 475 4900 οὐδὲ
507 4848 563 4899 ὲν
586 4845 662 4916 τῷ
682 4845 775 4898 νῦν
802 4844 981 4911 αίῶνι,
1004 4844 1125 4899 οὐδὲ
1156 4846 1213 4897 ἑν
1235 4843 1310 4915 τῷ
1342 4844 1605 4915 μέλλοντι.
1649 4864 1668 4896 ι

230 5024 291 5073 '0
325 5022 423 5091 μὲν
455 5021 799 5092 ἁμαρτάνων,
834 5020 1159 5091 παραϐαίνει
1184 5021 1347 5093 νόμον
1362 5023 1427 5076 ’.ὃ
1448 5022 1503 5075 δὲ
1540 5022 1704 5093 βλασ-

142 5138 221 5188 φη
232 5119 367 5187 μῶν,
396 5118 471 5179 είς
492 5116 659 5185 αὐτὴν
686 5115 871 5166 άσεόεῑ
892 5115 991 5185 τὴν
1019 5114 1276 5184 Θεότητα.

213 5297 355 5358 Τοὺς
383 5296 440 5348 ὲν
459 5298 524 5365 τῇ
550 5294 698 5347 πόλει
731 5294 1205 5365 βλασφημοῦντας,
1234 5298 1532 5367 σωφρόνιζε
1557 5311 1572 5327 ⁸
1606 5298 1711 5352 κᾶν

132 5384 383 5454 ἀκούσῃς
428 5385 571 5446 τινὸς
618 5385 675 5436 ὲν
704 5384 951 5454 άμφόδῳ,
981 5385 1013 5453 ἢ
1050 5386 1108 5439 ὲν
1138 5387 1334 5456 ἀγορᾷ,
1361 5386 1709 5456 ἐπιτίμησον,

131 5477 244 5531 κᾶν
276 5478 486 5546 πληγάς
536 5476 799 5531 ἐπιθεῖναι
833 5477 947 5548 δέῃ,
982 5480 1055 5549 μὴ
1084 5480 1416 5552 παραιτήσῃ.
1458 5480 1710 5532 Ῥάπισον

129 5567 306 5623 αὐτοῦ
332 5570 430 5638 τὴν
463 5568 604 5637 ὄψιν,
637 5569 922 5639 σύντριψον
959 5569 1125 5623 αὐτοῦ
1152 5570 1212 5623 τὸ
1250 5572 1443 5641 στόμα,
1478 5570 1699 5639 ἀγίασόν

133 5676 242 5711 σου
268 5658 368 5727 τὴν
398 5662 557 5729 χεῖρα
583 5658 673 5712 διὰ
698 5660 797 5729 τῆς
823 5663 1059 5734 πληγῆς.
1084 5662 1203 5714 Κᾶν
1225 5662 1499 5730 ἐγκαλῶσι
1530 5680 1694 5726 τινες,

129 5750 241 5804 κᾶν
274 5750 352 5812 είς
375 5750 717 5823 δικαστήριον
742 5756 992 5818 ἕλκωσιν,
1022 5754 1405 5824 ἀκολούθησον.

1823 648 1919 700 per
1967 631 2070 683 vim
2130 631 2351 694 inﬂexa,
2400 631 2562 684 simul
2612 642 2777 700 atque
2814 630 3101 683 dimissum
3150 636 3254 693 est,
3311 631 3380 683 ad

1821 724 2058 791 seipsqu
2112 721 2309 776 redire.
2371 722 2594 785 Contra,
2648 722 2790 790 quod
2843 723 3009 775 animi
3064 723 3381 777 inductione

1823 815 1902 880 ﬁt,
1963 813 2327 881 jnstissimum
2384 830 2446 869 ac
2488 814 2860 868 ﬁrmissimum
2897 824 3003 874 est.
3036 823 3219 884 utpote
3250 830 3379 885 prob

1822 906 2103 975 pensionis
2134 906 2349 959 vinculo
2379 915 2781 960 conservatum.
2815 938 2884 947 —
2907 904 3239 971 Veientium,
3268 923 3378 962 non

1821 997 2140 1061 invitorum,
2177 998 2397 1066 pietatis
2429 1007 2832 1052 sacramentum
2873 1007 2975 1053 est.

1891 1089 2060 1143 Clem.
2113 1090 2266 1143 Alex.
2303 1089 2547 1154 —Quod
2604 1091 2775 1143 invite
2829 1090 2907 1152 ﬁl,
2946 1090 3129 1145 statim
3182 1090 3378 1159 displi-
3428 1088 3436 1096 ³

1820 1188 1958 1235 cet.:
1992 1181 2137 1250 quod
2168 1188 2346 1233 autem
2384 1189 2594 1249 sponte,
2629 1181 2933 1234 satietatem
2974 1196 3081 1234 non
3109 1181 3376 1248 admittit,

1818 1272 1914 1327 sed
1953 1286 2167 1341 semper
2190 1282 2243 1327 et
2275 1272 2450 1341 gratia
2486 1280 2538 1325 et
2568 1272 2839 1326 desiderio
2868 1272 3109 1326 virescit.

1892 1361 2166 1431 Ejusdem.
2194 1391 2263 1406 -
2292 1362 2620 1416 Christianis
2668 1364 2971 1433 praesertim
3008 1379 3119 1432 pra:
3164 1365 3380 1419 cmteris

1820 1453 2043 1509 minime
2066 1469 2393 1510 concessum
2424 1462 2508 1508 est
2533 1455 2881 1523 peccantium
2924 1455 3113 1524 lapsus
3142 1469 3239 1523 per
3270 1457 3377 1509 vim

1819 1545 2117 1615 corrigere.
2147 1545 2259 1600 Nec
2293 1546 2437 1600 enim
2474 1542 2621 1599 Deus
2652 1560 2746 1599 eos
2781 1557 3029 1609 coronat,
3054 1547 3149 1614 qui
3182 1561 3381 1601 neces-

1820 1636 2003 1699 sitate,
2039 1639 2132 1692 sed
2164 1640 2257 1709 qni
2287 1639 2571 1693 voluntate
2605 1652 2635 1691 a
2672 1638 2803 1691 vitio
2832 1638 3112 1693 abstinent

1888 1730 2122 1787 Eusebii.
2146 1765 2213 1774 —
2237 1730 2511 1788 Violentia
2544 1732 2654 1786 Deo
2695 1749 2800 1786 non
2831 1734 3007 1788 decet.

1887 1840 2025 1896 ἸΊΤ.
2052 1840 2207 1894 ’ἯΙΙ.
2241 1874 2309 1884 --
2333 1842 2408 1896 De
2460 1842 2784 1911 blasphemo,
2821 1853 2870 1899 et
2913 1845 3307 1917 superbiloquo.

1886 1993 2051 2049 Leuit.
2078 2010 2225 2058 xxiv,
2260 1994 2348 2050 15.
2382 2025 2438 2035 -
2478 2014 2496 2046 ι
2532 1996 2678 2049 Dixit
2725 1994 2990 2051 Dom.nns
3026 1996 3090 2049 ad
3116 1995 3376 2067 Moysen:

1815 2088 2064 2159 Loquere
2096 2088 2223 2143 ﬁliis
2249 2086 2415 2142 Israel
2446 2086 2637 2142 dicens
2665 2104 2680 2141 :
2715 2089 2889 2142 Homo
2918 2090 3010 2158 qui
3035 2090 3379 2144 maledixerit

1816 2179 1951 2244 Deo,
1982 2182 2222 2250 portabit
2271 2188 2557 2251 peccatum
2599 2197 2796 2234 suum:
2850 2182 2942 2251 qui
2984 2190 3166 2236 autem
3200 2184 3381 2237 nomi-

1816 2274 2029 2329 naverit
2075 2288 2273 2327 nomen
2326 2271 2564 2336 Domini,
2621 2270 2894 2340 lapidibus
2944 2273 3218 2343 opprimat
3251 2288 3380 2329 eum

1816 2366 1996 2422 omnis
2026 2364 2322 2419 multitudo
2347 2364 2583 2417 ﬁliorum
2614 2362 2798 2418 lsrael.
2832 2384 2851 2414 ι

1888 2455 1919 2510 I
1947 2455 2071 2526 Reg.
2110 2472 2172 2520 ιι,
2216 2457 2270 2511 5.
2296 2487 2360 2495 —
2392 2473 2410 2504 ι
2442 2454 2557 2508 Νυιι
2595 2467 2750 2509 exeat
2789 2458 3023 2512 sublime
3072 2458 3276 2513 dictum
3310 2472 3378 2512 ex

1815 2565 1911 2607 οη
1934 2561 2135 2605 νοειτο.
2175 2569 2191 2601 Ι

1884 2641 1987 2696 Job
2037 2658 2127 2705 xv,
2189 2641 2426 2695 11—:
2483 2643 2620 2709 Quid
2679 2647 2823 2698 enim
2885 2660 3079 2699 ausum
3140 2650 3221 2698 est
3282 2659 3380 2697 cor

1818 2741 1993 2796 tuum,
2030 2732 2177 2802 quod
2224 2733 2277 2785 in
2328 2732 2662 2787 iracundiam
2715 2735 2941 2802 erupisti
2983 2734 3244 2789 adversus
3266 2732 3375 2789 Do-

1818 2825 2069 2879 minum?
2103 2846 2120 2877 ι

1884 2919 2046 2991 394
2094 2922 2241 2977 Psal.
2276 2938 2351 2984 ιιι,
2393 2920 2443 2980 5.
2495 2919 2547 2971 4.
2592 2950 2661 2959 --
2690 2936 2707 2968 ι
2768 2918 3051 2987 Disperdet
3112 2919 3374 2975 Dominus

1816 3011 2074 3065 universa
2113 3011 2252 3064 labia
2284 3011 2497 3075 dolosa,
2528 3010 2767 3079 linguam
2807 3011 3230 3079 magniloqnam.
3268 3010 3372 3076 Qui

1816 3102 2094 3167 dixerunt,
2125 3104 2366 3173 linguam
2420 3112 2662 3157 nostram
2714 3104 3206 3171 magnilicabimus,
3233 3104 3371 3156 labia

1817 3203 2002 3249 nostra
2048 3210 2078 3248 a
2112 3196 2271 3249 nobis
2302 3203 2449 3249 sunt.
2493 3193 2628 3258 Quis
2676 3202 2861 3246 noster
2896 3192 3158 3248 Dominus
3199 3194 3318 3247 est?
3348 3211 3370 3243 ν

1888 3287 2019 3341 ()see
2046 3304 2155 3350 xiv,
2197 3289 2247 3341 1.
2281 3321 2346 3328 -
2380 3307 2397 3339 ι
2438 3287 2793 3356 Dispenletut‘
2823 3287 3089 3349 Samaria,
3113 3289 3371 3356 quoniam

1815 3379 1991 3433 locuta
2044 3390 2129 3435 est
2168 3381 2430 3433 adversus
2486 3378 2650 3433 Deum
2687 3395 2868 3433 suum.
2909 3378 2964 3433 In
3012 3378 3192 3449 gladio
3244 3395 3368 3448 per-

1811 3471 1968 3525 ibunt
1989 3471 2114 3540 ipsi,
2131 3480 2185 3526 et
2208 3472 2475 3523 laetantes
2499 3487 2685 3524 eorum
2710 3471 2982 3524 elidentur
3004 3474 3067 3524 ad
3099 3479 3364 3539 petram.»

1878 3561 2073 3617 Jerem.
2114 3578 2300 3624 vam,
2331 3562 2421 3615 20.
2447 3592 2512 3601 -—
2545 3579 2563 3611 ι
2600 3560 2875 3616 lnebriate
2923 3576 3069 3626 eum,
3104 3564 3364 3632 quoniam

1810 3662 1999 3709 contra
2026 3653 2314 3707 Dominum
2349 3664 2564 3707 erectus
2595 3662 2702 3706 est.
2737 3672 2754 3703 ι

1886 3742 2078 3797 Ezech.
2118 3759 2310 3804 xxvm,
2356 3743 2411 3804 ἓ,
2456 3745 2508 3796 5.
2539 3775 2605 3783 -
2636 3763 2653 3794 ι
2707 3745 2833 3798 Haec
2881 3744 3017 3799 dicit
3056 3744 3317 3801 Dominus
3350 3765 3365 3800 ε

1810 3835 1916 3890 Pro
1949 3851 2014 3891 eo
2045 3836 2189 3905 quod
2218 3836 2416 3889 dedisti
2449 3852 2546 3888 cor
2583 3844 2735 3889 tuum
2762 3839 2917 3905 quasi
2950 3853 3046 3891 cor
3076 3837 3205 3899 Dei;
3241 3822 3371 3893 ecce

1809 3927 2021 3981 adduco
2062 3941 2230 3993 super
2278 3935 2330 3981 te
2374 3927 2604 3989 alienos,
2637 3928 2957 3994 pestilentes
2985 3928 3052 3982 de
3088 3930 3364 3997 gentibus,

1809 4028 1863 4074 et
1899 4019 2268 4089 evaginabunt
2313 4020 2523 4085 gladios
2571 4036 2701 4074 suos
2753 4022 2807 4074 in
2860 4032 2930 4083 te,
2964 4031 3019 4075 et
3049 4038 3214 4091 super
3245 4024 3367 4091 pul-

1808 4111 2120 4165 cbritudine
2172 4112 2418 4165 scientiae
2451 4122 2576 4173 tuae,
2614 4121 2667 4166 et
2701 4112 3071 4167 humiliabunt
3119 4114 3367 4182 pulchri-

1810 4201 2052 4254 tudinem
2079 4210 2225 4253 tuam
2266 4201 2321 4253 in
2361 4200 2745 4268 perditionem.
2776 4219 2792 4251 ι

1880 4290 2009 4359 Sap.
2044 4306 2082 4351 I,
2111 4291 2164 4344 6.
2199 4321 2270 4331 —
2293 4310 2312 4341 ι
2367 4291 2644 4361 Benignus
2690 4302 2771 4345 est
2809 4292 3038 4361 spiritus
3067 4293 3365 4363 sapientiae,

1809 4392 1862 4440 et
1888 4400 1994 4439 nou
2030 4385 2276 4439 absolvet
2303 4385 2676 4454 blasphemum
2714 4400 2743 4439 a
2772 4386 2932 4440 labiis
2959 4387 3097 4441 suis.
3134 4406 3152 4436 ι

1881 4474 2047 4529 Eccli.
2071 4490 2243 4537 xxvu,
2275 4474 2365 4528 28.
2398 4505 2465 4513 —
2502 4493 2520 4524 ι
2551 4472 2653 4538 Qui
2704 4476 2757 4528 in
2812 4475 2980 4529 altum
3027 4476 3194 4531 mittit
3227 4476 3367 4546 lapi-

1736 4587 1779 4642 Ι)
1808 4567 1951 4626 dem.
1982 4567 2035 4620 in
2064 4576 2227 4635 caput
2265 4580 2423 4619 suum
2461 4566 2647 4619 mittit.
2689 4584 2707 4615 ι

1876 4658 2070 4712 Matth.
2106 4672 2204 4722 xu,
2235 4659 2322 4712 51.
2359 4686 2425 4697 —
2452 4677 2469 4707 ι
2517 4658 2690 4713 Omne
2739 4666 3019 4726 peccatum
3053 4660 3365 4715 remittetur

1804 4749 2153 4804 hominibus:
2206 4749 2255 4802 ei
2311 4756 2493 4802 autem
2542 4749 2635 4817 qui
2682 4748 2735 4801 in
2790 4748 3053 4817 Spiritum
3109 4760 3363 4804 sanctum

1805 4842 2291 4911 blasphemaverit,
2354 4856 2460 4894 non
2520 4841 2849 4905 remittetur,
2914 4857 3093 4911 neque
3149 4842 3203 4896 in
3259 4843 3364 4896 hoc

1804 4935 2027 4997 Baculo,
2058 4948 2239 5001 neque
2273 4933 2327 4986 in
2354 4932 2561 4985 futuro.
2602 4950 2619 4982 ι

1880 5022 2092 5077 Basilii.
2124 5053 2195 5063 —-
2218 5024 2323 5089 Qui
2355 5030 2566 5093 peccat,
2622 5023 2794 5093 legem
2825 5024 3045 5093 quidem
3076 5025 3278 5078 violat:
3307 5035 3363 5079 at

1809 5116 1901 5186 qui
1934 5115 2299 5184 blasphemat,
2343 5114 2607 5169 adversus
2658 5115 2833 5184 ipsum
2865 5114 3108 5169 divinum
3148 5115 3358 5172 Numen

1808 5209 2009 5277 impius
2042 5216 2145 5263 est.

1878 5298 2153 5367 Chrysost.
2274 5302 2380 5354 Eos
2427 5301 2519 5369 qui
2572 5300 2627 5354 in
2681 5300 2899 5355 civitate
2946 5301 3360 5370 blasphemaveo

1804 5389 1937 5455 rint,
1978 5392 2214 5461 castiga.
2247 5390 2400 5459 Quod
2434 5392 2478 5444 si
2513 5407 2673 5461 quem
2711 5394 2765 5445 in
2816 5392 2962 5446 bivio
3009 5403 3103 5447 aut
3144 5394 3198 5446 in
3240 5393 3358 5447 foro

1808 5481 2069 5545 audieris,
2117 5481 2369 5551 objurga.
2421 5480 2573 5546 Quod
2607 5483 2649 5535 si
2678 5483 2845 5535 etiam
2879 5483 3063 5552 plagas
3110 5482 3358 5537 incutere

1807 5572 2134 5642 oportuerit,
2170 5591 2236 5628 ne
2283 5575 2333 5627 id
2375 5573 2554 5629 facere
2585 5575 2824 5629 dubites.
2857 5573 3157 5645 Colapbum
3188 5574 3240 5629 in
3276 5575 3356 5629 fa-

1803 5667 1938 5721 ciem
1968 5666 2087 5734 ejus
2134 5667 2369 5737 impinge
2411 5684 2424 5719 :
2461 5682 2523 5721 os
2578 5666 2697 5735 ejus
2737 5680 2977 5721 contere.
3003 5665 3208 5720 .Manui
3250 5674 3358 5720 tua:

1803 5773 1897 5826 per
1952 5758 2217 5827 ejusmodi
2276 5758 2489 5829 plagam
2541 5760 2884 5815 sanctitatem
2932 5760 3185 5817 concilia.
3231 5760 3354 5819 Etsi

127 5845 359 5916 quidam
404 5847 785 5913 criminantur,
818 5852 921 5907 etsi
971 5861 1022 5908 te
1053 5852 1107 5906 in
1135 5850 1400 5921 judicium
1440 5852 1680 5919 trahunt,
1723 5866 1971 5922 sequere.
