4210 6448
181 354 317 415 1Ξ89

1338 344 1575 404 SACRA
1615 339 2075 400 I’ARALLELA.

3285 332 3423 399 1290

172 461 498 534 κατορθώσῃ
551 460 609 512 ἐν
641 455 958 530 δικαιοσύνῃ
1004 455 1095 507 τὶν
1139 454 1327 526 θρόνον
1379 452 1566 506 αὑτοῦ.
1620 470 1639 502 ι
1674 482 1742 491 --
1771 456 1816 511 Α

1771 456 1898 511 Aet
1934 449 2141 518 diriges
2208 447 2262 501 in
2307 446 2523 513 justitia
2570 444 2828 500 thronum
2876 444 3017 514 ejus.
3064 464 3081 496 ι
3139 464 3255 496 -ι
3288 445 3419 502 Glo-

178 575 197 607 ‹
234 556 369 621 Δόξα
398 551 657 624 βασιλέως
686 552 853 621 τιμᾷν
881 548 1229 620 πρόσταγμα.
1260 565 1278 596 ι

249 665 268 697 ‹
300 644 560 706 Βασιλεὺς
582 642 787 705 δίκαιος
814 641 1064 710 ἀνίστησι
1085 639 1287 709 χώραν.
1328 654 1346 687 ι

250 758 268 790 ι
309 738 590 809 Μάχαιρα,
627 736 848 804 γλῶσσα
891 732 1182 803 βασιλέως,
1217 730 1313 783 καὶ
1332 731 1393 783 ού
1425 727 1679 799 σαρκίνη.
1718 744 1736 776 ι

172 861 243 870 --
263 851 283 883 ι
307 829 491 901 Μηδὲν
517 827 713 899 ψεῦδος
745 827 852 880 ἀπὸ
879 826 1128 895 γλώσσης
1156 823 1416 893 βασιλέως
1446 820 1737 890 λεγέσθω.ι

253 1035 273 1068 ι
310 1015 578 1075 Βασιλέως
608 1013 667 1065 ὲν
695 1011 925 1082 ἀληθείᾳ
955 1009 1228 1076 κρίνοντος
1259 1005 1531 1074 πτωχοὺς,
1564 1006 1594 1056 ὁ
1626 1003 1746 1074 θρό-

177 1127 265 1173 νος
294 1106 457 1162 αὐτοῦ
492 1107 569 1168 εἰς
596 1104 893 1176 μαρτύριον
919 1099 1413 1167 κατασταθήσεται.
1444 1112 1463 1144 ι

252 1314 271 1346 ι
308 1293 490 1364 Θυμὺς
522 1289 784 1361 βασιλέως
812 1285 1041 1355 ἄγγελος
1070 1283 1304 1339 θανάτου
1325 1318 1341 1346 ,
1373 1279 1513 1351 ἀνὴρ
1554 1278 1612 1332 δὲ
1659 1296 1749 1331 σο-

176 1388 275 1456 φὸς
308 1384 542 1449 ὲξιλάσει
571 1383 752 1437 αύτόν.
793 1399 813 1432 ι

255 1499 273 1531 ι
312 1477 581 1539 Βασιλέως
609 1473 807 1545 ἀπειλὴ
833 1472 994 1545 ὁμοία
1021 1470 1251 1543 ὀρυγμῷ
1271 1470 1503 1534 λέοντος.
1535 1469 1623 1533 Ὠς
1643 1466 1752 1537 γὰρ

171 1573 369 1644 δρόσος
401 1571 494 1622 ἐπὶ
526 1568 738 1639 χόρτον,
778 1565 950 1629 οὕτως
983 1566 1045 1617 τὸ
1073 1564 1261 1634 ίλαρδν
1284 1562 1471 1617 αὐτοῦ.
1502 1580 1524 1611 ι

257 1775 275 1808 ι
313 1755 492 1825 Στόμα
520 1752 779 1823 βασιλέως
801 1748 1056 1820 φύλαξον.
1099 1768 1120 1803 ι

1848 541 1929 595 ria
1959 541 2104 613 regis
2138 540 2410 595 honorare
2440 547 2800 609 praeceptum.
2838 557 2857 591 ι

1921 633 2086 688 Prov.
2117 650 2271 698 uix,
2301 635 2443 688 4.-
2468 650 2486 683 ι
2526 632 2643 686 Rex
2672 631 2861 700 justus
2894 631 3056 702 erigit
3082 632 3418 702 regionem.»

1920 727 2081 781 Prov.
2152 741 2299 789 xxnv,
2357 725 2447 792 i7,
2493 755 2563 765 —
2609 743 2629 775 ί
2692 723 2923 778 Gladius
3009 724 3194 796 lingua
3249 724 3421 794 regis,

1849 829 1904 875 et
1951 835 2062 873 non
2117 832 2335 873 carnea.
2394 837 2412 869 ι
2445 849 2516 858 -
2568 835 2587 868 ι
2644 813 2794 869 Nihil
2850 815 2974 871 falsi
3005 815 3074 870 de
3124 830 3221 871 ore
3275 816 3422 885 regis

1851 920 2031 967 exeat.
2072 929 2090 962 ι

1926 1002 2086 1058 Prov.
2134 1017 2289 1063 xxix,
2333 1001 2421 1056 M.
2457 1030 2527 1043 —
2553 1019 2572 1051 ι
2604 997 2754 1071 Rege
2784 999 3068 1069 iudicante
3100 1014 3155 1053 in
3195 998 3426 1053 veritate

1854 1111 2145 1167 pauperes,
2177 1096 2415 1150 thronus
2443 1093 2563 1163 ejus
2604 1096 2660 1147 in
2708 1093 3089 1149 testimonium
3116 1092 3426 1148 constitue-

1855 1199 1968 1246 tur.
2010 1207 2029 1242 ι

1924 1282 2085 1337 Prov.
2142 1297 2257 1344 xvr,
2316 1282 2406 1335 Μ.
2455 1310 2525 1323 --
2568 1297 2588 1331 ι
2642 1277 2955 1349 Indignatio
3005 1279 3154 1351 regis
3196 1278 3426 1334 nuntius

1857 1376 2053 1430 mortis
2087 1393 2101 1429 :
2134 1382 2191 1429 at
2224 1373 2307 1426 vir
2340 1372 2561 1443 sapiens
2601 1372 2842 1441 placabit
2872 1387 3014 1428 eam.
3048 1392 3068 1425 ι

1930 1464 2089 1520 Prov.
2139 1482 2253 1532 xu,
2288 1464 2378 1519 12.
2401 1497 2466 1507 -
2493 1464 2867 1520 Comminatio
2896 1467 3043 1535 regis
3082 1465 3228 1520 sicut
3275 1465 3431 1536 rugi-

1860 1564 1952 1611 tus
2002 1556 2196 1611 leonis.
2246 1555 2384 1610 Nam
2435 1555 2579 1609 sicut
2628 1569 2723 1609 ros
2775 1569 2945 1626 super
2984 1555 3237 1624 herbam,
3268 1557 3346 1610 ita
3375 1565 3432 1612 et

1860 1648 2116 1703 hilaritas
2143 1647 2285 1717 ejus.
2325 1665 2344 1697 ι

1932 1740 2113 1794 Eccle.
2148 1756 2264 1803 vni,
2288 1740 2346 1794 ‘2.
2373 1770 2443 1780 —
2477 1756 2495 1789 ι
2530 1738 2605 1794 Os
2638 1739 2785 1811 regis
2817 1738 3070 1793 observa.
3109 1758 3129 1791 ι

258 1867 275 1899 ι
325 1822 456 1900 Ἰδοὺ
489 1822 741 1916 βασιλεὺς
768 1843 977 1907 δίκαιος
1009 1841 1339 1913 βασιλεύσει,
1375 1842 1471 1896 καὶ
1498 1842 1755 1913 ἄρχοντες
1788 1822 1828 1877 Β

1788 1822 1828 1877 Β
1934 1829 2049 1885 Ira.
2087 1845 2261 1896 xxxii,
2313 1832 2367 1885 i.
2391 1860 2464 1870 —-
2491 1848 2511 1881 ι
2564 1828 2711 1884 Ecce
2741 1844 2835 1884 rex
2860 1830 3050 1900 justus
3079 1829 3354 1900 regnabit,
3378 1840 3434 1885 et

185 1938 329 2010 μετὰ
356 1938 587 2009 κρίσεως
610 1935 885 2007 ἄρξουσιν.
925 1952 945 1984 ι

260 2051 279 2083 ι
321 2030 613 2100 Εὑλογήσει
643 2045 701 2080 σε
734 2029 763 2080 ὁ
794 2026 920 2089 λαὸς
963 2026 992 2077 ὁ
1026 2024 1238 2096 πτωχὸς
1261 2064 1277 2091 ,
1315 2024 1419 2099 καλἸ
1436 2024 1620 2088 πόλεις
1662 2026 1757 2077 ἀν-

178 2122 420 2192 Θρώπων
449 2119 818 2190 ἀδικουμένων
842 2116 1200 2189 εὐλογήσουσί
1246 2132 1326 2170 σε.
1368 2115 1586 2184 Ἐγένου
1609 2116 1761 2188 πάσῃ

182 2216 338 2268 πόλει
374 2216 598 2283 ταπεινῇ
623 2211 834 2283 βοηθὸς,
858 2212 951 2264 καὶ
979 2211 1091 2273 τοῖς
1124 2208 1439 2279 ἀθυμήσασι
1461 2207 1529 2261 δι’
1557 2208 1760 2272 ἐνδείας

186 2308 387 2377 σκέπη,
420 2308 526 2360 ἀπὸ
545 2305 846 2377 ἀνθρώπων
874 2302 1125 2373 πονηρῶν
1161 2301 1323 2372 ῥῦσαι
1359 2301 1553 2363 αὐτούς
1573 2314 1587 2328 ·
1633 2301 1761 2354 σκέ-

182 2414 266 2469 πη
296 2398 594 2466 διψώντων,
644 2398 736 2450 καὶ
783 2393 1003 2466 πνεῦμα
1049 2392 1349 2463 ἀνθρώπων
1394 2391 1761 2461 ἀδικουμένων

182 2490 542 2562 εύλογήσουσί
570 2506 652 2545 σε.
693 2507 712 2539 ι

266 2691 285 2723 ι
338 2671 465 2725 Ἰδοὺ
494 2671 679 2742 ἡμέρα
708 2669 945 2738 ἔρχεται,
973 2667 1121 2737 λέγει
1147 2667 1383 2737 Κύριος,
1407 2666 1502 2721 καὶ
1532 2666 1766 2737 ἀναστήσ-

190 2778 270 2812 σω
292 2761 370 2831 τῷ
397 2760 557 2813 Δαῦὶδ
582 2759 845 2827 ἀνατολὴν
865 2757 1079 2812 δικαίαν
1102 2774 1116 2787 ·
1146 2758 1240 2810 καλ⁵
1273 2756 1580 2827 βασιλεύσει
1610 2756 1766 2826 βασι-

189 2850 340 2913 λεὺς,
375 2850 467 2903 καὶ
497 2851 738 2920 συνήσει,
773 2849 867 2901 καὶ⁸
894 2849 1111 2919 ποιήσει
1138 2850 1310 2919 κρῖμα
1356 2849 1453 2901 καὶ
1488 2848 1764 2902 δικαιοσύ-

187 2957 290 3013 νην
317 2942 410 2995 ἐπὶ
438 2940 539 3011 τῆς
566 2941 686 3009 γῆς.
726 2941 814 2993 Ἐν
843 2942 967 3002 ταῖς
992 2939 1226 3010 ἡμέραις
1248 2940 1435 3005 αὑτοῦ,
1468 2941 1562 2994 καὶ
1586 2940 1763 3007 σωθή-

187 3049 347 3086 σεται
373 3031 517 3095 λαὸς,
550 3032 643 3085 καὶ
672 3029 1087 3101 κατασκηνώσει
1118 3030 1414 3095 πεποιθώς.
1448 3050 1467 3084 ›

267 3146 287 3177 ι
322 3126 580 3188 Βασιλεὺς
608 3125 871 3195 φρόνιμος
904 3124 1194 3177 εὐπάθεια
1220 3123 1415 3196 δήμου.
1453 3144 1473 3177 ι

324 3311 567 3381 Λήψεται
591 3308 893 3363 πανοπλίαν
924 3309 1018 3362 τὸν
1049 3308 1209 3380 ζῆλον
1240 3308 1404 3362 αὐτοῦ
1425 3351 1440 3373 ,
1482 3308 1760 3363 ἐνδύσεται

187 3400 418 3473 θώρακα
447 3401 812 3469 δικαιοσύνης,
846 3402 942 3454 καὶ
984 3400 1340 3471 περιθήσεται
1384 3400 1590 3471 κόρυθα
1640 3400 1761 3471 κρί-

194 3514 281 3550 σιν
331 3495 727 3566 ἀνυπόκριτονο
786 3494 1013 3565 λήψεται
1076 3492 1279 3547 ἀσπίδα
1335 3493 1760 3565 ἀκαταμάχητον

188 3590 464 3657 ὁσιότητα.
504 3608 523 3639 ι

272 3700 291 3731 ι
328 3682 487 3753 Παρὰ
518 3681 725 3752 βασιλεῖ
759 3680 835 3752 μὴ
874 3677 1115 3749 σοφίζου.
1161 3699 1180 3732 ι

272 3895 292 3927 ι
325 3874 531 3946 Κριτής
551 3872 712 3942 σοφὸς
735 3871 1015 3926 παιδεύσει
1042 3872 1133 3923 τὸν
1152 3872 1278 3924 λαὸν
1302 3871 1488 3935 αὑτοῦ,
1512 3871 1607 3923 καὶ
1632 3876 1761 3940 ἡγε-

197 3968 359 4038 μονία
390 3965 607 4021 συνετοῦ
632 3964 937 4034 τεταγμένη
969 3963 1142 4017 ἐσται.
1182 3982 1202 4015 ι

266 4146 329 4197 Oi
362 4143 622 4215 βασιλεῖς,
642 4140 878 4195 αἰδεῖσθε
907 4139 1005 4210 τὴν
1034 4140 1344 4211 ἁλουργίδα.
1393 4140 1765 4210 Νομοθετήσει

190 4236 306 4306 γὰρ
361 4235 454 4288 καὶ
481 4233 798 4304 νομοθέταις
822 4234 849 4285 ὁ
877 4232 1055 4300 λόγος.
1099 4229 1399 4283 Γινώσκετε
1450 4230 1513 4283 τὸ
1542 4248 1764 4283 πιστευ-

190 4328 290 4380 θὲν
319 4327 469 4397 ὑμῖν,
502 4325 598 4379 καὶ
621 4325 675 4378 τί
701 4325 763 4377 τὸ
800 4325 941 4395 μέγα
969 4323 1100 4393 περὶ
1136 4323 1279 4392 ὑμᾶς
1306 4323 1624 4393 μυστήριον.
1656 4322 1764 4374 Κό-

193 4435 333 4489 σμος
358 4418 478 4481 ὅλος
502 4415 605 4469 ύπδ
630 4418 786 4486 χεῖρα
814 4414 913 4485 τὴν
943 4413 1236 4485 ὑμετέραν.
1264 4413 1555 4485 διαδήματι
1584 4412 1766 4483 μικρῷ

1787 3170 1834 3231 C

1862 1923 2140 1994 principes
2172 1937 2298 1977 cum
2323 1921 2535 1991 judicio
2565 1931 2862 1989 praeerant.
2899 1941 2920 1973 ι

1933 2013 2049 2069 lsa.
2102 2030 2232 2079 xxv,
2271 2013 2327 2079 5,
2353 2013 2409 2068 ἐν.
2436 2030 2549 2064 -ι
2602 2012 2897 2067 Benedicet
2933 2020 2990 2067 te
3023 2014 3257 2083 populus
3296 2028 3434 2084 pau-

1861 2122 1959 2178 per
2000 2116 2056 2161 et
2092 2105 2348 2161 civitates
2402 2106 2689 2160 hominum
2747 2103 3096 2174 iniquitatem
3151 2107 3434 2162 sustinen-

1861 2201 2000 2254 tium
2028 2198 2356 2256 benedicent
2388 2207 2459 2254 te.
2497 2197 2674 2253 Fuisti
2713 2197 2863 2252 enim
2896 2198 3049 2253 omni
3089 2198 3300 2253 civitati
3335 2199 3435 2253 hu-

1861 2294 1978 2348 mili
2024 2294 2342 2359 auxiliator,
2375 2301 2429 2347 et
2456 2292 2713 2347 tristibus
2758 2301 2984 2360 propter
3034 2291 3275 2363 inopiam
3306 2306 3437 2362 pro-

1861 2387 2029 2444 tectio
2057 2388 2123 2442 ab
2158 2386 2478 2441 hominibus
2518 2384 2703 2447 malis,
2737 2393 2795 2437 ut
2824 2384 3029 2441 liberes
3059 2401 3179 2449 eos,
3216 2386 3437 2440 umbra-

1863 2482 2051 2537 rulum
2106 2480 2434 2545 sitientium,
2465 2486 2521 2535 et
2565 2479 2797 2551 spiritus
2849 2476 3138 2533 hominum
3171 2479 3436 2551 iniquita-

1862 2582 1971 2631 tem
1995 2574 2411 2630 sustinentium.
2451 2591 2470 2624 ι

1932 2662 2133 2718 Jercm.
2175 2678 2336 2727 mn,
2371 2662 2428 2718 6.
2455 2693 2523 2703 —
2555 2680 2574 2713 ι
2627 2662 2767 2720 Ecce
2801 2666 2922 2722 dies
2955 2665 3129 2728 venit,
3170 2663 3305 2720 dicit
3326 2661 3436 2716 Do-

1864 2756 2073 2823 minus,
2113 2763 2168 2809 et
2201 2754 2484 2810 suscitabo
2528 2752 2697 2809 David
2734 2772 2957 2826 germen
3001 2757 3237 2828 justum,
3267 2764 3323 2810 et
3360 2770 3439 2809 re-

1865 2850 2054 2919 gnabit
2106 2864 2222 2914 rex,
2259 2855 2315 2903 ct
2347 2848 2571 2917 sapiens
2620 2849 2749 2913 erit,
2789 2859 2844 2905 et
2875 2848 3042 2906 faciet
3072 2848 3345 2920 judicium
3381 2854 3436 2903 et

1861 2942 2133 3011 justitiam
2186 2943 2240 2994 in
2288 2949 2458 2996 terra.
2505 2938 2566 2995 In
2614 2941 2811 2995 diebus
2861 2942 3001 3010 suis,
3044 2950 3103 2998 et
3133 2940 3437 2997 salvabitur

1866 3034 2126 3105 pepulus,
2163 3043 2216 3089 et
2240 3034 2517 3088 habitabit
2546 3034 2909 3091 conlidenter.
2941 3054 2961 3088 ι

1937 3124 2068 3194 Sap.
2100 3141 2173 3191 vr,
2224 3124 2316 3180 26.
2356 3156 2427 3166 --
2456 3144 2476 3177 ι
2538 3124 2655 3181 Rex
2695 3127 2943 3197 prudens
2999 3126 3433 3183 stabilimentum

1863 3217 2073 3287 populi.
2118 3235 2137 3267 ι

1931 3308 2057 3378 Sap.
2088 3309 2347 3376 v,18.—¢
2366 3309 2615 3380 Accipiet
2639 3316 2974 3364 armaturam
3005 3310 3157 3366 zelus
3183 3310 3324 3382 ejus.
3342 3311 3434 3366 ln-

1864 3403 1995 3459 duet
2024 3420 2125 3474 pro
2152 3406 2378 3460 thorace
2412 3406 2711 3475 justitiam,
2746 3414 2804 3461 et
2841 3421 2943 3476 pro
2974 3409 3127 3477 galea
3160 3406 3431 3478 judicium

1863 3512 1973 3551 non
2030 3498 2266 3552 iictum:
2324 3504 2505 3552 sumet
2553 3505 2775 3553 scutum
2824 3498 3244 3571 inexpugnabile
3296 3512 3433 3556 san-

1861 3590 2203 3645 ctimoniam.
2237 3608 2257 3641 ι

1933 3681 2102 3737 Eccti.
2148 3698 2243 3747 vn,
2293 3682 2347 3737 5.
2376 3714 2441 3723 —-
2472 3700 2491 3733 ι
2522 3682 2683 3754 Apud
2740 3698 2925 3753 regem
2961 3683 3077 3738 noli
3132 3683 3307 3738 videri
3342 3698 3430 3740 sa-

1860 3777 2036 3848 piens.
2072 3795 2094 3828 ι

1938 3865 2105 3920 Eccli.
2135 3882 2191 3932 x,
2238 3866 2289 3921 1.
2319 3896 2387 3905 -
2416 3884 2435 3916 ι
2473 3863 2649 3919 Judex
2703 3867 2924 3936 sapiens
2983 3866 3201 3923 erudiet
3251 3883 3428 3938 popu-

1866 3958 1974 4012 lum
2032 3974 2217 4023 suum,
2251 3968 2307 4013 et
2358 3959 2704 4029 principatus
2748 3959 3037 4029 prudentis
3088 3963 3428 4031 compositus

1864 4052 1986 4105 erit.
2025 4070 2044 4102 ι

1936 4141 2100 4213 396
2130 4139 2275 4195 Naz.
2304 4140 2456 4196 Orat.
2487 4140 2554 4195 de
2590 4141 2784 4209 κείρω.
2820 4174 2887 4185 -
2910 4144 3297 4215 Imperatores,
3329 4146 3426 4198 lio-

1867 4247 2061 4287 norem
2106 4233 2301 4287 habete
2350 4248 2629 4303 purpurat.
2668 4233 2803 4287 Nam
2838 4235 3246 4306 legislatoribus
3283 4236 3429 4308 leges

1869 4339 2089 4396 quoque
2138 4326 2367 4380 verbum
2429 4326 2661 4382 sanciet.
2725 4328 3021 4396 Agnoscite
3069 4340 3335 4399 quantum
3374 4328 3429 4381 id

1870 4416 2109 4487 sitquod
2141 4417 2266 4474 ﬁdei
2294 4429 2494 4472 vestrae
2523 4418 2885 4474 commissum
2917 4427 3021 4486 est,
3053 4428 3432 4490 quantumque

193 4510 293 4562 καὶ
336 4507 529 4579 βραχεῖ
568 4506 742 4576 ρακίῳ
782 4503 1175 4576 κρατούμενος.
1205 4505 1288 4556 Τὰ
1318 4506 1417 4574 μὲν
1460 4506 1571 4559 ἄνω
1604 4505 1762 4574 μόνον
1798 4525 1838 4579 ι)

1798 4525 1838 4579 ι)
1870 4514 2022 4567 circa
2049 4527 2150 4566 vos
2199 4512 2543 4582 mysterium.
2592 4509 2755 4566 Orbis
2784 4512 3079 4569 universus
3117 4512 3304 4566 manui
3338 4527 3430 4567 ve-

186 4598 355 4659 Θεοῦ,
403 4597 548 4651 τὰδὲ
594 4596 764 4662 κάτω,
793 4598 889 4649 καὶ
926 4596 1100 4667 ὑμῶν.
1143 4597 1265 4649 Θεοὶ
1295 4597 1512 4665 γίνεσθε
1537 4601 1647 4660 τοῖς
1675 4597 1765 4665 ὑφ’

190 4692 362 4759 ὑμᾶς,
399 4690 488 4742 ἵνα
513 4688 652 4740 εἴπω
684 4705 738 4740 τι
764 4690 858 4740 καὶ
889 4687 1313 4757 τολμηρότερον.
1353 4688 1566 4758 Καρδὶα
1609 4687 1763 4757 βασι-

190 4784 333 4844 λέως
364 4782 419 4832 ὲν
449 4782 592 4850 χειρὶ
619 4779 776 4843 Θεοῦ,
821 4780 915 4831 καὶ
952 4781 1191 4850 εἴρηται,
1239 4785 1334 4833 καὶ
1387 4780 1764 4835 πεπίστευται.

205 4871 471 4926 Ἐνταῦθα
494 4871 631 4923 ἔστω
657 4871 717 4922 τὸ
744 4872 947 4940 κράτος
985 4872 1013 4923 ύ
1024 4872 1158 4941 μῶν,
1195 4872 1329 4925 ἀλλὰ
1367 4872 1441 4943 μὴ
1472 4871 1550 4942 τῷ
1579 4872 1766 4943 χρυσῴ

191 4967 289 5018 καὶ
318 4966 437 5025 ταῖς
463 4963 747 5032 φάλαγξιν.
776 4966 836 5016 Oi
862 4980 928 5015 πε
940 4964 992 5032 ρὶ
1010 4966 1079 5017 τὰ
1103 4964 1348 5033 βασίλεια
1376 4966 1471 5017 καὶ
1498 4967 1623 5027 τοὺς
1650 4965 1767 5036 θρό-

189 5077 338 5123 νους,
368 5059 441 5127 μὴ
484 5059 688 5129 σφόδρα
732 5060 852 5120 ταῖς
890 5057 1187 5125 ιὲξουσίαις
1249 5057 1571 5127 ἐπαίρεσθε,
1626 5057 1758 5128 μηδὲ

188 5151 435 5203 ἀθάνατα
462 5148 756 5201 διανοεῖσθε
788 5147 915 5217 περὶ
940 5147 1047 5200 τῶν
1066 5148 1165 5200 οὐκ
1190 5147 1490 5200 ἀθανάτων.

1867 4612 1997 4660 strae
2028 4604 2240 4671 subest,
2273 4602 2584 4658 diademate
2613 4618 2782 4673 parvo
2822 4612 2877 4659 et
2902 4605 3100 4675 exiguo
3129 4619 3314 4675 panno
3345 4620 3430 4660 re-

1868 4706 2073 4752 tentus.
2109 4696 2355 4767 Superna
2384 4695 2478 4750 Dei
2520 4696 2694 4751 solius
2727 4706 2859 4752 sunt
2888 4716 2902 4752 :
2951 4698 3217 4752 inferiora
3243 4706 3299 4751 at
3334 4697 3427 4753 Dei

1865 4798 2014 4853 sunt,
2047 4798 2101 4841 et
2136 4797 2337 4843 vestra.
2374 4786 2622 4843 Subditis
2673 4790 2872 4845 vestris
2901 4789 3033 4846 deos
3065 4806 3162 4844 vos
3192 4790 3431 4861 praebete

1867 4880 2073 4950 (liceat
2101 4882 2246 4935 enim
2281 4890 2335 4934 et
2372 4882 2765 4937 audaciuscule
2797 4883 3002 4952 aliquid
3039 4882 3290 4953 dicere).
3321 4881 3431 4936 Cor

1870 4973 2015 5042 regis
2063 4973 2121 5026 in
2164 4988 2327 5026 manu
2380 4972 2472 5028 Dei
2516 4981 2621 5037 est,
2670 4982 2727 5026 ut
2770 4972 3056 5044 Scriptura
3086 4982 3345 5037 testatur,
3379 4983 3433 5028 et

1865 5065 2126 5119 creditur.
2166 5064 2265 5118 Hic
2296 5065 2586 5135 imperium
2614 5075 2856 5120 vestrum
2884 5068 2976 5131 sit,
3006 5082 3116 5121 non
3146 5077 3327 5121 autem
3368 5066 3424 5119 in

1860 5170 1999 5209 auro
2018 5163 2073 5210 et
2102 5155 2461 5210 exercitibus.
2493 5156 2672 5211 Aulici
2714 5171 2994 5225 proceres,
3021 5168 3078 5213 et
3106 5158 3199 5228 qui
3229 5155 3422 5211 astatis

190 5239 357 5303 solio,
420 5253 490 5291 ne
536 5238 805 5291 honorum
860 5238 1221 5307 amplitudine
1264 5247 1318 5292 et
1362 5238 1607 5308 potentia
1670 5239 1899 5299 nimium
1940 5245 2312 5310 insolescatis,
2349 5260 2449 5300 nec
2519 5245 2587 5300 de
2654 5249 2980 5304 mortalibus
3048 5249 3212 5306 rebus
3277 5262 3415 5318 quas

190 5332 603 5389 immortalibus
630 5332 907 5401 cogitetis.

306 5555 378 5609 Τὸ
400 5555 718 5623 δραιζτικόν
751 5554 1007 5617 δείκνυε,
1035 5558 1120 5622 μὴ
1147 5555 1212 5607 τὸ
1238 5553 1387 5623 δρᾷν
1414 5554 1628 5619 κακῶς,

308 5624 384 5677 Τὸ
411 5621 478 5675 δὲ
497 5621 564 5677 εὖ
590 5642 641 5676 τι
671 5625 885 5685 ποιεῖν,
916 5626 968 5676 ει
997 5621 1189 5690 θέλεις
1218 5621 1369 5677 εἶναι
1399 5626 1532 5690 θεός
1554 5640 1566 5651 ’

311 5695 383 5748 Τὸ
404 5693 470 5746 δέ
491 5696 661 5748 ἐστιν
698 5694 918 5761 ἀνδρὸς
939 5694 1167 5759 εἰδότος
1194 5697 1258 5747 τὸ
1283 5698 1596 5764 συγγενές.

313 5766 540 5819 κτείνει
559 5765 627 5817 δὲ
646 5764 866 5833 ῥᾷστα,
890 5765 989 5816 καὶ
1014 5766 1264 5829 τρυγὼν,
1288 5766 1386 5819 καὶ
1414 5766 1720 5833 σκορπίος.

533 5861 797 5920 Ρλτιιοι..
840 5861 955 5922 Gn.
998 5862 1164 5920 Χιῖν.

2367 5441 2643 5511 Ejusdem,
2680 5453 2800 5501 tetr.
2832 5446 2921 5501 56.

2022 5553 2284 5630 [intulerit
2312 5566 2570 5630 monstra,
2606 5573 2707 5609 non
2736 5567 2792 5630 ut
2820 5559 2945 5627 quid
2984 5577 3113 5629 agas
3143 5560 3298 5630 mali,

2016 5624 2120 5679 Sed
2144 5627 2312 5694 magis
2347 5626 2515 5691 facias
2549 5627 2691 5681 bene.
2729 5629 2773 5680 si
2806 5624 2930 5683 velis
2959 5624 3071 5683 esse
3098 5632 3222 5684 deus
3246 5646 3264 5683 :

2021 5694 2334 5768 liocivirum
2363 5698 2506 5749 decet
2533 5700 2623 5765 qui
2648 5700 2748 5750 vim
2772 5710 3050 5768 cognatam
3082 5702 3237 5755 sciat.

2022 5762 2206 5819 Facile
2244 5769 2523 5835 pastinum
2546 5762 2757 5821 iuarina
2783 5762 3097 5836 etacorpius
3126 5780 3335 5827 necant.

3048 5864 3114 5924 41
