4210 6448
226 412 363 476 ῙΞΩἹ

1418 420 1651 479 SACRA
1696 420 2156 480 PARALLELA.

3351 426 3485 493 1294

299 548 317 578 ι
353 524 447 591 Οἷς
480 528 556 598 μὴ
603 526 839 599 ὑπάρχει
888 527 1237 599 κυϐέρνησις,
1278 530 1568 585 πίπτουσιν
1606 532 1735 587 ὦσπη

1866 582 1871 592 ,
1968 530 2130 585 Prov.
2186 545 2263 597 ιι,
2311 531 2400 586 14.
2433 559 2503 572 ——
2542 552 2560 586 ‹
2606 533 2823 600 Quibus
2870 550 2980 589 non
3011 547 3099 593 est
3129 541 3481 610 gubernatio.

219 622 396 691 φύλλα
422 638 435 651 °
467 621 712 693 σωτηρία
744 622 802 675 δὲ
829 621 888 675 ὲν
917 622 1085 693 πολλῇ
1122 623 1306 695 βουλῇ.
1341 642 1359 675 ι

292 818 310 850 ι
351 800 505 854 Μετὰ
556 801 936 872 κυϐερνήσεως
974 802 1185 869 γίνεται
1241 802 1479 873 πόλεμος
1512 819 1525 832 ·
1570 803 1791 876 βοήθεια

210 892 290 957 δὲ,
331 892 469 963 μετὰ
486 894 713 965 καρδίας
741 893 1156 965 βουλευομένης.
1196 913 1215 948 ι

297 1008 316 1039 ι
346 988 500 1041 Μετά
523 986 721 1057 βουλῆς
746 986 927 1040 πάντα
962 987 1125 1041 ποίει.
1156 1007 1174 1038 ι

287 1104 306 1135 ι
345 1083 498 1137 Μετὰ
526 1080 718 1151 βουλῆς
746 1081 1033 1136 οἰνοπότει.
1076 1099 1095 1133 ι

284 1194 304 1229 ι
344 1173 515 1245 Βουλὴ
558 1170 698 1242 καλὴ
757 1169 984 1240 φυλάξει
1016 1188 1097 1238 σε,
1124 1171 1304 1227 ἔννοια
1358 1174 1417 1229 δὲ
1449 1177 1573 1231 ὁσία
1614 1179 1785 1250 τηρή-

210 1287 291 1323 σει
323 1287 403 1322 σε.
442 1287 460 1320 ι

283 1383 300 1414 ι
343 1361 674 1433 Συνάχθητε,
706 1364 800 1416 καὶ
834 1361 1342 1417 καταόουλεύσασθε
1377 1363 1578 1433 ἆμα,οί
1610 1362 1781 1427 σωζό-

206 1473 377 1527 μενοι.
417 1474 437 1507 ι

281 1571 297 1600 ι
342 1550 503 1600 Ἀνευ
530 1546 727 1617 βουλῆς
753 1548 919 1618 μηδὲν
941 1548 1194 1620 ποιήσῃς,
1228 1550 1320 1602 καὶ
1350 1551 1406 1603 ὲν
1444 1547 1523 1620 τῷ
1552 1550 1773 1619 ποιῆσαί

208 1654 259 1687 σε
286 1640 359 1707 μὴ
396 1637 722 1707 μεταμέλοι).
756 1657 774 1689 ι

278 1749 299 1780 ι
342 1730 659 1798 Ἰμὰντωσις
686 1728 868 1798 ξυλίνη
912 1729 1229 1801 ἐνδεδεμένη
1266 1733 1344 1795 εἰς
1374 1733 1683 1805 οἰκοδομὴν,
1714 1736 1774 1788 ἐν

200 1820 516 1891 συσσεισμῷ
572 1821 633 1873 οὐ
685 1821 1110 1891 διαλυθήσεται·
1158 1822 1333 1886 οὕτως
1383 1825 1580 1896 καρδία
1607 1828 1773 1895 ἐστη-

1903 624 2113 677 cadunt
2163 624 2306 680 sicut
2366 625 2517 681 folia.
2574 626 2736 684 Salus
2792 636 2976 683 autem
3024 628 3078 684 in
3129 634 3307 687 multo
3347 652 3483 689 con-

1901 716 2047 770 silio.
2097 734 2116 766 ι

1970 808 2129 863 Prov.
2185 825 2278 872 xx,
2324 810 2413 865 18.
2440 843 2511 853 -
2546 830 2564 863 ι
2602 812 2743 867 Cum
2788 816 3059 885 regimine
3101 818 3304 873 bellum
3335 821 3481 888 geri-

1898 911 2026 956 tur:
2064 902 2330 957 auxilium
2354 913 2537 959 autem
2569 922 2696 961 cum
2734 909 2902 963 corde
2928 912 3298 966 consultante.
3348 932 3367 964 ι

1966 993 2126 1051 Prov.
2161 1011 2313 1062 uxr,
2334 996 2389 1052 5.
2414 1027 2479 1037 -
2508 1016 2528 1049 ι
2562 999 2699 1053 Cum
2733 1002 2969 1056 consilio
2999 1004 3186 1058 omnia
3219 1004 3409 1059 facito.
3452 1025 3470 1057 ι

1964 1085 2124 1143 Prov.
2161 1102 2279 1153 xm,
2324 1088 2410 1144 16.
2435 1120 2508 1130 -
2542 1110 2560 1142 ι
2595 1092 2732 1145 Cum
2764 1095 3001 1149 consilio
3027 1098 3217 1151 vinum
3257 1098 3406 1153 bibe.
3449 1120 3467 1149 ο

1960 1177 2118 1232 Prov.
2156 1195 2218 1244 ιι,
2252 1180 2340 1238 11.
2372 1211 2445 1222 ——
2482 1199 2502 1233 ι
2531 1181 2835 1240 Consilium
2869 1187 3074 1243 bonum
3096 1189 3373 1245 custodiet
3396 1200 3471 1259 te,

1889 1278 1945 1325 et
1971 1271 2237 1342 cogitatio
2259 1273 2406 1329 bona
2438 1279 2792 1335 conservabit
2813 1289 2886 1336 te.
2929 1301 2950 1334 ι

1962 1358 2078 1415 Ιδα.
2110 1378 2236 1429 ην,
2271 1362 2362 1417 20.
2402 1395 2476 1404 —
2514 1384 2534 1415 ι
2569 1366 3019 1441 Congregamini,
3067 1380 3122 1427 et
3168 1374 3305 1429 inite
3338 1390 3471 1430 con-

1887 1455 2095 1523 silium,
2129 1472 2325 1512 omnes
2357 1461 2451 1530 qui
2489 1461 2863 1519 salvaminifr

1958 1546 2127 1603 Eccli.
2163 1566 2339 1619 xxx",
2365 1552 2456 1607 24.
2487 1586 2555 1595 -
2590 1574 2608 1605 ι
2646 1556 2779 1611 Sine
2809 1557 3049 1614 consilio
3083 1559 3225 1615 nihil
3252 1559 3463 1627 facias;

1883 1650 1935 1695 et
1963 1640 2216 1700 faciendo
2247 1660 2359 1699 non
2396 1657 2447 1701 te
2477 1648 2765 1717 paeniteat.
2813 1671 2832 1703 ι

1951 1732 2121 1790 Eccli.
2173 1752 2311 1805 xxu,
2354 1738 2536 1793 19.-
2578 1760 2597 1791 ‹
2634 1740 3024 1798 Loramentum
3070 1743 3311 1814 ligneum
3347 1746 3462 1803 col-

1880 1825 2111 1897 ligatum
2148 1829 2202 1884 in
2238 1829 2687 1897 aediﬁcationem,
2716 1833 2769 1887 in
2805 1836 3177 1893 concussione
3204 1853 3315 1893 non
3344 1839 3458 1894 disi-

197 1906 430 1979 ριγμένη
456 1908 549 1961 ἐπὶ
577 1908 904 1979 διανοήμασι
940 1908 1157 1982 βουλῆς,
1192 1913 1251 1965 ὲν
1284 1913 1463 1984 καιρῷ
1483 1916 1545 1968 οὐ
1568 1915 1735 1970 δειλιά

1875 1921 2125 1977 solvetur
2159 1938 2173 1975 :
2206 1923 2292 1980 sic
2316 1940 2413 1980 cor
2438 1924 2830 1981 conﬁrmatum
2867 1929 2922 1983 in
2950 1928 3283 2000 cogitatione
3313 1946 3453 1988 con-

198 2016 307 2055 σει.
348 2019 368 2052 Ι

269 2109 289 2142 σ
333 2090 651 2163 Ἑτοίμασον
675 2092 852 2163 λόγον,
910 2094 1005 2149 καὶ
1043 2094 1217 2159 οὕτως
1265 2097 1612 2171 ἀκουσθήσῃο
1645 2101 1770 2153 σύν-

188 2182 355 2253 δησον
386 2184 656 2250 παιδείαν,
687 2186 782 2239 καὶ
810 2185 983 2251 οὕτως
1010 2186 1384 2261 ἀποκριθήση.
1426 2210 1445 2243 ι

266 2382 284 2413 ι
325 2364 561 2433 Χρυσίον
590 2365 685 2418 καὶ
732 2366 996 2438 ἀργύριον
1044 2367 1405 2439 ὲπιστήσουσι
1440 2370 1628 2437 πόδας,
1674 2372 1769 2427 καὶ

186 2456 332 2526 ὑπὲρ
360 2457 648 2528 ἀμφότερα
681 2458 846 2531 βουλὴ
876 2460 1254 2534 εὐδοκιμήσει.
1295 2482 1313 2515 ι

261 2650 281 2683 ι
322 2632 477 2686 Μετὰ
502 2632 669 2702 σοφοῦ
709 2633 1103 2703 συμϐουλεύου.
1146 2653 1164 2686 ι

261 2744 280 2776 4
313 2724 484 2796 Βουλῆ
523 2725 688 2794 σοφοῦ
716 2727 868 2796 πηγὴ
896 2727 1063 2797 ζωῆς.
1104 2748 1122 2778 ι

252 2930 541 2999 Κρείσσων
595 2929 954 3001 λελογισμένη
982 2930 1276 3003 βραδύτης,
1320 2934 1518 3003 τάχους
1565 2936 1759 3005 ἀπερι-

182 3035 445 3071 σκέπτου.

250 3111 608 3183 Μακαριὸτης
638 3112 776 3177 ἐστὶ,
820 3111 1018 3183 βουλῆς
1052 3112 1229 3183 κακῆς
1259 3114 1536 3168 ἐκπεσεῖν.

1875 2012 2010 2078 silii,
2046 2013 2102 2069 in
2140 2026 2386 2087 tempore
2408 2033 2518 2074 non
2554 2017 2894 2075 formidabit.
2929 2040 2949 2073 ι

1942 2104 2114 2161 Eccli.
2150 2123 2346 2175 xum,
2375 2110 2430 2165 4.
2464 2141 2536 2152 -
2570 2128 2589 2162 ι
2628 2109 2887 2181 Ριωροη
2924 2130 3263 2183 sermonem,
3290 2125 3348 2172 et
3371 2118 3453 2174 sic

1871 2194 2119 2254 audieris
2161 2216 2179 2253 :
2216 2199 2414 2272 colliga
2470 2200 2861 2273 disciplinam,
2918 2214 2974 2261 et
3030 2207 3102 2261 ita
3152 2209 3450 2278 responde-

1869 2288 1978 2346 bis.
2026 2309 2048 2343 ι

1941 2380 2114 2437 Eccli.
2153 2400 2247 2449 ιι,
2278 2385 2373 2441 25.
2410 2416 2483 2429 -—
2507 2404 2527 2438 ι
2565 2388 2782 2443 Aurum
2819 2397 2876 2445 et
2917 2402 3205 2462 argentum
3238 2396 3445 2451 consti-

1868 2482 2027 2528 tuent
2055 2476 2245 2544 pedes,
2266 2485 2322 2533 et
2342 2493 2510 2551 super
2534 2486 2834 2551 utrumque
2855 2483 3157 2541 consilium
3188 2485 3447 2558 benepla-

1866 2566 2040 2620 citum
2069 2567 2197 2623 erit.
2241 2587 2261 2622 ι

1938 2656 2108 2714 Eccli.
2140 2676 2201 2728 ιι,
2233 2661 2325 2718 21.
2349 2694 2419 2706 σ-
2448 2682 2467 2715 ι
2504 2663 2644 2720 Cum
2674 2666 2926 2737 sapiente
2954 2668 3225 2725 delibera.
3275 2690 3297 2725 ι

1937 2748 2106 2805 Eccli.
2139 2768 2279 2817 xm,
2322 2753 2415 2808 24.
2468 2786 2537 2796 -—
2590 2774 2611 2807 ‹
2644 2755 2951 2814 Consilium
2995 2762 3268 2833 sapientis
3318 2764 3444 2822 fons

1863 2839 2005 2899 vitm.
2042 2861 2062 2895 ι

1935 2930 2208 2987 Nazianz.
2232 2966 2303 2976 ——
2328 2934 2563 2992 Praestat
2593 2939 2845 2994 consulta
2874 2941 3111 2999 tarditas
3134 2944 3442 3002 inconside-

1863 3031 1998 3079 ratae
2038 3026 2334 3083 celeritati.

1937 3116 2170 3189 Evagrii.
2204 3120 2350 3175 —ln
2382 3131 2537 3191 parte
2583 3123 2949 3181 beatitudinis
2983 3126 3294 3185 ducendum
3329 3140 3435 3199 est,

1862 3211 2009 3264 malo
2041 3213 2279 3269 consilio
2301 3214 2585 3269 excidere.

248 3289 331 3342 Τὰ
353 3288 429 3361 μὴ
456 3290 553 3342 σῦν
580 3290 767 3359 η’λόγῳ,
836 3289 1013 3342 πάντα
1065 3288 1287 3359 αἰσχρὰ,
1344 3288 1533 3359 ὥσπερ
1557 3289 1626 3342 τὰ
1656 3290 1735 3342 ain

1931 3300 2197 3357 Philonis.
2224 3333 2295 3345 —-
2324 3302 2522 3359 Omnia
2556 3308 2738 3375 turpia
2771 3321 2922 3373 sunt,
2946 3324 3068 3379 quae
3096 3314 3243 3368 nulla
3270 3315 3435 3369 ratio-

173 3381 318 3433 λὸνω
336 3382 557 3455 κόσμια.

243 3561 429 3630 Χωρὶς
460 3559 693 3629 θεωρίας
717 3557 1170 3630 ὲπιστημονικῆς,
1205 3558 1361 3612 οὐδὲν
1386 3557 1493 3610 τῶν
1519 3572 1753 3628 πραττο-

174 3653 352 3723 μένων
382 3651 568 3706 καλόν.
613 3652 705 3720 Μὴ
758 3650 1057 3725 ἀγνοήσῃς,
1108 3651 1192 3704 ὅτι
1256 3649 1352 3703 καὶ
1392 3648 1532 3720 ὑπὲρ
1566 3648 1751 3701 δοῦναι

164 3746 396 3815 γνώμην
444 3744 539 3797 τοῦ
604 3745 680 3815 μὴ
746 3744 1102 3815 καθήκοντος,
1133 3745 1227 3797 καὶ
1281 3743 1611 3813 συμὸουλίαν
1649 3743 1751 3796 οὐκ

165 3836 368 3905 εὐαγῆ,
423 3833 827 3904 ἀποκλειόμεθα
872 3834 973 3904 τῆς
1026 3834 1176 3896 θείας
1210 3832 1510 3904 βασιλείας.
1545 3834 1748 3903 Διόπερ

164 3926 522 3995 ἐσκεμμένως
557 3926 676 3978 λίαν
722 3927 821 3989 τὰς
873 3925 1098 3998 γνώμας
1140 3928 1253 3991 τοῖς
1307 3924 1548 3978 αἰτοῦσιν
1598 3927 1745 3995 ἡμᾶς

160 4016 381 4086 ὀρέγειν
403 4016 715 4089 ὀφείλομεν.

161 4132 345 4184 ΤΙΤΛ.
382 4129 479 4182 II".
502 4158 572 4169 -—
617 4132 766 4203 Περί
802 4130 1152 4199 βρωμάτων,
1198 4132 1299 4185 καὶ
1342 4133 1461 4187 τῶν
1497 4134 1645 4203 πρὸς
1675 4137 1741 4188 τὸ

699 4200 807 4269 ζῇν
847 4203 1206 4270 ἀναγκαίων,

240 4315 258 4346 ‹
307 4296 397 4359 Ὠς
455 4296 663 4366 λάχανα
719 4296 916 4366 χόρτου
963 4295 1171 4348 δέδωκα
1223 4297 1351 4366 ὑμῖν
1402 4297 1469 4350 τὰ
1525 4298 1736 4362 πάντα,

157 4388 301 4456 πλὴν
335 4388 475 4458 κρέα
520 4392 578 4442 ὲν
605 4390 798 4469 αἵματι
828 4388 1006 4465 ψυχῆς
1027 4390 1087 4442 οὺ
1113 4390 1375 4458 φάγεσθε.
1409 4412 1427 4443 ι

1859 3408 1926 3447 ne
1960 3404 2231 3461 geruntur
2261 3411 2276 3449 :
2307 3394 2452 3449 sicut
2489 3409 2555 3450 ea
2597 3411 2725 3468 quae
2775 3414 2840 3453 ex
2878 3399 3093 3455 ratione
3137 3400 3302 3466 ﬁunt,
3332 3402 3435 3457 ho-

1856 3496 2007 3541 nesta
2044 3496 2098 3542 et
2123 3487 2421 3544 laudanda.

1922 3579 2058 3633 Nili.
2080 3611 2149 3619 —
2168 3579 2391 3651 Absque
2408 3582 2550 3637 scita
2576 3583 3048 3649 consideratione,
3077 3586 3219 3641 nihil
3240 3603 3431 3644 eorum

1850 3686 1973 3740 quae
2003 3682 2294 3741 geruntur,
2327 3673 2529 3729 bonum
2568 3682 2675 3731 est.
2711 3674 2791 3731 Ne
2831 3688 2883 3730 te
2916 3677 3052 3731 illud
3094 3677 3270 3749 fugiat
3302 3696 3426 3748 nos,

1849 3761 1922 3816 ob
1956 3763 2141 3817 datam
2178 3766 2509 3819 sententiam
2544 3766 2613 3822 ab
2651 3765 2834 3821 oﬂicio
2882 3768 3120 3823 alienam
3151 3779 3207 3825 et
3240 3775 3428 3828 consi-

1848 3850 1983 3904 lium
2008 3866 2201 3920 parum
2236 3852 2411 3922 pium,
2438 3869 2467 3907 a
2492 3853 2683 3910 divino
2700 3870 2873 3926 regno
2891 3858 3133 3913 excludi.
3154 3859 3426 3925 Quocirca

1848 3940 2159 3997 faciendum
2189 3953 2275 3999 est
2307 3953 2369 4000 ut
2412 3945 2509 4010 iis,
2548 3949 2644 4017 qui
2690 3950 2986 4005 consilium
3034 3966 3064 4005 a
3114 3954 3273 4010 nobis
3329 3970 3426 4026 po-

1845 4041 2029 4098 scunt,
2053 4035 2159 4089 hoc
2190 4051 2405 4092 summa
2438 4038 2610 4093 animi
2647 4042 2949 4097 attentione
2985 4044 3355 4115 praebeamus.

1844 4150 1978 4204 TlT.
2010 4150 2228 4205 Xlll.—
2254 4152 2329 4207 De
2347 4153 2500 4218 cibis,
2538 4164 2588 4208 et
2620 4155 2773 4211 rebus
2801 4157 2871 4211 ad
2899 4159 3061 4212 vitam
3083 4164 3417 4219 necessariis.

1914 4304 2043 4359 Gen.
2083 4322 2161 4372 Ix,
2191 4306 2245 4360 5.
2285 4337 2353 4348 --
2398 4326 2415 4358 ι
2449 4307 2621 4374 Quasi
2671 4310 2820 4365 olera
2865 4312 3168 4369 herbarum
3214 4316 3416 4374 tradidi

1839 4394 1997 4449 vobis
2028 4396 2255 4462 omnia;
2298 4405 2530 4467 excepto
2563 4399 2713 4471 quod
2760 4415 2985 4459 carnem
3041 4404 3099 4459 in
3149 4410 3416 4479 sanguine

1838 4487 2035 4540 animae
2072 4502 2179 4542 non
2205 4490 2527 4546 comedetis.
2568 4510 2587 4543 ι

234 4586 251 4617 ι
299 4566 432 4619 Ἀπὸ
458 4565 673 4637 καρποῦ
722 4567 830 4620 τῶν
888 4567 1065 4637 ἔργων
1101 4584 1192 4619 σου
1237 4568 1730 4639 χορτασθήσεταιὴ

1909 4576 2057 4633 Psal.
2098 4596 2214 4644 cm,
2247 4580 2332 4633 15.
2365 4609 2433 4620 -
2455 4600 2474 4633 ι
2500 4580 2574 4637 De
2602 4582 2779 4639 fructu
2814 4600 3047 4655 operum
3082 4596 3303 4646 tuorum
3324 4609 3412 4650 sa-

152 4661 251 4729 γῆ·
286 4679 303 4710 ι

232 4775 248 4806 ι
276 4753 440 4824 Ἀρχὴ
457 4754 601 4825 ζωῆς
625 4752 946 4824 ἀνθρώπων,
966 4753 1146 4823 ἄρτος,
1168 4753 1262 4805 καὶ
1283 4752 1443 4824 ὕδωρ,
1466 4754 1557 4806 γαὶ
1575 4755 1728 4825 ἱμάτ·

152 4867 252 4909 ιον,
278 4851 373 4901 καὶ
402 4848 533 4917 πῦρ,
566 4848 660 4900 καὶ
684 4848 920 4916 σίδηρος,
941 4848 1032 4898 καὶ
1056 4845 1206 4910 ἃλας,
1242 4847 1512 4916 σεμίδαλις
1532 4848 1728 4917 πυροῦ,

152 4943 358 5001 ἔλαιον,
380 4941 539 5008 γάλα,
565 4941 708 5009 μέλι,
739 4940 912 4992 ταῦτα
938 4942 1047 5002 τοῖς
1083 4940 1360 4993 εὐσεϐέσιν
1386 4943 1465 5003 εἰς
1489 4941 1723 5008 ἀγαθά.»

229 5054 247 5085 1
291 5034 475 5097 Ἔδοξε
532 5034 608 5103 τῷ
669 5033 809 5103 ἁγίῳ
862 5032 1139 5103 Πνεύματι
1199 5034 1294 5087 καὶ
1343 5036 1500 5103 ἡμῖν,
1560 5034 1728 5103 μηδὲν

150 5127 314 5179 πλέον
343 5126 607 5178 ἐπιθεῖναι
639 5127 765 5193 ὑμῖν
794 5125 979 5196 βάρος,
1005 5126 1143 5196 πλὴν
1191 5126 1298 5178 τῶν
1322 5128 1409 5179 ἐπ’
1442 5126 1689 5195 ἀνάγκης
1709 5142 1723 5158 ⁸

145 5219 357 5271 τούτων
415 5220 738 5287 ἀπέχεσθαι,
784 5217 1173 5277 εἰδωλοθύτων,
1216 5218 1312 5272 καὶ
1350 5217 1604 5287 αἵματος,
1632 5219 1726 5272 καὶ

144 5309 411 5370 πνικτῶν,
436 5310 533 5361 καὶ
559 5308 813 5379 πορνείας
836 5326 847 5338 ·
880 5307 936 5373 ἐξ
965 5301 1037 5360 ὧν
1067 5308 1448 5378 διατηροῦντες
1474 5310 1721 5372 ἑαυτοὺς,

142 5400 201 5454 εὖ
233 5401 490 5472 πράξετε.
524 5421 543 5453 ι
614 5426 633 5443 ο

220 5602 237 5631 ι
272 5576 421 5641 Οἶδα,
460 5582 556 5634 καὶ
583 5581 888 5651 πέπεισμαι
916 5583 974 5635 ὲν
1015 5580 1205 5653 Κυρίῳ
1244 5581 1440 5651 Ἰησοῦ,
1463 5584 1544 5636 ὅτι
1567 5584 1721 5637 οὐδὲν

142 5675 322 5725 κοινὸν
362 5675 488 5743 παρ’
523 5674 707 5737 αὐτοῦ,
741 5675 789 5727 εί
826 5676 901 5745 μὴ
954 5674 1030 5743 τῷ
1061 5674 1397 5745 λογιζομένῳ
1444 5694 1495 5729 τι
1543 5678 1720 5732 κοινὸν

139 5762 299 5818 εἶναι.
324 5767 383 5817 Εἰ
410 5766 465 5818 δὲ
489 5766 579 5818 διὰ
602 5766 840 5836 βρῶμαὸ
863 5764 1089 5835 ἁδελφός
1121 5784 1215 5820 σου
1238 5766 1509 5836 λυπεῖται,
1536 5770 1717 5824 οὐκέτι

140 5857 284 5909 κατὰ
316 5857 533 5928 ἀγάπην
566 5858 906 5925 περιπατεῖς.
939 5855 1031 5926 Μὴ
1054 5855 1131 5926 τῷ
1162 5856 1407 5926 βρώματί
1440 5877 1532 5914 σου
1572 5862 1712 5913 ἐκεῖ-

1836 4667 2068 4722 tiabitur
2091 4678 2260 4724 terra.
2301 4690 2320 4721 ι

1906 4758 2076 4813 Eccli.
2127 4778 2315 4825 xxxix,
2370 4762 2458 4817 26.
2504 4794 2575 4803 —
2633 4784 2653 4817 I
2687 4766 2908 4824 lnitium
2969 4773 3098 4829 vitae
3147 4775 3405 4847 hominis,

1832 4862 1997 4916 aqua,
2040 4849 2206 4918 ignis,
2248 4850 2631 4909 indumentum
2663 4865 2716 4911 et
2746 4857 2981 4928 ferrum,
3016 4865 3122 4930 sal,
3152 4867 3409 4941 similago

1834 4940 2022 5004 tritici,
2056 4943 2260 5005 oleum,
2288 4943 2394 5008 lac,
2430 4946 2539 5000 mel
2575 4964 2588 4999 :
2622 4948 2736 5003 haec
2769 4950 2877 5019 piis
2903 4951 2960 5007 in
3001 4954 3165 5013 bona.
3203 4978 3225 5010 ι

1899 5030 2019 5085 Act.
2083 5048 2172 5097 xv,
2223 5033 2315 5086 98.
2365 5063 2437 5076 --
2494 5055 2513 5088 ι
2554 5036 2741 5093 Visum
2789 5050 2875 5096 est
2929 5042 3160 5112 Spiritui
3214 5060 3404 5107 sancto

1828 5128 1884 5176 et
1926 5123 2111 5186 nobis,
2160 5140 2272 5180 non
2320 5126 2447 5197 plus
2500 5129 2662 5186 vobis
2696 5131 2866 5203 398
2901 5134 3185 5206 imponere
3216 5145 3403 5199 oneris

1827 5228 1995 5283 quam
2028 5216 2145 5269 hazc
2177 5219 2493 5277 necessaria
2532 5238 2545 5273 :
2580 5229 2642 5274 ut
2684 5224 3011 5281 abstineatis
3044 5242 3141 5285 vos
3183 5233 3254 5285 ab
3296 5234 3399 5286 im-

1829 5309 2050 5365 molatis
2085 5311 2539 5377 simulacrorum,
2584 5324 2641 5369 et
2687 5318 2975 5386 sanguine,
3011 5328 3068 5375 et
3107 5322 3397 5390 suﬂ'ocato,

1825 5410 1879 5455 et
1907 5401 2283 5461 fornicatione
2335 5424 2347 5457 :
2385 5421 2417 5461 a
2451 5407 2658 5476 quibus
2699 5411 3076 5468 custodientes
3110 5429 3233 5480 vos,
3260 5416 3401 5473 bene

1826 5504 2017 5562 agetis.
2052 5515 2072 5546 ι
2991 5565 3006 5577 ,.

1895 5586 2049 5642 Rom.
2110 5606 2222 5655 xw,
2268 5591 2356 5655 H,
2410 5590 2497 5653 15,
2545 5590 2637 5646 25.
2670 5621 2737 5634 --
2777 5610 2798 5644 ι
2832 5594 2961 5648 Scio
2988 5604 3056 5663 ,ει
3095 5598 3315 5655 conﬁdo
3345 5602 3398 5655 in

1826 5680 2060 5736 Domino
2081 5681 2237 5748 Jesu,
2271 5684 2400 5753 quia
2442 5683 2580 5739 nihil
2603 5686 2917 5750 ',fcommune
2943 5696 3031 5743 est
3059 5701 3289 5762 propter
3314 5708 3394 5757 se,

1823 5770 1928 5825 nisi
1961 5771 2011 5825 ei
2042 5774 2133 5839 qui
2161 5773 2447 5829 existimat
2474 5774 2611 5844 quid
2659 5790 2950 5832 commune
2977 5792 3121 5835 esse.
3179 5779 3236 5834 Si
3292 5795 3396 5836 au-

1823 5872 1927 5917 tem
1978 5876 2200 5934 oroplcr
2243 5866 2429 5922 cibum
2456 5866 2624 5922 frater
2663 5876 2795 5927 tuus
2846 5871 3232 5937 contristatur,
3268 5873 3391 5949 jam
