4210 6448
213 460 350 527 1297

1419 446 1658 506 SACRA
1695 441 2159 504 PARALLELA.

3346 424 3477 491 129‘!

284 567 665 642 Πνευματικὸν
715 565 812 619 καὶ
871 559 1199 631 γνωστικὸν,
1260 557 1353 610 τὸν
1400 557 1564 609 αὐτὸν
1595 549 1735 606 οἶδεν
1773 573 1778 598 ε

1983 548 2128 603 Ibid.
2164 549 2258 602 lib.
2296 564 2348 601 v.
2378 576 2446 588 σ-
2483 545 2830 614 Spiritualem
2872 549 2924 596 ει
2953 541 3262 607 gnosticutn
3325 553 3468 592 eum-

223 661 548 725 Ἀπόστολος
569 704 583 727 ,
607 659 699 713 τὸν
747 655 842 710 τοῦ
866 654 1023 723 ἁγίου
1077 649 1394 721 Πνεύματος
1441 649 1705 719 μαθητὴν.
1727 675 1796 687 —

222 760 280 811 Ὀ
316 753 618 826 γνωστικὸς
671 750 859 804 θεόθεν
904 744 1088 799 λαϐὼν
1141 744 1201 796 τὸ
1230 741 1493 795 δύνασθαι
1534 739 1792 809 ὠφελεῖν,

209 851 474 920 ὀνίνησιν,
495 849 624 909 τοὺς
665 845 764 915 μὲν
793 843 862 913 τῇ
897 837 1370 909 παρακολουθήσει
1414 833 1791 904 σχηματίζων,

209 942 336 1005 τοὺς
366 939 421 992 δὲ
450 941 516 1010 τῇ
551 934 873 1006 ἐξομοιώσει
924 932 1392 1004 προτρεπόμενος,
1442 929 1568 990 τοὺς
1606 925 1664 979 δὲ
1699 928 1794 978 καί

208 1038 275 1106 τῇ
311 1030 606 1105 προστάξει
637 1027 912 1084 παιδεύων
941 1026 1035 1080 καὶ
1060 1023 1345 1078 διδάσκων.

279 1208 391 1260 Καί
434 1224 524 1278 μοι
575 1205 973 1273 καταφαίνεται
1006 1201 1134 1273 τρία
1163 1194 1306 1252 εἶναι
1341 1196 1444 1268 τῆς
1481 1194 1792 1265 γνωπικῆς

203 1300 493 1370 δυνάμεως
515 1296 932 1365 ἀποτελέσματα
949 1309 962 1324 ⁸
983 1294 1043 1346 τὸ
1063 1291 1353 1361 γινώσκειν
1374 1289 1444 1344 τὰ
1464 1289 1787 1360 πράγματα’

204 1391 479 1460 δεύτερον,
529 1389 590 1442 τὸ
621 1388 927 1442 ἐπιτελεῖν⁸
965 1386 1172 1456 τρίτον,
1211 1383 1274 1436 τὸ
1312 1381 1667 1453 παραδιδόναι
1701 1380 1790 1433 δύ-

205 1483 401 1537 νασθαι
429 1479 748 1552 θεοπρεπῶς
784 1479 854 1532 τά
884 1478 1038 1548 παρά
1065 1478 1132 1547 τῇ
1154 1474 1386 1546 ἀληθείᾳ
1405 1470 1783 1544 κεκρυμμένα.

202 1604 274 1615 --
312 1574 528 1643 Ὠσπερ
579 1574 689 1626 πᾶν
741 1571 769 1625 ὃ
828 1569 1103 1640 βούλεται,
1150 1567 1376 1620 δύναται
1405 1566 1434 1618 6
1459 1565 1612 1630 Θεὸς,
1644 1562 1788 1616 οὕτω

202 1668 314 1720 πᾶν
352 1666 380 1719 ὅ
399 1667 465 1719 ἂν
493 1665 693 1736 αἰτήσῃ
717 1666 745 1718 ὀ
767 1662 1092 1733 γνωστικὸς,
1141 1657 1431 1729 λαμϐάνει.
1452 1685 1524 1698 -—
1551 1654 1785 1709 Ἔπεται

1898 649 2023 701 dem
2055 640 2395 717 {Apostolus}
2425 639 2695 710 agnoscit,
2718 652 2844 691 eum
2880 649 3079 705 nempe
3110 633 3202 703 qui
3243 631 3464 700 Spiritu.

1899 736 2082 794 sancti
2108 734 2415 802 discipulus
2445 740 2549 786 est.
2580 761 2652 771 -—
2679 728 2994 791 Gnosticus,
3032 740 3159 779 cum
3193 722 3245 776 id
3283 722 3480 775 divini-

1898 839 1985 884 tus
2014 833 2350 883 consecutus
2395 833 2501 888 est,
2552 831 2611 875 ut
2666 819 2928 891 prodesse
2979 818 3172 887 possit,
3221 813 3289 867 ad
3337 814 3478 865 ltum.

1898 922 2118 975 modum
2142 919 2320 988 juvat,
2346 923 2404 969 ιιι
2435 916 2574 969 alios
2612 929 2710 983 per
2735 910 3160 967 assectationetn
3193 905 3478 966 informet,

1897 1028 1992 1082 per
2037 1006 2594 1084 imitationemﬁtlios
2644 1004 2993 1068 cohortetur,
3049 1000 3186 1055 alios
3240 997 3476 1065 denique

1895 1101 2268 1175 praecipiendo
2301 1097 2522 1155 erudiat
2551 1107 2607 1151 et
2639 1097 2855 1151 doceat.

1964 1192 2107 1247 Ibid.
2157 1191 2250 1243 lib.
2285 1204 2383 1244 vn.
2413 1219 2484 1230 —-
2527 1186 2657 1240 Mihi
2697 1199 2917 1255 quoque
2946 1181 3207 1254 gnosticae
3242 1179 3471 1232 faculta-

1892 1289 1965 1343 tis
2007 1298 2118 1342 tres
2143 1284 2369 1340 eﬂ'ectus
2415 1281 2679 1336 videntur
2711 1296 2724 1333 :
2761 1280 2990 1347 primus,
3044 1290 3133 1330 res
3165 1273 3474 1344 exploratas

1892 1382 2131 1444 habere;
2168 1377 2466 1439 secundus,
2497 1372 2759 1442 exsequi;
2794 1371 2990 1425 tertius
3010 1367 3267 1438 denique,
3288 1379 3449 1436 posse

1885 1475 2039 1543 juxta
2093 1487 2160 1525 ac
2211 1471 2434 1540 dignum
2472 1468 2582 1521 Deo
2632 1475 2740 1532 est,
2798 1463 2921 1518 aliis
2965 1478 3027 1518 ea
3083 1459 3318 1522 tradere,
3350 1472 3479 1527 qua

1888 1567 2030 1636 apud
2081 1566 2366 1620 veritatem
2409 1562 2662 1616 abstrusa
2704 1564 2854 1612 sunt.
2895 1583 2967 1597 --
2996 1551 3471 1621 Quemadmodum

1889 1660 2034 1715 Deus
2067 1656 2336 1730 quidquid
2366 1654 2502 1718 vult,
2527 1659 2710 1724 potest
2742 1668 2757 1704 ε
2787 1650 2868 1704 sic
2896 1646 3161 1719 quidquid
3181 1645 3471 1717 gnosticus

200 1761 268 1830 τῇ
308 1757 510 1826 γνώσει
544 1755 612 1811 τά
662 1756 820 1828 ἔργα,
870 1755 946 1819 ὡς
1001 1752 1080 1824 τῷ
1100 1750 1318 1820 σώματι
1347 1752 1381 1819 ἠ
1422 1748 1574 1802 σκιά.
1612 1777 1682 1786 -
1708 1747 1778 1799 Οὐ

1891 1753 2128 1823 petierit,
2177 1749 2400 1818 accipit.
2447 1776 2516 1788 --
2547 1744 2708 1800 Velut
2753 1742 2949 1798 umbra
3001 1753 3220 1810 corpus,
3279 1752 3468 1791 veram

203 1852 604 1925 μνησικακήσει
657 1851 686 1903 ὀ
751 1847 1058 1918 γνωστικός
1144 1860 1311 1898 ποτε·
1362 1843 1422 1895 οὐ
1490 1840 1786 1912 χαλεπανεῖ

197 1945 401 2012 οὐδενὶ,
423 1945 528 1999 κᾶν
560 1943 752 2016 μίσους
807 1941 936 2009 ἄξια
991 1940 1258 2010 τυγχάνῃ,
1285 1939 1372 2005 ἐφ’
1408 1931 1490 1999 οἷς
1513 1935 1782 2006 διαπράτ-

196 2057 372 2093 τεται.
402 2038 557 2090 Σέϐει
590 2036 690 2107 μὲν
709 2035 817 2108 γὰρ
843 2034 937 2088 τὸν
956 2030 1216 2103 Ποιητὴν,
1251 2029 1443 2099 ἀγαπᾷ
1470 2028 1528 2081 δὲ
1553 2025 1642 2079 τὸν
1673 2043 1784 2078 κοι-

198 2128 427 2182 νωνικὸν
452 2127 548 2181 τοῦ
582 2126 725 2197 βίου,
758 2125 1044 2193 οἰκτείρων
1069 2123 1167 2177 καὶ
1209 2119 1649 2190 ὑπερευχόμενος
1680 2117 1780 2170 αὐ-

196 2221 292 2274 τοῦ
317 2221 405 2274 διὰ
431 2220 531 2291 τὴν
588 2220 813 2288 ἄγνοιαν
857 2215 1043 2270 αὐτοῦ.
1072 2245 1141 2256 --
1165 2213 1271 2267 Τὸν
1318 2209 1620 2281 γνωστικὸν
1641 2208 1783 2262 οὐδέ-

197 2337 331 2373 ποτε
363 2319 424 2372 τὸ
454 2319 705 2372 πλουτεῖν
732 2315 924 2387 γήθειν
983 2315 1148 2381 ποιεῖ,
1178 2312 1302 2366 οὐδὲ
1334 2311 1443 2366 τῶν
1480 2310 1782 2382 χρημάτων

198 2413 451 2482 ἀπορεῖν,
485 2411 565 2475 είς
595 2409 926 2463 ταπείνωσιν
973 2406 1118 2474 ἄγει,
1174 2405 1276 2475 τῆς
1309 2404 1511 2474 ἀρετῆς
1555 2401 1647 2454 καὶ
1691 2417 1779 2453 σο-

198 2506 329 2574 φίας
357 2503 522 2557 αὑτὸν
548 2499 954 2574 ὑπερυψούσης.
984 2497 1080 2552 καὶ
1124 2495 1379 2567 ὑπεράνω
1413 2493 1594 2546 αὐτῶν
1624 2492 1778 2545 ἵστα-

202 2599 328 2652 σθαι
354 2594 906 2668 παρασκευαζούσης.
935 2592 1011 2654 ώς
1029 2590 1117 2646 διὰ
1137 2588 1544 2662 μεγαλοψυχίαν
1569 2585 1780 2640 ὲναδια-

201 2691 389 2762 φορεῖν
421 2691 532 2754 τοῖς
553 2690 706 2760 ήδέσι
736 2689 830 2744 καὶ
861 2686 1070 2761 ἀηδέσι.

197 2905 384 2960 ΤΙΤΛ.
414 2905 490 2961 B'.
519 2903 753 2974 -Περῑ
779 2903 908 2974 τογῦ,
945 2922 964 2955 ι
1013 2901 1204 2974 Γνῶθι
1240 2901 1524 2974 σεαντόν,
1566 2920 1583 2952 ι
1621 2900 1776 2974 ἤτοι,

280 2993 299 3026 ι
325 2977 594 3045 Πρόσεχε
633 2971 900 3039 σὲαυτιῖν
936 2992 954 3026 r
1001 2973 1244 3045 xaté’tt
1271 2972 1385 3045 χρὴ
1419 2973 1682 3025 ἕκαστον
1705 2971 1779 3025 τὰ

271 3043 458 3100 οἰκεῖα
490 3043 906 3114 περισκοπεῖν,
936 3045 1036 3098 καὶ
1055 3043 1142 3115 μὴ
1184 3043 1259 3098 τὰ
1296 3043 1590 3111 ἀλλότρια
1620 3055 1777 3111 περι-

269 3115 636 3188 εργὰζεσθαι.

268 3229 513 3302 Πρόσεχε
571 3229 805 3301 σεαυτῷ,
852 3229 947 3284 καὶ
1008 3228 1242 3298 φύλαξον
1289 3227 1388 3298 τὴν
1449 3227 1629 3298 ψυχήν
1679 3243 1773 3279 σου

200 3324 432 3395 σφόδρα,
474 3325 550 3396 μὴ
581 3323 820 3395 ὲπιλάθῃ
845 3323 1059 3386 πάντας
1080 3321 1204 3385 τοὺς
1224 3322 1438 3389 λόγους,
1471 3319 1563 3383 οὒς
1597 3321 1775 3386 ἑωρά-

195 3430 361 3467 κασιν
397 3415 447 3466 οἱ
474 3413 745 3497 ὀφθαλμοί
809 3432 905 3468 σου
929 3431 943 3444 ·
999 3412 1092 3467 καὶ
1128 3412 1204 3484 μὴ
1246 3413 1642 3483 άποστήτωσαν
1667 3410 1776 3464 ἀπὸ

193 3505 298 3574 τῆς
333 3506 560 3576 καρδίας
587 3523 703 3560 σου.
737 3524 756 3557 ι

274 3618 292 3650 ι
327 3601 388 3651 υί
420 3600 632 3653 ἑαυτῶν
662 3598 1060 3669 ἐπιγνώμονες,
1095 3596 1271 3666 σοφοί.
1312 3617 1330 3648 ι

273 3794 291 3828 ι
332 3776 698 3848 Συντήρησον,
729 3777 826 3830 καὶ
847 3777 1084 3848 πρόσεχε
1110 3775 1374 3846 σφοδρῶς,
1397 3775 1480 3828 ὅτι
1505 3774 1643 3845 μετὰ
1671 3774 1771 3844 τῆς

190 3867 459 3932 πτώσεώς
493 3887 585 3922 σου
617 3871 962 3939 περιπατεῖς.
994 3887 1014 3921 ι

272 3978 290 4012 ι
338 3962 426 4014 Ἑν
455 3961 595 4032 φίλῳ
623 3961 719 4015 καὶ
741 3961 921 4033 ἐχθρῷ
953 3961 1026 4032 μὴ
1051 3959 1242 4032 διηγοῦ
1269 3960 1439 4030 βίους,
1467 3960 1585 4014 ἀλλ’
1619 3960 1768 4013 ἐπαί-

187 4070 340 4116 νους.
383 4054 495 4106 Καὶ
524 4054 577 4107 εἴ
609 4053 691 4107 σοί
735 4056 884 4108 ἐστιν
914 4053 1184 4124 ἁμαρτία,
1220 4052 1295 4124 μὴ
1340 4052 1711 4108 άποκάλυπτε.
1746 4070 1765 4104 ι

272 4252 289 4285 ι
319 4231 384 4285 Τί
403 4232 624 4303 βλέπεις
642 4233 703 4286 τὸ
720 4233 929 4304 κάρφος
947 4234 1006 4286 ὲν
1040 4233 1116 4303 τῷ
1136 4233 1397 4304 ὀφθαλμῷ
1418 4231 1513 4286 τοῦ
1539 4232 1767 4302 ἀδελφοῦ

191 4341 322 4391 σου,
352 4327 452 4396 τὴν
477 4326 534 4379 δὲ
573 4327 633 4378 ὲν
661 4325 739 4396 τῷ
763 4324 840 4397 σῷ
864 4325 1134 4397 ὀφθαλμῷ
1179 4325 1336 4380 δοκὸν
1356 4326 1418 4380 οὐ
1446 4325 1767 4389 κατανοεῐς;

184 4419 224 4490 ἢ
261 4419 375 4482 πῶς
406 4421 551 4490 ἐρεῖς
577 4417 655 4490 τῷ
679 4418 894 4488 ἀδελφῷ
921 4436 1037 4482 σου,
1073 4420 1265 4487 Ἀφες,
1300 4417 1499 4472 ἔκϐαλε
1529 4419 1590 4470 τὸ
1632 4417 1770 4487 κάρ-

1887 1847 2178 1903 scientiam
2221 1850 2378 1898 actus
2428 1846 2755 1911 sequuntur.
2788 1866 2862 1878 —
2885 1834 3177 1903 Nunquam
3215 1826 3470 1885 meminit

1886 1938 2167 2011 guosticus
2207 1934 2538 2006 injuriarum
2585 1937 2930 1988 :succenset
2973 1924 3202 1986 nemini,
3247 1919 3464 1975 etiamsi

1883 2034 2048 2103 digna
2087 2031 2198 2087 sint
2235 2029 2400 2092 odio.
2427 2042 2551 2097 qua
2604 2031 2750 2096 gesta
2793 2030 2984 2077 contra
3016 2034 3075 2074 se
3108 2016 3332 2072 fuerint.
3369 2012 3465 2066 Et-

1884 2127 2030 2180 enim
2054 2124 2129 2179 uti
2182 2122 2500 2178 Creatorem
2557 2117 2709 2182 colit,
2752 2115 2831 2170 sic
2880 2113 3007 2167 vita
3049 2110 3259 2164 socium
3294 2113 3461 2168 amat,

1883 2233 2119 2288 eumque
2153 2213 2486 2286 ignorantia;
2529 2209 2755 2265 nomine
2787 2205 3236 2267 commiseratur,
3270 2205 3326 2254 et
3359 2213 3460 2268 pro

1882 2327 1950 2367 eo
1979 2326 2173 2383 preces
2228 2307 2430 2362 fundit.
2466 2335 2536 2344 —
2575 2303 2899 2358 Gnosticum
2936 2309 3213 2368 nunquam
3251 2291 3459 2348 divitias

1882 2403 2182 2464 delectant,
2216 2412 2318 2452 nec
2363 2411 2526 2465 opum
2569 2393 2791 2464 penuria
2832 2390 3105 2460 abiectum
3149 2399 3214 2440 ac
3254 2383 3455 2438 demis-

1881 2511 2005 2553 sum
2029 2493 2212 2551 reddit
2247 2510 2262 2548 :
2291 2490 2492 2562 quippe
2521 2503 2684 2561 quem
2710 2487 2884 2540 virtus
2901 2491 2955 2539 et
2983 2477 3252 2552 sapientia
3282 2477 3337 2531 in
3370 2474 3452 2528 al-

1882 2604 1997 2647 tum
2023 2592 2228 2655 ferant,
2267 2587 2443 2658 iisque
2482 2583 2864 2642 sublimiorem
2919 2577 3173 2641 reddant,
3217 2573 3354 2630 adeo
3396 2581 3456 2627 ut

1880 2687 1951 2742 ob
1982 2683 2152 2740 animi
2178 2681 2481 2737 celsitatem
2507 2675 2755 2750 jucunda
2789 2686 3045 2746 paratque
3075 2681 3130 2724 et
3150 2664 3450 2738 injucunda

1881 2780 2100 2833 habeat.

1878 2913 2017 2996 ΤΙΤἶ
2042 2911 2106 2965 II.
2134 2907 2298 2962 -De
2356 2908 2452 2961 illo
2505 2905 2766 3029 e/Zut_o,_t
2806 2897 2982 2953 Nosce
3011 2896 3256 2975 “ipsum,
3303 2910 3321 2974 ξ
3357 2906 3446 2943 seu

1944 2994 2129 3029 mam-
2182 2998 2200 3029 ι
2240 2980 2468 3029 Attende
2498 2985 2534 3029 tt
2578 2990 2722 3029 tum
2762 2987 2780 3026 :
2817 2990 2836 3024 ι
2873 2978 2923 3024 et
2960 2965 3100 3029 quod
3126 2963 3180 3016 id
3228 2976 3446 3029 quisque

2182 2998 2200 3031 ι
2240 2980 2468 3032 Attende
2498 2963 2593 3029 tibi
2622 2963 2723 3044 ipsi
2762 2987 2780 3026 :
2817 2990 2836 3024 ι
2873 2978 2923 3024 et
2960 2965 3100 3044 quod
3126 2963 3181 3044 id
3223 2963 3448 3044 quisque

1946 3035 2156 3108 studere
2207 3049 2412 3113 debeat,
2453 3057 2512 3100 ut
2561 3035 2677 3116 quis
2716 3060 2814 3098 sua
2858 3035 3004 3102 sunt,
3047 3035 3315 3104 inspiciat,
3355 3047 3447 3085 ne:

1948 3125 2125 3178 aliena
2156 3119 2486 3190 pervestiget.

1949 3239 2103 3293 Deut.
2134 3236 2276 3302 tv,9.
2313 3265 2381 3275 —
2403 3253 2421 3285 ι
2445 3231 2679 3288 Attende
2703 3228 2800 3284 tibi
2838 3225 2966 3298 ipsi,
2992 3233 3045 3278 et
3079 3220 3289 3278 custodi
3322 3218 3443 3274 ani-

1876 3347 2022 3388 mam
2051 3339 2203 3385 tuam
2237 3327 2398 3383 valde
2423 3344 2439 3394 ;
2461 3342 2532 3380 ne
2569 3320 2920 3379 obliviscaris
2956 3315 3202 3371 omnium
3233 3326 3443 3369 sermo-

1877 3440 2002 3480 num
2030 3430 2277 3487 tuorum,
2322 3435 2443 3490 quae
2472 3416 2729 3472 viderunt
2772 3412 2913 3468 oculi
2957 3411 3034 3465 ttti
3068 3429 3082 3465 :
3108 3417 3164 3464 et
3194 3422 3262 3463 ne
3291 3421 3439 3461 rece-

1877 3517 2009 3573 dant
2038 3515 2107 3570 de
2129 3513 2296 3568 corde
2332 3521 2450 3566 tuo.
2491 3530 2512 3564 ›

1946 3606 2105 3661 Prov.
2136 3603 2372 3668 xtu,10.
2420 3632 2490 3642 -
2543 3620 2561 3652 ι
2592 3597 2696 3667 Qui
2747 3597 2955 3665 seipsos
2991 3600 3209 3658 norunt,
3260 3589 3316 3643 hi
3349 3602 3439 3642 sa-

1874 3699 2087 3770 pientes
2109 3707 2262 3752 sunt.
2300 3714 2320 3747 ι

1945 3790 2115 3845 Eccli.
2159 3805 2283 3854 xm,
2336 3786 2422 3841 16.
2463 3815 2532 3824 --
2576 3801 2595 3835 ι
2634 3779 2779 3838 Cave
2810 3778 2935 3841 tibi,
2975 3784 3028 3832 et
3056 3771 3279 3830 attende
3309 3769 3438 3825 dili-

1873 3890 2085 3952 genter,
2113 3879 2376 3951 quoniam
2405 3890 2532 3930 cum
2558 3871 2919 3929 subversione
2945 3876 3035 3921 tua
3070 3864 3337 3920 ambulas.
3377 3880 3402 3914 ν

1942 3973 2113 4029 Eccii.
2162 3988 2280 4036 xIx,
2323 3969 2378 4025 8.
2409 3998 2478 4010 —-
2507 3987 2525 4018 ‹
2564 3967 2754 4020 Amico
2804 3972 2859 4018 et
2905 3960 3131 4016 inimico
3177 3966 3276 4011 tuo
3326 3955 3436 4008 noli

1872 4080 2101 4121 narrare
2147 4065 2317 4118 vitam
2348 4071 2519 4122 tuam,
2562 4057 2654 4112 sed
2697 4056 2884 4110 laudes
2917 4074 2931 4107 :
2961 4061 3013 4106 et
3061 4051 3104 4105 si
3157 4049 3258 4103 tibi
3297 4046 3437 4102 deli-

1870 4169 2019 4215 ctum
2053 4164 2158 4217 est.
2183 4154 2296 4211 noli
2326 4151 2628 4208 denudare.
2667 4168 2687 4202 ι

1944 4248 2137 4305 Matth.
2172 4262 2272 4310 vn,
2309 4244 2365 4310 ’5,
2403 4242 2459 4297 4.
2508 4273 2574 4285 -
2608 4260 2626 4292 ι
2662 4237 2805 4306 Quid
2859 4235 3013 4290 vides
3059 4233 3325 4288 festucam
3384 4229 3444 4284 in-

1872 4342 2032 4396 nequ
2082 4337 2272 4392 fratris
2303 4335 2407 4400 tui,
2441 4343 2498 4390 et
2540 4333 2747 4386 trabem
2790 4344 2908 4398 qua:
2931 4328 2983 4382 in
3012 4324 3173 4381 oculo
3209 4333 3303 4378 tuo
3332 4333 3438 4384 est,

1872 4449 1980 4489 non
2009 4428 2205 4486 vides?
2234 4437 2330 4482 aut
2371 4421 2650 4495 quomodo
2696 4422 2847 4477 dices
2880 4417 3036 4473 fratri
3088 4423 3184 4469 tuo
3220 4431 3236 4468 :
3283 4412 3436 4478 Sine,

186 4531 292 4582 φος
313 4514 376 4566 ἐκ
405 4513 499 4568 τοῦ
532 4513 812 4584 ὀφθαλμοῦ
843 4531 936 4566 σου
959 4530 975 4545 ο
1022 4513 1115 4566 καὶ
1158 4513 1267 4567 ἰδοὺ
1329 4514 1362 4584 ἡ
1403 4513 1557 4576 δοκὸς
1594 4515 1651 4566 ὲν
1685 4512 1764 4581 τῷ

1891 4525 2081 4596 :jiciam
2128 4521 2393 4577 festucam
2443 4517 2513 4573 de
2556 4515 2719 4571 oculo
2774 4521 2890 4578 tuo,
2942 4519 2996 4565 et
3027 4523 3155 4565 ecce
3191 4505 3346 4562 trabs
3383 4505 3437 4557 in

183 4605 454 4677 ὀφθαλμῷ
487 4624 580 4659 σου
607 4626 620 4672 ;
662 4605 985 4676 ’Υποκριτὰ,
1014 4604 1211 4659 ἔκϐαλε
1240 4604 1457 4674 πρῶτον
1477 4604 1574 4675 τὴν
1610 4605 1767 4657 δοκὸν

184 4699 259 4751 ὲκ
283 4698 376 4751 τοῦ
411 4697 690 4768 ὀφθαλμοῦ
719 4715 838 4762 σου,
871 4699 967 4750 καὶ
1003 4696 1127 4749 τότε
1168 4695 1482 4765 διαϐλέψεις
1513 4695 1764 4749 ἐκϐαλεῖν

183 4790 252 4845 τὸ
280 4791 489 4863 κάρφος
510 4791 572 4845 τὸ
599 4793 658 4845 ὲν
683 4791 761 4862 τῷ
792 4787 1057 4861 ὀφθαλμῷ
1084 4788 1181 4843 τοῦ
1216 4787 1448 4859 ἀδελφοῦ
1480 4797 1594 4843 σουζ
1623 4809 1641 4841 ι

264 4900 287 4936 ε
316 4884 407 4946 Μὴ
446 4883 692 4954 κρίνετε,
721 4883 807 4934 ἵνα
845 4881 920 4952 μὴ
950 4880 1194 4952 κριθῆτε.
1235 4899 1252 4931 ι

266 5079 284 5110 ι
327 5057 550 5125 Σκόπει,
585 5059 659 5130 μὴ
680 5059 741 5112 τὸ
774 5059 890 5128 φῶς
919 5060 980 5112 τὸ
1004 5061 1062 5113 ὲν
1095 5059 1177 5113 σοὶ
1208 5059 1398 5123 σκότος
1427 5061 1594 5112 ἐστιν.
1635 5078 1653 5109 ι

266 5279 283 5310 ι
314 5260 385 5312 Σὺ
408 5258 492 5322 τίς
523 5254 575 5310 εἷ
637 5261 665 5311 ὀ
703 5257 907 5329 κρίνων
929 5257 1212 5328 ἀλλότριον
1249 5258 1506 5326 οικέτηνς
1541 5257 1616 5325 τῷ
1648 5256 1764 5327 ἰδίῳ

181 5353 363 5422 κυρίῳ
396 5352 604 5422 στήκει,
636 5351 670 5422 ἢ
700 5351 911 5404 πίπτει.
957 5351 1294 5419 Σταθήσεται
1323 5349 1412 5402 δέ·
1452 5348 1676 5409 δυνατὸς
1705 5348 1763 5399 δὲ

176 5449 210 5500 6
251 5447 385 5511 Θεὸς
445 5448 642 5507 στῆσαι
705 5447 869 5500 αὐτόν
892 5489 907 5502 .
966 5446 1038 5498 Σὺ
1063 5446 1121 5498 δὲ
1164 5445 1217 5499 τί
1246 5445 1454 5516 κρίνεις
1485 5445 1576 5497 τὸν
1604 5444 1760 5498 (Ξιδελ⁸

179 5540 284 5609 φόν
330 5557 461 5607 σου;
508 5540 716 5604 Πάντες
771 5541 1234 5612 παραστησόμεθα
1285 5539 1364 5610 τῷ
1415 5540 1616 5609 βήματι
1667 5537 1761 5590 τοῦ

179 5630 448 5703 Χριστοῦ.
486 5650 502 5681 ι

262 5743 281 5775 ‹
320 5721 552 5776 Σεαυτὸν
575 5724 736 5790 ἁγνὸν
757 5725 931 5794 τήρει,
966 5742 982 5773 ι

263 5913 287 5952 1
327 5897 383 5952 ’0
397 5897 713 5953 καταλαλῶν
737 5899 826 5952 τοῦ
844 5897 1072 5964 ἀδελφοῦ
1100 5896 1329 5963 uitali
1352 5897 1569 5965 κρίνων,
1591 5914 1752 5951 κατα-

1868 4595 2028 4672 oculo
2061 4624 2156 4667 tuo
2183 4612 2207 4664 ?
2237 4608 2559 4682 Hypocrita,
2600 4605 2740 4676 ejice
2774 4604 2927 4676 prius
2954 4601 3162 4656 trabem
3188 4597 3256 4652 de
3281 4595 3440 4651 oculo

1868 4719 1986 4773 tuo,
2040 4715 2097 4761 et
2145 4714 2278 4759 tunc
2317 4700 2532 4756 videbis
2576 4699 2782 4769 ejicere
2838 4695 3103 4749 festucam
3161 4688 3230 4743 de
3278 4686 3441 4742 oculo

1868 4796 2054 4854 fratris
2085 4795 2185 4850 tui.
2227 4811 2247 4845 ›

1937 4887 2066 4941 Luc.
2094 4902 2168 4949 Vl,
2206 4883 2295 4939 57.
2324 4913 2391 4923 —-
2430 4899 2448 4932 ι
2478 4880 2658 4934 Nolite
2689 4875 2962 4946 judicare,
3001 4885 3057 4930 et
3091 4888 3200 4927 non
3232 4871 3441 4925 iudica-

1867 4976 2082 5035 bimini.
2116 4995 2136 5027 ι

1935 5068 2065 5121 Luc.
2101 5083 2180 5129 χι,
2202 5064 2292 5119 55.
2325 5093 2390 5102 —
2419 5081 2436 5113 ι
2470 5059 2629 5113 Vide.
2665 5074 2733 5112 ne
2769 5058 2949 5111 lumen
2990 5055 3134 5126 quod
3166 5053 3222 5109 in
3246 5060 3300 5108 te
3328 5059 3435 5114 est,

1866 5161 2099 5216 tenebrce
2128 5157 2261 5212 sint.
2280 5166 2291 5177 '
2307 5173 2326 5207 ›

1938 5249 2087 5303 Rom.
2123 5264 2234 5312 xlv,
2265 5246 2492 5299 4-10.--
2527 5261 2545 5292 ι
2576 5241 2654 5295 Tu
2681 5241 2807 5311 quis
2829 5256 2909 5304 es,
2935 5238 3026 5310 qui
3071 5236 3285 5306 iudicas
3309 5235 3439 5287 alie-

1864 5360 1994 5398 num
2042 5339 2311 5397 servum?
2358 5337 2592 5390 Domino
2626 5350 2727 5389 suo
2772 5341 2879 5388 stat
2917 5338 3011 5384 aut
3045 5329 3214 5383 cadit.
3260 5327 3438 5381 Stabit

1863 5440 2068 5486 autem.
2103 5429 2307 5482 Potens
2355 5435 2440 5480 est
2484 5425 2630 5479 enim
2676 5425 2816 5478 Deus
2849 5431 3096 5476 statuere
3135 5420 3312 5473 illutn.
3355 5415 3437 5469 Tu

1863 5535 2042 5579 autem
2071 5520 2437 5590 quidjudicas
2469 5517 2696 5572 fratrem
2735 5517 2936 5570 tuum?
2974 5514 3177 5569 Omnes
3229 5511 3439 5568 astabi-

1861 5633 1987 5672 mus
2016 5624 2145 5670 ante
2179 5613 2422 5668 tribunal
2450 5611 2680 5665 Christi.
2721 5629 2740 5660 ι

1927 5707 2091 5780 ωο
2142 5706 2168 5760 1
2205 5705 2344 5760 Tim.
2387 5721 2440 5771 ν,
2486 5704 2576 5758 29..
2628 5735 2689 5746 —
2732 5722 2751 5754 ι
2791 5701 3046 5770 Teipsum
3094 5707 3304 5754 castum
3341 5712 3437 5750 cu-

1861 5803 2027 5859 stodi.
2065 5821 2083 5853 ι

1937 5894 2059 5950 Jac.
2096 5910 2166 5962 tv,
2218 5892 2300 5947 ll.
2350 5924 2415 5936 —-
2453 5910 2471 5944 ι
2513 5891 2617 5958 Qui
2671 5889 2913 5945 detrahit
2975 5885 3156 5954 fratri,
3206 5893 3298 5939 aut
3347 5882 3434 5951 ju.-
