4210 6448
224 418 356 486 1301

1501 430 1731 488 δΛΕΡιΑ
1775 430 2211 491 PARALLELA

3341 419 3483 487 13C2

219 533 428 605 τροφὰς
453 532 550 586 καὶ
583 533 967 606 σκεπάσματα,
993 539 1139 609 ψυχῇ
1179 562 1236 592 οε
1284 540 1414 610 δὸγι.
1439 561 1459 591 ι
1488 545 1794 606 ευ-τεϐεἷιις,

1900 543 2156 597 Animum
2188 560 2341 599 cur...
2395 562 2487 616 qu.
2531 540 2863 598 immortalis
2893 548 3001 595 est.
3036 537 3265 592 Summo
3291 533 3479 590 studio

221 625 446 696 ἀγωγὴν
475 623 719 691 ἀστείαν,
749 628 952 698 ἀρετῆς
971 628 1224 698 ἄσκησιν,
1262 630 1450 684 παθῶ·¹
1485 633 1795 700 ἐπανόρθω-

222 733 338 769 σινο
370 717 447 788 μὴ
480 718 859 789 ὑπερπιαίνειν
879 719 941 772 τὸ
961 722 1139 790 σῶμα,
1174 723 1310 792 μηδὲ
1333 740 1461 793 περ,
1496 723 1588 776 τὸν
1642 724 1798 794 ὄχλον

222 809 333 861 τῶν
364 809 583 881 σαρκῶν
603 812 1016 868 ἐσπουδακέναι.
1072 815 1288 887 Ἐπειδὴ
1328 819 1438 893 γὰρ
1481 829 1493 860 -‘
1515 820 1738 891 τιθυμεῖ
1766 824 1798 888 ἠ

226 901 365 972 σὰρξ
391 902 534 956 κατά
581 901 677 957 τοῦ
718 905 1051 977 πνεύματος,
1087 909 1148 962 τὸ
1176 909 1234 962 δέ
1279 911 1496 984 πνεῦμα
1523 916 1664 968 κατὰ
1698 914 1802 983 τῆς

224 995 447 1065 σαρκὸς,
469 995 641 1050 ταῦτα
667 997 725 1051 δέ
751 998 1003 1070 ἀλλήλοις
1059 1001 1410 1068 ἁντίκεινται,
1441 1008 1532 1078 ὃρι,
1585 1009 1797 1078 μήποτε

222 1086 561 1156 προθέμενος
583 1090 649 1159 τῇ
701 1090 886 1158 σαρκὶ,
942 1092 1142 1164 πολλὴν
1189 1096 1479 1169 παράσχῃς
1501 1117 1546 1151 τι
1572 1117 1599 1150 ν
1634 1102 1784 1153 δυναο

224 1175 411 1229 στείαν
441 1176 519 1247 τῷ
547 1178 772 1249 χείρονι.
804 1181 1015 1253 ’Ὠσπερ
1057 1183 1165 1254 γάρ
1195 1188 1254 1239 ἐν
1296 1191 1418 1252 ταῖς
1462 1192 1659 1257 ῥοπαῖς
1683 1193 1793 1244 τῶν

223 1265 426 1332 ζυγῶν,
450 1269 544 1323 ἐὰν
572 1269 702 1340 μίαν
730 1272 1114 1346 καταϐαρύνῃς
1155 1277 1495 1348 πλάστιγγα,
1536 1288 1796 1352 κονιφοτέυ

225 1375 327 1427 ραν
359 1360 573 1425 πάντως
606 1362 704 1434 τὴν
766 1364 1152 1438 ἀντικειμένην
1199 1369 1465 1441 ποιήσεις,
1500 1374 1673 1439 οὕτως
1703 1379 1796 1431 καὶ

223 1450 316 1502 ἐπὶ
340 1451 590 1523 σώματος
649 1456 746 1510 καὶ
796 1459 997 1530 ψυχῆς,
1042 1462 1070 1514 ὁ
1111 1461 1206 1515 τοῦ
1233 1465 1420 1533 ἐτέρου
1452 1467 1791 1536 πλεονασμὸς,

222 1541 530 1611 ἀναγκαίαν
551 1550 787 1603 ποιεῖται
809 1549 909 1620 τὴν
945 1552 1248 1608 ἐλάττωσιν
1285 1556 1380 1609 τοῦ
1405 1558 1616 1630 ἐτέρου.

1896 651 2134 705 agnosce
2182 639 2460 708 teipsum,
2507 645 2566 691 ut
2599 636 2822 706 utrique
2850 633 2994 704 parti
3020 629 3169 701 quod
3195 626 3476 698 congruit,

1894 730 2144 784 tribuere
2167 730 2314 786 scias
2356 775 2363 782 .
2405 744 2534 795 puta
2564 727 2783 797 corpori
2815 727 3021 781 victum
3045 731 3099 778 et
3128 719 3476 779 indumenta,

1897 824 2096 877 animm
2135 832 2313 877 autem
2361 823 2449 893 pia
2501 822 2786 890 dogmata,
2822 817 3050 887 probam
3081 822 3137 869 et
3186 812 3479 866 honestam

1901 916 2324 976 institutionem.
2357 917 2582 972 virtutis
2617 913 2884 978 studium,
2909 907 3315 967 correctionem
3349 901 3482 956 alle-

1897 1018 2109 1066 ctuum.
2170 1008 2250 1066 Nc
2295 1008 2453 1082 5,01
2505 1023 2707 1078 corpus
2758 1005 2907 1061 ultra
2963 1000 3190 1057 modum
3247 997 3479 1052 obesum

1899 1101 2123 1167 reddas,
2156 1117 2259 1157 nec
2295 1102 2562 1157 carnibus
2602 1097 2871 1171 augendis
2902 1095 3151 1151 studeas.
3181 1089 3317 1145 Nam
3347 1088 3476 1159 quia

1899 1207 2105 1263 corpus
2139 1193 2491 1262 concupiscit
2523 1189 2794 1245 adversus
2837 1186 3118 1259 spiritum,
3151 1190 3206 1237 et
3246 1181 3479 1250 spiritus

1898 1283 2163 1339 adversus
2198 1298 2420 1339 carnem
2445 1323 2460 1349 ,
2492 1287 2685 1352 utpote
2715 1294 2840 1350 qua:
2873 1277 2982 1333 sibi
3018 1274 3250 1330 invicem
3279 1271 3482 1324 adver-

1899 1387 2113 1443 santur,
2143 1377 2453 1431 cavendum
2507 1376 2606 1431 tibi
2644 1382 2752 1440 est,
2789 1387 2882 1435 ne,
2913 1368 3071 1425 carni
3098 1365 3353 1430 favendo,
3394 1363 3481 1417 in-

1901 1482 2115 1540 gentem
2150 1470 2414 1526 deteriori
2451 1469 2596 1538 parti
2649 1467 2821 1521 robur
2851 1463 3068 1518 aﬂ'eras.
3107 1456 3479 1526 Quemadmo-

1901 1563 2029 1618 dum
2052 1563 2197 1618 enim
2252 1563 2310 1616 in
2353 1563 2584 1616 trutina:
2627 1555 2946 1623 momentis,
2984 1554 3033 1609 si
3066 1554 3279 1606 lancem
3313 1561 3478 1604 unam

221 1630 580 1703 depresseris,
614 1655 722 1694 non
748 1649 832 1696 est
860 1642 1087 1699 dubium
1144 1647 1278 1716 quin
1318 1647 1532 1706 lancem
1597 1652 1886 1708 adversam
1921 1655 2180 1711 leviorem
2213 1654 2438 1719 reddas;
2510 1653 2703 1708 eodem
2751 1650 2916 1720 plane
2993 1647 3158 1701 modo
3225 1645 3282 1699 in
3357 1653 3483 1696 cor-

221 1742 354 1796 pore
379 1735 434 1784 et
467 1733 671 1801 animo,
709 1738 873 1794 unius
920 1741 1288 1798 redundantia
1333 1745 1438 1802 hoc
1479 1750 1798 1806 necessario
1839 1760 2087 1818 praestat,
2116 1750 2195 1804 uti
2225 1748 2795 1804 decrescatalterum.

294 1823 537 1896 Πρόσεχε
571 1822 664 1882 οῦν
699 1833 928 1904 σεαυτῷ.
977 1837 1248 1902 Ἕκαστος
1308 1839 1417 1913 γάρ
1479 1843 1636 1914 ἡμῶν
1680 1846 1789 1900 τῶν

1963 1843 2106 1898 Ibid.
2142 1877 2192 1884 τυ-
2233 1845 2365 1908 Quae
2424 1858 2548 1898 cum
2603 1841 2677 1895 ita
2734 1838 2891 1901 sint,
2941 1833 3161 1890 attende
3206 1826 3306 1887 tibi
3353 1830 3480 1902 ipsi.

222 1915 686 1991 μαθητευομένων
708 1925 786 1995 τῷ
813 1926 958 1999 λόγῳ
1007 1932 1139 2000 μιᾶς
1199 1935 1341 1997 τινός
1374 1936 1489 1989 ἐστι
1536 1937 1790 2008 πράξεως

221 2008 506 2082 ὑπηρέτης
534 2013 641 2067 τῶν
689 2017 832 2071 κατά
875 2020 937 2072 τὸ
981 2021 1310 2092 Εύαγγέλιον
1355 2027 1792 2101 διατεταγμένων

220 2102 375 2199 ἡμῖν.
393 2103 481 2156 Ἐν
640 2113 708 2180 τῇ
734 2112 943 2184 μεγάλῃ
967 2116 1142 2187 οίκείᾳ
1167 2121 1235 2189 τῇ
1276 2121 1571 2194 Ἐκκλησία
1595 2124 1790 2199 ταύτῃ,

216 2193 470 2286 ούᾼμόνον
499 2196 619 2250 ἐστὶ
645 2203 818 2272 σκεύη
840 2206 1162 2260 παντοδαπά
1189 2213 1390 2280 χρυσᾶ,
1425 2215 1520 2266 καὶ
1551 2193 1792 2286 ἀργυριῖι,

221 2282 317 2335 καὶ
359 2283 568 2354 ξύλινα,
600 2293 698 2344 καὶ
745 2292 1066 2365 ὀστράκινα,
1101 2299 1238 2354 ἀλλά
1293 2305 1389 2356 καὶ
1440 2282 1797 2375 τέχναι-παν-

220 2375 383 2429 τοῖαι.
414 2377 567 2447 Ἔχει
601 2380 710 2453 γὰρ
755 2384 784 2435 ὁ
830 2379 980 2448 οἶκος
1012 2387 1106 2440 τοῦ
1144 2385 1302 2456 Θεοῦ,
1330 2391 1452 2462 ἥτις
1478 2396 1629 2449 ἐστὶν
1675 2397 1797 2450 Ἐκ-

221 2464 421 2559 κλησία
464 2470 599 2524 Θεοῦ
649 2472 872 2542 ζῶντος,
924 2478 1216 2550 θηρευτὰς,
1271 2483 1608 2557 ὁδοιπόρους,
1638 2488 1797 2559 ἀρχι-

219 2557 499 2627 τέκτονας,
551 2564 892 2636 οἰκοδόμους,
936 2574 1235 2643 γεωργοὺς,
1287 2575 1572 2645 ποιμένας,
1627 2557 1796 2650 ἀθλή-

219 2650 342 2743 τὰς,
374 2655 714 2724 στρατιώτας
735 2676 748 2688 ·
780 2663 916 2715 πᾶσι
953 2663 1168 2730 τούτοις
1197 2669 1505 2740 ἐφαρμόζει
1534 2670 1594 2724 τὸ
1622 2671 1796 2743 βραχὺ

219 2742 380 2799 τοῦτο
434 2748 608 2818 ρἦα,
647 2751 866 2823 ἑκάστῳ
919 2754 1015 2808 τοῦ
1073 2755 1238 2828 ἔργου
1285 2759 1525 2832 σπουδὴν
1563 2742 1666 2815 και
1701 2766 1799 2832 τῆς

221 2840 597 2910 προαιρέσεως
641 2845 926 2914 ἐμποιοῦν.
980 2847 1265 2923 Θηρευτὴς
1323 2849 1396 2921 εί,
1445 2856 1798 2926 ἀπεσταλμέ-

220 2945 311 2990 νος
333 2932 485 3002 παρά
509 2933 603 2987 τοῦ
626 2934 831 3008 Κυρίου
856 2940 1132 3006 εἰπόντος·
1154 2963 1173 2996 ι
1197 2945 1329 3000 Ἰδοὺ
1349 2946 1464 3015 ἐγὼ
1483 2948 1800 3005 ἀποστέλλω

219 3020 517 3093 θηρευτὰς,
558 3028 654 3081 καὶ
692 3029 1050 3102 θηρεύσουσιν
1104 3034 1304 3101 αὐτοὺς
1350 3038 1537 3093 ἐπάνω
1599 3042 1802 3107 παντὸς

216 3113 401 3208 ϐρους.
438 3135 456 3167 ι
487 3118 729 3191 Πρόσεχε
767 3122 1066 3194 ἐπιμελῶς,
1101 3129 1176 3199 μή
1210 3128 1316 3184 πού
1353 3147 1437 3184 σοι
1472 3131 1715 3208 διαφύγῃ
1738 3135 1801 3189 τὸ

1899 1938 2297 2009 Unusquisque
2335 1938 2541 1993 etenim
2572 1944 2854 1998 nostrum,
2880 1946 3022 2001 quos
3053 1942 3237 1984 sermo
3255 1926 3483 1982 divinus

1896 2034 2080 2099 docet,
2113 2039 2282 2088 certae
2313 2029 2604 2102 cujusdam
2643 2027 2903 2092 actionis,
2927 2039 3090 2095 quam
3114 2022 3277 2078 nobis
3305 2018 3486 2073 Evan-

1895 2127 2094 2196 gelium
2116 2123 2458 2196 praeceperit,
2481 2121 2732 2176 minister
2761 2127 2865 2175 est.
2895 2114 3182 2187 Siquidem
3203 2115 3260 2170 in
3279 2126 3480 2182 magna

1896 2218 2082 2282 domo,
2113 2218 2216 2272 hoc
2235 2222 2324 2271 est
2350 2215 2404 2269 in
2432 2215 2535 2269 hac
2567 2211 2951 2273 Ecclesia,non
2982 2208 3160 2265 solum
3185 2207 3364 2261 omnis
3392 2221 3486 2276 ge-

1898 2312 2050 2368 neris
2092 2326 2218 2366 vasa
2252 2315 2403 2371 sunt,
2443 2314 2931 2377 aurea,argentea,
2964 2304 3165 2373 lignea,
3201 2307 3480 2364 testacea;

1899 2403 1994 2458 sed
2033 2402 2197 2456 etiam
2235 2401 2484 2470 cujusvis
2513 2399 2733 2470 generis
2761 2405 2932 2451 artes.
2982 2393 3161 2450 Habet
3197 2393 3346 2450 enim
3379 2391 3479 2447 do-

1897 2511 2024 2551 mus
2056 2493 2173 2561 Dei,
2232 2494 2338 2549 hoc
2370 2501 2454 2550 est
2481 2492 2726 2549 Ecclesia
2755 2489 2848 2545 Dei
2873 2488 3134 2556 viventis,
3160 2494 3478 2547 venatores.

1899 2589 2164 2654 viatores,
2212 2587 2570 2651 architectos,
2634 2583 3026 2648 aedificatores,
3063 2579 3360 2653 agricolas,
3383 2592 3482 2650 pa-

1900 2689 2101 2746 stores,
2141 2680 2376 2750 pugiles,
2411 2679 2636 2735 milites.
2673 2676 2948 2734 Omnibus
2976 2676 3063 2731 his
3094 2673 3335 2746 quadrat
3371 2672 3484 2728 hoc

1901 2773 2064 2828 breve
2117 2772 2367 2836 verbum,
2410 2770 2558 2842 quod
2591 2770 2918 2840 unicuique,
2967 2781 3092 2824 cum
3126 2766 3344 2837 agendi,
3363 2773 3485 2820 tum.

1901 2865 2118 2921 valendi
2165 2865 2409 2921 studium
2447 2864 2649 2934 injicit.
2695 2861 2938 2919 Venator
2976 2875 3038 2918 es
3062 2860 3271 2917 missus
3301 2874 3332 2913 a
3373 2857 3482 2913 Do-

1902 2958 2076 3019 mino,
2146 2957 2242 3026 qui
2303 2956 2385 3011 ait
2423 2972 2435 3006 :
2483 2974 2503 3008 ι
2543 2954 2688 3010 Ecce
2733 2969 2836 3024 ego
2882 2955 3048 3008 mitto
3075 2957 3387 3015 venatores,
3423 2957 3482 3005 et

1901 3048 2248 3104 venabuntur
2269 3062 2364 3104 eos
2394 3060 2560 3117 super
2580 3061 2801 3102 omnem
2847 3053 3090 3101 montem
3112 3040 3343 3112 (larem.
3360 3056 3476 3108 xvi,

1903 3133 2031 3203 l6).
2074 3153 2092 3186 ι
2139 3133 2342 3190 Sedulo
2381 3133 2628 3201 attende,
2675 3149 2747 3190 ne
2789 3133 2895 3190 tibi
2946 3132 3132 3204 prada
3184 3131 3476 3198 elabatur;

216 3207 470 3304 θήραμα,
511 3211 598 3304 ἵνα
632 3213 1030 3289 συλλαϐόμενος
1081 3219 1160 3292 τῷ
1211 3222 1357 3294 λόγῳ
1395 3225 1497 3296 τῆς
1537 3207 1796 3298 ἀληθείας

1902 3234 1963 3281 ut
2001 3242 2098 3282 eos
2158 3243 2301 3297 quos
2358 3228 2553 3284 vitium
2585 3226 2864 3283 belluinos
2917 3224 3184 3291 reddidit,
3221 3223 3481 3280 veritatis

217 3300 347 3409 τοὺς
375 3301 599 3409 ὑπὸτῆς
627 3307 825 3409 κακίας
842 3310 1234 3409 ’ἀγριωθέντας
1261 3316 1670 3391 προσ[αγ]άγῃς
1720 3320 1800 3393 τῷ

217 3481 444 3553 ϐήματά
494 3503 598 3556 μου
647 3489 996 3549 κατεύθυνον.
1025 3512 1045 3545 ι
1088 3496 1328 3567 Πρόσεχε
1358 3498 1415 3552 δέ
1445 3502 1673 3568 σεαυτῷ,
1720 3503 1798 3575 μὴ

218 3581 594 3649 παρατραπῇς
609 3582 707 3652 τῆς
721 3583 864 3650 ὁδοῦ,
891 3586 965 3655 μὴ
996 3587 1252 3660 ἐκκλίνῃς
1271 3590 1421 3663 δεξιᾷ
1441 3593 1474 3664 ἢ
1497 3594 1762 3667 ἀριστερᾷ
1780 3612 1794 3626 ⁸

214 3667 324 3737 ὁδῷ
352 3667 606 3743 βασιλικῇ
642 3674 900 3744 πορεύου.
950 3676 1007 3729 Ὀ
1029 3680 1389 3749 ἀρχιτέκτων,
1424 3683 1682 3753 ἀσφαλῶς
1706 3686 1798 3740 τὸν

215 3761 470 3830 θεμέλιον
492 3765 917 3822 καταϐαλλέσθω
939 3771 1039 3840 τῆς
1062 3771 1316 3838 πίστεως,
1343 3775 1400 3838 ὃς
1425 3775 1542 3830 ἐστι
1562 3779 1797 3849 Χριστὸς

230 3852 440 3943 Ἰησοῦς
458 3891 473 3906 .
498 3854 558 3908 '0
575 3857 877 3929 οἰκοδόμος,
901 3860 1147 3930 βλεπέτω
1175 3864 1292 3928 πῶς
1321 3867 1684 3940 ἐποικοδομεῖ,
1719 3872 1796 3943 μὴ

216 3941 375 4009 ξύλα,
411 3943 485 4014 μὴ
515 3947 728 4016 χόρτον,
763 3947 838 4018 μὴ
872 3950 1148 4022 καλάμην,
1175 3953 1311 4006 ἀλλὰ
1349 3957 1593 4026 χρυσίον,
1624 3941 1797 4030 ἀργύέ

218 4053 361 4105 ριον,
399 4037 581 4101 λίθους
615 4040 851 4109 τιμίους.
892 4043 952 4096 '0
982 4047 1205 4118 ποιμὴν,
1240 4048 1475 4120 πρόσεχε
1505 4052 1579 4122 μή
1612 4051 1697 4115 τίς
1736 4070 1796 4107 σε

219 4127 466 4199 παρέλθῃ
506 4130 616 4183 τῶν
662 4133 1068 4188 ἐπιϐαλλόντων
1111 4139 1177 4208 τῇ
1224 4145 1575 4212 ποιμαντικῇ.
1609 4143 1796 4198 Ταῦτα

216 4219 280 4272 δέ
310 4222 424 4274 ἐστι
454 4225 623 4290 ποῖα;
666 4225 725 4278 τὸ
761 4228 1182 4299 πεπλανημένον
1216 4232 1544 4301 ἐπίστρεφε·
1579 4236 1640 4289 τὸ
1667 4255 1797 4292 συν-

215 4315 583 4385 τετριμμένον
602 4318 858 4388 ἐπίδησον
880 4334 893 4346 ’
917 4321 978 4373 τὸ
1013 4321 1203 4375 νοσοῦν
1231 4324 1401 4379 ἴασαι.
1442 4328 1500 4380 Ὁ
1529 4329 1794 4400 γεωργὸς,

218 4407 564 4477 περίσκαπτε
610 4409 708 4482 τὴν
749 4413 1001 4480 ἄκαρπον
1055 4416 1248 4485 συκῆν,
1295 4419 1390 4471 καὶ
1438 4421 1695 4474 ἐπίϐαλλε
1726 4423 1795 4476 τά

217 4498 360 4568 πρὸς
412 4499 667 4571 βοήθειαν
715 4506 814 4574 τῆς
848 4509 1245 4576 καρπογονίας.
1311 4511 1367 4564 '0
1428 4513 1792 4584 στρατιώτης,

1897 3321 2066 3376 verbo
2099 3329 2386 3391 correptos
2417 3321 2483 3374 ad
2518 3319 2857 3376 Salvatorem
2876 3318 3145 3375 adducas.
3174 3314 3369 3373 Viator
3390 3331 3479 3381 es,

1773 3440 1799 3452 -
1898 3412 2096 3469 similis
2120 3413 2168 3466 ei
2212 3413 2306 3482 qui
2346 3413 2422 3467 ita
2444 3413 2776 3483 precabatur
2809 3428 2824 3466 :
2864 3429 2884 3464 ι
2911 3411 3152 3468 Gressus
3213 3423 3369 3465 meos
3389 3407 3479 3463 di-

1896 3505 2013 3574 rige
2053 3503 2242 3576 (Psal.
2304 3521 2497 3568 cxvm,
2559 3503 2720 3567 l33).
2758 3524 2776 3553 ι
2815 3501 3059 3559 Attende
3107 3501 3211 3557 tibi
3242 3501 3371 3573 ipsi,
3406 3516 3480 3556 ne

1896 3599 2156 3655 deﬂectas
2187 3614 2217 3652 a
2243 3599 2356 3660 via,
2382 3613 2519 3653 neve
2555 3598 2622 3652 ad
2654 3597 2908 3654 dextram
2952 3595 3039 3651 vel
3063 3595 3347 3652 sinistram
3382 3592 3481 3648 deo

1895 3692 2090 3758 clines,
2134 3691 2232 3746 sed
2262 3691 2404 3746 calle
2450 3691 2601 3761 regio
2628 3705 2847 3760 pergas.
2875 3690 2980 3756 Qui
3012 3687 3346 3744 architectus
3370 3694 3477 3753 est,

1895 3791 2107 3839 certum
2136 3781 2260 3837 ﬁdei
2288 3781 2707 3837 fundamentum
2745 3782 2938 3852 jaciat,
2966 3781 3064 3852 qui
3100 3788 3185 3836 est
3222 3779 3480 3835 Christus

1894 3873 2083 3931 Jesus.
2126 3874 2228 3941 Qui
2255 3875 2563 3930 aediﬁcator
2591 3883 2699 3941 est,
2736 3874 2920 3929 videat
2955 3887 3064 3944 quo
3099 3880 3264 3943 pacto
3285 3887 3482 3943 super-

1894 3975 2097 4031 struat,
2141 3982 2248 4021 non
2313 3967 2482 4036 ligna,
2546 3982 2657 4022 non
2705 3965 2890 4021 fenum
2932 3973 3031 4020 aut
3072 3965 3353 4036 stipulam,
3384 3966 3481 4020 sed

1897 4074 2114 4121 aurum,
2137 4068 2447 4128 argentum,
2485 4059 2697 4129 lapides
2722 4058 3015 4128 pretiosos.
3034 4055 3142 4124 Qui
3165 4065 3358 4128 pastor
3392 4071 3476 4119 es.

1896 4150 1962 4206 da
2027 4165 2272 4218 operam,
2331 4166 2399 4205 ne
2454 4151 2584 4220 quid
2614 4165 2807 4205 eorum
2841 4160 2893 4205 te
2913 4155 3229 4220 praetereat,
3256 4164 3378 4218 qua:
3406 4149 3476 4203 ad

1896 4240 2138 4309 pastoris
2164 4253 2366 4293 munus
2397 4239 2656 4293 attinent.
2681 4239 2941 4305 Quaenam
2973 4245 3155 4293 autem
3177 4238 3283 4292 ista
3312 4237 3486 4294 sunt?

1896 4330 2041 4398 quod
2100 4331 2346 4393 oberrat,
2407 4329 2461 4384 iu
2498 4331 2639 4384 viam
2681 4329 2852 4386 reduc
2887 4345 2900 4380 τ
2932 4329 3079 4399 quod
3123 4312 3474 4384 confractum

1895 4431 2001 4486 est,
2052 4422 2214 4492 alliga
2251 4439 2270 4476 :
2301 4422 2449 4492 quod
2483 4437 2692 4492 aegrum
2750 4432 2858 4487 est,
2905 4435 3064 4476 cura.
3098 4420 3204 4487 Qui
3233 4422 3477 4489 agricola

1897 4528 1979 4576 es,
2005 4510 2095 4567 fac
2127 4515 2370 4567 sterilem
2400 4513 2564 4568 ticum
2589 4511 3010 4574 circumfodias,
3045 4522 3100 4568 et
3137 4529 3199 4568 ea
3250 4528 3374 4582 quae
3403 4520 3472 4568 ad

218 4591 716 4663 συγκακοπάθησον
773 4593 851 4663 τῷ
908 4596 1247 4669 Εύαγγελίῳ,
1319 4602 1631 4671 στρατεύων
1690 4603 1792 4675 τὴν

1897 4605 2286 4660 fecunditatem
2315 4605 2652 4670 conducunt,
2678 4604 2914 4673 injicias.
2934 4603 3037 4670 Qui
3066 4605 3226 4662 miles
3253 4621 3316 4662 es
3335 4607 3474 4673 ,col-

215 4681 391 4753 καλὴν
441 4683 732 4752 στρατείαν
782 4685 923 4739 κατά
965 4687 1076 4740 τῶν
1113 4690 1441 4760 πνευμάτων
1491 4692 1591 4762 τῆς
1621 4711 1792 4765 πονη-

216 4773 365 4842 piae,
399 4775 542 4828 κατὰ
565 4776 674 4830 τῶν
704 4779 894 4833 παθῶν
921 4780 1022 4850 τῆς
1051 4784 1254 4853 σαρκός
1275 4802 1288 4813 ·
1336 4785 1574 4839 ἀνάλαϐε
1608 4788 1792 4843 πᾶσαν

214 4864 316 4931 τὴν
354 4867 658 4920 πανοπλίαν
701 4869 795 4922 τοῦ
847 4871 1177 4943 πνεύματος.
1223 4875 1314 4945 Μὴ
1351 4877 1629 4946 ἐμπλέκου
1672 4882 1792 4942 ταῖς

214 4959 310 5010 τοῦ
366 4959 480 5029 βίου
532 4964 966 5033 πραγματείαις,
1017 4967 1104 5020 ἵνα
1165 4969 1242 5039 τῷ
1301 4971 1791 5043 στρατολογήσαντι

213 5048 439 5120 ἀρέσῃς.
481 5051 537 5104 Ὁ
564 5054 824 5126 ἀθλητὴς,
880 5059 1376 5130 πρόσεχεσεαυτῷ,
1429 5064 1627 5132 μήπως
1672 5066 1792 5117 τινὰ

215 5141 472 5212 παραϐῇς
523 5144 632 5196 τῶν
681 5146 987 5216 ἀθλητικῶν
1017 5151 1193 5221 νόμων
1217 5168 1230 5180 ·
1263 5153 1435 5216 οὐδεὶς
1465 5155 1573 5225 γὰρ
1605 5172 1792 5223 στεφα-

215 5232 425 5297 νοῦται,
463 5233 559 5286 ἐὰν
589 5236 662 5306 μὴ
693 5238 938 5308 νομίμως
965 5241 1194 5313 ἀθλήσῃ.
1222 5243 1408 5314 Μιμοῦ
1436 5245 1525 5298 τὸν
1557 5247 1790 5310 Παῦλον,

216 5325 317 5377 καὶ
345 5326 628 5396 τρέχοντα,
669 5331 766 5382 καὶ
796 5331 1120 5399 παλαίοντα,
1155 5335 1252 5390 καὶ
1289 5338 1629 5393 πυκτεύοντα
1650 5358 1662 5370 ·
1697 5343 1792 5395 καὶ

211 5418 382 5482 αὐτὸς
417 5419 493 5484 ὡς
538 5421 746 5492 ἀγαθὸς
778 5422 991 5495 πύκτης
1032 5427 1437 5500 ἀμετεώριστον
1474 5433 1565 5502 ἐχε
1601 5435 1663 5488 τὸ
1691 5438 1792 5506 τῆς

210 5512 395 5582 ψυχῆς
425 5512 668 5584 βλέμμα.
703 5516 880 5570 Σκέπε
917 5519 986 5574 τά
1023 5522 1214 5591 καίρια
1265 5526 1331 5595 τῇ
1394 5526 1635 5598 προϐολῇ
1681 5529 1792 5580 τῶν

213 5599 418 5669 χειρῶν
442 5615 458 5630 ·
491 5602 679 5667 ἀτενὲς
708 5605 769 5658 τὸ
808 5605 961 5678 ὄμμα
999 5609 1138 5680 πρὸς
1165 5611 1254 5664 τὸν
1279 5613 1577 5668 ἀντίπαλον
1626 5616 1787 5684 ἔστω,

213 5690 441 5758 δρόμοις
469 5694 584 5757 τοῖς
637 5695 698 5748 ἐν
747 5699 860 5760 τοῖς
900 5699 1211 5771 ἔμπροσθεν
1257 5705 1610 5771 ἐπεκτείνων,
1647 5706 1791 5761 οῦτω

213 5782 400 5851 τρέχε,
431 5784 517 5836 ἴνα
583 5787 915 5861 καταλάϐῃς.
954 5794 1043 5846 Ἐν
1091 5797 1157 5865 τῇ
1189 5795 1334 5868 πάλῃ
1378 5800 1488 5861 τοῖς
1537 5799 1790 5867 ἀοράτοις

218 5874 608 5942 ἀνταγωνίζου.
650 5881 902 5938 Τοιοῦτόν
952 5903 1010 5938 σε
1056 5887 1144 5963 διὰ
1177 5887 1292 5957 βίου
1331 5891 1360 5943 ὁ
1411 5888 1566 5955 λόγος
1607 5891 1759 5960 βούλε

1897 4695 2080 4750 labora
2114 4693 2415 4766 Evangelio
2443 4713 2455 4746 :
2491 4697 2698 4752 bonum
2738 4703 3023 4752 certamen
3054 4695 3325 4754 adversus
3352 4714 3471 4752 ma-

1896 4787 2074 4858 lignos
2133 4788 2365 4858 spiritus
2425 4799 2609 4854 certa;
2666 4787 2936 4844 adversus
2991 4787 3220 4845 allectus
3285 4792 3470 4845 carnis

1894 4887 2232 4931 armaturam
2265 4876 2507 4946 Spiritus
2547 4892 2792 4932 assume.
2826 4876 3004 4947 Hujus
3046 4879 3172 4934 vita:
3199 4880 3470 4937 molestiis

1895 4983 1963 5022 ne
2020 4968 2342 5037 impliceris,
2378 4977 2435 5022 ut
2502 4969 2822 5040 imperatori
2856 4970 2954 5040 qui
3004 4971 3310 5026 exercitum
3334 4987 3468 5026 oon—

1893 5059 2140 5130 scripsit,
2166 5060 2405 5130 placeas.
2449 5061 2671 5116 Athleta
2705 5069 2760 5116 et
2793 5061 2945 5131 pugil
2974 5061 3074 5116 es?
3104 5062 3329 5119 attende
3366 5064 3468 5120 tibi

1895 5152 2022 5221 ipsi,
2047 5168 2117 5207 ne
2137 5153 2442 5222 quidquam
2483 5171 2549 5209 ex
2577 5153 2848 5224 palaestrae
2910 5153 3121 5225 legibus
3149 5167 3465 5225 praetereas.

1894 5243 2067 5300 Nemo
2125 5244 2405 5314 siquidem
2447 5255 2771 5312 coronatur,
2816 5245 2926 5302 nisi
2947 5247 3194 5317 legitima
3220 5257 3467 5306 certave-

1894 5338 1965 5391 rit
1983 5335 2067 5407 (ΙΙ
2087 5335 2226 5392 Tim.
2255 5355 2312 5402 ιι,
2335 5339 2369 5389 ες
2387 5340 2425 5406 ).
2450 5337 2675 5392 Paulum
2733 5339 2969 5405 imitare,
2996 5347 3109 5394 tum
3126 5350 3466 5407 currentem,

1894 5439 2004 5483 tum
2044 5428 2360 5493 luctantem,
2386 5440 2498 5483 tum
2522 5437 2850 5501 pugnantem
2877 5449 2891 5485 :
2917 5438 3085 5502 tuque
3105 5433 3230 5488 boni
3266 5435 3465 5504 pugilis

1895 5522 2071 5575 instar
2098 5535 2318 5585 caveas,
2337 5523 2594 5576 tie-animi
2619 5525 2811 5578 oculus
2835 5524 2945 5579 huc
2963 5534 3131 5594 atque
3151 5525 3284 5580 illuc
3305 5542 3455 5600 vage-

1895 5626 2001 5669 tur.
2023 5613 2265 5683 Objectis
2278 5614 2532 5670 manibus
2551 5615 2859 5685 pnecipuas
2875 5624 3059 5686 partes
3074 5626 3223 5687 tege:
3239 5620 3464 5674 oculum

1895 5707 1948 5761 in
2005 5707 2164 5762 hoste
2194 5721 2424 5777 prorsus
2462 5707 2699 5763 delirum
2764 5708 2921 5762 habe.
2959 5705 3018 5768 In
3043 5708 3223 5763 stadio
3249 5724 3466 5779 semper

1894 5803 1961 5854 ad
2001 5817 2066 5855 ea
2100 5816 2218 5869 qua:
2265 5817 2296 5855 a
2329 5801 2509 5856 fronte
2529 5811 2678 5864 sunt,
2717 5809 2922 5872 specta,
2983 5801 3465 5871 teipsum-exten-

1895 5890 2068 5947 dens:
2103 5892 2181 5950 sic
2217 5908 2375 5948 currv
2405 5903 2459 5948 ut
2493 5892 2944 5964 comprehendas.
2997 5890 3056 5949 In
3082 5891 3226 5948 lucta
3267 5896 3437 5950 advet
3461 5912 3480 5953 .'
