4210 6448
242 457 263 509 l
274 449 376 511 305

1512 450 1747 511 SACRA
1780 449 2244 511 PARALLELA.

3365 439 3503 507 1306

239 576 443 630 σωμεν,
474 559 587 613 ἀλλ’
614 559 702 613 ἶνα
741 558 1196 631 προσπλήςωμεν,
1227 576 1319 614 και
1360 562 1657 632 ἀπολογίαν
1694 561 1803 633 ἔχω

1896 610 1901 624 ,
1934 580 2073 628 mur,
2088 564 2181 619 sed
2214 572 2271 618 ut
2296 562 2547 617 morbum
2570 559 2975 621 exulceremus,
2994 563 3159 627 atque
3185 571 3250 611 ex
3266 555 3500 612 aliorum

239 670 337 722 μεν
367 651 478 705 τῶν
500 653 787 724 ἡμετέρων
834 652 1019 708 κακῶν
1070 655 1139 706 τὰ
1175 653 1284 706 τῶν
1343 656 1588 726 πλησίων
1641 656 1814 727 τραύ-

240 761 411 814 ματα.
445 745 667 808 Κακοὺς
702 745 758 797 δὲ
795 744 891 800 καὶ
935 746 1197 815 ἀγαθοὺς,
1241 747 1340 817 οὐχ
1383 749 1413 800 ὁ
1452 736 1820 819 τρόπος,“ἀλλ’

235 839 268 907 ἠ
297 838 577 901 διάστασις
606 838 703 891 καὶ
738 839 771 909 ὴ
814 838 967 907 φιλία
1007 840 1440 911 χαρακτηρίζει·
1490 842 1585 895 καὶ
1638 841 1674 896 ἃ
1721 843 1818 913 σή-

238 948 403 1001 μερον
435 931 784 1002 ἐπαινοῦμεν,
814 931 1003 1005 αῠριον
1018 933 1378 1005 ὲκακίσαμεν.

318 1024 666 1094 Ἐνέγκωμεν
714 1025 883 1096 θυμὸν
933 1025 1011 1088 ώς
1051 1026 1261 1097 θηρίον,
1302 1029 1399 1080 καὶ
1445 1026 1701 1095 γλῶσσαν
1741 1027 1818 1091 ὡς

232 1117 399 1185 τομὸν
452 1117 627 1186 ξίφος,
678 1118 776 1171 καὶ
827 1118 1025 1189 ἡδονὴν
1058 1118 1134 1181 ὼς
1185 1118 1299 1188 πῦρ
1344 1119 1811 1189 κατασϐέσωμεν*

234 1209 459 1279 θώμεθα
496 1214 616 1273 ταῖς
654 1211 848 1268 ἀκοαῖς
882 1210 1055 1280 θύρας
1084 1210 1267 1274 καλῶς
1296 1211 1683 1281 ἀνοιγομένας,
1717 1210 1815 1263 καὶ

232 1301 579 1371 κλειομένας,
608 1303 706 1354 καὶ
757 1303 849 1355 τὸν
885 1301 1165 1372 ὀφθαλμὸν
1209 1304 1661 1372 σωφρονίσωμεν,
1716 1300 1814 1354 καὶ

232 1394 425 1462 γεῦσιν
475 1396 914 1465 σπαράττουσαν,
962 1396 1039 1466 μὴ
1086 1395 1317 1458 θάνατος
1360 1393 1535 1466 ἀναϐῇ
1574 1394 1664 1448 διά
1704 1394 1813 1447 τῶν

232 1486 464 1557 θυρίδων
506 1487 684 1558 ἡμῶν,
721 1488 816 1540 καὶ⁵
854 1488 1090 1554 γέλωτος
1122 1488 1392 1558 ἀμετρίας
1430 1485 1815 1554 καταγελάσω-

234 1596 355 1633 μεν.

310 1761 371 1813 '0
404 1759 516 1828 ἄρα
555 1758 839 1827 γινώσκων
874 1758 1087 1823 ἑαυτὸν,
1117 1756 1283 1819 τόπος
1325 1757 1446 1809 ἐστὶ
1492 1757 1589 1811 καὶ
1620 1756 1811 1829 θρόνος

228 1853 324 1906 τοῦ
358 1853 589 1919 Κυρίου.

294 1950 485 2002 Βούλει
509 1948 713 2017 γνῶναι
735 1947 870 2002 Θεόν
891 1963 909 2015 ;
929 1944 1218 2018 προλαϐὼν
1239 1944 1408 2016 γνῶθι
1441 1945 1692 2000 σεαυτόν.

296 2133 421 2184 Βίον
489 2130 770 2201 ἀλλότριον
852 2126 1337 2199 περιεργάζεσθαι,
1416 2120 1805 2194 ἀνελευθερίας

222 2224 479 2294 ἐσχάτης.
540 2219 854 2290 Οὑδαμόθεν
926 2218 1037 2288 γάρ
1083 2218 1357 2288 ἠμέληται
1408 2216 1479 2269 τά
1532 2213 1805 2285 ἡμέτερα,

221 2320 256 2391 ἢ
291 2322 355 2371 ὲκ
400 2316 495 2370 τοῦ
546 2316 617 2369 τὰ
664 2315 920 2385 ἀλλότρια
963 2312 1444 2382 πολυπραγμονεῖν
1500 2309 1596 2364 καὶ
1641 2325 1804 2378 περι-

222 2410 574 2482 εργάζεσθαι.
630 2408 707 2460 Οὐ
768 2406 878 2477 γὰρ
944 2404 1095 2458 ἐστιν
1163 2403 1450 2474 ἄνθρωπον
1530 2402 1661 2464 τοὺς
1704 2399 1804 2453 ἀλ-

221 2502 469 2572 λοτρίους
515 2496 1079 2569 πολυπραγμονοῦντα
1133 2495 1301 2565 βίους,
1327 2494 1427 2563 τῆς
1452 2492 1659 2554 οἰκείας
1685 2493 1805 2545 ἑπι-

222 2592 525 2664 μεληθῆναί
552 2608 685 2644 ποτε
718 2589 888 2659 ζωῆς.
929 2590 1041 2658 Τῆς
1090 2588 1199 2657 γὰρ
1248 2586 1487 2657 σπουδῆς
1516 2582 1667 2654 αὐτῷ
1699 2584 1806 2637 πά-

220 2704 322 2757 σης
376 2688 455 2747 είς
504 2685 605 2754 τὴν
650 2682 758 2735 τῶν
810 2681 1017 2752 ἑτέρων
1076 2676 1614 2748 πολυπραγμοσύνην
1674 2675 1803 2728 ἁνα-

218 2778 572 2849 λισκομένης,
626 2776 843 2844 ἀνάγκη
884 2773 955 2827 τὰ
992 2769 1160 2825 αὑτοῦ
1211 2769 1401 2832 ἁπλῶς
1454 2767 1671 2821 κεῖσθαι
1706 2766 1802 2820 καὶ

216 2872 604 2944 ἠμελημένως.

292 2967 401 3019 Καὶ
431 2965 604 3026 ἄλλως
632 2963 688 3015 δὲ
715 2961 961 3030 πέφυκεν
986 2959 1294 3031 ἄνθρωπος,
1322 2955 1392 3009 τὰ
1445 2954 1545 3027 μὲν
1598 2970 1802 3025 κατορ-

216 3057 447 3126 θώματα
473 3054 567 3107 τοῦ
612 3053 861 3123 πλησίον,
910 3052 1007 3105 καὶ
1049 3050 1225 3104 πολλά
1267 3049 1419 3112 ὄντα.
1454 3048 1550 3102 καὶ
1587 3046 1801 3119 μεγάλα

215 3149 466 3218 παρορᾷν
490 3164 503 3179 ·
536 3148 583 3197 εἰ
624 3144 679 3196 δὲ
733 3140 1025 3212 ἐλάττωμα
1061 3159 1164 3195 που
1215 3142 1380 3210 φανῇ,
1408 3138 1513 3192 κᾶν
1549 3137 1611 3191 τὸ
1633 3136 1800 3207 τυχὸν

214 3238 275 3313 ᾗ,
320 3240 424 3293 κᾶν
466 3238 553 3290 δ;ἁ
590 3236 820 3297 πολλοὺς
872 3232 1240 3305 συμϐεϐηκὸς,
1274 3232 1371 3284 καὶ
1408 3228 1800 3283 ἐπαισθάνεται

214 3333 445 3401 ταχέως,
470 3329 568 3381 καὶ
597 3326 1031 3395 ἐπιλαμϐάνεται
1079 3323 1412 3395 προχείρως,
1445 3322 1538 3374 καὶ
1586 3320 1801 3390 μέμνη-

212 3440 306 3475 ται
356 3420 444 3474 διὰ
488 3419 709 3480 παντός.
746 3418 857 3470 Καὶ
903 3416 963 3468 τὸ
1005 3416 1199 3485 μικρὸν
1226 3413 1384 3468 τοῦτο
1434 3415 1533 3466 καὶ
1561 3412 1800 3475 εὐτελὲς,

208 3516 324 3569 τῶν
355 3513 564 3566 πολλῶν
593 3512 686 3565 καὶ
714 3510 968 3581 μεγάλων
1004 3508 1268 3572 πολλάκις
1300 3507 1583 3578 ἠλάττωσε
1615 3506 1799 3572 δόξαν.

533 3713 717 3767 ΤΙΤΛ.
753 3711 825 3765 Γ’.
846 3741 914 3751 —
934 3709 1072 3778 Περὶ
1101 3706 1481 3779 γογγυσμῶν.

292 3853 311 3885 ‹
345 3828 451 3883 Ἦν
484 3833 511 3884 ὁ
538 3830 663 3891 λαὸς
693 3826 978 3894 γογγύζων
1000 3841 1014 3854 ·
1040 3824 1134 3877 καὶ
1162 3821 1419 3893 ἐθυμώθη
1454 3819 1680 3891 Κύριος,
1707 3818 1803 3870 καὶ

212 3922 479 3992 ἐξεκαύθη
508 3921 638 3993 πῦρ,
661 3920 756 3973 καὶ
776 3919 1054 3986 κατέφαγε
1079 3915 1244 3989 μέρος
1268 3914 1365 3984 τῆς
1391 3909 1794 3984 παρεμϐολῆς.»

277 4121 296 4153 ι
336 4099 645 4164 Φυλάξασθε
688 4097 1004 4167 γογγυσμὺν
1045 4095 1322 4164 ἀνωφελῆ,
1369 4096 1466 4148 καὶ
1492 4094 1597 4147 ἀπὸ
1630 4110 1799 4147 κατα-

210 4195 401 4257 λαλιᾶς
428 4191 686 4261 φείσασθε
721 4189 991 4259 γλώσσης,
1014 4188 1097 4241 ὅτι
1122 4186 1340 4257 πνεῦμα
1364 4185 1621 4255 λαθραῖον
1644 4185 1800 4238 κενὸν

208 4290 274 4343 οὐ
304 4286 649 4357 πορεύσεται.
692 4303 711 4335 ι

287 4400 305 4432 ‹
350 4378 514 4449 Ἀνὴρ
541 4374 938 4445 ὲπιστήμωνοῦ
972 4372 1256 4443 γογγύζει.
1298 4391 1316 4423 ι

288 4489 308 4522 ι
338 4469 432 4539 Μὴ
462 4464 784 4537 γογγύζετε,
822 4463 1005 4527 καθώς
1030 4481 1174 4527 τινες
1200 4462 1530 4531 ἐγόγγυσαν.
1561 4462 1656 4514 καὶ
1692 4460 1799 4513 ἀπ-

204 4560 410 4615 ώλοντο
438 4559 542 4613 ὑπὸ
570 4557 663 4611 τοῦ
689 4552 1035 4627 ὀλοθρευτοῦ.
1063 4574 1081 4606 ι

286 4759 304 4789 ι
340 4738 520 4791 Πάντα
571 4738 772 4790 ποιεῖτε
821 4735 949 4789 ἄνευ
1006 4730 1361 4804 γογγυσμῶν,
1414 4731 1503 4785 ἵνα
1553 4732 1785 4802 γένησθε

203 4835 507 4902 ἄμεμπτοι.
553 4850 570 4881 ι

292 4926 683 4995 Ἀπρόσδεκτος
737 4925 770 4993 ἠ
828 4922 937 4976 ἀπδ
983 4922 1093 4976 τῶν
1150 4923 1472 4992 γογγυστῶν
1528 4922 1784 4992 ἐργασία.

201 5019 281 5079 ὼς
309 5016 467 5068 θυσία
491 5014 797 5084 ὲπίμωμος.
827 5044 896 5052 -
929 5013 1048 5083 Χρὴ
1072 5013 1164 5066 οὖν
1211 5016 1272 5066 τὸ
1313 5015 1406 5067 τοῦ
1435 5014 1666 5082 ὀκνηροῦ
1692 5014 1786 5066 καὶ

201 5108 546 5178 ἀντιλογικοῦ
603 5108 763 5178 ἔργον
814 5106 1178 5174 dno-sptium
1239 5108 1339 5176 τῆς
1398 5106 1781 5175 ἀδελφότητος.

196 5436 385 5489 ῚἸΤΛ.
424 5436 497 5488 Δ’.
521 5464 591 5472 —-
613 5433 750 5499 Περὶ
780 5433 1076 5502 γερόντων
1104 5434 1199 5487 καὶ
1229 5432 1502 5488 παλαιῶν
1519 5433 1782 5503 ἀνδρῶν’

520 5503 619 5557 καὶ
649 5504 729 5569 ὡς
766 5505 881 5573 χρὴ
913 5504 1193 5571 τιμᾶσθαι
1220 5506 1464 5570 αὐτούς.

278 5639 298 5671 ί
346 5618 481 5673 Ἀπὸ
502 5621 794 5688 προσώπου
826 5618 1012 5672 πολιοῦ
1040 5620 1512 5693 ἐξαναστήσῃ,καὶ
1529 5623 1783 5694 τιμήσεις

201 5712 500 5784 πρόσωπον
528 5712 924 5786 πρεσϐυτέρου.
962 5733 979 5763 ›

278 5820 299 5854 r
354 5803 733 5873 Ἐπερώτησον
794 5803 885 5854 τὸν
931 5805 1143 5875 πατέρα
1190 5823 1303 5867 σου,
1357 5807 1451 5859 καὶ
1494 5806 1785 5878 ἀναγγελεῖ

203 5912 310 5962 σοι,
337 5897 464 5961 τοὺς
498 5897 900 5969 πρεσϐυτέρους
935 5915 1048 5960 σου,
1082 5900 1172 5953 καὶ
1208 5900 1392 5971 ἐροῦτὲ
1415 5919 1516 5957 σοι.
1562 5924 1578 5954 ι

1824 4638 1874 4698 D

1930 656 2247 711 vulneribus
2309 655 2473 709 malis
2508 652 2713 708 nostris
2763 662 3009 707 texamus
3064 650 3500 707 excusationem.

1929 752 2097 806 Malos
2121 763 2288 820 porro
2310 762 2375 803 ac
2402 748 2599 812 bonos,
2632 760 2741 800 non
2796 760 3002 810 mores,
3030 743 3124 801 sed
3178 741 3498 803 dissidium,

1927 844 2012 898 vel
2032 841 2303 906 amicitia,
2328 856 2427 895 ceu
2461 841 2635 895 certis
2657 838 2991 909 quibusdam
3017 839 3167 893 notis
3190 836 3453 908 exprimit
3480 853 3497 890 :

1925 948 1978 992 et
2022 951 2145 1007 quae
2171 934 2339 989 hodie
2367 933 2672 997 laudamus,
2705 932 2950 987 crastino
2983 930 3072 985 die
3101 933 3499 999 vituperamus.

1992 1028 2267 1099 Ejusdem.
2299 1057 2369 1069 —-
2401 1024 2747 1080 lracundiam
2788 1040 2891 1080 ceu
2923 1024 3167 1079 lielluam
3196 1021 3496 1093 quamdam

1923 1122 2322 1187 sustineamus,
2379 1128 2435 1174 et
2468 1120 2717 1188 linguam
2756 1129 2815 1173 ut
2865 1126 3203 1188 prmacutum
3256 1116 3499 1186 gladium

1922 1213 2317 1279 retundamus;
2343 1212 2675 1281 voluptatem
2697 1219 2952 1279 tanquam
2980 1210 3160 1279 ignem
3184 1207 3502 1277 exstingua-

1924 1324 2081 1375 mus;
2137 1306 2339 1376 januas
2392 1305 2623 1361 auribus
2663 1318 3027 1375 apponamus,
3094 1316 3217 1370 qua:
3244 1301 3347 1355 rite
3373 1315 3500 1353 cum

1920 1401 2267 1472 aperiantur,
2329 1406 2448 1452 tum
2478 1398 2844 1461 claudantur;
2890 1404 3057 1466 atque
3090 1394 3312 1448 oculum
3339 1407 3497 1448 coer-

1872 1501 1875 1505 ’
1918 1508 2143 1549 ceamus
2164 1533 2180 1557 ,
2213 1501 2269 1548 et
2296 1499 2517 1562 gustum
2558 1490 2930 1553 vellicantem,
2954 1503 3024 1542 ne
3050 1502 3200 1542 mors
3223 1501 3320 1555 per
3346 1483 3499 1538 fene-

1918 1594 2062 1639 stras
2106 1592 2333 1639 nostras
2401 1581 2690 1647 ascendat,
2740 1579 3269 1648 immoderatumque
3326 1579 3494 1631 risum

1918 1676 2267 1732 irrideamus.

1987 1767 2244 1821 Clement.
2267 1794 2337 1804 —
2366 1762 2473 1830 Qui
2509 1776 2644 1833 ergo
2676 1761 2928 1831 seipsum
2973 1759 3244 1832 agnoscit,
3275 1759 3493 1814 Domini

1916 1855 2073 1911 locus
2104 1863 2160 1909 et
2186 1853 2347 1910 sedes
2365 1860 2474 1908 est.

1833 1936 1877 1992 Β
1980 1948 2173 2017 Evagr.
2214 1975 2285 1986 —
2317 1944 2417 2001 Vis
2447 1944 2619 2001 Deum
2655 1944 2862 2000 nosse?
2913 1944 3072 2014 prius
3101 1943 3155 1999 id
3193 1958 3295 2016 age
3324 1952 3386 1999 ut
3413 1951 3496 1998 te~

1905 2041 2085 2111 ipsum
2105 2051 2330 2094 noscas.

1975 2133 2259 2203 Chrysost.
2295 2161 2366 2171 —
2386 2130 2634 2186 Alterius
2662 2130 2832 2184 vitam
2884 2128 3250 2198 perscrutari,
3278 2128 3496 2184 servilis

1905 2241 2072 2297 supra
2103 2226 2328 2281 modum
2349 2222 2512 2295 503
2541 2230 2627 2278 est
2655 2222 2848 2276 animi.
2874 2220 3065 2291 Neque
3089 2221 3236 2277 enim
3268 2220 3495 2276 aliunde

1905 2325 1965 2378 tit
1996 2332 2057 2379 ut
2094 2331 2286 2379 nostra
2315 2320 2691 2392 negligamus,
2723 2333 2888 2389 quam
2923 2317 3066 2388 quod
3094 2318 3148 2371 in
3180 2316 3380 2372 alienis
3408 2315 3494 2370 in-

1903 2415 2193 2489 quirendis
2255 2413 2722 2482 excutiendisque
2768 2410 2961 2465 attenti
3002 2424 3221 2465 sumus.
3253 2408 3399 2464 Fieri
3421 2409 3496 2463 si-

1902 2510 2126 2581 quidem
2192 2522 2303 2563 non
2334 2513 2535 2576 potest,
2593 2513 2655 2559 ut
2687 2505 2855 2561 homo
2909 2503 3003 2573 qui
3041 2504 3209 2557 vitam
3248 2502 3492 2557 aliorum

1903 2608 2305 2671 perscrutatur,
2330 2613 2446 2653 suae
2466 2612 2713 2667 unquam
2732 2610 2924 2650 curam
2950 2595 3171 2650 habeat.
3202 2593 3341 2649 Nam
3364 2610 3492 2650 cum

1901 2693 2021 2763 ejus
2055 2705 2221 2746 omne
2249 2689 2495 2747 studium
2532 2688 2586 2743 in
2632 2688 2760 2744 aliis
2794 2686 3151 2759 inquirendis
3202 2701 3497 2742 consuma-

1902 2794 2013 2850 tur,
2046 2784 2222 2854 ipsius
2248 2782 2412 2853 plane
2443 2796 2535 2836 res
2559 2780 2836 2850 neglectas
2859 2779 3045 2850 jacere
3060 2794 3350 2834 necessum
3384 2787 3491 2832 est.

1976 2873 2163 2943 Ejusd.
2235 2871 2330 2925 lib.
2376 2885 2412 2925 ν
2446 2870 2520 2924 De
2576 2867 2883 2924 sacerd.-—
2938 2868 3106 2937 Atqui
3157 2869 3268 2923 alio
3326 2866 3495 2923 modo

1900 2976 2283 3038 comparatum
2343 2973 2467 3032 est,
2526 2972 2585 3017 ut
2638 2963 2807 3017 homo
2842 2962 3081 3032 proximi
3138 2970 3292 3017 recte
3317 2959 3491 3027 facta,

1902 3060 2158 3132 quamvis
2212 3073 2280 3114 ca
2356 3056 2525 3111 multa
2596 3070 2906 3126 magnaque
2944 3054 3077 3122 sint,
3127 3052 3490 3123 contemptim

1902 3159 2113 3207 cernat.
2164 3151 2238 3203 At
2276 3148 2323 3204 si
2363 3147 2560 3203 vitium
2608 3160 2846 3216 usquam
2872 3151 3159 3215 appareat,
3191 3151 3491 3215 quantum-

1903 3243 2039 3297 libet
2067 3242 2172 3297 hoc
2196 3241 2317 3295 leve
2352 3239 2448 3304 sit,
2481 3250 2537 3293 et
2566 3253 2595 3291 a
2629 3238 2822 3293 multis
2847 3236 3181 3297 factitatum,
3218 3234 3273 3290 id
3297 3250 3491 3307 quam-

1902 3342 2142 3412 primum
2197 3334 2615 3397 animadvertit,
2661 3342 2717 3389 et
2768 3340 3025 3405 prompte
3060 3332 3263 3402 carpit,
3288 3346 3485 3402 perpe-

1904 3444 2109 3502 tuaque
2170 3429 2434 3487 memoria
2506 3427 2698 3496 agitat.
2757 3424 2872 3480 Hoc
2939 3439 3107 3494 porro
3169 3438 3397 3493 parvum
3433 3430 3489 3477 et

1902 3526 2033 3591 vile,
2068 3527 2365 3580 multorum
2415 3540 2559 3595 saepe
2589 3534 3028 3593 magnorumque
3058 3518 3314 3573 virorum
3369 3515 3487 3587 glo-

1904 3620 2039 3673 riam
2073 3619 2291 3674 minuit.

2183 3730 2318 3785 ΤΙΤ.
2346 3729 2433 3784 lll.
2463 3760 2532 3770 —
2552 3730 2630 3784 De
2660 3688 3200 3783 murmurationibus.

1976 3840 2142 3897 Num.
2186 3855 2261 3906 xu,
2299 3842 2349 3905 1,
2381 3842 2437 3895 2.
2462 3871 2533 3881 -
2559 3859 2581 3894 r
2614 3838 2751 3894 Erat
2802 3839 3045 3909 populus
3080 3849 3436 3890 murmurans
3464 3848 3479 3886 :

1901 3942 1957 3988 et
1986 3934 2157 3989 iratus
2186 3942 2271 3989 est
2303 3933 2589 3999 Dominus,
2625 3940 2681 3987 et
2721 3932 2931 3986 exarsit
2962 3928 3129 4000 ignis,
3159 3936 3216 3982 et
3241 3924 3484 3982 comedit

1901 4037 2112 4098 partem
2139 4040 2470 4082 castrorum.
2498 4045 2519 4078 ι

1972 4118 2100 4188 Sap.
2138 4135 2177 4184 ι,
2205 4119 2293 4173 12.
2325 4149 2399 4162 —
2435 4137 2453 4169 ι
2486 4117 2775 4173 Custodite
2832 4130 2980 4171 vosa
3018 4114 3485 4174 murmuratione,

1900 4228 2022 4283 quae
2045 4212 2177 4267 nihil
2210 4212 2531 4280 prodest,et
2558 4225 2586 4262 a
2618 4209 2959 4264 detractione
2991 4208 3200 4277 parcite
3228 4205 3432 4275 lingua:
3462 4222 3483 4259 :

1899 4302 2029 4372 quia
2062 4302 2293 4372 spiritus
2318 4301 2592 4355 obscurus
2626 4300 2679 4352 in
2724 4313 2958 4352 vacuum
2990 4311 3100 4352 non
3134 4295 3255 4350 ibit.
3295 4313 3314 4347 ι

1969 4393 2139 4447 Eccli.
2164 4409 2217 4460 ν,
2247 4393 2338 4447 9.5.
2368 4420 2439 4431 —
2476 4408 2495 4443 ι
2526 4390 2624 4444 Vir
2648 4393 2870 4461 sapiens
2900 4404 3010 4444 non
3052 4386 3477 4443 murmurabit.»

1968 4488 1996 4540 Ι
2027 4485 2151 4541 Cor.
2201 4502 2256 4551 x,
2291 4486 2377 4540 lO.
2402 4514 2470 4526 -—-
2516 4503 2535 4536 ι
2567 4483 2647 4539 Ne
2682 4483 3063 4550 murmuretis,
3118 4480 3469 4553 quemadmo.

1898 4579 2027 4634 dum
2064 4576 2291 4648 quidam
2320 4584 2826 4640 murmuraverunt,
2868 4582 2927 4630 et
2981 4573 3350 4646 perieruntab
3382 4588 3459 4627 ex-

1902 4670 2275 4726 terminatore.
2306 4687 2324 4719 ι

1962 4781 2195 4852 Philipp.
2257 4798 2319 4845 ιι,
2357 4782 2445 4838 ﬂ.
2476 4811 2548 4821 —
2577 4798 2595 4831 ι
2628 4779 2825 4835 Omnia
2868 4778 3033 4833 facite
3072 4776 3194 4836 sine
3224 4789 3470 4828 murmu-

1891 4876 2225 4938 rationibus,
2254 4885 2313 4927 ut
2346 4876 2471 4930 sitis
2509 4874 2631 4930 sine
2666 4872 3121 4942 reprehensione.
3159 4890 3178 4921 ι

1960 4962 2133 5019 Βαεὶι.
2165 4963 2293 5034 Reg.
2323 4963 2497 5032 fusius
2544 4963 2745 5033 disput.
2790 4978 2928 5031 resp.
2956 4964 3048 5019 ἃς).
3084 4994 3150 5005 -
3174 4965 3471 5035 Acceptum

1889 5069 2031 5125 opus
2056 5070 2165 5109 non
2190 5064 2297 5119 est,
2329 5055 2474 5123 quod
2511 5070 2541 5107 a
2573 5054 3051 5109 murmurantibus
3084 5053 3333 5119 oﬂ'ertur,
3364 5070 3468 5108 non

1893 5161 2060 5201 secus
2117 5162 2181 5201 ac
2212 5145 2434 5200 victima
2494 5146 2585 5200 cui
2646 5147 2835 5202 subest
2873 5148 3112 5201 macula.
3143 5176 3215 5187 —
3243 5146 3467 5216 Oportet

1889 5254 2018 5309 ergo
2066 5239 2251 5310 segnis
2281 5250 2336 5294 et
2365 5239 2695 5296 reluctantis
2744 5254 2886 5310 opus
2929 5239 3183 5293 sodalilio
3235 5237 3468 5292 fratrum

1888 5343 2096 5384 arcere.

1889 5443 2027 5502 TlT.
2080 5444 2174 5501 IV.
2208 5468 2284 5485 ·-
2308 5444 2387 5500 De
2414 5446 2650 5511 senibus,
2699 5456 2749 5500 et
2788 5458 2945 5502 aetate
2986 5446 3247 5516 provectis
3286 5446 3416 5501 viris
3449 5467 3467 5503 :

2204 5526 2255 5571 et
2288 5518 2430 5586 quod
2456 5534 2543 5571 eos
2571 5528 2807 5585 oporteat
2840 5519 3126 5576 honorare.

1959 5624 2124 5681 Lavit.
2155 5642 2267 5691 xix,
2303 5627 2395 5681 52.
2420 5659 2492 5669 --
2532 5647 2551 5680 ι
2575 5628 2776 5683 Coram
2813 5645 2953 5688 cano
2981 5633 3163 5704 capite
3182 5650 3462 5707 assurgcs,

1889 5725 1943 5772 et
1982 5719 2279 5775 lionorabis
2311 5718 2507 5775 faciem
2531 5722 2787 5777 senioris.
2815 5741 2835 5774 ι

1962 5809 2119 5864 Deut.
2153 5827 2326 5875 xxxn,
2361 5812 2415 5866 7.
2456 5841 2525 5853 -—
2563 5833 2580 5864 ι
2625 5814 2903 5888 Interroga
2951 5825 3159 5887 patrem
3194 5827 3371 5886 tuum,
3403 5829 3459 5876 et

1892 5901 2240 5958 annuntiabit
2283 5902 2403 5965 tibi,
2441 5915 2495 5959 ct
2546 5905 2792 5961 seniores
2822 5915 2965 5972 tuos,
2994 5916 3049 5963 ct
3080 5908 3262 5965 dicent
3281 5908 3401 5966 tibi.
3431 5928 3452 5960 ι
