4210 6448
734 414 868 478 1307
1906 417 1971 478 S.
2008 416 2328 477 JOANNIS
2362 417 2790 478 DAMASCENI
3868 417 4006 486 1308

801 528 905 583 Job
943 544 1039 594 ιιι,
1072 529 1162 582 12.
1191 559 1256 569 -
1289 548 1307 580 ι
1335 529 1389 582 In
1429 531 1599 584 multo
1643 538 1887 603 tempore
1921 531 2310 602 sapientia;et
2339 538 2386 592 A

2339 538 2386 592 A
2488 552 2508 586 ι
2551 535 2642 589 Ἐν
2665 534 2847 607 πολλῷ
2871 538 3051 608 χρόνῳ
3082 539 3265 605 σοφὲα,
3293 539 3351 592 ὲν
3369 538 3428 593 δὲ
3451 538 3649 612 μακρῷ
3678 538 3858 612 χρόνῳ
3883 541 3977 591 ἐπι

735 625 791 678 in
829 624 989 693 longa
1033 623 1139 676 vita
1177 623 1428 678 scientia.
1464 644 1484 676 ι

1033 623 1139 676 vita
1177 623 1428 678 scientia.
1464 644 1484 676 ι
2417 629 2624 699 στήμη.
2667 648 2686 680 ι

804 713 908 770 Job
939 731 1109 779 xuii,
1142 713 1195 768 6.
1230 744 1300 754 ——
1333 734 1352 766 ι
1387 716 1585 770 lunior
1609 732 1729 772 sum
1757 724 1941 782 aetate,
1991 732 2088 772 vos
2132 726 2316 772 autem

2495 741 2516 774 ι
2553 719 2837 794 Νεώτερος
2872 723 2972 795 μέν
3016 727 3132 795 εἰμι
3155 725 3234 796 τῷ
3259 725 3460 797 χρόνῳ,
3489 725 3645 796 ὑμεῖς
3674 726 3731 780 δὲ
3759 727 4002 795 πρεσϐύ-

733 807 869 861 estis
912 807 1159 860 seniores
1204 822 1218 859 :
1257 805 1463 860 idcirco
1511 808 1790 863 silentium
1854 809 1962 881 egi,
1995 809 2203 864 veritus
2249 823 2319 863 ne

2416 834 2594 888 τεροιο
2630 817 2711 870 διὸ
2748 817 3002 888 ἡσύχασα
3053 818 3312 888 φοϐηθεὶς
3361 817 3686 888 ἀναγγεῖλαι
3731 819 3865 890 ὑμῖν
3903 820 4003 888 τὴν

736 912 1054 952 cnarrarem
1090 899 1247 952 vobis
1271 899 1526 968 peritiam
1556 915 1757 955 meam.
1798 920 1817 952 ι

1429 914 1526 953 .am
1556 915 1757 955 meam.
1798 920 1817 952 ι
2419 909 2662 980 ὲμαυτοῦ
2697 911 3033 980 ἐπιστήμην.
3072 930 3091 964 ι

805 987 967 1041 Prov.
996 1005 1106 1053 xw,
1141 989 1306 1042 5L—
1333 1008 1352 1040 ι
1381 990 1600 1044 Corona
1625 991 1973 1060 gloriationis
2018 1001 2315 1048 senectus:

2497 1022 2514 1053 ι
2551 1003 2825 1072 Στέφανος
2869 1004 3217 1074 καυχήσεως,
3269 1002 3480 1072 γῆρας·
3531 1005 3591 1057 ὲν
3634 1003 3695 1057 δὲ
3733 1002 3878 1066 ὁδοῖς
3920 1002 4001 1055 δι-

736 1094 792 1132 ιη
821 1080 926 1133 viis
954 1090 1138 1134 autem
1162 1081 1394 1147 justitia:
1423 1083 1722 1152 reperitur.
1762 1103 1780 1136 ι

1490 1083 1722 1152 Ρθνίιυνο
1762 1103 1780 1136 ³
2420 1095 2718 1165 καιοσύνης
2746 1094 3084 1164 εὑρίσκεται.
3130 1115 3149 1148 ι

815 1172 971 1227 Prov.
1002 1190 1091 1237 xx,
1123 1173 1212 1226 29.
1243 1203 1314 1214 —-
1353 1193 1371 1226 ι
1410 1174 1601 1230 Gloria
1633 1191 1829 1232 senum
1866 1177 2118 1234 canities.
2153 1197 2174 1231 ι

1727 1191 1829 1230 tum
1866 1177 2118 1234 canities.
2153 1197 2174 1231 ι
2495 1206 2514 1238 ι
2555 1189 2694 1254 Δόξα
2716 1187 3112 1258 πρεσϐυτέρων
3140 1187 3325 1242 πολιά.
3371 1208 3389 1242 ι

808 1264 937 1332 Sap.
993 1282 1064 1328 Iv,
1103 1265 1155 1318 8.
1187 1295 1254 1306 -—
1292 1284 1311 1318 ι
1355 1265 1622 1322 Senectus
1685 1270 2015 1324 venerabilis
2067 1278 2174 1335 est,
2211 1285 2318 1324 non

2497 1297 2517 1330 ι
2553 1281 2738 1350 Γῆρας
2765 1279 2965 1350 τίμιον,
3005 1280 3068 1332 ού
3117 1278 3180 1332 τὸ
3207 1280 3578 1351 ιπολύχρονον,
3607 1279 3728 1333 οὐδὲ
3786 1279 4003 1350 ἀριθμῷ

736 1359 897 1427 longa
956 1365 1086 1412 retas
1118 1377 1130 1410 :
1165 1372 1346 1427 neque
1410 1373 1641 1412 numero
1673 1359 1888 1413 dierum
1943 1370 2317 1430 computatur.

2421 1372 2560 1424 ἐτῶν
2588 1371 2953 1442 μεμέτρηται,
3008 1370 3182 1425 Πολιά
3230 1372 3349 1425 ἐστι
3400 1373 3663 1443 φρόνησις
3683 1372 3858 1442 ἀνδρὶ,
3911 1370 4005 1425 καὶ

736 1450 873 1504 Cani
913 1461 1041 1504 sunt
1073 1464 1276 1506 sensus
1314 1451 1577 1518 hominis,
1612 1460 1668 1507 et
1694 1461 1828 1508 aetas
1857 1455 2162 1510 senectutis
2206 1455 2318 1509 vita

1762 1467 1828 1508 as
1857 1455 2162 1510 senectutis
2206 1455 2318 1509 vita
2421 1463 2607 1535 ἡλικία,
2631 1465 2839 1534 γήρως,
2865 1463 2980 1534 βίος
3007 1464 3364 1535 ἀκηλίδωτος.
3405 1482 3424 1516 ι

739 1541 1116 1595 immaculata.
1145 1561 1162 1593 ι

813 1631 983 1686 Eccli.
1015 1649 1096 1695 γι,
1129 1633 1218 1688 54.
1248 1664 1312 1676 --
1347 1651 1366 1685 ι
1395 1633 1449 1688 In
1506 1636 1863 1692 multitudine
1902 1638 2183 1693 seniorum
2215 1647 2320 1703 sta,

2498 1661 2518 1695 ι
2571 1643 2661 1698 Ἐν
2683 1641 2881 1714 πλήθει
2912 1641 3301 1713 πρεσϐυτέρων
3344 1639 3536 1712 στῆθιο
3573 1639 3669 1694 καὶ
3698 1639 3751 1692 ετ
3779 1639 3862 1704 τίς
3892 1639 4005 1692 ἔστι

740 1736 795 1778 et
820 1727 866 1779 si
893 1727 1024 1795 quis
1048 1737 1132 1781 est
1158 1727 1404 1794 sapiens,
1436 1729 1754 1785 adltaeresee
1777 1732 1850 1785 ei.
1901 1751 1918 1782 ι

1673 1746 1754 1785 tce
1777 1732 1850 1785 ei.
1901 1751 1918 1782 ι
2425 1736 2610 1804 σοφὸς,
2635 1735 3079 1806 προσκολλήθητι
3108 1733 3279 1804 αύτῷ.
3318 1751 3335 1784 ι

816 1817 984 1874 Eccli.
1041 1836 1162 1884 vm,
1192 1821 1279 1875 ll.
1312 1851 1384 1862 —
1411 1841 1430 1874 ‹
1469 1822 1547 1877 Ne
1576 1834 1627 1876 te
1685 1831 2012 1892 pretereant
2047 1823 2322 1879 narratio-
2355 1886 2394 1896 _

2355 1886 2394 1896 _
2501 1845 2520 1879 ι
2550 1825 2643 1896 Μὴ
2675 1826 2896 1896 ἀστόχει
2917 1825 3278 1896 διηγημάτων
3292 1823 3565 1894 γερόντων
3590 1840 3603 1853 ·
3640 1823 3735 1877 καὶ
3770 1819 3881 1892 γὰρ
3908 1822 4007 1874 αύ-

742 1927 843 1966 nrs
909 1911 1211 1967 seniorum.
1267 1912 1377 1984 lpsi
1431 1915 1579 1970 enim
1630 1886 1942 1971 didicerunt
1988 1932 2019 1971 a
2077 1917 2324 1986 patribus
2355 1886 2398 1942 Β

2355 1886 2398 1942 Β
2425 1919 2509 1972 τοὶ
2539 1886 2745 1988 ἔμαθον
2771 1886 2927 1990 παρὰ
3130 1886 3390 1986 πατέρων
3442 1915 3645 1969 αὐτῶν.
3689 1933 3708 1966 ι
3747 1886 3815 1955 -λ-
3848 1886 3879 1965 ἰ
3920 1912 4011 1982 Μὴ

743 2001 878 2056 tuis.
913 2021 931 2054 ι
990 2032 1059 2044 -
1113 2023 1130 2055 ι
1167 2002 1246 2059 Ne
1300 2020 1533 2076 spernas
1589 2007 1869 2062 hominem
1920 2008 1976 2062 in
2033 2015 2325 2064 senectute

1784 2023 1869 2062 em
1920 2008 1976 2062 in
2033 2015 2325 2064 senectute
2427 2010 2708 2084 ἀτιμάσῃς
2735 2009 2906 2081 ἄνδρα
2933 2009 2992 2062 ὲν
3015 2009 3164 2080 γήρᾳ
3194 2007 3384 2062 αὐτοῦ.
3429 2027 3446 2058 ι

744 2111 866 2151 sua.
907 2115 925 2146 ο

813 2185 978 2259 404
1001 2185 1167 2242 Eccli.
1196 2203 1323 2254 xxv,
1342 2188 1506 2243 8.—¢
1521 2187 1741 2252 Corona
1768 2205 1962 2246 senum
1986 2191 2158 2248 multa
2186 2193 2327 2264 peri-

2503 2210 2526 2243 (
2555 2190 2829 2259 Στέφανος
2849 2187 3122 2259 γερόντων
3151 2184 3481 2255 πολυπειρία
3501 2203 3514 2214 ’
3541 2185 3638 2237 καὶ
3661 2184 3722 2235 τὸ
3749 2181 4014 2251 καύχημα

745 2281 842 2343 tia,
877 2288 932 2335 et
960 2281 1135 2350 gloria
1157 2281 1376 2336 illorum
1407 2282 1576 2337 timor
1604 2281 1841 2338 Domini.
1881 2303 1901 2335 ι

1445 2298 1576 2337 .mor
1604 2281 1841 2338 Domini.
1881 2303 1901 2335 ι
2431 2284 2612 2338 αὐτῶν
2640 2282 2804 2351 φόϐος
2827 2282 3058 2354 Κυρίου.
3090 2299 3107 2332 ι

815 2372 987 2428 Eccli.
1017 2390 1187 2439 xxxii,
1218 2375 1270 2431 4.
1299 2404 1371 2416 -
1404 2394 1423 2427 ι
1460 2375 1732 2447 Loquere,
1755 2377 1934 2448 major
1961 2389 2095 2432 natu
2126 2391 2140 2429 :
2170 2376 2330 2434 decet

2137 2393 2140 2427 :
2170 2376 2330 2434 decet
2509 2397 2527 2430 ι
2560 2377 2832 2447 Λόιλησον,
2851 2373 3192 2445 πρεσϐύτερε
3211 2389 3226 2404 ο
3257 2373 3457 2442 πρέπει
3490 2370 3597 2441 γάρ
3633 2386 3738 2422 σοι.
3781 2388 3799 2419 ι

739 2469 890 2523 cnim
925 2476 999 2523 te.
1035 2497 1054 2520 ο

821 2559 988 2614 Eccli.
1016 2575 1144 2625 xxv,
1179 2559 1234 2614 4.
1264 2590 1336 2600 -
1361 2578 1382 2612 ι
1410 2559 1586 2626 Quam
1636 2561 1954 2630 speciosum
1981 2563 2214 2618 canitiei
2235 2563 2333 2634 ju-

2511 2595 2530 2627 ι
2585 2575 2673 2638 Ὠς
2726 2574 2931 2644 ὡραῖον
2982 2573 3202 2636 πολιαῖς
3239 2570 3442 2641 κρίσις,
3483 2569 3578 2622 καὶ
3620 2565 4014 2638 πρεσϐυτέροις

743 2653 975 2716 dicium,
1010 2661 1064 2708 et
1089 2653 1423 2724 presbyteris
1450 2667 1618 2708 nosse
1645 2654 1960 2708 consilium.
1992 2674 2011 2706 ι

1376 2653 1423 2708 is
1450 2667 1618 2708 nosse
1645 2654 1960 2708 consilium.
1992 2674 2011 2706 ι
2436 2666 2736 2734 ἐπιγνῶναι
2769 2665 2983 2735 βουλήν.
3021 2682 3038 2714 ι

815 2744 989 2799 Basil.
1047 2743 1210 2800 Hom.
1244 2744 1371 2799 ﬁde
1424 2744 1598 2815 jejun.
1625 2774 1697 2786 —
1742 2745 2024 2815 Quidquid
2074 2746 2338 2816 praecellit

2074 2746 2338 2816 Dracen"
2509 2761 2624 2814 Πᾶν
2646 2758 2706 2812 τὸ
2735 2756 3057 2828 ἀρχαιότητι
3087 2752 3370 2824 διαφέρον,
3393 2750 3693 2820 αἰδέσιμον.

745 2838 1100 2906 antiquitate,
1136 2836 1193 2890 id
1221 2837 1580 2892 veneratione
1615 2837 1842 2906 dignum
1873 2847 1981 2892 est.

823 2928 1016 2999 Ejusd.
1069 2932 1128 2984 in
1153 2946 1274 2999 cap.
1307 2946 1370 2985 ιιι
1423 2929 1542 2986 Ira.
1569 2961 1640 2970 —
1668 2930 1751 2986 Ad
1789 2946 1981 2988 senem
2017 2931 2336 2989 faciendum

2507 2939 2698 2995 Πλεῖον
2743 2935 2824 3006 τῷ
2853 2935 2969 2988 δντι
2992 2934 3088 3003 τῆς
3131 2934 3191 2985 ἐν
3232 2930 3379 3001 θριξὶ
3415 2929 3743 2997 λευκότητος
3768 2927 3852 2989 εἰς
3886 2942 4019 2995 πρε-

749 3019 872 3087 plus
895 3019 1144 3090 profecto
1174 3021 1230 3074 in
1256 3021 1418 3076 senili
1451 3021 1763 3090 prudentia,
1793 3038 1962 3093 quam
2002 3025 2059 3078 in
2101 3025 2334 3097 capillo-

2438 3032 2702 3103 σϐυτέρου
2737 3029 3015 3092 σύστασιν,
3047 3026 3110 3079 τὸ
3150 3026 3210 3078 ὲν
3254 3022 3519 3094 φρονήσει
3564 3017 4019 3091 πρεσϐυτερικόν.

753 3128 878 3167 rum
909 3113 1132 3178 canitie,
1165 3113 1431 3168 momenti
1459 3122 1564 3171 est.

827 3202 967 3260 Nili.
995 3235 1065 3247 -—
1093 3205 1154 3260 1n
1198 3205 1352 3261 omni
1385 3221 1449 3262 re
1493 3206 1820 3277 plerumque
1848 3206 2222 3277 periculosum
2246 3217 2332 3264 est
2361 3231 2405 3292 ο

2364 3231 2405 3292 c
2525 3207 2648 3263 Ἐπὶ
2686 3205 2888 3269 παντὸς
2916 3204 2994 3265 ὡς
3034 3199 3267 3255 ἐπιπολὺ
3314 3197 3692 3292 πρᾴγματοςζ
3716 3190 4026 3292 ἐπισφαλὴς

754 3315 786 3354 a
810 3299 1034 3370 juventa
1054 3299 1350 3355 consilium
1372 3309 1563 3370 petere
1593 3317 1607 3353 :
1640 3315 1818 3369 neque
1841 3298 2005 3356 facile
2033 3301 2329 3370 quisquam
2370 3285 2404 3292 τ

2370 3285 2404 3292 ν
2440 3300 2745 3374 σύμϐουλος
2797 3299 2832 3369 ἡ
2875 3296 3096 3366 νεότης·
3129 3294 3224 3347 καὶ
3267 3293 3371 3344 οὐκ
3403 3289 3469 3344 ἄν
3503 3306 3589 3374 τις
3635 3285 3774 3360 εὕρῃ
3827 3285 4025 3358 ῥαδίως

756 3392 966 3463 aliquid
1016 3393 1194 3464 pretio
1223 3393 1456 3465 dignum
1513 3408 1642 3450 esse
1691 3391 2007 3448 confectum
2063 3395 2334 3464 reperiat,

2438 3373 2787 3464 κατορθωθὲν
2819 3406 2874 3441 τι
2900 3387 3010 3441 τῶν
3043 3385 3280 3454 σπουδῆς
3305 3381 3495 3449 ἀξιῶν,
3529 3373 3574 3448 ᾧ
3615 3379 3691 3450 μὴ
3734 3379 3830 3431 καὶ
3858 3377 4023 3430 πολιὰ

757 3487 846 3541 cui
897 3501 1005 3540 non
1067 3485 1308 3542 canities
1357 3501 1578 3557 quoque
1611 3485 1679 3541 ad
1725 3485 1950 3540 consilii
2017 3487 2338 3542 societatem

2220 3496 2338 3542 item
2440 3479 2880 3558 συμπαρελήφθη
2911 3478 3050 3551 πρὸς
3077 3475 3368 3532 κοινωνίαν
3391 3472 3489 3528 τοῦ
3530 3471 3882 3542 σκέμματος.

759 3583 934 3640 ascita
961 3582 1150 3639 fuerit.

830 3675 890 3731 S.
950 3674 1109 3744 Greg.
1157 3675 1300 3732 Naz.
1347 3686 1490 3733 orat.
1532 3677 1584 3731 Ι.
1623 3675 1915 3732 —Melior
1966 3669 2053 3732 εει
2097 3676 2338 3733 canities

2511 3665 2798 3734 Κρείσσων
2821 3657 2986 3714 πολιὰ
3011 3655 3152 3729 μετὰ
3175 3654 3515 3728 φρονήσεως,
3535 3649 3874 3706 ἀπαιδεύτου
3904 3648 4026 3702 νεό-

759 3769 1064 3840 conjuncta
1115 3785 1242 3825 cum
1274 3769 1597 3840 prudentia,
1629 3784 1794 3841 quam
1848 3769 2105 3840 iuventus
2157 3771 2343 3828 ineru-
2441 3772 2625 3826 τητοςο

761 3863 896 3918 dita.

833 3957 892 4011 S.
930 3955 1084 4028 Greg.
1120 3955 1287 4027 Nysa.
1314 3986 1380 3998 —
1416 3955 1661 4013 Canities
1691 3971 1884 4011 senum
1902 3955 2104 4010 lenitas
2131 3969 2345 4009 morum

2516 3949 2686 4004 Πολιὰ
2712 3949 2985 4021 γερόντων
3013 3943 3291 4017 πραότης’
3323 3944 3437 4017 ζωὴ
3485 3944 3541 3998 δὲ
3588 3943 3788 4008 αὐτῶν,
3826 3941 4030 4010 γνῶσις

762 4058 848 4103 est
873 4067 888 4112 ;
913 4051 1021 4103 vita
1045 4056 1230 4104 autem
1261 4048 1510 4118 ipsorum
1533 4063 1666 4102 vera
1689 4045 1946 4103 scientia.
2448 4043 2678 4114 ἀληθής.

841 4139 1034 4209 Evagr.
1066 4170 1135 4182 —
1179 4137 1319 4194 Tum
1353 4137 1605 4194 ﬂorescit
1654 4139 1896 4198 animus,
1954 4145 2013 4189 ut
2061 4135 2348 4191 scientiam

2532 4137 2800 4190 Ἀνθεῖται
2824 4134 2964 4204 πρὸς
2988 4134 3298 4204 ἐπιστήμην
3323 4129 3490 4201 ψυχὴ,
3521 4127 3684 4181 ὁπότε
3710 4125 3807 4178 τοῦ
3840 4124 4027 4195 σῶμα·

766 4231 1032 4302 prol'erat,
1094 4246 1221 4286 cum
1252 4231 1507 4302 corporis
1558 4231 1713 4301 vigor
1758 4229 2023 4298 temporis
2075 4226 2354 4282 diuturni-

1686 4247 1713 4285 ι·
1758 4229 2023 4298 temporis
2075 4226 2354 4282 diuturni-
2449 4243 2541 4290 τος
2563 4225 2739 4294 ἁκμαὶ
2770 4225 2936 4295 μήκει
2966 4223 3346 4295 μαραίνονται.

769 4330 883 4376 tate
907 4322 1218 4377 marcescit.

844 4415 1064 4471 Philan.
1112 4413 1190 4468 De
1231 4413 1560 4467 Abrahamo.
1597 4443 1666 4454 -
1695 4411 1800 4478 Qui
1852 4426 1984 4467 vere
2016 4426 2186 4466 senex
2243 4419 2352 4474 est,

2532 4401 2592 4454 '0
2630 4398 2858 4468 ἀληθείᾳ.
2900 4396 3294 4468 πρεσϐύτερος,
3337 4393 3439 4447 οὐκ
3481 4394 3542 4444 ὲν
3591 4391 3760 4462 μήκει
3800 4391 4033 4460 χρόνων,

775 4525 882 4563 non
937 4508 1098 4579 longa
1124 4514 1307 4569 aetate,
1346 4507 1443 4563 sed
1497 4505 1760 4561 laudabili
1789 4513 1956 4575 atque
2003 4504 2245 4575 perfecta
2274 4505 2356 4556 vi-

2355 4534 2356 4538 η
2457 4494 2568 4548 ἀλλ’
2607 4493 2665 4543 ἐν
2705 4489 2972 4557 ὲπαινετῷ
3010 4488 3104 4542 καὶ
3145 4487 3336 4556 τελείῳ
3387 4485 3487 4555 βίῳ
3532 4483 3844 4552 θεωρεῖται.
3880 4481 4017 4542 Τοὺς

771 4601 935 4657 vendi
991 4574 1210 4656 ratione
1235 4607 1521 4656 censetur.
1553 4599 1656 4664 Qui
1681 4614 1816 4668 ergo
1847 4574 1988 4653 citra
2009 4574 2354 4668 probitatem
2388 4583 2431 4638 Ῑ)

2388 4583 2431 4638 D
2465 4588 2562 4656 μὲν
2589 4579 2683 4639 οὖν
2708 4583 2879 4638 αἰῶνα
2911 4583 3076 4636 πολὺν
3103 4579 3406 4651 τρίψαντας
3436 4578 3494 4630 ὲν
3513 4578 3577 4646 τῇ
3615 4575 3751 4643 μετᾶ
3785 4574 4036 4642 σώματος

773 4708 1014 4756 morum,
1079 4705 1400 4758 corpoream
1461 4689 1632 4744 vitam
1688 4689 1862 4743 multo
1893 4702 2011 4742 aevo
2048 4686 2352 4751 duxerunt,

2457 4679 2594 4749 ζωῇ,
2623 4676 2746 4746 δίχα
2782 4671 3187 4742 καλοκαγαθίας
3211 4711 3227 4733 ,
3283 4667 3670 4740 πολυχρονίους
3711 4665 3911 4726 παῖδας
3947 4665 4032 4716 λε-

775 4785 977 4840 vetusti
1003 4783 1154 4853 pueri
1182 4756 1405 4838 dicendi
1435 4781 1662 4844 fuerint,
1695 4783 1790 4852 qui
1847 4795 2130 4851 nunquam
2160 4780 2357 4852 dignas
2395 4796 2403 4806 '

2395 4796 2403 4806 ι
2459 4771 2636 4833 κτὲον,
2695 4767 2995 4839 μαθήματα
3053 4764 3245 4826 πολιᾶς
3290 4762 3416 4827 ἄξια
3483 4759 3757 4828 μηδέποτε
3813 4756 4040 4809 παιδευ-

779 4879 936 4933 canis
995 4849 1325 4946 disciplinas
1378 4849 1747 4946 perceperint.
1801 4849 2149 4928 —Canities
2208 4849 2360 4926 tran-

2460 4863 2672 4925 θέντας.
2713 4889 2784 4900 σ-
2829 4858 3164 4928 Ἀκύμαντος
3210 4853 3376 4925 λιμὴν
3429 4851 3610 4904 πολιὰ.
3657 4879 3725 4890 --
3772 4849 4033 4918 Σώματος

781 4968 991 5039 quillus
1039 4945 1237 5037 portus
1284 4945 1397 5020 est.
1421 4993 1493 5003 —
1525 4963 1732 5019 Senilis
1787 4960 2044 5031 corporis
2102 4961 2359 5032 languor,

1663 4963 1732 5019 lis
1787 4960 2044 5031 corporis
2102 4961 2359 5032 languor,
2461 4952 2750 5026 παρακμὴ,
2779 4947 3084 5018 καταστολὴ
3113 4945 3321 5000 παθῶν.

783 5059 955 5115 animi
984 5066 1236 5113 motuum
1271 5056 1620 5127 compressio
1653 5062 1760 5111 est.

784 5174 922 5230 TIT.
959 5171 1028 5228 ν.
1079 5203 1149 5214 -
1174 5171 1253 5227 Dc
1311 5169 1648 5239 agricultura
1699 5179 1748 5222 el
1787 5167 2038 5238 agricolis
2068 5184 2086 5222 :
2113 5176 2164 5222 et
2218 5166 2361 5237 quod

2465 5150 2647 5204 TITA.
2675 5147 2751 5201 E'.
2785 5177 2852 5187 —
2878 5142 3026 5239 Περὶ
3042 5135 3747 5239 κναὲνέῗωρῃῶν
3765 5150 3778 5162 ”
3815 5133 3913 5189 καὶ
3951 5133 4038 5186 ὅτι

1311 5208 1648 5239 ..την-...ην
1699 5208 1746 5222 ν.
1787 5208 2038 5238 ..ναννησ
2068 5210 2080 5222 .
2113 5208 2164 5222 ν.
2218 5208 2359 5237 .,..ν..

1283 5240 1476 5294 bonum
1500 5242 1568 5294 sit
1599 5240 1829 5310 operari.
2719 5307 2763 5310 ﬂ
2807 5307 2817 5310 Α

1926 5208 2038 5222 νυ..-
2068 5210 2080 5222 .
2113 5208 2164 5222 ν.
2218 5208 2359 5237 ν-ν-
2911 5208 3103 5267 κίμων
3129 5208 3588 5278 έδέρτὰζεσθαι.

859 5337 990 5394 Gen.
1035 5353 1118 5402 ιιι,
1135 5336 1329 5391 25.-‹
1354 5333 1527 5403 Ejecit
1543 5294 1804 5388 Dominus
1821 5330 1992 5387 Adam
2014 5331 2082 5386 de
2106 5328 2366 5402 paradiso

2545 5330 2565 5362 ι
2612 5307 2866 5374 Ἐξέϐαλε
2905 5303 3111 5376 Κύριος
3154 5302 3246 5354 τὸν
3285 5300 3455 5370 Ἀδὰμ
3483 5301 3546 5350 ὲκ
3582 5295 3676 5348 τοῦ
3704 5294 4035 5365 παραδείσου

790 5385 1118 5502 voluptatis:
1147 5439 1206 5484 ut
1229 5385 1554 5498 operaretur
1587 5433 1792 5480 terram
1855 5422 1924 5478 de
1955 5438 2064 5493 qua
2107 5385 2368 5492 sumptus

2272 5430 2368 5475 ,ιιιε
2467 5404 2567 5475 τῆς
2586 5401 2822 5474 τρυφῆς,
2851 5395 3182 5470 ἐργάζεσθαι
3206 5393 3304 5464 τὴν
3327 5393 3435 5462 γῆν
3462 5391 3523 5454 ἐξ
3546 5385 3613 5460 ἧς
3636 5386 3875 5457 ἐλήφθη.
3913 5406 3934 5439 ι

791 5535 893 5580 εει.
936 5541 957 5576 ι

869 5564 1000 5667 lien.
1040 5630 1116 5675 Ix,
1144 5612 1326 5667 20.—
1360 5629 1380 5662 ι
1401 5609 1582 5680 Coepit
1624 5605 1738 5662 Noe
1775 5607 1860 5660 vir
1887 5604 2127 5677 agricola
2162 5611 2366 5658 terram

2548 5604 2568 5637 ι
2603 5579 2854 5653 ’Ἠρξατο
2881 5575 3004 5630 Νῶε
3033 5574 3319 5646 ἄνθρωπος
3353 5569 3595 5642 γεωργὸς
3623 5567 3748 5638 γῆς,
3783 5565 3882 5620 καὶ
3909 5564 4038 5632 ὲφύ-

803 5708 1004 5770 cnlere,
1059 5714 1116 5761 et
1161 5703 1430 5776 plantavit
1483 5705 1720 5767 vincam,
1753 5709 1806 5756 et
1858 5699 2000 5754 bibit
2025 5712 2094 5753 ex
2132 5695 2288 5762 vino,
2318 5701 2373 5749 et

2473 5694 2665 5732 τευσεν
2687 5670 3003 5744 ἀμπελῶνα,
3034 5668 3129 5722 καὶ
3158 5666 3310 5719 ἔπιεν
3344 5666 3407 5718 ἐκ
3449 5663 3546 5716 τοῦ
3597 5662 3763 5726 οἴνου,
3797 5659 3893 5712 καὶ
3925 5661 4039 5729 ἐμε-

807 5768 1115 5854 inebriatus
1140 5768 1246 5854 est.
1277 5815 1296 5849 ι

1067 5814 1115 5853 ιε
1140 5768 1246 5854 est.
1277 5815 1296 5849 ι
2476 5768 2671 5838 θύσθη·
2711 5785 2729 5818 ³

884 5885 1015 5944 Gen.
1077 5905 1222 5957 χιιι,
1253 5888 1340 5944 M.
1374 5919 1441 5934 -
1498 5905 1521 5941 ιι
1547 5884 1799 5943 lssacliar
1850 5884 2056 5941 bonum
2083 5876 2372 5954 appetivit,

2553 5882 2573 5916 ι
2627 5859 2846 5927 Ἰσάχαρ
2894 5855 2956 5909 τὸ
2997 5851 3159 5907 καλὸν
3205 5846 3572 5918 ἐπεθύμησεν,
3629 5845 4040 5916 ἀναπαυδμενος
