4210 6448
238 382 373 449 130]

1501 394 1739 457 SACRA
1781 390 2243 451 PARALLELA.

3356 373 3494 440 1310

230 500 507 569 ἀναμέσον
535 503 644 552 τῶν
674 502 921 572 κλήρων·
950 506 1045 558 καὶ
1096 502 1221 557 ἰδὼν
1249 502 1348 574 τὴν
1377 501 1706 560 ἀνάπαυσιν,
1735 503 1814 553 ὅτι

1919 498 2274 567 requiescens
2304 499 2446 552 inter
2485 504 2681 550 sortes.
2716 492 2781 545 Et
2814 491 3002 544 videns
3049 486 3314 556 requiem,
3343 488 3491 558 quod

236 594 398 665 καλὴ,
416 596 510 648 καὶ
538 594 635 667 τὴν
667 596 772 665 γῆν
793 596 876 648 ὅτι
902 597 1078 663 πίων,
1110 594 1324 649 τέθεικε
1350 595 1442 646 τὸν
1474 588 1624 664 ὦμον
1652 592 1815 647 αὐτοῦ

235 687 321 749 είς
351 684 412 737 τὸ
436 687 641 751 πονεῖν,
672 686 765 739 καὶ
793 686 1029 758 ἐγενήθη
1060 687 1201 757 ἀνὴρ
1239 685 1506 757 γεωργός.
1548 704 1567 736 ι

313 877 333 911 ι
380 857 673 929 Ἐπιμελοῦ
724 858 832 913 τῶν
874 860 933 912 ἐν
979 858 1148 929 πεδίῳ
1194 858 1440 929 χλωρῶν,
1485 858 1579 909 καὶ
1633 857 1819 925 κερεῖς

235 952 378 1007 πόαν
404 970 419 986 ’
448 954 651 1023 σύναγε
677 954 871 1024 χόρτον
903 954 1133 1023 ὀρεινὸν,
1173 952 1259 1005 ἵνα
1295 952 1425 1023 ἔχῃς
1461 950 1710 1021 πρόόατα
1738 951 1815 1013 είς

220 1045 554 1115 ’ίματισμόν.
591 1045 740 1116 Τίμα
762 1045 818 1098 δὲ
847 1044 1048 1111 πεδίον,
1073 1045 1161 1097 ἵνα
1189 1038 1290 1097 ὧσί
1326 1060 1407 1096 σοι
1437 1042 1622 1113 ἄρνες.
1665 1060 1684 1093 ι

313 1245 331 1277 ι
376 1223 640 1296 Ἔργάζου
687 1225 787 1297 τὴν
831 1226 936 1295 γῆν
988 1242 1083 1278 σου
1110 1242 1123 1257 ·
1160 1224 1255 1278 καὶ
1297 1224 1408 1293 γάρ
1444 1221 1605 1275 πλοῖα
1634 1218 1816 1273 οὐκέτι

236 1316 457 1387 ἔρχεται
478 1319 543 1370 ἐκ
571 1318 935 1388 Καρχηδόνος.
981 1338 999 1371 ι

313 1428 332 1461 ι
370 1410 626 1464 Νεώσατε
661 1413 873 1475 ἑαυτοῖς
899 1411 1178 1481 νεώματα,
1207 1413 1301 1466 καὶ
1341 1412 1414 1484 μὴ
1440 1410 1694 1482 σπείρετε
1736 1411 1817 1474 είς

236 1504 505 1567 ἀκάνθας.
548 1524 567 1555 ι

313 1617 332 1649 ι
362 1598 453 1667 Μὴ
493 1599 731 1669 μισήσῃς
779 1597 1042 1650 ἐπίπονον
1084 1596 1372 1667 ἐργασίαν,
1404 1595 1501 1650 καὶ
1544 1595 1819 1667 γεωργίαν

238 1690 344 1743 ὑπὸ
384 1689 639 1759 Ὑψίστου
676 1689 1032 1759 ἐκτισμένην.
1075 1706 1095 1740 ι

313 1801 333 1832 ι
377 1783 435 1834 '0
467 1781 834 1852 ἐργαζόμενος
881 1781 979 1852 τὴν
1028 1781 1156 1852 γῆν,
1214 1781 1468 1849 ἀνύψωσε
1530 1780 1813 1853 θημωνίαν

233 1873 423 1927 αὑτοῦ.
474 1893 492 1925 ι

316 1985 334 2017 ι
376 1966 551 2037 Χάριν
584 1966 677 2020 καὶ
712 1967 910 2031 κάλλος
945 1965 1205 2037 ἐπιθυμεῖ
1225 1964 1521 2035 ὀφθαλμὸς,
1551 1966 1644 2018 καὶ
1667 1966 1807 2037 ὑπὲρ

232 2058 517 2131 ἀμφότερα
547 2060 713 2129 χλόην
750 2061 974 2131 σπόρου.
1013 2078 1032 2111 ι

313 2172 331 2203 ι
366 2152 430 2203 Τί
468 2152 857 2223 σοφισθήσεται
908 2154 938 2205 ό
981 2149 1201 2223 κρατῶν
1246 2149 1503 2219 ἀρότρου.
1535 2151 1630 2202 καὶ
1670 2168 1806 2203 καυ-

231 2242 477 2313 χώμενος
520 2245 578 2298 ἐν
624 2244 812 2316 δόρατι
866 2247 1093 2315 κέντρου
1123 2282 1139 2304 ,
1216 2241 1342 2311 βόας
1411 2242 1669 2308 ἐλαύνων,
1718 2244 1811 2295 καὶ

231 2336 706 2406 ἀναστρεφόμενος
732 2338 789 2389 ἐν
814 2337 997 2407 ἔργοις
1021 2333 1209 2397 αὑτοῦ,
1248 2334 1342 2386 καὶ
1371 2333 1621 2405 διήγησις
1646 2335 1809 2387 αὑτοῦ

228 2429 290 2479 ἐν
322 2429 461 2492 υίοῖς
514 2429 764 2501 ταύρων;
828 2429 1070 2500 Καρδίαν
1120 2427 1281 2480 δώσει
1332 2425 1469 2497 βαθὺ
1519 2429 1599 2490 είς
1625 2430 1809 2498 τεμεῖν

230 2519 499 2585 αὔλακας,
544 2523 639 2575 καὶ
689 2524 722 2594 ἡ
772 2521 1052 2593 ἀγρυπνία
1118 2518 1287 2575 αὑτοῦ
1332 2521 1413 2584 εἰς
1453 2520 1811 2592 χορτάσματα

228 2613 535 2683 δαμάλεως.
570 2634 591 2666 ι

307 2726 325 2757 ι
363 2707 467 2759 Τὸν
494 2706 773 2759 κοπιῶντα
792 2707 1043 2778 γεωργὸν
1064 2708 1146 2763 δεῖ
1175 2708 1397 2781 πρῶτον
1416 2708 1531 2762 τῶν
1580 2706 1812 2779 καρπῶν

230 2799 701 2869 μεταλαμὸἀνειν.
730 2818 748 2851 ι

300 2892 573 2960 Γεηπόνος
622 2892 712 2946 τὸν
739 2891 909 2945 ὕπνον
962 2892 1425 2962 ἀποσεισάμενος,
1462 2892 1567 2962 πρὸ
1593 2891 1694 2963 τὴν
1712 2891 1813 2960 τῆς

226 2986 333 3055 γῆς
358 2985 625 3055 ἐργασίαν
655 2985 962 3053 ἐπείγεται,
1019 2984 1115 3039 καὶ
1147 2985 1243 3038 τοῦ
1286 2986 1384 3055 μὲν
1434 2984 1680 3038 οίκίσκου
1718 2984 1814 3035 καὶ

227 3077 333 3145 τῆς
365 3076 648 3141 ἐπαύλεως
674 3078 733 3130 τὸ
772 3076 981 3147 ἔρημον
1012 3076 1473 3148 ὑπερασπίζεται,
1527 3074 1622 3129 καὶ
1648 3075 1816 3142 ἀναγ-

228 3168 458 3231 κάζεται
493 3169 669 3238 ὅμως,
702 3169 797 3220 καὶ
828 3168 1060 3240 φλογμῷ
1088 3168 1185 3221 καὶ
1227 3167 1459 3238 χειμῶνι
1485 3167 1594 3221 ἀπὸ
1625 3168 1815 3221 ταλαι-
1844 3200 1886 3258 C

228 3258 419 3329 πώρου
441 3260 644 3329 σαρκὸς
672 3259 1065 3330 διαμάχεσθαι.
1108 3259 1400 3330 Πανταχοῦ
1430 3259 1539 3331 γὰρ
1568 3259 1656 3314 διὰ
1690 3258 1817 3312 δυσ-

232 3349 421 3413 κολίας
448 3351 545 3403 καὶ
570 3351 748 3404 πόνων
770 3354 880 3415 τοῖς
901 3352 1214 3423 ἀνθρώποις
1234 3352 1447 3421 πέφυκε
1469 3353 1536 3406 τά
1572 3352 1817 3422 χρήσιμα

232 3442 657 3512 παραγίνεσθαι.
677 3475 747 3484 -
768 3445 929 3514 Φέρει
986 3444 1280 3514 γεηπόνοις
1314 3445 1511 3514 ἡδονὴν
1537 3444 1599 3497 τὺ
1627 3443 1685 3508 ἐξ
1712 3444 1816 3496 ὐπ-

228 3533 362 3587 τίων
381 3552 440 3587 τε
471 3537 564 3588 καὶ
597 3534 900 3606 βαθυγείων
934 3537 1151 3607 χωρίων
1184 3536 1353 3589 πολύν
1374 3553 1497 3591 τινα
1517 3535 1815 3608 δρέπεσθαι

229 3625 327 3678 τὸν
363 3628 596 3698 καρπόν.
634 3627 695 3680 Ei
724 3629 780 3681 δέ
824 3646 957 3681 ποτε
991 3629 1085 3682 καὶ
1106 3630 1172 3681 ἐκ
1200 3627 1515 3699 πετρώδους
1567 3628 1689 3698 γῆς,
1720 3628 1816 3681 καὶ

229 3717 453 3790 λεπτῆς,
483 3719 579 3773 καὶ
612 3719 1238 3791 ὑποψάμμου-δυνηθείη
1272 3719 1410 3789 μετὰ
1440 3718 1639 3788 πολλὴν
1691 3719 1815 3772 ἐπι-

233 3811 456 3881 μέλειαν
484 3810 725 3882 χρηστοῦ
772 3829 918 3876 τινος
949 3811 1255 3865 ἀπολαῦσαι
1316 3809 1555 3882 καρποῦ,
1612 3809 1814 3881 μείζων

229 3904 485 3957 ἐντεῦθεν
513 3904 547 3973 ὴ
578 3902 847 3975 ἡδονὴτῷ
878 3904 1156 3974 γεηπόνῳ,
1194 3904 1327 3957 διότι
1382 3902 1521 3973 πρὸς
1580 3903 1680 3971 τὴν
1716 3903 1816 3971 τῆς

228 3996 395 4067 φύσιν
405 3995 837 4066 ἀγωνισάμενος,
860 3998 957 4049 καὶ⁵
984 3997 1111 4059 τοὺς
1132 3995 1367 4057 οίκείους
1389 3994 1591 4058 πόνους
1604 3994 1817 4047 ἀντεισ-

228 4087 367 4152 ἀξας
418 4090 486 4158 τῇ
527 4085 811 4159 στειρώσει
836 4087 935 4157 τῆς
973 4089 1099 4157 γῆς,
1138 4086 1294 4158 νίκης
1336 4086 1459 4139 τινά
1510 4084 1815 4158 μαρτυρίαν

226 4177 569 4250 ἀποφέρεται
623 4178 776 4249 παρά
828 4178 937 4231 τῶν
974 4180 1035 4232 τὸ
1088 4178 1355 4249 γεώργιον
1402 4178 1811 4249 θαυμαζόντων.

228 4478 415 4533 ἸἸΤΛ.
454 4481 546 4547 (τ’.
571 4478 797 4546 -Περί
828 4480 1199 4619 γιᾶιὲᾯοέἓέἑ
1250 4479 1348 4533 καί
1380 4479 1669 4549 μελέτης,
1709 4478 1809 4531 καί

313 4660 333 4695 ι
367 4642 459 4695 Ἐκ
493 4642 761 4716 μερίμνης
784 4641 879 4697 καὶ
903 4641 1182 4712 φροντίδος
1209 4640 1568 4709 ἀναφανεῖται
1618 4655 1700 4692 σοι
1736 4638 1813 4691 εί-

234 4737 395 4806 ρὴνη.
424 4754 441 4785 ι

311 4846 329 4877 ι
369 4826 568 4877 Τέκνον
600 4868 615 4887 ,
676 4828 736 4879 ἐν
794 4825 907 4896 ζωῇ
964 4842 1061 4878 σου
1136 4824 1401 4897 πείρασον
1466 4830 1567 4895 τὴν
1630 4824 1812 4896 ψυχήν

233 4935 357 4972 σου.
388 4938 405 4969 Ι

312 5033 328 5060 σ
368 5010 614 5081 Γύμναζε
640 5011 865 5065 σεαυτὸν
894 5011 1031 5082 πρὸς
1061 5010 1363 5066 εὐσέϐειαν.
1393 5011 1457 5064 Ἦ
1489 5011 1597 5081 γὰρ
1624 5029 1813 5075 σωμα·

227 5105 359 5172 τικὴ
391 5102 667 5172 γυμνασία
698 5102 833 5172 πρὸς
886 5102 1067 5169 ὀλίγον
1116 5104 1265 5156 ἐστὶν
1324 5102 1606 5172 ὠφέλιμος
1643 5118 1655 5129 ·
1689 5104 1721 5171 ή
1752 5102 1810 5155 δὲ

226 5196 483 5251 εὐσέϐεια
540 5195 677 5265 πρὸς
718 5195 896 5247 πάντα
949 5195 1228 5266 ὠφέλιμός
1279 5198 1448 5260 ἐστιν,
1476 5194 1809 5263 ἐπαγγελίαν

229 5290 433 5357 ἔχουσα
458 5286 623 5355 ζωῆς,
660 5286 758 5356 τῆς
790 5286 886 5339 νῦν
910 5288 1121 5355 καὶτῆς
1147 5288 1469 5358 μελλούσης.
1502 5306 1520 5340 ›

304 5381 368 5431 Οἱ
417 5382 482 5431 ἐκ
530 5380 747 5448 μακρᾶς
814 5379 1108 5449 συνηθείας
1167 5378 1553 5450 μελετηθέν-τες
1616 5380 1804 5445 πόνοι,

226 5472 565 5543 ἀλυπότερον
609 5472 1013 5541 προσπίπτουσι
1070 5475 1183 5536 τοῖς
1246 5473 1803 5544 ἐγγεγυμνασμένοις.

228 5562 709 5633 -Μιμησώμεθα
743 5566 866 5627 τοὺς
898 5567 955 5618 ἐν
986 5567 1099 5628 τοῖς
1128 5569 1407 5630 τακτικοῖς
1435 5568 1534 5629 τὰς
1574 5566 1807 5635 μελέτας

231 5656 619 5725 ποιουμένους,
650 5658 703 5709 οἵ
738 5674 803 5726 γε
858 5659 915 5711 ὲν
973 5659 1363 5728 χειρονομίαις.
1404 5660 1501 5713 καὶ
1548 5660 1807 5731 ὀρχήσεσι

229 5751 333 5816 τὴν
360 5750 651 5820 ἐμπειρίαν
678 5750 1033 5820 κτησάμενοι,
1066 5752 1159 5803 ἐπὶ
1199 5752 1307 5805 τῶν
1347 5751 1574 5821 ἀγώνων
1617 5752 1711 5805 τοῦ
1742 5754 1805 5805 ἐκ

229 5840 334 5913 τῆς
364 5841 603 5906 παιδείας
633 5842 963 5897 ἀπολαύουσι
1002 5843 1244 5915 κέρδους.

1917 597 2063 644 esset
2094 591 2261 653 bona,
2294 598 2349 644 et
2372 598 2597 650 terram,
2625 584 2883 655 quoniam
2907 581 3147 653 pinguis,
3182 579 3364 649 posuit
3390 579 3495 634 hu-

1918 697 2131 735 merum
2179 696 2341 736 suum
2396 681 2463 735 ad
2515 676 2899 739 laborandum,
2956 684 3010 730 et
3056 673 3236 727 factus
3262 680 3346 727 est
3405 672 3492 725 vir

1918 773 2177 845 agricola.
2223 792 2241 824 ι

1990 866 2152 921 Prov.
2185 880 2359 929 xxvn,
2390 864 2483 919 25.
2514 893 2584 905 —
2618 882 2636 914 ι
2672 861 2877 917 Curam
2902 860 3040 913 habe
3074 856 3275 911 viroris
3305 855 3399 927 qui
3433 855 3489 909 in

1918 974 2053 1030 agro
2094 968 2199 1025 est,
2235 968 2289 1014 et
2320 958 2491 1013 tonde
2513 957 2739 1015 herbam
2775 973 2788 1008 :
2822 962 2876 1009 et
2901 952 3099 1022 collige
3124 949 3309 1005 fenum
3340 964 3493 1003 mon-

1920 1052 2078 1119 tium,
2114 1063 2173 1107 ut
2223 1052 2428 1107 habeas
2478 1065 2610 1105 oves
2641 1048 2709 1101 ad
2742 1047 3147 1102 vestimentum.
3178 1040 3339 1097 Solve
3369 1056 3493 1111 pre-

1918 1142 2055 1196 tium
2084 1142 2225 1212 agri,
2260 1151 2318 1195 ut
2342 1141 2440 1195 tibi
2474 1140 2589 1195 sint
2614 1138 2761 1208 agni.
2801 1157 2819 1188 ι

1989 1232 2103 1289 lsa.
2136 1250 2299 1297 χχιιι,
2337 1234 2425 1288 10.
2457 1263 2529 1273 -
2565 1250 2583 1282 ι
2617 1235 2858 1299 Uperare
2912 1236 3113 1282 terram
3145 1234 3333 1278 tuam:
3364 1221 3493 1293 quia

1920 1343 2025 1380 non
2056 1327 2285 1381 veniunt
2316 1327 2552 1397 amplius
2582 1339 2750 1378 naves
2778 1320 3147 1389 Carthaginis.
3187 1338 3205 1368 ι

1990 1418 2187 1472 Jerem.
2218 1436 2292 1484 IV,
2329 1420 2382 1473 ὅ.
2419 1452 2489 1460 —-
2516 1437 2533 1469 ι
2571 1416 2780 1471 Novate
2838 1414 2993 1468 vobis
3018 1413 3255 1474 novalia,
3289 1418 3344 1465 et
3400 1424 3495 1461 nn-

1919 1510 2013 1564 litc
2040 1512 2319 1565 seminare
2350 1511 2403 1563 in
2442 1510 2649 1580 spinas.
2687 1528 2704 1560 ι

1996 1604 2162 1659 Eccli.
2194 1619 2294 1665 vti,
2331 1605 2417 1659 i6.
2449 1633 2519 1645 —
2556 1623 2572 1654 ι
2602 1604 2722 1657 Non
2771 1601 2955 1656 oderis
2990 1598 3266 1653 laboriosa
3303 1608 3493 1665 opera,

1919 1706 1975 1752 et
2001 1699 2427 1752 rusticationem
2458 1703 2700 1750 creatam
2729 1695 2798 1749 ab
2821 1692 3125 1747 Altissimo.
3157 1708 3175 1741 ι

1994 1787 2159 1841 Eccli.
2215 1805 2309 1852 xx,
2340 1788 2427 1841 30.
2460 1818 2529 1826 ——
2582 1805 2600 1837 ι
2632 1785 2735 1851 Qui
2766 1794 3023 1853 cperatur
3053 1790 3257 1837 terram
3299 1786 3493 1842 suam,

1913 1880 2181 1935 exaltabit
2220 1895 2478 1935 acervum
2514 1879 2758 1945 frugum.
2802 1896 2820 1925 ι

1984 1973 2151 2028 Eccli.
2208 1987 2302 2032 XL,
2334 1971 2424 2025 22.
2454 2002 2527 2013 —
2560 1989 2578 2020 ‹
2610 1968 2853 2023 Gratiam
2901 1976 2956 2022 et
3010 1966 3247 2037 speciem
3277 1963 3500 2019 deside-

1911 2076 1995 2118 rat
2058 2065 2275 2126 oculus.
2310 2077 2365 2119 et
2403 2081 2569 2133 super
2603 2076 2839 2133 utraque
2882 2063 3118 2115 virorem
3154 2057 3440 2114 sementis.
3475 2076 3493 2107 ι

1988 2155 2153 2208 Eccti.
2196 2171 2430 2216 xxxvur,
2487 2155 2581 2215 ΞΒ.
2621 2153 2711 2207 26.
2738 2184 2806 2193 —
2842 2172 2859 2203 ι
2898 2151 3015 2217 Qua
3076 2149 3350 2219 sapientia
3406 2162 3497 2201 re-

1913 2248 2156 2316 plebitur
2193 2247 2287 2317 qui
2322 2256 2470 2301 tenet
2519 2256 2788 2308 aratrum,
2832 2254 2886 2298 et
2921 2244 3189 2314 gloriatur
3219 2242 3274 2295 in
3310 2239 3500 2308 jaculo

1912 2342 2160 2405 stimuli;
2195 2342 2288 2407 qui
2312 2340 2481 2394 boves
2517 2341 2708 2409 agitat.
2744 2348 2801 2393 et
2827 2346 3194 2391 conversatur
3220 2338 3274 2389 in
3309 2334 3494 2403 operi-

1911 2435 2013 2488 hus
2040 2433 2176 2497 suis,
2199 2440 2253 2487 et
2268 2432 2551 2486 enarratio
2582 2432 2705 2501 ejus
2738 2431 2791 2483 in
2819 2428 2981 2501 405
3011 2427 3140 2482 ﬁliis
3169 2422 3497 2480 taurorum?

1910 2526 2018 2579 Cor
2063 2542 2225 2581 suum
2264 2525 2541 2595 profunde
2587 2523 2740 2578 dabit
2766 2521 2833 2576 ad
2867 2519 3233 2577 scindendum
3266 2510 3493 2572 sulcos:

1910 2628 1964 2675 et
1995 2619 2181 2687 vigilia
2216 2618 2411 2685 ejusin
2436 2616 2629 2686 sagina
2661 2629 2862 2669 vaccae.
2894 2633 2913 2665 ι

1987 2706 2046 2761 ΙΙ
2079 2706 2215 2761 Tim.
2251 2724 2283 2760 ιι
2306 2748 2319 2769 .
2358 2706 2411 2760 6.
2443 2736 2513 2746 —-
2543 2724 2561 2756 ι
2594 2703 2958 2759 Laborantem
2996 2702 3293 2774 agricolam
3330 2715 3496 2771 opor-

1914 2808 1993 2856 tet
2026 2800 2264 2869 primum
2300 2799 2368 2853 de
2403 2798 2680 2853 fructibus
2717 2798 3024 2866 percipere.
3058 2814 3076 2847 ι

1984 2890 2260 2962 Chrysost.
2284 2920 2353 2930 -—
2378 2892 2631 2960 Agricola
2655 2930 2670 2953 ,
2706 2905 2947 2945 excusso
2981 2904 3175 2944 somno
3206 2928 3223 2953 ,
3268 2886 3336 2941 ad
3380 2893 3496 2941 ter-

1914 3001 2034 3039 ram
2088 2985 2372 3039 colendam
2426 2990 2718 3053 prOperat,
2777 2991 2832 3038 et
2882 2980 3231 3035 domunculae
3283 2995 3397 3036 sum
3444 2986 3499 3033 et

1925 3092 2074 3131 casae
2140 3075 2495 3130 solitudinem
2558 3083 2794 3130 tuetur:
2843 3075 3171 3145 cogiturque
3221 3071 3501 3125 nihilomi-

1923 3185 2027 3222 nus
2064 3184 2173 3222 non
2210 3170 2329 3223 sine
2364 3183 2561 3237 magna
2602 3167 2857 3238 corporis
2902 3167 3153 3221 molestia
3186 3180 3313 3220 cum
3358 3172 3497 3219 testu

1920 3274 1976 3317 et
2010 3262 2213 3331 frigore
2246 3262 2560 3315 colluctari.
2601 3261 2813 3317 Etenim
2847 3261 2923 3314 ita
2959 3269 3337 3329 comparatum
3370 3265 3457 3312 est
3484 3298 3499 3319 ,

1919 3362 1979 3410 ut
2015 3371 2138 3423 qua:
2169 3354 2464 3407 utilitatem
2513 3354 2831 3408 hominibus
2874 3353 3150 3415 aﬂ’eruut,
3197 3366 3323 3405 cum
3358 3350 3501 3403 dim-

1918 3449 2125 3505 cultate
2171 3454 2225 3502 et
2281 3448 2473 3501 labore
2523 3446 3165 3517 habeantur.—-Magna
3214 3443 3503 3513 voluptate

1917 3539 2054 3593 allici
2087 3538 2265 3592 solent
2296 3537 2557 3606 agricolae
2578 3578 2593 3601 ,
2623 3553 2746 3592 cum
2781 3553 2847 3593 ex
2876 3537 3060 3608 planis
3081 3577 3098 3601 ,
3135 3545 3191 3591 et
3240 3534 3500 3606 profundi

1926 3631 2027 3685 soli
2090 3630 2229 3685 locis
2284 3630 2561 3699 ingentem
2626 3630 2866 3685 fructum
2925 3629 3263 3700 percipiunt.
3328 3629 3399 3682 At
3451 3628 3501 3684 si

1915 3723 2137 3793 quando
2174 3739 2238 3777 ex
2272 3732 2489 3791 petrosa
2522 3722 2765 3793 exilique
2798 3732 2851 3777 et
2896 3737 3131 3778 arenosa
3179 3730 3330 3779 terra
3372 3730 3503 3793 post

1916 3818 2234 3872 diuturnam
2267 3817 2545 3869 culturam
2582 3816 2765 3871 laetum
2799 3816 3039 3885 aliquem
3069 3814 3313 3870 fructum
3340 3815 3501 3871 colli.-

1916 3924 2042 3979 gere
2074 3909 2210 3979 ipsis
2241 3907 2574 3977 contigerit,
2609 3909 2877 3980 majorem
2914 3910 3047 3965 hinc
3079 3910 3308 3978 capiunt
3340 3909 3499 3963 volu-

1915 4009 2141 4071 ptatem.
2177 3999 2312 4054 Nam
2361 4015 2488 4055 cum
2534 4001 2663 4071 quis
2720 4001 2987 4057 adversus
3040 4011 3199 4056 terrae
3242 4012 3497 4056 naturam

1914 4094 2228 4158 dimicavit,
2262 4101 2316 4150 et
2344 4095 2563 4149 labores
2610 4110 2746 4151 suos
2792 4095 3069 4151 sterilitati
3122 4102 3286 4150 terrae
3325 4109 3499 4165 oppo-

1915 4187 2063 4248 suit,
2114 4185 2365 4240 victoria:
2417 4186 2802 4241 testimonium
2866 4185 3143 4257 quoddam
3199 4185 3343 4254 apud
3399 4202 3497 4241 eos

1912 4276 2116 4340 refert,
2155 4278 2249 4347 qui
2286 4275 2458 4347 ipsius
2488 4277 2541 4331 in
2569 4277 2806 4333 colendo
2856 4292 2990 4333 arvo
3035 4277 3284 4333 studium
3319 4277 3496 4333 admi-

1913 4379 2126 4422 rantur.

2019 4480 2155 4535 TlT.
2214 4479 2304 4536 Vl.
2330 4512 2401 4521 —
2434 4480 2513 4535 De
2555 4480 2871 4563 gymnasio,
2908 4480 3287 4545 meditatione,
3341 4488 3393 4534 et

2188 4584 2191 4589 ·
2498 4562 2903 4605 exercitatione.

1984 4644 2087 4699 Job
2121 4645 2323 4712 x1,18.
2370 4672 2438 4686 —-
2486 4663 2506 4697 ι
2536 4643 2615 4699 Ex
2668 4643 3052 4701 sollicitudine
3097 4654 3153 4698 et
3202 4658 3337 4698 cura
3390 4659 3493 4713 pax

1914 4736 2130 4791 orietur
2162 4736 2283 4791 tibi.
2318 4754 2337 4788 ι

1988 4826 2156 4881 Eccli.
2196 4844 2380 4882 xxxvu
2405 4868 2420 4893 ,
2460 4826 2646 4883 30.-—-
2679 4846 2699 4879 ‹
2733 4826 2874 4893 Fili,
2924 4827 2977 4881 in
3033 4826 3150 4880 vita
3202 4837 3297 4882 tua
3346 4835 3493 4883 tenta

1887 4902 2151 4973 'animam
2186 4927 2359 4974 tuam.
2400 4940 2418 4972 ι

1987 5007 2013 5061 ι
2051 5007 2189 5062 Tim.
2222 5023 2301 5073 tv,
2332 5010 2387 5063 7.
2414 5040 2485 5049 --
2520 5029 2537 5061 ι
2570 5008 2778 5065 Exerce
2824 5010 3060 5079 teipsum
3092 5009 3159 5062 ad
3208 5009 3491 5079 pietatem.

1911 5100 2236 5170 Corporalis
2267 5103 2411 5157 enim
2449 5104 2779 5157 exercitatio
2807 5101 2875 5155 ad
2903 5101 3182 5155 modicum
3224 5100 3492 5170 prodest:

1911 5195 2085 5266 pietas
2126 5203 2310 5249 autem
2344 5196 2409 5250 ad
2442 5195 2626 5249 omnia
2678 5195 2832 5250 utilis
2884 5202 3012 5258 est,
3068 5191 3493 5264 promissionem

1910 5285 2119 5340 habens
2149 5287 2282 5341 vita:
2310 5302 2429 5354 quae
2459 5301 2609 5341 nunc
2645 5295 2765 5350 est,
2798 5296 2855 5341 et
2891 5284 3113 5339 futurae.
3148 5302 3167 5334 ι

1978 5376 2198 5432 Basilii.
2232 5408 2301 5418 —
2334 5377 2581 5435 Labores
2616 5380 2780 5449 longa
2814 5376 3216 5432 consuetudine
3250 5374 3490 5429 familia-

1918 5484 2008 5524 res
2042 5468 2283 5533 redditi,
2320 5471 2531 5524 minore
2565 5485 2690 5525 cum
2744 5468 2996 5524 molestia
3047 5468 3159 5521 illis
3191 5466 3487 5537 ingruunt,

1907 5561 2000 5633 qui
2038 5560 2247 5617 eisdem
2305 5561 3081 5617 assueverint.——Imitemur
3124 5572 3222 5613 eos
3257 5558 3350 5625 qui
3405 5558 3487 5612 rei

1907 5652 2131 5708 militari
2168 5667 2225 5707 se
2254 5664 2555 5707 exercent:
2589 5652 2681 5723 qui
2715 5667 2840 5705 cum
2877 5652 2931 5705 in
2962 5648 3489 5721 gesticulationibus

1906 5753 1959 5799 et
1984 5744 2379 5799 saltationibus
2407 5747 2658 5815 peritiam
2691 5744 2873 5812 adepti
2902 5744 3013 5797 sint
3032 5783 3047 5807 ,
3084 5743 3139 5796 in
3165 5742 3332 5797 seriis
3362 5755 3487 5795 cer:

1910 5838 2218 5893 taminibus
2247 5852 2310 5890 ea
2342 5853 2509 5907 quam
2546 5836 2881 5907 ludusipsis
2927 5833 3281 5900 conciliavit,
3328 5832 3485 5888 utili-

1916 5939 2024 5986 tate
2059 5929 2429 5993 perfruuntur.
