4210 6448
249 402 387 470 131-3

1524 398 1764 461 SACRA
1799 396 2264 465 PARALLELA.

3378 406 3510 475 1314

244 516 435 590 κύριον
454 513 615 569 αὐτὸν
648 511 907 577 καλοῦσα,
937 504 1006 584 ἦς
1032 510 1326 583 ἐγενήθητε
1383 511 1568 576 τέκνα,
1629 508 1817 580 ἀγαθο-

1934 510 2094 580 cujus
2129 511 2286 567 factm
2320 514 2449 568 estis
2485 512 2607 569 tiliae
2638 513 3082 584 benefacientcs,
3110 524 3167 573 et
3198 531 3307 574 non
3337 531 3508 591 pet-tto

245 607 520 671 ποιοῦσαι,
542 605 640 662 καὶ
668 605 744 679 μὴ
775 604 1110 675 φοϐούμεναι
1132 602 1403 675 μηδεμίαν
1427 604 1679 675 πτόησιν.

243 720 428 775 ἸῚΤΔ.
448 720 525 777 8'.
547 720 767 788 -Περί
790 715 1092 790 rvi-amrin;
1110 733 1124 749 ο
1141 718 1229 772 ὅτι
1254 720 1325 772 οὐ
1341 715 1823 790 δεῖάκᾳζιικαλύ-

312 806 476 856 πτως
498 785 782 860 εὔχεσθαι
797 785 1019 852 ἀὺτὰς,
1053 785 1093 854 ἣ
1141 790 1359 845 λαλεῖν
1381 829 1396 853 ,
1422 789 1460 859 ἢ
1506 786 1825 841 διδάσκειν

311 862 384 914 ἐν
403 862 706 931 ἐκκλησίᾳ
736 862 905 917 Θεοῦ.

320 996 343 1031 ε
385 976 475 1031 Ἐν
495 978 625 1049 ὑμῖν
645 979 832 1041 αὐτοῖς
867 977 1087 1051 κρίνατε
1118 993 1133 1009 °
1160 977 1372 1049 πρέπον
1422 976 1541 1030 ἐστὶ
1590 976 1823 1044 γυναῖκα

237 1070 708 1125 ἀκατακάλυπτον
730 1071 807 1141 τῷ
835 1070 956 1142 Θεῷ
986 1070 1423 1142 προσεύχεσθαις
1455 1068 1575 1121 οὺδέ
1595 1070 1628 1137 ἡ
1663 1066 1823 1136 φύσις

241 1162 383 1233 αὑτὴ
401 1162 641 1217 διδάσκει
673 1162 840 1232 ὑμᾶς,
877 1163 960 1216 ὅτι
989 1162 1131 1233 ἀνὴρ
1155 1163 1272 1231 μὲν,
1306 1161 1401 1214 ἐὰν
1428 1162 1591 1231 κομᾷ,
1629 1160 1823 1229 άτίμισ.

241 1253 394 1323 αὐτῷ
427 1257 575 1307 ἐστι’
608 1254 746 1325 γυνὴ
775 1255 832 1307 δὲ
864 1255 957 1308 ἐὰν
988 1256 1154 1326 κομᾷ,
1198 1254 1323 1319 δόξα
1356 1255 1494 1324 αὐτῇ
1528 1255 1707 1318 ἐστιν;
1739 1254 1820 1306 ὃτι

243 1351 278 1416 ἡ
312 1347 458 1417 κόμη
494 1347 617 1400 ἀντὶ
650 1346 998 1417 περιϐολαίου
1025 1348 1165 1418 αὐτῇ
1199 1346 1419 1402 διδόται.
1444 1365 1463 1396 ι

321 1542 339 1575 ι
369 1523 482 1577 Οὐκ
516 1522 665 1576 ἔστιν
697 1523 1116 1586 ἀκαταστασίας
1140 1524 1169 1576 ό
1200 1521 1355 1586 Θεὸς,
1389 1521 1509 1576 ἀλλ’
1573 1523 1823 1593 εἰρήνης,

241 1615 319 1677 ὡς
358 1616 415 1667 ἐν
446 1615 651 1676 πάσαις
702 1616 823 1676 ταῖς
854 1613 1175 1683 ἐκκλησίαις
1225 1613 1336 1665 τῶν
1362 1612 1558 1680 ἁγίων.
1597 1614 1661 1665 Αἱ
1717 1630 1819 1681 γυ-

242 1711 427 1772 ναῖκες
447 1710 506 1761 ἐν
526 1714 645 1772 ταῖς
694 1709 1012 1780 ἐκκλησίαις
1047 1708 1360 1777 σιγάτωσαν
1392 1724 1407 1738 °
1447 1708 1509 1761 οὐ
1531 1707 1640 1777 γάρ
1695 1710 1817 1761 ἐπι-

237 1802 500 1871 τρέπεται
528 1802 717 1864 αὺταῖς
763 1801 965 1865 λαλεῖν,
1006 1800 1122 1854 ἀλλ’
1152 1800 1582 1863 ὑποτάσσεσθαι,
1630 1801 1815 1865 καθὼς

238 1896 335 1947 καὶ
360 1896 388 1947 ὁ
414 1894 575 1963 νόμος
597 1893 765 1962 λέγει.
800 1896 863 1947 El
889 1894 946 1947 δέ
974 1913 1025 1948 τι
1055 1895 1246 1965 μαθεῖν
1274 1893 1571 1960 ἐθέλουσιν,
1602 1896 1662 1947 ἐν
1682 1894 1815 1965 οῐκῳ

236 1988 372 2049 τοὺς
428 1986 592 2051 ἰδίους
640 1987 840 2059 ἄνδρας
896 1988 1352 2059 ἐπερωτάτωσαν.
1406 1987 1646 2059 Δίσχρὸν
1704 1988 1814 2060 γάρ

236 2082 355 2133 ἐστι
386 2082 609 2149 γυναικὶ
638 2079 820 2133 λαλεῖν
853 2081 911 2134 ἐν
935 2080 1221 2151 ἐκκλησίᾳ.
1246 2100 1264 2131 ι

313 2191 333 2224 ε
365 2174 503 2243 Γυνὴ
534 2175 591 2227 ἐν
619 2175 821 2244 ἡσυχία
872 2172 1193 2243 μανθανέτω
1249 2174 1307 2225 ἐν
1335 2174 1488 2246 πάσῃ
1542 2174 1810 2245 ὑποταγῇ.

234 2266 523 2318 Διδάσκειν
545 2265 602 2318 δὲ
635 2265 856 2335 γυναικὶ
895 2265 997 2318 οὐκ
1026 2264 1327 2336 ἐπιτρέπω,
1356 2265 1479 2320 οὐδὲ
1536 2267 1814 2321 αὐθεντεῖν

235 2356 453 2426 ἀνδρός.
484 2368 502 2407 t

309 2452 377 2503 Δί
401 2452 657 2518 γυναῖκες
713 2449 812 2512 τὰς
871 2448 1139 2521 φλυαρίας
1171 2450 1237 2502 ἐκ
1263 2449 1372 2502 τῶν
1394 2452 1681 2521 στομάτων
1715 2454 1808 2505 αὐ-

233 2545 346 2599 τῶν
395 2543 760 2598 παυσάτωσαν
785 2582 801 2607 ,
830 2542 924 2596 καὶ
952 2544 1081 2606 τοὺς
1132 2542 1500 2615 ψιθυρισμοὺς
1520 2586 1534 2608 ,
1597 2564 1811 2616 μνημο-

233 2637 493 2692 νεύουσαι
524 2636 638 2699 πῶς
669 2637 737 2706 τῇ
772 2633 887 2707 Εὔα
934 2634 1228 2706 ψιθυρίσας
1251 2638 1281 2689 ό
1310 2638 1564 2709 πονηρὸς,
1591 2638 1813 2706 ἐξέϐαλε

231 2730 331 2784 τοῦ
365 2728 720 2801 παραδείσου.

233 2867 423 2920 ΤΙΤΛ.
460 2864 590 2919 I'.-—-
615 2865 751 2939 Περὶ
772 2863 1078 2939 γτυηιικῷν
1104 2867 1498 2939 κυτσκουσῶν
1524 2884 1539 2899 ⁸
1570 2868 1679 2923 ἐὰν
1699 2870 1814 2939 μὲν

320 2939 511 3004 ἄρσεις
564 2938 729 3001 τέκῃ.
784 2934 885 2986 ἐπὶ
911 2940 967 3004 μ’
1003 2935 1227 3003 ἡμέρας
1258 2940 1370 2991 οὐκ
1394 2934 1813 2993 εἰσελεύσεται

306 3002 397 3072 εἱς
457 3002 626 3059 οἷκον
681 3002 944 3073 Κυρίου)
983 3002 1050 3058 εί
1090 3005 1159 3059 δὲ
1209 3007 1391 3077 θῆλυ,
1446 3009 1545 3063 ἐπὶ
1604 3011 1814 3080 eremi-

306 3093 509 3130 κοντα.

318 3210 338 3242 ι
392 3188 653 3258 Ἐλάλησε
690 3188 895 3259 Κύριος
938 3188 1074 3259 προς
1145 3190 1388 3262 Μωῦσῆν
1439 3192 1616 3261 λέγων
1653 3208 1667 3224 ο
1703 3194 1813 3247 Λά-
1838 3222 1881 3280 C

232 3285 398 3355 λησον
427 3284 537 3344 τοῖς
561 3282 698 3343 υίοῖς
744 3280 982 3351 Ἰσραὴλ,
1007 3281 1102 3334 καὶ
1126 3281 1272 3352 ἐρεῖς
1298 3283 1436 3354 πρὸς
1476 3285 1696 3348 αὐτοὺς,
1727 3286 1812 3339 λέ-

232 3394 349 3446 γων
370 3392 384 3405 ο
410 3373 552 3445 Γυνὴ
573 3375 624 3427 εί
652 3390 734 3435 τις
767 3373 835 3426 ἂν
865 3374 1269 3444 σπερματισθῇ,
1317 3375 1414 3429 καὶ
1433 3375 1568 3448 τέκῃ
1618 3377 1809 3447 άρῤεν,

231 3469 545 3538 ἀκάθαρτος
576 3466 729 3519 ἔσται
749 3466 889 3519 ἐπτά
916 3466 1148 3537 ἡμέρας,
1180 3467 1323 3520 κατὰ
1346 3466 1446 3529 τὰς
1476 3468 1691 3539 ἡμέρας
1716 3469 1809 3523 τοῦ

170 3630 174 3633 ν
232 3562 519 3637 χωρισμοῦ
564 3563 664 3632 τῆς
727 3560 960 3630 ἀφέδρου
1016 3561 1209 3632 αὐτῆς.
1269 3560 1381 3613 Καὶ
1406 3563 1473 3631 τῇ
1529 3562 1714 3634 ἡμέρᾳ
1740 3566 1808 3633 τῇ

231 3656 399 3728 ὀγδόῃ
428 3655 744 3725 περιτεμεῖς
777 3652 879 3722 τὴν
935 3650 1117 3722 σάρκα
1150 3652 1249 3722 τῆς
1288 3651 1659 3721 ἀκροϐυστίας
1715 3656 1812 3708 αὒ-

231 3746 366 3805 τοῦ·
406 3747 499 3801 καὶ
546 3747 843 3818 τριάκοντα
895 3744 991 3797 καὶ
1032 3744 1184 3814 τρεῖς
1233 3742 1449 3815 ἡμέρας
1501 3744 1562 3798 ἐν
1614 3746 1808 3817 αἵματι

232 3842 535 3914 ἀκαθάρτῳ
559 3838 732 3908 αὐτῆς
761 3836 1163 3907 καθεσθήσεται
1187 3851 1204 3868 ο
1232 3836 1436 3902 παντὸς
1493 3838 1652 3909 ἁγίου
1712 3840 1810 3912 οὐχ

234 3933 456 4005 ἅψεται,
494 3931 589 3986 καὶ
640 3930 721 3994 εἰς
742 3928 802 3983 τὸ
855 3925 1213 3999 άγιαστήριον
1264 3928 1366 3983 οὐκ
1415 3929 1807 3997 εἰσελεύσεται,

233 4027 342 4090 iw;
368 4021 429 4079 οὗ
453 4020 819 4095 πληρωθῶσιν
842 4020 899 4075 al
932 4019 1138 4091 ἡμέραι
1162 4018 1488 4093 καθάρσεως
1514 4023 1712 4096 αὐτῆς.
1746 4026 1809 4082 El

231 4118 295 4173 δι
342 4116 477 4187 θῆλυ
508 4115 664 4186 τέκῃ,
717 4111 1029 4182 ἀκάθαρτος
1095 4109 1247 4168 ισται
1293 4111 1378 4178 δὶς
1414 4114 1553 4170 έπτά
1601 4116 1812 4191 ἡμέρας

233 4212 381 4266 κατὰ
429 4209 530 4282 τὴν
579 4207 811 4279 άφεδρον
874 4206 1047 4279 αὐτῆς
1086 4220 1101 4238 ·
1136 4205 1230 4261 καὶ⁵
1283 4205 1549 4278 ἐξήκοντα
1599 4210 1815 4282 ἡμέρας

232 4303 331 4357 καὶ
377 4299 436 4367 ἐξ
482 4298 881 4373 καθεσθήσεται
939 4299 998 4352 ἐν
1069 4295 1266 4370 αἵματι
1326 4298 1627 4373 ἀκαθάρτῳ
1711 4302 1810 4356 αὖ-

232 4401 403 4460 τῦςῦι

308 4490 390 4543 Τά
423 4485 565 4542 κατὰ
594 4483 830 4557 γαστρὸς
860 4482 1036 4556 βρέφη
1065 4484 1231 4555 μησὶν
1254 4483 1394 4537 ἑπτά
1424 4482 1809 4555 ζωογονεῖσθαι

233 4582 503 4653 πέφυκεν,
530 4578 605 4643 ὡς
636 4576 1070 4649 παραδοξότατόν
1111 4592 1166 4629 τι
1202 4575 1546 4647 συμϐαίνειν.
1593 4578 1809 4633 Γίνεται
1840 4594 1886 4652 ι)

232 4676 349 4749 γάρ
365 4674 653 4744 ἑπτάμηνα
674 4670 953 4740 ἀγώγιμα,
969 4668 1077 4723 τῶν
1102 4669 1425 4739 ὀκταμήνων
1454 4669 1661 4725 ἐπίπαν
1682 4669 1814 4736 ζωο-

233 4767 517 4840 γονεῖσθαι
554 4766 630 4838 μὴ
659 4762 995 4832 δυναμένων.

231 4952 422 5007 ἸἸΤΛ.
460 4951 563 5003 IA'.
593 4974 661 4985 —
693 4944 832 5014 Περὶ
883 4943 1167 5013 γυναικὸς
1209 4942 1491 5009 ἀνδρείας
1538 4944 1637 4997 καί
1691 4943 1810 4997 σώ-

899 5030 1144 5083 φρονος-
1174 5038 1183 5043 ·

315 5157 333 5190 r
366 5134 710 5206 Ἀνεχώρησε
745 5134 858 5193 τοῖς
887 5129 1045 5181 ποσὶν
1082 5129 1161 5187 είς
1198 5127 1404 5196 σκηνὴν
1440 5126 1583 5196 Ὶαὴλ
1614 5145 1809 5196 γυναι-

232 5232 333 5295 κδς
362 5229 556 5299 Χαϐὴρ
584 5225 678 5279 τοῦ
712 5222 959 5275 Κιναίου.
997 5219 1103 5271 Καὶ
1132 5218 1354 5287 ἐξῆλθεν
1383 5217 1530 5287 Ἰαὴλ
1561 5220 1642 5282 εἰς
1683 5238 1809 5274 συν-

232 5326 462 5394 ἀντησιν
488 5319 718 5389 Σισάρα,
752 5314 846 5369 καὶ
888 5309 1041 5367 εἶπεν
1069 5310 1250 5379 αὐτῷ·
1284 5310 1594 5373 Ἕκκλινον,
1642 5312 1806 5383 κύριέ

236 5434 367 5487 μου,
398 5414 646 5466 ἕκκλινον
670 5410 804 5481 πρός
826 5425 891 5477 με
908 5424 921 5435 ’
954 5404 1028 5476 μὴ
1058 5402 1245 5473 φοϐοῦ.
1269 5401 1381 5455 Καὶ
1406 5400 1647 5467 ἐξέκλινε
1670 5404 1808 5474 πρὸς

232 5508 410 5573 αὐτὴν
427 5508 485 5559 ἐν
507 5507 571 5575 τῇ
604 5504 800 5573 σκηνῇ,
826 5500 920 5554 καὶ
951 5494 1272 5567 περιέϐαλεν
1303 5493 1466 5546 αὐτὸν
1487 5494 1803 5565 ἐπιϐολαίῳ,

232 5598 351 5651 Καὶ
378 5591 497 5647 εἷπε
529 5594 735 5664 Σισάρα
763 5590 896 5661 πρὸς
929 5588 1125 5656 αὐτήν·
1160 5584 1389 5637 Πότισον
1415 5583 1477 5653 δή
1512 5600 1578 5651 με
1612 5586 1807 5655 μικρὸν

234 5690 406 5758 ὓδωρ,
437 5688 519 5741 ὅτι
558 5686 808 5755 ἐδίψησα.
838 5682 943 5734 Καὶ
986 5676 1162 5749 ἧνοιξε
1194 5675 1284 5727 τὸν
1322 5674 1488 5727 ἀσκὸν
1517 5672 1611 5725 τοῦ
1634 5674 1809 5742 γάλα-

232 5794 389 5841 κτος,
426 5779 517 5831 καὶ
544 5777 792 5831 ἐπότισεν
822 5774 1007 5834 αὐτὸν,
1039 5769 1132 5823 καὶ
1164 5765 1484 5836 περιέϐαλεν
1504 5764 1653 5835 αὑτῷ
1682 5768 1805 5818 ἐπι-

234 5870 475 5938 ϐόλαιον.
513 5872 621 5924 Καὶ
647 5869 763 5923 εἷπε
792 5868 927 5937 προς
964 5863 1132 5932 αὐτὴν
1153 5859 1361 5928 Σισάρα
1382 5875 1395 5889 ’
1433 5857 1595 5927 Στῆθι
1619 5857 1683 5927 δὴ
1714 5860 1804 5912 ἐπὶ

1928 611 2140 657 utentes
2174 604 2334 658 ullam
2369 604 2864 673 perturbationem.
2895 623 2915 657 ι

1927 714 2058 790 ΤΙΤ.
2074 716 2325 790 _lX.-—De
2344 718 2652 774 mulieribus
2673 735 2690 773 :
2708 718 2847 790 quod
2864 720 3067 776 detecta
3084 722 3219 788 faeie
3232 739 3388 777 orare
3402 742 3507 779 non

1996 788 2255 852 debeant,
2285 805 2377 842 nec
2408 790 2582 860 loqui,
2613 788 2927 846 aut‘doeere
2957 792 3013 846 in
3056 794 3281 849 ecclesia
3314 794 3432 849 Dei.

1997 961 2028 1015 Ι
2056 962 2181 1019 Cor.
2211 980 2299 1029 xl,
2331 965 2431 1030 15,
2468 966 2552 1020 li.
2579 998 2647 1007 —
2674 986 2694 1019 ‹
2727 970 2785 1024 In
2834 970 2995 1026 vobis
3043 971 3182 1042 ipsis
3212 973 3502 1043 judicale:

1925 1051 2091 1109 Decet
2118 1056 2399 1112 mulierem
2427 1072 2536 1113 non
2568 1060 2800 1115 velatam
2827 1078 2989 1118 orare
3017 1064 3187 1119 Deum
3211 1066 3233 1119 ?
3258 1082 3358 1121 nec
3385 1068 3501 1138 ipsa

1926 1155 2119 1201 natura
2155 1148 2319 1203 docet
2351 1165 2484 1215 vos,
2518 1152 2667 1220 quod
2705 1153 2793 1206 vir
2824 1155 3042 1223 quidem
3075 1156 3120 1211 si
3152 1173 3363 1212 comam
3397 1176 3503 1215 nu-

1926 1238 2089 1299 triat,
2145 1239 2447 1308 ignominia
2496 1250 2582 1296 est
2626 1241 2746 1297 illi:
2782 1245 2980 1300 mulier
3025 1262 3154 1301 vero
3196 1249 3242 1302 si
3289 1264 3502 1303 comam

1922 1333 2163 1396 nutriat,
2194 1334 2370 1403 gloria
2406 1335 2484 1389 illi
2515 1343 2639 1401 est,
2683 1337 2945 1405 quoniam
2982 1340 3166 1410 capilli
3215 1356 3315 1412 pro
3352 1344 3505 1402 vela-

1923 1425 2072 1478 mine
2098 1426 2148 1494 ei
2177 1426 2288 1480 dati
2319 1439 2469 1483 Sunt.
2502 1446 2521 1479 ι

1994 1515 2025 1570 1
2053 1516 2178 1572 Cor.
2215 1535 2340 1583 xw,
2373 1521 2480 1584 35,
2514 1522 2604 1575 54.
2627 1551 2697 1562 -—
2733 1541 2751 1574 ι
2782 1522 2903 1579 Non
2950 1526 3097 1580 enim
3150 1536 3235 1583 est
3286 1529 3503 1586 dissen-

1920 1609 2096 1666 sionis
2131 1612 2272 1668 Dens
2294 1654 2309 1675 ,
2341 1614 2434 1669 sed
2466 1617 2651 1684 pacis,
2680 1616 2825 1671 sicut
2857 1618 2910 1670 in
2943 1621 3205 1676 omnibus
3251 1625 3506 1678 ecclesiis

1922 1714 2238 1761 sanctorum
2275 1707 2464 1763 doceo.
2519 1707 2778 1765 Mulieres
2827 1710 2879 1763 in
2932 1713 3186 1769 ccclesiis
3234 1723 3500 1773 taceant:

1923 1812 2029 1851 non
2059 1801 2203 1854 enim
2235 1800 2578 1870 permittitur
2606 1801 2688 1855 eis
2720 1802 2904 1871 loqui,
2938 1807 3030 1858 sed
3062 1788 3317 1860 subditas~
3340 1824 3500 1870 esse.

1918 1891 2063 1945 sicut
2097 1899 2151 1945 et
2185 1892 2269 1947 lex
2304 1894 2460 1950 dicit.
2496 1895 2553 1949 Si
2588 1906 2769 1951 autem
2822 1897 3016 1951 volunt
3055 1898 3305 1962 discere,
3354 1903 3506 1957 domi

1916 1982 2262 2053 interrogent
2295 1987 2446 2041 viros
2472 2002 2629 2043 suos.
2661 1987 2848 2059 Turpe
2873 1996 2957 2044 est
2986 1990 3134 2044 enim
3171 1994 3384 2048 mulieri
3420 1995 3502 2047 Ιο-

1912 2075 2006 2144 qui
2039 2075 2092 2128 in
2122 2077 2376 2133 ecclesia.
2411 2099 2427 2131 ξ

1992 2165 2016 2220 I
2056 2166 2191 2222 Tim.
2224 2185 2295 2234 ιι,
2332 2173 2419 2225 li.
2444 2202 2514 2214 -—
2544 2193 2561 2224 ε
2594 2172 2799 2229 Mulier
2828 2176 2884 2231 in
2917 2176 3142 2231 silentio
3170 2178 3349 2233 discat
3376 2194 3501 2233 cum

1913 2260 2063 2331 omni
2080 2262 2444 2331 subjectione.
2466 2264 2674 2320 Docere
2690 2274 2872 2322 autem
2898 2269 3115 2324 mulieri
3140 2285 3251 2325 non
3279 2273 3504 2340 permit-

1914 2359 2003 2417 to,
2039 2368 2213 2422 neque
2236 2355 2505 2410 dominari
2541 2358 2595 2411 in
2628 2362 2802 2412 virum
2823 2401 2837 2427 ,
2866 2361 2960 2414 sed
2979 2375 3105 2416 csse
3128 2362 3180 2415 in
3211 2361 3455 2416 silentio.
3476 2382 3499 2416 ι

1990 2443 2231 2499 Eusebii.
2256 2476 2328 2487 —
2350 2446 2616 2504 Mulieres
2650 2459 2985 2519 nugamenta
3034 2466 3098 2506 ει
3153 2466 3248 2507 ore
3279 2468 3383 2507 suo
3414 2469 3502 2507 ar-

1914 2544 2075 2590 ceant
2095 2577 2112 2601 ,
2146 2537 2280 2592 illud
2314 2539 2583 2596 habentes
2613 2541 2670 2595 in
2708 2542 2969 2597 memoria
2989 2582 3005 2610 ,
3033 2541 3348 2611 diabolum,
3376 2560 3503 2600 cum

1914 2628 2039 2684 Eva:
2069 2629 2513 2697 insusurrasset,
2550 2648 2582 2689 e
2616 2635 2873 2704 paradiso
2913 2651 3035 2690 eam
3063 2638 3369 2707 expulisse.

1911 2848 2074 2922 507
2111 2849 2246 2928 ΤΙΤ.
2282 2850 2353 2906 Χ.
2384 2884 2455 2928 -τ
2482 2853 2560 2908 De
2589 2855 2902 2911 mulieribus
2931 2860 3202 2927 puerperis
3236 2876 3256 2914 :
3285 2859 3423 2928 quod
3453 2862 3503 2915 si

1984 2926 2282 2976 masculum
2306 2925 2507 3002 mulier.
2521 2928 2779 3002 pepererit
2798 2966 2814 2990 ,
2848 2925 2972 3002 ante
2986 2925 3124 3002 diem
3147 2925 3501 3002 quadragesi-

1986 3009 2129 3045 mum
2162 3009 2267 3047 non
2300 2994 2640 3072 ingrediatur
2667 2999 2884 3051 domum
2929 2994 3183 3064 Domini}
3214 3004 3302 3055 sin
3345 2994 3500 3072 femi-

1985 3079 2109 3116 nam
2130 3104 2144 3129 ,
2183 3075 2305 3117 ante
2336 3067 2738 3136 octogesimum.

1982 3173 2148 3232 Leuit.
2180 3192 2256 3230 xu
2276 3217 2292 3242 ,
2326 3177 2380 3232 1.
2405 3208 2476 3217 -
2504 3197 2522 3230 ι
2550 3178 2798 3237 Locutus
2826 3189 2912 3237 est
2948 3182 3213 3238 Dominus
3245 3185 3313 3239 ad
3344 3184 3496 3257 Moy-

1913 3280 2007 3320 sen
2028 3306 2045 3331 ,
2072 3268 2260 3323 (licens
2287 3286 2302 3324 :
2331 3266 2583 3338 Loquere
2610 3269 2737 3326 (iliis
2772 3272 2937 3327 Israel
2956 3312 2972 3334 ,
3003 3282 3060 3327 et
3085 3274 3236 3330 dices
3264 3278 3329 3330 ad
3356 3292 3450 3334 eos
3479 3297 3493 3332 :

1914 3356 2107 3413 Mulier
2152 3359 2199 3414 si
2238 3372 2495 3428 suscepto
2538 3363 2749 3417 semine
2826 3366 3101 3438 pepererit
3152 3369 3494 3437 masculum,

1912 3449 2192 3505 immunda
2215 3452 2319 3507 erit
2344 3465 2553 3521 septem
2575 3453 2952 3523 diebus,juxta
2968 3457 3091 3514 dies
3124 3463 3497 3530 separationis

1912 3550 2208 3598 menstruae
2244 3559 2375 3599 sure.
2412 3538 2477 3598 Et
2516 3545 2607 3600 die
2629 3554 2821 3601 octava
2854 3549 3220 3608 circumcides
3270 3568 3494 3608 carnem

1891 3634 2159 3703 'praeputii
2188 3634 2336 3690 illius
2365 3652 2379 3690 :
2433 3636 2551 3706 ipsa
2593 3651 2727 3692 vero
2758 3638 2983 3709 triginta
3013 3641 3206 3698 diebus
3255 3645 3497 3699 manebit

1913 3724 1967 3778 in
1993 3725 2263 3793 sanguine
2286 3726 2570 3782 immundo
2596 3742 2719 3783 suo.
2743 3726 2919 3785 Omne
2943 3741 3194 3787 sanctum
3224 3749 3334 3788 non
3368 3744 3492 3791 tan-

1914 3823 2038 3885 get,
2069 3821 2125 3870 et
2158 3815 2213 3869 in
2246 3817 2629 3871 sanctuarium
2662 3832 2774 3873 non
2802 3818 3167 3892 ingredietur,
3192 3823 3369 3881 donec
3397 3824 3493 3880 im-

1912 3905 2166 3978 pleantur
2195 3906 2317 3964 dies
2344 3908 2748 3979 puriﬁcationis
2779 3927 2917 3969 sum.
2951 3913 3048 3969 Sin
3104 3922 3289 3993 autem
3332 3915 3496 3973 femi-

1910 4015 2037 4057 nam
2066 4002 2645 4073 pepererit,imrnunda
2662 4004 2770 4063 erit
2790 4005 3012 4065 duabus
3033 4007 3493 4078 hebdomadibus,

1911 4093 2214 4152 secundum
2259 4107 2545 4154 menstrua
2578 4111 2713 4167 sua,
2746 4106 2803 4155 et
2847 4100 3132 4173 sexaginta
3168 4115 3264 4159 se:
3298 4100 3495 4161 diebus

1911 4188 2124 4247 sedebit
2153 4190 2208 4247 in
2245 4190 2512 4263 sanguine
2542 4190 2827 4249 immundo
2856 4207 2979 4251 suo.
3013 4204 3043 4247 ιΔ

1982 4459 2199 4517 Philan.
2257 4458 2332 4514 De
2385 4455 2571 4512 mundi
2618 4457 2751 4527 opif.
2783 4453 3046 4513 —Fetus
3096 4456 3239 4511 intra
3275 4468 3494 4511 uterum

1914 4565 2129 4609 menses
2189 4559 2400 4622 septem
2431 4548 2597 4605 vividi
2633 4548 2817 4605 solent
2841 4561 3005 4614 esse,
3038 4549 3116 4603 ita
3171 4554 3234 4603 ut
3281 4546 3493 4617 aliquid

1915 4644 2177 4702 eximium
2257 4656 2490 4714 prorsus
2539 4641 2847 4712 contingat.
2901 4636 3070 4695 Fiunt
3116 4638 3261 4695 enim
3319 4638 3492 4710 septi-

1914 4744 2148 4791 mestres
2191 4741 2385 4803 partus
2434 4732 2675 4797 vitales;
2725 4731 2821 4802 qui
2871 4738 3058 4786 autem
3110 4729 3491 4795 octimestres,

1912 4826 2107 4882 vitales
2135 4839 2363 4896 prorsus
2396 4838 2523 4880 esse
2548 4829 2850 4893 nequeunt.

2126 4937 2263 4993 Tl'l‘.
2300 4937 2394 5023 iil.
2417 4935 2584 4991 —~De
2615 4936 2838 4991 muliere
2866 4936 2997 5005 farti
3025 4946 3077 4992 et
3102 4949 3277 4992 casta.

1976 5117 2159 5172 Judic.
2196 5131 2271 5183 tv,
2306 5115 2470 5170 l7.-—
2492 5132 2511 5165 ι
2544 5113 2733 5170 Sisara
2766 5114 2995 5169 secessit
3026 5114 3192 5184 pedes
3221 5114 3275 5168 in
3307 5115 3493 5170 taber-

1874 5214 1877 5217 “
1913 5211 2169 5266 naculum
2208 5208 2324 5264 Jael
2361 5206 2553 5262 uxoris
2596 5206 2817 5262 Chaber
2841 5205 3034 5261 Cinaei.
3064 5205 3131 5259 Et
3157 5220 3381 5277 egressa
3411 5215 3498 5263 est

1910 5302 2027 5357 Jael
2052 5302 2107 5356 in
2141 5314 2437 5357 occursum
2472 5298 2706 5365 Sisara,
2734 5306 2792 5354 et
2824 5299 2962 5355 dixit
2991 5298 3043 5353 ei
3069 5314 3085 5364 ;
3116 5297 3371 5363 Diverte,
3399 5300 3494 5350 do-
3578 5314 3583 5321 ι

1912 5397 2062 5450 mine
2093 5395 2208 5460 mi,
2243 5393 2457 5450 diverte
2490 5392 2560 5447 ad
2588 5406 2717 5459 me;
2747 5404 2821 5445 ne
2851 5391 3070 5445 timeas.
3104 5388 3171 5442 Et
3199 5389 3496 5444 declinavit

1911 5487 1977 5541 ad
2009 5502 2130 5541 eam
2164 5488 2221 5541 in'
2250 5480 2670 5541 tabernaculum
2700 5499 2727 5555 ;‘
2748 5497 2871 5553 qua:
2897 5480 3128 5535 involvit
3151 5495 3275 5535 eum
3305 5479 3490 5550 pallio.

1911 5580 1976 5633 Et
2005 5580 2146 5635 dixit
2187 5579 2236 5634 ei
2264 5578 2454 5633 Sisara
2481 5593 2495 5630 :
2550 5575 2628 5631 Da
2654 5576 2786 5631 mihi
2822 5573 3108 5645 paululum
3139 5587 3331 5643 aqua,
3363 5572 3494 5643 quia

1909 5674 2057 5728 sitio.
2085 5672 2217 5739 Quae
2245 5671 2460 5741 aperuit
2490 5678 2666 5725 utrem
2697 5666 2857 5725 lactis
2876 5706 2891 5731 ,
2919 5673 2974 5723 ει
3006 5665 3160 5721 dedit
3185 5665 3235 5723 ei
3269 5664 3455 5719 bibere
3474 5704 3490 5726 ,

1909 5776 1965 5821 et
1991 5766 2210 5837 operuit
2244 5764 2401 5819 illum
2436 5763 2626 5843 pa'llio.
2660 5761 2922 5833 Dixitque
2965 5761 3033 5815 ad
3077 5774 3199 5816 eam
3255 5755 3442 5812 Sisara
3472 5776 3484 5810 :

1912 5860 2008 5915 Sta
2040 5869 2168 5915 ante
2201 5850 2409 5915 ostium
2440 5856 2817 5914 tabernaculi.
2851 5861 2906 5913 et
2942 5869 3068 5910 cum
3096 5850 3310 5911 venerit
3340 5850 3405 5904 ad
3437 5849 3491 5904 ιε
