4210 6448
745 392 880 458 1315

1910 369 1966 429 S.
1990 365 2310 429 JOANNIS
2338 363 2766 423 DAMASCENI

3868 365 4008 431 1316

744 508 946 579 aliquis
977 503 1070 575 qui
1105 509 1157 556 le
1209 501 1542 563 interroget,
1588 497 1775 543 utrum
1831 487 1916 539 hic
1949 487 2018 540 sit
2049 485 2135 537 vir
2163 482 2315 552 quis-

2433 478 2520 549 τὴν
2551 479 2723 548 θύραν
2753 479 2854 548 τῆς
2885 480 3115 548 σκηνῆς,
3154 475 3250 529 καὶ
3286 474 3438 530 ἔσται
3467 478 3564 532 ἐάν
3592 495 3676 543 τις
3701 480 3832 552 ἔλθῃ
3865 484 4009 553 πρὸς

744 605 889 673 piam
921 643 936 665 ,
983 597 1132 650 dices
1190 592 1398 645 nullum
1447 599 1592 640 esse.
1624 581 1692 635 Et
1720 579 1931 647 accepit
1963 575 2077 630 Jael
2105 576 2320 628 clavum

745 688 1084 746 tabernaculi
1105 725 1119 746 .
1150 692 1204 739 et
1231 691 1522 736 assumens
1549 674 1759 744 pariter
1787 669 2041 744 malleum
2076 667 2129 719 in
2160 679 2324 718 manu

745 802 876 849 sua,
915 786 1163 851 ingressa
1195 783 1278 830 est
1310 776 1450 828 clam
1487 769 1554 822 ad
1583 782 1707 821 eum
1735 809 1750 831 ,
1789 775 1844 818 et
1875 761 2092 815 inlinxit
2123 761 2178 812 in
2205 772 2324 810 ma-

745 886 874 939 xilla
904 883 1024 950 ejus
1058 878 1273 930 clavum
1297 913 1310 934 ,
1347 871 1436 937 qui
1471 860 1772 933 perforavit
1810 871 1981 924 usque
2013 855 2068 906 in
2101 863 2322 904 terram.

748 981 815 1035 Et
843 981 959 1048 ipse
991 986 1188 1041 sopore
1217 964 1366 1036 gravi
1398 961 1636 1015 obrutus
1662 964 1780 1008 erat
1812 952 1956 1006 inter
1981 960 2159 1018 genua
2185 945 2322 1012 ejus,

745 1087 797 1132 et
827 1070 1128 1142 exspiravit
1153 1107 1168 1127 ,
1198 1069 1566 1125 mortuusque
1591 1061 1695 1106 est.
1732 1048 1798 1102 Et
1823 1059 1953 1101 ecce
1983 1043 2154 1096 Barac
2185 1039 2328 1093 iuse-

749 1130 1200 1238 quens.Sisaram
1231 1194 1245 1218 ,
1281 1161 1337 1207 et
1371 1149 1543 1204 exivit
1579 1142 1697 1197 Jael
1731 1141 1781 1195 ei
1811 1137 2069 1200 obviam,
2098 1139 2157 1189 ct
2189 1130 2327 1184 dixit

744 1231 816 1311 ad
846 1256 995 1309 illum
1024 1269 1038 1303 :
1067 1248 1204 1303 Veni
1226 1285 1241 1308 ,
1276 1253 1332 1298 et
1358 1239 1648 1296 ostendam
1682 1231 1783 1286 tibi
1833 1231 2015 1311 virum
2057 1239 2221 1295 quem
2269 1233 2326 1276 tu

750 1347 977 1419 omet-is.
1013 1343 1079 1396 Et
1115 1337 1363 1393 introivit
1393 1333 1461 1386 ad
1493 1331 1642 1384 illam
1666 1365 1681 1390 ,
1713 1331 1768 1379 et
1799 1337 1931 1377 ecce
1958 1306 2144 1374 Sisara
2181 1330 2327 1370 mor—

750 1455 878 1495 tuus
899 1479 916 1505 ,
951 1448 1007 1492 et
1037 1435 1226 1489 clavus
1257 1430 1313 1483 in
1344 1423 1565 1480 maxilla
1593 1419 1736 1489 ejus.
1765 1435 1782 1467 ›

821 1619 1000 1674 ludio.
1020 1631 1070 1678 v,
1088 1612 1281 1666 24.-‹
1302 1605 1591 1659 Benedicta
1624 1600 1696 1655 sit
1723 1597 1869 1651 inter
1899 1592 2154 1648 mulieres
2176 1586 2288 1642 Jael
2309 1625 2324 1649 ,

753 1729 892 1769 uxor
925 1709 1139 1763 Cltaber
1171 1704 1337 1757 Cinaei
1360 1741 1376 1762 ,
1411 1716 1441 1754 a
1476 1695 1835 1754 mulieribus,
1870 1691 1923 1743 in
1956 1682 2326 1741 tabernaculis

749 1802 1127 1860 benedicatur.
1165 1797 1375 1864 Aquam
1410 1791 1546 1859 petit
1580 1789 1702 1850 ille,
1744 1795 1800 1839 et
1841 1784 1923 1836 lac
1956 1779 2107 1835 dedit
2137 1776 2191 1831 in
2228 1789 2326 1829 va-

748 1899 901 1954 sculo
931 1893 1244 1962 primatum.
1261 1905 1278 1938 ι

822 1957 1004 2042 Judi’c.
1045 1999 1098 2038 ιι
1119 2024 1134 2046 ,
1161 1981 1249 2034 52.
1274 2007 1343 2018 -—
1376 1996 1394 2028 ι
1423 1971 1668 2028 Accessit
1705 1963 2022 2024 Abimclech
2057 1974 2234 2029 usque
2261 1957 2329 2013 ad

753 2086 970 2151 portam
1025 2071 1231 2134 turris,
1287 2077 1344 2119 ut
1381 2063 1698 2118 incenderet
1731 2073 1849 2112 eam
1903 2053 2038 2125 igni.
2097 2049 2163 2102 Et
2195 2049 2329 2118 jecit

753 2148 949 2228 mulier
982 2181 1087 2222 una
1122 2165 1364 2230 fragmen
1403 2157 1456 2210 in
1491 2161 1658 2223 caput
1700 2148 2019 2204 Abimeleclt
2047 2186 2062 2210 ,
2107 2152 2161 2200 et
2195 2157 2330 2196 con-

751 2264 917 2333 fregit
945 2260 1194 2314 craniutn
1240 2253 1382 2322 ejus.
1422 2248 1488 2301 Et
1523 2248 1633 2302 cito
1677 2242 1934 2297 clamavit
1979 2238 2047 2292 ad
2097 2249 2326 2305 puerum

749 2332 1082 2426 armigerum
1109 2363 1266 2406 suum
1287 2386 1301 2410 ,
1327 2355 1381 2400 et
1406 2340 1546 2398 dixit
1571 2339 1620 2393 ei
1647 2355 1662 2390 :
1691 2334 1844 2388 Educ
1871 2332 2109 2403 gladium
2139 2337 2292 2380 tuum
2311 2365 2326 2390 ,

749 2415 807 2506 et
829 2415 1072 2504 interfice
1097 2455 1206 2504 me,
1235 2453 1306 2493 ne
1332 2435 1476 2490 forte
1503 2432 1728 2491 dicant,
1753 2425 1884 2496 quia
1907 2421 2104 2476 mulier
2127 2415 2331 2473 occidit

753 2545 932 2599 illum.
957 2539 1025 2593 Et
1045 2533 1273 2592 conﬁxit
1298 2515 1420 2585 eum
1446 2538 1583 2596 puer
1605 2519 1806 2592 ipsius,
1832 2525 1887 2572 et
1909 2523 2160 2570 mortuus
2186 2518 2324 2566 est.»

833 2725 857 2781 Ι
898 2723 1023 2792 Reg.
1059 2733 1186 2782 ιιχ,
1216 2715 1304 2768 ΙΙ.
1328 2741 1397 2751 --
1425 2729 1444 2760 ‹
1475 2700 1841 2762 Annuntiavit
1869 2692 2102 2751 Melchol
2132 2690 2198 2745 ad
2228 2689 2334 2740 Da-

754 2821 880 2886 vid,
914 2787 1104 2871 dieens
1139 2828 1152 2863 :
1189 2805 1307 2862 Nisi
1345 2814 1400 2857 tu
1435 2799 1642 2856 salvam
1675 2791 1872 2847 feceris
1914 2787 2154 2843 animam
2185 2793 2332 2836 tuam

756 2872 1085 2969 ltac'nocte,
1117 2915 1244 2956 cras
1274 2895 1436 2951 morti
1471 2887 1640 2962 408
1671 2882 1930 2941 traderis.
1983 2877 2051 2932 Et
2099 2872 2335 2929 demittit

761 2963 986 3061 bieicbol
1017 2963 1186 3054 David
1219 3005 1314 3062 per
1346 2987 1649 3042 fenestram
1676 2997 1690 3032 :
1737 2978 1896 3046 isque
1945 2969 2114 3032 abiit,
2162 2971 2218 3018 et
2251 2963 2334 3016 fu-

758 3099 874 3168 git,
908 3092 1260 3156 salvatusque
1286 3089 1392 3136 est.
1425 3096 1443 3128 ι

831 3149 1544 3254 1⁷.ςιες.χιν,ὲι,εξί.-‹Ει
1566 3163 1700 3218 dixit
1721 3157 1946 3254 Abigaia
1969 3155 2036 3207 ad
2062 3149 2229 3254 David
2247 3149 2334 3254 ιιι.
2363 3185 2408 3244 C

761 3295 848 3335 me
860 3239 1205 3346 sit,domine,
1226 3263 1514 3334 iniquitas.
1536 3255 1838 3322 Loquatur,
1857 3250 2111 3309 obsecro,
2132 3239 2336 3296 famula

761 3386 853 3428 tua
889 3345 944 3424 in
975 3365 1198 3420 auribus
1227 3359 1360 3414 tuis.
1395 3353 1470 3408 Ne
1500 3359 1665 3422 ponat
1712 3345 1972 3400 dominus
2022 3352 2179 3393 meus
2235 3349 2333 3389 cor

758 3478 920 3522 suum
954 3473 1116 3529 super
1145 3454 1325 3509 virum
1363 3445 1704 3519 pestilentem
1738 3439 1882 3492 hunc
1905 3475 1920 3499 ,
1956 3448 2079 3487 cum
2105 3445 2213 3500 quo
2254 3435 2338 3481 est

762 3517 1100 3612 stultitia-Et
1130 3544 1266 3600 dixit
1294 3517 1464 3593 David
1497 3535 1563 3588 ab
1589 3528 1847 3598 Abigaia:
1873 3522 2200 3578 Benedictus
2233 3517 2337 3570 Do-

770 3651 953 3705 minus
985 3645 1128 3697 Deus
1153 3635 1320 3694 Israel
1343 3675 1358 3699 ,
1391 3631 1484 3702 qui
1523 3626 1670 3681 misit
1696 3632 1750 3677 te
1774 3621 1936 3675 hodie
1961 3619 2014 3671 in
2045 3627 2338 3669 occursum

765 3755 946 3796 metam
969 3777 984 3801 ,
1011 3744 1066 3789 et
1094 3729 1377 3788 benedicta
1407 3721 1620 3778 indoles
1649 3726 1762 3775 tua.
1797 3722 1850 3769 et
1881 3709 2131 3767 benedita
2158 3721 2219 3761 es
2245 3712 2300 3759 tu
2322 3744 2336 3768 ,

761 3849 883 3905 quae
907 3824 1238 3902 prohibuisti
1267 3835 1353 3875 me
1379 3816 1541 3872 ltodie
1563 3855 1577 3878 ,
1603 3826 1669 3865 ne
1696 3810 1828 3863 irem
1859 3804 1925 3858 ad
1951 3799 2333 3869 sanguinem.»

832 3893 933 3981 ,1οί)
964 3933 1170 3976 xxxvnt
1193 3957 1208 3977 .
1241 3912 1333 3969 59.
1365 3939 1435 3949 —
1469 3926 1487 3958 ι
1521 3905 1654 3970 Quis
1685 3898 1836 3955 dedit
1867 3893 2190 3949 mulieribus
2223 3899 2340 3944 tex-

763 4029 901 4073 tura:
930 4011 1256 4084 sapientiam
1277 4047 1291 4071 ,
1326 4013 1382 4057 et
1409 3995 1724 4068 variegandi
1757 3985 2091 4046 scientiam?
2121 4003 2138 4035 ι

835 4077 1111 4164 Prom-xu,
1131 4099 1185 4153 ι.
1201 4127 1272 4140 —-
1293 4113 1311 4146 ι
1324 4091 1517 4146 Mulier
1546 4086 1704 4141 fortis
1721 4094 1924 4137 corona
1941 4088 2026 4132 est
2042 4077 2162 4131 viro
2180 4088 2300 4128 suo.
2317 4091 2335 4124 ι

837 4201 993 4256 Prov.
1024 4210 1182 4256 xvm,
1204 4189 1370 4244 2%-
1392 4203 1410 4236 ι
1428 4182 1530 4249 Qui
1557 4177 1767 4235 invenit
1793 4174 2074 4228 mulierem
2106 4168 2337 4228 bonam,

765 4292 974 4351 invenit
1003 4286 1213 4359 gratias
1235 4322 1250 4346 ,
1277 4287 1332 4334 et
1363 4273 1574 4344 accepit
1597 4265 1994 4340 jucunditatem
2027 4275 2057 4313 a
2089 4256 2336 4312 Domino.

765 4388 870 4455 Qui
923 4351 1147 4452 expellit
1199 4370 1489 4429 mulierem
1533 4365 1774 4424 bonam,
1821 4353 2045 4429 expellit
2093 4351 2235 4404 bona
2274 4361 2340 4400 ex

765 4485 928 4537 domo
955 4489 1075 4533 sua.
1113 4490 1131 4522 ο

835 4570 994 4624 Prov.
1030 4577 1118 4616 xw
1141 4600 1155 4625 ,
1190 4558 1244 4612 λι.
1274 4582 1344 4594 -
1375 4570 1393 4603 ι
1426 4547 1713 4619 Sapientes
1744 4539 2007 4596 mulieres
2036 4534 2340 4590 ardilicave-
2369 4536 2421 4596 ι)

767 4671 894 4718 runt
914 4660 1106 4713 domos
1123 4624 1149 4705 ι
1164 4647 1430 4717 insipiens
1452 4655 1583 4695 vero
1606 4633 1875 4691 subvertit
1897 4628 2146 4684 manibus
2169 4624 2306 4680 suis.
2322 4642 2340 4674 ι

840 4751 1000 4807 Prov.
1030 4758 1162 4799 χχχι
1183 4781 1198 4805 ,
1228 4739 1316 4792 10.
1344 4763 1414 4776 —-
1450 4751 1469 4783 ι
1501 4730 1786 4785 Mulierem
1820 4721 2016 4776 fortem
2044 4718 2167 4787 quis
2191 4717 2346 4770 inve-

768 4843 927 4902 niet?
959 4835 1250 4910 pretiosior
1282 4838 1367 4885 est
1403 4822 1676 4894 lapidibus
1712 4811 2154 4888 pretiosissimis.
2191 4828 2209 4860 ι

843 4897 1013 4990 licet-5.
1051 4941 1130 4982 vn
1153 4965 1168 4991 ,
1201 4919 1394 4977 19-26.
1421 4945 1494 4958 ——
1523 4935 1542 4965 ς
1576 4910 1695 4965 Noli
1730 4905 2012 4963 discedere
2051 4917 2082 4955 a
2116 4897 2346 4954 muliere

769 5037 986 5086 sensata
1019 5030 1074 5078 et
1104 5018 1270 5073 bona.
1309 5010 1496 5066 Gratia
1529 5003 1674 5061 enim
1719 4999 1872 5053 illius
1916 5007 2084 5064 super
2127 5005 2341 5044 aurum.

769 5120 964 5178 Mulier
998 5113 1096 5169 tibi
1129 5115 1216 5164 est
1247 5100 1550 5161 secundum
1578 5096 1820 5152 animam
1854 5086 2051 5144 tuam?
2081 5100 2152 5140 ne
2179 5097 2344 5152 repu-

769 5218 890 5271 dies
920 5209 1094 5264 illam.
1135 5221 1154 5253 ι

844 5303 1016 5362 Eccli.
1067 5311 1232 5359 xxvi,
1264 5290 1302 5344 2
1332 5329 1346 5353 ,
1381 5286 1468 5341 l6.
1513 5313 1583 5325 —-
1631 5299 1653 5334 ε
1709 5277 1902 5334 Mulier
1974 5273 2120 5327 bona
2153 5309 2169 5335 ,
2213 5282 2340 5338 pars

769 5405 913 5458 bona
942 5413 957 5449 :
992 5395 1046 5447 in
1084 5397 1240 5459 parte
1271 5378 1579 5436 timentium
1616 5371 1908 5426 Dominum
1944 5364 2167 5418 dabitur
2197 5361 2337 5415 viro.

769 5451 1014 5552 ill'tilieris
1065 5451 1221 5538 bona:
1250 5477 1443 5531 beatus
1476 5475 1562 5524 est
1610 5466 1716 5519 vir.
1750 5461 1949 5516 Mulier
1981 5455 2140 5510 fortis
2191 5451 2342 5505 oble-

770 5594 885 5644 ctat
915 5583 1090 5637 virum
1126 5585 1324 5632 suum,
1354 5574 1410 5622 et
1453 5575 1630 5618 annos
1672 5559 1798 5611 vitae
1839 5552 1963 5620 ejus
2003 5547 2253 5618 implebit
2287 5546 2342 5599 in

2427 573 2508 636 σὲ,
2544 573 2639 624 καὶ
2667 572 2922 642 ἐρωτήσῃ
2954 587 3036 633 σε,
3089 570 3138 622 εἰ
3171 570 3316 621 ἐστιν
3345 563 3447 622 ὧδε
3475 572 3639 644 ἀνὴρ,
3673 575 3850 644 ἐρεῖςο
3891 575 4010 627 Οὐκ

2426 663 2562 716 ἔστι.
2606 664 2715 716 Kal
2746 662 2955 716 ἐλαϐεν
2988 661 3136 728 Ίαὴλ
3181 662 3272 714 τὸν
3313 662 3593 717 πάσσαλον
3633 665 3732 735 τῆς
3776 666 4007 736 σκηνῆς,

2426 757 2521 808 καὶ
2549 756 2712 825 ἔθηκε
2743 756 2844 826 τὴν
2873 755 3088 825 σφύραν
3112 755 3169 806 ὲν
3200 757 3266 824 τῇ
3289 756 3436 826 χειρὶ
3457 757 3762 827 αύτῆς,καὶ
3783 758 4007 826 εἰσῆλθε

2428 848 2566 919 πρὸς
2596 848 2761 900 αὑτὸν
2791 850 2851 901 ὲν
2870 850 3074 920 κρυφῇ,
3099 847 3195 899 καί
3224 847 3395 916 ἔπηξε
3422 849 3514 901 τὸν
3546 850 3827 903 πάσσαλον
3853 851 3911 902 ἐν
3939 855 4008 922 τῇ

2427 908 2614 1011 γνάθῳ
2664 941 2692 980 δ
2725 908 2920 1005 αύτοῦξ
3078 908 3440 1010 διεξῆλθεν-ὲν
3479 945 3546 1012 τῇ
3584 945 3676 1012 γῇ.
3708 945 3818 996 Kal
3845 908 4008 1007 om;

2427 1033 2784 1102 ἀπεκάρησεν
2813 1032 3087 1101 ἀναμέσον
3131 1031 3243 1083 τῶν
3273 1032 3518 1099 γονάτων
3561 1034 3751 1103 αὐτῆς,
3774 1037 3870 1088 καὶ
3901 1035 4006 1088 ἀπ-

2429 1124 2618 1194 έψυξε,
2643 1125 2739 1177 καὶ
2769 1123 3032 1178 ἀπέθανε.
3062 1123 3172 1178 Καὶ
3199 1125 3307 1179 ἰδοὺ
3330 1123 3523 1198 Βαράκ
3546 1126 3762 1180 διώκων
3790 1127 3886 1181 τὸν
3912 1130 4002 1181 Σι-

2431 1218 2596 1286 σάρα,
2633 1217 2731 1270 καὶ
2762 1216 2988 1287 ἐξῆλθεν
3019 1217 3168 1288 Ἰαὴλ
3215 1219 3298 1281 είς
3347 1219 3652 1288 ἀπάντησιν
3697 1219 3885 1284 αὐτοῦ,
3911 1224 4003 1273 καὶ

2430 1309 2549 1363 εἷπε
2576 1311 2712 1380 πρὸς
2730 1311 2922 1364 αὐτόν·
2953 1309 3140 1382 Δεῦρο,
3159 1311 3253 1365 καὶ
3276 1312 3435 1377 δείξω
3458 1330 3542 1366 σοι
3563 1313 3653 1366 τὸν
3674 1315 3842 1384 ἄνδρα
3860 1314 3918 1366 ὃν
3944 1315 4007 1366 σὺ

2431 1405 2636 1475 ζητεῖς.
2673 1405 2906 1474 Εἰσῆλθε
2935 1404 3069 1474 πρὸς
3097 1405 3289 1475 αὐτὴν,
3313 1407 3409 1458 καὶ
3437 1406 3545 1459 ἰδοὺ
3575 1407 3781 1478 Σισάρα
3810 1409 4007 1478 ἐρριμ-

2433 1492 2595 1561 μένος
2618 1491 2831 1562 νεκρὸς,
2859 1493 2954 1546 καὶ
2977 1493 3258 1556 πάσσαλος
3287 1495 3346 1546 ὲν
3371 1498 3438 1565 τῇ
3467 1496 3658 1565 γνάθῳ
3688 1497 3878 1551 αὑτοῦ.
3914 1517 3934 1548 ι

2506 1602 2524 1634 t
2565 1584 2904 1654 Εὐλογηθείη
2953 1588 3013 1637 ὲν
3051 1587 3270 1653 γυναιξὶ
3328 1588 3497 1655 Ἰαὴλ,
3531 1589 3669 1658 γυνὴ
3694 1589 3888 1659 Χάϐερ
3913 1591 4010 1642 τοῦ

2431 1676 2658 1729 Κιναίου
2718 1676 2827 1730 ἀπὸ
2888 1677 3199 1744 γυναικῶν,
3254 1680 3313 1731 ὲν
3375 1683 3602 1750 σκηναῖς
3665 1681 4009 1752 εύλογηθείη.

2433 1771 2620 1841 ’Ύδωρ
2643 1770 2838 1842 ᾔτησε,
2865 1772 2960 1824 καὶ
2992 1771 3134 1840 γάλα
3159 1772 3362 1827 ἔδωκεν
3394 1776 3452 1825 ὲν
3481 1774 3684 1844 λεκάνῃ
3715 1777 4012 1846 ὑπερεχόν-

2432 1880 2562 1916 των.
2605 1881 2622 1913 ι

2510 1976 2526 2006 ι
2565 1958 2835 2025 Ἤγγισεν
2879 1957 3171 2027 Ἀϐιμέλεχ
3210 1957 3316 2021 ἓως
3340 1957 3441 2026 τῆς
3466 1958 3644 2027 πύλης
3667 1957 3764 2011 τοῦ
3795 1959 4010 2029 πύργου

2429 2049 2716 2120 ἐμπρῆσαι
2765 2048 2935 2120 αὐτὴν
2982 2053 3041 2102 ἐν
3107 2052 3276 2119 πυρί·
3348 2050 3441 2102 καὶ
3490 2050 3683 2120 ἔρριψε
3729 2051 3869 2120 γυνὴ
3915 2052 4013 2120 μία

2431 2142 2653 2212 κλάσμα
2678 2141 2774 2194 ἐπὶ
2809 2143 2909 2212 τὴν
2933 2142 3175 2212 κεφαλὴν
3212 2143 3535 2213 Ἀϐιμέλεχ.
3574 2146 3670 2198 καὶ
3708 2145 4011 2197 συνέκλασε

2429 2236 2491 2288 τὸ
2523 2236 2749 2306 κρανίον
2782 2235 2971 2290 αὑτοῦ.
3016 2238 3127 2289 Kal
3156 2236 3347 2305 ἐϐόησε
3377 2237 3512 2306 ταχὺ
3561 2237 3696 2305 πρὸς
3727 2237 3789 2290 τὸ
3818 2238 4010 2290 παιδά-

2435 2345 2550 2398 ριον
2578 2327 2639 2412 τδ
2681 2323 2837 2398 αἷρον
2883 2328 2954 2381 τὰ
3000 2328 3172 2398 σκεύη
3219 2327 3422 2392 αὑτοῦ,
3486 2329 3581 2382 καὶ
3621 2323 3778 2381 εἶπεν
3824 2327 3978 2398 αὐτῷ

2431 2420 2648 2473 Σπᾶσον
2677 2420 2778 2490 τὴν
2806 2422 3085 2491 ῥομφαίαν
3133 2437 3253 2484 σου,
3291 2426 3385 2474 καὶ
3417 2420 3734 2474 θανάτωσόν
3770 2439 3863 2490 με.
3910 2422 4014 2492 μή·

2432 2529 2565 2565 ποτε
2612 2512 2845 2566 εἴπωσιν
2873 2513 2957 2567 ὅτι
2992 2512 3131 2584 γυνὴ
3185 2513 3512 2566 ἀπέκτεινεν
3562 2514 3745 2566 αὐτόν.
3788 2514 3899 2567 Καὶ
3927 2513 4015 2577 ἐξα

2433 2605 2725 2675 εκέντησεν
2747 2605 2908 2658 αὑτὸν
2929 2604 2990 2659 τὸ
3049 2605 3338 2675 παιδάριον
3363 2605 3666 2675 αὑτοῦλκαὶ
3687 2605 3976 2659 ἀπέθανεν.
3992 2624 4009 2654 t

2511 2714 2530 2746 ι
2575 2697 2910 2766 ’Δπήγγειλε
2945 2697 3111 2750 Δαϐὶδ
3162 2698 3440 2769 Μελχὸλή
3491 2699 3630 2769 γυνὴ
3680 2698 3879 2762 αὑτοῦ,
3923 2698 4016 2751 λέ-

2434 2805 2608 2856 γουσα
2627 2804 2641 2818 ·
2674 2788 2802 2841 Ἐὰν
2823 2787 2900 2860 μὴ
2921 2789 2985 2841 σὺ
3014 2787 3195 2860 σώσῃς
3221 2788 3319 2859 τὴν
3340 2787 3518 2858 ψυχὴν
3536 2789 3700 2843 αὑτοῦ
3727 2791 3824 2858 τὴν
3844 2789 4016 2841 νύκτα

2434 2878 2665 2948 ταύτην,
2700 2877 2892 2948 αὔριον
2921 2878 3306 2952 θανατωθὴσῃ.
3340 2880 3452 2933 Καὶ
3481 2881 3716 2949 κατάγει
3744 2881 3777 2950 ἡ
3802 2879 4016 2950 male;

2435 2969 2530 3023 τὸν
2557 2970 2723 3024 Δαδὶδ
2750 2970 2840 3023 διὰ
2876 2970 2974 3040 τῆς
3005 2969 3245 3041 θυρίδος,
3274 2972 3371 3024 καὶ⁵
3413 2972 3649 3044 ἀπῆλθε,
3682 2974 3777 3026 καὶ
3821 2975 4013 3045 ἔφυγε,

2438 3065 2536 3116 καὶ
2570 3061 2827 3127 σώζεται.
2862 3079 2882 3114 ι

2523 3172 2542 3204 t
2572 3148 2744 3206 Εἶπεν
2776 3152 3034 3220 Ἀϐιγαία
3054 3162 3075 3190 ε
3103 3151 3240 3222 πρὸς
3264 3152 3450 3206 Δαϐίδο
3487 3154 3576 3207 Ἐν
3604 3155 3752 3225 ἐμοὶ,
3780 3155 3960 3223 κύριε,
3984 3157 4018 3224 ἡ

2442 3244 2651 3299 ἀδικία.
2681 3245 2993 3315 Λαλησάτω
3023 3245 3088 3316 δὴ
3119 3246 3152 3314 ἡ
3183 3246 3346 3316 δούλη
3382 3264 3474 3298 σου
3508 3249 3590 3310 εἰς
3627 3248 3696 3300 τὰ
3742 3242 3860 3300 ὦτά
3901 3265 4019 3300 σου.

2440 3337 2530 3409 Μὴ
2561 3338 2738 3390 θέσθω
2769 3341 2798 3390 ὁ
2827 3336 3018 3408 κύριός
3055 3355 3157 3408 μου
3186 3341 3287 3408 τὴν
3333 3339 3566 3409 καρδίαν
3597 3340 3764 3392 αὑτοῦ
3800 3341 3897 3392 ἐπὶ
3929 3341 4022 3393 τὸν

2440 3429 2732 3500 ἄνθρωπον
2757 3427 2848 3482 τὸν
2875 3428 3067 3498 λοιμὸν
3095 3428 3308 3490 τοῦτον,
3334 3432 3428 3482 καὶ
3462 3430 3744 3500 ἀφροσύνη
3768 3432 3888 3501 μετ’
3923 3433 4022 3484 αύ-

2440 3521 2558 3573 τοῦ.
2579 3522 2686 3574 Καὶ
2716 3517 2838 3573 εἶπε
2870 3521 3036 3574 Δαεὶδ
3064 3524 3130 3591 τῇ
3163 3521 3417 3592 Ἀϐιγαία
3438 3539 3453 3553 ·
3481 3522 3787 3593 Εὐλογητὸς
3817 3521 4025 3594 Κύριος

2439 3618 2468 3670 ὁ
2497 3617 2629 3681 Θεὸς
2673 3615 2912 3688 Ἰσραὴλ,
2956 3617 3014 3680 ὃς
3049 3618 3339 3670 ἀπέστειλέ
3373 3634 3430 3669 σε
3470 3617 3713 3688 σήμερον
3741 3618 3821 3680 εἰς
3845 3619 4024 3672 ἀπαν-

2438 3728 2622 3782 τησιν,
2638 3711 2733 3763 καὶ
2759 3710 3049 3780 εὐλογητὸς
3069 3711 3096 3761 ὁ
3117 3711 3318 3780 τρόπος
3336 3726 3451 3772 σου,
3476 3711 3572 3762 καὶ
3593 3708 3939 3780 εὐλογημένη
3963 3711 4025 3762 σῦ

2442 3801 2513 3866 εἶ,
2527 3801 2921 3855 ἀποκωλύουσά
2935 3817 3002 3870 με
3020 3800 3261 3870 σήμερον
3279 3801 3354 3870 μὴ
3375 3800 3636 3853 εἰσελθεῖν
3660 3802 3736 3864 είς
3755 3803 3983 3871 αἵματα.
4004 3823 4020 3852 ι

2521 3913 2539 3945 t
2582 3893 2680 3956 Τίς
2707 3893 2876 3946 ἔδωκε
2909 3892 3159 3960 γυναιξὶν
3187 3891 3513 3961 ὑφάσματος
3537 3892 3753 3961 σοφίαν,
3782 3893 3878 3946 καὶ
3906 3910 4022 3946 ποι-

2442 3986 2693 4055 κιλτικὴν
2725 3986 3036 4056 ἐπιστήμην
3057 4001 3072 4050 ;
3108 4003 3126 4034 ι

2523 4097 2541 4130 ι
2574 4078 2717 4148 Γυνὴ
2743 4077 2967 4147 ἀνδρεία
2999 4077 3260 4145 στέφανος
3292 4075 3371 4145 τῷ
3401 4075 3557 4146 ἀνδρὶ
3592 4076 3787 4146 αὐτῆς.
3822 4097 3842 4129 ι

2523 4192 2540 4222 t
2587 4171 2680 4232 ’ος
2713 4163 2841 4240 εὗρε
2877 4171 3114 4236 γυναῖκα
3144 4166 3379 4236 ἀγαθὴν,
3407 4162 3532 4239 εὗρε
3567 4167 3827 4237 χάριτας·
3863 4168 4026 4222 ἔλαϐε

2446 4263 2503 4316 δὲ
2545 4263 2697 4332 παρὰ
2744 4260 2948 4332 Κυρίου
3004 4259 3319 4330 ἱλαρότητα.
3363 4259 3461 4321 ’Ὀς
3505 4259 3756 4312 ἐκϐάλλει
3789 4263 4025 4327 γυναῖκα

2443 4355 2676 4426 ἀγαθὴν,
2701 4353 2952 4407 ἐκϐάλλει
2983 4353 3052 4406 τὰ
3082 4351 3266 4420 ἀγαθὰ
3293 4353 3358 4404 ἐκ
3389 4351 3486 4404 τοῦ
3515 4352 3666 4404 οἴκου
3698 4352 3891 4406 αὑτοῦ.
3930 4372 3950 4403 ι

2525 4552 2542 4583 ε
2577 4532 2746 4599 Σοφαι
2776 4531 3038 4598 γυναῖκες
3057 4528 3418 4598 ᾠκοδόμησαν
3442 4527 3655 4590 οῖκους’
3688 4530 3723 4598 ἡ
3745 4527 3802 4580 δὲ
3834 4529 4028 4598 mw

2448 4623 2786 4695 κατέστρεψε
2815 4624 2935 4684 ταῖς
2965 4621 3153 4692 χερσὶν
3180 4620 3371 4688 αὐτῆς.
3409 4639 3427 4668 ι

2523 4735 2541 4766 t
2575 4715 2814 4767 Γυναῖκα
2847 4712 3100 4782 ἀνδρείαν
3133 4711 3217 4773 τίς
3269 4712 3526 4782 εὑρήσει;
3557 4711 3866 4781 τιμιωτέρα
3909 4713 4026 4764 ἐστὶ

2447 4805 2614 4858 λίθων
2641 4803 2976 4856 πολυτελῶν.
3019 4822 3036 4852 ι

2524 4919 2541 4950 t
2585 4899 2677 4968 Μὴ
2701 4898 2919 4964 ἀστόχει
2955 4894 3065 4948 ἀπὸ
3093 4895 3348 4962 γυναικὸς
3377 4892 3548 4960 σοφῆς
3571 4893 3663 4944 καὶ
3688 4891 3924 4962 ἀγαθῆς.
3962 4892 4023 4943 Ἠ

2446 4991 2555 5060 γάρ
2582 4990 2743 5060 χάρις
2774 4988 2943 5055 αὐτῆς
2975 4985 3116 5054 ὑπὲρ
3144 4984 3388 5054 χρυσίον.
3423 4984 3564 5054 Γυνή
3611 4984 3692 5035 σοί
3727 4985 3847 5036 ἐστι
3886 4983 4025 5036 κατὰ.

2449 5087 2547 5157 τὴν
2582 5085 2801 5155 ψυχήνς
2837 5084 2912 5154 μὴ
2940 5085 3178 5156 ἐκϐάλῃς
3207 5084 3397 5153 αὐτὴν.

2526 5283 2544 5315 ι
2571 5261 2718 5330 Γυνὴ
2743 5259 2947 5328 ἀγαθὴ,
2984 5259 3142 5328 μερὶς
3175 5255 3384 5323 ἀγαθὴ,
3409 5256 3504 5308 καὶ
3525 5257 3582 5306 ἐν
3614 5255 3795 5323 μερίδι
3830 5255 4028 5322 φοϐου-

2453 5357 2630 5427 μένων
2659 5352 2864 5424 Κύριον
2887 5350 3196 5420 δοθήσεται.
3223 5347 3483 5410 Γυναικος
3507 5346 3720 5415 ἀγαθῆς
3755 5349 4025 5414 μακάριος

2450 5453 2477 5503 ὁ
2511 5450 2682 5518 ἀνήρ’
2730 5445 2868 5515 γυνὴ
2896 5443 3118 5513 ἀνδρεία
3167 5441 3447 5508 εὖιρραίνει
3507 5440 3597 5488 ’ἢν
3630 5438 3799 5505 ἇίῖρα
3835 5438 4020 5500 αἰετῆς,

2448 5544 2544 5596 καὶ
2563 5542 2631 5593 τά
2659 5541 2753 5608 ἔτη
2781 5538 2950 5592 αὑτοῦ
2981 5533 3262 5605 πληρώσει
3294 5536 3352 5586 ἐν
3393 5534 3601 5603 εἰρήνη.
3633 5532 3811 5601 Χάρις
3844 5549 4019 5599 γυναι·

2045 5659 2284 5716 VARUE
2325 5654 2727 5714 LECTIONES.

856 5791 883 5833 ι)
903 5788 1047 5855 Rup.
1083 5790 1145 5836 ut
1163 5772 1468 5855 iinﬂSixtin.
1696 5761 1972 5855 asportatam:

2049 5766 2071 5793 ε
2098 5754 2272 5811 Graeci
2302 5753 2517 5807 codices
2545 5748 2876 5807 Bibliorum.
2910 5737 3071 5799 etiam
3113 5740 3731 5806 vetustissimi,habent
3766 5738 4026 5808 Ἀειῖτιία

778 5813 883 5938 pr;
1506 5813 1670 5908 Zz'pié
1691 5813 2084 5896 .Vli'ilegiebiibus.
2120 5824 2212 5880 Sic
2248 5825 2376 5881 alibi
2398 5839 2495 5893 pro
2524 5819 2744 5874 Aa.ttt“t‘t
2793 5819 3037 5888 legerunt
3062 5813 3310 5868 Δαλιλά.
