4210 6448
221 427 353 493 1317

1496 425 1732 486 SACRA
1770 427 2229 493 PARALLELA.

3340 431 3476 499 1318

214 543 311 606 κδς
354 539 546 611 τέρψει
592 536 687 589 τὸν
735 532 903 603 ἄνδρα
944 531 1154 601 αὐτῆς,
1208 532 1303 587 καὶ
1332 533 1402 585 τά
1439 534 1575 588 ὀστᾶ
1615 535 1760 590 αὐτοὶ

1890 553 2043 609 pace.
2076 541 2263 596 Gratia
2294 540 2547 597 mulieris
2586 541 2885 598 delectabit
2931 542 3114 598 virum
3162 558 3323 601 suum
3346 585 3363 611 ,
3416 557 3474 603 et

213 632 423 684 πιαίνει
460 626 738 696 ἐπιστήμη
772 624 963 692 αὐτῆς.
1003 641 1022 672 ι

290 744 309 775 ‹
344 721 555 782 nmo;
586 717 845 786 γυναικὸς
876 713 1120 784 ίλαρύνει
1152 715 1444 785 πρόσωπον
1470 717 1665 787 αὐτῆς,
1694 720 1788 771 καὶ

212 818 357 887 ὑπὲρ
384 818 564 868 πᾶσαν
592 809 894 879 ἐπιθυμίαν
928 804 1220 878 ἀνθρώπου
1244 809 1534 877 ὑπεράγει.
1556 810 1619 863 El
1641 810 1788 863 ἔστιν

210 911 309 963 ἐπὶ
337 911 603 979 στόματος
648 904 795 967 ἔλεος
856 901 952 956 καὶ
986 900 1257 971 πραότης,
1297 903 1397 955 οὐκ
1444 901 1597 955 ἔστιν
1649 901 1789 974 ἀνὴρ

212 1004 385 1073 αὐτῆς
418 999 538 1062 καθ’
574 998 726 1060 υἱοὺς
759 994 1085 1064 ἀνθρώπων.
1119 1012 1137 1044 ι

315 1220 559 1284 Κάλλος
586 1214 784 1283 νόμιζε
810 1211 929 1281 τὴν
960 1211 1197 1281 φρενῶν
1228 1212 1586 1284 εὐκοσμίαν,

316 1295 440 1360 Οὐχ
473 1282 553 1357 ἢν
576 1282 878 1357 γράφουσι
909 1284 1122 1353 χεῖρες,
1148 1282 1248 1336 καὶ
1279 1284 1413 1336 λύει
1438 1286 1677 1352 χρόνος.

275 1398 580 1471 Φιλόδακρύ
613 1416 733 1461 πως
759 1398 847 1451 ἀεὶ
876 1399 934 1450 τὸ
961 1395 1093 1467 θῆλυ
1118 1395 1294 1464 γένος,
1322 1397 1416 1449 καὶ
1444 1398 1533 1450 τὸν
1555 1398 1680 1452 νοῦν
1706 1400 1786 1463 εἰς

206 1498 353 1549 ἔλεον
380 1493 767 1563 εὐδιάθρυπτον
792 1486 926 1558 ἔχει.

292 1675 612 1725 Ανυποπτον
647 1668 726 1731 είς
756 1665 1013 1736 διαϐολὴν
1041 1665 1284 1718 δείκνυσι
1312 1668 1569 1733 γυναῖκα,
1611 1667 1671 1720 τὺ
1705 1666 1781 1737 μὴ

203 1761 676 1825 καλλωτοξζεσθαι,
736 1759 872 1829 μηδὲ
925 1758 1034 1829 μὴν
1079 1758 1407 1828 κοσμεῖσθαι
1483 1760 1628 1830 πέρα
1685 1758 1780 1813 τοῦ

201 1856 530 1926 πρέποντος,
559 1852 744 1920 εὐχαῖς
783 1850 875 1901 καὶ
902 1848 1117 1918 δεήσεσι
1151 1850 1593 1918 προσανέχοοσαν
1621 1854 1773 1904 ἐκτε-

1889 644 2014 684 ossa
2045 631 2193 685 illius
2220 632 2585 702 impinguabit
2615 632 2906 697 disciplina
2938 634 3111 689 illius.
3143 652 3163 685 ι

1960 724 2129 778 Eccli.
2169 741 2331 779 xxxvi
2353 767 2366 790 ,
2393 725 2485 780 24.
2523 755 2593 766 -
2620 743 2639 777 ι
2672 724 2897 796 Species
2930 728 3178 784 mulieris
3202 729 3474 787 exhilarat

1889 815 2085 871 faciem
2116 816 2236 886 ejus
2260 835 2275 871 :
2308 826 2364 872 et
2393 834 2559 887 super
2587 833 2806 872 omnem
2835 821 3333 891 concupiscentiam
3369 824 3471 878 ho-

1890 908 2056 962 minis
2090 908 2337 962 excellit.
2364 908 2420 962 Si
2445 910 2606 965 estin
2634 924 2733 966 ore
2756 911 2876 980 ejus
2901 912 3279 969 misericordia
3306 924 3361 969 et
3389 916 3470 969 le-

1889 997 2067 1064 nitas,
2096 1014 2207 1055 non
2234 1010 2321 1055 est
2346 999 2429 1053 vir
2453 998 2599 1053 illius
2624 1001 2932 1056 secundum
2955 1001 3099 1057 filios
3123 1003 3465 1060 hominum.»

2257 1090 2413 1163 Greg.
2459 1089 2729 1145 Nazianz.
2771 1104 2984 1150 tetrast.
3022 1097 3113 1151 21.

2075 1200 2266 1276 [erum
2302 1204 2539 1258 decorem
2565 1247 2581 1271 ,
2611 1208 2801 1260 mentis
2833 1218 3083 1262 ornatum
3117 1200 3293 1276 puta}

2065 1271 2191 1327 Non
2220 1289 2370 1342 quem
2400 1292 2592 1330 manus
2625 1277 2824 1345 ﬁgurat
2847 1318 2863 1344 ,
2895 1290 2988 1332 aut
3023 1271 3159 1334 delet
3192 1285 3323 1337 dies.

1958 1383 2128 1455 Cyril.
2160 1385 2213 1438 in
2244 1401 2291 1439 c.
2324 1401 2413 1440 xix
2452 1386 2616 1441 Joan.
2638 1386 3015 1443 —Mu|ierum
3053 1405 3228 1460 genus
3281 1393 3350 1447 ad
3387 1394 3467 1446 la-

1886 1490 2102 1546 crymas
2132 1477 2373 1547 proclive
2405 1488 2522 1544 est,
2556 1494 2621 1533 ac
2650 1494 2807 1535 mens
2835 1494 3023 1535 earum
3050 1482 3119 1536 ad
3152 1485 3471 1539 misericor-

1885 1566 2033 1621 diam
2072 1568 2273 1623 inllecti
2304 1568 2471 1625 facile
2499 1570 2664 1625 solet.

1958 1658 2127 1713 Clem.
2152 1662 2309 1716 Alex.
2349 1661 2442 1716 lib.
2477 1677 2516 1716 ll
2562 1661 2838 1718 Strom.—
2854 1663 2969 1723 Hoc
3002 1665 3284 1721 mulierem
3314 1668 3465 1723 omni

1890 1751 2120 1806 sinistra
2162 1768 2350 1809 carere
2389 1754 2705 1824 suspicione
2743 1755 3012 1822 ostendit,
3054 1773 3178 1812 cum
3225 1773 3326 1813 nec
3370 1776 3464 1813 ac-

1884 1845 2137 1899 curatius
2160 1860 2283 1899 sese
2306 1845 2543 1911 excolit,
2566 1860 2668 1902 nec
2693 1855 2889 1917 praeter
2912 1850 3169 1904 decorum
3196 1862 3462 1917 exornat,

202 1947 335 2007 νῶς’
367 1944 467 2005 τάς
508 1942 608 2012 μὲν
637 1939 852 2004 ἐξόδους
884 1939 984 2009 τῆς
1018 1938 1196 2002 οἰκίας
1232 1939 1639 2012 φυλαττομένην
1674 1940 1760 2004 τὰς

1876 1952 1976 1991 nec
2008 1952 2193 1991 verum
2222 1939 2480 2007 precibus
2512 1939 3099 2012 obsecrationibusque
3131 1942 3315 1998 dedita
3342 1955 3461 2011 est,

199 2036 424 2099 πολλὰς,
470 2032 867 2088 ἀποκλείουσαν
900 2032 975 2095 ὡς
1013 2026 1124 2084 οἷόν
1153 2048 1213 2083 τε
1260 2032 1461 2102 ἑαυτὴν
1487 2034 1587 2103 τῆς
1636 2032 1776 2103 πρὸς

198 2131 325 2192 τοὺς
354 2129 416 2181 οὐ
453 2126 834 2196 προσήκοντας
864 2122 1205 2194 προσόψεως,
1232 2123 1309 2188 ὡς
1347 2124 1415 2178 ἂν
1447 2125 1773 2195 προύργιαι..

195 2237 358 2291 τερον
405 2218 699 2289 τιθεμένην
739 2219 838 2288 τῆς
872 2216 1101 2287 ἀκαίρου
1148 2216 1421 2287 φλυαρίας
1458 2217 1557 2288 τὴν
1592 2218 1773 2270 οίκου-

197 2327 342 2378 ριαν.

194 2421 376 2474 ΤΙΤΔ.
404 2420 506 2475 lB'.
529 2451 595 2461 —
625 2417 766 2487 Περὶ
797 2415 1101 2488 rvi-auctor
1125 2415 1405 2488 πονηρῶν
1433 2419 1533 2473 καί
1554 2435 1768 2488 μοιχα-

262 2493 474 2555 λίδων,
536 2489 635 2544 καὶ
684 2486 1137 2557 πορνευουσῶν,
1172 2488 1273 2541 καί
1307 2487 1512 2556 πάσης
1556 2486 1771 2556 κακίας

265 2560 768 2631 πεπληρωμένων.

270 2674 290 2705 ι
341 2652 592 2721 Ἐγένετο
639 2653 697 2704 ὲν
750 2652 818 2721 τῇ
846 2648 1033 2720 ἡμέρᾳ
1077 2650 1144 2720 τῇ
1201 2648 1407 2721 ἑϐδόμῃ
1462 2651 1767 2721 ἀπήγγειλε

191 2746 435 2817 Σαμψὼν
478 2749 545 2816 τῇ
576 2741 827 2814 Δαλιδᾷ(ι
869 2742 931 2794 τὸ
975 2740 1290 2814 πρόϐλημα,
1322 2742 1407 2795 ὅτι
1451 2741 1766 2812 ἐνώχλησεν

190 2836 377 2889 αὐτόν.
405 2836 515 2889 Kal.
542 2832 832 2905 ἀνήγγειλε
858 2834 971 2894 τοῖς
995 2833 1131 2893 υίοῖς
1154 2833 1254 2885 τοῦ
1278 2832 1413 2886 λαοῦ
1440 2834 1632 2905 αὐτῆς.
1660 2837 1767 2889 Καὶ

188 2927 356 2982 εἶπαν
384 2928 532 2998 αὑτῷ
564 2929 613 2981 οί
664 2925 859 2997 ἄνδρες
900 2926 1003 2993 τῆς
1030 2924 1247 2987 πόλεως
1280 2925 1339 2978 ἐν
1382 2928 1449 2998 τῇ
1489 2928 1673 3000 ἡμέρᾳ
1698 2932 1765 3001 τῇ

186 3018 395 3090 ἐὸδὸμῃ
456 3016 564 3087 πρὸ
615 3014 710 3069 τοῦ
760 3014 913 3068 δῦναι
946 3012 1041 3066 τὸν
1080 3012 1262 3083 ἥλιονο
1316 3013 1385 3066 Τί
1433 3013 1768 3087 γλυκύτερον

189 3111 430 3181 μέλιτος,
463 3111 558 3163 καὶ
586 3109 638 3162 τί
670 3106 1016 3178 ἰσχυρότερον
1045 3104 1298 3171 λέοντος;
1337 3106 1449 3160 Καὶ
1477 3101 1632 3161 εἶπεν
1664 3108 1765 3162 αὐ·

183 3205 298 3269 τοῖς
329 3202 566 3273 Σαμψών
588 3217 603 3230 ’
640 3201 704 3253 Εἰ
738 3198 814 3271 μὴ
852 3198 1273 3317 κατεξαμάῖατέ
1326 3215 1429 3269 μου
1461 3200 1560 3267 τὴν
1587 3200 1763 3271 δάμα-
1791 3257 1834 3317 c

183 3298 292 3361 λιν,
316 3296 416 3348 οὐκ
450 3296 518 3348 ἂν
550 3293 754 3361 ἔγνωτε
780 3293 843 3345 τὸ
870 3290 1170 3362 πρόϐλημά
1204 3307 1330 3361 μου.
1364 3309 1383 3341 ι

262 3407 279 3439 ι
320 3381 457 3440 Εἷπε
489 3385 545 3437 δὲ
582 3382 820 3454 Σαμψὼν
848 3383 1076 3453 Δαλιδᾷ’
1111 3381 1235 3445 Πῶς
1261 3381 1460 3450 λέγεις,
1482 3382 1563 3435 ὅτι
1596 3382 1764 3450 Ἠγά-

183 3481 342 3549 πηκὰ
374 3496 456 3545 σε,
507 3478 665 3548 καὶὴ
719 3476 916 3547 καρδία
976 3492 1071 3527 σου
1118 3476 1218 3527 οὐκ
1254 3475 1370 3527 ἔστι
1424 3475 1543 3544 μετ’
1584 3476 1759 3545 ὲμοῦ;

182 3573 342 3626 τοῦτο
368 3570 551 3641 τρίτον
578 3568 891 3638 ὲπλάνησάς
924 3586 1011 3639 με,
1048 3568 1141 3620 καὶ
1174 3568 1276 3621 οὐκ
1301 3568 1646 3638 ἀπήγγειλας
1671 3586 1763 3639 μοι

179 3669 241 3718 ὲν
270 3664 377 3716 τίνι
400 3664 435 3733 η
472 3660 624 3732 ἰσχύς
646 3678 738 3713 σου
766 3662 799 3729 ἡ
837 3660 1071 3729 μεγάλη.
1106 3660 1218 3713 Καὶ
1252 3659 1471 3727 ἐγένετο
1505 3660 1593 3712 ὅτε
1627 3676 1762 3713 κατ-

178 3758 479 3830 ειργάσατο
521 3754 686 3808 αὐτὸν
717 3756 787 3818 ὲέν
836 3756 949 3816 τοῖς
1001 3752 1183 3821 λόγοις
1226 3751 1398 3820 αὐτῆς
1438 3751 1619 3816 πάσας
1663 3754 1761 3816 τὰς

176 3850 417 3921 ἡμέρας,
440 3847 534 3901 καὶ
554 3845 991 3915 ὲστενοχώρησεν
1015 3844 1196 3909 αὑτὸν,
1226 3846 1321 3897 καὶ
1348 3844 1759 3915 ὠλιγοψύχησεν

176 3944 288 4004 ἕως
310 3940 403 3993 τοῦ
430 3938 743 4000 ἀποθανεῖν,
772 3936 1110 4007 ἀπήγγειλεν
1137 3938 1275 4008 αὐτῇ
1302 3941 1483 3992 πᾶσαν
1508 3940 1607 4009 τὴν
1632 3956 1760 4010 καρ-

174 4037 301 4088 δίαν
333 4032 520 4095 αὑτοῦ,
551 4031 644 4085 καὶ
676 4025 831 4081 εἶπεν
862 4029 1000 4097 αὐτῇ
1025 4045 1037 4058 ·
1075 4030 1299 4099 Σίδηρος
1331 4031 1432 4083 οὐκ
1464 4030 1631 4101 ἀνέϐη
1650 4030 1759 4083 ςέπὶ

169 4128 282 4195 τὴν
323 4122 568 4193 κεφαλήν
617 4138 744 4191 μου,
814 4120 897 4172 ὅτι
948 4120 1246 4190 Ναζιραῖος
1288 4122 1425 4175 Θεοῦ
1482 4124 1595 4193 είμι
1651 4123 1759 4176 ἀπὸ

174 4204 389 4278 κοιλίας
443 4212 650 4284 μητρός
682 4229 805 4282 μου.
855 4212 985 4264 Ἐὰν
1016 4207 1109 4265 οὖν
1143 4212 1485 4283 ξυρήσωμαι,
1519 4216 1759 4286 ἀποστή-

175 4324 336 4360 σεται
389 4304 482 4359 ἀπ’
535 4302 671 4374 ἐμοῦ
712 4304 744 4373 ἡ
789 4302 943 4372 ἰσχύς
1002 4320 1125 4373 μου,
1164 4302 1260 4355 καὶ
1292 4303 1617 4374 ἀσθενήσω,
1664 4306 1758 4358 καὶ

172 4400 374 4467 ἔσομαι
425 4396 499 4459 ὼς
551 4395 752 4457 πάντες
805 4393 1106 4465 ἄνθρωποι.
1142 4394 1252 4447 Kal.
1283 4391 1391 4448 εἶδε
1430 4396 1629 4450 Δαλιδά
1674 4399 1756 4451 ὅτι

170 4489 517 4559 ἀπήγγειλεν
562 4488 701 4557 αὐτῇ
755 4487 934 4540 πᾶσαν
978 4487 1078 4557 τὴν
1125 4488 1355 4559 καρδίαν
1405 4489 1610 4556 αὐτοῦ,
1658 4490 1755 4544 καὶ

1874 2037 1928 2083 et
1957 2029 2150 2084 crebro
2179 2030 2364 2100 egredi
2392 2029 2556 2085 domo
2593 2043 2783 2096 cavet,
2822 2048 3086 2102 seseque,
3126 2036 3304 2105 quoad
3338 2036 3460 2092 fieri

1872 2130 2085 2189 potest,
2116 2121 2187 2177 ab
2209 2136 2399 2175 eorum
2425 2123 2747 2193 quibuscum
2776 2125 2911 2179 nihil
2941 2126 3047 2179 sibi
3079 2142 3281 2196 genere
3307 2145 3461 2183 com-

1873 2228 2037 2267 mune
2081 2223 2203 2279 est,
2252 2214 2495 2269 excludit
2537 2224 2849 2287 conspetu:
2908 2228 2967 2271 ut
2996 2234 3119 2287 qum
3168 2221 3453 2291 antiquius

1872 2303 2071 2360 habeat
2103 2304 2251 2361 domi
2281 2306 2504 2372 sedere,
2535 2324 2701 2378 quam
2740 2308 3128 2379 intempestive
3158 2314 3383 2383 nugari.

1872 2416 1998 2473 TIT.
2263 2418 2340 2474 De
2386 2421 2699 2499 mulieribns
2746 2423 2907 2477 malis
2929 2465 2943 2489 ,
2978 2426 3373 2499 adulterisque,
3404 2439 3458 2484 et

1904 2491 2208 2559 prostitutis
2234 2531 2249 2557 ,
2291 2493 2538 2563 omnique
2570 2494 2820 2549 vitiorum
2850 2513 3035 2564 genere
3074 2491 3418 2555 ualentibus.

1940 2648 2121 2704 ludio.
2157 2667 2269 2718 xiv,
2307 2652 2501 2706 l7.-—c
2536 2652 2601 2706 Et
2632 2654 2838 2709 factum
2864 2665 2946 2710 est
2969 2655 3057 2712 die
3086 2658 3320 2727 septimo
3354 2674 3455 2715 an-

1868 2742 2145 2797 nuntiavit
2176 2744 2457 2814 problems
2495 2746 2714 2814 Dalilae,
2760 2764 2827 2804 eo
2869 2750 3013 2820 quod
3050 2753 3279 2808 molesta
3310 2766 3456 2811 esset

1868 2834 1939 2889 ei.
1978 2834 2109 2902 Quae
2142 2838 2401 2894 indicavit
2450 2839 2579 2895 ﬁliis
2626 2842 2814 2911 populi
2850 2843 2957 2897 sui.
3012 2844 3078 2899 Et
3108 2846 3370 2901 dixerunt
3400 2850 3452 2903 ei

1867 2925 1969 2979 viri
1999 2927 2238 2983 civitatis
2258 2929 2349 2985 die
2376 2931 2611 3000 septimo
2636 2941 2764 2987 ante
2791 2934 2927 2989 solis
2980 2951 3238 2992 occasum
3267 2958 3280 2993 :
3311 2940 3453 3005 Quid

1868 3014 2088 3071 dulcius
2115 3019 2305 3083 melle,
2338 3026 2393 3073 et
2422 3021 2549 3090 quid
2602 3020 2807 3077 fortius
2853 3024 3058 3080 leone?
3100 3026 3171 3078 Et
3198 3022 3336 3077 dixit
3372 3032 3455 3085 eis

1871 3103 2104 3162 Samson
2130 3125 2143 3162 :
2172 3106 2339 3178 509
2362 3108 2420 3163 Si
2458 3126 2568 3164 non
2598 3112 2963 3182 subegissetis
2989 3116 3215 3171 vitulam
3242 3135 3450 3187 meam,

1867 3212 1976 3252 non
2007 3200 2357 3257 invenissetis
2389 3204 2671 3272 problems
2699 3220 2903 3261 meum.
2933 3226 2952 3258 ι

1935 3376 2112 3430 Judic.
2136 3380 2366 3445 xvt,15.
2407 3411 2476 3420 -
2512 3398 2532 3432 ι
2578 3380 2646 3435 Ει
2678 3382 2818 3437 dixit
2859 3383 3032 3439 Dalila
3068 3387 3133 3439 ad
3171 3386 3447 3442 Samson:

1866 3464 2153 3532 Quomodo
2193 3476 2251 3521 tu
2283 3470 2450 3536 dicis,
2482 3472 2614 3541 quia
2638 3471 2809 3544 diligo
2836 3482 2913 3539 te,
2942 3484 2997 3531 et
3025 3492 3125 3531 cor
3151 3487 3305 3533 tuum
3340 3495 3448 3534 non

1864 3566 1952 3613 est
2005 3562 2261 3615 mecum?
2304 3562 2409 3617 hoc
2449 3562 2615 3619 tertio
2651 3565 2920 3635 decepisti
2967 3584 3076 3632 me,
3108 3578 3163 3624 et
3211 3571 3447 3625 noluisti

1864 3651 2075 3719 dicere,
2109 3653 2165 3706 in
2189 3668 2298 3722 quo
2328 3654 2400 3709 sit
2436 3670 2636 3727 magna
2675 3657 2943 3714 fortitudo
2984 3668 3099 3715 tua.
3136 3662 3202 3715 Et
3238 3661 3441 3718 factum

1863 3752 1969 3805 est,
2005 3756 2131 3795 cum
2167 3742 2217 3795 ei
2252 3745 2488 3799 molesta
2523 3754 2671 3802 esset
2698 3748 2883 3802 verbis
2914 3750 3031 3805 suis
3066 3766 3163 3819 per
3192 3753 3447 3823 singulos

1861 3833 2005 3897 dies,
2058 3841 2118 3889 et
2160 3845 2380 3904 urgeret
2440 3852 2592 3905 eum,
2644 3839 2801 3907 isque
2844 3839 3105 3897 deficeret
3156 3860 3332 3914 usque
3375 3846 3443 3899 ad

1860 3933 2117 3991 mortem,
2170 3927 2439 3983 indicavit
2485 3930 2539 3985 ei
2587 3946 2754 3989 omne
2811 3947 2907 3988 cor
2958 3950 3145 3997 suum.
3186 3937 3444 4007 dixitque

1860 4018 1939 4073 illi
1996 4035 2010 4073 :
2062 4019 2291 4075 Ferrum
2340 4038 2454 4077 non
2494 4025 2744 4081 ascendit
2799 4043 2969 4097 super
3017 4038 3181 4099 caput
3232 4048 3442 4099 meum,

1858 4114 1987 4183 quia
2024 4113 2322 4171 Nazaraeus
2356 4115 2451 4173 Dei
2479 4133 2602 4173 sum
2643 4119 2713 4174 ab
2760 4129 2920 4175 utero
2952 4124 3148 4178 matris
3182 4139 3337 4179 meae.
3382 4125 3441 4180 Si

1861 4222 1991 4276 ergo
2024 4221 2187 4262 rasus
2235 4208 2413 4277 fuero,
2443 4211 2665 4265 recedet
2707 4226 2737 4265 a
2770 4228 2858 4267 me
2896 4212 3167 4285 fortitudo
3206 4230 3349 4281 mea,
3384 4225 3440 4273 et

1857 4296 2131 4364 deficiam,
2180 4314 2388 4369 eroqne
2427 4301 2575 4356 sicut
2617 4303 2803 4358 θείετί
2859 4303 3131 4360 homines.
3181 4304 3247 4360 Et
3298 4308 3439 4363 vidit

1858 4387 2051 4450 Dalila.
2086 4391 2233 4461 quod
2258 4392 2377 4460 _sibi
2404 4392 2702 4451 confessus
2733 4406 2880 4451 esset
2917 4410 3080 4451 omne
3112 4412 3209 4452 cor
3248 4415 3436 4466 suum,

1857 4488 1910 4533 et
1943 4482 2116 4546 misit,
2160 4493 2212 4537 et
2244 4484 2464 4538 vocavit
2496 4494 2755 4556 satrapas
2785 4502 2978 4543 omnes
3008 4489 3434 4561 allophylorum,

169 4583 489 4646 ἀπέστειλε,
516 4582 611 4634 καὶ
652 4580 882 4635 ἐκάλεσε
923 4582 1048 4643 τοὺς
1080 4582 1369 4652 σατράπας
1404 4582 1616 4647 πάντας
1644 4583 1753 4636 τῶν

1868 4573 2049 4630 dicens
2093 4592 2106 4627 :
2140 4576 2436 4632 Ascendile
2471 4578 2574 4633 hac
2602 4592 2711 4633 una
2746 4580 2885 4644 vice,
2922 4580 3055 4649 quia
3086 4585 3437 4640 annnntiavit

167 4677 487 4745 ἀλλοφύλων
541 4674 774 4743 λέγουσα
799 4688 812 4703 ⁸
851 4672 1117 4743 Ἀνάόητε
1164 4674 1227 4727 τὸ
1261 4673 1406 4740 ἅπαξ
1436 4675 1617 4741 τοῦτο,
1667 4678 1750 4729 ὅτι

166 4766 480 4840 ἀπήγγειλέ
515 4783 605 4837 μοι
638 4766 820 4819 πᾶσαν
863 4765 964 4835 τὴν
1005 4765 1238 4836 καρδίαν
1276 4766 1458 4820 αὐτοῦ.
1509 4769 1621 4821 Kal.
1658 4769 1750 4821 ἀν-

166 4864 379 4933 έδησαν
412 4860 547 4930 πρὸς
577 4859 747 4928 αὐτὴν
776 4858 825 4910 οἱ
844 4858 1105 4928 ἄρχοντες
1148 4859 1257 4910 τῶν
1284 4859 1621 4927 ἀλλοφύλων,
1654 4862 1748 4914 καὶ

164 4960 412 5027 ἤνεγκαν
443 4952 502 5005 τὸ
534 4949 799 5022 ἀργύριον
829 4952 888 5003 ὲν
920 4951 1064 5020 χειρὶ
1108 4951 1310 5005 αὐτῶν.
1342 4954 1449 5005 Καὶ
1494 4953 1745 5022 ὲκοίμισε

165 5047 370 5100 Δειλιδά
391 5045 480 5095 τὸν
500 5041 737 5113 Σαμψὼν
760 5042 854 5093 ἐπὶ
876 5042 944 5095 τά
965 5043 1166 5109 γόνατα
1194 5042 1386 5111 αὐτῆς,
1406 5045 1499 5097 καὶ
1519 5043 1741 5096 ἐκάλεσε

166 5141 261 5192 τὸν
291 5136 515 5206 κουρέα,
545 5135 640 5186 καὶ
674 5132 908 5203 ὲξύρησε
932 5134 1031 5195 τὰς
1058 5134 1198 5186 έπτά
1225 5135 1413 5204 σειρὰς
1443 5135 1539 5203 τῆς
1572 5151 1742 5202 κεφαο

164 5231 271 5300 λῆς
327 5225 514 5289 αὑτοῦ,
549 5227 645 5279 καὶ
684 5225 897 5295 ἀπέστη
942 5228 974 5296 ἡ
1016 5228 1167 5296 ἰσχὺς
1201 5227 1365 5279 αὐτοῦ
1404 5228 1496 5279 ἀπ’
1556 5226 1741 5279 αὑτοῦ.

166 5325 283 5380 Καὶ
310 5317 431 5374 εἶπε
484 5318 683 5372 Δαλιδά
706 5334 721 5348 ⁸
750 5319 1068 5389 Ἀλλόφυλοι
1121 5320 1217 5372 ἐπὶ
1254 5320 1612 5391 σὲ,Σαμψὼν,
1649 5320 1745 5373 καὶ

160 5411 467 5480 eameam,
496 5411 561 5463 ὲκ
592 5408 686 5462 τοῦ
716 5408 885 5463 ὕπνου
916 5410 1106 5476 αὑτοῦ,
1139 5411 1233 5464 καὶ
1280 5406 1455 5476 εἶπεν,
1496 5410 1741 5475 Ἐξελεύ-

161 5522 336 5577 σομαι
370 5504 444 5565 ὡς
477 5501 625 5568 ἅπαξ
658 5501 752 5554 καὶ
786 5502 955 5575 ἅπαξ,
988 5505 1079 5557 καὶ
1110 5504 1572 5575 ἐκτιναχθήσομαι
1598 5520 1612 5535 σ
1644 5504 1739 5556 καὶ

158 5598 332 5657 αὐτὸς
366 5594 466 5647 οὐκ
496 5591 639 5661 εγνω
682 5592 763 5644 ὅτι
796 5593 999 5663 Κύριος
1028 5595 1244 5665 ἀπέστη
1284 5595 1380 5649 ἀπ’
1407 5593 1591 5647 αὑτοῦ.
1623 5596 1734 5647 Kal

1857 4663 1991 4717 mihi
2047 4680 2212 4720 omne
2258 4681 2358 4721 cor
2414 4684 2598 4723 suum.
2660 4669 2727 4724 Et
2775 4673 3151 4728 ascenderunt
3199 4677 3265 4729 ad
3311 4692 3432 4732 eam

1852 4758 2136 4829 principes
2167 4760 2596 4830 allophylorum,
2629 4770 2685 4817 et
2720 4765 3027 4819 attulerunt
3062 4766 3352 4835 pecuniam
3377 4769 3432 4822 in

1853 4862 2017 4901 manu
2078 4863 2199 4903 sua.
2248 4851 2326 4905 Ac
2381 4850 2475 4904 illa
2519 4851 2769 4907 dormire
2818 4853 2946 4907 fecit
2988 4852 3224 4908 Samson
3265 4871 3419 4925 stipa

1851 4954 2026 5007 genua
2058 4956 2177 5005 sua,
2224 4950 2281 4995 et
2330 4943 2551 4995 vocavit
2593 4951 2897 5010 tonsorem,
2950 4952 3006 4998 et
3042 4944 3181 4998 rasit
3214 4954 3426 5014 septem

1852 5034 2089 5087 intortos
2123 5035 2305 5088 crines
2338 5035 2521 5105 capilli
2554 5037 2643 5090 sui
2680 5054 2693 5090 :
2726 5044 2777 5090 et
2800 5036 3076 5091 abscessit
3105 5036 3277 5091 robur
3306 5038 3420 5105 ejus

1849 5125 1919 5178 ab
1945 5139 2028 5179 eo.
2060 5122 2125 5176 Et
2150 5124 2293 5178 dixit
2326 5124 2537 5179 Dalila:
2567 5126 2843 5196 Allophyli
2870 5140 3035 5195 super
3059 5133 3135 5190 te,
3162 5126 3418 5180 Samson.

1847 5218 1913 5271 Et
1940 5217 2362 5287 expergefactus
2396 5234 2426 5272 a
2460 5234 2659 5274 somno
2691 5235 2817 5285 suo,
2859 5219 3122 5274 dicebat:
3157 5217 3419 5287 Egrediar

1848 5310 1994 5365 sicut
2019 5309 2131 5379 jam
2172 5309 2372 5364 iterum
2421 5321 2587 5381 atque
2632 5307 2999 5375 iterum‘feci,
3031 5319 3086 5365 et
3116 5311 3370 5365 excutiar
3400 5329 3417 5368 :

1845 5407 1965 5473 ipse
1994 5415 2179 5458 autem
2213 5405 2521 5467 nesciebat,
2559 5406 2705 5475 quod
2736 5404 3007 5458 Dominus
3031 5402 3360 5458 recessisset
3387 5418 3416 5456 a

1847 5511 1925 5551 se.
1960 5495 2141 5564 Atque
2167 5496 2646 5566 apprehenderunt
2671 5498 2848 5565 ipsum
2880 5494 3166 5565 allophyli,
3201 5502 3259 5549 et
3283 5492 3415 5548 cllo-

1842 5590 2045 5645 dcrunt
2075 5589 2267 5644 oculos
2300 5588 2443 5660 ejus,
2477 5597 2532 5645 et
2551 5591 2899 5647 deduxerunt
2931 5603 3056 5644 eum
3084 5586 3311 5641 Gazam.
3342 5586 3411 5642 Et

1468 5703 1699 5759 VARIIE
1736 5696 2130 5757 LECTIONES.

240 5797 266 5834 ά
293 5794 388 5849 llic
412 5796 553 5868 male
587 5795 859 5868 insertum
887 5814 1087 5856 nomen
1120 5800 1339 5864 Δαλιδὰ,
1364 5814 1486 5868 quae
1512 5797 1797 5855 Samsonis
1820 5811 1959 5851 uxor
2000 5812 2111 5850 non
2145 5794 2245 5851 fuit
2276 5812 2288 5847 :
2328 5793 2585 5862 superius
2617 5801 2797 5850 autem
2829 5790 3116 5864 legendum
3146 5786 3261 5844 dixi
3300 5791 3406 5841 Aa-

161 5865 283 5919 λίλα
321 5883 417 5935 pro
459 5864 672 5921 Δαλιδά.
