4210 6448
762 395 895 457 Ῑῖἶὲθ

1939 393 2002 453 S.
2035 389 2356 450 JOANNIS
2399 390 2827 451 DAMASCENI

3886 397 4031 463 19.20

759 522 1071 585 ligaverunt
1131 516 1284 568 illum
1331 513 1383 565 in
1436 512 1794 580 compedibus
1845 513 2012 566 :eneis
2058 518 2159 564 :et
2210 519 2327 564 erat

2436 510 2751 580 ἐκράτησαν
2795 511 2958 564 αὐτὸν
2998 513 3046 564 οἱ
3085 513 3395 583 ἀλλόφυλοι,
3440 516 3534 569 καὶ
3575 511 3854 588 ἐξώρυξαν
3897 525 4030 573 τοις

758 611 972 663 molcns
1007 609 1062 662 in
1094 608 1259 660 domo
1285 607 1550 660 careeris.
1596 625 1612 656 ι

837 873 930 929 Ill
961 875 1086 943 Reg.
1113 892 1189 940 χι,
1216 879 1373 929 4.-ι
1395 873 1601 927 FaCtus
1627 883 1711 926 est
1739 875 1997 927 Salomon
2019 873 2071 925 in
2098 879 2340 939 tempore

756 970 1090 1031 senectutis,
1129 978 1183 1020 et
1219 983 1328 1021 non
1368 973 1487 1020 erat
1513 981 1611 1019 cor
1635 966 1755 1033 ejus
1799 963 2042 1033 perfecte
2077 978 2201 1016 cum
2233 961 2340 1014 llo-

759 1059 932 1120 mino,
969 1059 1132 1111 siculi
1184 1073 1277 1109 cor
1314 1056 1482 1110 David
1516 1057 1692 1125 patris
1741 1057 1938 1123 ipsius.
1987 1056 2054 1108 Et
2098 1053 2338 1107 declina-

757 1157 958 1203 verunt
1018 1149 1278 1201 mulieres
1332 1146 1661 1216 alienigena:
1707 1161 1804 1199 cor
1854 1144 1975 1212 ejus
2020 1153 2145 1213 post
2205 1143 2338 1195 deos

759 1259 914 1296 suos.
954 1240 1108 1294 Tunc
1137 1239 1434 1293 aediﬁcavit
1472 1237 1736 1292 Salomon
1783 1238 2066 1292 excelsqu
2101 1235 2336 1288 Chamos

760 1334 906 1388 idolo
947 1333 1122 1395 Moab,
1160 1341 1216 1386 et
1261 1331 1375 1400 regi
1423 1331 1655 1384 ﬁliorum
1709 1328 1969 1392 Ammon,
2021 1335 2076 1381 et
2115 1327 2338 1381 Astarte

760 1424 1162 1480 abominationi
1238 1422 1616 1478 Sidoniorum.
1665 1420 1730 1473 Et
1790 1420 1856 1472 ad
1921 1419 2064 1472 hunc
2114 1418 2335 1470 modum

758 1520 892 1574 fecit
923 1518 1193 1572 omnibus
1218 1514 1546 1569 mulieribus
1573 1513 1693 1567 suis
1728 1510 2076 1580 alienigenis.
2111 1509 2176 1562 Et
2207 1512 2337 1564 ado-

759 1612 970 1674 lebant,
1008 1618 1065 1664 et
1099 1607 1493 1664 sacriﬁcabant
1536 1605 1856 1660 simulacris
1891 1603 2029 1658 suis.
2071 1621 2089 1654 ι

829 1787 990 1840 Prov.
1025 1802 1078 1848 v,
1107 1784 1163 1837 2.
1193 1815 1264 1823 --
1316 1800 1335 1833 ‹
1370 1782 1449 1837 Ne
1489 1783 1742 1836 attendas
1774 1779 1841 1833 ad
1881 1794 2102 1847 pravam
2139 1778 2334 1831 mulie-

2440 602 2754 672 ὀφθαλμοὺς
2781 604 2970 666 αὑτοῦ,
3007 606 3100 658 καὶ
3128 608 3474 678 κατήνεγκαν
3503 609 3664 662 αὐτὸν
3695 610 3777 672 είς
3815 610 4002 675 Γάζαν

2442 693 2552 745 Καὶ
2579 695 2777 764 ἔδησαν
2803 696 2964 750 αὑτὸν
2989 698 3046 749 ἐν
3075 698 3266 761 πέδαις
3299 699 3549 769 χαλκαῖς,
3574 702 3669 754 καὶ
3697 697 3764 771 ἦν
3791 702 4026 773 ἀλήθων

2439 785 2499 836 ἐν
2527 785 2661 854 οίκῳ
2696 785 2796 854 τῆς
2831 787 3078 856 φυλακῆς
3135 806 3152 835 ι

2516 894 2534 925 ι
2571 876 2834 948 Ἐγενήθη
2862 879 2920 930 ὲν
2949 878 3026 948 τῷ
3053 878 3230 949 και,δῷ
3261 880 3466 949 γήρους
3489 880 3762 952 Σολομὼν,
3791 885 3886 937 καὶ
3910 887 4018 939 οὐκ

2437 961 2558 1034 ἦνή
2593 967 2791 1036 καρδία
2841 969 3009 1022 αὐτοῦ
3043 970 3265 1034 τελείως
3304 971 3444 1041 μετά
3499 974 3728 1044 Κυρίου,
3768 976 3958 1038 καθὼς
3988 982 4022 1045 ἡ

2439 1055 2636 1126 καρδία
2673 1058 2838 1111 Δαϐὶδ
2863 1057 2956 1111 τοῦ
3000 1060 3216 1131 πατρὸς
3255 1059 3441 1114 αὑτοῦ.
3475 1060 3585 1113 Καὶ
3631 1061 3915 1124 ἐξέκλιναν
3964 1066 4020 1116 αἱ

2440 1151 2703 1216 γυναῖκες
2759 1153 2814 1205 αἱ
2865 1151 3147 1222 ἀλλότριαι
3206 1151 3305 1224 τὴν
3346 1151 3575 1221 καρδίαν
3616 1153 3782 1205 αὐτοῦ
3834 1154 4020 1207 ὀπίσω

2439 1240 2580 1293 θεῶν
2637 1242 2835 1298 αὐτῶν.
2861 1245 2993 1296 Τότε
3019 1243 3335 1314 ᾠκοδόμησε
3387 1242 3637 1314 Σολομὼν
3681 1245 3886 1314 ὑψηλὸν
3937 1247 4020 1314 τῷ

2438 1334 2647 1403 Χαμῶς
2701 1334 2905 1406 εἰδώλῳ
2953 1336 3150 1400 Μωάϐ,
3186 1336 3280 1391 καὶ
3333 1333 3413 1406 τῷ
3459 1335 3672 1406 βασιλεῖ
3729 1337 3836 1388 τῶν
3881 1336 4020 1388 υἱῶν

2442 1427 2698 1496 Ἀμμων,
2729 1427 2825 1479 καὶ
2853 1430 2918 1498 τῇ
2941 1428 3218 1501 Ἀστάρτῃ
3246 1427 3893 1498 βδελύγματιΣιδωνίωνο
3923 1432 4018 1481 καὶ

2438 1517 2612 1581 οὕτως
2666 1519 2892 1589 ἐποίησε
2938 1519 3141 1594 πάσαις
3185 1522 3306 1582 ταῖς
3357 1520 3610 1586 γυναιξὶν
3667 1519 3835 1572 αὐτοῦ
3889 1525 4016 1582 ταῖς

2439 1610 2785 1680 ἀλλοτρίαις·
2841 1613 2938 1664 καὶ
2964 1611 3228 1682 ὲθυμίων,
3266 1611 3362 1664 καὶ
3409 1611 3564 1666 ἔθυον
3603 1615 3715 1674 τοῖς
3767 1612 4017 1675 εἰδώλοις

2435 1716 2641 1752 αυτων.
2673 1718 2692 1749 ι

2515 1808 2534 1841 ‹
2559 1789 2651 1861 Μὴ
2675 1789 2912 1860 πρόσεχε
2940 1790 3120 1862 φαύλῃ
3143 1790 3384 1859 γυναικί.
3407 1790 3548 1844 Μέλι
3575 1792 3683 1861 γὰρ
3709 1793 4016 1856 ἀποστάζει

758 1897 898 1935 rem.
934 1879 1068 1933 Nam
1103 1880 1208 1933 mel
1241 1877 1478 1931 distillat
1511 1892 1541 1930 e
1581 1875 1766 1944 lingua
1809 1872 2143 1935 meretricis,
2179 1879 2234 1926 ct
2263 1871 2330 1925 ad

2436 1882 2543 1935 ἀπὸ
2572 1880 2799 1951 χειλέων
2827 1861 3344 1952 γυναικδςπόρνης,
3372 1882 3406 1952 ἢ
3447 1882 3585 1953 πρὸς
3620 1886 3806 1950 μηρὸν
3829 1886 4020 1937 λιπαί-

756 1983 979 2040 tenipus
1013 1972 1320 2041 inlpinguat
1366 1968 1557 2022 fauces
1582 1976 1744 2026 tuas;
1777 1974 2116 2036 postremum
2151 1972 2330 2016 autem

757 2067 877 2135 ejus
915 2067 1163 2118 amarius
1198 2066 1500 2132 absyntnio
1530 2060 1792 2130 reperies,
1823 2066 1876 2112 et
1908 2063 2133 2110 acutum
2160 2054 2334 2125 magis

757 2175 920 2227 quam
948 2158 1190 2227 gladium
1225 2155 1550 2223 ancipitem.
1584 2171 1603 2203 ι

832 2250 994 2303 Prov.
1027 2266 1104 2311 vi,
1132 2247 1222 2302 26.
1258 2279 1324 2288 —-
1354 2265 1373 2296 ι
1407 2245 1602 2298 Mulier
1623 2242 1900 2312 pretiosas
1931 2240 2173 2293 virorum
2209 2237 2333 2290 ani-

758 2358 878 2397 mas
912 2342 1074 2406 capit.
1123 2340 1293 2394 Sedes
1340 2336 1677 2408 ignominiae,
1731 2333 1931 2388 mulier
1960 2331 2089 2386 odio
2128 2330 2334 2388 habens

754 2433 929 2503 justa.
966 2452 983 2483 ι

832 2525 986 2578 Prov.
1024 2537 1124 2585 vn,
1162 2519 1217 2574 9..
1261 2549 1322 2562 --
1364 2537 1384 2569 ‹
1425 2516 1555 2579 Fili,
1603 2530 1762 2570 serva
1808 2512 2063 2568 mandata
2095 2527 2240 2576 mea,
2279 2520 2334 2566 ct

758 2617 912 2670 vives
944 2634 957 2668 :
996 2623 1056 2666 ut
1090 2624 1143 2665 te
1170 2609 1488 2664 custodiant
1525 2622 1555 2658 a
1592 2607 1821 2658 muliere
1866 2606 2050 2659 aliena
2081 2613 2135 2658 et
2163 2604 2331 2657 mala.

757 2706 835 2761 De
889 2705 1132 2759 fenestra
1189 2701 1339 2755 enim
1373 2699 1573 2753 domus
1629 2713 1766 2750 mea:
1818 2712 1916 2766 per
1956 2695 2234 2750 cancellos
2275 2695 2332 2748 in

757 2799 971 2868 plateas
999 2793 1370 2865 prospiciens,
1402 2805 1564 2860 quem
1597 2789 1800 2842 viderit
1831 2805 1863 2841 c
1895 2788 2024 2842 ﬁliis
2062 2785 2332 2855 insipien-

758 2891 909 2944 tibus
940 2889 1199 2957 juvenem
1231 2893 1511 2952 expertem
1548 2895 1736 2945 sensu,
1771 2878 1868 2949 qui
1912 2878 2113 2933 transit
2145 2878 2198 2930 in
2236 2893 2334 2930 an-

757 2982 910 3053 gulo,
963 2980 1018 3032 in
1065 2976 1226 3031 biviis
1253 2974 1544 3028 domorum
1591 2972 1738 3040 ejus,
1785 2979 1842 3024 et
1901 2971 2222 3039 loquentem
2275 2968 2331 3022 in

757 3071 1076 3142 vespertina
1117 3067 1481 3131 obscuritate,
1527 3066 1752 3134 quando
1787 3065 1900 3134 jam
1939 3072 2026 3118 est
2065 3071 2334 3117 nocturna

757 3165 915 3234 quies
976 3169 1032 3214 ct
1071 3159 1417 3228 caliginosa:
1479 3155 1678 3208 mulier
1722 3161 1908 3208 autem
1952 3154 2196 3209 occurrit
2252 3153 2329 3206 illi

759 3255 1000 3325 speciem
1036 3251 1250 3305 habens
1289 3247 1684 3308 meretriciam,
1727 3261 1850 3314 qua:
1894 3247 2108 3300 seducit
2142 3247 2331 3312 junio-

757 3364 880 3402 rum
913 3345 1105 3399 corda.
1141 3342 1260 3396 Alis
1283 3341 1561 3394 instructa
1595 3346 1682 3391 est
1714 3338 2100 3408 intemperanti
2127 3352 2282 3390 more
2314 3351 2329 3389 :

752 3440 907 3494 domi
939 3437 1110 3507 quieti
1143 3451 1252 3488 non
1288 3440 1418 3487 sunt
1452 3432 1617 3499 pedes
1645 3432 1788 3498 ejus.
1822 3427 1958 3482 Nam
1994 3429 2154 3482 modo
2182 3428 2333 3483 foras

755 3531 1142 3599 circumgirat,
1182 3525 1347 3580 modo
1394 3526 1447 3578 in
1479 3523 1676 3592 plateis
1713 3523 1873 3592 juxta
1910 3535 2131 3576 omnem
2160 3535 2335 3590 angu-

759 3631 872 3683 lum
924 3621 1240 3678 insidiatur.
1284 3616 1492 3671 Deinde
1523 3613 1842 3683 suscipiens
1871 3612 2158 3666 osculatur
2181 3625 2329 3674 eum,

760 3715 1063 3788 impudenti
1123 3724 1255 3766 vero
1296 3709 1450 3762 vultu
1494 3707 1649 3760 illum
1691 3704 1996 3774 alloquitur
2052 3701 2332 3756 :Victima

758 3809 988 3881 paciﬁca
1024 3805 1159 3859 mihi
1189 3812 1298 3862 est,
1331 3798 1498 3853 hodie
1528 3796 1703 3852 reddo
1730 3803 1856 3849 vota
1882 3810 2024 3850 mea.
2057 3793 2222 3864 410
2245 3793 2332 3846 ld-

759 3907 911 3958 circo
941 3911 1165 3969 egressa
1197 3909 1319 3949 sum
1345 3893 1401 3944 in
1434 3903 1732 3945 occursum
1769 3899 1921 3942 tuum
1949 3903 1964 3951 ;
2000 3885 2332 3940 desiderans

760 3997 960 4052 faciem
992 4001 1166 4052 tuam,
1201 3997 1256 4043 te
1290 3986 1494 4054 reperi.
1536 3981 1750 4037 Fasciis
1789 3979 2031 4036 instruxi
2067 3977 2331 4033 lectulum

759 4103 981 4152 meum;
1037 4081 1427 4151 tapetihusque
1479 4074 1754 4146 Egyptiis
1817 4071 1990 4129 stravi
2048 4089 2062 4122 :
2119 4067 2332 4138 aspersi

760 4179 948 4237 cubile
979 4190 1161 4230 meum
1185 4185 1377 4234 croco,
1413 4178 1468 4223 et
1488 4169 1712 4223 domum
1747 4179 1926 4218 meam
1954 4163 2330 4218 cinnamomo.

762 4273 924 4335 Veni,
952 4279 1010 4324 et
1040 4267 1290 4320 fruamur
1334 4259 1618 4315 amoribus
1653 4272 1831 4325 usque
1865 4270 2048 4309 mane.
2082 4250 2248 4315 Veni,
2278 4258 2334 4306 et

764 4365 1114 4422 involvamur
1151 4369 1360 4410 amore.
1395 4352 1516 4408 Non
1546 4351 1692 4407 enim
1726 4357 1813 4404 est
1847 4348 1936 4401 vir
1976 4360 2132 4400 meus
2159 4344 2332 4406 domi,

766 4458 901 4512 abiit
928 4453 1072 4506 viam
1103 4447 1508 4518 longissimam,
1562 4442 1792 4498 saccqu
1831 4439 2080 4510 pecunia:
2113 4445 2334 4504 sumpto

2434 1991 2518 2026 νει
2552 1972 2645 2026 σὺν
2676 1973 2960 2041 φάρυγγα,
2992 1972 3218 2046 ὕστερον
3263 1974 3448 2043 μέντοι
3479 1961 3806 2047 πικρότερον
3847 1977 4018 2046 χολῆς

2435 2067 2715 2136 εὑρήσεις,
2757 2063 2851 2116 καὶ
2902 2065 3244 2136 ἠκονημένον
3287 2067 3488 2137 μᾶλλον
3531 2067 3806 2138 μαχαίρας
3831 2070 4022 2122 διστό-

2480 2175 2562 2211 Ου.
2597 2176 2616 2207 Ι

2480 2175 2562 2211 ου.
2597 2176 2616 2207 ι

2438 2175 2477 2228 μ
2511 2268 2530 2300 ι
2569 2249 2712 2318 Γυνὴ
2753 2247 2942 2318 τιμίας
2978 2247 3159 2318 ψυχὰς
3189 2247 3399 2318 ἀνδρῶν
3429 2249 3678 2320 ἀγρεύει.
3710 2282 3779 2292 -
3810 2251 4017 2319 396-ch

2437 2340 2681 2411 ἀτιμίας,
2706 2339 2845 2410 γυνὴ
2874 2339 3115 2409 μισοῦσα
3141 2340 3347 2394 δίκαια.
3380 2359 3398 2390 ι

2511 2539 2530 2573 ι
2561 2521 2680 2587 Υἱὲ,
2716 2520 2961 2590 φύλασσε
2990 2519 3128 2590 ἐμὰς
3150 2516 3391 2581 ἐντολὰς,
3425 2518 3519 2570 καὶ
3560 2515 3798 2586 βιώσεις.
3834 2517 3920 2571 ἵνα
3954 2535 4016 2569 σε

2435 2615 2650 2686 τηρήσῃ
2680 2613 2792 2667 ἀπὸ
2821 2611 3084 2681 γυναικὸς
3111 2609 3401 2680 ἀλλοτρίας
3435 2609 3530 2663 κα)⁸
3579 2611 3841 2677 πονηρᾶς.
3872 2610 4020 2662 Ἀπὸ

2435 2706 2545 2775 γὰρ
2575 2704 2792 2775 θυρίδος
2842 2706 2909 2755 ὲκ
2947 2701 3042 2755 τοῦ
3079 2701 3230 2754 οἴκου
3270 2700 3443 2769 αὐτῆς
3488 2699 3567 2763 εἰς
3593 2700 3691 2763 τὰς
3745 2699 4017 2761 πλατείας

2438 2795 2905 2868 παρακύπτουσα,
2949 2794 3009 2847 ὃν
3062 2792 3130 2848 ἀν
3179 2793 3264 2864 ἴδῃ
3318 2793 3429 2844 τῶν
3481 2791 3734 2863 ἀφρόνων
3799 2792 4017 2844 τέκνοιν

2437 2890 2659 2944 νεανίαν
2696 2888 2849 2959 ἐνδεῆ
2897 2886 3113 2958 φρενῶν
3158 2885 3678 2957 παραπορευόμενον
3725 2887 3781 2937 ὲν
3811 2885 4019 2956 γωνίᾳ,

2437 2985 2496 3037 ὲν
2541 2982 2737 3045 διόδοις
2787 2981 2955 3035 οἴκων
2993 2979 3167 3048 αὐτῆς
3191 3016 3208 3042 ,
3262 2979 3356 3032 καὶ
3385 2976 3653 3031 λαλοῦντα
3714 2978 3771 3030 ἐν
3826 2976 4020 3030 σκότει

2437 3074 2736 3146 ἐσπερινῷ,
2765 3075 2931 3144 ἡνίκα
2959 3073 3026 3126 ἂν
3119 3070 3321 3141 ἡσυχία
3346 3069 3638 3139 νυκτερινὴ
3671 3068 3764 3121 καὶ
3796 3067 4019 3135 γνοφώ-

2437 3169 2534 3238 δης
2554 3183 2568 3196 ·
2593 3170 2626 3236 ὴ
2655 3166 2714 3218 δὲ
2740 3165 2880 3234 γυνὴ
2906 3163 3141 3232 συναντᾷ
3169 3160 3318 3232 αὐτῷ
3340 3158 3478 3224 εἶδος
3505 3161 3705 3230 ἔχουσα
3731 3159 4019 3229 πορνικὸν,

2437 3261 2470 3328 ἥ
2503 3261 2648 3311 ποιεῖ
2692 3257 2829 3309 νέων
2880 3255 3206 3319 ἐξίπτασθαι
3259 3253 3513 3323 καρδίας.
3553 3251 4019 3322 Ἀνεπτερωμένη

2435 3351 2585 3402 ἐστὶν
2619 3347 2847 3409 ἀσώτως
2866 3363 2880 3376 ο
2907 3349 2968 3399 ὲν
2993 3345 3130 3414 οῐκῳ
3158 3344 3216 3397 δὲ
3246 3344 3345 3413 οὐχ
3384 3343 3750 3414 ἡσυχάζουσιν
3772 3343 3821 3394 οἱ
3853 3343 4022 3397 πόδες

2434 3440 2624 3510 αὐτῆς.
2655 3439 2862 3510 Χρόνον
2908 3437 3017 3506 γάρ
3049 3452 3173 3488 τινα
3198 3433 3304 3499 ἔξω
3338 3433 3625 3505 ῥέμϐεται,
3658 3433 3837 3502 χρόνῳ
3875 3432 3930 3484 δὲ
3961 3437 4022 3484 ἑν

2437 3531 2719 3594 πλατείαις
2763 3530 2917 3600 παρά
2951 3530 3133 3582 πᾶσαν
3172 3528 3378 3595 γωνίαν
3408 3526 3696 3596 ὲνεδρεύει.
3729 3521 3865 3578 Εἶτα
3892 3527 4021 3577 επι-

2434 3623 2712 3692 λαϐομένη
2741 3620 3000 3691 ἐφίλησεν
3025 3617 3212 3682 αὐτὸν,
3231 3617 3440 3671 ἀναιδεῖ
3459 3617 3516 3669 δὲ
3540 3617 3817 3687 προσώπῳ
3845 3633 4024 3687 7:90:-

2435 3718 2588 3768 εἶπεν
2616 3711 2763 3780 αὐτῷ
2784 3729 2800 3742 ο
2835 3710 3010 3763 Θυσία
3034 3707 3286 3779 εἰρηνική
3313 3706 3401 3776 μοί
3434 3708 3572 3768 ἐστι,
3609 3708 3848 3775 σήμερον
3875 3711 4018 3758 απο-

2434 3807 2629 3874 δίδωμι
2667 3804 2766 3866 τὰς
2805 3800 2969 3871 εὑχάς
3012 3816 3136 3868 μου.
3180 3799 3383 3852 Ἕνεκα
3412 3796 3603 3850 τούτου
3657 3796 3884 3866 ἐξῆλθον
3935 3801 4018 3859 εἰς

2437 3893 2766 3964 συνάντησίν
2811 3908 2917 3952 σοι,
2951 3886 3192 3942 ποθοῦσα
3237 3885 3299 3938 τὸ
3334 3885 3630 3957 πρόσωπόν
3666 3902 3758 3937 σου
3797 3885 4020 3956 εὕρηκά

2436 4003 2526 4039 σε·
2560 3986 2798 4056 κειρίαις
2825 3981 3030 4034 τέτακα
3056 3980 3154 4049 τὴν
3198 3977 3386 4046 κλίνην
3423 3993 3550 4046 μου,
3585 3976 3925 4045 ἀμφιτάποις
3958 3975 4018 4028 δὲ

2436 4078 2692 4150 ἐστρωκα
2730 4077 2844 4136 τοῖς
2867 4074 2960 4127 ἀπ’
2991 4071 3270 4138 Αἰγύπτου
3292 4087 3306 4100 ο
3336 4069 3636 4139 διέρραγκα
3683 4067 3782 4137 τὴν
3822 4069 4018 4137 κοίτην

2441 4189 2545 4242 μου
2577 4169 2783 4239 κρόκῳ,
2825 4166 2918 4219 τὸν
2967 4164 3026 4217 δὲ
3058 4158 3207 4216 οἶκόν
3243 4178 3346 4232 μου
3391 4159 3753 4231 κινναμώμῳ.
3824 4160 4014 4224 Ἐλθὲ,

2435 4266 2532 4317 καὶ
2575 4259 2975 4329 ἀπολαύσωμεν
3024 4255 3210 4324 φιλίας
3270 4253 3378 4317 ἕως
3425 4251 3648 4324 ὄρθρου.
3692 4251 3866 4322 Δεῦρο
3917 4254 4017 4306 καὶ

2437 4349 2850 4420 ὲγκυλισθῶμεν
2886 4347 3074 4417 ἔρωτι.
3111 4347 3187 4400 Οὐ
3213 4345 3323 4416 γὰρ
3359 4345 3625 4416 πάρεστιν
3668 4347 3874 4416 όοάνήρ
3907 4365 4014 4416 μου

2439 4447 2497 4498 ὲν
2525 4445 2659 4513 οίκῳ
2680 4458 2693 4472 ⁸
2724 4441 3062 4511 πεπόρευται
3092 4438 3194 4508 ὁδῷ
3223 4439 3428 4508 μακρᾷ,
3454 4437 3712 4506 ἐνδεσμον
3741 4439 4013 4508 ἀργυρίου

765 4553 824 4606 in
861 4561 1025 4603 manu
1055 4559 1153 4598 sua
1199 4560 1213 4596 :
1253 4547 1380 4610 post
1425 4537 1546 4592 dies
1591 4535 1799 4590 multos
1849 4530 2051 4588 redibit
2108 4529 2331 4582 domum

2439 4531 2620 4586 λαϐὼν
2650 4533 2707 4584 ὲν
2729 4534 2796 4602 τῇ
2839 4531 2982 4600 χειρὶ
3011 4528 3202 4591 αὑτοῦ,
3246 4529 3314 4580 δι’
3349 4528 3572 4600 ἡμερῶν
3602 4527 3812 4580 πολλῶν
3843 4531 4014 4581 ἐπαν-

765 4658 947 4701 suam.
982 4635 1216 4692 Seduxit
1245 4646 1370 4688 eum
1408 4628 1580 4682 multo
1611 4623 1912 4693 colloquio,
1940 4628 1994 4676 et
2019 4620 2229 4675 retibus
2251 4618 2332 4671 la-

767 4739 985 4792 biorum
1036 4725 1306 4800 pertraxit
1349 4723 1526 4776 illum.
1581 4718 1682 4772 llic
1720 4724 1904 4771 autem
1960 4714 2335 4768 circumactus

767 4835 998 4885 secutus
1024 4831 1134 4876 est.
1168 4817 1327 4872 Sicut
1355 4815 1454 4869 bos
1487 4811 1557 4865 ad
1589 4810 1866 4864 victimam
1899 4806 2138 4868 ducitur,
2175 4811 2229 4858 et
2261 4801 2338 4858 si-

767 4925 867 4973 cut
891 4913 1050 4968 canis
1074 4909 1141 4964 ad
1164 4906 1468 4967 vinculum,
1491 4909 1586 4955 aut
1616 4901 1763 4955 sicut
1795 4913 1992 4952 cervus
2017 4897 2336 4950 vulneratus

769 5009 827 5062 in
878 5005 1087 5073 iecore,
1121 5003 1381 5068 properat
1430 4992 1593 5049 velut
1638 4989 1757 5044 avis
1797 4987 1866 5041 ad
1918 4987 2336 5056 laqueum,'ne-

772 5099 955 5156 sciens
989 5093 1117 5164 quia
1161 5104 1264 5160 pro
1302 5086 1487 5140 anima
1525 5083 1726 5137 currit.
1769 5079 1972 5133 Multos
2001 5076 2340 5131 vulnerando

773 5185 995 5256 deiecit,
1029 5175 1463 5236 innumerabiles
1503 5181 1636 5228 sunt
1673 5185 1816 5241 quos
1869 5167 2191 5222 trucidavit.
2228 5165 2340 5219 Vite

776 5281 1082 5334 inferorum
1131 5270 1330 5325 domus
1379 5266 1521 5336 ejus,
1573 5264 1909 5318 deducentes
1943 5262 1996 5314 in
2041 5259 2340 5330 penetralia

777 5369 994 5425 mortis.
1028 5384 1049 5417 ι

852 5460 1010 5514 Prov.
1039 5473 1122 5520 XI,
1148 5455 1240 5508 22.
1267 5481 1335 5493 ——
1363 5471 1381 5503 ι
1407 5449 1570 5504 Velut
1612 5449 1831 5502 inauris
1857 5447 1913 5500 in
1950 5445 2176 5498 naribus
2202 5444 2338 5508 suis,

779 5551 860 5608 sic
893 5547 1113 5603 mulieri
1147 5557 1409 5615 perverso
1442 5540 1626 5594 animo
1655 5535 2033 5607 pulchritudo.
2073 5554 2091 5584 ι

855 5641 1017 5694 Prov.
1040 5654 1116 5698 ix.
1148 5638 1235 5690 15.
1271 5664 1336 5673 -
1381 5653 1398 5683 ‹
1433 5631 1631 5685 Mulier
1665 5630 1830 5683 stulta
1870 5639 1924 5682 et
1964 5642 2187 5695 procax,
2223 5626 2344 5679 cibo

788 5736 1040 5804 indigens
1059 5731 1310 5797 cﬁicitur,
1360 5742 1480 5799 quae
1514 5740 1614 5780 nec
1655 5727 1808 5779 novit
1864 5723 2153 5793 pudorem.
2193 5719 2347 5776 Sedit

791 5829 848 5883 in
883 5824 1099 5882 foribus
1125 5823 1323 5879 domus
1359 5835 1473 5878 sua:
1503 5831 1670 5888 super
1699 5815 1913 5880 sellam,
1949 5814 2125 5883 palam
2156 5814 2207 5866 in
2233 5813 2346 5882 pla-

2437 4625 2557 4698 ήξει
2579 4626 2661 4688 εἰς
2680 4623 2770 4678 τὸν
2795 4617 2945 4675 οἷκον
2972 4619 3545 4691 αὑτοῦ.Ἀπεπλάνησε
3575 4621 3629 4672 δὲ
3651 4621 3813 4672 αὐτόν
3839 4621 4013 4691 πολλῇ

2435 4716 2645 4788 ὁμιλίᾳ,
2684 4715 2902 4786 βρόχοις
2925 4714 2984 4766 δὲ
3010 4715 3121 4776 τοῖς
3143 4712 3251 4766 ἀπὸ
3273 4710 3499 4781 χειλέων
3521 4711 3805 4774 ἐξώκειλεν
3827 4714 4010 4768 αὐτόν.

2449 4810 2507 4863 Ὀ
2539 4808 2598 4860 δὲ
2641 4805 3049 4875 ἐπηκολούθησε
3093 4802 3428 4872 κεπφωθεὶς,
3457 4803 3554 4856 καὶ
3580 4803 3766 4871 ὥσπερ
3795 4803 3853 4856 δὲ
3885 4804 4014 4873 βοῦς

2438 4902 2532 4954 ἐπὶ
2564 4899 2784 4969 σφαγὴν
2820 4898 3036 4966 ἄγεται,
3069 4896 3163 4948 καὶ
3194 4895 3382 4965 ὥσπερ
3414 4895 3566 4947 ,κύων
3609 4896 3698 4948 ἐπὶ
3728 4896 3948 4962 δεσμὸν,
3980 4899 4011 4965 ἦ

2439 4989 2514 5051 ὡς
2544 4989 2742 5056 ἔλαφος
2773 4984 3068 5056 πεπληγὼς
3096 4987 3174 5047 εἰς
3201 4985 3261 5036 τὸ
3283 4980 3458 5054 ἧπαρ,
3488 4984 3702 5036 σπεύδει
3738 4986 3790 5038 δὲ
3820 4987 4013 5055 ῶσπῖρ

2441 5081 2627 5151 ὄρνεον
2655 5081 2734 5143 είς
2763 5079 2987 5147 παγίδα,
3020 5078 3116 5130 οὐκ
3152 5076 3306 5137 εἰδὼς
3330 5076 3414 5128 ὅτι
3441 5077 3566 5145 περὶ
3600 5077 3776 5146 ψυχῆς
3801 5081 4007 5150 τρέχει.

2446 5171 2683 5234 Πολλοὺς
2731 5169 2989 5242 τρώσασα
3040 5165 3457 5237 καταϐέϐληκε,
3503 5167 3595 5219 καὶ
3651 5168 4014 5238 ἀναρίθμητοί

2443 5267 2581 5316 εἰσιν
2609 5263 2702 5325 οὓς
2729 5262 3081 5329 πεφόνευκεν.
3100 5259 3239 5313 Ὀδοὶ
3269 5258 3396 5330 ᾅδου
3423 5261 3451 5311 ὁ
3483 5259 3628 5321 οἶκος
3658 5260 3851 5328 αὐτῆς,
3884 5279 4015 5314 κατ-

2443 5353 2675 5421 άγουσαι
2699 5352 2778 5414 εἰς
2808 5351 3008 5420 ταμεῖα
3040 5348 3291 5402 θανάτου.
3323 5365 3340 5397 ι

2520 5463 2538 5493 ‹
2567 5443 2779 5512 Ὥσπερ
2814 5441 3031 5494 ἐνώτιον
3055 5443 3112 5492 ὲν
3143 5439 3254 5510 ῥινὶ
3285 5438 3396 5503 ὑὸς,
3428 5436 3600 5499 οὕτως
3652 5439 3878 5504 γυναικὶ
3916 5457 4013 5490 κιο

2445 5536 2669 5605 κόςρρονι
2695 5533 2909 5595 κάλλος.
2943 5552 2960 5582 ι

2523 5648 2540 5676 ι
2571 5626 2712 5697 Γυνὴ
2742 5627 2930 5696 ἄφρων
2956 5623 3051 5678 καὶ
3084 5621 3332 5694 θρασεία,
3363 5619 3543 5690 ἐνδεὴς
3563 5619 3755 5688 ψωμοῦ
3779 5622 4010 5687 γίνεται,

2448 5720 2480 5787 ἢ
2517 5722 2617 5771 οὐκ
2644 5720 2928 5771 ἐπίσταται
2958 5715 3236 5785 αἰσχύνην.
3275 5714 3556 5767 Ἐκάθισεν
3584 5715 3891 5782 ante-391:;
3921 5715 4010 5768 τοῦ

2451 5811 2647 5880 ἑαυτῆς
2693 5810 2875 5873 οἴκου,
2939 5810 3031 5862 ἐπὶ
3068 5807 3260 5878 δίφρου
3312 5805 3569 5875 ἐμφανῶς
3618 5808 3675 5860 ἐν
3722 5808 4009 5870 πλατείαις
