4210 6448
176 403 306 469 1321

1426 411 1662 471 SACRA
1695 411 2152 476 PARALLELA.

3260 418 3395 484 1322

170 515 631 587 προσκαλουμένη
667 516 792 579 τοὺς
846 513 1138 586 παριόντας
1174 516 1267 568 καὶ
1313 516 1736 577 κατευθύνοντας
1765 519 1811 575 Α

1732 519 1811 575 :A
1840 517 1941 574 teis
1983 535 2189 576 vocans
2243 528 2613 593 transeuntes,
2655 529 2710 578 et
2757 531 2908 579 recta
2944 524 3062 581 vias
3101 540 3232 582 suas
3274 543 3394 598 per-

167 607 226 658 ὲν
261 609 389 670 ταῖς
421 606 563 671 ὁδοῖς
593 606 793 660 αὐτῶν.
822 605 924 670 ’ος
955 608 1102 660 ἐστιν
1132 606 1286 677 ὑμῶν
1311 608 1733 679 ἀφρονέστατος,

167 697 482 750 ἐκκλινάτω
516 697 652 768 πρός
688 715 776 769 με,
819 697 1004 767 ἐνδεὴς
1037 697 1092 750 δὲ
1120 699 1453 770 φρονήσεως,
1492 716 1737 770 παρακε-

163 785 422 855 λεύομαι,
468 788 732 856 λέγουσαο
767 788 982 857 Ἀρτων
1013 789 1261 859 κρυφίων
1295 788 1464 858 ἡδέως
1504 786 1735 857 ἆψασθε,

163 878 260 931 καὶ
292 878 494 943 ὓδατος
520 880 727 951 κλοπῆς
751 878 1020 948 γλυκεροῦ
1050 878 1262 934 πίεσθε.
1293 880 1351 933 '0
1384 881 1442 933 δὲ
1469 880 1569 934 οὐκ
1597 874 1737 933 οἶδεν

161 971 247 1023 ὅτι
283 976 550 1042 γηγενεῖς
583 975 714 1044 παρ’
743 973 880 1042 αὐτῇ
911 972 1178 1038 ὀλοῦνται,
1214 972 1310 1026 καὶ
1355 973 1436 1037 εἰς
1467 973 1738 1042 πέταυρον

162 1061 294 1132 ᾅδου
327 1066 594 1133 συναντᾷ.
629 1083 648 1115 ι

239 1175 259 1207 ι
299 1155 519 1228 Ὠσπερ
544 1156 761 1226 σκώληξ
788 1157 845 1209 ἐν
891 1156 1058 1229 ξύλῳ,
1081 1154 1254 1219 οὕτως
1283 1155 1450 1226 ἄνδρα
1476 1155 1736 1211 ἀπόλλυσι

160 1251 303 1320 γυνὴ
341 1252 667 1316 κακοποιός.
703 1271 723 1304 ›

238 1361 258 1396 ‹
307 1343 367 1396 Ὁ
393 1343 645 1414 κατέχων
678 1343 980 1414 μοιχαλίδα,
1009 1345 1199 1416 ἄφρων
1229 1359 1323 1398 και
1352 1345 1578 1418 ἀσεϐής.
1608 1365 1626 1397 ι

235 1543 256 1576 ι
277 1525 558 1594 Κρεῖσσον
584 1526 752 1577 οἰκεῖν
779 1525 838 1578 ἐν
875 1525 1088 1596 ἐρήμῳ,
1124 1524 1156 1596 ἢ
1190 1525 1327 1596 μετά
1356 1527 1616 1597 γυναικὸς
1641 1544 1739 1597 μα-

157 1616 322 1686 χίμου
356 1619 456 1670 καὶ
484 1616 834 1686 γλωσσὼδους
859 1621 953 1670 καὶ
983 1617 1223 1688 ὀργίλου.
1258 1638 1276 1670 ι

234 1823 254 1857 ε
292 1804 570 1873 Σταγόνες
594 1803 950 1858 ὲκὸάλλουσιν
975 1805 1260 1876 ἄνθρωπον
1295 1807 1354 1858 ἐν
1393 1806 1572 1878 ἡμέρᾳ
1622 1825 1733 1878 χει·
1767 1855 1808 1911 Β

159 1892 366 1965 μερινῇ¹
383 1897 452 1948 ὲκ
479 1895 572 1948 τοῦ
596 1893 746 1948 οίκου
778 1893 967 1959 αὑτοῦ,
991 1896 1256 1958 ὡσαύτως
1282 1899 1372 1950 καὶ
1396 1899 1532 1968 γυνὴ
1565 1898 1732 1951 λοίδο·

159 2002 254 2055 ρος
291 1989 358 2040 ὲκ
379 1986 479 2039 τοῦ
511 1987 638 2039 ίδίου
671 1988 821 2040 οἴκου
853 1988 1020 2056 ἄνδρα
1045 1987 1319 2042 ἐκϐάλλει.
1357 2008 1374 2039 ι

233 2098 252 2129 ι
280 2079 423 2131 ’Δπὺ
448 2080 547 2150 τῆς
584 2080 872 2148 συγκοίτου
905 2096 998 2132 σου
1035 2079 1288 2150 φύλαξαι,
1321 2082 1413 2136 τοῦ
1437 2081 1729 2136 ἀναθέσθαι

122 2216 126 2220 .
155 2171 296 2241 αὐτῇ
325 2189 381 2224 τι
408 2175 606 2226 ποιεῖν.
638 2191 658 2223 ι

232 2286 250 2318 ‹
283 2269 380 2338 Μὴ
423 2267 531 2338 δῷς
571 2268 793 2337 γυναικὶ
844 2269 943 2341 τὴν
991 2270 1170 2342 ψυχήν
1220 2286 1337 2334 σου,
1397 2271 1470 2343 μὴ
1518 2273 1727 2326 ὑπάντα

154 2361 571 2433 ὲταιριξομένῃ.
603 2363 760 2416 Μετά
791 2362 1096 2435 ψαλλούσης
1121 2364 1194 2435 μὴ
1225 2363 1542 2435 ἐνδελέχιζε.
1576 2367 1726 2435 Ιῐαρ-

155 2452 312 2506 θένον
351 2455 428 2525 μὴ
477 2456 885 2526 καταμάνθανε.
915 2457 1006 2527 Μὴ
1054 2457 1160 2526 δῷς
1191 2458 1364 2531 πόρνῃ
1411 2459 1508 2527 τὴν
1546 2459 1727 2528 ψυχήν

158 2562 275 2600 σου.
310 2547 691 2620 Ἀπόστρεψον
732 2550 826 2602 τὸν
858 2549 1137 2619 ὀφθαλμόν
1172 2568 1265 2603 σου
1305 2551 1412 2604 ἀπὸ
1460 2552 1722 2618 γυναικὸς

156 2637 462 2709 εὐμόρφου.
509 2641 662 2694 Μετά
708 2640 981 2712 ὐπάνδρου
1020 2642 1276 2711 γυναικὸς
1321 2643 1396 2712 μὴ
1444 2642 1613 2696 κάθου
1656 2626 1724 2696 ’τὸ

158 2727 405 2784 σύνολον.
437 2731 527 2783 Ἐν
551 2731 737 2784 κάλλει
762 2732 873 2802 γὰρ
904 2733 1164 2800 γυναικὸς
1193 2733 1381 2787 πολλοὶ
1413 2733 1722 2805 ἐπλανήθη-

156 2836 276 2875 σαν.
309 2840 330 2874 »
1035 2839 1039 2844 ’

231 2933 250 2966 ι
289 2909 454 2979 Οἷνος
482 2917 575 2970 καὶ
603 2919 860 2985 γυναῖκες
883 2917 1256 2988 ἀποστήσουσι
1287 2919 1559 2982 συνετούς.
1593 2902 1621 2970 ι’

228 3118 246 3150 ι
285 3100 510 3171 Πατέρα
548 3101 642 3154 καὶ
688 3101 856 3172 ἄνδρα
901 3102 1311 3175 καταισχύνειὴ
1349 3103 1598 3176 θρασεῖα,
1632 3105 1723 3158 καὶ

153 3190 256 3244 ὑπὸ
291 3193 626 3263 ἀμφοτέρων
656 3194 1113 3265 ἀτιμασθήσεται.
1146 3214 1163 3246 ι

229 3305 246 3338 ι
277 3288 422 3358 Γυνὴ
466 3288 846 3343 καταλιποῦσα
892 3291 984 3343 τὸν
1027 3291 1215 3359 ἄνδρα,
1256 3290 1351 3344 καί⁸
1406 3290 1726 3360 παριστῶσα

153 3378 495 3449 κληρονόμον
526 3379 583 3445 ἐξ
605 3380 920 3451 ἀλλοτρίων,
954 3380 1168 3452 πρῶτον
1196 3383 1254 3434 ὲν
1294 3381 1443 3451 νόμῳ
1472 3381 1724 3451 Ὑψίστου

159 3471 451 3543 ὴπείθησε,
485 3475 576 3527 καὶ
620 3473 872 3544 δεύτερον
899 3477 979 3538 είς
1027 3474 1195 3546 ἄνδρα
1227 3475 1393 3545 αὐτῆς
1437 3475 1725 3547 ἐπλημμέ-

154 3562 339 3633 λησεν,
371 3566 465 3617 καὶ
495 3565 556 3617 τὸ
587 3567 770 3634 τρίτον
806 3567 864 3618 ὲν
906 3561 1134 3637 πορνείᾳ
1173 3566 1486 3638 ἐμοιχεύθη,
1526 3569 1620 3622 καὶ
1665 3568 1724 3633 ἐξ

153 3653 436 3724 ἀλλοτρίου
469 3656 660 3725 ἀνδρὸς
709 3657 874 3710 τέκνα
904 3658 1270 3728 παρέστησεν.
1326 3656 1474 3728 Αὕτη
1523 3660 1602 3721 εἰς
1629 3660 1723 3711 ὲκ-

158 3744 388 3815 κλησίαν
417 3747 774 3818 ὲξαχθήσεται
791 3762 804 3776 ·
837 3747 896 3800 οὐ
918 3748 1241 3801 διαδώσουσι
1267 3749 1335 3802 τὰ
1361 3750 1528 3803 τέκνα
1552 3751 1724 3820 αὐτῆς

160 3837 337 3906 ῥίζαν,
398 3841 492 3894 καὶ
543 3841 593 3894 οἱ
643 3839 825 3896 κλάδοι
862 3841 1034 3911 αὐτῆς
1079 3841 1178 3895 οὐκ
1225 3843 1428 3897 οἴσουσι
1474 3845 1719 3914 καρπόνο

151 3928 467 3999 καταλείψει
498 3931 578 3991 είς
606 3931 853 4002 κατάραν
893 3931 955 3985 τὸ
988 3931 1336 4003 μνημόσυνον
1365 3932 1554 4003 αὐτῆς.
1590 3951 1608 3984 ι

222 4037 242 4072 ι
270 4021 363 4093 Μὴ
395 4021 500 4092 δῷς
550 4021 701 4076 ὕδατι
747 4021 1002 4088 διέξοδον,
1059 4022 1193 4094 μηδὲ
1235 4023 1456 4092 γυναικὶ
1505 4025 1716 4096 πονηρᾷ

150 4107 354 4165 ἄνεσιν.
386 4113 448 4165 ει
488 4113 561 4183 μὴ
598 4114 890 4184 πορεύεται
945 4115 1088 4170 κατά
1111 4115 1269 4186 χεῖρά
1303 4131 1419 4179 σου,
1463 4115 1571 4171 ἀπὸ
1607 4116 1714 4172 τῶν

149 4201 367 4274 σαρκῶν
397 4219 489 4257 σου
518 4204 758 4273 ἀπότεμε
809 4204 997 4274 αὑτήν.
1037 4204 1357 4275 Συνοικῆσαι
1388 4205 1583 4273 λέοντι,
1623 4208 1716 4261 καὶ

147 4291 395 4363 δράκοντι
447 4293 751 4366 εὐδόκησαι,
819 4294 852 4363 ἢ
909 4294 1225 4364 συνοικῆσαι
1286 4296 1426 4366 μετά
1462 4297 1716 4365 γυναικὸς

145 4387 407 4457 πονηρᾶς.
453 4385 640 4456 Μικρά
695 4387 844 4440 πᾶσα
893 4386 1059 4440 κακία
1103 4387 1238 4456 πρὸς
1286 4387 1482 4442 κακίαν
1524 4405 1712 4458 γυναι-

147 4477 268 4540 κός·
316 4477 513 4549 κλῆρος
553 4477 874 4549 ἀμαρτωλοῦ
924 4479 1177 4532 ἐπιπεσεῖ
1207 4477 1292 4531 ἐπ’
1331 4479 1524 4550 αὑτήν.
1556 4479 1709 4534 Ἀνά-

148 4537 302 4632 ϐασις
670 4537 729 4624 έν
782 4571 907 4624 ποσὶ
936 4569 1346 4642 πρεσϐυτέρου,
1399 4537 1542 4628 οὕτω
1573 4572 1706 4644 γυνὴ
1739 4537 1783 4594 D

145 4660 468 4732 γλωσσώδης
537 4664 688 4735 ἀνδρὶ
765 4663 972 4735 ἡσύχῳ.
1042 4663 1174 4716 Ἀπὸ
1235 4663 1492 4732 γυναικὸς
1565 4666 1704 4735 ἀρχὴ

147 4753 436 4823 ἁμαρτίας,
493 4757 586 4808 καὶ
628 4754 694 4808 δι’
750 4755 922 4824 αὐτῆς
972 4754 1387 4824 ἀποθνήσκομεν
1429 4754 1647 4818 πάντες.
1683 4773 1701 4806 ι

153 4843 289 4913 (Μὴ
322 4843 425 4914 δῷς
457 4845 677 4911 γυναικὶ
705 4846 914 4916 πονηρᾷ
940 4846 1270 4918 παρρησίαν.
1306 4861 1326 4896 ι

219 5044 238 5077 ‹
286 5028 451 5098 Ὀργὴ
497 5029 702 5100 μεγάλη
737 5029 872 5100 γυνὴ
912 5031 1165 5100 μέθυσος.
1192 5030 1424 5102 Πορνεία
1451 5031 1706 5099 γυναικὸς

151 5115 206 5168 ἐν
235 5119 532 5189 μετεώροις
571 5121 887 5191 ὀφθαλμῶν,
929 5125 1023 5176 καὶ
1053 5125 1111 5176 ὲν
1148 5127 1260 5187 τοῖς
1293 5124 1581 5194 βλεφάροις
1611 5123 1707 5174 αὑ-

152 5212 246 5281 τῆς
277 5216 673 5284 γνωσθήσεται.
710 5235 728 5267 ι

221 5326 237 5354 ε
267 5306 550 5375 Κρείσσων
582 5307 817 5378 πονηρία
857 5310 1073 5381 ἀνδρὸς,
1117 5311 1149 5381 ἢ
1181 5310 1501 5378 ἀγαθοποιὸς
1542 5307 1700 5378 γυνή.

161 5393 279 5448 Ἐπὶ
301 5402 523 5468 γυναικὶ
556 5405 772 5473 πονηρᾷ⁴
800 5404 960 5456 καλὸν
988 5406 1240 5475 σφραγίς.
1276 5423 1294 5456 ι

239 5585 628 5656 Αμαρτήματα
658 5588 954 5654 γυναικῶν,
990 5590 1199 5660 ἀνδρῶν
1232 5591 1579 5644 ἀπαιδευσία.

207 5776 346 5846 Γυνὴ
378 5776 752 5846 φιλόπλουτος,
779 5777 1100 5830 συνοικοῦσα
1130 5777 1282 5850 ἀνδρὶ
1311 5778 1595 5848 ὁμόφρονι,
1623 5778 1703 5829 δικ

142 5869 359 5930 πλάσιος
384 5872 560 5935 νόσος.
593 5873 706 5936 Τάς
739 5889 798 5924 τε
824 5869 954 5926 -γάο
998 5869 1209 5940 τρυφὰς
1255 5870 1541 5939 ἁναφλὲνει
1601 5868 1692 5923 καὶ

457 5973 725 6034 Parnm.
769 5979 855 6035 GP
926 5971 1101 6031 XCV.

1840 620 2082 678 agentes.
2112 611 2214 680 Qui
2243 612 2630 671 insanissimus
2653 622 2738 670 est
2760 611 3297 684 vestrum-declinet
3327 620 3395 674 ad

1839 715 1945 764 me,
1993 711 2087 756 aut
2135 702 2385 774 indigens
2433 719 2627 774 sensu,
2678 720 2802 761 eum
2850 706 3045 776 invito,
3075 708 3336 781 inquiens
3379 727 3394 762 :

1837 789 2012 846 Panes
2041 793 2391 850 absconditos
2410 802 2645 861 gustate,
2678 804 2733 850 et
2762 810 2934 866 aquas
2951 796 3183 855 furtivas
3205 799 3398 855 dulces

1837 882 2027 938 bibite.
2069 882 2171 938 Hic
2197 900 2323 940 vero
2354 886 2574 956 ignorat
2612 886 2762 960 quod
2802 888 3053 959 gigantes
3088 892 3235 961 apud
3274 907 3396 947 eam

1838 976 2112 1044 peribunt,
2138 986 2192 1032 et
2214 977 2269 1032 in
2300 979 2565 1049 perticam
2589 981 2786 1036 inferni
2819 985 3086 1041 occurrit.
3127 1004 3146 1036 ι

1909 1159 2072 1214 Prov.
2124 1177 2250 1224 xxv,
2295 1164 2480 1216 20.—
2516 1182 2536 1215 ι
2575 1162 2730 1219 Sicut
2767 1167 2968 1223 vermis
3009 1167 3066 1222 in
3097 1169 3273 1240 ligno,
3314 1173 3396 1228 sic

1837 1249 2017 1304 virum
2056 1251 2234 1321 perdit
2260 1253 2458 1307 mulier
2483 1256 2646 1309 mala.
2677 1275 2696 1307 ι

1908 1342 2067 1398 Prov.
2096 1360 2250 1410 xvm,
2274 1345 2364 1400 22.
2387 1377 2454 1388 —
2475 1364 2494 1398 ι
2526 1346 2627 1414 Qui
2655 1358 2804 1404 tenet
2833 1349 3139 1408 adulteram
3158 1393 3174 1420 ,
3198 1357 3397 1414 stultus

1838 1443 1922 1491 est
1948 1445 2003 1491 et
2029 1437 2250 1507 impius.
2299 1457 2318 1489 ι

1909 1527 2073 1583 Prov.
2104 1545 2217 1598 ιιι,
2246 1529 2335 1585 l9.
2369 1561 2434 1569 -—
2478 1549 2495 1583 ι
2529 1531 2726 1588 Melius
2777 1543 2862 1590 est
2907 1537 3156 1594 habitare
3206 1539 3262 1594 in
3299 1539 3397 1594 de-

1839 1627 2011 1682 serto,
2040 1634 2200 1689 quam
2235 1635 2359 1674 cum
2391 1621 2620 1677 muliere
2648 1623 2859 1692 rixosa,
2890 1626 3142 1698 linguosa
3199 1639 3256 1685 et
3286 1631 3397 1685 ira-

1839 1711 2040 1767 cunda.

1910 1803 2068 1860 Prov.
2105 1820 2278 1870 xxvn,
2305 1805 2389 1860 15.
2419 1834 2487 1845 ——
2522 1823 2541 1857 ι
2583 1803 2756 1860 Stillae
2784 1807 3014 1877 ejiciunt
3041 1808 3317 1867 hominem
3343 1813 3394 1868 in

1839 1898 1928 1954 die
1959 1897 2153 1953 hiemis
2182 1897 2250 1953 de
2282 1898 2444 1954 domo
2471 1914 2570 1955 sua
2597 1916 2611 1955 :
2641 1899 2723 1954 sic
2771 1915 2992 1971 quoque
3027 1905 3226 1961 mulier
3260 1922 3396 1961 con-

1832 1994 2034 2048 viciosa
2066 1995 2242 2048 virum
2277 1995 2441 2050 domo
2482 2008 2581 2049 sua
2613 1993 2781 2063 ejicit.
2819 2014 2838 2046 ι

1900 2085 2065 2139 ΜὶεΙι.
2089 2101 2180 2151 vn,
2206 2087 2260 2142 5.
2288 2117 2358 2128 —
2388 2104 2407 2138 ι
2439 2087 2521 2141 Ab
2553 2102 2616 2142 ea
2647 2102 2768 2158 quae
2791 2088 2960 2143 cubat
2991 2095 3197 2158 tecum,
3239 2105 3379 2148 cave

1831 2192 1899 2230 ne
1933 2178 1982 2230 ci
2025 2179 2325 2248 quidquam
2356 2176 2709 2234 commendes
2741 2189 2802 2232 ut
2831 2178 3018 2232 faciat.
3056 2199 3074 2232 ι

1898 2266 2062 2320 Eccli.
2105 2285 2181 2335 ιι,
2210 2269 2264 2322 2.
2292 2301 2359 2310 —-
2389 2287 2406 2319 ι
2443 2266 2521 2323 Ne
2549 2269 2646 2324 des
2686 2269 2898 2325 mulieri
2929 2271 3167 2324 animam
3223 2281 3392 2337 tuam,

1829 2374 1930 2413 nec
1953 2359 2168 2413 obviam
2211 2359 2478 2430 procedas
2503 2359 2805 2414 meretrici.
2835 2359 2970 2415 Cum
2999 2362 3304 2417 cantatrice
3327 2377 3395 2418 ne

1828 2450 1905 2505 sis
1930 2451 2209 2506 assiduus.
2254 2450 2537 2522 Virginem
2573 2466 2641 2505 ne
2688 2452 2977 2507 intuearis.
3036 2451 3114 2508 Ne
3147 2454 3247 2510 des
3278 2470 3392 2511 me-

1825 2542 2011 2598 retrici
2067 2543 2307 2597 animam
2366 2553 2542 2598 tuam.
2602 2543 2804 2599 Averte
2871 2544 3092 2600 oculum
3158 2553 3313 2600 tuum
3363 2561 3393 2602 a

1825 2638 2056 2691 muliere
2102 2636 2373 2705 speciosa.
2417 2634 2553 2689 Cum
2602 2635 2780 2690 aliena
2825 2636 3059 2692 muliere
3093 2653 3160 2693 ne
3195 2639 3392 2696 sedeas

1825 2727 2073 2781 omnino.
2110 2726 2339 2796 Propter
2383 2742 2617 2796 spectem
2658 2728 2912 2798 mulieris
2963 2730 3123 2783 multi
3176 2746 3398 2787 u'rave-

1825 2828 1974 2874 runt.
2011 2840 2029 2872 ι

1897 2911 2066 2966 Eccli.
2095 2927 2210 2966 ιιι.
2242 2912 2297 2965 2.
2328 2943 2394 2952 ——
2428 2931 2444 2961 ι
2479 2910 2678 2965 Vinum
2705 2921 2760 2967 et
2789 2913 3053 2971 mulieres
3079 2923 3398 2985 apostatare

1829 3004 2031 3061 facient
2069 3007 2368 3076 sapientes.
2414 3023 2433 3055 ι

1899 3097 2072 3151 Eccli.
2099 3114 2235 3163 ml,
2261 3099 2315 3153 5.
2357 3129 2425 3138 —
2467 3116 2485 3148 ι
2524 3095 2743 3154 Patrem
2786 3107 2841 3153 et
2885 3099 3064 3155 virum
3105 3102 3392 3158 confundit

1746 3187 1791 3250 C
1823 3204 2045 3261 procax,
2074 3198 2130 3245 et
2157 3191 2224 3244 ab
2254 3200 2488 3260 utroque
2510 3190 2810 3260 ignominia
2836 3191 3124 3248 aﬂicietur.
3164 3212 3183 3245 ι

1900 3278 2071 3337 Eccli.
2126 3296 2285 3345 mn,
2328 3280 2420 3336 22.
2452 3310 2522 3322 —-
2557 3299 2575 3332 ι
2611 3280 2817 3337 Mulier.
2857 3282 3176 3354 relinquens
3210 3286 3392 3342 virum

1829 3389 2015 3440 suum,
2054 3381 2109 3426 et
2148 3381 2399 3428 statuens
2449 3373 2721 3429 haeredem
2768 3388 2836 3429 ex
2882 3375 3097 3444 alienis,
3133 3378 3311 3448 primo
3337 3380 3393 3435 in

1826 3466 1947 3537 lege
1981 3465 2249 3521 Altissimi
2299 3464 2638 3520 incredibilis
2666 3465 2773 3520 fuit
2795 3485 2807 3496 ·
2861 3477 2916 3522 et
2951 3470 3195 3524 secundo
3226 3471 3278 3524 in
3311 3472 3393 3526 vi-

1824 3572 1948 3611 rum
1972 3572 2131 3611 suum
2163 3556 2434 3626 deliquit;
2467 3563 2522 3611 et
2544 3559 2708 3614 tertio
2733 3559 2788 3613 in
2822 3559 3093 3616 adulterio
3120 3559 3391 3618 fornicata

1823 3661 1928 3715 est,
1958 3659 2012 3705 et
2031 3665 2096 3704 ex
2130 3649 2240 3705 alio
2260 3650 2376 3704 viro
2403 3649 2543 3707 lilios
2566 3651 2835 3706 exhibuit.
2856 3649 2980 3706 llaec
3013 3653 3068 3707 in
3098 3655 3388 3710 ecclesiam

1823 3739 2111 3795 educetur.
2164 3739 2282 3794 Non
2335 3741 2545 3795 dabunt
2574 3739 2668 3794 lilii
2706 3742 2829 3811 ejus
2856 3744 3120 3810 radicem,
3160 3753 3214 3800 et
3251 3748 3388 3801 rami

1823 3834 1970 3889 illius
2000 3848 2114 3889 non
2158 3832 2337 3890 ferent
2374 3832 2637 3889 fructum.
2672 3831 3031 3908 Derelinquet
3064 3837 3118 3892 in
3156 3838 3387 3895 maledi-

1818 3931 1965 3976 ctum
1995 3920 2318 3976 memoriam
2356 3936 2534 3977 suam.
2584 3938 2604 3974 ι

1889 4011 2059 4069 Eccli.
2094 4029 2221 4079 ιιν,
2254 4011 2346 4077 54,
2369 4012 2458 4075 23.
2484 4012 2575 4083 26,
2604 4015 2693 4081 35,
2717 4014 2808 4074 25.
2835 4045 2906 4060 —
2952 4033 2973 4070 ι
3008 4014 3086 4073 Ne
3109 4015 3204 4074 des
3231 4031 3384 4089 aqua

1816 4105 2048 4172 exitum,
2081 4119 2182 4162 nec
2215 4105 2433 4163 mulieri
2460 4107 2722 4179 improbae
2749 4109 3160 4166 remissionem.
3191 4108 3248 4165 Si
3273 4124 3382 4166 non

1817 4193 2182 4250 ambulaverit
2215 4194 2280 4250 ad
2307 4210 2526 4252 manum
2555 4205 2726 4265 tuam,
2759 4197 2828 4253 de
2865 4198 3124 4255 carnibus
3155 4199 3265 4256 tuis
3286 4199 3381 4254 ab-

1815 4286 2005 4344 scinde
2036 4302 2176 4344 eam.
2220 4286 2563 4344 Commorari
2604 4303 2730 4346 cum
2770 4289 2927 4346 leone
2957 4288 3115 4362 ιιι
3153 4299 3207 4346 et
3247 4291 3377 4347 dra-

1814 4392 1956 4434 cone
1990 4376 2088 4433 tibi
2121 4377 2338 4449 placeat
2377 4377 2574 4450 magis,
2602 4394 2767 4451 quam
2811 4379 3061 4436 habitare
3091 4395 3214 4436 cum
3255 4396 3377 4436 mu-

1815 4469 1950 4525 liere
1969 4483 2226 4540 nequam.
2259 4468 2447 4526 Brevis
2477 4478 2564 4526 est
2601 4469 2780 4527 omnis
2814 4469 3022 4526 malitia
3050 4486 3177 4544 erga
3215 4473 3377 4528 mali-

1812 4563 1943 4617 tiam
1975 4562 2225 4624 mulieris
2255 4580 2270 4618 :
2299 4575 2419 4618 sors
2453 4563 2763 4633 peccatoris
2812 4563 2972 4619 cadet
3015 4578 3180 4635 super
3227 4579 3370 4620 eam.

1806 4653 2087 4710 Ascensus
2115 4667 2382 4710 arenosus
2407 4654 2463 4709 in
2496 4654 2730 4726 pedibus
2754 4656 3022 4719 veterani,
3053 4659 3133 4712 sic
3172 4658 3372 4714 mulier

1807 4743 2050 4814 linguata
2087 4742 2292 4799 homini
2336 4743 2541 4812 quieto.
2573 4745 2616 4798 A
2644 4743 2878 4799 muliere
2907 4744 3128 4799 initium
3159 4747 3368 4802 factum

1805 4844 1889 4890 est
1927 4836 2156 4902 peccati,
2203 4841 2256 4887 et
2280 4847 2375 4901 per
2413 4833 2562 4887 illam
2607 4835 2875 4888 morimur
2905 4849 3117 4891 omnes.
3156 4835 3234 4892 Ne
3269 4837 3368 4893 des

1806 4925 2027 4981 mulieri
2054 4925 2207 4978 mala:
2228 4923 2487 4993 loquendi
2518 4924 2850 4978 libertatem.
2890 4943 2908 4975 ›

1877 5019 2046 5073 Eccli.
2082 5033 2230 5081 ιινι,
2259 5016 2310 5069 2.
2345 5045 2415 5055 —-
2460 5035 2478 5066 ι
2518 5015 2603 5069 Ira
2638 5032 2854 5084 magna,
2893 5018 3093 5073 mulier
3120 5020 3361 5077 ebriosa.

1803 5109 2120 5164 Fornicatio
2150 5107 2399 5162 mulieris
2429 5107 2482 5162 in
2517 5107 2838 5162 extollentia
2886 5109 3196 5174 oculorum,
3225 5122 3278 5166 et
3304 5092 3360 5168 in

1804 5202 2080 5274 palpebris
2117 5199 2235 5254 suis
2269 5207 2653 5267 cognoscetur.
2691 5216 2709 5248 ι

1876 5294 2042 5348 Eccli.
2085 5306 2218 5353 ιιιι,
2277 5290 2364 5344 14.
2402 5319 2468 5331 -
2499 5308 2516 5339 ‹
2554 5288 2741 5342 Melior
2787 5297 2873 5343 est
2931 5290 3188 5358 iniquitas
3232 5295 3356 5361 viri,

1801 5405 1966 5460 quam
1988 5384 2182 5440 mulier
2207 5381 2573 5438 benefaciens.
2603 5378 2777 5449 Super
2807 5382 3095 5437 mulierem
3121 5399 3354 5454 nequam

1803 5488 2005 5543 bonum
2029 5493 2108 5540 est
2139 5482 2404 5552 sigillum.
2433 5499 2452 5533 ι

1871 5577 2034 5632 Sixti.
2069 5603 2136 5616 -—
2168 5571 2398 5628 Peccata
2442 5570 2730 5625 mulierum
2773 5569 3047 5639 imperitia
3107 5570 3351 5626 virorum

1803 5671 2228 5731 contrahuntur.

1875 5762 2047 5820 Basil.
2084 5761 2226 5815 hom.
2281 5766 2400 5811 adv.
2439 5755 2588 5810 divit.
2627 5785 2695 5796 -ο
2738 5753 2979 5809 Mulieri:
3017 5753 3225 5808 lasciva
3262 5753 3350 5806 de-

1798 5859 2033 5923 ;criotio.
2068 5885 2134 5898 —-
2161 5851 2375 5918 Munier,
2419 5865 2538 5922 quae
2584 5847 2895 5903 divitiarum
2943 5855 3026 5902 est
3059 5861 3268 5913 amans,
3301 5849 3345 5903 si

2859 5937 2932 5998 42
