4210 6448
116 451 237 517 1325

1342 446 1577 507 SACRA
1610 443 2070 503 PARLLLELA.

3179 447 3314 513 1326

115 570 234 635 ἡμῖν
260 565 366 617 τῶν
396 562 583 632 ψυχῶν
607 560 812 614 τούτων
839 561 939 632 τὴν
972 557 1175 629 ζημίαν
1202 558 1490 627 ἐποίησεν⁸
1516 550 1658 619 οἶνος
1687 562 1731 617 Α
1760 569 1777 607 2

1648 562 1731 617 ῖΑ
1760 554 2065 607 animarum
2117 552 2345 606 istarum
2394 554 2784 611 detrimentum
2844 556 3029 610 vinum
3082 561 3310 614 attulit:

113 658 166 709 τὸ
195 656 337 726 παρὰ
369 654 505 707 Θεοῦ
535 652 709 724 δῶρον
747 654 825 716 εἰς
876 651 1230 720 παραμυθίαν
1250 650 1350 718 τῆς
1372 648 1654 712 ἀσθενείας

112 746 377 815 δεδομένον
400 747 514 808 τοῖς
537 742 929 815 σωφρονοῦσιν,
964 742 1126 796 ὅπλον
1152 741 1212 794 δέ
1239 740 1335 795 νῦν
1366 739 1656 811 γενόμενον

112 835 397 898 ἀκολασίας
419 835 531 896 τοῖς
564 832 995 901 ἀσελγαίνουσιν.

176 1031 199 1058 ι
228 1018 392 1071 Οὐδὲν
443 1016 623 1070 τοίνυν
652 1014 967 1086 ἷέφάμιλλον
1006 1013 1264 1083 γυναικὸς
1298 1018 1558 1085 πονηρᾶς.
1591 1015 1657 1067 Τί

111 1108 313 1170 λέοντος
339 1109 640 1179 δεινότερον
670 1108 728 1159 ἐν
760 1108 1089 1179 τετράποσιν
1109 1122 1124 1170 ;
1147 1106 1320 1160 οὐδέν.
1342 1108 1405 1160 Τί
1428 1108 1485 1159 δὲ
1510 1107 1657 1177 ὡμό-

109 1218 258 1270 τερον
286 1201 575 1271 δράκοντος
616 1200 675 1251 ἐν
707 1200 987 1269 ἐρπετοίς;
1021 1197 1135 1251 ἀλλ’
1168 1198 1354 1252 οὐδέν·
1387 1199 1529 1267 πλὴν
1561 1215 1660 1266 γυ⁴

110 1294 284 1351 ναικὸς
314 1293 574 1361 πονηρᾶς.
603 1292 710 1344 Καὶ
736 1292 892 1355 λέων,
920 1292 1015 1344 καὶ
1046 1291 1261 1361 δράκων
1294 1291 1502 1343 ἐλάττω
1530 1308 1660 1359 τυγ-

110 1385 342 1455 χάνουσι.
366 1386 646 1455 Μαρτυρεῖ
672 1401 759 1455 μοι
779 1383 857 1452 τῷ
874 1383 1016 1453 λόγῳ
1042 1385 1068 1436 6
1093 1382 1401 1450 σοφώτατος
1413 1382 1659 1453 Σολομὼν

110 1475 304 1542 λέγων·
355 1475 680 1543 Συνοικῆσαι
724 1474 897 1525 λέοντι
949 1474 981 1543 ἢ
1038 1475 1289 1543 δράκοντι
1339 1473 1658 1543 εὐδόκησαι,

109 1570 139 1636 ἢ
166 1566 475 1636 συνοικῆσαι
499 1570 635 1636 μετά
650 1565 905 1633 γυναικὸς
923 1582 1056 1635 πονη
1068 1566 1165 1634 ρᾶς
1181 1566 1275 1617 καὶ
1290 1563 1656 1631 γλωσσώδους.

111 1660 218 1711 Καὶ
245 1660 327 1710 ἴνα
350 1660 422 1728 μὴ
453 1659 678 1728 νομίσῃς
707 1656 798 1710 τὸν
830 1659 1113 1729 προφήτην
1134 1656 1416 1727 εἰρωνείαν
1443 1657 1662 1727 εἰρηκέ-

110 1767 215 1811 ναι,
232 1750 289 1812 ἐξ
306 1750 479 1801 αὐτῶν
498 1749 605 1801 τῶν
628 1749 965 1819 πραγμάτων
992 1748 1275 1817 κατάμαθε
1297 1747 1663 1819 ἁκριϐὦςοτὺν

107 1842 302 1908 Δανιὴλ
355 1842 402 1893 οἱ
428 1841 638 1903 λέοντες
672 1841 991 1909 ᾐδέσθησαν,
1031 1840 1121 1893 τὸν
1140 1841 1197 1893 δὲ
1228 1840 1430 1894 δίκαιον
1451 1840 1663 1894 Ναϐου-

1757 646 1970 703 vinum,
1996 642 2238 711 inquam,
2272 643 2405 697 illud
2436 643 2529 699 Dei
2561 660 2782 709 munus,
2810 648 2956 715 quod
2977 646 3043 700 ad
3065 647 3308 703 levamen

1756 730 2091 787 infirmitatis
2109 732 2279 788 castis
2306 732 2619 802 sobriisque
2645 737 2962 791 hominibus
2985 752 3313 792 concessum

1758 823 1881 887 fuit,
1916 836 2063 878 nunc
2104 833 2287 878 autem
2338 824 2834 896 intemperantibus
2876 829 3193 896 petulantia:
3232 828 3316 883 l‘a-

1757 923 1902 970 ctum
1932 923 2017 969 est
2049 915 2501 972 instrumentum.

1829 1006 2105 1076 Chrysost.
2132 1035 2199 1044 —
2227 1006 2447 1060 Nullum
2484 1009 2683 1063 malum
2734 1025 2858 1063 cum
2907 1010 3154 1081 improba
3193 1031 3315 1068 mu-

1759 1098 1892 1153 liere
1917 1086 2311 1152 conferendum
2337 1107 2439 1153 est.
2473 1098 2742 1163 Quidnam
2774 1102 2918 1155 inter
2941 1104 3317 1175 quadrupedia

1759 1190 2041 1246 crudelius
2074 1198 2157 1244 est
2186 1190 2383 1244 leone?
2414 1191 2551 1243 nihil
2574 1190 2757 1260 plane.
2783 1194 2925 1259 Quid
2966 1195 3110 1250 inter
3142 1200 3316 1266 repti-

1761 1286 1833 1338 lia
1866 1286 2067 1341 saevius
2093 1283 2335 1338 dracone
2361 1284 2383 1335 ?
2425 1284 2562 1338 nihil
2589 1299 2841 1353 prorsus.
2876 1289 3040 1356 Atqui
3068 1291 3318 1360 improha

1762 1376 2014 1437 muliere,
2056 1382 2110 1428 et
2162 1374 2247 1429 leo
2287 1381 2341 1429 et
2390 1373 2557 1429 draco
2596 1375 2888 1432 inferiores
2932 1389 3085 1434 sunt.
3141 1382 3320 1437 Testis

1761 1474 1847 1522 est
1883 1465 2017 1520 mihi
2062 1466 2505 1536 sapientissimus
2540 1466 2824 1534 Salomon,
2860 1470 2951 1525 ubi
2984 1472 3060 1526 ait
3098 1488 3113 1527 :
3150 1473 3320 1528 Com-

1761 1560 1965 1611 morari
1997 1572 2121 1611 cum
2162 1558 2319 1612 leone
2356 1565 2411 1612 et
2432 1557 2673 1613 dracone
2702 1560 2874 1630 magis
2894 1562 3130 1631 placere,
3153 1579 3318 1633 quam

1763 1646 2011 1701 habitare
2038 1662 2161 1701 cum
2192 1648 2421 1702 muliere
2457 1648 2595 1701 mala
2622 1659 2675 1703 et
2696 1649 2938 1719 loquaci.
2974 1655 3050 1707 Ac
3092 1670 3159 1709 ne
3194 1670 3322 1724 pru-

1764 1739 1977 1810 phetam
2022 1739 2139 1795 haec
2182 1740 2390 1794 ironice
2437 1740 2677 1794 locutum
2721 1743 3025 1807 existimes,
3065 1760 3131 1798 ex
3184 1746 3320 1814 ipsis

1764 1831 1925 1887 rebus
1957 1838 2216 1887 accurate
2246 1845 2361 1885 rem
2399 1830 2626 1901 inspice.
2660 1831 2871 1888 Leones
2913 1833 3192 1890 Danielem
3220 1838 3322 1890 ’τρ-

109 1934 206 1999 (rip:
246 1930 479 1992 Ἰεζάϐελ
512 1931 788 1997 ἐφόνευσε.
817 1929 890 1982 Τὸ
934 1930 1099 1997 κῆτος
1138 1930 1229 1983 τὸν
1270 1931 1452 1984 Ἰωνᾶν
1482 1931 1541 1982 ἐν
1587 1932 1653 2001 τῇ
1694 1899 1771 1963 B‘

1694 1899 1733 1953 Β
1761 1924 1919 1980 veriti
1963 1933 2127 1988 sunt;
2170 1930 2223 1976 at
2268 1899 2810 1991 justum'Nabuthen
2842 1924 3062 1980 Jezabel
3094 1927 3321 1981 interic-

112 2024 288 2092 κοιλίᾳ
312 2024 596 2091 ἐφύλαξεν,
644 2022 841 2075 Δαλιδὰ
871 2022 928 2075 δὲ
968 2023 1057 2075 τὸν
1090 2021 1326 2092 Μμψὼν
1376 2023 1657 2093 ξυρήσασα

107 2118 216 2177 τοῖς
252 2115 565 2182 ἀλλοφύλοις
591 2114 929 2184 παρέδωκεν.
947 2114 1270 2185 Δράκοντες,
1295 2115 1389 2168 καὶ
1414 2115 1655 2181 ἀσπίδες,

109 2210 204 2259 καὶ
230 2208 490 2277 κεράσται
518 2206 608 2258 τὸν
635 2206 889 2277 Ἰωάννην
926 2208 982 2259 ἐν
1008 2210 1073 2277 τῇ
1106 2207 1296 2277 ἐρήμῳ
1328 2206 1653 2277 ἐτρὸμαξαν,

118 2296 382 2367 Ἡρωδιὰς
406 2298 460 2349 δὲ
495 2297 653 2350 αὐτὸν
687 2299 743 2349 ἐν
769 2297 973 2368 ἀρίστῳ
1002 2297 1295 2367 ἀπέτεμεν.
1330 2299 1392 2352 Oi
1424 2299 1659 2370 κόρακες

107 2388 199 2441 τὸν
232 2390 416 2442 Ἠλίαν
446 2391 502 2442 ἐν
528 2388 603 2459 τῷ
627 2388 742 2458 ὄρει
780 2389 1088 2460 διέθρεψαν,
1135 2389 1369 2453 Ἰεζάϐελ
1411 2391 1468 2444 δὲ
1499 2390 1661 2443 αὐτὸν

110 2482 248 2549 μετὰ
275 2481 372 2550 τὴν
400 2480 716 2550 εὐεργεσίαν
739 2482 836 2535 τοῦ
866 2482 1023 2534 ὑετοῦ
1059 2482 1196 2552 πρὸς
1227 2484 1387 2551 φόνον
1412 2483 1660 2551 παρέδω-

108 2589 224 2625 κεν.
257 2572 322 2624 Τί
347 2571 452 2641 γάρ
492 2573 707 2641 ἔλεγενς
739 2574 807 2626 El
838 2573 920 2626 σὺ
947 2570 1005 2626 εἴ
1039 2574 1255 2639 Ἠλίας,
1300 2572 1461 2641 κάγὼ
1505 2574 1662 2634 Ἰεζὰ-

106 2664 241 2715 εελ·
278 2662 415 2717 τάδε
444 2664 763 2728 ποιήσειαν
779 2682 879 2732 μοι
918 2668 972 2719 οἱ
998 2666 1139 2728 θεοὶ,
1172 2666 1269 2719 καί
1304 2664 1444 2720 τάδε
1472 2671 1659 2735 προσ-

108 2757 379 2819 θείησαν,
408 2758 458 2807 εί
482 2756 568 2823 μὴ
596 2754 674 2821 ὡς
710 2756 935 2824 ταύτην
961 2758 1079 2823 τὴν
1106 2756 1265 2823 ὥραν
1308 2759 1517 2824 αὔριον
1557 2758 1660 2823 01i-

104 2859 287 2911 σομαι
317 2846 429 2910 τὴν
454 2846 666 2913 ψυχήν
691 2862 805 2899 σου
835 2847 914 2912 ὡς
943 2847 1080 2911 ἐνὸς
1118 2846 1236 2899 τῶν
1268 2849 1657 2914 τεθνηκότων.

105 2938 215 2990 Καὶ
241 2938 501 3005 ἐφοϐήθη
538 2938 753 3003 Ἠλίας,
779 2938 878 2991 καί
908 2938 1219 3005 ἐπορεύθη,
1244 2940 1339 2991 καί
1367 2935 1552 3008 ἦλθεν
1576 2942 1662 3003 είς

105 3028 224 3093 τὴν
254 3030 474 3097 ἔρημον
506 3030 648 3082 ὀδόν
676 3029 919 3097 ἡμέρας,
956 3030 1053 3082 καὶ
1084 3029 1352 3097 ᾐτήσατο
1390 3030 1504 3097 τὴν
1542 3035 1663 3098 ψυ-

108 3119 231 3183 χὶιν
263 3119 445 3173 αὐτοῦ
485 3119 829 3183 ἀποθανεῖν,
860 3120 959 3172 καὶ
998 3116 1196 3173 εἶπεν·
1230 3122 1403 3187 Κύριε
1431 3124 1463 3174 ό
1499 3123 1661 3187 Θεὸς,

1758 2017 1851 2070 cit.
1910 2014 2079 2071 Cetus
2142 2013 2335 2069 Jonam
2386 2015 2440 2070 in
2489 2024 2677 2070 ventre
2719 2018 2992 2083 servavit;
3030 2025 3085 2071 at
3129 2018 3319 2072 Dalida

1760 2104 2081 2160 Samsonem
2115 2105 2312 2160 abrasa
2354 2119 2530 2169 coma,
2580 2106 2865 2179 allophylis
2897 2110 3146 2165 tradidit.
3181 2112 3319 2163 Dra-

1760 2210 1949 2261 cones,
1980 2197 2200 2267 aspides
2226 2207 2282 2253 et
2302 2206 2529 2253 cerastai
2555 2197 2825 2255 Joannem
2872 2200 2926 2255 in
2964 2203 3184 2257 deserto
3206 2219 3325 2273 per—

1762 2289 2060 2345 timuerunt
2093 2308 2108 2346 :
2149 2296 2207 2344 at
2238 2289 2505 2346 Herodias
2549 2308 2672 2347 eum
2705 2295 2851 2348 inter
2878 2296 3066 2364 epulas
3095 2296 3323 2349 obtnin-

1761 2383 1872 2436 cari
1893 2382 2081 2451 jussit.
2113 2383 2286 2439 Eliam
2313 2388 2464 2441 corvi
2500 2387 2555 2441 in
2589 2395 2776 2443 monte
2807 2388 3067 2443 aluerunt
3103 2405 3116 2441 :
3150 2398 3205 2442 at
3229 2388 3324 2443 Je-

1762 2474 1913 2529 zabel
1948 2475 2198 2531 eumdem
2232 2487 2356 2547 post
2399 2493 2723 2534 concessam
2752 2479 2991 2547 pluviam
3020 2481 3085 2534 ad
3121 2482 3323 2537 caedem

1761 2566 2035 2636 quaisivit.
2070 2566 2215 2633 Quid
2250 2570 2395 2622 enim
2439 2570 2671 2625 aiebat?
2720 2568 2781 2624 Si
2824 2580 2881 2623 tu
2916 2588 2970 2625 es
3004 2570 3183 2637 Elius,
3238 2587 3321 2627 ast

1760 2675 1851 2728 ego
1911 2675 2027 2712 sum
2085 2659 2342 2723 Iezabel;
2387 2660 2497 2715 hac
2530 2661 2737 2729 faciant
2780 2662 2909 2715 mihi
2956 2661 3057 2725 dii,
3106 2672 3158 2717 et
3210 2664 3320 2719 hate

1762 2749 1985 2812 addant,
2032 2749 2133 2802 nisi
2175 2766 2294 2804 cras
2339 2749 2439 2803 hac
2480 2751 2614 2805 liora
2661 2766 2852 2818 portam
2884 2752 3120 2804 animam
3168 2763 3317 2807 tuam

1762 2844 1897 2893 sicut
1929 2840 2085 2893 unius
2118 2842 2271 2895 exiis
2306 2842 2396 2911 qui
2427 2844 2623 2895 mortui
2650 2851 2794 2897 sum.
2828 2841 2895 2895 Et
2930 2844 3110 2896 timuit
3147 2842 3323 2911 Elius,

1762 2931 2133 3001 profectusque
2172 2942 2275 2996 est,
2324 2943 2374 2986 et
2417 2934 2551 2986 abiit
2607 2936 2663 2986 in
2716 2934 2981 2988 desertum
3033 2937 3173 2989 uiam
3220 2938 3327 2993 diei

1764 3022 1942 3085 unius,
1982 3032 2031 3074 et
2066 3023 2242 3089 petivit
2284 3032 2341 3076 ut
2383 3024 2563 3077 anima
2600 3042 2697 3078 sua
2725 3037 3034 3091 moreretur,
3067 3039 3117 3082 et
3144 3029 3279 3083 dixit
3308 3047 3327 3085 :

1765 3110 1985 3167 Domine
2012 3114 2176 3177 Deus,
2202 3116 2448 3184 sufficiat.
2491 3117 2681 3183 Accipe
2712 3119 2945 3171 animam
2976 3137 3143 3173 nteant
3166 3138 3198 3174 a
3225 3139 3323 3182 me,

105 3211 463 3274 ἰκανούσθω,
492 3210 638 3263 λάθε
676 3210 788 3276 τὴν
829 3211 1037 3280 ψυχήν
1075 3228 1191 3279 μου
1228 3211 1327 3264 ἀπ’
1364 3213 1527 3280 ἐμοῦ,
1573 3213 1660 3265 ὅτι
1688 3235 1730 3289 C
1763 3230 1767 3252 ι

1688 3235 1730 3289 C
1763 3206 1887 3271 quia
1913 3206 2083 3259 satius
2111 3216 2189 3259 est
2218 3208 2345 3259 mihi
2367 3218 2419 3261 ut
2452 3210 2674 3270 moriar,
2702 3227 2858 3278 quam
2882 3222 2938 3263 ut
2964 3214 3132 3266 vivam
3155 3230 3175 3279 ;
3202 3217 3328 3285 quia

103 3302 299 3353 καλὸν
325 3302 391 3353 τὸ
423 3301 744 3356 ἀποθανεῖν
762 3318 857 3370 με,
878 3303 916 3369 ἢ
941 3290 1078 3369 τῆν,
1104 3301 1193 3355 ὅτι
1224 3302 1523 3369 κρείσσων
1546 3304 1660 3375 ἐγὼ

99 3395 216 3445 οὐκ
246 3393 359 3460 είμί
392 3393 541 3460 ὑπὲρ
566 3393 698 3458 τοὺς
732 3393 987 3460 πατέρας
1006 3412 1143 3462 μου.
1172 3396 1327 3464 Οἴμοι
1347 3395 1359 3448 ί
1383 3397 1464 3449 ὅτι
1491 3398 1664 3467 ὀπρο·

100 3486 283 3551 φήτης
326 3482 507 3545 Ἠλίας
558 3483 800 3552 ἐφοϐήθη
837 3486 1094 3551 γυναῖκα,
1123 3486 1150 3536 ὁ
1182 3485 1280 3553 τῆς
1332 3487 1661 3555 οἰκουμένης

98 3575 235 3641 ὅλης
271 3574 358 3625 τὸν
392 3574 544 3625 ὑετὸν
574 3576 631 3626 ἐν
674 3578 739 3645 τῇ
770 3574 982 3644 γλώττῃ
1024 3574 1329 3643 βαστάζων,
1364 3577 1392 3629 6
1424 3577 1538 3647 πῦρ
1568 3579 1663 3631 οὐ·

99 3663 333 3733 ρανὸθεν
364 3666 570 3733 ῥήματι
617 3666 972 3731 κατενέγκας,
1003 3665 1097 3717 καὶ
1125 3667 1191 3718 δι’
1225 3667 1393 3735 εὐχῆς
1423 3670 1652 3736 νεκροὺς

94 3754 414 3825 ἀνεγείρας,
448 3755 687 3825 ἐφοϐήθη
708 3758 972 3822 γυναῖκα;
999 3758 1107 3821 ναὶ,
1131 3757 1397 3829 ἐφοϐήθη.
1421 3760 1658 3829 Οὐδεμία

94 3848 211 3916 γὰρ
240 3849 591 3917 συγκρίνεται
635 3847 802 3900 κακία
838 3850 1057 3915 γυναικὶ
1101 3852 1332 3920 πονηρᾷ.
1383 3852 1663 3921 Μαρτυρεῖ

96 3953 196 4006 μοι
235 3936 313 4005 τῷ
356 3938 496 4007 λόγῳ
530 3939 561 4007 ή
595 3939 763 4006 Σοφία
788 3940 1053 4007 λέγουσα·
1083 3941 1205 3993 Οὐκ
1250 3939 1382 3993 ἔστι
1424 3942 1659 4008 κεφαλὴ

90 4024 256 4092 ὑπὲρ
290 4025 563 4092 κεφαλὴν
584 4026 794 4094 ὄφεως,
838 4027 938 4079 καὶ
980 4028 1091 4079 οὐκ
1127 4027 1260 4079 ἔστι
1299 4026 1478 4079 κακία
1510 4024 1661 4092 ὑπὲρ

90 4116 322 4168 κακίαν
371 4119 675 4184 γυναικός.
720 4120 786 4169 Ὢ
833 4119 892 4171 τὸ
923 4118 1092 4171 κακὸν
1143 4116 1238 4170 τοῦ
1280 4117 1527 4169 διαϐόλου
1572 4116 1663 4169 καὶ

88 4206 362 4271 ὀξύτατον
382 4208 544 4260 ὅπλον
565 4226 578 4239 ·
612 4209 698 4262 διὰ
719 4207 977 4275 γυναικὸς
1008 4208 1067 4271 ἐξ
1088 4208 1264 4277 ἀρχῆς
1287 4207 1344 4258 ἐν
1374 4206 1450 4277 τῷ
1481 4224 1663 4277 παρα-

86 4302 261 4364 ὃείσῳ
292 4299 599 4369 κατέτρωσε
624 4299 715 4351 τὸν
756 4299 945 4368 Ἀδάμ.
979 4298 1076 4350 Διὰ
1103 4297 1359 4365 γυναικὸς
1384 4297 1477 4350 τὸν
1496 4298 1660 4350 Δαϐὶδ

88 4392 240 4459 πρὸς
269 4391 368 4459 τὴν
396 4390 537 4443 κατὰ
564 4388 659 4443 τοῦ
694 4390 889 4461 Οὐρίου
923 4389 1234 4458 δολοφονίαν
1256 4388 1533 4458 ἐξέμανεν.
1558 4389 1656 4440 Διὰ

87 4481 363 4549 γυναικὸς
394 4480 484 4533 τὸν
514 4480 822 4549 σοφώτατον
839 4479 1158 4551 Σολομῶντα
1180 4479 1316 4549 πρὸς
1346 4478 1661 4549 παράϐασιν

1762 3295 1945 3348 melior
1961 3312 2063 3349 non
2089 3314 2204 3350 sum
2225 3299 2465 3362 patribus
2493 3302 2616 3353 meis
2632 3299 2749 3369 (III
2766 3301 2892 3371 Reg.
2914 3319 3028 3367 xu,
3044 3304 3099 3369 2,
3122 3307 3324 3375 seqq.).

1764 3387 1905 3441 Proh
1951 3389 2152 3443 iiivcrsi
2198 3392 2412 3445 mores!
2461 3392 2607 3448 Elias
2654 3395 2916 3463 propheta
2950 3395 3205 3451 {enitimini
3233 3415 3329 3453 ex-

1762 3480 1990 3533 timuit?
2023 3482 2116 3535 llle
2140 3480 2233 3551 (ιυί
2266 3484 2437 3539 totius
2464 3486 2617 3541 orbis
2659 3486 2890 3541 imbrem
2936 3488 3204 3557 gestabat,
3234 3492 3325 3558 qui

1763 3572 1940 3641 ignem
1976 3573 2192 3629 caelitus
2226 3575 2395 3630 verbo
2436 3575 2771 3640 detraxerat,
2825 3579 2919 3647 qui
2970 3594 3067 3647 pcr
3118 3582 3325 3633 oratiu.

1764 3680 1889 3717 nem
1938 3674 2186 3721 mortuos
2231 3675 2585 3721 revocaverat
2623 3668 2691 3721 ad
2736 3669 2925 3739 vitam,
2966 3670 3219 3724 feminam
3268 3673 3331 3723 ti-

1760 3757 1941 3810 muit?
1980 3767 2128 3811 certe
2165 3758 2368 3811 timuit.
2424 3757 2614 3828 Neque
2647 3758 2791 3813 enim
2840 3761 2948 3814 ulla
3011 3761 3329 3830 improbitas

1760 3856 1867 3909 cst,
1902 3863 2022 3917 qure
2062 3864 2185 3902 cum
2216 3849 2466 3918 improba
2508 3850 2735 3905 muliere
2782 3851 2959 3920 possit
2996 3856 3327 3921 comparari.

1761 3938 1923 4008 Atqui
1969 3939 2208 3993 sermoni
2256 3954 2377 3994 meo
2426 3939 2582 3993 iidem
2640 3943 2842 3995 astruit
2884 3945 3182 4013 sapientia,
3235 3946 3327 4000 ubi

1763 4031 1837 4083 ait
1870 4050 1884 4084 :
1926 4030 2049 4085 Non
2080 4040 2157 4083 est
2185 4040 2343 4099 caput
2381 4047 2536 4099 super
2558 4042 2713 4099 caput
2744 4036 3089 4103 serpentis,et
3125 4054 3226 4089 mm
3249 4047 3325 4089 est

1763 4122 1973 4174 malitia
2020 4138 2182 4189 supra
2221 4123 2483 4176 malitiam
2528 4124 2761 4177 mulieris
2792 4124 2983 4195 (Eccli.
3024 4142 3152 4190 xxv,
3210 4128 3322 4193 22).

1764 4211 1807 4266 Ο
1842 4214 2167 4283 nequitiam,
2212 4215 2708 4284 acutissimumquc
2759 4217 2924 4270 telum
2977 4219 3219 4272 diaboli!
3280 4219 3329 4271 Is

1764 4318 1862 4371 per
1907 4304 2191 4358 mulierem
2248 4319 2278 4356 a
2336 4305 2611 4374 principio
2656 4306 2924 4361 Adamum
2974 4309 3028 4363 in
3072 4310 3329 4378 paradiso

1765 4395 2002 4450 sauciavi
2039 4444 2043 4448 .
2090 4396 2193 4450 rer
2214 4397 2501 4452 mulierem
2535 4397 2603 4451 ad
2638 4414 2821 4454 necem
2855 4397 2997 4455 Uria:
3018 4417 3116 4469 per
3144 4403 3327 4469 dolum

1766 4484 2105 4539 inferendam
2156 4483 2417 4540 Davidem
2476 4488 2643 4542 veluti
2694 4490 2880 4544 furore
2937 4491 3192 4560 perculit.
3228 4494 3331 4547 Per

86 4572 501 4642 κατέστρεψεν
525 4573 615 4625 διὰ
637 4573 895 4640 γυναικὸς
915 4574 1005 4625 τὸν
1027 4571 1403 4641 ἀνδρειότατον
1420 4570 1657 4641 Σαμψὼν
1694 4569 1736 4622 D

1694 4569 1736 4622 D
1767 4573 2048 4628 mulierem
2085 4574 2433 4628 Salomonem
2466 4576 2746 4645 sapientiae
2801 4576 2962 4632 laude
2996 4582 3330 4646 praastantis-

88 4664 342 4732 ξυρήσας
364 4662 692 4731 ἐτύφλωσεν.
712 4665 810 4716 Διὰ
830 4666 1085 4730 γυναικὸς
1106 4666 1232 4727 τοὺς
1254 4665 1403 4726 υἱοὺς
1429 4664 1545 4715 Ἠλὶ
1568 4663 1662 4717 τοῦ

88 4754 300 4823 ἱερέως
344 4755 627 4822 ἐδάφισεν·
684 4754 771 4807 διὰ
819 4756 1079 4823 γυναικὸς
1117 4756 1208 4809 τὸν
1260 4755 1662 4827 οὑρανοδρόμον

102 4846 304 4898 Ἢλίαν
325 4846 512 4900 ἐδίωκε
528 4863 541 4877 ·
562 4845 649 4899 διὰ
664 4847 918 4914 γυναικὸς
938 4846 1026 4898 τὸν
1054 4847 1434 4914 εὐγενέστατον
1462 4849 1662 4918 Ἰωσὴφ

86 4938 320 5006 φυλακῇ
343 4938 676 4992 κατέκλεισε.
711 4938 810 4991 Διὰ
839 4938 1091 5003 γυναικὸς
1114 4938 1202 4990 τὸν
1228 4939 1426 4999 παντὸς
1455 4939 1660 5007 κόσμου

85 5028 299 5095 λύχνον
373 5030 619 5098 Ἰωάννην
674 5030 907 5095 ἐπέτεμε
941 5044 953 5055 ο
987 5028 1074 5080 διὰ
1134 5030 1390 5096 γυναικὸς
1455 5032 1664 5093 πάντας

84 5121 464 5187 κατασφάζει.
495 5120 633 5190 Γυνὴ
660 5123 767 5191 γὰρ
792 5122 1011 5191 ἀναιδὴς
1045 5122 1255 5183 οὐδενὸς
1290 5122 1549 5190 φείδεται.
1587 5123 1663 5174 Οὐ

82 5210 340 5279 Λευῖτην
368 5212 520 5279 τιμᾷ,
574 5212 669 5279 οὐχ
727 5211 872 5280 ίερέα
920 5212 1262 5280 ἐντρέπεται,
1288 5214 1349 5265 οὐ
1378 5214 1666 5281 προφήτην

83 5301 421 5353 ὲναιδείται.
452 5303 515 5351 Ὢ
540 5301 710 5354 κακοῦ
750 5302 916 5354 κακὸν
938 5306 1195 5356 κάκιστον
1216 5341 1231 5364 ,
1263 5305 1399 5371 γυνὴ
1432 5305 1666 5371 πονηρά,

84 5394 207 5445 κᾶν
307 5393 560 5462 πενιχρά.
599 5392 722 5446 Ἐὰν
749 5392 929 5446 δὲκαὶ
958 5392 1183 5446 πλοῦτον
1206 5393 1302 5463 ἕλῃ
1333 5397 1398 5463 τῇ
1437 5393 1669 5463 πονηρίᾳ

80 5484 278 5552 αὐτῆς
308 5482 690 5554 συνεργοῦντα,
714 5483 894 5537 δισσὸν
937 5484 997 5535 τὸ
1038 5484 1243 5537 κακόν·
1288 5485 1558 5554 ἀφόρητον
1607 5485 1667 5536 τὸ

80 5576 263 5640 ζῶον,
302 5576 668 5645 ἀθεράπευτον
711 5576 773 5628 τὸ
816 5574 1024 5645 θηρίον.
1076 5572 1215 5643 Ἐγὼ
1236 5570 1353 5628 οἶδα
1386 5576 1480 5627 καὶ
1507 5574 1662 5627 ἀσπί-

1772 4662 1972 4715 simum
1996 4661 2065 4715 ad
2089 4664 2611 4720 ..\raevaricati0iiem
2640 4664 2879 4735 impulit.
2917 4666 3021 4721 Per
3046 4670 3329 4723 mulierem

1770 4755 2138 4809 fortissimum
2166 4755 2490 4809 Samsonem
2528 4758 2743 4812 abrasis
2768 4760 2983 4829 capillis
3017 4763 3327 4816 excaecavit.

1769 4841 1872 4897 Per
1886 4843 2168 4897 mulierem
2190 4843 2458 4898 ﬁliosHeli
2479 4845 2785 4901 sacerdotis
2807 4847 2859 4900 in
2881 4856 3082 4901 terram
3102 4860 3337 4918 prostra-

1768 4932 1866 4985 vit.
1888 4931 1989 4985 Per
2020 4931 2301 4986 mulierem
2328 4932 2636 5002 ccelipetam
2664 4933 2813 4987 illum
2839 4933 3008 4988 Eliam
3034 4938 3332 4993 insectatus

1770 5030 1873 5079 est.
1911 5022 2016 5077 Per
2048 5022 2331 5076 mulierem
2372 5024 2774 5078 nobilissimum
2818 5023 3018 5095 Josepli
3060 5029 3115 5081 in
3148 5042 3334 5083 carce-

1768 5128 1888 5167 rem
1940 5110 2098 5182 513
2146 5110 2336 5165 trusit.
2388 5110 2490 5164 Per
2546 5112 2825 5165 mulierem
2867 5110 3129 5165 Joannem
3167 5116 3333 5167 totius

1774 5204 1965 5259 mundi
2016 5205 2300 5257 lucernam
2351 5202 2532 5271 capite
2584 5202 2881 5256 truncavit.
2910 5200 3015 5255 Per
3044 5204 3330 5258 mulierem

1774 5297 1984 5351 nullum
2025 5310 2135 5348 non
2182 5294 2440 5364 jugulat:
2485 5310 2610 5347 num
2660 5294 2856 5346 mulier
2908 5293 3197 5362 impudens
3236 5310 3336 5348 ne-

1775 5388 1908 5443 mini
1936 5388 2131 5457 parcit.
2184 5386 2298 5440 Non
2336 5385 2535 5440 Levita:
2567 5386 2833 5438 rationem
2870 5386 3033 5440 habet
3063 5405 3075 5439 :
3112 5400 3218 5440 non
3248 5402 3335 5439 sa-

1773 5478 2068 5541 cerdotem,
2104 5492 2212 5531 non
2243 5474 2561 5545 proiihetam
2598 5485 2838 5528 veretur.
2879 5471 2926 5531 Ο
2959 5475 3157 5527 malum
3183 5477 3331 5528 omni

1774 5572 1918 5638 malo
1970 5568 2167 5640 pejus!
2221 5566 2467 5636 improba
2519 5565 2714 5620 mulier
2762 5573 2868 5630 est,
2901 5565 2984 5619 vel
3020 5566 3064 5619 si
3103 5568 3331 5635 penuria

170 5784 199 5810 α
244 5771 325 5824 Ex
358 5772 575 5826 homilia
608 5773 659 5826 in
726 5771 1131 5831 decollationem
1202 5772 1577 5839 Prtecursoris,
1646 5788 1765 5843 qua:
1800 5780 1975 5828 exstat
2031 5780 2069 5827 t.
2108 5769 2197 5826 νη
2227 5771 2360 5828 edit.
2395 5769 2563 5827 Savil.
2606 5785 2659 5842 p.
2700 5768 2822 5833 545,
2863 5767 3149 5837 dubiaeque
3211 5761 3333 5817 lidei

72 5853 197 5896 est.
