4210 6448
162 371 296 436 1320
1430 371 1665 430 SACRA
1702 368 2159 429 PARALLELA.
3276 367 3411 431 1330

154 480 546 546 λέσθαιθέλει;
590 480 729 535 Ποία
772 480 830 533 δὲ
862 480 1048 533 λέαινα
1074 474 1168 532 τὶν
1217 482 1347 534 ίδιον
1395 481 1565 552 ἀνδρα
1598 481 1734 553 πρὸς
1766 499 1807 550 Α

1766 499 1807 550 Α
1839 493 1966 533 cum
1997 488 2220 547 propter
2251 491 2405 545 aqua:
2441 480 2729 548 penuriam
2770 482 2866 538 siti
2912 489 3203 552 correptus
3247 481 3412 553 414

161 575 377 647 σφαγὴν
428 573 829 643 παραδίδωσιν;
906 573 1068 643 Ὁρᾷς
1121 573 1205 625 ὅτι
1259 574 1731 642 ἐπιτετευγμένως

1838 577 2075 631 orasset.
2108 583 2176 623 ex
2209 579 2429 624 mortua
2463 570 2652 626 statim
2678 574 2945 644 aridaque
2972 574 3218 638 maxilla,
3246 588 3408 643 quam

150 661 308 719 εἷπεν
332 668 367 737 ὴ
386 665 553 734 Σοφία
572 665 653 731 τὸ,
689 666 811 719 Οὐκ
838 664 975 718 ἔστι
1015 663 1249 733 κεφαλὴ
1280 664 1434 733 ὑπὲρ
1454 665 1731 735 κεφαλὴν

1839 673 2003 712 manu
2053 658 2293 724 tenebat,
2336 675 2492 731 aqua:
2521 663 2722 718 educto
2774 664 2944 734 fonte,
2984 666 3111 720 hinc
3152 665 3274 720 sitis
3326 680 3411 719 re-

153 757 366 825 ὄφεως,
391 755 491 809 καὶ
510 758 621 810 οὐκ
650 758 783 810 ἐστι
806 756 983 810 κακία
1008 756 1161 824 ὑπὲρ
1176 758 1392 810 κακίαν
1418 759 1724 829 γυναικός.

152 849 264 902 Kal.
284 848 430 915 ἅπαξ
461 848 669 913 ἀπλῶς,
695 851 722 901 6
748 848 885 919 ἔχων
919 851 1154 917 γυναῖκα
1175 849 1439 921 πονηρὰν,
1469 850 1729 917 γινωσκέο

151 958 255 1003 τω,
285 942 366 995 ὅτι
389 942 490 1013 ἤδη
514 944 640 1005 τοὺς
676 942 902 1012 μισθοὺς
928 942 1039 996 τῶν
1070 943 1309 1012 ἀνομιῶν
1341 943 1504 996 αὑτοῦ
1534 943 1722 1012 ὲκομίσ

156 1051 290 1087 σατο
307 1050 321 1064 ·
362 1033 531 1102 Γυνὴ
561 1032 795 1103 πονηρὰ
823 1034 1025 1105 ἀνόμῳ
1040 1034 1211 1104 μερὶς
1232 1033 1573 1100 δοθήσεται,
1593 1032 1727 1091 ἀντὶ

154 1123 279 1178 τῶν
308 1124 500 1192 ἔργων
529 1122 741 1178 αὐτοῦ.

1836 750 2080 806 medium
2109 752 2378 808 hauserit.
2413 754 2478 808 Et
2516 763 2700 811 tamen
2729 757 2908 811 virum
2949 766 3057 812 tam
3094 757 3407 827 pulchrum,

1832 852 1944 899 tam
1972 844 2188 910 fortem,
2225 846 2448 916 propria
2494 848 2667 917 ipsius
2696 865 2858 917 uxor,
2901 858 3163 921 tanquam
3190 850 3405 903 hostem

1831 940 2119 1012 allophylis
2166 941 2426 1011 prodidit.
2471 941 2841 1009 Quamobrem
2911 944 3018 1000 hoc
3063 941 3164 997 tibi
3201 956 3231 995 a
3272 956 3408 1012 pro-

1854 1031 2018 1102 pheta
2072 1034 2390 1105 praacipitur
2440 1038 2531 1090 :A
2576 1038 2797 1107 conjuge
2840 1044 2931 1090 tua
2963 1050 3111 1099 cave,
3165 1049 3228 1087 ne
3253 1031 3409 1101 quid-

1835 1139 1995 1193 quam
2025 1126 2075 1177 ci
2126 1127 2474 1181 commendes.
2530 1126 2683 1183 Cedo
2734 1130 2823 1183 die
2852 1129 3009 1189 mihi.
3054 1141 3179 1198 quae
3218 1125 3404 1179 bellua

158 1216 425 1273 adversus
484 1232 692 1271 marem
744 1232 907 1273 suum
952 1215 1225 1287 ejusmodi
1276 1212 1484 1283 aliquid
1534 1213 1724 1267 molita
1762 1214 2054 1281 est?Qu:e
2077 1216 2332 1274 dracaena
2374 1220 2667 1291 conjugem
2726 1236 2886 1276 suum
2952 1220 3137 1274 studet
3198 1216 3408 1272 interli-

160 1308 319 1363 cere?
350 1307 479 1373 Qua:
509 1308 679 1363 lemna
724 1308 1032 1364 masculum
1076 1323 1240 1362 suum
1273 1307 1341 1361 ad
1374 1306 1578 1361 caedem
1613 1306 1817 1361 tradit?
1880 1306 2046 1366 Vides
2112 1326 2277 1381 quam
2336 1314 2586 1383 apposite
2652 1313 2926 1385 sapientia
2966 1310 3214 1366 dixerit:
3283 1307 3407 1361 Non

160 1412 240 1457 est
268 1413 428 1473 caput
463 1420 621 1471 super
666 1416 826 1472 caput
862 1406 1144 1475 serpentis,
1188 1413 1237 1458 et
1315 1421 1418 1457 non
1458 1412 1539 1457 est
1605 1403 1816 1458 malitia
1854 1420 2012 1474 super
2051 1407 2320 1461 malitiam
2356 1407 2619 1463 mulieris.
2665 1406 2842 1475 Atque
2879 1414 2939 1460 ut
2988 1406 3041 1459 in
3075 1416 3291 1459 summa
3320 1399 3406 1454 di-

161 1509 308 1557 cam,
357 1496 451 1565 qui
483 1497 791 1568 improbam
836 1512 1061 1552 uxorem
1111 1496 1296 1557 habet,
1339 1495 1473 1549 illud
1533 1497 1772 1559 noverit,
1852 1511 1912 1552 se
1955 1497 2070 1568 jam
2135 1498 2490 1567 iniquitatum
2542 1516 2769 1556 suarum
2833 1498 3137 1554 mercedem
3196 1498 3406 1555 tulisse-

171 1590 315 1643 Audi
381 1590 527 1644 enim
581 1588 717 1659 quid
772 1605 995 1646 rursum
1043 1588 1326 1659 Scriptura
1376 1590 1735 1660 pronuntiet:
1776 1586 1976 1645 Mulier
1997 1590 2143 1644 mala
2168 1590 2352 1661 iniquo
2376 1591 2597 1647 dabitur
2633 1595 2689 1647 in
2719 1595 3018 1663 portionem
3081 1609 3178 1662 pro
3238 1595 3411 1663 operi-

160 1687 256 1740 bus
294 1686 461 1739 illius.

244 1779 544 1849 Ἀφόρητός
568 1781 684 1832 ἐστι
713 1779 851 1850 γυνὴ
877 1779 1309 1849 κολακευομένη,
1349 1778 1447 1849 τὴν
1476 1777 1599 1848 ὄψιν
1625 1776 1734 1831 ὥσ·
1763 1792 1805 1846 Β
1905 1818 1906 1823 η

1763 1792 1805 1846 Β
1905 1770 2099 1841 Ejusd.
2131 1802 2201 1812 —
2233 1770 2601 1829 lntolerabilis
2644 1782 2730 1830 est
2778 1773 2974 1828 mulier
3003 1788 3126 1844 qua:
3151 1781 3406 1828 assenta-

159 1889 271 1942 περ
297 1871 537 1942 λειμῶνα
557 1872 924 1937 διανθίζουσα,
951 1873 1207 1934 ποικίλως
1225 1871 1349 1941 φύει
1375 1871 1473 1935 τὰς
1502 1869 1735 1941 παρειὰς

160 1965 595 2036 ἐρυθραίνουσα’
655 1964 849 2036 ἀμύλῳ
901 1982 982 2031 τε,
1015 1964 1285 2035 οἰνανθίῳ,
1315 1963 1588 2034 φαόατίῳ,
1640 1962 1735 2016 καὶ

158 2058 449 2129 ψιμμυθζῳ
476 2058 539 2111 τὸ
560 2061 850 2129 πρόσωπον
870 2058 1246 2123 λευκαίνουσα,
1269 2060 1361 2112 καὶ
1392 2059 1583 2129 μέλανι
1610 2058 1735 2122 τοὺς

160 2146 477 2216 ὀφθαλμοὺς
536 2148 961 2219 ὑπογράφουσα·
1015 2152 1237 2219 χρυσοῖς
1282 2149 1338 2202 δὲ
1387 2150 1614 2219 κόσμοις
1642 2150 1734 2203 τὸν

160 2239 432 2308 ’τράχηλον
452 2240 644 2310 αὐτῆς.
660 2241 759 2303 τὰς
784 2242 991 2311 χεῖρας,
1006 2242 1217 2304 καὶτὰς
1242 2241 1436 2312 τρίχας
1459 2242 1733 2295 καλλωπί-

162 2331 354 2395 ζουσα,
389 2331 485 2384 καὶ
518 2332 616 2401 τὴν
651 2332 899 2405 μαλακὴν
947 2334 1120 2403 αὐτῆς
1172 2334 1377 2404 ἐσθῆτα
1428 2335 1732 2405 μυρίσμασι

160 2421 441 2489 διαφόροις
472 2422 829 2486 καπνίζουσα.
864 2426 1020 2478 Ἐστι
1045 2425 1101 2478 δὲ
1124 2426 1292 2493 παγὶς
1336 2426 1730 2495 θανατηφόρος,

162 2510 252 2563 διὰ
280 2512 471 2567 πασῶν
518 2512 626 2565 τῶν
655 2513 961 2584 αἰσθήσεων
1006 2515 1294 2583 ἀπάγουσα
1338 2516 1428 2568 τδν
1467 2516 1606 2578 νέον,
1635 2517 1733 2585 τὴν

167 2601 266 2669 μὲν
293 2602 417 2672 ὄψιν
445 2604 507 2656 ἐκ
530 2603 625 2657 τοῦ
664 2605 992 2675 φαινομένου
1041 2607 1432 2678 καλλωπισμοῦ
1456 2647 1470 2671 ,
1530 2607 1630 2679 τὴν
1676 2606 1732 2660 δὲ

164 2694 335 2764 ἀκοὴν
360 2698 479 2758 ταῖς
515 2696 808 2765 μαλακίαις
842 2699 1179 2768 μαγεύουσα.

237 2784 379 2856 Γυνὴ
407 2786 468 2839 τὸ
492 2787 783 2856 ὑποζύγιον
808 2789 871 2842 τὸ
896 2791 1085 2853 κακὸν,
1134 2792 1162 2841 6
1195 2790 1409 2860 σκώληξ
1438 2792 1467 2843 6
1498 2791 1735 2862 συρόμε-

163 2893 277 2942 νος,
304 2880 333 2930 6
365 2879 571 2943 ἑνοικος
598 2881 692 2934 τοῦ
722 2882 917 2953 Ἀδὰμ,
947 2883 1043 2935 τοῦ
1068 2882 1297 2951 ψεύδους
1327 2885 1359 2953 ἡ
1385 2870 1653 2955 θυγάτηρ,
1700 2888 1733 2955 ἡ

167 2966 383 3040 φυλακὴ
430 2970 526 3023 τοῦ
575 2973 922 3043 παραδείσου,
952 2974 1047 3027 τοῦ
1089 2974 1318 3044 Ἀδάμή
1344 2976 1661 3048 ὲκδλητρία,
1705 2978 1735 3030 6

166 3060 426 3129 πολέμιος
456 3061 695 3135 ὄλεθρος,
727 3066 759 3134 ἡ
790 3064 959 3135 ἔχθρα
990 3066 1091 3135 τῆς
1123 3068 1367 3141 είρήνης.

1836 1865 2079 1919 tionibus
2140 1864 2514 1932 demulcetur,
2582 1880 2707 1935 qua:
2777 1865 2992 1918 vultum
3040 1865 3220 1920 instar
3266 1866 3409 1936 prati

1835 1957 2008 2012 variis
2038 1956 2272 2012 ﬂoribus
2302 1965 2558 2022 exornat,
2598 1972 2721 2027 quae
2752 1971 2923 2029 genas
2948 1958 3115 2013 stibio
3150 1958 3411 2014 rubicun-

1834 2050 1935 2106 das
1962 2048 2167 2115 reddit,
2204 2064 2325 2119 quae
2370 2050 2558 2105 amido
2590 2058 2644 2105 et
2674 2065 2873 2106 cerusa
2928 2050 3123 2107 faciem
3160 2051 3405 2117 dealbat,

1833 2157 1955 2213 qua:
1996 2151 2308 2198 atramento
2367 2142 2546 2213 pingit
2618 2144 2834 2209 oculos,
2889 2159 3013 2214 qua:
3062 2144 3405 2199 ornamentis

1835 2238 2020 2294 aureis
2065 2238 2296 2304 collum,
2338 2246 2393 2293 et
2433 2253 2655 2305 manus,
2687 2248 2745 2294 et
2776 2254 2993 2295 comam
3047 2240 3404 2305 condecorat,

1833 2339 1890 2384 et
1921 2330 2138 2386 mollem
2170 2340 2378 2386 vestem
2412 2347 2570 2386 suam
2594 2332 2861 2388 odoribus
2902 2333 3073 2388 variis
3103 2332 3409 2403 perfundit.

1836 2421 1933 2476 Est
1962 2432 2222 2492 praeterea
2256 2424 2510 2493 laqueus,
2552 2424 2822 2481 exitiosus
2854 2426 3115 2495 juvenem
3150 2441 3248 2496 per
3284 2440 3411 2480 orn-

1836 2530 1934 2570 nes
1969 2531 2167 2572 sensus
2192 2515 2495 2581 abducens,
2529 2526 2694 2588 atque
2731 2526 2849 2573 tum
2888 2518 3059 2588 ipsius
3091 2519 3283 2574 oculos
3316 2533 3414 2588 per

1836 2616 2116 2671 ornatum,
2168 2622 2331 2676 quem
2388 2608 2747 2678 spectandum
2803 2608 3034 2679 praebet,
3085 2615 3203 2663 tum
3249 2624 3413 2664 aures

1840 2712 1936 2766 per
1968 2713 2287 2754 sermonum
2320 2698 2620 2755 blanditias
2644 2699 2799 2755 velut
2826 2699 3142 2755 incantans.

1910 2788 2105 2846 Mulier
2172 2790 2487 2861 jumentum
2567 2790 2801 2857 malum,
2892 2792 3099 2847 vermis
3164 2798 3414 2861 reptans,

1837 2882 2030 2937 Adami
2100 2884 2539 2949 contubernalis,
2608 2883 2880 2939 mendacii
2957 2883 3090 2951 lilia,
3164 2885 3415 2941 custodia

1842 2975 2103 3043 paradisi,
2133 2976 2412 3046 expultrix
2468 2975 2692 3042 Adami,
2724 2976 2906 3032 hostis
2942 2976 3284 3047 perniciosa,
3316 2994 3414 3048 pa-

1837 3082 1916 3121 CIS
1944 3082 2188 3125 Inimica.

240 3152 313 3203 Οὐ
338 3151 414 3222 τῷ
443 3150 582 3222 ξύλῳ
605 3154 634 3204 6
656 3154 785 3217 Θεὸς
844 3156 1137 3224 ἐχαρίσατο
1167 3156 1265 3225 τὴν
1312 3157 1517 3222 γνῶσιν
1565 3156 1733 3212 καλοῦ
1764 3147 1806 3204 C

1764 3147 1806 3204 C
1912 3155 2054 3211 Deus
2076 3158 2203 3211 boni
2237 3158 2452 3212 et'mali
2494 3158 2789 3212 scientiam
2842 3158 2990 3228 ligno
3021 3173 3132 3213 non
3166 3159 3414 3229 praebue-

169 3244 267 3295 καὶ.
294 3245 552 3313 πονηροῦ,
591 3245 715 3298 οὔτε
746 3247 1129 3317 κατεκρέμασε
1160 3248 1223 3300 τὸ
1251 3248 1466 3315 λογικὸν
1490 3250 1586 3302 τοῦ
1609 3250 1738 3304 ἀλό-

168 3353 292 3403 γου.
324 3336 398 3389 Τὸ
419 3338 526 3407 γὰρ
567 3339 733 3407 φυτὸν
761 3340 954 3407 ἄλογον
975 3381 990 3403 ,
1027 3342 1056 3393 ὁ
1081 3340 1138 3393 δὲ
1178 3340 1461 3410 ἄνθρωπος
1500 3342 1735 3410 λογικός.

170 3429 289 3480 Ούκ
307 3423 373 3498 ἦν
399 3428 457 3480 τὸ
489 3429 642 3494 ξύλον
670 3431 836 3484 καλοῦ
871 3433 965 3483 καὶ
995 3432 1235 3503 πονηροῦ
1265 3433 1384 3501 ἕχον
1420 3435 1642 3501 γνῶσιν.
1674 3435 1738 3487 Εἰ

168 3520 226 3572 δὲ
260 3519 319 3573 τὸ
345 3519 501 3583 ξύλον
528 3516 643 3591 εἶχε
677 3524 879 3588 γνῶσιν
906 3523 1144 3589 πάντως,
1177 3525 1269 3577 καὶ
1309 3525 1526 3593 λογικὸν
1561 3526 1739 3596 ὑπῆρ-

168 3627 289 3677 χεν,
322 3612 448 3677 ἔδει,
496 3614 595 3682 τῆς
647 3614 788 3677 Εὔας
836 3615 1103 3686 ἀπιούσης
1149 3615 1333 3667 λαϐεῖν
1376 3616 1470 3668 τοῦ
1498 3616 1737 3686 καρποῦ,

168 3704 345 3756 εἰπεῖν
371 3704 431 3757 τὸ
454 3704 670 3776 δένδρον
698 3708 835 3776 πρὸς
862 3708 959 3778 τὴν
981 3711 1212 3775 γυναῖκα
1231 3727 1243 3739 ·
1262 3709 1327 3763 Τί
1347 3712 1540 3776 ποιεῖς,
1563 3712 1694 3778 γυνή
1719 3727 1735 3775 ;

170 3795 348 3858 θέλεις
376 3798 441 3849 ὲκ
464 3799 553 3849 τοῦ
578 3798 789 3866 καρποῦ
824 3817 922 3868 μου
952 3801 1283 3868 γεύσασθαι;
1316 3801 1391 3873 μὴ
1423 3802 1622 3873 φάγῃς.
1650 3802 1738 3854 ἵνα

175 3889 252 3959 μὴ
292 3890 586 3963 ἀποθάνῃς.
628 3893 783 3944 Κατά
834 3893 1066 3963 σεαυτῆς
1102 3893 1281 3963 βούλει
1336 3911 1404 3962 με
1443 3897 1732 3966 τρυγῆσαι.

171 3982 364 4052 Τέρπῃ
404 4001 506 4051 μου
542 3983 619 4054 τῷ
657 3985 874 4055 καρπῷ,
909 3985 1046 4039 ἀλλά
1086 3985 1315 4049 ⁴θάνατος
1342 3985 1608 4054 ἔγκειται.
1645 3984 1736 4055 Μὴ

171 4074 283 4141 γάρ
311 4073 408 4125 οὐκ
440 4072 585 4142 ἔχεις
632 4074 692 4137 ἐξ
736 4068 811 4127 ὧν
850 4074 1029 4146 φάγῃς
1051 4091 1067 4138 ;
1092 4076 1156 4128 Τί
1182 4072 1275 4128 οὖν
1302 4076 1401 4127 οὐκ
1439 4074 1736 4139 ἀπολαύεις

168 4161 489 4224 ἀκινδύνως,
525 4163 637 4215 ἀλλ’
664 4164 948 4232 ἐπιθυμεῖς
971 4164 1260 4235 όλεθρίως;
1289 4164 1484 4229 θέλεις,
1524 4166 1737 4218 καλέσω

170 4256 267 4306 τὸν
292 4254 458 4323 ἄνδρα
488 4272 600 4319 σου,
631 4256 726 4308 καὶ
764 4258 903 4309 εἴπω
922 4256 1020 4327 τὴν
1048 4257 1247 4324 πρᾶξίν
1278 4259 1498 4323 σου,ἴνα
1531 4260 1738 4332 μισήσῃ

169 4349 274 4415 τὴν
309 4347 526 4417 γνώμην
551 4365 677 4415 σου;
722 4349 838 4402 Ἵνα
868 4350 933 4402 σὺ
960 4349 1220 4420 τερφθῇς,
1248 4350 1456 4412 ἐκεῖνος
1481 4351 1739 4419 ἀφανίζε-

168 4458 294 4492 ται’
331 4441 416 4494 ἵνα
458 4443 522 4494 σὺ
556 4443 755 4513 φάγῃς,
785 4444 991 4506 ἐκεῖνος
1044 4443 1406 4512 ἀποθνήσκει’
1445 4443 1531 4495 ἵνα
1561 4444 1626 4496 σὺ
1661 4442 1739 4510 τῷ

1843 3255 1950 3310 rat,
1981 3262 2085 3302 nec
2112 3263 2226 3303 rem
2255 3249 2468 3305 ratione
2491 3249 2808 3318 praeditam,
2829 3265 2897 3305 ex
2920 3265 2987 3305 eo
3016 3251 3165 3320 quod
3196 3252 3414 3306 ratione

1840 3340 2087 3401 carebat,
2146 3341 2387 3410 pendere
2412 3342 2685 3396 voluerat.
2719 3341 2900 3396 Arbor
2945 3343 3153 3411 quippe
3188 3343 3415 3396 carebat

1839 3433 2051 3487 ratione
2081 3447 2095 3482 :
2130 3432 2295 3486 homo
2327 3448 2461 3487 vero
2489 3433 2703 3487 ratione
2732 3431 3021 3501 praeditus.
3052 3430 3172 3486 Non
3201 3447 3265 3487 ea
3294 3442 3414 3487 erat

1840 3523 2024 3590 arbor,
2057 3529 2116 3577 ut
2145 3523 2273 3577 boni
2310 3533 2364 3577 et
2392 3524 2521 3577 mali
2551 3523 2838 3579 scientiam
2874 3522 3128 3579 haberet.
3155 3522 3251 3578 Sin
3278 3539 3411 3578 vero

1839 3615 2049 3684 lignum
2101 3616 2335 3670 scientia
2376 3617 2705 3671 instructum
2749 3616 2970 3681 fuisset,
3000 3618 3162 3686 plane
3186 3632 3408 3686 quoque

1842 3708 2040 3763 fuisset
2089 3707 2356 3762 rationale
2390 3726 2403 3762 :
2461 3716 2627 3778 atque
2667 3723 2794 3762 cum
2836 3707 2946 3762 Eva
2978 3708 3046 3762 ad
3080 3708 3410 3763 sumendum

1842 3801 2076 3853 fructum
2109 3813 2169 3854 se
2202 3808 2567 3866 compararet,
2595 3798 2879 3854 debuisset
2899 3800 3069 3853 arbor
3095 3799 3182 3853 his
3198 3799 3265 3852 ad
3288 3814 3408 3853 eam

1838 3890 2021 3944 verbis
2079 3889 2199 3945 uti:
2257 3888 2398 3954 Quid
2452 3891 2604 3958 agis,
2671 3890 2917 3945 mulier?
2977 3890 3109 3960 quid
3166 3890 3409 3944 fructum

1841 3997 2021 4037 meum
2062 3982 2221 4052 cupis
2250 3983 2510 4052 gustare?
2552 3997 2619 4038 ne
2656 3982 2985 4044 comederis.
3016 3998 3089 4037 ne
3126 3983 3408 4036 moriaris.

1841 4075 1896 4127 In
1942 4075 2021 4129 tui
2074 4075 2375 4145 perniciem
2427 4076 2511 4129 vis
2541 4090 2627 4130 me
2676 4076 2997 4146 decerpere.
3046 4073 3252 4129 Fructu
3286 4090 3410 4128 meo

1838 4167 2163 4221 delectaris:
2204 4181 2392 4221 verum
2434 4166 2564 4220 huic
2598 4182 2746 4219 mors
2792 4166 3014 4220 insidet.
3056 4165 3255 4219 Annon
3309 4166 3406 4218 ha-

1841 4256 1938 4311 bes
1969 4256 2174 4326 quibus
2201 4257 2479 4311 vescaris?
2529 4256 2675 4322 Quid
2710 4272 2842 4325 ergo
2867 4272 2933 4309 ex
2970 4256 3038 4310 iis
3069 4257 3279 4322 absque
3310 4271 3409 4324 pe-

1841 4345 2017 4398 riculo
2078 4361 2187 4400 non
2239 4361 2450 4411 sumas,
2498 4345 2593 4399 sed
2641 4360 2705 4400 ea
2756 4346 2971 4415 appetis
3007 4361 3132 4415 quae
3177 4346 3406 4399 exitium

1841 4436 2110 4491 afferant?
2141 4434 2237 4491 Vis
2284 4437 2541 4490 maritum
2593 4446 2745 4491 tuum
2797 4452 3100 4503 accersam,
3142 4448 3409 4507 tuumque

169 4532 297 4598 ὄφει
342 4532 769 4602 προσομιλήσῃς,
816 4534 1020 4595 ἐκεῖνος
1049 4532 1143 4585 τοῦ
1167 4532 1301 4585 Θεοῦ
1336 4531 1736 4603 ἀλλοτριοῦται.
1772 4517 1815 4572 D

1772 4517 1815 4572 Β
1844 4529 1894 4582 ei
1922 4528 2135 4583 facinus
2166 4543 2461 4597 exponam,
2495 4537 2553 4582 ut
2580 4530 2920 4583 voluntatem
2956 4538 3106 4583 tuam
3147 4529 3274 4583 odio
3307 4529 3409 4582 lia-

185 4622 329 4675 Ἀλλ’
356 4623 507 4675 οὐδὲν
554 4624 756 4676 τούτων
784 4620 905 4676 εἷπε
952 4624 1011 4676 τὸ
1034 4623 1270 4693 δένδρον.
1300 4626 1400 4678 Διά
1438 4625 1523 4690 ci;
1572 4625 1656 4678 ὅτι
1677 4627 1736 4679 οὐ

176 4715 397 4783 μετεῖχε
427 4713 607 4779 λόγου,
653 4714 790 4768 ἀλλά
816 4714 980 4784 νόμον
1026 4714 1346 4777 ἐϐάσταζεν.
1383 4716 1596 4785 Ὥσπερ
1630 4715 1739 4786 γὰρ

177 4803 385 4871 βιϐλίον
427 4804 727 4872 ὁλόγραφον
758 4805 817 4856 οὐ
851 4804 1147 4872 φθέγγεται
1190 4805 1258 4855 δι’
1300 4806 1487 4868 αὑτοῦ,
1511 4806 1661 4858 λαλεῖ
1683 4807 1739 4860 δὲ

174 4892 267 4943 διὰ
294 4892 402 4944 τῶν
428 4895 483 4943 ἐν
505 4893 673 4961 αὐτῷ,
706 4895 846 4946 ούτω
876 4895 968 4947 καὶ
997 4894 1057 4946 τὸ
1093 4895 1307 4962 δένδρον
1333 4897 1452 4949 ἀντὶ
1481 4899 1741 4967 γραμμά-

173 4999 288 5033 των
315 4982 403 5033 τὸν
426 4983 587 5051 νόμον
620 4983 997 5052 προεϐάλλετο.
1022 4986 1177 5037 Ποῖον
1194 4985 1388 5053 νόμον;
1418 4989 1552 5041 Ἀπὸ
1584 5001 1737 5039 παν-

175 5077 283 5139 τὸς
305 5076 492 5136 ξύλου
515 5076 621 5127 τοῦ
656 5076 970 5144 γινώσκειν
998 5078 1186 5130 καλὸν
1232 5078 1331 5131 καὶ
1361 5080 1628 5145 πονηρὸν
1665 5081 1737 5133 οὐ

176 5166 443 5233 φάτεσθε
466 5166 565 5219 ἀπ’
587 5167 793 5220 αὐτοῦ.
825 5164 907 5238 ⁷ῌ
929 5168 980 5218 δ’
1014 5168 1090 5221 ἂν
1122 5170 1311 5237 ἡμέρᾳ
1330 5170 1575 5238 φάγητε,
1633 5176 1738 5225 θα-

173 5259 336 5319 νάτῳ
370 5258 790 5312 ἀποθίινεῖσθε.·
833 5259 897 5309 Τί
948 5255 1038 5311 οὖν
1089 5263 1117 5312 ὁ
1142 5262 1410 5328 Μωῦσῆς;
1439 5261 1640 5328 λεγέτω
1668 5262 1737 5315 τά

175 5350 469 5403 ἀκόλουθα.
504 5350 612 5402 Καὶ
637 5346 872 5425 εἶπενδ
909 5350 1073 5415 Θεὸς,
1117 5354 1188 5405 οὐ
1213 5352 1404 5405 καλὸν
1436 5349 1589 5405 εἶναι
1631 5354 1737 5407 τὸν

177 5442 492 5509 ἄνθρωπον
512 5442 705 5508 μόνον
725 5458 738 5469 ’
785 5441 1129 5510 ποιήσωμεν
1153 5442 1310 5506 αὐτῷ
1342 5445 1576 5510 ,βοηθὸν
1608 5448 1735 5498 κατ’

175 5532 385 5585 αυτόν.
413 5531 632 5600 Βοηθὸν,
659 5532 757 5583 ούκ
778 5531 1157 5601 ἀνδροκτόνον
1184 5532 1393 5600 βοηθὸν,
1426 5534 1485 5585 οὐ
1511 5533 1731 5586 πλάνον⁹

181 5624 395 5694 βοηθὸν,
428 5625 528 5676 οὐκ
554 5624 865 5677 ἐπίϐουλονο
900 5625 1110 5693 βοηθὸν,
1139 5626 1238 5676 οὐκ
1270 5625 1537 5677 ἀντίδικον
1558 5642 1569 5653 ο
1607 5626 1734 5695 βοη-

178 5720 294 5777 θὸν,
329 5719 425 5788 οὐχ
482 5718 620 5788 ὑπὲρ
664 5718 855 5772 αὐτόν·
914 5718 1032 5771 κατ’
1079 5716 1256 5781 αὑτὸν,
1286 5716 1346 5768 ού
1378 5716 1494 5769 κατ’
1544 5718 1728 5772 αὐτοῦ.

180 5806 287 5860 lia?
316 5807 527 5859 ἑληὰν
563 5810 592 5860 ό
615 5808 749 5872 τὶἐιῗς
782 5807 881 5861 τίὲν
906 5806 1231 5874 ἄνθρωπον,
1252 5805 1432 5874 φησὶν,
1462 5804 1531 5859 'c'r
1552 5806 1731 5858 ἐπλα-

1840 4619 1998 4675 beat?
2023 4618 2090 4674 Ut
2115 4628 2171 4673 tu
2203 4621 2485 4685 comedas,
2511 4621 2602 4675 ille
2630 4621 2897 4686 moritur;
2930 4631 2988 4674 ut
3014 4629 3069 4672 ιιι
3088 4621 3405 4684 delecteris,

1840 4710 1934 4764 ille
1980 4711 2383 4780 exstinguitur;
2415 4721 2470 4764 ut
2523 4718 2581 4764 tu
2634 4726 2760 4764 cum
2821 4720 3077 4779 serpente
3132 4712 3407 4780 colloquia

1840 4802 2093 4864 misceas,
2134 4802 2228 4855 ille
2272 4803 2487 4856 alienus
2534 4817 2564 4855 a
2598 4801 2708 4855 Deo
2759 4801 3011 4858 efficitur.
3044 4802 3114 4855 At
3144 4802 3282 4855 nihil
3311 4804 3408 4856 lio-

1840 4909 1961 4946 rum
2001 4894 2166 4949 arbor
2210 4895 2392 4947 locuta
2433 4901 2537 4948 est.
2572 4894 2715 4959 Quid
2764 4894 2948 4949 istud?
2990 4894 3119 4962 quia
3172 4894 3406 4950 rationis

1839 4998 2038 5050 expers
2068 4993 2209 5048 erat,
2241 4984 2336 5038 sed
2385 4985 2556 5053 legem
2603 4994 2817 5039 tantum
2863 4986 3135 5055 gestabat.
3168 4984 3305 5040 Nam
3337 4987 3409 5040 si-

1838 5084 1937 5128 cut
1971 5075 2133 5141 liber,
2160 5076 2252 5145 qui
2286 5084 2436 5130 totus
2479 5077 2826 5145 conscriptus
2869 5086 2975 5140 est,
3009 5076 3146 5130 nihil
3186 5092 3257 5131 ex
3315 5093 3407 5132 se-

1840 5166 1961 5236 ipso
1990 5169 2256 5237 loquitur,
2302 5169 2552 5238 loquitur
2608 5184 2740 5223 vero
2783 5185 2881 5238 per
2927 5186 2991 5225 ea
3036 5185 3155 5238 qua:
3195 5169 3250 5223 in
3283 5169 3422 5238 ipso.

1838 5268 2002 5313 sunt:
2036 5263 2106 5313 ita
2142 5277 2368 5329 quoque
2415 5261 2579 5315 arbor
2617 5276 2720 5331 pro
2760 5262 2961 5316 litteris
3005 5262 3177 5331 legem
3212 5261 3415 5329 prmio!

1839 5352 2010 5405 rebat.
2047 5351 2221 5417 Quam
2269 5368 2399 5406 vero
2445 5354 2664 5424 legem?
2706 5352 2776 5407 De
2821 5355 2961 5424 ligno
3021 5354 3256 5407 scicntia
3281 5352 3403 5405 boni

1838 5453 1885 5494 et
1937 5443 2063 5494 mali
2112 5459 2174 5495 ne
2206 5443 2513 5496 comedetis.
2544 5442 2608 5496 In
2637 5460 2945 5512 quacunque
2986 5446 3122 5498 enim
3154 5444 3240 5498 die
3264 5460 3404 5497 com-

1836 5533 2051 5587 ederitis
2080 5572 2095 5595 ,
2143 5544 2314 5587 morte
2392 5536 2692 5588 moriemini
2750 5534 2929 5604 (Gen.
2974 5553 3032 5601 ιι,
3089 5536 3210 5604 17).
3260 5535 3401 5600 Quid

1837 5624 2003 5691 igitur
2060 5625 2309 5694 Moyses?
2372 5626 2521 5679 dicat
2588 5642 2710 5695 qum
2760 5636 3085 5697 sequuntur.
3145 5625 3214 5679 Et
3266 5626 3402 5677 dixit

1836 5716 2022 5770 Deus:
2057 5717 2178 5770 Non
2228 5725 2305 5769 est
2366 5720 2558 5771 bonum
2603 5718 2864 5773 hominem
2915 5736 3027 5772 esse
3067 5719 3277 5772 solum:
3320 5718 3403 5784 fa-

1837 5808 2038 5862 ciamus
2088 5809 2134 5860 ei
2188 5808 2499 5865 adiutricem
2529 5810 2752 5865 similem
2790 5812 2889 5863 sibi
2926 5808 3102 5876 (Ibid.
3131 5809 3258 5878 18).
3289 5808 3400 5862 Ad-
