4210 6448
814 407 944 473 1331

1991 401 2050 458 S.
2080 394 2398 460 JOANNIS
2429 390 2855 453 DAMASCENI

3902 379 4040 445 1332

805 524 1089 590 jutriccm,
1139 517 1338 590 inquit,
1388 530 1495 569 non
1543 513 1704 587 415
1739 513 1843 567 viri
1880 509 2225 573 carniﬁcem;
2266 507 2368 560 ad-
2396 514 2442 567 Α

2396 514 2442 567 Α
2470 521 2563 566 σε,
2596 502 2692 557 καὶ
2723 504 2888 556 ἔθετο
2915 499 3101 554 αὑτὸν
3132 499 3204 552 ἐν
3257 497 3338 564 τῷ
3385 497 3726 565 παραδείσῳ
3745 495 3856 564 τῆς
3895 513 4037 564 τρυ-

805 613 1089 682 jutricem,
1172 624 1284 664 non
1349 607 1750 672 seductricem;
1833 603 2180 671 adiutricem,
2256 614 2369 653 non

816 703 1252 760 insidiatricem:
1313 699 1662 768 adiutricem,
1693 712 1802 752 non
1845 689 2371 756 adversariam;ad-

812 797 1090 867 jutricem,
1153 808 1263 848 non
1307 791 1687 861 superiorem:
1741 786 2026 842 secundum
2078 800 2218 848 eum,
2273 797 2370 837 seu

815 888 1046 943 similem
1083 887 1280 956 ipsius,
1321 900 1428 938 non
1461 892 1653 937 contra
1701 881 1904 952 ipsum.
1936 878 2003 932 Et
2035 875 2252 946 accepit,
2285 874 2374 928 in~

814 977 954 1045 quit,
992 974 1134 1028 Deus
1192 974 1453 1025 hominem
1503 987 1655 1040 quem
1687 969 2053 1039 "armaverat,
2096 975 2146 1020 et
2194 965 2372 1034 posuit

812 1069 966 1121 illum
1011 1068 1067 1120 in
1104 1064 1356 1132 paradiso
1394 1064 1702 1130 voluptatis.
1745 1059 1887 1125 Quid
1930 1072 2095 1129 porro
2121 1055 2368 1116 affertur,

813 1159 1168 1229 quamobrem
1205 1157 1348 1212 Deus
1385 1155 1654 1209 Adamum
1692 1161 1845 1207 extra
1885 1148 2204 1221 paradisum
2243 1163 2374 1204 con-

813 1251 1037 1315 diderit,
1089 1265 1326 1318 cumque
1365 1255 1520 1302 extra
1554 1244 1872 1316 paradisum
1906 1242 2370 1304 formasseteum,

813 1342 941 1396 illuc
968 1342 1148 1411 ipsum
1185 1339 1506 1402 collocarit;
1535 1337 1588 1390 in
1639 1333 1900 1404 paradiso
1939 1343 2120 1389 autem
2149 1347 2217 1388 ex
2247 1331 2370 1400 ejus

813 1442 968 1488 costa
1017 1433 1177 1486 Evam
1225 1432 1524 1487 fabricatus
1571 1429 1679 1484 sit?
1723 1426 1867 1494 Quid
1914 1441 2095 1480 causa:
2136 1433 2241 1490 est,
2271 1439 2373 1478 cur

813 1540 925 1581 non
973 1525 1260 1579 mulierem
1308 1538 1528 1593 quoque
1578 1531 1736 1577 extra
1782 1519 2094 1591 paradisum
2125 1517 2371 1584 tinxerit,

812 1626 980 1688 atque
1015 1617 1090 1671 ita
1121 1616 1343 1670 demum
1380 1617 1436 1668 in
1469 1613 1783 1684 paradisum
1838 1610 2229 1667 transtulerit?
2272 1611 2374 1664 uti-

813 1725 920 1779 que
953 1724 1018 1763 ne
1044 1708 1283 1762 disceret
1314 1713 1467 1761 extra
1491 1705 1713 1760 domum
1761 1719 1916 1760 suam
1976 1701 2244 1773 divagari,
2275 1700 2374 1757 sed

814 1799 960 1852 domi
1021 1813 1080 1851 se
1139 1796 1446 1861 continere,
1496 1794 1922 1849 domesticarum
1971 1807 2152 1848 rerum
2181 1807 2372 1846 curam

814 1889 1042 1960 agendo.
1079 1887 1214 1941 Nam
1244 1902 1396 1952 cum,
1431 1887 1560 1942 licet
1589 1885 1766 1941 eilicta
1799 1885 1967 1940 fuerit
1996 1885 2052 1940 in
2087 1884 2371 1956 paradiso,

811 1982 927 2034 iilic
952 1990 1138 2036 tamen
1173 1995 1280 2034 non
1324 1978 1710 2048 permanserit,
1743 1977 1839 2031 sed
1878 1985 1932 2030 et
1967 1976 2209 2045 seipsam
2245 1976 2374 2029 hinc

811 2073 1129 2138 extruserit,
1160 2070 1432 2140 simulque
1463 2069 1730 2123 Adamum
1764 2067 2073 2132 abduxerit,
2107 2066 2238 2137 quid
2263 2081 2373 2120 non

810 2171 1028 2223 factura
1053 2176 1192 2232 erat,
1227 2167 1276 2220 si
1321 2163 1542 2219 condita
1579 2173 1735 2218 extra
1784 2163 2102 2233 paradisum
2134 2163 2377 2219 fuisset?

811 2263 894 2317 Ab
922 2277 983 2316 ea
1041 2261 1213 2330 igitur
1259 2256 1522 2327 improba:
1565 2257 1904 2310 mulierculae
1951 2255 2267 2311 didicerunt
2307 2257 2377 2311 de

811 2359 974 2407 domo
1001 2351 1056 2406 in
1083 2352 1306 2405 domum
1339 2348 1771 2404 circumradere.
1803 2349 1952 2414 Quas
1988 2348 2154 2402 etiam
2183 2347 2376 2403 beatus

811 2442 1018 2497 l’aulus
1071 2441 1155 2496 his
1199 2438 1382 2494 verbis
1443 2438 1742 2493 insectatus
1798 2446 1923 2492 est:
1986 2436 2162 2491 Simul
2215 2438 2377 2490 etiam

814 2537 996 2588 otiosa!
1042 2532 1255 2586 discunt
1300 2531 1581 2585 circumire
1630 2528 1814 2582 domos
1853 2527 1919 2598 (ι
1951 2530 2084 2582 Tim.
2147 2545 2200 2594 ν,
2247 2529 2373 2598 15).

817 2627 941 2681 "ch
973 2640 1115 2680 uxor
1143 2623 1246 2680 Job
1268 2622 1633 2688 addidicerat,
1653 2635 1778 2675 cum
1818 2620 2074 2674 maritum
2107 2634 2268 2675 suum
2298 2624 2379 2675 sic

814 2718 1239 2787 alloquebatur:
1280 2715 1390 2786 Ego
1431 2729 1564 2783 vaga
1618 2723 1668 2766 et
1699 2713 1904 2778 [amula
1951 2726 2090 2772 sum,
2115 2711 2286 2765 eloco
2321 2714 2380 2765 in

815 2815 987 2866 locum
1022 2809 1397 2870 obambulans,
1451 2816 1502 2860 et
1543 2821 1570 2859 e
1601 2805 1756 2858 domo
1795 2805 1851 2857 in
1883 2803 2119 2856 domum.
2146 2801 2286 2871 (Job
2317 2817 2376 2868 ιι,

813 2906 847 2958 9
902 2920 1006 2958 sec.
1062 2900 1265 2972 LXX).
1305 2900 1574 2954 Caeterum
1622 2912 1735 2950 non
1766 2895 1836 2949 ab
1868 2908 1928 2948 re
1962 2893 2123 2958 dixit,
2163 2894 2381 2948 erratri-

813 3011 970 3050 cem:
1005 2992 1210 3063 quippe
1242 3006 1365 3061 qua:
1396 2989 1750 3057 impostorem
1795 2985 1850 3036 in
1894 2983 2075 3051 seipsa
2130 2982 2376 3038 haberet.

814 3087 884 3139 At
915 3101 981 3139 ne
1009 3083 1136 3154 quis
1161 3082 1424 3149 deinceps
1463 3077 1626 3132 velim
1674 3075 1728 3129 in
1773 3073 1937 3126 Evam
1988 3072 2275 3127 maledicta
2301 3074 2380 3142 ja-

2470 598 2610 668 φῆς.
2644 595 2798 659 Τίνος
2819 589 2910 647 οὖν
2929 594 3136 655 ἕνεκεν,
3162 592 3253 644 τὸν
3281 591 3381 661 μὲν
3405 591 3575 660 Ἀδὰμ
3599 589 3704 655 ἔξω
3734 589 3830 643 τοῦ
3855 606 4042 659 παρτν

2469 692 2646 744 δείσου
2677 689 2899 752 ἔπλασε,
2938 686 3032 741 καὶ
3065 685 3169 751 ἔξω
3196 683 3406 745 πλάσας
3450 684 3531 744 είς
3581 682 3674 733 τὸν
3704 680 4041 751 παράδεισον

2472 784 2644 847 ἔθετο,
2685 784 2742 838 ὲν
2776 782 2833 836 δὲ
2882 780 2961 852 τῷ
3013 777 3326 851 παραδείσῳ
3354 779 3418 830 ὲκ
3444 776 3547 843 τῆς
3589 776 3830 846 πλευρᾶς
3865 772 4040 826 αὑτοῦ

2470 875 2573 946 τὴν
2614 874 2760 928 Εὕαν
2797 870 3198 944 ἐδημιούργησε
3218 887 3234 937 ;
3257 868 3356 922 Διά
3387 868 3440 922 τί
3459 868 3554 922 οὖν
3588 867 3662 939 μὴ
3690 869 3784 920 καὶ
3809 868 3912 936 τὴν
3940 883 4040 933 γυ-

2471 973 2632 1023 ναῖκα
2677 968 2906 1022 ἔπλασεν
2935 965 3040 1030 ἔξω
3085 963 3181 1016 τοῦ
3225 962 3579 1034 παραδείσου,
3608 960 3705 1014 καὶ
3731 954 3834 1013 εἷθ’
3860 958 4040 1019 οὕτως

2473 1063 2641 1130 αὐτὴν
2671 1063 2750 1124 είς
2773 1060 2866 1113 τὸν
2895 1058 3227 1129 παράδεισον
3257 1055 3596 1126 μετῴκισενς
3632 1054 3721 1106 ἵνα
3766 1052 3841 1123 μὴ
3885 1050 4038 1120 μάθῃ

2473 1154 2577 1218 ἔξω
2603 1153 2698 1206 τοῦ
2734 1151 2931 1222 ἑαυτῆς
2960 1150 3110 1204 οἴκου
3143 1147 3459 1220 ῥέμϐεσθαι,
3485 1147 3578 1200 καὶ
3606 1145 3698 1199 τοῦ
3730 1145 3863 1199 ἰδίου
3888 1145 4038 1196 οἴκου

2473 1245 2810 1315 ἀντέχεσθαι.
2849 1246 2910 1298 Εἰ
2943 1244 3052 1314 γὰρ
3085 1243 3180 1297 καὶ
3205 1241 3263 1295 ὲν
3281 1239 3361 1311 τῷ
3385 1239 3695 1312 παραδείσῳ
3713 1235 4038 1305 διεπλάσθη,

2473 1340 2570 1393 καὶ
2597 1340 2696 1392 οὐκ
2733 1337 3128 1408 ἐκαρτέρησεν,
3157 1335 3294 1388 άλλά
3315 1333 3410 1387 καὶ
3441 1331 3639 1400 ἑαυτὴν
3677 1330 3902 1394 ἐξέωσε,
3946 1329 4041 1380 καὶ

2472 1431 2565 1485 τὸν
2603 1429 2774 1500 Ἀδὰμ
2810 1429 3161 1498 ἡλλοτρίωσε,
3205 1427 3258 1480 τί
3310 1423 3502 1496 ἔμελλε
3535 1423 3814 1496 πράττειν,
3856 1422 3908 1472 εί
3937 1419 4043 1484 ἔξω

2472 1522 2566 1575 τοῦ
2598 1520 2933 1593 παραδείσου
2977 1516 3306 1588 διεπλάσθη;
3351 1517 3447 1571 Ἐκ
3476 1515 3690 1586 ταύτης
3736 1513 3946 1584 ἔμαθον
3985 1513 4042 1565 αἱ

2473 1615 2675 1685 φαῦλαι
2706 1615 2962 1683 γυναῖκες
2979 1612 3158 1666 οίκίαν
3187 1609 3246 1676 ἐξ
3273 1610 3451 1671 οίκίας
3495 1606 3914 1680 περιέρχεσθαι.
3945 1608 4045 1665 ’Ᾱς

2473 1708 2744 1772 ὀνειδίζων
2770 1709 2800 1760 ὁ
2831 1706 3099 1776 μακάριος
3136 1703 3346 1766 Παῦλος
3386 1702 3603 1770 ἔλεγεν·
3636 1703 3784 1768 Ἅμα
3827 1698 3899 1752 δὲ
3945 1698 4045 1751 καὶ

2475 1800 2642 1870 ὀργαί
2691 1797 3103 1870 μανθάνουσι,
3149 1795 3598 1864 περιερχόμεναι
3655 1795 3763 1856 τὰς
3823 1793 4042 1854 οἰκίας.

2475 1891 2660 1944 Ταῦτα
2711 1888 3079 1959 ὲμαθήτευσεν
3126 1887 3162 1956 ή
3212 1883 3351 1955 γυνὴ
3398 1882 3492 1936 τοῦ
3533 1881 3686 1935 Ἰὼϐ·
3743 1879 3903 1947 ἔλεγε
3935 1881 4047 1950 γὰρ

2476 1983 2609 2051 πρὸς
2635 1981 2728 2033 τὸν
2756 1979 2888 2032 ίδιον
2920 1978 3088 2048 ἀνδρα
3113 1992 3130 2009 ο
3180 1973 3329 2043 Ἐγὼ
3373 1971 3670 2040 πλανῆτις
3693 1971 3793 2024 καί
3831 1971 4046 2037 λάτρις

2474 2073 2884 2144 τυγχάνουσα,
2909 2073 3099 2125 τόπον
3128 2069 3195 2122 ἐκ
3220 2069 3410 2122 τόπου
3441 2063 3894 2134 περιερχομένη,
3946 2065 4043 2114 καί

2475 2168 2671 2221 οὶκίαν
2697 2165 2766 2228 ἐξ
2795 2163 3008 2227 οἰκίας.
3039 2159 3237 2222 Καλῶς
3282 2153 3402 2211 είπε
3449 2158 3710 2227 πλανῆτις
3733 2173 3747 2186 ·
3793 2156 3886 2208 τὸν
3936 2155 4048 2222 γάρ

2476 2259 2676 2313 πλάνον
2710 2255 2855 2328 εἶχεν
2874 2258 2932 2309 ἐν
2963 2257 3146 2324 ἑαυτῇ.
3165 2251 3326 2306 Ἀλλά
3357 2251 3566 2322 μηδεὶς,
3584 2248 3913 2318 παρακαλῶ,
3949 2248 4046 2298 τοῦ

2476 2352 2665 2406 λοιποῦ
2689 2349 2999 2420 λοιδορείτω
3028 2345 3127 2418 τὴν
3171 2345 3338 2399 Εὕαν.
3378 2346 3450 2397 Ἠ
3482 2345 3591 2412 γάρ
3619 2342 3749 2410 ἁγία
3781 2341 4046 2401 Geo-nixo;

2481 2445 2752 2516 Παρθένος
2777 2441 2876 2513 τὴν
2903 2439 3062 2511 ὖόριν
3084 2437 3252 2507 αὐτῆς
3285 2434 3662 2506 ἀπεγράψατο.
3710 2431 3774 2484 Εἰ
3810 2432 3922 2499 γὰρ
3956 2432 4046 2481 καὶ

2478 2538 2832 2608 ἀτακτήσασα
2871 2531 3157 2602 συνόμιλος
3180 2529 3258 2596 τῷ
3285 2528 3406 2597 ὄφει
3435 2527 3656 2595 γέγονεν
3676 2542 3690 2556 ο
3738 2523 3853 2576 ἀλλ’
3897 2523 4044 2591 ὅμως

2476 2628 2565 2681 διὰ
2588 2629 2686 2697 τῆς
2738 2623 3085 2692 τεκνογονίας
3112 2622 3174 2675 τὸ
3213 2620 3375 2688 ἀλγος
3409 2618 3507 2687 τῆς
3530 2616 3756 2687 ἀνομίας
3788 2612 4043 2674 ἀπέθετο,

2479 2719 2660 2780 καθὼς
2708 2718 2804 2770 καὶ
2830 2717 2859 2768 ὁ
2915 2714 3238 2774 Ἀπόστολος
3288 2709 3658 2780 ἐμνημόνευσε
3717 2707 3897 2774 λέγων
3921 2722 3937 2735 ·
3979 2706 4047 2759 Ἡ

2477 2807 2633 2878 γυνὴ
2660 2804 3037 2874 ἀπατηθεῒσα
3059 2803 3130 2857 ἐν
3169 2800 3500 2871 παραϐάσει
3541 2799 3809 2868 γέγονεν,
3842 2797 4041 2864 σωθή-

2478 2902 2649 2954 σεται
2669 2898 2738 2952 δὲ
2760 2896 2858 2950 διὰ
2883 2895 2990 2964 τῆς
3003 2895 3408 2964 τεκνογονίας.
3434 2892 3600 2954 Ποιάς
3624 2909 3638 2957 ;
3662 2893 3724 2944 ὲκ
3749 2891 3847 2960 μὲν
3879 2889 4049 2942 αὐτοῦ

2478 2992 2574 3046 τοῦ
2616 2991 2788 3060 ’Δδάμ
2837 2991 2888 3042 οἱ
2936 2986 3290 3057 γεννηθέντες
3340 2984 3548 3046 παῖδες,
3575 2982 3668 3036 ἀπ’
3698 2980 3881 3036 αὐτῶν
3910 2981 3969 3034 δὲ
3999 2981 4049 3031 οἱ

2485 3083 2601 3154 μετ’
2641 3081 2904 3144 ἐκείνους,
2961 3075 3080 3132 εἶτα
3135 3079 3182 3130 οἱ
3241 3075 3601 3148 πατριάρχαι,
3659 3075 3708 3126 οἱ
3743 3071 4045 3143 προφῆται,

815 3181 944 3235 ciat.
985 3176 1199 3231 Etenim
1239 3181 1430 3227 sancta
1472 3167 1564 3224 Dei
1613 3166 1864 3221 Genitrix
1905 3163 2074 3234 Virgo
2106 3166 2372 3233 probrum
2406 3193 2448 3248 ρ

2406 3193 2448 3248 C
2481 3175 2666 3239 Δαῦὶδ,
2695 3172 2790 3227 καὶ
2815 3172 2878 3224 τὸ
2898 3169 3040 3224 κατὰ
3059 3169 3237 3239 σάρκα
3262 3169 3290 3220 ὁ
3311 3167 3586 3236 Δεσπότης
3615 3165 3872 3235 Χριστὸς.
3900 3165 3928 3215 ὁ
3957 3164 4051 3214 καὶ

816 3274 968 3329 illius
1020 3268 1243 3327 delevit.
1283 3265 1545 3333 Quamvis
1594 3263 1740 3316 enim
1793 3260 1900 3314 Eva
1955 3261 2269 3330 petulanter
2317 3275 2378 3316 se

2334 3277 2378 3316 te
2484 3262 2584 3332 τὴν
2611 3261 2788 3330 λύπην
2824 3258 3187 3328 φυγαδεύσας,
3223 3256 3316 3310 καὶ
3343 3256 3442 3326 τὴν
3473 3256 3632 3326 χάριν
3665 3253 3996 3323 βραϐεύσας.

815 3366 1079 3436 gerendo,
1122 3373 1405 3418 sermones
1431 3372 1554 3414 cum
1599 3361 1854 3424 serpente
1880 3352 2184 3414 miscuerit,
2251 3352 2496 3410 dolorem
2568 3364 2749 3408 tamen
2795 3351 3104 3421 iniquitatis
3151 3349 3533 3418 procreatione
3595 3346 3834 3400 liliorum
3911 3344 4052 3412 abjc-

816 3461 943 3515 cit:
982 3459 1143 3529 cujus
1187 3457 1354 3512 etiam
1413 3451 1751 3508 mentionem
1797 3448 1931 3501 facit
1977 3447 2274 3516 Apostolus
2329 3450 2523 3505 dicens
2553 3469 2566 3504 :
2595 3449 2792 3503 Mulier
2835 3448 3051 3501 seducta
3118 3446 3174 3499 in
3239 3443 3673 3514 prmaricatione
3737 3441 3844 3509 fuit
3933 3438 4053 3492 Sal-

816 3554 1028 3607 uabitur
1096 3558 1273 3604 autem
1325 3563 1417 3616 per
1468 3546 1703 3614 ﬁliorum
1754 3541 2168 3610 procreationem
2233 3539 2293 3606 (Ι
2327 3540 2463 3594 Tim.
2504 3557 2565 3604 ιι,
2598 3539 2724 3607 Η).
2790 3538 3030 3609 Ecquam
3077 3537 3336 3592 tandem?
3398 3551 3467 3590 ex
3529 3534 3742 3589 Adamo
3787 3533 4051 3586 nimirum

817 3647 976 3703 liberi
1007 3642 1260 3716 prognati
1303 3647 1469 3698 sunt:
1524 3654 1592 3694 ex
1645 3636 1785 3708 ipsis
1816 3649 2014 3689 rursus
2043 3631 2139 3703 qui
2207 3640 2334 3703 post
2400 3633 2524 3690 illos
2596 3634 2896 3698 exstitere;
2957 3630 3156 3686 deinde
3201 3628 3553 3699 patriarchae,
3601 3625 3906 3694 prophetae,
3953 3620 4054 3674 Da-

815 3738 931 3803 vid,
956 3745 1011 3794 et
1039 3737 1135 3809 qui
1167 3751 1233 3791 ex
1269 3749 1335 3790 eo
1363 3731 1669 3789 secundum
1707 3743 1933 3785 carnem
1977 3734 2161 3782 ortum
2194 3726 2376 3791 duxit,
2417 3727 2687 3784 Dominus
2744 3727 2906 3783 Jesus
2958 3724 3236 3790 Christus,
3295 3738 3325 3776 a
3399 3736 3511 3793 quo
3573 3720 3732 3791 pulsa
3787 3718 4054 3772 maestitia

819 3841 926 3894 est,
956 3831 1282 3899 invectaque
1314 3828 1516 3899 gratia.

890 3918 1299 3992 Ejusd.——Quid
1342 3916 1570 3987 pulchra
1605 3911 1804 3968 mulier
1834 3910 2195 3981 ?sepulcrum
2226 3909 2378 3965 deal-

819 4023 1030 4083 batum,
1089 4016 1198 4072 nisi
1254 4011 1516 4084 pudicitia
1577 4015 1824 4064 ornetur.
1872 4005 2089 4060 Etenim
2132 4004 2382 4076 pulchriv

820 4111 974 4175 tudo,
1003 4118 1058 4164 et
1087 4106 1280 4161 morbo
1309 4100 1620 4167 marcescit,
1643 4109 1700 4155 et
1727 4105 1904 4153 morte
1932 4097 2376 4166 interrumpitur.

823 4201 1085 4258 Mulieres
1133 4195 1464 4267 prostitutae,
1496 4192 1759 4262 ingenuas
1813 4197 2096 4243 matronas
2131 4198 2384 4241 antever-

821 4292 1010 4355 tendo,
1044 4285 1524 4356 solentappellare
1571 4291 1795 4346 scorta;
1827 4295 1895 4334 ne
1951 4278 2081 4348 quid
2109 4279 2214 4332 illm
2250 4293 2384 4330 con-

820 4386 950 4439 vicii
985 4384 1245 4443 habeant,
1277 4378 1421 4447 quod
1447 4377 1502 4430 in
1535 4375 1684 4444 ipsas
1732 4380 2009 4444 regerant.

823 4498 956 4554 TIT.
989 4494 1130 4550 Xlll.
1175 4492 1246 4547 De
1275 4491 1504 4562 ingluvie
1535 4501 1584 4542 et
1613 4487 1739 4569 guia
1770 4502 1788 4539 :
1818 4496 1864 4541 et
1886 4483 2023 4555 quod
2059 4499 2122 4536 ea
2150 4492 2370 4536 mortem

1492 4567 1733 4614 accersit.

895 4657 1025 4715 Gen.
1062 4673 1187 4721 xxv,
1239 4653 1330 4708 5'5.
1362 4683 1429 4693 —
1464 4670 1483 4702 ι
1519 4647 1780 4704 Vendidit
1831 4644 1974 4700 Esau
2027 4640 2388 4713 primogenita

827 4768 925 4809 sua
953 4750 1145 4806 Jacob.
1199 4745 1371 4802 Jacob
1403 4751 1586 4798 autem
1647 4734 1876 4792 tradidit
1904 4735 2050 4789 Esau
2103 4747 2304 4802 panem
2333 4739 2390 4785 et

825 4845 1130 4899 coctionem
1155 4841 1318 4894 lentis
1351 4857 1364 4891 :
1396 4848 1449 4892 et
1471 4830 1709 4888 comedit
1730 4828 1843 4891 ille,
1867 4835 1921 4881 et
1953 4824 2111 4888 bibit,
2136 4836 2392 4890 surgens-

825 4952 937 5009 que
966 4934 1102 4989 abiit
1138 4949 1152 4985 :
1194 4937 1248 4984 et
1271 4921 1616 4998 parvipendit
1651 4919 1793 4975 Esau
1830 4915 2213 4988 primogenita.
2247 4933 2265 4964 ι

901 5022 1076 5080 Exod.
1109 5034 1288 5082 xxxii,
1329 5018 1384 5071 6.
1408 5043 1482 5060 —
1527 5032 1546 5065 ι
1586 5009 1738 5066 Sedit
1774 5007 2014 5079 populus
2048 5003 2391 5058 manducare

825 5129 884 5175 et
903 5119 1114 5182 bibere,
1174 5123 1231 5168 et
1270 5113 1637 5168 surrexerunt
1681 5101 1894 5158 ludere.
1933 5099 2003 5152 Et
2029 5099 2254 5151 locutus
2310 5103 2396 5149 est

831 5207 1102 5263 Dominus
1131 5203 1196 5257 ad
1254 5199 1477 5270 Moysen
1527 5196 1761 5251 dicens:
1795 5189 1968 5253 Vade,
2010 5194 2065 5241 et
2113 5184 2394 5240 descende

828 5304 962 5357 hinc
997 5296 1275 5354 celeriter.
1312 5289 1566 5346 Peccavit
1594 5285 1740 5341 enim
1773 5281 2014 5354 populus
2047 5286 2199 5341 tuus,
2228 5289 2393 5344 quem

828 5393 993 5450 eduxi
1043 5390 1111 5446 de
1165 5387 1416 5459 Egypto,
1468 5390 1524 5436 et
1568 5379 1816 5435 fecerunt
1865 5371 2093 5426 vitulum
2153 5367 2396 5424 conﬂati-

834 5488 962 5540 lem.
977 5503 992 5533 ι

900 5575 1002 5629 Job
1033 5590 1120 5633 χι..
1154 5571 1234 5623 ll.
1262 5598 1329 5610 --
1363 5587 1379 5617 ι
1403 5565 1591 5620 Virtus
1644 5559 1860 5616 Satanae
1888 5559 1943 5610 in
1993 5550 2251 5608 umbilico
2266 5563 2396 5604 ven-

834 5668 957 5722 tris.
999 5685 1014 5714 ι

916 5758 1086 5812 Eccli.
1116 5771 1270 5813 xxxi.
1305 5752 1394 5806 l9.
1424 5780 1491 5789 —
1525 5768 1539 5794 ε
1577 5747 1652 5804 Nc
1680 5740 2034 5816 inexplebilis
2065 5736 2142 5793 sis
2164 5735 2218 5790 in
2245 5749 2363 5788 mcn

842 5868 922 5909 Sa.
960 5868 1026 5905 nc
1059 5849 1196 5906 forte
1223 5845 1484 5903 otl'cndas.
1527 5863 1540 5883 ι

2413 4550 2463 4608 D

2557 3911 2622 3964 Ti
2651 3911 2795 3963 ἐστιν
2819 3906 3092 3977 εὖμορφος
3120 3905 3287 3973 γυνή;
3317 3903 3486 3970 τάφος
3523 3898 3935 3968 κεκονιαμένος,
3961 3899 4055 3949 ἐὰν

2491 4003 2569 4074 μὴ
2592 4000 2860 4070 σωφρονῇ.
2895 3997 2970 4049 Τὸ
2987 3997 3096 4066 γάρ
3123 3994 3338 4056 κάλλος,
3375 3991 3469 4044 καὶ
3516 3990 3655 4057 νόσῳ
3702 3987 4052 4055 μαραίνεται,

2488 4096 2584 4150 καὶ
2604 4093 2817 4162 θανάτῳ
2838 4088 3210 4143 διακόπτεται.
3234 4088 3296 4138 ΑΞ
3313 4084 3568 4151 γυναῖκες
3593 4082 3650 4132 αἱ
3671 4080 3895 4148 πόρναι,
3927 4094 4057 4146 προ-

2488 4183 2862 4253 λαμϐάνουσαι
2887 4181 2982 4234 καὶ
3009 4177 3106 4242 τὰς
3131 4175 3417 4245 ἐλευθέρας
3438 4172 3661 4226 καλοῦσι
3705 4170 3938 4242 πόρνας,
3973 4170 4056 4222 ἵνα

2494 4274 2571 4346 μὴ
2591 4273 2786 4344 ἔχωσιν
2814 4268 3016 4324 ἐκεῖναί
3050 4284 3104 4320 τι
3131 4265 3476 4336 ἀνθυϐρίσαι.

2490 4481 2674 4534 ΤΙΤΛ.
2705 4478 2778 4531 Γ.
2805 4505 2873 4516 —-
2905 4475 3042 4542 Περὶ
3078 4470 3539 4542 γαστριμαργίας
3579 4467 3684 4542 καί,
3710 4468 3893 4542 κόρου
3915 4480 3932 4496 ο
3969 4467 4053 4517 ἔτι

2695 4549 2734 4616 ἡ
2785 4535 3504 4616 γαστρίμαργίαθᾶνατον
3534 4535 3831 4606 προξενεῖ.

2569 4663 2586 4694 ι
2639 4639 2895 4693 Ἀπέδοτο
2955 4635 3124 4689 Ἦσαῦ
3181 4633 3249 4686 τά
3299 4629 3638 4702 πρωτοτοκία
3692 4628 3768 4698 τῷ
3832 4625 4053 4687 Ἰακὼὸ,

2505 4731 2697 4787 ’Ῐακὼδ
2717 4731 2775 4783 δὲ
2803 4729 2970 4782 ἔδωκε
3001 4727 3082 4796 τῷ
3119 4724 3291 4779 Ἦσαῦ
3324 4725 3488 4795 ἄρτον
3507 4722 3598 4774 καὶ
3618 4720 3804 4789 ἕψημα
3839 4719 4019 4786 qam-3
4040 4735 4052 4746 ·

2493 4825 2588 4878 καὶ
2616 4825 2784 4893 ἔφαγε
2803 4863 2817 4885 ,
2870 4820 2965 4874 καὶ
2990 4818 3132 4881 ἔπιε,
3159 4819 3250 4870 καλ⁸
3279 4814 3517 4877 ἀναστάς
3538 4813 3727 4884 ᾤχετο,
3762 4813 3858 4866 καὶ
3885 4811 4057 4880 ἐφαύ-

2493 4913 2642 4967 λισεν
2680 4909 2848 4965 Ἢσαῦ
2877 4909 2943 4961 τά
2971 4907 3332 4976 πρωτοτόκια.
3372 4924 3390 4955 ι

2570 5025 2588 5058 ι
2637 5002 2920 5058 Ἐκάθισεν
2943 5003 2973 5054 ὁ
2991 4999 3119 5060 λαδς
3150 5001 3343 5068 φαγεῖν
3363 4995 3461 5050 καὶ
3490 4996 3655 5058 πιεῖν,
3689 4994 3782 5046 καὶ
3821 4991 4056 5062 ἀνέστη-

2496 5112 2557 5148 σε
2587 5093 2821 5158 παίζειν.
2852 5093 2961 5146 Καὶ
2993 5089 3254 5158 ἐλάλησεν
3277 5086 3527 5158 ὁΚύριος
3551 5089 3685 5155 πρὸς
3725 5085 3936 5152 Mani,»
3971 5084 4058 5136 λέ-

2494 5204 2636 5257 γωνο
2677 5186 2888 5250 Βάδιςε,
2912 5183 3003 5236 καὶ
3026 5179 3292 5249 κατάϐηθι
3317 5179 3376 5231 τὸ
3403 5178 3564 5247 τάχος
3592 5174 3857 5228 ἐντεῦθεν,
3903 5176 4056 5227 Ἠνό-

2498 5295 2640 5350 μησε
2661 5277 2770 5347 γάρ
2798 5277 2827 5328 ὸ
2851 5273 2979 5337 λαός
3005 5289 3121 5336 σου,
3144 5271 3237 5334 οὓς
3261 5270 3531 5340 ἐξήγαγον
3552 5267 3612 5334 ἐξ
3638 5265 3937 5335 Αἰγύπτου,
3967 5267 4060 5318 καὶ

2496 5369 2755 5440 ἐποίησαν
2780 5367 2978 5438 μόσχον
2995 5363 3279 5435 χωνευτὸν.
3316 5380 3335 5413 ι

2574 5567 2592 5601 ι
2636 5549 2698 5601 'H
2732 5547 2960 5621 δύναμις
2988 5542 3084 5597 τοῦ
3106 5543 3320 5596 Σατανᾶ
3346 5541 3430 5594 ἐπ’
3453 5539 3694 5611 ὀμφάλου
3737 5540 3997 5611 γαστρός.
4040 5560 4055 5590 ι

2575 5753 2593 5783 ι
2631 5731 2720 5801 Μὴ
2756 5727 3090 5800 opinamini:
3157 5726 3246 5780 ἐπῖ
3284 5723 3579 5794 τραπέζης,
3631 5735 3840 5790 μηπιτε
3898 5736 4058 5789 προς-

2511 5826 2696 5895 κτὶὲῃς-
2745 5842 2760 5874 ι
