4210 6448
179 438 305 502 I333

1373 423 1608 485 SACRA
1643 421 2098 482 PARALLELA.

3269 410 3395 477 1-334

247 567 264 596 ι
291 540 445 612 Ψυχὴ
466 540 522 593 ἐν
545 537 825 608 πλησμονῇ
845 530 1002 598 οὖσα,
1035 533 1244 604 κηρίοις
1267 533 1524 603 ἐμπαίζει
1543 549 1557 564 ο
1582 531 1728 602 ψυχῇ
1763 535 1806 590 A
1831 527 1909 600 4]

1763 527 1997 600 Αιιθ
2043 528 2218 582 Prov.
2271 542 2440 587 xxvn.
2477 526 2529 582 7.
2574 554 2644 566 -—
2679 542 2698 576 ι
2756 524 2948 580 Anima
3003 533 3246 582 saturas
3307 522 3391 574 fa-

177 638 230 690 δὲ
266 634 450 695 ἐνδεεῖ,
481 630 663 682 καὶτὰ
689 628 860 698 μικρὰ
889 627 1093 695 γλυκέα
1126 626 1390 696 φαίνεται.
1436 645 1454 678 ι

241 828 260 859 ι
303 807 395 870 ’ος
429 804 820 875 κατασπαταλᾷ
847 804 910 858 ἐκ
937 804 1144 868 παιδὸς,
1176 802 1388 874 οίκέτης
1411 803 1582 856 ἔσται.
1621 822 1639 854 ι

239 1003 256 1034 ι
311 983 391 1034 Ἐν
420 984 487 1053 τῇ
515 981 692 1053 κοιλίᾳ
717 982 998 1052 ἐπτέρνισε
1025 981 1116 1035 τὸν
1137 981 1365 1051 ἀδελφὸν
1390 981 1573 1046 αὐτοῦ,
1613 982 1717 1036 ἰα-

169 1074 297 1127 κώό.
343 1093 360 1124 ι

236 1186 254 1218 ι
294 1166 431 1219 Οὐαὶ
455 1166 504 1218 οί
531 1167 863 1236 ἐγειρόμενοι
886 1167 960 1233 τῷ
983 1170 1147 1239 πρωῒ,
1173 1169 1265 1222 καὶ
1288 1168 1350 1222 τὸ
1381 1168 1570 1238 σίκερα
1590 1169 1713 1221 διώ-

165 1276 363 1322 κοντες,
418 1261 468 1311 οί
527 1258 778 1328 μένοντες
810 1259 870 1312 τὸ
897 1260 1022 1330 seu
1066 1261 1122 1315 '0
1174 1262 1281 1332 γὰρ
1331 1256 1470 1324 οἶνος
1519 1263 1714 1326 αὐτοὺς

164 1348 472 1416 συγκαύσει.
507 1368 527 1401 ι

233 1459 250 1491 ι
280 1440 485 1504 Πάντες
511 1443 559 1494 οί
587 1441 678 1494 τόν
702 1437 842 1496 οἶνον
879 1442 1143 1508 πίνοντες,
1179 1444 1646 1515 αίσχυνθήσονται.
1686 1463 1704 1493 ι

232 1639 249 1669 ι
295 1620 705 1692 Ἐπλανήθησαν
727 1622 814 1675 διὰ
841 1624 902 1674 τὸ
929 1623 1142 1692 σίκερα,
1179 1623 1355 1695 ἱερεὺς
1387 1623 1481 1676 καὶ
1501 1625 1709 1693 προφή-

159 1727 252 1780 της
270 1728 285 1744 ’
313 1712 609 1784 ἐξέστησαν
633 1713 720 1766 διὰ
744 1713 832 1766 τὸν
859 1708 1018 1766 οἶνον.
1059 1733 1080 1765 ι

1827 635 1922 673 vos
1964 617 2211 672 irridebit
2245 634 2259 672 :
2293 618 2489 672 animae
2539 631 2670 671 vero
2717 615 3023 680 esurienti,
3066 616 3180 685 ipsa
3253 627 3391 681 quo-

1827 724 1932 779 que
1958 722 2146 762 amara
2171 706 2352 761 dulcia
2391 705 2670 761 videntur.
2705 723 2724 756 ι

1895 801 2054 854 Prov.
2083 816 2238 864 mx,
2268 799 2358 853 ει.
2389 831 2454 840 -
2483 818 2500 851 ι
2553 798 2655 864 Qui
2691 796 2974 852 deiiciatur
3007 811 3043 849 ε
3068 811 3263 866 puero,
3301 791 3383 843 fa-

1824 893 2005 947 mulus
2027 892 2152 948 erit.
2186 911 2205 944 ι

1893 985 2024 1040 Osee
2083 1000 2218 1049 nn,
2246 986 2373 1039 5.-
2405 1002 2424 1035 ι
2455 981 2512 1036 1η
2544 990 2735 1038 ventre
2763 981 3134 1051 supplantavit
3155 980 3379 1035 fratrem

1821 1090 2034 1142 suum,»
2058 1075 2226 1132 Jacob
2243 1077 2473 1132 scilicet.
2504 1095 2522 1126 ι

1889 1168 2004 1223 Im.
2039 1186 2095 1234 ν,
2145 1170 2232 1226 lt.
2259 1199 2327 1209 -—
2365 1186 2384 1219 ι
2417 1166 2510 1222 Va:
2535 1167 2628 1237 qui
2659 1166 2991 1237 consurgitis
3031 1164 3294 1224 diluculo,
3326 1171 3381 1217 et

1819 1262 2046 1315 siceram
2101 1259 2404 1323 sectamini,
2426 1260 2517 1329 qui
2557 1258 2893 1328 exspectatis
2931 1271 3213 1327 vesperam
3243 1255 3254 1308 Ι
3285 1254 3378 1307 νι-

1827 1367 1960 1408 num
1992 1352 2134 1406 enim
2157 1367 2253 1407 eos
2291 1351 2561 1405 incendet.
2603 1368 2620 1401 ι

1887 1443 1998 1497 ha.
2037 1460 2163 1498 xxw
2200 1483 2216 1508 ,
2279 1443 2334 1496 9.
2381 1473 2450 1483 -—
2483 1439 2730 1497 «Omnes
2781 1441 2874 1511 qui
2925 1438 3120 1494 bibunt
3171 1451 3374 1498 vinum,

1815 1534 2243 1590 confundentur.
2281 1553 2302 1586 ι

1886 1625 2002 1682 Isa.
2033 1642 2223 1691 xxvm,
2258 1626 2316 1679 7.
2341 1656 2411 1669 -—-
2439 1644 2458 1678 ι
2492 1624 2833 1680 Erraverunt
2867 1632 3088 1692 propter
3139 1620 3374 1675 siceram

1815 1717 2072 1774 sacerdos
2108 1726 2164 1773 et
2224 1718 2486 1788 propheta
2520 1735 2534 1772 :
2575 1715 2894 1772 exciderunt
2947 1722 3128 1769 mente
3153 1721 3374 1793 propter

1815 1825 2023 1863 unum.
2062 1829 2081 1862 ι

232 1911 249 1941 ι
287 1893 611 1958 Στενάζουσι
663 1896 859 1962 πάντες
903 1898 952 1949 οί
1002 1898 1414 1969 εὐφραινόμενοι
1463 1900 1564 1969 τὴν
1606 1900 1708 1970 ψυ-
1739 1891 1778 1944 Β
1881 1902 1894 1955 l

1739 1891 1778 1944 Β
1881 1901 1993 1956 lsa.
2029 1919 2177 1968 xxxv,
2209 1903 2262 1957 ‘l.
2299 1933 2364 1943 —-
2395 1921 2414 1953 ι
2452 1901 2826 1971 lngemiscunt
2867 1912 3061 1953 omnes
3092 1896 3188 1967 qui
3221 1895 3372 1950 laeta-

157 1998 270 2049 χην.
308 2000 326 2032 ι

230 2093 247 2125 ι
289 2076 547 2130 Ἐκάλεσε
595 2079 798 2148 Κύριος
821 2081 878 2132 ἐν
905 2083 970 2151 τῇ
1013 2082 1192 2154 ἡμέρᾳ
1225 2083 1406 2155 ἐκείνῃ
1433 2083 1710 2156 κλαυθμὸν

158 2168 248 2219 καὶ⁸
278 2171 529 2235 κοπετὸν,
565 2171 794 2243 ξύρησιν
828 2174 920 2227 καὶ
952 2173 1116 2237 ζῶσιν
1171 2174 1417 2227 σάκκωνο
1450 2177 1604 2229 αὐτώ¹
1654 2177 1709 2230 δὲ

156 2261 470 2332 ἐποιήσαντο
521 2263 879 2335 εὐφροσύνην,
934 2266 1279 2334 εἰσφόιζοντες
1328 2271 1578 2338 μόσχους,
1616 2272 1710 2323 καὶ

157 2352 370 2420 θύοντες
395 2357 662 2428 πρόϐατα,
694 2358 959 2425 λέγοντες,
1015 2358 1283 2428 Φὰγωμεν
1322 2359 1417 2412 καὶ
1463 2360 1704 2432 πίωμεν·

156 2442 339 2515 αὔριον
373 2447 482 2515 γὰρ
502 2448 936 2519 ἀποθνήσκομεν.
982 2468 1000 2501 ι

227 2557 244 2586 ι
280 2540 342 2590 Οί
378 2539 649 2604 ἐσθίοντες
682 2541 777 2604 τὰς
809 2541 1040 2612 τρυφὰς,
1068 2543 1444 2616 ἠφανίσθησαν
1483 2547 1539 2600 ἐν
1588 2551 1706 2612 ταῖς

155 2629 347 2695 ἐξόδοις
371 2649 384 2662 ·
412 2635 462 2686 οί
492 2633 870 2703 τιθηνούμενοι
904 2637 994 2689 ἐπὶ
1039 2637 1257 2706 κόκκον,
1293 2639 1711 2710 περιεϐάλλοντο

155 2722 397 2792 κοπρίαν.
442 2742 461 2774 ι

225 2833 244 2866 ι
290 2817 494 2870 Ὀπίσω
531 2818 637 2871 τῶν
658 2819 961 2886 ἐπιθυμιῶν
987 2840 1078 2875 σου
1102 2823 1176 2893 μὴ
1197 2823 1448 2895 πορεύου,
1476 2827 1570 2878 καὶ
1600 2826 1707 2880 ἀπὸ

153 2906 254 2957 τῶν
279 2908 511 2978 ὀρέξεών
541 2927 635 2962 σου
663 2911 891 2967 κωλύου.
934 2915 1059 2968 Ἐὰν
1096 2919 1408 2989 χορηγήσῃς
1441 2921 1507 2988 τῇ
1559 2919 1703 2990 ψυχῇ

154 3010 243 3046 σου
274 2997 524 3052 εὐδοκίαν
556 3000 868 3072 ἐπιθυμίας,
901 3005 1145 3077 ποιήσεις
1173 3008 1455 3079 ἐπίχαρμα
1499 3009 1705 3080 ἐχθρῶν

147 3102 262 3139 σου.
301 3108 319 3140 ι

1809 1994 2010 2050 bantur
2044 1995 2249 2050 animo.
2289 2013 2308 2046 ι

1880 2087 1996 2140 lsa.
2023 2103 2159 2151 xm,
2192 2087 2278 2140 l2.
2307 2115 2378 2128 —-
2411 2105 2429 2138 ι
2458 2085 2691 2140 Vocavit
2727 2084 3000 2139 Dominus
3039 2084 3092 2137 in
3135 2082 3226 2137 die
3278 2080 3372 2135 illa

1808 2181 2083 2250 planctum
2121 2191 2175 2235 et
2198 2179 2404 2243 ﬂetum,
2459 2179 2744 2233 calvitium
2778 2186 2834 2232 et
2863 2176 3150 2246 cingulum
3184 2175 3369 2231 sacci.

1806 2271 1914 2341 lpsi
1954 2281 2131 2326 autem
2153 2270 2404 2326 fecerunt
2430 2269 2862 2339 iucunditatem,
2883 2268 3204 2339 jugulantes
3229 2267 3371 2320 vitu-

1804 2365 1910 2429 los,
1955 2371 2010 2419 et
2042 2364 2391 2419 immolantes
2419 2378 2581 2429 oves;
2617 2363 2868 2417 dicentes
2902 2380 2917 2417 :
2966 2346 3368 2416 manducemus

1805 2464 1859 2510 et
1892 2456 2145 2510 bibamus
2177 2475 2190 2511 :
2231 2470 2356 2511 cras
2386 2456 2532 2510 enim
2569 2455 2894 2509 moriemur.
2943 2472 2962 2505 ι

1854 2549 2078 2606 .Thren.
2115 2564 2192 2614 ιν,
2228 2548 2284 2601 5.
2326 2576 2394 2587 ——
2423 2567 2440 2598 ι
2469 2542 2571 2612 Qui
2613 2546 2976 2601 vescebantur
3019 2544 3367 2613 voluptuose,

1803 2641 2063 2696 oxstincti
2112 2648 2242 2697 sunt
2282 2640 2335 2693 in
2384 2638 2624 2693 exitibus
2675 2639 2887 2692 viarum
2938 2637 3077 2708 :qui
3135 2636 3372 2691 delicate

1805 2731 2188 2784 nutriebantur
2225 2729 2279 2782 in
2311 2743 2496 2793 croco,
2531 2727 2822 2797 amplexati
2854 2736 2981 2782 sunt
3006 2734 3267 2782 stercora.
3315 2743 3335 2776 ι

1877 2819 2045 2875 Eccli.
2088 2835 2243 2886 xvnl,
2278 2820 2369 2874 30.
2397 2849 2466 2859 —
2489 2837 2506 2870 ι
2539 2817 2672 2873 Post
2711 2818 3199 2888 concupiscentias
3243 2824 3368 2870 tuas

1804 2929 1876 2967 ne
1908 2927 2023 2977 eas,
2056 2920 2112 2966 et
2141 2926 2170 2964 a
2201 2910 2598 2980 cupiditatibus
2638 2911 2749 2964 tuis
2777 2910 3018 2965 abstine.
3053 2908 3108 2963 Si
3134 2915 3365 2979 praestes

1805 3006 2003 3059 animae
2036 3013 2144 3059 tuae
2172 3004 2318 3074 quod
2341 3004 2808 3073 concupiscentice
2839 3003 3230 3073 complacitum
3257 3013 3364 3068 est,

1808 3095 1982 3150 facies
2018 3095 2280 3164 gaudium
2319 3095 2561 3150 inimicis
2584 3096 2713 3150 tuis.
2765 3114 2783 3146 ι

225 3199 245 3290 ἒ
403 3184 694 3256 εὐφραίνου
722 3186 817 3239 ἐπὶ
864 3189 1029 3260 πολλῇ
1067 3194 1267 3264 τρυφῇ.
1301 3194 1536 3265 Στρόφος
1570 3215 1705 3266 μετα
1734 3234 1777 3290 C
1884 3234 1887 3239 ι

1734 3234 1777 3290 C
1884 3186 2050 3240 Eccli.
2073 3203 2221 3250 xui,
2249 3186 2318 3239 20
2347 3203 2361 3252 ;
2388 3203 2543 3253 xxln,
2565 3185 3039 3250 6;xxxvn,29.—-
3068 3205 3086 3237 ι
3115 3184 3194 3241 Ne
3217 3185 3369 3240 oble-

153 3270 340 3341 ἀνδρὸς
362 3275 664 3344 ἀπλήστου.
693 3277 918 3342 Κοιλίας
943 3280 1142 3351 ὄρεξις,
1169 3285 1260 3336 καὶ⁹
1289 3290 1703 3360 συνουσιασμὸς,

155 3362 224 3432 μή
258 3379 324 3432 με
357 3365 833 3423 καταλαϐέτωσαν.
868 3388 886 3420 ι

223 3560 245 3634 ι
284 3542 374 3614 Μὴ
399 3543 742 3613 ἀπληστεύου
766 3548 824 3600 ἐν
850 3549 998 3622 πάσῃ
1022 3556 1221 3624 τρυφῇ.
1258 3556 1346 3610 Ἐν
1368 3558 1581 3624 πολλοῖς
1601 3563 1709 3634 γὰρ

154 3633 433 3702 βρώμασιν
463 3637 615 3690 ἔσται
645 3639 816 3702 νόσος.
873 3641 1036 3713 Ἀνὴρ
1069 3643 1282 3712 βλέπων
1312 3651 1391 3713 είς
1432 3633 1708 3722 τράπεζαν

151 3723 452 3797 ἀλλοτρίαν,
477 3729 577 3781 οὑκ
601 3729 748 3783 ἐστιν
769 3732 931 3784 αὑτοῦ
966 3735 994 3786 ὁ
1012 3735 1120 3805 βίος
1143 3740 1200 3791 ἐν
1228 3740 1471 3814 λογισμῷ
1496 3743 1658 3814 ζωῆς.
1683 3765 1701 3796 ι

220 3929 238 3961 ι
265 3911 404 3967 Οὐαὶ
428 3913 577 3982 ὑμῖν.
594 3915 642 3967 οί
663 3917 1222 3988 ἐμπεπλησμένοι.ὃτι
1250 3923 1555 3977 πεινάσετε.
1576 3926 1710 3980 Οὐαὶ

149 3997 291 4068 ὑμτη
319 4005 370 4056 oi
400 4002 686 4072 γελῶντες,
714 4006 794 4059 ὅτι
822 4007 1116 4080 πενθήσετε
1139 4011 1232 4064 καὶ
1260 4013 1544 4067 κλαύσετε.
1579 4035 1597 4067 ι

252 4181 592 4252 (Προσέχετε
626 4183 861 4250 ἑαυτοῖς,
923 4187 1133 4257 μήποτε
1184 4188 1335 4259 ὑμῶν
1370 4189 1711 4261 βαρυνθῶσιν

150 4272 441 4346 αίκαρδίαι
471 4277 529 4329 ἐν
564 4278 843 4350 κραιπάλῃ
867 4280 962 4332 καὶ
985 4279 1145 4353 μέθῃ,
1196 4281 1488 4353 μερίμναις
1538 4285 1713 4354 βιωτι-

151 4367 290 4431 καῖς,
320 4366 416 4420 καὶ
444 4368 723 4435 αἰφνιδίως
749 4371 876 4440 ὑμῖν
901 4370 1093 4442 ἐπιστῇ
1122 4373 1156 4442 ἡ
1175 4373 1356 4445 ἡμέρα
1380 4375 1582 4448 ἐκείνη.
1623 4379 1710 4443 Ὠς

151 4459 313 4525 παγίς
365 4459 645 4514 ἐλεύσεται
696 4462 790 4515 ἐπὶ
845 4464 1053 4528 πάντας
1085 4466 1211 4528 τοὺς
1257 4468 1709 4539 καθημένουςέπὶ

151 4548 440 4616 πρόσωπον
473 4552 652 4622 πάσης
672 4553 771 4622 τῆς
799 4554 923 4623 γῆς·
954 4574 974 4607 ι

224 4660 241 4692 ι
273 4642 569 4713 Ἐθρέψατε
597 4645 695 4710 τὰς
718 4645 941 4718 καρδίας
973 4647 1150 4717 ὑμῶν,
1175 4648 1250 4712 ὠς
1269 4649 1327 4702 ἐν
1359 4650 1540 4723 ἡμέρᾳ
1568 4669 1710 4723 σφαρ-

151 4746 267 4799 γης.
309 4753 328 4785 ι

225 4843 243 4875 ι
280 4826 420 4888 Τοὺς
447 4826 672 4895 ἐχθροὺς
697 4827 788 4880 τοῦ
816 4829 1069 4899 σταυροῦ,
1091 4823 1164 4885 ὧν
1189 4833 1248 4884 τὸ
1267 4832 1416 4895 τέλος
1442 4834 1707 4898 ἀπώλεια,

152 4908 221 4965 ὧν
253 4919 280 4968 ὁ
309 4917 440 4978 Θεὸς
476 4919 508 4987 ἡ
550 4917 754 4980 κοιλία,
798 4920 942 4990 καὶὴ
969 4920 1096 4986 δόξα
1140 4923 1198 4974 ἐν
1239 4927 1305 4992 τῇ
1353 4925 1584 4996 αἰσχύνῃ
1615 4928 1708 4978 αὑ-

151 5022 275 5058 των.
322 5025 338 5055 Ι

226 5116 242 5146 ι
277 5097 370 5167 Μή
411 5115 493 5159 τις
541 5098 771 5168 πόρνος,
804 5099 836 5168 ἢ
886 5098 1110 5169 βέΰηλος
1152 5101 1227 5162 ὼς
1266 5102 1455 5162 Ἡσαῦ,
1491 5103 1550 5166 ὃς
1587 5107 1709 5157 ἀντὶ

155 5185 406 5255 βρώσεως
445 5191 572 5258 μιᾶς
609 5191 836 5243 ἀπέδοτο
862 5191 929 5243 τὰ
954 5192 1291 5261 πρωτοτόκια
1324 5194 1508 5250 αὐτοῦ.
1558 5216 1576 5247 ι

220 5365 584 5429 Εὺεκτοῦντος
629 5365 723 5418 καὶ
765 5363 1120 5434 ὑπερζέοντός
1179 5381 1272 5416 σου
1316 5364 1407 5419 τοῦ
1461 5364 1714 5434 αἵματος,

151 5457 374 5526 ἀφορμὴ
424 5455 560 5526 πρὸς
609 5454 880 5525 ἁμαρτίαν
911 5456 944 5523 ἡ
972 5454 1313 5524 πολυσαρκία
1341 5455 1569 5522 γίνεται.
1623 5455 1716 5524 Μὴ

153 5547 416 5601 κολάκευέ
453 5564 546 5600 σου
589 5548 650 5600 τὸ
688 5547 848 5617 σῶμα
889 5546 1108 5611 ὕπνοις,
1151 5546 1247 5601 καὶ
1292 5546 1567 5618 λουτροῖς,
1620 5548 1716 5600 καὶ

158 5641 415 5704 μαλακοῖς
465 5640 772 5711 στρώμασι,
811 5641 900 5694 ἀεὶ
929 5639 1197 5709 ἐπιλέγων
1241 5638 1303 5693 τὸ
1333 5640 1485 5713 ῥῆμα
1525 5640 1711 5694 τοῦτο·

160 5736 251 5801 Τίς
269 5732 523 5804 ὠφέλεια
541 5734 612 5787 ἐν
635 5733 713 5800 τῷ
739 5736 940 5804 αἵματί
967 5754 1106 5806 μου,
1135 5734 1205 5788 ἑν
1232 5733 1313 5800 τῷ
1337 5735 1716 5789 καταϐαίνειν

154 5841 224 5888 με
253 5829 340 5894 εὶς
371 5825 698 5896 διαφθοράν
715 5843 734 5892 ;
762 5827 827 5881 Τί
855 5827 1135 5897 περιέπεις
1163 5828 1224 5882 τὸ
1259 5828 1453 5899 μικρὸν
1492 5827 1718 5906 ὕστερον

1810 3280 1979 3334 cteris
2006 3278 2061 3332 in
2102 3280 2288 3332 multis
2320 3279 2553 3334 deliciis.
2596 3278 2834 3333 Tortura
2871 3287 2957 3333 est
2984 3294 3108 3332 cum
3135 3278 3252 3331 viro
3280 3278 3369 3331 in-

1809 3369 2013 3424 frunito
2051 3376 2104 3424 et
2149 3370 2488 3438 inexplebili.
2542 3370 2994 3441 Concupiscentia
3048 3372 3278 3435 ventris,
3313 3379 3369 3426 et

1808 3461 2153 3524 concubitus,
2182 3477 2251 3514 ne
2269 3461 2731 3530 comprehendant
2767 3479 2871 3518 me.
2912 3481 2930 3513 ι

1878 3551 2047 3606 Eccli.
2083 3569 2171 3617 XL,
2198 3552 2290 3617 9.9,
2322 3553 2412 3608 50.
2453 3583 2524 3593 —
2558 3573 2576 3607 ι
2605 3554 2683 3609 Ne
2709 3563 2760 3610 te
2785 3557 3089 3628 ingurgites
3114 3559 3169 3614 in
3194 3559 3368 3614 omni-

1807 3646 1909 3700 bus
1933 3644 2163 3700 deliciis.
2194 3643 2254 3699 ln
2286 3647 2472 3702 multis
2494 3647 2641 3701 enim
2671 3647 2814 3703 cibis
2845 3650 2953 3703 erit
2992 3652 3240 3705 morbus.
3268 3649 3365 3704 Vir

1807 3735 2107 3806 reSpiciens
2144 3736 2198 3790 in
2235 3751 2482 3792 mensam
2534 3737 2792 3804 alienam,
2821 3755 2929 3794 non
2978 3751 3062 3797 est
3089 3744 3197 3796 vita
3238 3744 3362 3813 ejus

1807 3825 1864 3882 in
1893 3827 2222 3897 cogitatione
2249 3829 2448 3883 victus.
2466 3847 2483 3880 ι

1874 3916 2006 3973 Luc.
2032 3934 2108 3985 vi,
2139 3919 2310 3974 25.—
2331 3938 2349 3972 ι
2375 3918 2466 3974 Vae
2490 3921 2638 3979 vobis
2659 3922 2752 3991 qui
2779 3926 3004 3979 saturati
3036 3926 3192 3990 estis,
3233 3927 3365 3998 quia

1805 4008 2084 4065 esurietis.
2127 4007 2220 4066 Vas
2259 4009 2414 4066 vobis
2447 4010 2542 4082 qui
2582 4011 2799 4079 ridetis,
2835 4014 2965 4086 quia
3021 4014 3277 4086 lugebitis
3301 4024 3358 4070 et

1807 4099 2030 4157 ﬂebitis.
2070 4118 2089 4153 ι

1877 4190 2008 4245 Luc.
2039 4206 2156 4254 ut,
2183 4191 2274 4248 54.
2301 4223 2371 4233 -
2397 4210 2415 4244 ι
2451 4191 2727 4249 Attendite
2758 4195 2932 4261 vobis,
2969 4213 3036 4253 ne
3066 4196 3206 4255 forte
3236 4214 3362 4269 gra-

1805 4290 2003 4338 ventur
2032 4282 2198 4337 corda
2220 4293 2399 4339 vestra
2438 4286 2682 4355 crapula,
2713 4295 2766 4341 et
2812 4287 3090 4356 ebrietate,
3122 4299 3175 4344 et
3215 4293 3363 4347 curis

1808 4372 1972 4442 hujus
1995 4373 2142 4436 vitae,
2171 4381 2224 4427 et
2247 4383 2468 4444 repente
2533 4379 2884 4445 superveniat
2911 4380 3066 4436 vobis
3094 4381 3214 4436 dies
3247 4383 3360 4438 illa.

1807 4464 2090 4533 Tanquam
2125 4462 2354 4534 laqueus
2385 4465 2529 4520 enim
2563 4469 2914 4536 superveniet
2947 4470 3001 4524 in
3033 4486 3223 4528 omnes
3268 4476 3361 4544 qui

1730 4568 1774 4627 ι)
1803 4555 1996 4611 sedent
2024 4569 2191 4625 super
2232 4556 2424 4612 faciem
2461 4564 2676 4614 terrae.»

1877 4646 2000 4702 Jac.
2030 4661 2083 4712 v,
2110 4646 2163 4703 5.
2201 4679 2269 4690 —
2303 4668 2321 4700 ι
2361 4648 2663 4707 Enutristis
2688 4652 2859 4707 corda
2891 4665 3092 4723 vestra,
3119 4664 3176 4710 ut
3205 4657 3260 4712 in
3275 4658 3364 4714 die

1807 4751 2124 4793 OCI‘ISIOHIS.
2169 4755 2187 4788 1

1880 4824 2028 4880 Phil.
2059 4841 2143 4890 ιιι,
2173 4825 2258 4880 18.
2289 4857 2356 4867 -
2383 4845 2402 4877 ι
2430 4826 2695 4885 Inimicos
2726 4830 2931 4896 crucis,
2965 4848 3200 4901 quorum
3234 4837 3361 4894 ﬁnis

1807 4919 2079 4984 interitus,
2134 4933 2365 4988 quorum
2406 4919 2545 4975 deus
2578 4930 2768 4976 venter
2815 4935 2919 4991 est,
2981 4935 3034 4980 et
3081 4929 3247 4998 gloria
3305 4933 3359 4986 in

1806 5010 2126 5066 confusione
2150 5010 2418 5080 ipsorum.
2459 5030 2478 5062 ι

1879 5101 2047 5156 Hebr.
2078 5117 2176 5166 xu,
2209 5100 2392 5155 16.--
2426 5121 2444 5154 ι
2469 5102 2547 5156 Ne
2585 5103 2709 5172 quis
2747 5106 3065 5174 fornicator,
3103 5121 3195 5164 ant
3233 5129 3358 5179 pro-

1808 5195 1966 5248 fanus
2001 5203 2061 5249 ut
2080 5195 2245 5260 Esau,
2278 5195 2372 5264 qui
2403 5211 2503 5266 pro
2527 5199 2685 5252 unico
2715 5200 2839 5254 cibo
2865 5202 3108 5256 vendidit
3157 5209 3358 5275 primo-

1806 5286 1987 5355 genita
2011 5300 2131 5339 sua.
2168 5304 2187 5336 ι

1874 5369 2051 5425 Basil.
2084 5373 2137 5426 in
2169 5377 2306 5441 psal.
2337 5391 2450 5432 χιιι.
2479 5407 2550 5419 --
2606 5379 2750 5437 Bene
2793 5397 2851 5436 se
2900 5383 3152 5450 habente,
3181 5398 3236 5441 et
3268 5405 3358 5443 su-

1805 5476 1902 5531 pra
1929 5461 2147 5516 modum
2173 5465 2467 5522 ebulliente
2495 5471 2759 5540 sanguine
2783 5487 2849 5526 ex
2871 5475 3136 5532 obesitate
3159 5488 3214 5531 et
3242 5497 3358 5534 cor-

1804 5549 2070 5619 pulentia,
2117 5553 2376 5618 peccandi
2407 5557 2626 5611 occasio
2685 5561 3050 5616 contrahitur.
3106 5563 3352 5626 Cavesis.

1803 5655 1872 5694 ne
1928 5643 2144 5712 corpori
2183 5652 2278 5698 tuo
2309 5644 2628 5714 blandiaris,
2670 5651 2900 5718 somnis,
2934 5653 3279 5726 balneisque,
3307 5666 3356 5711 et

1803 5735 2060 5793 mollibus
2090 5740 2348 5808 stragulis
2378 5741 2558 5814 ipsum
2585 5743 2855 5804 deliniens
2897 5767 2910 5803 :
2948 5749 3080 5818 quin
3101 5752 3201 5804 hoc
3226 5751 3354 5804 etfa-

1803 5839 1916 5884 tum
1955 5846 2167 5902 semper
2199 5835 2388 5892 accine
2424 5855 2437 5892 :
2513 5855 2592 5894 ua:
2625 5840 2829 5896 utilitas
2861 5842 2914 5896 in
2941 5846 3193 5915 sanguine
3220 5862 3348 5913 meo,
