4210 6448
785 421 922 486 1335

1904 420 1962 478 S-
2004 415 2322 477 JOANNIS
2358 415 2756 478 DAMASCEN
2765 417 2790 476 Ι

3874 406 4018 473 1336

782 534 912 586 dum
941 532 1201 589 descendo
1223 535 1280 589 in
1331 533 1721 602 corruptionem
1748 532 1772 584 ?
1795 530 1810 599 (
1832 528 1985 584 Psal.
2029 543 2181 593 xxlx,
2207 526 2276 582 10
2295 524 2339 595 ),

2410 528 3042 600 ικαταφθαρησόμενοῊ
3090 525 3144 581 τί
3186 522 3563 586 καταπιαίνεις
3611 521 3874 586 σεαυτὸν,
3919 523 4021 576 καὶ

780 623 925 688 Quid
961 625 1096 680 illud
1124 626 1295 691 foves,
1315 625 1463 697 quod
1497 627 1658 697 paulo
1690 632 1813 695 post
1840 624 2191 678 interiturum
2219 618 2343 675 est?

780 715 914 782 quid
947 719 1179 787 teipsum
1209 719 1468 790 pinguem
1493 724 1548 773 et
1577 717 1956 786 corpulentum
1993 711 2225 768 reddis?
2256 711 2344 766 An

783 821 836 862 te
861 805 1024 883 fugit,
1051 811 1195 882 quod
1216 819 1425 880 quanto
1443 808 1772 865 crassiorem
1796 821 2019 862 carnem
2041 815 2191 858 tuam
2216 801 2344 858 red-

783 906 1012 975 dideris,
1045 912 1200 959 tanto
1251 904 1476 974 gravius
1504 903 1700 957 anima:
1729 909 1838 955 tua:
1871 898 2144 954 struxeris
2185 909 2344 966 erga-

783 1001 985 1056 stulum
1013 1000 1036 1054 ?
1060 997 1346 1066 Quomodo
1377 997 1524 1052 enim
1563 1006 1817 1052 terrenus
1856 1003 1910 1049 et
1963 991 2206 1048 carnalis
2241 989 2341 1044 ho-

780 1108 873 1146 mo
907 1090 1260 1146 conﬁtebitur
1321 1089 1452 1152 Deo,
1479 1095 1535 1144 et
1558 1088 1846 1142 veritatem
1878 1073 2055 1156 ipsius
2116 1098 2338 1138 annun-

783 1183 980 1238 tiabit?
1007 1182 1098 1252 qui
1150 1197 1219 1236 ne
1237 1179 1603 1252 percipienda:
1650 1177 1870 1249 quidem
1905 1177 2173 1232 doctrina:
2203 1183 2343 1231 tem-

783 1273 938 1343 poris
980 1273 1189 1344 aliquid
1248 1271 1556 1342 impertiat,
1600 1271 1734 1326 etin
1767 1278 1920 1324 tanta
1962 1269 2150 1324 carnis
2199 1268 2344 1323 mole

782 1363 1067 1418 confusam
1115 1371 1351 1418 mentem
1392 1362 1606 1417 habeat.

854 1451 1044 1523 Ejusd.
1078 1485 1148 1494 -—
1180 1452 1409 1507 Sursum
1454 1449 1730 1522 quondam
1769 1449 2012 1506 Adamus
2040 1459 2183 1517 erat,
2232 1464 2343 1504 non

782 1546 927 1612 loco,
988 1544 1082 1599 sed
1115 1543 1278 1615 417
1327 1543 1495 1598 animi
1547 1543 1881 1598 inductione.
1934 1541 2131 1597 Statim
2185 1557 2341 1608 vero,

781 1653 905 1693 cum
964 1637 1114 1691 omni
1165 1637 1450 1707 voluptate
1508 1634 1774 1699 aﬂlueret,
1829 1651 1895 1691 ex
1953 1638 2243 1691 saturitate
2285 1636 2343 1692 in

781 1730 1139 1801 petulantiam
1193 1729 1344 1794 ruit;
1393 1727 1614 1798 quippe,
1652 1729 1746 1799 qui
1796 1728 1900 1783 hoc
1944 1728 2089 1800 quod
2122 1728 2342 1785 carneis

781 1822 960 1877 oculis
1011 1835 1290 1876 ammnum
1356 1821 1671 1886 videbatur,
1721 1821 2052 1892 intelligibili
2107 1822 2185 1875 illi
2217 1821 2342 1891 pul-

780 1913 1086 1968 chritudini
1115 1916 1517 1982 anteposuerit,
1545 1920 1602 1968 et
1623 1914 1810 1968 carnis
1855 1912 2148 1983 ingluviem
2173 1912 2341 1983 spiri-

780 2007 1026 2063 tualibus
1099 2006 1516 2061 oblectamentis
1579 2004 2038 2075 praestabiliorem
2097 2004 2339 2060 duxerit.

781 2096 901 2163 Quo
931 2097 1132 2152 factum
1164 2105 1272 2162 est,
1317 2105 1377 2152 ut
1403 2096 1696 2152 confeStim
1724 2113 1755 2152 e
1789 2097 2069 2166 paradiso,
2097 2112 2127 2152 e
2161 2097 2340 2164 beato,

780 2193 1030 2262 inquam,
1075 2191 1166 2248 illo
1219 2199 1390 2259 statu,
1423 2193 1750 2248 exturbatus
1773 2193 1878 2258 sit;
1910 2192 2087 2248 malus
2117 2193 2342 2263 quidem

779 2282 981 2348 Iactus,
1011 2298 1119 2337 non
1152 2284 1506 2349 necessitate,
1536 2284 1632 2340 sed
1659 2283 2050 2355 imprudentia.

851 2373 1040 2444 Ejusd.
1071 2375 1212 2429 hom.
1255 2375 1332 2430 De
1349 2376 1523 2446 jejun.
1553 2407 1623 2418 —
1645 2375 1849 2432 Venter
1894 2378 2036 2432 cibis
2087 2387 2342 2444 onustus,

778 2480 890 2520 non
923 2466 1102 2521 dicam
1136 2467 1204 2521 ad
1234 2482 1481 2533 cursum,
1524 2468 1621 2524 sed
1662 2483 1731 2523 ne
1779 2467 1845 2522 ad
1874 2482 2186 2524 sermonem
2220 2467 2346 2539 qui-

779 2558 904 2613 dem
931 2569 1090 2630 aptus
1141 2570 1247 2616 est.
1295 2560 1555 2615 Ciborum
1589 2562 1791 2632 quippe
1845 2562 2001 2631 copia
2042 2576 2344 2633 Oppressus

781 2666 907 2706 cum
939 2652 1034 2719 sit,
1066 2667 1136 2707 ne
1170 2653 1375 2708 sinitur
1401 2653 1624 2723 quidem
1667 2655 1977 2724 quiescere,
2017 2655 2112 2709 sed
2141 2655 2338 2710 multa!

783 2745 838 2798 in
873 2751 1159 2815 utramque
1186 2752 1397 2816 partem
1429 2746 1830 2801 conversiones
1867 2747 2080 2816 cogitur
2107 2746 2341 2802 efﬁcere.

857 2833 998 2890 Ibid.
1027 2867 1098 2878 —-
1119 2834 1318 2893 Venter
1355 2837 1720 2896 inlldissimus
1765 2838 1820 2891 in
1855 2839 2204 2893 commerciis
2235 2846 2343 2904 est,

783 2927 1009 2984 minime
1029 2935 1210 2984 tutum
1243 2945 1411 3000 penu,
1442 2930 1588 3002 quod
1621 2930 1810 2985 multis
1839 2930 1896 2984 in
1929 2945 1989 2986 se
2020 2931 2343 2998 reconditis,

781 3019 1169 3076 detrimentum
1217 3022 1440 3092 quidem
1489 3022 1747 3089 retineat,
1797 3037 1921 3094 quae
1979 3037 2110 3078 vero
2144 3021 2344 3078 tradita

783 3111 888 3167 sibi
929 3122 1078 3180 sunt,
1118 3114 1342 3169 minime
1367 3122 1570 3171 servet.

2441 624 2828 694 περισαρκοῖς;
2855 619 3052 694 “obe
3072 621 3402 690 ἀγνοεῖς,ὃτι
3427 621 3553 673 ὅσον
3579 619 3896 689 παχυτέραν
3916 618 4017 689 τὴν

2444 716 2625 788 σάρκα
2673 714 2867 770 ἐαυτοῦ
2911 717 3105 779 ποιεῖς,
3136 712 3377 784 τοσούτῳ
3428 711 3728 784 βαρύτερον
3759 715 3826 782 τῇ
3863 712 4016 782 ψυχῇ

2442 805 2874 869 κατασκευάζεις
2904 803 3280 876 δεσμωτήριον
3304 819 3320 866 ;
3350 801 3473 866 Πῶς
3507 802 3617 872 γὰρ
3641 803 3671 854 ὁ
3697 801 3882 872 χοῖκδς
3919 799 4015 854 ἀν-

2442 899 2657 970 θρωπος
2700 900 2794 953 καὶ
2825 899 3080 970 σάρκινος
3125 897 3580 968 ἐξομολογήσεται
3615 895 3694 965 τῷ
3725 893 3869 964 Θεῷ,
3918 892 4016 946 καὶ

2441 992 2731 1062 ἀναγγελεῖ
2777 993 2878 1065 τὴν
2935 991 3195 1064 ἀλήθειαν
3229 989 3392 1045 αὑτοῦ
3413 1029 3429 1054 ,
3476 991 3507 1044 δ
3535 989 3669 1061 μήτε
3720 987 4014 1058 μαθήμασι

2441 1082 2564 1147 δοὺς
2593 1083 2807 1155 καιρὸν,
2859 1083 2953 1138 καὶ
2983 1084 3041 1136 έν
3089 1083 3332 1154 τοσούτῳ
3360 1080 3519 1154 βάρει
3554 1080 3655 1150 τῆς
3689 1078 3896 1150 σαρκὸς
3919 1079 4014 1132 τὸν

2441 1173 2567 1230 νοῦν
2594 1175 3000 1248 συγκεχυμένον
3023 1175 3198 1246 ἔχωνς

2511 1443 2621 1502 Ἦν
2649 1464 2782 1501 ποτε
2820 1447 2993 1514 ’Δδάμ
3012 1445 3146 1508 άνω,
3172 1445 3234 1498 ού
3275 1443 3448 1514 τόπῳ,
3487 1441 3624 1496 ἀλλά
3650 1443 3718 1512 τῇ
3748 1439 4014 1512 προαιρέ-

2443 1559 2549 1595 σει.
2580 1541 2730 1610 Ταχὺ
2750 1539 2808 1593 δὲ
2839 1539 3020 1609 πάσης
3039 1535 3393 1600 ἀπολαύσεως
3410 1533 3767 1606 ἐμπλησθεὶς,
3797 1531 4014 1601 ἐξύϐρι-

2444 1648 2504 1685 σε
2530 1631 2611 1702 τῷ
2641 1633 2809 1704 κόρῳ,
2832 1630 2894 1683 τὸ
2920 1629 3088 1699 φανὲν
3114 1627 3345 1701 τερπνὸν
3374 1629 3488 1690 τοῖς
3508 1626 3786 1697 σαρκίνοις
3812 1623 4014 1692 ὀφθαλ-

2446 1721 2566 1790 μοῖς
2589 1719 2680 1772 τού
2716 1718 2908 1790 νοητοῦ
2943 1719 3294 1790 προτιμήσας
3321 1716 3573 1780 κάλλους,
3612 1716 3710 1768 καὶ
3736 1715 3837 1784 τὴν
3877 1715 4016 1783 πλη-

2445 1811 2651 1882 σμονὴν
2685 1812 2786 1882 τῆς
2831 1811 3037 1882 σαρκὸς
3080 1810 3191 1864 τῶν
3231 1808 3618 1880 πνευματικῶν
3655 1806 4015 1862 ἀπολαύσεων

2441 1902 2776 1974 τιμιωτέραν
2797 1903 3044 1975 θέμενος.
3067 1903 3211 1967 Ἐξω
3237 1903 3335 1973 μὲν
3352 1900 3516 1964 εὐθὺς
3535 1898 3632 1954 τοῦ
3656 1898 4012 1968 παραδείσου,

2442 1993 2547 2060 ἔξω
2574 1995 2630 2050 δὲ
2651 1996 2752 2066 τῆς
2780 1996 3057 2068 μακαρίας
3085 1995 3300 2066 ἐκείνης
3321 1994 3619 2064 διαγωγῆς,
3640 1993 3742 2047 οὐκ
3767 1994 3826 2060 ἐξ
3848 1992 4016 2060 ἀνάγ-

2442 2106 2546 2161 κης
2578 2089 2770 2155 κακὸς,
2806 2089 2924 2144 ἀλλ’
2944 2089 3002 2156 ἐξ
3028 2088 3286 2153 ἀϐουλίας
3312 2089 3623 2160 γενόμενος.

2512 2358 2864 2432 Βαρυνομένη
2901 2360 3138 2431 γαστὴρ,
3178 2360 3278 2429 οὐχ
3300 2359 3450 2422 ὅπως
3475 2355 3614 2428 πρὸς
3639 2354 3865 2426 δρόμον,
3900 2349 4016 2404 ἀλλ’

2442 2450 2562 2504 οὐδὲ
2598 2451 2734 2522 πρὸς
2759 2450 2928 2506 ὕπνον
2958 2451 3261 2524 ἐπιτηδεία.
3297 2450 3446 2504 Διότι
3473 2446 3906 2516 καταθλιϐομένη
3938 2443 4018 2514 τῷ

2443 2543 2662 2616 πλήθει,
2686 2545 2807 2600 οὐδὲ
2851 2548 3082 2618 ἠρεμεῖν
3109 2546 3497 2617 συγχωρεῖται,
3524 2541 3660 2597 ἀλλὰ
3708 2536 4018 2606 ἀναγκάζε-

2442 2654 2534 2692 ται
2559 2637 2760 2703 πολλάς
2787 2639 3172 2705 ποιεῖσθαιτὲς
3201 2635 3572 2711 πεμστροφάς
3623 2634 3710 2703 ἐφ’
3755 2632 4013 2702 ἑκάτερα.

2512 2827 2735 2900 Γαστὴρ
2763 2823 3135 2894 συναλλάκτης
3167 2818 3316 2873 ἐστὶν
3348 2813 3728 2875 ἀπιστότατος,
3788 2807 4017 2877 ταμεῖον

2444 2922 2775 2993 αφύλακτοψ
2815 2915 3026 2972 πολλῶν
3073 2911 3465 2974 ἀποτεθέντων,
3492 2907 3590 2977 τὴν
3651 2904 3750 2973 μὲν
3811 2900 4018 2993 βλάϐην

2443 2991 2925 3088 παρακατέχουσα,
2951 3009 3020 3064 τὰ
3060 3010 3246 3078 μέντοι
3284 3000 3657 3074 παραδοθέντα
3710 2995 3770 3050 ού
3825 2991 4020 3048 διασώ-

2442 3108 2632 3172 ζουσα.
2679 3148 2685 3152 .

855 3172 1234 3276 ΕῙιιιάίΙιοιη.
1265 3205 1341 3262 De
1400 3206 1581 3277 jejun.
1617 3239 1685 3248 -
1716 3205 1792 3261 Ne
1821 3205 1948 3261 Em
1979 3206 2344 3277 inobsequen-

2410 3210 2414 3266 ς
2515 3194 2608 3264 Μὴ
2651 3191 2866 3262 μιμήσῃ
2905 3183 3182 3256 τῆςεΰας
3215 3183 3315 3254 τὴν
3340 3181 3666 3251 παρακοήνο
3725 3175 3802 3246 μὴ
3856 3172 4018 3277 πάλιν

785 3295 916 3350 tiam
945 3295 1158 3352 imitere
1194 3313 1209 3349 :
1249 3311 1318 3351 ne
1348 3303 1654 3366 serpentem
1708 3311 1901 3350 rursus
1946 3297 2016 3350 ad
2047 3297 2340 3351 consilium

786 3387 1064 3453 adhibeas,
1097 3397 1158 3442 ut
1197 3387 1528 3459 indulgendo
1557 3389 1736 3452 carni,
1763 3388 1944 3442 cibum
1985 3388 2268 3458 subjicias.

856 3478 999 3534 Ibid.
1028 3510 1098 3520 —
1124 3478 1369 3538 Humana
1405 3494 1633 3551 corpora
1659 3481 1884 3537 assidua
1914 3481 2344 3552 ingurgitatione

789 3584 1138 3644 pra-gravata,
1173 3572 1338 3628 facile
1367 3581 1692 3646 merguntur
1725 3574 2147 3644 obruunturque
2177 3593 2190 3628 :
2223 3589 2345 3644 quae

789 3673 971 3719 autem
1020 3663 1124 3720 levi
1175 3665 1436 3720 alimento
1487 3673 1737 3731 utuntur,
1766 3675 1884 3720 tum
1921 3666 2244 3735 impendens
2273 3680 2344 3720 ex

790 3755 980 3811 morbo
1026 3757 1230 3812 malum
1277 3765 1539 3828 tanquam
1586 3757 1841 3828 procellae
1895 3757 2161 3827 impetum
2210 3755 2346 3811 ell‘u-

788 3849 962 3917 giunt,
989 3856 1100 3902 tum
1126 3857 1448 3919 praesentem
1480 3849 1808 3913 molestiam,
1848 3862 1959 3905 non
1987 3863 2150 3904 secus
2181 3856 2348 3920 atque

787 3934 996 4004 scopuli
1019 3935 1309 4004 cujusdam
1341 3936 1712 3992 incursionem
1743 3936 2011 3994 devitant.

741 4092 748 4097 _
857 4024 998 4081 Ibid.
1035 4025 1411 4098 Quadraginta
1449 4029 1663 4084 dierum
1697 4031 2164 4098 perseverantiam
2194 4045 2344 4105 quos

789 4115 1000 4188 Moyses
1031 4120 1124 4174 Dci
1171 4134 1362 4175 servus
1397 4119 1704 4190 jejunando
1730 4129 1785 4175 et
1819 4121 2029 4177 orando
2061 4133 2348 4192 transege-

788 4219 892 4278 rat,
945 4211 1242 4267 vinolentia
1304 4227 1415 4269 una
1461 4212 1866 4268 infructuosam
1915 4213 2173 4269 reddidit.
2207 4212 2345 4269 Nam

785 4316 924 4372 quas
965 4302 1182 4357 tabulas
1211 4303 1384 4374 digito
1433 4300 1526 4359 Dei
1577 4303 1923 4374 conscriptas
1949 4303 2221 4374 jejunium
2251 4320 2346 4360 ac-

2444 3283 2750 3354 σύμϐουλον
2776 3278 3060 3350 παραδέξῃ
3096 3275 3189 3330 τὸν
3218 3274 3367 3346 δφιν,
3419 3273 3595 3344 φειδοῖ
3656 3271 3759 3340 τῆς
3813 3267 4016 3341 σαρκὸς

2440 3375 2542 3444 τὴν
2580 3373 2778 3444 βρῶσιν
2797 3369 3200 3446 ὑποτιθέμενος.

2513 3467 2595 3521 Τά
2615 3466 2725 3520 τῶν
2753 3461 3056 3535 ἀνθρώπιον
3083 3459 3334 3531 σώματα,
3357 3456 3573 3526 συνεχεῖ
3603 3452 3702 3524 μὲν
3731 3450 3811 3521 τῷ
3872 3450 4020 3520 κόρῳ

2443 3557 2923 3629 καταϐαρούμενα,
2945 3553 3181 3616 εὐκόλως
3209 3549 3516 3620 ὑποϐρύχια
3537 3547 3750 3615 γίνεται
3781 3561 3796 3574 ο
3827 3543 4019 3596 εύσταο

2445 3651 2531 3705 λεῖ
2558 3651 2614 3704 δὲ
2647 3648 2742 3703 καὶ
2789 3649 2965 3718 κουφῇ
3010 3644 3345 3716 κεχρημένα,
3382 3641 3478 3694 καὶ
3535 3639 3598 3691 τὸ
3632 3637 4022 3712 προσδοκώμε-

2445 3759 2535 3796 νον
2566 3741 2632 3792 ὲκ
2661 3739 2817 3793 νόσου
2850 3737 3038 3800 κακὸν,
3075 3735 3266 3804 ῶσπερ
3323 3730 3591 3802 χειμῶνος
3648 3730 4022 3782 ἐπανάστασιν

2445 3832 2802 3900 ὑπεξέφυγεν,
2831 3830 2925 3884 καὶ
2950 3828 3011 3881 τὸ
3040 3827 3141 3898 ήδη
3167 3826 3340 3896 παρὸν
3403 3821 3633 3892 ὀχληρὸν
3689 3820 3882 3891 ὥσπερ
3941 3836 4019 3872 τι·

2444 3922 2534 3987 νὸς
2561 3919 2814 3982 σπιλάδος
2845 3914 3141 3988 ἐπιδρομὴν
3164 3909 3534 3984 διεκρούσατο.

2515 4011 2940 4081 Τεσσαράκοντα
2990 4005 3216 4078 ἡμερῶν
3280 3999 3610 4074 προσεδρίαν
3663 3995 4022 4068 νηστεύοντος

2445 4107 2541 4161 καὶ
2590 4105 2844 4175 δεομένου
2893 4099 2988 4156 τοῦ
3031 4097 3358 4170 θεράποντος
3405 4091 3707 4154 Μωῦσέως,
3746 4089 4023 4160 ἄχρηστον

2445 4200 2702 4272 ἐποίησεν
2749 4194 3069 4266 οἰνοφλυγία
3121 4191 3239 4264 μία.
3295 4190 3395 4253 Ἀς
3441 4187 3552 4258 γὰρ
3607 4182 3834 4254 νηστεία
3858 4180 4020 4234 ἔλαϐε

2446 4271 2682 4358 πλάκας,
2700 4289 2949 4358 δακτύλῳ
2983 4284 3119 4339 Θεοῦ
3142 4279 3557 4355 γεγραμμένας,
3589 4277 3796 4338 ταύτας
3817 4276 3850 4344 ἡ
3881 4271 4021 4344 μέθη

785 4368 1026 4465 ceperat,
1069 4395 1169 4450 bas
1216 4368 1455 4452 ebrietas
1501 4368 1816 4466 confregit;
1843 4368 2128 4466 indignum
2157 4397 2344 4452 existi-

2449 4381 2784 4455 συνέτριψεν,
2839 4379 3054 4444 ἀνάξιον
3105 4376 3388 4447 κρίναντος
3424 4370 3520 4425 τοῦ
3546 4368 3875 4466 *πρῗρήτου
3924 4381 4023 4434 με-

786 4496 969 4541 mante
1011 4487 1298 4556 propheta,
1346 4488 1608 4558 populum
1637 4487 1849 4543 ebrium
1881 4487 1975 4544 Dei
2007 4489 2221 4557 legibus
2256 4489 2344 4544 in-

785 4577 958 4632 stitui.
1027 4576 1205 4633 Unico
1264 4579 1526 4649 temporis
1585 4587 1886 4644 momento,
1936 4581 2178 4650 p0pu|us
2229 4581 2343 4649 ille,

783 4669 877 4739 qui
909 4684 1009 4738 per
1036 4670 1375 4739 amplissima
1425 4669 1697 4725 miracula
1731 4669 1825 4725 Dei
1853 4671 2218 4741 cognitionem
2248 4686 2344 4727 ac-

783 4767 1026 4830 ceperat,
1067 4760 1140 4814 ob
1168 4759 1525 4831 gulositatem
1552 4760 1609 4813 in
1635 4758 2015 4831 Egyptiacam
2037 4776 2166 4832 erga
2199 4761 2347 4817 idola

786 4851 1074 4904 amentiam
1099 4851 1421 4919 provolutus
1444 4856 1546 4904 est.
1569 4847 1813 4920 Utraque
1838 4851 2002 4907 simul
2030 4867 2302 4923 compone
2327 4871 2343 4908 :

785 4942 1044 4996 nimirum
1099 4956 1208 5012 quo
1242 4952 1405 5011 pacto
1454 4939 1726 5010 jejunium
1773 4941 2053 4997 hominem
2085 4944 2348 5000 conciliet

785 5035 918 5101 Deo,
954 5044 1010 5092 et
1037 5043 1230 5090 contra
1261 5039 1421 5089 luxus
1461 5049 1696 5090 salutem
1729 5035 2042 5103 prostituat.

858 5127 1001 5182 Ibid.
1027 5157 1098 5169 —-
1128 5124 1337 5180 Venter
1375 5125 1666 5196 liguriens,
1700 5125 1966 5195 poscendi
2002 5126 2166 5179 ﬁnem
2198 5141 2346 5180 nun-

788 5234 954 5291 quam
995 5218 1124 5273 facit
1161 5236 1176 5272 :
1206 5215 1368 5271 hodie
1407 5216 1633 5286 accipit,
1671 5224 1728 5272 et
1757 5231 1883 5272 cras
1915 5216 2202 5272 immemor
2241 5227 2343 5274 est.

787 5312 924 5367 Cum
975 5311 1116 5364 cibis
1159 5308 1397 5364 refertus
1434 5315 1540 5373 est,
1571 5310 1639 5362 de
1669 5309 2034 5376 temperantia
2079 5308 2342 5364 disserit:

789 5405 1070 5460 inﬂatione
1097 5417 1228 5457 vero
1265 5402 1538 5467 discussa,
1579 5401 1939 5466 decretorum
1975 5415 2204 5457 suorum
2236 5418 2345 5458 non

789 5497 1131 5556 recordatur.
2302 5548 2305 5552 _

861 5589 1007 5645 Ibid.
1041 5587 1362 5658 Exemplum
1392 5584 1583 5642 divitis
1616 5585 1934 5642 reformida.
1971 5585 2125 5640 lllum
2159 5585 2344 5651 luxus,

789 5684 879 5739 cui
909 5696 1008 5753 per
1045 5695 1262 5737 omnem
1295 5682 1464 5734 vitam
1495 5677 1749 5744 indulsit,
1791 5679 1847 5733 in
1874 5680 2053 5750 ignem
2086 5678 2344 5750 conjecit.

790 5774 979 5843 Neque
1015 5772 1162 5828 enim
1213 5770 1500 5842 injustitize
1547 5771 1740 5834 ullius,
1783 5770 1878 5827 sed
1916 5770 2166 5826 mollitiei
2201 5770 2342 5828 dun-

792 5871 946 5920 taxat
976 5871 1030 5921 ct
1051 5863 1211 5920 luxus
1246 5861 1466 5920 nomine
1487 5859 1542 5917 in
1575 5860 1793 5920 ﬂamma
1830 5860 2030 5916 camini
2059 5861 2343 5918 excrucia-

793 5956 972 6012 batur.

2450 4477 2646 4531 θύοντα
2674 4474 2802 4529 λαὸν
2830 4467 3233 4543 νομοθετεῖσθαι
3264 4463 3414 4537 παρά
3439 4461 3598 4516 Θεοῦ.
3654 4459 3746 4513 Ἐν
3777 4459 3878 4529 μιᾷ
3899 4474 4022 4510 και-

2375 4537 2422 4594 D
2453 4571 2548 4646 ροῦ
2584 4571 2746 4642 ῥοπῇ,
2774 4566 2865 4620 διὰ
2891 4537 3332 4634 γαστριμαργίαν
3365 4558 3394 4610 ὁ
3414 4555 3539 4618 λαὸς
3569 4555 3823 4646 ἐκεῖνοςη
3853 4553 3881 4604 ὁ
3931 4549 4024 4646 τδν

2450 4640 2696 4715 Θεὸν-διά
2737 4656 2848 4711 τῶν
2909 4654 3179 4726 μεγίστων
3233 4649 3476 4720 τεράτων
3538 4641 3919 4712 δεδιδαγμένος
3942 4640 4022 4701 είς

2451 4752 2552 4822 τὴν
2571 4749 2876 4818 Αἰγυπτίαν
2906 4741 3298 4814 εἰδωλομανίαν
3333 4734 3674 4806 ἐξεκυλίσθη,
3697 4731 4022 4802 παράλληλα

2452 4844 2566 4906 θεὶς
2601 4841 2906 4912 ἀμφότερα,
2966 4836 3085 4898 πῶς
3123 4836 3157 4899 ή
3201 4831 3425 4903 νηστεία
3465 4827 3585 4899 θεῷ
3612 4826 3900 4898 προσάγει,
3928 4823 4023 4874 καὶ

2451 4936 2572 4998 πῶς
2596 4932 2774 5003 τρυφὴ
2804 4930 2902 5002 τὴν
2929 4926 3204 4998 σωτηρίαν
3229 4922 3537 4996 προδίδωσι.

2521 5128 2689 5199 Λίχνη
2724 5125 2939 5196 γαστὴρ
2976 5123 3064 5177 ἀεὶ
3106 5119 3436 5183 απαιτοῦσα,
3485 5116 3578 5170 καὶ
3623 5113 3890 5184 μηδέποτε
3929 5108 4024 5178 λήο

2452 5239 2646 5293 γουσα,
2671 5222 2704 5290 ὴ
2730 5217 3085 5289 λαμϐάνουσα
3113 5213 3376 5285 σήμερον,
3411 5210 3504 5263 καὶ
3555 5207 3743 5278 αὔριον
3798 5203 4021 5257 ἐπιλαν-

2453 5314 2746 5383 θανομένη,
2779 5313 2909 5365 ὅταν
2937 5306 3246 5378 ἐμπλησθῇ,
3267 5305 3395 5375 περὶ
3423 5299 3746 5371 ἐγκρατείας
3810 5297 4020 5366 φιλοσο-

2453 5409 2563 5477 φεῖ,
2598 5407 2726 5458 ὃταν
2772 5405 2830 5458 δέ
2881 5399 3226 5471 διεπνεύσθη,
3286 5394 3700 5450 ἐπιλανθάνεται
3735 5388 3846 5441 τῶν
3901 5387 4023 5454 δογέ

2456 5500 2656 5568 μάτων.

2522 5588 2791 5658 Φοϐήθητι
2829 5585 2892 5637 τὸ
2942 5582 3247 5652 ὑπόδειγμα
3295 5579 3388 5631 τοῦ
3441 5577 3715 5630 πλουσίου.
3783 5575 4022 5627 Ἐκεῖνον

2455 5679 2772 5752 παρέδωκεν
2793 5675 2871 5747 τῷ
2901 5675 3034 5745 πυρὶ
3060 5676 3093 5743 ἠ
3111 5673 3198 5726 διὰ
3224 5671 3339 5742 βίου
3365 5669 3562 5740 τρυφή.
3626 5668 3701 5720 Ού
3747 5667 3855 5734 γὰρ
3911 5665 4024 5716 ἀδι-

2454 5774 2598 5838 κίαν,
2628 5769 2764 5826 ἀλλά
2789 5769 2852 5822 τὸ
2877 5766 3216 5838 ἁϐροδίαιτον
3254 5762 3538 5834 ἐγκληθεὶς
3590 5763 3727 5814 άπετ
3741 5758 4023 5830 ηγανέζετο

2453 5869 2513 5922 ὲν
2531 5869 2597 5938 τῇ
2635 5863 2791 5935 φλογὶ
2814 5863 2913 5933 τῆς
2948 5858 3195 5930 καμίνου.
