4210 6448
237 519 311 571 Τὸ
365 515 499 585 περὶ
540 514 641 585 τὴν
684 513 846 583 πέψιν
896 512 1239 583 πλημμελὲς,
1290 514 1403 575 τοῖς
1452 513 1733 582 τρυφῶσιν

170 609 486 676 ἀναγκαίως
503 605 803 661 ἀκολουθεῖ.
825 604 998 658 Τοῦτο
1015 604 1123 674 γὰρ
1145 605 1241 657 καὶ
1279 604 1351 657 τά
1405 604 1611 677 σφοδρά
1656 621 1743 657 νο-

171 702 395 770 σήματα
440 702 557 762 τοῖς
605 682 1293 769 σώμασινθάπεργάζεται.
1354 696 1450 749 Ἐκ
1500 696 1608 766 γὰρ
1643 696 1744 765 τῆς

163 792 396 863 παχείας
418 791 650 864 τροφῆς,
692 787 802 844 οἷον
829 788 1147 852 αἱθαλώδεις
1188 788 1583 859 ἀναθυμιάσεις
1612 788 1743 841 ἀνα-

164 885 544 955 πεμπόμεναι,
593 882 820 951 νεφέλης
852 881 1007 950 δίκην
1059 881 1310 949 πυκνῆς.
1357 880 1454 944 τάς
1500 880 1609 935 ἀπὸ
1644 880 1739 933 τοῦ

163 974 318 1040 ἁγίου
359 972 679 1042 Πνεύματος
728 969 1083 1041 ἐγγινομένας
1128 970 1427 1041 ἐλλάμψεις
1496 972 1592 1024 ἐπὶ
1648 969 1741 1023 τὸν

162 1064 285 1117 νοῦν
312 1106 328 1129 ,
382 1065 760 1119 διακόπτουσι.

230 1155 409 1224 Χόρος
437 1154 648 1225 ὕϐρεως
675 1158 839 1227 ἀρχή.

228 1332 295 1389 Οἱ
348 1335 784 1407 τραπεζοποιοὺς
834 1352 984 1398 τινας
1030 1331 1386 1397 ἐπινοοῦντες,
1415 1331 1507 1385 καὶ
1558 1331 1740 1383 πᾶσαν

154 1426 583 1497 διερευνώμενοι
634 1428 738 1497 γῆν
783 1444 843 1480 τε
898 1427 995 1481 καὶ
1038 1426 1333 1491 θάλασσαν,
1358 1426 1450 1478 καὶ
1495 1419 1604 1477 οἷόν
1629 1440 1737 1476 τινι

157 1517 385 1587 χαλεπῷ
447 1518 714 1589 δεσπότῃ,
764 1521 828 1590 τῇ
877 1521 1075 1591 γαστρὶ
1137 1518 1335 1589 φόρους
1400 1516 1733 1584 ἀπάγοντες,

154 1608 387 1662 ἐλεεινοὶ
430 1609 531 1679 τῆς
564 1610 818 1681 ἀσχολίας
858 1612 984 1664 εἰσί·
1016 1612 1109 1664 καὶ
1139 1611 1246 1664 τῶν
1280 1612 1337 1661 ἐν
1360 1608 1484 1678 ᾅδου
1510 1606 1733 1671 κολαζο-

160 1700 338 1769 μένων
368 1702 525 1755 οὐδὲν
547 1704 843 1773 πάσχοντες
868 1703 1242 1773 ἀνεκτότερον,
1260 1700 1497 1770 ἀτεχνῶς
1524 1701 1601 1760 είς
1624 1696 1735 1768 πῦρ

157 1792 461 1857 ξαίνοντες,
489 1795 581 1847 καὶ
608 1794 843 1865 κοσκίνῳ
875 1796 1129 1866 φέροντες
1159 1794 1324 1864 ὕδωρ,
1377 1792 1471 1845 καὶ
1513 1793 1594 1854 είς
1644 1807 1734 1843 τε·

1420 408 1657 467 SACRA
1691 408 2132 469 PARALLELA

3274 407 3413 469 1338

1906 511 2048 564 Ibid.
2079 541 2148 552 —
2182 510 2288 565 Eos
2322 511 2415 581 qui
2448 512 2603 567 luxui
2647 513 2817 568 dediti
2857 520 3011 575 sunt,
3044 513 3241 568 vitiosa
3268 527 3409 567 con-

1843 606 2021 657 coctio
2058 606 2374 658 necessario
2422 606 2735 660 comitatur.
2777 604 2834 659 ld
2876 606 3024 661 enim
3062 604 3409 674 gravissimis

1843 710 2062 766 quoque
2092 696 2299 750 morbis
2327 711 2561 767 corpora
2611 697 2798 751 allicit.
2831 697 2907 751 Ex
2936 697 3201 752 crassiori
3231 695 3409 765 siqui-

1841 787 1963 841 dem
1992 788 2279 852 alimenlo,
2322 791 2469 843 velut
2521 789 2828 860 (uliginosa!
2876 789 3123 859 quaedam
3179 788 3406 842 exhala-

1842 878 2019 934 tiones
2055 879 2369 942 mittuntur,
2403 880 2605 950 quibus
2659 882 3133 949 inlerrumpantur
3169 878 3411 934 illustra-

1841 967 2020 1023 tiones
2048 984 2186 1037 quas
2233 969 2475 1039 Spiritus
2522 980 2747 1025 sanctus
2793 971 2845 1024 in
2880 976 3120 1023 mentem
3154 968 3405 1022 insinua-

1840 1058 1997 1111 verit.

1912 1148 2106 1217 Ejusd.
2145 1149 2210 1203 de
2261 1151 2455 1221 ingluv.
2486 1180 2556 1193 -ο
2588 1150 2863 1206 Saturitas
2903 1150 3209 1205 insolentiae
3246 1148 3402 1217 prin-

1836 1241 2036 1309 cipium
2061 1251 2165 1296 est.

1919 1334 2110 1402 Ejusd.
2159 1341 2300 1388 Itoni.
2349 1334 2413 1388 de
2445 1334 2647 1405 legend.
2690 1333 2783 1388 lib.
2813 1331 2992 1396 [ἐξω.
3014 1364 3085 1372 ——
3108 1330 3210 1395 Qui
3248 1343 3403 1383 men-

1837 1445 2024 1486 sarum
2055 1438 2358 1484 structores
2386 1430 2599 1498 aliquos
2649 1428 2836 1481 animo
2877 1433 3121 1488 versant,
3155 1438 3403 1478 omnem-

1835 1538 1941 1592 que
1976 1531 2177 1577 terram
2210 1530 2264 1576 et
2314 1537 2465 1575 mare
2497 1528 2935 1589 perscrutantur,
2986 1528 3041 1573 et
3097 1517 3247 1571 velut
3284 1529 3404 1583 gra-

1836 1612 2064 1667 vissimo
2093 1612 2317 1665 domino
2363 1611 2583 1665 cuidam
2632 1611 2845 1678 (ventri
2874 1607 3127 1675 scilicet)
3158 1606 3399 1674 vectiga-

1834 1703 1903 1757 lia
1933 1703 2233 1774 pensitant,
2292 1702 2455 1771 hujus
2504 1700 2890 1769 occupationis
2934 1698 3158 1752 nomine
3208 1695 3398 1750 miseri

1834 1804 1983 1860 sunt,
2039 1810 2141 1849 nec
2192 1793 2427 1847 leviores
2490 1806 2683 1862 pmnas
2736 1793 2917 1853 luunt,
2982 1803 3144 1859 quam
3192 1785 3286 1855 qui
3342 1786 3397 1838 in

154 1885 463 1953 τριμμὲνον
487 1886 801 1949 ἀντλοῦντες
828 1887 1003 1948 πίθον,
1036 1887 1153 1940 οὐδὲ
1201 1888 1373 1956 πέρας
1397 1884 1505 1938 τῶν
1552 1883 1730 1936 πόνων

1776 1880 1803 1935 Β
1832 1884 2021 1939 inferis
2047 1884 2458 1938 excruciantur.
2486 1881 2668 1952 Ignem
2701 1883 2859 1951 plane
2884 1881 3209 1949 scalpentes,
3232 1876 3402 1947 518

155 1976 377 2047 ἔχοντες

227 2159 495 2231 Σὼματος
517 2159 902 2223 εὐπαθοῦντος,
942 2160 1037 2214 καὶ
1106 2158 1447 2230 πολυσαρκίᾳ
1499 2156 1727 2228 βαρυνο-

160 2252 346 2321 μένου,
368 2252 583 2323 ἀνάγκη
610 2253 813 2323 ἀδρανῆ
844 2252 939 2305 καὶ
965 2252 1154 2306 ἄτονον
1180 2245 1317 2303 εἶναι
1356 2248 1492 2321 πρὸς
1521 2248 1619 2311 τάς
1647 2249 1727 2300 οἰ-

158 2346 313 2408 κείας
347 2343 628 2415 ἐνεργείας
653 2343 746 2398 τὸν
776 2342 919 2397 νοῦν.
950 2343 1139 2414 Ψυχῆς
1163 2343 1220 2396 δὲ
1260 2340 1586 2412 εὐεκτοὺσης
1634 2342 1728 2395 καὶ

155 2437 244 2489 διὰ
270 2436 373 2505 τῆς
422 2435 533 2489 τῶν
580 2434 799 2503 ἀγαθῶν
830 2436 1055 2507 μελέτης
1084 2434 1222 2506 πρὸς
1247 2434 1307 2487 τὸ
1344 2436 1543 2489 οἰκεῖον
1587 2435 1725 2501 ἀγα-

158 2523 247 2575 θὸν
276 2523 611 2595 ὑψουμένης,
641 2524 903 2594 ἐπόμενόν
931 2525 1049 2577 ἐστι
1073 2524 1173 2594 τὴν
1200 2522 1293 2577 τοῦ
1319 2521 1567 2595 σώματος
1613 2524 1727 2588 ἕξιν

158 2617 688 2687 καταμαραίνεσθαι.

228 2709 341 2760 Οὐκ
390 2707 717 2777 ἐπαινοῦμέν
759 2725 810 2761 τι
844 2706 951 2760 τῶν
990 2706 1128 2777 μετά
1172 2706 1265 2759 τὸν
1308 2704 1500 2776 λαιμὸν
1550 2704 1727 2775 όμοτίο

160 2815 289 2866 μων,
328 2798 531 2868 μᾶλλον
560 2798 618 2852 δὲ
640 2798 870 2870 ἀτίμων,
904 2798 1102 2869 ὁμοίως
1130 2798 1223 2851 καὶ
1241 2798 1581 2869 ἀποϐλήτων.

219 3086 489 3158 Ἀκρασία
548 3086 672 3156 ἐμοῖ⁵
721 3087 830 3141 πᾶν
878 3084 941 3139 τὸ
982 3085 1261 3156 περισσὸν,
1318 3087 1413 3140 καὶ
1462 3084 1601 3155 ὑπὲρ
1625 3082 1724 3155 τὴν

1828 1991 2024 2045 aquam
2075 1974 2317 2029 ferentes
2361 1974 2567 2039 crihro,
2604 1981 3001 2043 pertusumque
3030 1971 3257 2039 implere
3290 1968 3398 2019 do-

1828 2068 1960 2123 lium
1990 2075 2277 2132 conantes,
2312 2068 2523 2121 nullum
2565 2066 2814 2119 laborum
2860 2064 3020 2118 linem
3073 2062 3360 2116 habentes.

1898 2159 2090 2229 Ejusd.
2137 2160 2484 2230 —Corpore
2549 2160 2688 2214 bene
2742 2157 2985 2222 valente,
3038 2163 3093 2209 et
3147 2154 3395 2208 carnium

1826 2255 1972 2310 mole
2020 2262 2269 2325 gravato,
2320 2269 2475 2309 mens
2522 2253 2592 2307 ad
2633 2252 2882 2307 actiones
2940 2264 3071 2305 suas
3113 2244 3397 2302 obeundas

1827 2347 2089 2417 languida
2150 2353 2207 2402 et
2257 2346 2529 2401 imbecilla
2581 2345 2655 2399 sit
2706 2350 2942 2413 Oportet.
2987 2339 3215 2402 Contra,
3269 2352 3394 2391 cum

1825 2440 2009 2494 anima
2038 2440 2242 2510 Optima
2278 2437 2594 2493 valetudine
2619 2446 2727 2500 est,
2762 2445 2817 2490 et
2846 2449 2945 2504 per
2976 2434 3243 2487 virtutum
3278 2437 3395 2484 stu-

1824 2533 1974 2586 dium
2004 2532 2073 2586 ad
2107 2534 2310 2586 bonum
2362 2546 2524 2587 suum
2575 2530 2923 2593 subvehitur,
2975 2536 3107 2582 tunc
3162 2524 3395 2579 omnino

1822 2624 2092 2693 sequitur,
2136 2633 2195 2677 ut
2230 2623 2449 2677 habitus
2478 2622 2728 2692 corporis
2750 2622 3068 2691 languescat

1895 2715 2038 2771 Νη.
2069 2725 2210 2772 orat.
2251 2717 2344 2772 ⁸25.
2371 2747 2445 2760 -
2470 2716 2613 2771 Nihil
2645 2717 2700 2771 in
2734 2716 2845 2770 illis
2876 2715 3043 2770 rebus
3075 2713 3388 2774 laudamus,

1823 2826 1966 2881 qua,
2032 2819 2322 2881 postquam
2381 2810 2438 2865 in
2500 2809 2688 2881 fauces
2756 2807 3093 2861 transmissa:
3144 2805 3384 2867 fuerunt.

1822 2904 1941 2974 pari
1995 2902 2258 2973 deinceps
2310 2880 2895 2969 honore".sunt,jlino
2934 2898 3119 2970 potius
3172 2898 3307 2951 viles
3332 2906 3390 2949 et

1821 2992 2122 3062 ejiciendze.
3304 3059 3312 3066 η

1891 3087 2084 3156 Ejusd.
2117 3094 2258 3142 orat.
2302 3085 2392 3141 38.
2425 3115 2495 3127 ——
2524 3083 2989 3166 Intemperantia,
3010 3094 3133 3135 meo
3161 3080 3382 3166 quidem

152 3179 360 3246 χρείαν,
392 3177 487 3231 καὶ
529 3176 701 3230 ταῦτα
732 3174 1040 3230 πεινώντων
1073 3174 1247 3229 ἄλλων
1309 3174 1400 3228 καὶ
1451 3172 1720 3244 δεομένων

1776 3214 1793 3271 Ζ
1821 3178 2051 3248 judicio,
2091 3179 2147 3234 id
2175 3194 2338 3233 omne
2372 3164 2709 3233 censendum
2736 3184 2843 3242 est,
2873 3164 3382 3245 quodlsupe'rlluum

150 3261 256 3314 τῶν
289 3264 356 3315 ἐκ
381 3261 475 3314 τοῦ
495 3261 659 3315 αὐτοῦ
692 3260 863 3332 πηλοῦ
889 3278 947 3315 τε
985 3263 1077 3315 καὶ
1101 3262 1399 3333 κράματος.

218 3524 389 3577 Οὐδὲν
415 3522 586 3589 οὕτως
626 3523 894 3596 ἐπίμαχόν
920 3542 979 3578 τε
1028 3525 1123 3579 καὶ
1156 3522 1457 3595 φιλόνεικον
1494 3524 1571 3589 ὡς
1617 3542 1715 3594 γα-

152 3619 305 3687 στήρ.

217 3710 277 3759 Oi
308 3708 443 3776 περὶ
460 3706 557 3779 τὴν
582 3707 816 3778 τρυφὴν,
847 3708 1071 3776 ὑφέλετέ
1120 3727 1172 3763 τι
1220 3708 1322 3778 τῆς
1354 3709 1573 3781 σαρκὸς,
1622 3710 1717 3763 καὶ

149 3799 261 3853 δότε
282 3800 360 3869 τῷ
386 3799 676 3870 πνεύματι.
708 3800 905 3869 Ἐγγὺς
937 3801 965 3852 ὁ
997 3801 1206 3871 πένης;
1239 3804 1306 3872 τῇ
1332 3802 1471 3871 νόσῳ
1520 3800 1711 3872 βοήθη-

155 3908 260 3944 σον.
296 3893 390 3955 Ei;
424 3893 613 3945 τοῦτον
631 3891 930 3961 ἀπέρευξαί
968 3911 1019 3945 τι
1048 3893 1156 3945 τῶν
1182 3893 1477 3963 περιττῶν.
1510 3893 1588 3967 ,Τί
1620 3894 1715 3945 καὶ

152 3984 213 4036 σὺ
264 3984 493 4052 κάμνεις
546 3982 827 4045 ἀπεπτῶν,
878 3983 972 4035 καὶ
1024 3978 1179 4044 οὗτος
1230 3980 1470 4034 πεινῶν’
1518 3982 1608 4034 καὶ
1646 3983 1712 4034 σὺ

152 4089 180 4114 ν
192 4073 491 4139 πιπαλῶν,
531 4073 626 4126 καὶ
658 4066 813 4137 οὗτος
848 4073 1077 4144 ὕδεριῶν
1101 4089 1117 4105 ο
1144 4074 1331 4128 καὶσὺ
1360 4073 1507 4143 κόρῳ
1552 4074 1711 4144 κόρον

152 4162 431 4233 βαρύνων,
487 4165 582 4218 καὶ
644 4159 797 4227 οὗτος
873 4165 1331 4236 περιτρεπόμενος
1396 4167 1563 4234 νόσῳ;
1619 4164 1710 4236 Μὴ

150 4256 379 4327 παρίδῃς
398 4254 488 4308 τὸν
510 4254 602 4307 σὺν
632 4254 882 4327 Λάζαρον
901 4254 1154 4321 ἐνταῦθα,
1188 4258 1261 4326 μή
1291 4273 1349 4309 σε
1376 4257 1577 4327 ποιήσῃ
1620 4256 1712 4308 τὸν

149 4346 356 4401 ἐκεῖθεν
373 4347 643 4402 πλούσιον.

214 4460 305 4532 Μὴ
336 4462 409 4529 γῆ
431 4459 527 4515 καὶ
559 4460 802 4515 Θάλασσα
827 4461 926 4532 τὴν
956 4462 1088 4531 ἡμῖν
1122 4462 1323 4532 κόπρον
1375 4462 1707 4535 δωροφορεί-

148 4567 343 4605 τωσαν.
382 4551 539 4605 Οὕτω
567 4553 674 4624 γὰρ
701 4555 867 4624 τιμᾴν
890 4552 1005 4607 οῖδα
1032 4556 1263 4626 τρυφήν.

211 4764 393 4832 Μέχρι
421 4760 520 4831 τῆς
542 4760 793 4832 ὑπερῴας
813 4763 847 4832 ἡ
872 4761 982 4815 τῶν
1013 4762 1333 4833 ἡδυσμάτων
1354 4763 1601 4835 αἴσθησις
1620 4765 1709 4818 τὸν

147 4854 267 4923 690v
296 4855 426 4922 ἔχει,
449 4853 557 4907 ἀπὸ
586 4854 642 4907 δὲ
678 4854 775 4923 τῆς
800 4855 1052 4926 ὐπερῴας
1079 4856 1388 4926 ἀδιάκριτος
1412 4860 1444 4925 ή
1474 4856 1582 4909 τῶν
1612 4860 1708 4927 ἐμ-

148 4947 487 5017 ὗα>.λομένων
499 4945 752 5017 διαφορὰ,
778 4948 1054 5018 ὁμοτίμως
1076 4948 1143 5000 τὰ
1170 4948 1351 5002 πάντα
1370 4946 1468 5018 τῆς
1493 4948 1707 5017 φύσεως

149 5042 277 5111 πρὸς
301 5038 562 5094 δυσωδίαν
589 5038 922 5110 ἀλλοιούσης.

220 5256 282 5308 '0
326 5253 527 5325 σπόρος
561 5253 655 5307 τοῦ
704 5254 1077 5308 οἰκοδεσπότου
1120 5252 1267 5308 ἐστίν
1295 5273 1307 5286 ·
1334 5256 1398 5308 ἐκ
1421 5256 1477 5309 δέ
1492 5255 1584 5309 τοῦ
1620 5258 1703 5310 σί-

1826 3272 1990 3327 fuerit
2021 3286 2083 3326 ac
2128 3280 2329 3343 praeter
2377 3266 2785 3333 necessitatem,
2834 3268 3132 3338 praesertim
3173 3258 3384 3337 egenti-

1822 3365 1925 3420 bus
1957 3374 2011 3419 et
2040 3363 2186 3418 fame
2218 3362 2603 3417 laborantibus
2634 3361 2783 3427 aliis,
2810 3360 2906 3430 'qui
2938 3374 3006 3412 ex
3035 3358 3226 3412 eodem
3268 3355 3384 3408 luto

1818 3470 1873 3515 οι
1900 3466 2268 3529 temperatura
2295 3464 2571 3512 constant.

1892 3548 2087 3619 Ejusd.
2127 3578 2197 3589 —
2224 3546 2373 3601 Nihil
2424 3546 2650 3618 perinde
2685 3560 2909 3617 pugnax
2934 3553 2989 3598 et
3016 3537 3383 3597 contentionis

1819 3640 2037 3693 avidum
2072 3649 2177 3701 est,
2222 3652 2287 3692 ac
2320 3644 2531 3692 venter.
3021 3660 3027 3667 ·

1888 3728 2083 3799 Ejusd.
2138 3737 2279 3783 orat.
2328 3728 2422 3782 27.
2468 3756 2539 3767 —-
2575 3724 2681 3791 Qui
2730 3722 2887 3778 luxui
2936 3721 3083 3776 datis
3132 3733 3379 3789 operam.

1815 3818 2023 3889 aliquid
2092 3819 2247 3874 carni
2313 3816 2640 3881 subtrahite,
2708 3825 2764 3870 et
2840 3813 2967 3867 date
3016 3810 3257 3881 spiritui.
3320 3807 3380 3861 In

1816 3913 2133 3983 propinquo
2188 3918 2275 3965 est
2335 3908 2578 3979 pauper?
2630 3904 2899 3960 laboranti
2957 3901 3039 3957 fer
3083 3915 3263 3970 Opem.
3325 3897 3397 3950 in,

1815 4002 1962 4057 hunc
2005 3999 2218 4069 aliquid
2264 4013 2455 4053 eorum
2497 4012 2622 4067 qua:
2669 3996 2773 4050 tibi
2806 3992 3134 4050 redundant,
3166 3995 3378 4043 eructa.

1813 4092 1994 4147 Eccur
2022 4101 2078 4146 tu
2112 4089 2391 4146 cruditate
2443 4088 2691 4152 laboras,
2726 4093 2782 4143 et
2816 4087 2906 4141 ille
2953 4084 3131 4138 fame?
3161 4091 3217 4135 tu
3257 4094 3381 4134 cra-

1813 4186 1966 4257 pula,
2024 4185 2118 4240 ille
2162 4183 2436 4239 intercute
2481 4180 2671 4251 aqua?
2702 4190 2761 4233 tu
2791 4177 3092 4247 ingluviem
3141 4173 3383 4243 ingluvie

1813 4292 2105 4347 premens:
2138 4274 2229 4329 hic
2268 4274 2461 4329 morbo
2511 4269 2924 4326 circumactus?
2951 4267 3072 4322 Noli
3111 4266 3380 4320 Lazarum

1813 4374 1966 4420 tuum
1994 4364 2085 4419 hic
2110 4364 2424 4435 aspernari,
2465 4377 2533 4418 ne
2567 4368 2623 4416 to
2652 4361 2879 4415 divitem
2912 4359 3069 4413 illum
3102 4357 3287 4411 faciat.

1886 4474 2079 4545 Ejusd.
2108 4484 2245 4531 orat.
2272 4474 2361 4528 '58.
2390 4505 2460 4515 —-
2497 4472 2577 4528 Ne
2606 4472 2768 4527 nobis
2814 4486 2966 4525 mare
2994 4479 3048 4523 et
3081 4480 3222 4523 terra
3252 4442 3379 4538 pre;

1736 4555 1785 4613 Ι)
1813 4571 2013 4622 tiosum
2043 4575 2259 4622 stercus
2300 4564 2559 4621 offerant.
2592 4563 2709 4619 Hoc
2757 4564 2903 4619 enim
2934 4563 3159 4617 nomine
3186 4561 3375 4615 luxum

1811 4661 2085 4714 honorare
2125 4657 2274 4713 novi.

1881 4770 1936 4825 Ν
1941 4789 2051 4842 yss.
2082 4781 2220 4829 orat.
2264 4771 2299 4825 4
2346 4771 2401 4825 in
2432 4771 2613 4825 beatit.
2633 4801 2703 4811 —
2724 4768 3214 4823 Condimentorum
3249 4780 3375 4820 sen-

1810 4878 1908 4918 sus
1938 4862 2107 4933 palati
2138 4864 2391 4919 terminis
2442 4863 2947 4918 circumscribitur.
2979 4860 3193 4915 Etenim
3226 4861 3371 4913 ultra

1807 4954 2069 5024 palatum,
2116 4970 2308 5010 eorum
2354 4970 2475 5023 quae
2515 4954 2868 5022 injiciuntur,
2926 4952 3223 5007 discrimen
3258 4966 3370 5006 non

1806 5044 2236 5111 internoscitur;
2266 5054 2467 5097 natura
2505 5043 2769 5097 nimirum
2808 5042 2991 5096 omnia
3031 5056 3281 5111 peraeque
3312 5040 3369 5095 in

1806 5132 2033 5188 fetorem
2062 5140 2452 5189 comnmtante.
3136 5118 3139 5121 ’

1874 5250 2388 5319 Ejusd.-—Semen
2444 5256 2530 5304 est
2578 5247 3039 5319 patrisfamilias:
3096 5263 3128 5301 e
3180 5245 3367 5300 tritico

150 5364 235 5398 του
283 5348 313 5400 ὁ
365 5346 527 5416 ἄρτος
580 5346 806 5414 γίνεται.
858 5345 922 5398 Ἠ
976 5347 1033 5400 δέ
1074 5348 1254 5418 τρυφὴ
1281 5349 1342 5401 τὸ
1386 5349 1644 5414 ζιζάνιον,
1674 5351 1703 5404 ὃ

1802 5349 1985 5395 autem
2021 5340 2179 5411 panis
2211 5339 2522 5395 conﬁcitur.
2562 5340 2633 5394 At
2668 5341 2833 5397 luxus
2855 5341 3135 5395 zizanium
3158 5352 3265 5409 est,
3296 5343 3365 5397 ab

150 5436 469 5507 παρεσπάρη
499 5437 651 5508 παρά
682 5436 775 5489 τοῦ
798 5436 991 5508 ἐχθροῦ
1021 5438 1098 5508 τῷ
1130 5438 1280 5509 σίτῳ.

212 5548 306 5612 Τίς
350 5550 457 5619 γάρ
500 5550 601 5602 οὐκ
642 5546 799 5615 οἶδεν,
837 5552 919 5604 ὅτι
964 5550 1090 5621 ῥίζα
1123 5552 1232 5606 τῶν
1279 5555 1408 5624 περ).
1449 5554 1538 5607 τὸν
1589 5553 1700 5617 βίον

144 5637 624 5710 πλημμελημάτων
651 5641 800 5693 ἐστὶν
832 5642 864 5712 ή
895 5643 1021 5712 περὶ
1040 5642 1131 5697 τὸν
1159 5641 1352 5715 λαιμὸν
1378 5645 1623 5717 ἀσχολίας

1802 5433 1962 5487 hoste
1992 5434 2135 5487 clam
2163 5432 2351 5487 tritico
2380 5432 2716 5503 inspersum.

1872 5546 2063 5616 Ejusd.
2097 5556 2237 5603 orat.
2290 5548 2324 5603 5
2354 5530 2409 5602 in
2456 5548 2610 5603 Orat.
2644 5548 2800 5603 Dom.
2831 5581 2897 5590 —
2931 5544 3100 5605 Eccui
3130 5551 3235 5605 hoc
3262 5567 3359 5607 ex-

1799 5641 2071 5710 ploratum
2126 5632 2235 5693 nun
2284 5642 2378 5706 sit,
2431 5651 2781 5711 peccatorum
2816 5657 2939 5713 quae
2983 5645 3034 5697 in
3065 5643 3175 5697 vita
3206 5658 3358 5697 com-

1799 5733 2117 5807 mittuntur,
2161 5732 2401 5787 radicem
2431 5749 2557 5791 esse
2588 5734 2833 5793 studium
2876 5734 3008 5791 illud
3058 5736 3202 5813 q‘iod
3234 5748 3355 5809 gat-

1799 5822 1906 5880 turi
1951 5822 2322 5895 impenditur?
