4210 6448
795 345 933 411 1339

1961 354 2022 414 s.
2051 350 2367 415 JOANNIS
2405 345 2838 419 DAMASCENI

3893 370 4031 436 1340

859 453 1137 525 Chrysou.
1170 486 1239 496 —
1264 456 1400 512 Cum
1431 458 1766 526 comederis,
1808 474 1873 515 ac
1905 459 2140 516 biberis.
2177 459 2352 531 reple-
2381 462 2413 519 Α

2525 467 2739 537 Φαγὼν,
2760 473 2853 526 καὶ
2884 477 3047 543 πιὼν,
3082 481 3177 533 καὶ
3195 477 3551 548 ἐμπλησθεὶς,
3579 481 3817 554 πρόσεχε
3867 501 4026 538 σεαυ-

786 553 985 615 tusque
1027 547 1219 610 fueris.
1265 551 1487 605 attende
1529 551 1759 622 tibiipsi.
1809 552 2061 624 Praeceps
2092 555 2241 608 enim
2268 562 2355 609 est

787 635 945 690 locus
977 638 1303 706 voluptatis.
1889 667 1894 673 '

855 723 1028 792 (ἔψη.
1055 759 1125 767 —-
1156 727 1353 782 Libido
1388 733 1547 787 luxus
1577 749 1797 801 semper
1818 744 1903 789 est
1929 752 2137 802 comes.
2164 755 2358 809 quem-

785 817 1085 872 admodum
1119 822 1189 875 ab
1233 822 1473 878 Isocrate
1519 829 1799 894 proditum
1852 838 1958 885 est.
1993 828 2138 900 Opes
2170 843 2354 889 autem

783 909 1101 965 vitiositatis
1133 916 1483 984 potiusquam
1516 921 1736 974 virtutis
1774 921 2114 979 administras
2143 935 2296 981 sunt.

857 999 995 1055 Nili.
1027 1033 1097 1041 —
1119 1005 1164 1056 Α
1199 1007 1338 1060 cibis
1387 1009 1777 1066 abstinendum
1819 1022 1924 1076 est,
1962 1032 2072 1070 non
2103 1016 2352 1073 ciborum

784 1105 976 1154 causa,
1010 1094 1104 1149 sed
1158 1108 1382 1167 pr0pter
1422 1100 1758 1159 detrimenta
1787 1121 1908 1175 qua:
1929 1122 1998 1161 ex
2031 1108 2118 1164 bis
2157 1110 2354 1164 oriun-

787 1193 898 1238 tur.

853 1276 1045 1344 Ejusd.
1076 1281 1408 1339 -—-Aﬂ'ectus
1456 1287 1596 1355 gulm
1632 1288 1685 1342 in
1738 1293 2102 1348 scortationis
2154 1295 2351 1350 vitium

783 1367 1029 1426 desinit:
1063 1377 1329 1428 scortatio
1359 1385 1544 1432 autem
1581 1395 1821 1438 maerore
1861 1387 2211 1442 terminatur.

851 1564 1071 1622 Ibid.-—
1102 1569 1343 1626 Comede
1366 1582 1629 1643 quantum
1657 1591 1796 1644 Opus
1822 1581 1896 1633 sit
1943 1599 1955 1634 :
1997 1598 2177 1653 neque
2201 1586 2348 1641 enim

779 1658 1100 1713 moderatus
1150 1662 1310 1716 cibus
1349 1664 1699 1734 prohibetur.
1745 1669 1985 1726 Comede
2017 1674 2183 1743 igitur
2220 1691 2347 1729 cum

778 1751 1076 1814 gratiarum
1105 1753 1324 1809 actione
1377 1770 1391 1806 ε

775 1841 919 1893 enim
954 1843 1081 1897 odio
1116 1854 1266 1899 sunt.

846 1953 992 2009 Ibid.
1022 1988 1093 1998 —
1117 1958 1384 2031 Quisquis
1412 1964 1730 2036 inexplebili
1771 1975 2078 2030 voracitate
2115 1974 2345 2031 affectus

773 2053 878 2109 est,
936 2048 1297 2118 ignominiam
1329 2063 1384 2111 et
1421 2061 1871 2128 perturbationes
1931 2082 2028 2123 Der
2073 2069 2346 2139 gulosita-

776 2140 887 2187 tem
923 2136 1101 2190 novit.

845 2245 990 2302 Ibid.
1054 2252 1260 2308 Malum
1319 2267 1406 2313 est
1458 2259 1667 2318 homini
1723 2265 1951 2326 scientia
2001 2274 2231 2342 praedito
2287 2286 2343 2333 et

773 2336 941 2410 frugi,
991 2353 1354 2417 praeterquam
1407 2355 1557 2422 quod
1613 2373 1755 2428 opus
1794 2362 1889 2430 sit,
1929 2336 2113 2421 edere.
2165 2367 2310 2435 Quid

771 2430 906 2498 quid
935 2442 1095 2488 extra
1123 2441 1509 2499 necessitatem
1536 2456 1642 2511 est,
1676 2450 1874 2508 inutile
1907 2430 2182 2514 redditur.

769 2521 938 2594 319
967 2524 1158 2595 Ejusd.
1199 2561 1269 2572 —
1299 2534 1380 2588 An
1407 2540 1594 2596 nescis
1643 2540 1926 2610 Israelem,
1955 2549 2124 2605 simul
2173 2561 2342 2623 atque

772 2615 1059 2687 plusquam
1085 2636 1185 2690 par
1207 2631 1621 2700 erat,comedit,
1649 2634 1824 2692 instar
1844 2641 1975 2695 muli
1996 2615 2337 2712 calcitras-se,

769 2715 933 2804 atque
963 2710 1033 2764 ab
1059 2726 1151 2804 eo,
1171 2728 1200 2767 a
1219 2733 1329 2786 quo
1345 2721 1594 2778 alebatur
1615 2726 1978 2785 defecisse.-
1997 2732 2211 2804 Corpus
2238 2710 2344 2792 im-

770 2796 1061 2855 moderato
1082 2803 1210 2859 cibo
1236 2815 1289 2861 et
1318 2819 1449 2876 potu
1503 2814 1615 2868 noli
1657 2831 1905 2885 gravare,
1930 2836 1998 2876 ne
2013 2837 2080 2876 ex
2103 2823 2343 2893 ingluvie

769 2885 824 2939 in
851 2889 1099 2946 morbum
1135 2895 1367 2965 incidas,
1389 2912 1553 2972 atque
1609 2908 1936 2979 vertiginem
1961 2885 2193 2982 patiaris
2227 2918 2341 2970 ani-

772 2978 872 3044 mi,
907 2989 963 3036 et
981 2983 1322 3056 voluptatum
1376 2994 1693 3063 agminibus
1719 2978 2071 3071 erpugneris.
2105 3037 2171 3048 —
2202 3005 2337 3062 Cum

771 3076 823 3123 te
854 3071 994 3129 ultra
1035 3079 1254 3133 modum
1279 3083 1480 3150 pascis,
1507 3085 1719 3143 hostem
1764 3090 2086 3160 imprudens
2136 3099 2336 3166 pascis.

2451 556 2548 626 τῷ.
2591 558 2973 634 Ἀπόκρημνος
3000 567 3112 640 γάρ
3141 571 3291 624 ἰστιν
3314 571 3345 624 ὁ
3365 571 3530 636 τόπος
3551 573 3653 644 τῆς
3679 575 3917 645 τρντῆς.

2523 734 2831 809 Σύνδρομον
2872 741 2959 794 ἀεί
2988 742 3108 806 πῶς
3144 747 3259 799 ἐστι
3285 748 3408 811 ταῖς
3433 753 3668 820 τρυφαῖς
3696 753 3762 806 τὺ
3803 753 4026 823 φιλήδο-

2451 844 2562 885 νον,
2582 829 2725 882 καθὰ
2755 833 2848 883 καὶ
2868 834 3033 897 αὑτός
3063 853 3230 904 φησιν
3255 839 3285 891 ὁ
3307 838 3642 912 Ἰσοκράτης.
3665 843 4023 910 Πλοῦτοςκα-

2452 918 2576 980 κίας
2608 919 2808 988 μᾶλλον
2835 923 2869 992 ἢ
2901 925 3307 992 καλοκαγαθίας
3332 931 3484 982 ἐστὶν
3506 933 3804 1002 ὑπηρέτης.

2550 1014 2823 1080 Αφεκτέον
2856 1016 3183 1087 βρωμάτων,
3210 1021 3271 1075 οὗ
3300 1022 3368 1075 δι’
3391 1023 3552 1086 αὐτὰ,
3601 1025 3740 1079 ἀλλὰ
3789 1026 3884 1080 διὰ
3926 1028 4026 1090 τὰς

2453 1102 2544 1154 ὑπ’
2581 1105 2763 1160 αὐτῶν
2799 1107 3026 1178 βλάϐας.

2529 1280 2591 1334 '0
2614 1281 2716 1352 τῆς
2737 1288 3178 1358 γαστριμαργίας
3212 1291 3473 1364 λογισμὸς
3496 1295 3649 1361 τέλος
3677 1299 3792 1367 ἔχει
3840 1300 3906 1352 τὸ
3927 1302 4026 1369 τῆς

2450 1375 2706 1443 πορνείας
2725 1390 2740 1405 ⁸
2774 1377 2914 1432 τὸδὲ
2939 1381 3040 1450 τῆς
3061 1383 3339 1451 πορνείας,
3372 1387 3527 1452 τέλος
3545 1389 3657 1458 ἔχει
3682 1392 3748 1444 τὸ
3773 1393 3877 1461 τῆς
3934 1393 4027 1445 λε-

2449 1483 2578 1536 πηςο

2518 1581 2665 1646 Φάγε
2692 1583 2791 1653 τὴν
2809 1587 3001 1655 χρείαν
3022 1603 3038 1619 ο
3060 1590 3122 1642 οὐ
3149 1590 3259 1662 γὰρ
3283 1591 3644 1665 κεκώλυταιὴ
3689 1615 3831 1666 μετα
3883 1615 4022 1668 cup-

2452 1672 2680 1742 μετρίας
2710 1677 3032 1748 μετάληψις.
3061 1682 3210 1750 ῡάγε
3237 1681 3332 1738 οὖν
3358 1687 3711 1758 εὐχαρίστως,
3770 1691 3913 1744 ἀλλά
3952 1694 4024 1762 μὴ

1445 1771 1557 1810 non
1607 1768 1790 1812 autem
1837 1760 2065 1819 devora.
2108 1764 2348 1823 Voraces
2382 1813 2413 1868 ﬂ

2449 1765 2798 1838 καταφάγῃς.
2819 1770 2880 1823 Oi
2907 1771 3014 1843 γὰρ
3033 1778 3420 1845 καταφαγάδες
3444 1781 3796 1853 μεμίσηνται.

2519 1961 2635 2024 Πᾶς
2661 1962 2950 2035 ἄνθρωπος
2973 1968 3249 2041 ἄπληστος
3273 1975 3370 2027 καὶ
3411 1976 3725 2047 ἀκόῳστος,
3795 1981 4024 2052 ἀτιμίαν

2447 2053 2542 2106 καὶ
2566 2053 2714 2124 πάθη
2738 2058 3024 2114 ἐπίσταται
3051 2061 3139 2116 διὰ
3165 2068 3625 2138 γαστριμαργίας.

2515 2251 2631 2306 Οὐκ
2652 2254 2856 2322 ἀγαθδν
2880 2257 3154 2331 ἀνθρώπῳ
3197 2263 3483 2334 γνωστικῷ
3521 2282 3581 2316 τε
3627 2283 3721 2318 και
3781 2266 4020 2339 σώφρονι

2445 2343 2681 2417 ἑλομένῳ
2709 2347 2852 2420 ὑπὲρ
2873 2349 2935 2404 τὸ
2957 2351 3078 2404 δέον
3106 2355 3434 2412 σιτεύεσθαι.
3471 2359 3585 2412 Πᾶν
3616 2361 3677 2413 τὸ
3723 2360 3868 2432 ὑπὲρ
3925 2365 4020 2433 τὴν

2444 2437 2654 2506 χρείαν,
2691 2440 2911 2512 ἀχρεῖον
2925 2444 3265 2504 καθίσταται.

2515 2529 2629 2583 Οὐκ
2655 2526 2832 2598 οἶσθα,
2865 2535 2947 2588 ὅτι
2973 2537 3113 2608 ὑπὲρ
3150 2538 3212 2591 τὸ
3248 2539 3366 2593 δέον
3418 2540 3712 2614 βεϐρωκὼς
3779 2545 4015 2616 Ἰσραὴλ.

2443 2618 2774 2676 ἀπελάκτισε
2804 2627 3057 2700 καθάπερ
3087 2631 3332 2701 ἡμίονος,
3390 2634 3486 2687 καὶ
3516 2637 3729 2706 ἀπέστη
3765 2637 3862 2690 τοῦ
3896 2641 4020 2708 τρέ-

2443 2728 2634 2780 φοντος
2666 2731 2682 2780 ;
2715 2747 2785 2758 —
2806 2719 2898 2791 Μὴ
2930 2720 3246 2792 βαρυνέσθω
3291 2724 3354 2778 τὸ
3413 2727 3573 2797 σῶμα
3607 2731 3721 2792 τοῖς
3755 2731 4019 2800 ἀμέτροις

2445 2801 2730 2875 βρώμασίν
2753 2827 2812 2863 τε
2848 2813 2945 2865 καὶ
2971 2813 3252 2885 πώμασιν,
3281 2817 3368 2870 ἵνα
3391 2819 3466 2889 μὴ
3489 2820 3555 2873 ὲκ
3579 2819 3903 2891 πλησμονῆς
3933 2840 4019 2874 νο-

2444 2899 2649 2969 σήματι
2705 2900 2930 2974 βλασῇς,
2981 2907 3079 2960 καὶ
3127 2907 3229 2979 τὴν
3277 2908 3457 2980 ψυχὴν
3503 2915 3836 2983 σκοτασμοῖς
3860 2932 4019 2985 περι-

2443 2989 2638 3063 ϐάλλῃ,
2671 2993 2766 3047 καὶ
2793 2997 2913 3058 ταῖς
2939 2995 3048 3049 τῶν
3081 2998 3286 3068 ἡδονῶν
3340 3002 3611 3071 φάλαγξιν
3651 3005 4016 3074 ἑκπορευθῇς.

2439 3114 2512 3125 —
2544 3083 2750 3138 Σαυτὸν
2772 3086 2912 3157 ὑπὲρ
2937 3088 3000 3140 τὸ
3022 3089 3142 3143 δέον
3166 3094 3416 3157 σιτεύων,
3439 3094 3668 3166 λέληθας
3699 3097 3793 3149 τὸν
3827 3098 4021 3167 eleg}:

1279 3146 1293 3150 ’
1467 3146 1475 3149 “
1843 3146 1858 3160 ¹
1997 3146 2082 3149 ”“
2136 3146 2336 3166 ’““”“
2881 3146 2893 3157 “
3340 3183 3365 3195 ..
3403 3146 3416 3157 ⁷
3486 3146 3665 3199 ...“⁸”⁷’
3715 3146 3784 3199 ζ’
3830 3146 4011 3200 ’“’⁸’ζ“

772 3159 1146 3223 Delicatorum
1205 3172 1522 3230 eduliomm
1573 3194 1736 3250 ρορη
1769 3197 2170 3254 pmgravams’
2213 3207 2340 3262 ρετ,
2366 3146 2413 3210 C
2445 3191 2539 3227 σου
2571 3174 2820 3230 σιτεύων.
2845 3177 2959 3231 Οὐκ
2991 3179 3059 3234 ἀν
3090 3180 3275 3236 δύναιο
3299 3200 3376 3254 τῳ
3402 3184 3632 3238 κλυοωνι
3685 3204 3800 3240 των
3832 3192 4020 3242 πάθω-δ

776 3255 1152 3314 turbationum
1199 3262 1389 3319 ﬂuctui
1421 3270 1573 3322 nulla
1607 3287 1781 3340 queas
1814 3277 2034 3333 ratione
2095 3281 2339 3338 relucta-

770 3348 836 3398 ri.
872 3347 1226 3408 —Nuntium
1257 3356 1410 3411 luxui
1442 3362 1728 3419 remittite.
1769 3365 1905 3422 Nam
1943 3370 2011 3425 ad
2035 3387 2131 3428 eas
2164 3376 2339 3431 actio-

767 3451 865 3493 nes
925 3442 1114 3510 trahit,
1148 3462 1217 3502 ex
1256 3451 1463 3519 quibus
1519 3470 1756 3512 excusso
1826 3476 2026 3532 sopore
2098 3470 2338 3536 gemitus

764 3531 1030 3589 oriantur.
1075 3568 1146 3578 —
1192 3539 1252 3594 In
1297 3542 1540 3613 ingluvie
1590 3564 1820 3607 venerea
1861 3556 2136 3624 cupiditas
2167 3560 2338 3616 insita

766 3629 952 3677 est.—
1010 3623 1204 3698 Opera:
1238 3633 1479 3700 pretium
1531 3645 1640 3702 est,
1678 3649 1739 3694 ut
1777 3623 2082 3712 saginatam
2111 3663 2337 3707 carnem

765 3724 1054 3774 catenues.
1122 3719 1258 3776 Nam
1293 3739 1518 3784 crassus
1551 3741 1741 3788 venter
1784 3737 2051 3794 subtilem
2091 3752 2336 3801 mentem

766 3820 876 3874 non
909 3819 1134 3879 generat
1168 3831 1182 3868 :
1211 3829 1276 3870 ac
1309 3822 1615 3886 prazsertim
1650 3824 1698 3880 is
1729 3828 1823 3891 qui
1856 3829 2029 3884 otium
2060 3836 2216 3899 colit.
2250 3836 2338 3892 in-

763 3899 914 3967 genti
976 3904 1277 3963 sobrietate
1323 3923 1466 3980 opus
1500 3911 1684 3972 habet.
1724 3945 1796 3961 —-
1842 3921 1982 3988 Quid
2041 3925 2210 3984 luxus
2241 3944 2336 3986 os-

765 3992 1012 4049 tentandi
1051 3997 1238 4052 studio
1275 4008 1516 4072 tenetur,
1547 4005 1693 4064 haud
1750 4011 1913 4085 longe
1961 4015 2120 4074 abest
2151 4034 2182 4075 a
2222 4032 2338 4078 tar-

763 4090 918 4138 tarea
955 4083 1258 4146 Charibde.
1292 4121 1364 4136 --
1401 4092 1480 4152 Ne
1511 4098 1590 4154 sis
1625 4083 1871 4169 nescius,
1905 4106 2026 4163 laeta
2062 4109 2176 4166 hac’
2199 4129 2329 4169 cor-

763 4173 916 4243 poris
973 4177 1256 4248 tirmitate,
1290 4192 1344 4239 et
1391 4185 1633 4257 ingentis
1679 4191 1958 4255 felicitatis
2018 4203 2322 4272 splendore

762 4265 900 4321 nihil
930 4283 1053 4324 esse
1085 4272 1362 4330 miserius.
1397 4309 1466 4320 —
1492 4277 1801 4352 Operosum
1825 4297 1913 4344 est
1954 4290 2334 4356 inverecunde

762 4358 940 4412 ventri
973 4359 1265 4432 imperare.
1301 4365 1351 4422 Is
1384 4369 1532 4426 enim
1561 4373 1698 4431 deus
1723 4385 1809 4432 est
1835 4395 2029 4438 eorum
2078 4402 2220 4456 quos
2251 4391 2334 4462 ip-

762 4463 822 4504 se
849 4451 1065 4507 vicerit.
1097 4454 1210 4511 Nec
1235 4455 1354 4514 ﬁeri
1380 4473 1581 4533 potest,
1615 4477 1675 4523 ut
1703 4472 1878 4541 quise
1903 4476 1953 4530 ei
1982 4451 2210 4551 addicit,
2245 4451 2330 4540 in-
2360 4482 2413 4543 D

762 4555 896 4596 80118
927 4555 1164 4602 maneat.

764 4648 900 4708 ΤΙΤ.
941 4653 1171 4714 XIV.—
1202 4663 1285 4721 De
1315 4667 1384 4722 iis
1425 4671 1518 4739 qui
1544 4671 1783 4744 linguam
1817 4695 1971 4736 suam
1999 4686 2329 4745 custodiunt.

831 4807 936 4862 Job
985 4825 1171 4878 xxvu,
1211 4818 1266 4872 ι.
1321 4850 1392 4861 -
1427 4840 1446 4874 ι
1481 4821 1600 4878 Νοη
1652 4827 1947 4897 loquentur
2010 4834 2152 4890 labia
2213 4855 2332 4896 mea

763 4899 1137 4972 iniquitatem,
1166 4923 1269 4964 nec
1290 4912 1475 4967 anima
1504 4931 1623 4971 mea
1667 4921 2028 4980 meditabitur
2060 4929 2322 4997 injusta.»

839 4989 996 5050 Prov.
1028 5012 1145 5064 xxi,
1182 4998 1269 5055 l9.
1295 5032 1364 5041 —
1401 5023 1421 5057 ι
1457 5004 1516 5061 Si
1551 5023 1747 5079 parcas
1811 5013 2000 5082 labiis,
2059 4989 2324 5080 cordatus

762 5097 898 5138 CI'IS.
928 5103 948 5138 1

834 5173 1138 5241 Ρνου.ιιιι,
1169 5181 1223 5235 5.
1249 5213 1320 5225 —-
1355 5203 1374 5236 ι
1409 5185 1512 5252 Qui
1547 5193 1794 5248 custodit
1849 5195 2088 5267 linguam
2151 5217 2329 5271 suam,

769 5267 1016 5322 custodit
1047 5271 1285 5327 animam
1318 5290 1496 5333 suam.
1535 5299 1554 5332 ι

835 5354 996 5410 Prov.
1033 5372 1200 5426 xvm,
1231 5361 1321 5417 18.
1357 5395 1426 5406 --
1463 5385 1483 5419 ι
1517 5369 1943 5431 Altercationem
2007 5378 2166 5434 sedat
2197 5384 2332 5438 taci-

759 5456 986 5504 turnus.

842 5559 862 5592 ι
911 5541 1014 5609 Qui
1049 5555 1195 5601 amat
1221 5548 1387 5605 vitam
1423 5569 1600 5620 suam,
1627 5559 1801 5627 parcit
1823 5562 1906 5618 ori
1945 5579 2062 5618 suo.
2095 5584 2114 5618 ι

840 5633 1000 5690 Prov.
1034 5653 1105 5704 ιν,
1130 5641 1221 5695 24.
1271 5673 1339 5683 —
1375 5664 1394 5696 ι
1423 5645 1591 5702 Aufer
1626 5660 1734 5710 ate
1762 5669 1828 5710 os
1880 5671 2198 5724 perversum
2227 5679 2242 5716 :
2276 5669 2331 5718 et

771 5723 982 5793 iniusta
1007 5727 1157 5786 labia
1184 5735 1393 5793 exvelle
1427 5752 1456 5790 a
1488 5747 1561 5796 te.
1598 5758 1618 5793 ι

2442 3266 2786 3337 ἀντιστῆναι,
2816 3273 3240 3342 πεφορτισμένος
3271 3279 3338 3346 τῇ
3373 3277 3622 3349 δαψιλείᾳ
3652 3278 3763 3331 τῶν
3806 3298 4021 3351 τρυφη-

2445 3361 2651 3430 μάτων.
2679 3366 3126 3434 -Παραιτεῖσθε
3156 3368 3213 3422 δὲ
3239 3369 3301 3422 τὸ
3325 3371 3556 3442 τρυφᾷν.
3588 3372 3778 3426 Ἐλκει
3807 3375 3922 3444 γὰρ
3945 3379 4021 3438 εἰς

2440 3454 2691 3524 πράξεις,
2721 3457 2814 3525 ἀφ’
2838 3451 2914 3511 ὧν
2942 3461 3238 3531 στεναγμοὶ
3268 3463 3412 3531 μετά
3437 3465 3535 3534 τὴν
3564 3464 3726 3535 νῆψιν
3749 3468 4017 3534 γίνονται.

2441 3576 2509 3586 -
2534 3548 2818 3618 Ἐμφυτον
2844 3553 2912 3621 τῇ
2947 3552 3236 3625 πλησμονῇ
3272 3557 3305 3624 ὴ
3326 3555 3422 3608 τοῦ
3475 3557 3663 3629 ἑτέρου
3723 3561 4016 3631 ἐπιθυμία.

2439 3669 2509 3680 --
2544 3639 2868 3708 Ἀναγκαῖον
2925 3643 3188 3699 λεπτῦναί
3241 3664 3301 3700 σε
3341 3647 3402 3701 τὸ
3445 3650 3716 3718 παχυνθὲν
3769 3654 4018 3722 σαρκίον,

2438 3730 2572 3785 διότι
2600 3737 2801 3803 παχεῖα
2826 3737 3042 3810 γαστὴρ
3069 3737 3266 3791 λεπτὸν
3292 3739 3418 3794 νοῦν
3445 3741 3507 3794 οὐ
3538 3742 3732 3807 τίκτει,
3783 3744 3881 3798 καὶ
3917 3747 4019 3814 μά-

2438 3822 2600 3879 λιστα
2627 3826 2710 3880 ὅτι
2742 3827 3096 3898 σχολαστικὸς
3126 3831 3329 3902 πολλῆς
3355 3835 3570 3906 νήψεως
3596 3835 3791 3891 δεῖται.
3822 3867 3894 3878 —-
3924 3841 4018 3892 Φι-

2437 3914 2656 3986 λήδονος
2700 3919 2794 3973 καὶ
2832 3919 3202 3994 φιλινδείκτης
3231 3923 3512 3996 ὑπάρχων,
3549 3927 3610 3980 οὐ
3639 3929 3863 3999 μακρὰν
3913 3931 4018 3998 6.9-

2437 4006 2676 4078 ιστηκας
2700 4009 2801 4079 τῆς
2833 4011 3166 4084 ταρταρείας
3193 4013 3544 4085 Χαρύόδιως.
3578 4047 3648 4059 -
3692 4019 3788 4087 Μὴ
3825 4021 4016 4090 ἀγνοή-

2439 4115 2559 4173 σῃς,
2588 4101 2673 4155 ὅτι
2697 4101 2797 4173 τῆς
2826 4103 3264 4177 ιὺφραινομίνης
3286 4107 3634 4179 εὐδαιμονίας
3653 4110 3809 4164 οὐδὲν
3835 4114 4017 4182 ὑπάρ-

2435 4209 2522 4263 χει
2548 4194 3132 4270 κακοδαιμονέστερον.
3154 4227 3227 4242 -
3261 4200 3464 4271 Ἔργον
3490 4203 3606 4256 ἐστὶ
3631 4202 3730 4271 τῆς
3755 4203 4014 4270 ἀναιδοῦς

2435 4285 2673 4358 γαστρὸς
2705 4288 3000 4359 κρατῆσαι.
3040 4290 3174 4355 Θεός
3205 4291 3787 4366 δστιτῶνήττωμένων
3810 4297 4013 4367 αὐτῆς,

2435 4379 2528 4432 καὶ
2550 4379 2650 4433 οὐκ
2673 4378 2819 4435 ἐστιν
2835 4379 3158 4454 ἀθωωθῆναι
3188 4383 3279 4438 τὸν
3313 4384 3650 4458 ἀνεχόμενον⁹
3676 4388 3905 4460 ταύτης.

2433 4683 2616 4740 ΤΙΤΛ.
2657 4682 2753 4740 1Δ’.
2771 4715 2840 4726 -
2864 4686 3003 4757 Περὶ
3024 4687 3143 4765 τῷν
3172 4689 3287 4765 τὴν
3316 4689 3546 4746 ἑαυτῶν
3574 4689 3868 4762 γλῶσσαν
3892 4714 4014 4765 φυ-

3041 4762 3407 4816 λαττόντων.

2509 4867 2528 4899 ι
2573 4847 2648 4900 Οὐ
2676 4846 2898 4918 λαλήσει
2929 4850 2998 4904 τὰ
3020 4852 3170 4924 χείλη
3202 4871 3303 4924 μου
3331 4855 3400 4909 τὰ
3420 4856 3618 4926 ἄνομα,
3647 4857 3766 4910 οὐδὲ
3791 4858 3823 4928 ἠ
3855 4857 4012 4928 ψ’.)χῆ

2435 4955 2536 5009 μου
2571 4937 2857 5011 μελετήσει
2887 4943 3067 4998 ἄδικα.
3104 4963 3123 4997 ι

2507 5049 2528 5082 ι
2563 5032 2880 5105 Φειδόμενος
2906 5035 3150 5104 χειλέων,
3183 5038 3536 5110 νοήμωνέσῃ.
3577 5059 3595 5090 ι

2509 5227 2528 5261 ι
2571 5210 2669 5271 Ὃς
2702 5210 2966 5278 φυλάσσει
2990 5213 3262 5267 τδὲαυτοῦ
3289 5215 3480 5284 στόμα,
3533 5219 3692 5286 τηρεί
3726 5218 3830 5288 τὴν
3872 5219 4009 5273 tau-

2428 5300 2523 5354 τοῦ
2549 5301 2745 5371 ψυχήν.
2787 5321 2806 5354 ι

2506 5411 2526 5444 ι
2580 5393 2912 5464 Ἀντιλογίαν
2937 5397 3168 5467 πραΰνει
3194 5397 3438 5470 σιγηρός.
3477 5417 3496 5450 ι

2506 5586 2525 5619 ι
2556 5569 2814 5637 Ἀγαπῶν
2829 5570 2975 5640 ζωὴν
2997 5570 3182 5636 αὑτοῦ,
3203 5573 3442 5641 φείδεται
3471 5575 3736 5645 στόματος
3772 5578 3996 5632 αὐτοῦ.»

2505 5678 2524 5711 ι
2553 5660 2775 5732 Περίελε
2798 5661 3027 5716 σεαυτοῦ
3045 5663 3257 5720 σκολιὸν
3282 5665 3476 5735 στόμα,
3505 5668 3599 5720 καὶ
3645 5668 3809 5722 ἄδικα
3843 5671 4001 5744 χειλη

2428 5753 2644 5810 ἀπωσαι
2675 5753 2784 5808 ἀπὸ
2812 5754 2927 5808 σοῦ.
2961 5773 2982 5807 ι
