4210 6448
156 420 280 487 1341

306 546 562 617 Αργυρος
580 546 992 618 πεπυρωμένος,
1025 547 1246 616 γλῶσσα
1267 548 1499 607 δικαίου.
1535 569 1553 602 ι

277 720 440 776 Μετὰ
483 723 831 794 δικαιοσυνην
875 722 1052 777 πάντα
1099 724 1166 778 τὰ
1203 726 1422 797 ῥήματα
1455 727 1548 780 τοῦ
1613 728 1725 780 στό-

158 814 326 882 ματός
354 831 476 870 σου.
514 816 681 870 Οὐδὲν
708 817 766 871 ὲν
793 815 977 880 αὐτοῖς
1005 817 1241 885 σκολιὸν,
1279 819 1399 872 οὐδὲ
1444 835 1725 891 στραγγα-

155 909 367 971 λιῶδες.
416 929 435 960 ι

229 1021 246 1052 ι
287 1002 427 1055 Ἀπὸ
460 1002 689 1073 καρπῶν
719 1003 984 1074 στόματος
1004 1003 1150 1075 ψυχὴ
1192 1005 1384 1077 ἀνδρὸς
1421 1006 1726 1077 πλησθήσε-

153 1112 242 1147 ται
270 1111 477 1149 αυτων.
516 1114 536 1148 ι

230 1208 249 1240 ‹
289 1191 470 1253 Ἴασις
498 1189 748 1260 γλώσσης
793 1191 1007 1264 δένδρον
1036 1192 1219 1264 ζωῆςο
1263 1195 1291 1248 ὁ
1341 1195 1398 1248 δὲ
1449 1194 1728 1266 συντηρῶν

154 1281 536 1352 πλησθήσεται
568 1281 894 1353 πνεύματος.
934 1303 952 1335 ι

231 1395 249 1426 ι
293 1376 483 1446 Κηρία
512 1376 727 1447 μέλιτος
755 1375 1094 1447 λόγοικαλοὶ,
1129 1379 1423 1450 γλύκασμα
1462 1380 1519 1433 δὲ
1551 1380 1729 1434 αὐτῶν

158 1467 301 1531 ἴασις
323 1468 529 1540 ψυχῆς.
565 1489 583 1520 ι

229 1580 248 1612 ε
299 1562 400 1625 ’ος
452 1562 713 1631 φυλάσσει
751 1563 813 1618 τὸ
862 1563 1055 1619 ἑαυτοῦ
1086 1564 1260 1635 στόμα
1292 1564 1386 1619 καὶ
1429 1564 1529 1637 τὴν
1557 1565 1732 1635 γλῶσ-

157 1672 274 1718 σαν,
297 1659 460 1729 τηρεῖ
481 1660 545 1712 ὲκ
578 1658 806 1728 Θλίψεως
835 1658 931 1730 τὴν
957 1658 1135 1730 ψυχὴν
1157 1659 1341 1713 αὐτοῦ.
1372 1678 1390 1711 ι

229 1769 248 1800 ι
283 1749 515 1806 Γλῶσσα
546 1753 764 1824 μαλακὴ
794 1755 1066 1826 συντρίϐει
1095 1754 1247 1809 ὀστᾶ.
1287 1771 1306 1806 ι

1377 438 1611 498 SACRA
1654 439 2115 505 PARAILELA.

3281 434 3416 500 1342

1757 557 1804 611 Α
1900 550 2060 605 Prov.
2101 567 2157 615 x,
2187 551 2277 606 20.
2310 584 2377 594 -—
2414 571 2433 606 ι
2470 554 2770 624 Argentum
2799 553 2928 626 igne
2979 551 3301 622 probatum,
3329 558 3414 602 est

1833 643 2020 712 lingua
2054 642 2215 713 justi.
2243 663 2261 696 ι

1907 735 2063 792 Prov.
2093 752 2216 800 vlu,
2255 736 2308 792 8.
2331 755 2435 788 -‹
2472 736 2603 792 Post
2630 735 2910 808 justitiam
2935 736 3048 792 sint
3065 749 3260 791 omnes
3289 749 3409 790 ser-

1831 847 2023 886 mones
2079 832 2194 886 oris
2228 832 2328 885 tui.
2388 831 2536 885 Nihil
2566 831 2623 886 in
2662 831 2773 886 illis
2808 831 2879 886 sit
2939 845 3197 899 pravum,
3230 842 3412 897 neque

1831 923 2145 980 distortum.
2180 943 2198 975 ι

1905 1013 2068 1068 Prov.
2100 1031 2200 1080 xu,
2230 1014 2318 1069 14.
2349 1044 2417 1053 -
2459 1031 2476 1065 ι
2513 1015 2559 1066 Α
2582 1013 2861 1069 fructibus
2917 1011 3034 1067 oris
3063 1011 3249 1065 anima
3307 1009 3415 1064 viri

1834 1106 2145 1175 implebitur
2179 1108 2360 1163 bonis.
2384 1125 2402 1157 ι

1910 1196 2064 1252 Prov.
2095 1197 2258 1262 xv,4.
2297 1228 2366 1240 —
2405 1215 2424 1249 ι
2474 1195 2743 1252 Medicina
2777 1197 2998 1265 linguas,
3033 1195 3242 1264 lignum
3272 1193 3414 1246 vitaz.

1835 1287 1938 1353 Qui
1963 1298 2143 1342 autem
2170 1288 2415 1342 custodit
2441 1303 2588 1350 eam,
2619 1286 2942 1356 implebitur
2973 1285 3195 1354 spiritu.
3236 1301 3254 1334 ι

1905 1379 2063 1434 Prov.
2104 1395 2218 1444 xvn,
2259 1378 2352 1432 24.
2383 1408 2452 1420 ——
2484 1397 2502 1431 ‹
2543 1376 2672 1431 Favi
2710 1377 2892 1432 mellis
2923 1391 3210 1431 sermones
3240 1376 3370 1429 boui
3401 1392 3415 1429 :

1835 1470 2068 1526 dulcedo
2097 1477 2280 1524 autem
2315 1485 2531 1534 eorum,
2566 1470 3022 1524 medicamentum
3059 1470 3309 1526 animae.»

1905 1560 2063 1615 Prov.
2094 1575 2208 1625 xxI,
2236 1559 2329 1614 25.
2356 1589 2427 1599 ——
2465 1577 2484 1611 ι
2518 1559 2620 1624 Qui
2672 1560 2914 1613 custodit
2937 1574 3002 1615 os
3035 1575 3199 1615 suum
3229 1567 3285 1614 et
3317 1559 3420 1614 liu-

1835 1667 2020 1724 guam,
2051 1651 2291 1707 custodit
2318 1651 2386 1706 ab
2409 1651 2678 1722 angustiis
2717 1653 2954 1705 animam
2987 1667 3165 1706 suam.
3213 1670 3232 1703 ι

1907 1744 2068 1801 Prov.
2113 1759 2256 1808 xxv,
2310 1744 2402 1799 25.
2469 1775 2538 1785 —
2571 1763 2590 1796 ι
2643 1742 2858 1815 Lingua
2896 1744 3078 1799 mollis
3124 1741 3422 1813 confringit

1840 1848 1988 1888 0583.
2026 1852 2045 1884 υ

235 1948 252 1979 ι
286 1928 535 1992 Θάνατος
571 1930 665 1984 καὶ
693 1930 806 2001 ζωὴ
831 1932 888 1985 ὲν
913 1932 1058 2003 χειρὶ
1108 1931 1380 2004 γλώσσης,
1412 1933 1463 1986 οἱ
1518 1933 1575 1986 δὲ
1610 1949 1744 2004 κρα-
1775 1927 1817 1984 Β

1775 1927 1817 1984 Β
1916 1925 2078 1979 Prov.
2113 1941 2269 1988 xvm,
2292 1924 2384 1979 2L
2415 1954 2487 1964 —
2531 1943 2549 1976 ι
2573 1923 2723 1981 Mors
2750 1935 2804 1981 et
2827 1926 2936 1980 vita
2962 1925 3016 1979 in
3041 1924 3300 1978 manibus
3324 1923 3419 1976 liu-

159 2021 386 2085 τοῦντες
411 2023 583 2094 αὐτὴν
607 2023 814 2077 ἔδονται
849 2026 976 2090 τοὺς
998 2027 1246 2098 καρποὺς
1272 2027 1463 2098 αὐτῆς.
1491 2046 1510 2080 ι

235 2221 252 2251 ‹
291 2202 583 2274 Μακάριος
612 2201 774 2274 ἀνὴρ,
802 2203 863 2267 ὃς
884 2203 985 2257 οὐκ
1015 2203 1359 2275 ὀλισθήσεται
1407 2204 1468 2256 ὲν
1507 2201 1736 2274 στόματι

160 2294 346 2347 αὑτοῦ.
395 2314 414 2346 ι

234 2406 251 2436 ‹
283 2386 510 2457 Λάρυγξ
533 2387 738 2455 γλυκὺς
765 2387 1026 2458 πληθύνει
1050 2387 1237 2458 φίλους
1262 2388 1460 2443 αὐτῶν.
1501 2407 1520 2440 ι

239 2497 258 2528 ‹
296 2479 396 2542 Τίς
428 2480 589 2533 δώσει
613 2482 705 2534 ἐπὶ
729 2481 824 2535 τοῦ
856 2482 1124 2552 στόματός
1169 2499 1269 2553 μου
1331 2482 1598 2552 φυλακὴν,
1644 2480 1737 2533 καὶ

164 2572 254 2621 ἐπὶ
284 2571 395 2625 τῶν
427 2571 650 2640 χειλέων
681 2590 781 2642 μου
809 2575 1097 2644 σφραγῖδα,
1128 2575 1228 2628 ἵνα·
1253 2576 1328 2645 μὴ
1389 2574 1596 2646 ἐκπέσῃ
1642 2575 1737 2628 ἀπ’

164 2661 354 2730 αὐτῆς,
391 2663 542 2734 καὶὴ
571 2663 792 2732 γλῶσσά
828 2682 929 2732 μου
963 2666 1200 2737 ἀπολέσῃ
1226 2683 1326 2736 pte;
1364 2687 1381 2716 ν

237 2771 256 2803 ι
297 2753 358 2807 Ὀ
391 2753 566 2824 μισῶν
585 2753 796 2821 λαλιὰν,
826 2753 1144 2809 ἐλαττοῦται
1176 2756 1394 2810 κακίαν.
1432 2777 1450 2808 ι

245 2949 262 2980 ι
296 2929 511 2998 Ἀγαθά
535 2931 899 3001 ὲκκεχυμένα,
921 2933 1016 2986 ἐπὶ
1031 2932 1261 3004 στόματι
1289 2933 1682 3004 κεκλεισμένῳ.
1713 2953 1733 2984 ι

248 3126 266 3158 ι
291 3101 463 3171 Εἶπα,
494 3106 718 3174 Φυλάξω
747 3107 845 3172 τὰς
868 3107 1019 3173 ὁδούς
1047 3127 1171 3179 μου,
1225 3108 1318 3162 τοῦ
1361 3109 1436 3181 μὴ
1489 3109 1740 3181 ἁμαρτά-

172 3216 280 3251 νειν
306 3217 372 3270 με
403 3201 461 3252 ὲν
491 3200 708 3272 γλώσσῃ
745 3219 866 3270 μου.
907 3221 926 3253 ι

1836 2033 1954 2090 guae
1988 2036 2002 2073 :
2041 2019 2135 2088 qui
2165 2027 2346 2073 autem
2401 2025 2592 2074 tenent
2655 2033 2802 2084 eam,
2863 2017 3152 2073 comedent
3209 2016 3423 2070 fructus

1836 2111 1978 2181 ejus.
2012 2130 2030 2162 ι

1908 2200 2078 2257 Eccli.
2118 2216 2248 2269 xlv,
2277 2203 2330 2256 l.
2371 2231 2444 2242 —
2474 2220 2493 2254 ι
2533 2201 2737 2258 Beatus
2793 2202 2878 2257 vir
2902 2201 2996 2256 uui
3052 2217 3162 2256 non
3191 2211 3275 2257 est
3345 2201 3422 2254 Ia-

1839 2311 1971 2366 psus
2011 2295 2066 2350 in
2099 2310 2195 2350 ore
2235 2309 2392 2350 δυο..

1906 2388 2074 2442 Eccli.
2095 2405 2172 2451 νι,
2194 2388 2322 2443 5.-
2340 2408 2359 2440 ‹
2385 2388 2588 2444 Guttur
2606 2387 2770 2443 dulce
2794 2387 3125 2456 multiplicat
3151 2387 3378 2440 amicos.
3399 2405 3417 2435 ι

1909 2478 2076 2534 Eccli.
2124 2496 2261 2545 xxu,
2303 2481 2490 2544 27,——
2526 2500 2544 2532 ‹
2581 2480 2717 2547 Quis
2753 2479 2909 2534 dabit
2957 2480 3042 2534 ori
3071 2495 3192 2533 meo
3237 2487 3424 2532 custo-

1851 2571 2020 2637 diam,
2044 2585 2295 2642 et-super
2318 2573 2465 2627 labia
2489 2587 2608 2627 mea
2648 2572 2998 2642 signaculum
3027 2612 3042 2635 ,
3073 2583 3134 2625 ut
3179 2587 3285 2626 uou
3321 2590 3420 2624 ca-

1838 2665 1928 2720 dat
1963 2666 2031 2719 ab
2061 2666 2279 2732 ipsa,.et
2305 2665 2495 2736 lingua
2533 2681 2654 2720 mea
2682 2666 2872 2736 perdat
2890 2681 2975 2719 me
3002 2663 3026 2718 ?
3054 2683 3074 2715 ι

1915 2756 2080 2810 Eccli.
2112 2773 2224 2811 xIx.
2261 2759 2316 2812 5.
2366 2788 2436 2797 —
2473 2777 2492 2811 ι
2543 2757 2646 2824 Qui
2678 2759 2797 2813 odit
2841 2759 3263 2828 loquacitatem,
3315 2758 3424 2810 im-

1839 2849 2037 2903 minuit
2072 2850 2359 2922 malitiam.
2397 2869 2416 2903 ι

1909 2941 2076 3012 420
2107 2942 2277 3002 Ecali.
2333 2959 2466 3008 xxx,
2500 2944 2590 3000 18.
2622 2975 2695 2986 -
2727 2963 2746 2996 ‹
2787 2944 2941 2999 Bona
3001 2944 3176 2999 elfusa
3225 2944 3280 2997 in
3331 2960 3428 2998 oro

1850 3033 2062 3089 clauso.
2111 3053 2130 3086 ι

1914 3127 2066 3184 Psal.
2099 3129 2330 3193 xxxviu,
2354 3129 2481 3184 1.-
2509 3148 2528 3182 ι
2564 3129 2685 3186 Dixi
2723 3149 2735 3185 :
2763 3130 3086 3187 Custodiam
3113 3131 3229 3186 vias
3252 3147 3424 3198 meas,

1844 3229 1903 3272 ut
1939 3235 2049 3272 non
2082 3206 2404 3305 d'eli'nquam
2437 3222 2492 3276 in
2515 3221 2705 3293 lingua
2740 3240 2881 3278 mea.
2924 3244 2942 3276 ›

244 3310 261 3342 ι
289 3292 417 3356 Θοῠ,
462 3292 654 3363 Κύριε,
686 3293 932 3363 φυλακὴν
962 3293 1039 3364 τῷ
1071 3292 1299 3364 στόματί
1347 3312 1470 3364 μου,
1503 3295 1598 3346 καὶ
1655 3293 1741 3347 0t}-
1766 3278 1810 3336 (ἶ

1766 3278 1810 3336 C‘
1913 3290 2208 3374 Psal.cx1..,
2236 3312 2288 3365 3.
2320 3343 2388 3352 —-
2423 3332 2442 3364 ι
2483 3313 2650 3380 Pone,
2693 3315 2946 3378 Domine,
2997 3317 3303 3371 custodiam
3342 3320 3426 3372 ori

176 3400 274 3452 ραν
300 3385 562 3455 περιοχῆς
587 3386 714 3455 περὶ
750 3384 820 3438 τὰ
855 3385 1006 3457 χείλη
1046 3403 1167 3455 μου.
1190 3404 1210 3438 ι

251 3494 270 3527 ι
311 3478 494 3529 Ἔστω
544 3479 652 3539 πᾶς
707 3477 990 3547 ἄνθρωπος
1038 3477 1209 3548 ταχὺς
1264 3477 1344 3541 είς
1397 3476 1458 3528 τὸ
1485 3474 1739 3540 ἀκοῦσαι,

176 3566 370 3636 βραδὺς
398 3569 478 3630 είς
506 3568 567 3621 τὸ
591 3567 841 3637 λαλῆσαι.
873 3587 892 3620 ι

246 3677 263 3709 ‹
302 3659 368 3711 Εἴ
413 3676 500 3722 τις
551 3661 610 3712 ὲν
665 3660 808 3730 λόγῳ
837 3661 899 3714 οὐ
937 3660 1140 3725 πταίει,
1187 3653 1343 3726 οὗτος
1367 3661 1571 3727 τέλειός
1599 3662 1736 3727 ἐστι,

172 3749 468 3822 δυνάμενος
493 3752 938 3824 χαλιναγωγῆσαι
959 3754 1018 3807 τὸ
1046 3753 1226 3825 σῶμα.
1263 3774 1282 3807 ι
1571 3741 1575 3744 ’

240 3932 312 3984 Τὸ
361 3933 489 4002 περὶ
527 3931 626 4004 τὴν
659 3931 842 4004 φωνὴν
886 3935 1078 3989 ἀσκεῖν
1114 3939 1432 4007 σωφρονεῖν,
1484 3937 1740 4005 λαγνείας

174 4028 285 4079 ἐστὶ
309 4027 599 4097 καρτερία.

241 4120 356 4173 Οὐκ
415 4120 528 4172 ἴστε
575 4118 765 4188 ἡλίκον
803 4120 866 4173 ὲκ
894 4119 1030 4173 Θεοῦ
1064 4121 1296 4192 δῶρονὴ
1333 4123 1509 4192 σιωπή
1537 4137 1551 4152 ο
1583 4122 1740 4190 φθέγ-

173 4227 265 4277 γου
285 4211 365 4276 δὲ,
397 4210 518 4262 εἴτι
543 4213 789 4278 κρεῖττον
817 4212 1028 4281 σιωπῆς
1058 4212 1219 4281 ἔχεις.
1261 4212 1476 4281 Ἀγάπα
1519 4213 1575 4266 δὲ
1607 4215 1737 4285 ἡσυ-

176 4304 312 4371 χίαν,
341 4303 467 4357 ἔνθα
501 4306 745 4374 κρεῖττον
775 4303 933 4373 λόγου
957 4305 1018 4358 τὸ
1041 4307 1271 4376 σιωπᾷν.

242 4485 360 4539 Οὐκ
391 4486 488 4556 ἡδὺ
504 4487 614 4548 τοῖς
643 4488 854 4550 πιστοῖς
878 4486 1180 4558 ἀδολεσχία,
1217 4488 1310 4540 καὶ
1359 4487 1535 4557 λόγων
1588 4489 1738 4542 ἀντι-

177 4575 370 4640 θέσεις.
417 4578 602 4648 Ἀρκεῖ
627 4577 736 4647 γὰρ
758 4578 851 4632 καὶ
880 4573 960 4642 εἷς
981 4579 1373 4649 ἀντικείμενος.

253 4756 422 4824 Σοφὸς
448 4755 584 4829 ἀνὴρ
601 4756 694 4810 καὶ
723 4756 913 4826 σιγῶν,
945 4757 1036 4811 τὸν
1064 4758 1194 4811 Θεὸν
1236 4761 1390 4832 τιμᾷ,
1437 4759 1593 4825 εἰδὼς
1647 4764 1741 4816 καί

179 4851 260 4903 διὰ
285 4852 339 4903 τί
367 4853 514 4922 σιγᾷ.

246 4942 432 4995 Φείδου
488 4960 600 5010 μοι,
639 4943 962 5014 παρακαλῶ,
1014 4947 1108 5001 τοῦ
1144 4946 1311 5000 αὐτοῦ
1362 4948 1739 5002 ἀκαταστάτου

181 5035 444 5105 γίιώσσης.
474 5036 866 5108 Χαλεπώτερος
894 5038 1000 5111 γὰρ
1027 5040 1057 5092 ὁ
1101 5041 1198 5110 τῆς
1236 5039 1485 5110 γλώσσης
1531 5041 1738 5106 δλισοος

180 5125 266 5178 τοῦ
293 5125 400 5179 τῶν
429 5126 606 5179 ποδῶν
635 5127 871 5184 ὀλίσθου.

181 5241 357 5296 ΤΙΤΛ.
390 5241 492 5295 1Ε⁸.
528 5272 593 5281 —
637 5241 776 5311 Περί
807 5243 925 5366 ab;
954 5245 1067 5312 τὴν
1089 5244 1378 5316 γλῶσσαν
1391 5247 1478 5316 μὴ
1511 5251 1739 5317 φυλατ-

835 5330 870 5366 τ
907 5332 1081 5366 ντων.

835 5330 1062 5368 τοντων
1069 5357 1081 5369 .

253 5422 270 5452 ι
331 5403 464 5456 Ἀπὸ
493 5403 692 5468 παντὸς
731 5405 974 5477 ῥήματος
995 5407 1182 5461 ἀδίκου
1205 5408 1488 5480 ἀπόστηθι.
1524 5430 1542 5463 ›

253 5621 269 5652 ι
309 5603 442 5656 Ἀπὸ
469 5603 732 5674 μάστιγος
758 5606 1009 5679 γλώσσης
1039 5609 1235 5680 κρύψει
1262 5628 1343 5667 σε.
1375 5631 1394 5664 ι

256 5799 272 5830 ι
305 5780 485 5851 Τάφος
518 5783 864 5858 ἀνεῳγμένος
896 5789 923 5842 ὁ
945 5788 1150 5860 λάρυγξ
1181 5790 1380 5848 αὐτῶν.
1415 5813 1433 5847 ι

1843 3417 1986 3465 meo,
2019 3399 2077 3456 et
2099 3405 2302 3458 ostium
2334 3406 2771 3461 circumstantiae
2801 3409 2964 3463 labiis
2999 3411 3156 3463 meis.
3186 3429 3204 3460 ι

1909 3493 2030 3548 Jac.
2069 3510 2106 3559 I,
2141 3499 2229 3551 l9.
2287 3517 2415 3549 --.‹
2475 3498 2561 3553 Sit
2589 3501 2770 3555 omnis
2800 3493 2965 3554 homo
3001 3503 3160 3556 velox
3210 3504 3276 3555 ad
3330 3517 3430 3555 au-

1840 3582 2124 3649 diendum,
2160 3590 2349 3643 tardus
2387 3600 2569 3645 autem
2596 3593 2663 3645 ad
2691 3593 3046 3660 loquendum.
3084 3612 3102 3643 ι

1911 3677 2033 3731 Jac.
2065 3694 2147 3744 Ill,
2180 3680 2235 3734 2.
2266 3712 2335 3721 -
2369 3701 2387 3733 ι
2435 3683 2492 3738 Si
2529 3686 2657 3755 quis
2695 3687 2750 3740 in
2777 3689 2946 3741 verbo
3007 3703 3116 3742 non
3158 3690 3412 3752 oﬂ‘endit,

1839 3769 1931 3823 bic
1958 3769 2240 3840 perfectus
2287 3781 2372 3829 est
2405 3775 2510 3839 vir,
2578 3784 2779 3845 potens
2818 3776 3042 3833 frenare
3089 3788 3264 3834 totum
3296 3795 3426 3836 cor-

1840 3877 1968 3932 pus.
2008 3881 2026 3914 ι
2117 3899 2123 3907 .

1908 3952 2077 4012 Clem.
2110 3987 2183 4025 ς-
2234 3957 2633 4028 Temperandaa
2676 3961 2866 4032 lingua
2892 3963 3139 4031 studere,
3169 3974 3257 4021 est
3290 3966 3424 4021 libI-

1838 4047 2090 4135 dinosam
2128 4043 2485 4119 petulantiam
2518 4066 2949 4122 perseveranter
2974 4073 3260 4115 coercere.

1910 4138 2063 4210 Greg.
2100 4139 2242 4196 Naz.
2276 4152 2418 4198 orat.
2459 4144 2551 4198 26.
2583 4176 2652 4184 -
2694 4145 2938 4203 Nescitis
2998 4159 3270 4219 quantum
3323 4154 3423 4208 do-

1837 4241 1984 4301 num“
2005 4232 2282 4286 silentium
2311 4235 2402 4287 sit.
2465 4234 2719 4306 Loquere
2743 4253 2894 4301 vero,
2939 4241 3143 4309 siquid
3187 4244 3414 4297 silentio

1838 4322 2203 4391 praestabilius
2238 4325 2430 4381 habes.
2472 4326 2568 4382 Sin
2620 4337 2800 4384 autem
2863 4334 3198 4401 amplectere
3247 4337 3420 4392 silen-

1839 4414 2000 4478 tium,
2033 4415 2126 4469 ubi
2167 4417 2332 4472 silere
2359 4430 2580 4487 praestat
2613 4436 2776 4489 quam
2808 4423 2981 4494 loqui.

1915 4507 2222 4577 lujucunda
2275 4510 2378 4579 piis
2407 4519 2492 4564 est
2533 4512 2860 4582 loquacitas,
2893 4524 3398 4590 contentionesque

1769 4617 1815 4673 ι)
1842 4599 2157 4653 verborum.
2214 4599 2348 4654 Nam
2380 4604 2517 4659 satis
2564 4619 2842 4676 superque
2873 4616 2957 4662 est
2988 4610 3072 4664 vel
3123 4625 3267 4667 unus
3317 4615 3414 4667 ad-

1841 4691 2138 4746 versarius.

1915 4780 2076 4836 δίωκε.
2104 4813 2175 4824 --
2205 4782 2302 4838 Vir
2329 4787 2547 4856 sapiens
2576 4793 2630 4841 et
2659 4796 2849 4843 tacens
2902 4790 3137 4846 honorat
3214 4793 3410 4860 Deum,

1843 4890 1966 4930 cum
2009 4885 2224 4937 noscat,
2260 4893 2367 4947 qua
2399 4879 2467 4932 de
2494 4895 2658 4934 causa
2691 4889 2889 4938 taceat.

1915 4965 2054 5021 Nili.
2092 4999 2160 5007 —-
2195 4968 2392 5035 Parce,
2425 4987 2630 5039 qumso,
2668 4973 2860 5027 elireui
2899 4975 3096 5047 linguaz
3125 4987 3251 5034 tuae.
3275 4980 3412 5036 Cra-

1841 5058 1959 5113 vior
1981 5059 2127 5115 enim
2168 5070 2254 5116 est
2295 5061 2514 5131 lingua),
2538 5078 2702 5133 quam
2734 5065 2935 5134 pedum
2969 5067 3192 5138 lapsus.

1842 5258 1975 5314 TlT.
2006 5257 2121 5314 XV.
2145 5290 2216 5304 —
2247 5259 2320 5315 De
2344 5262 2412 5315 iis
2441 5261 2531 5331 qui
2564 5261 2830 5387 dlingpam
2886 5281 3038 5319 suam
3067 5282 3169 5320 non
3225 5284 3406 5324 curro-

2603 5350 2692 5387 um

1912 5422 2085 5477 Exod.
2121 5439 2278 5490 χχιιι,
2307 5424 2447 5477 7.-
2486 5443 2504 5477 ι
2538 5426 2619 5481 Ab
2675 5427 2821 5482 omni
2873 5428 3063 5499 iuiquo
3086 5431 3250 5484 verbo
3280 5431 3408 5487 abs-

1841 5517 1974 5573 tine.
2017 5536 2036 5570 ι
2078 5587 2081 5589 _

1911 5610 2014 5664 Job
2083 5627 2136 5676 ν,
2189 5611 2292 5665 21.
2324 5641 2395 5652 --
2454 5630 2472 5663 ι
2511 5613 2549 5667 Α
2598 5611 2814 5685 ﬂagello
2867 5613 3067 5684 lingua:
3111 5613 3406 5668 occultabit

1844 5710 1973 5759 te.»

1917 5793 2049 5848 I’sal
2103 5797 2276 5861 ν,10.
2315 5827 2379 5840 —
2422 5817 2439 5851 ι
2493 5799 2807 5870 Sepulcrum
2844 5809 3032 5871 patens
3081 5809 3160 5856 cst
3218 5807 3405 5869 guttur

1851 5901 2060 5942 corum.
2100 5907 2116 5939 ι
