4210 6448
761 357 896 421 1343

1925 365 1983 422 S.
2022 364 2341 426 JOANNIS
2380 366 2804 430 DAMASCENI

3871 374 4014 440 1314

826 473 978 526 Ιιεαι.
1021 490 1095 536 ιε,
1127 477 1180 528 4.
1213 505 1279 515 -
1318 495 1333 525 ι
1396 475 1681 545 Disperdet
1744 476 2012 533 Dominus
2065 479 2323 533 universa

2499 502 2518 534 ι
2566 483 2968 556 Ἐξολοθρεύσει
2998 485 3204 558 Κύριος
3238 489 3501 556 πάντατά
3527 490 3679 562 χείλη
3717 491 3790 545 τὰ
3830 493 4011 548 δόλιαυ

765 567 912 620 labia
943 568 1157 633 dolosa,
1184 576 1238 622 et
1267 569 1505 638 linguam
1543 569 1971 639 magniloquam.
2010 589 2029 620 3

827 655 976 712 Ρεαι.
1013 673 1210 712 cxxxtx
1230 697 1246 722 ,
1274 658 1331 722 2,
1373 658 1458 712 l2.
1486 688 1556 700 —
1581 678 1600 709 ι
1633 659 1914 713 Acuerunt
1945 659 2161 730 linguas
2199 676 2327 716 suas

751 750 895 804 sicut
931 751 1225 821 serpentis.
1250 750 1346 806 Vir
1377 753 1662 822 linguosus
1689 766 1797 807 non
1823 751 2092 823 dirigetur
2119 754 2176 807 in
2210 763 2324 807 ter-

754 857 835 894 ra.
878 860 897 892 ι

831 931 986 986 Psal.
1021 950 1169 996 xux,
1199 936 1282 987 19.
1316 965 1385 976 -ο
1430 954 1450 986 ι
1488 936 1562 991 Os
1593 945 1744 992 tuum
1771 939 2067 994 abundavit
2089 941 2323 1006 malitia,

761 1033 814 1078 ct
849 1025 1036 1093 lingua
1067 1037 1157 1079 tua
1182 1026 1550 1080 concinnabat
1571 1027 1750 1084 dolos.
1787 1049 1806 1081 3

826 1117 1318 1181 l’sal.cxtv,2.—t
1359 1119 1610 1187 Domine,
1642 1122 1817 1176 libera
1858 1123 2100 1178 animam
2149 1139 2326 1178 meam

755 1224 784 1260 a
822 1210 976 1263 labiis
1012 1211 1238 1280 iniquis,
1271 1220 1325 1265 et
1354 1228 1384 1265 a
1409 1213 1594 1283 lingua
1628 1214 1872 1269 dolosa.3

824 1301 981 1356 Prov.
1021 1318 1096 1366 vi,
1135 1303 1190 1357 2.
1220 1332 1291 1342 —
1347 1323 1366 1353 ι
1417 1303 1670 1374 Laqueus
1690 1306 1847 1360 fortis
1887 1309 2009 1362 viro
2049 1308 2190 1361 labia
2249 1307 2331 1375 ip-

753 1397 869 1450 sius
908 1415 924 1450 :
965 1398 1186 1465 capitur
1236 1407 1416 1450 autem
1453 1399 1637 1453 verbis
1664 1402 1774 1453 oris
1798 1402 1903 1454 sui.
1935 1421 1952 1451 3

831 1485 990 1540 Prov.
1048 1505 1100 1549 x,
1128 1488 1178 1540 8.
1207 1518 1275 1528 ——
1314 1507 1331 1538 ι
1362 1486 1467 1552 Qui
1526 1490 1687 1544 labiis
1747 1492 1864 1543 suis
1917 1490 2172 1544 incautus
2219 1499 2326 1552 est,

755 1579 980 1648 oblique
1011 1595 1180 1649 agens
1208 1582 1676 1649 supplantabitur.
1723 1601 1742 1633 3

822 1669 981 1724 Prov.
1022 1689 1111 1736 xv,
1153 1673 1205 1732 1,
1246 1675 1299 1724 2.
1332 1701 1403 1712 -—
1467 1691 1485 1724 ι
1567 1673 1758 1728 Sermo
1812 1677 2076 1729 molestus
2127 1676 2328 1729 excitat

755 1765 925 1818 rixas.
962 1763 1058 1817 Vir
1098 1765 1362 1834 bilinguis
1410 1767 1622 1820 revelat
1659 1768 1892 1821 consilia
1922 1767 1976 1820 in
2031 1783 2323 1822 consessu.

754 1856 829 1910 Os
858 1857 1150 1910 stultorum
1185 1858 1538 1911 annuutiabit
1565 1859 1728 1912 mala.
1767 1879 1784 1910 3

831 1945 991 2001 Prov.
1020 1964 1170 2011 xxvn,
1200 1949 1286 2004 18.
1323 1977 1394 1989 —
1433 1968 1452 2000 c
1495 1948 1804 2006 Perversus
1837 1951 1892 2005 in
1931 1965 2028 2004 ore
2085 1965 2189 2004 suo
2235 1965 2332 2020 ge-

754 2048 867 2094 stat
893 2040 1138 2093 ruinam.
1187 2058 1206 2092 3

737 2174 740 2178 .
837 2130 998 2186 Prov.
1029 2148 1202 2196 xxvu,
1227 2131 1319 2186 28.
1358 2162 1428 2173 —
1471 2151 1490 2184 ι
1535 2131 1632 2187 Vir
1674 2133 1857 2204 lingua
1907 2135 2185 2190 mutabilis
2244 2135 2331 2190 in-

755 2227 906 2281 cidet
934 2227 989 2280 in
1027 2225 1188 2278 mala.
1219 2245 1238 2277 3

827 2317 985 2372 Prov.
1027 2334 1181 2381 xvtu,
1240 2318 1294 2385 6,
1326 2317 1376 2371 7.
1418 2347 1488 2358 -—
1530 2335 1550 2370 ι
1616 2317 1785 2373 Labia
1839 2321 1992 2374 stulti
2051 2321 2330 2376 deducunt

754 2426 881 2465 eum
913 2411 969 2465 in
999 2411 1138 2464 mala
1170 2425 1184 2464 :
1216 2427 1279 2466 os
1317 2421 1502 2464 autem
1531 2411 1680 2466 illius
1712 2412 1889 2466 audax
1908 2425 2156 2467 accerset
2183 2431 2330 2469 mor-

756 2514 886 2559 tem.
927 2503 1002 2559 0s
1029 2505 1182 2559 stulti
1220 2504 1460 2559 conterit
1487 2520 1612 2559 eum
1647 2524 1660 2559 :
1697 2504 1839 2559 labia
1866 2515 2048 2560 autem
2072 2507 2214 2576 ejus,
2247 2509 2330 2562 la-

753 2613 927 2668 queus
952 2596 1148 2651 animae.
1183 2596 1378 2666 ipsius.
1421 2616 1439 2647 3

828 2687 985 2743 Prov.
1023 2705 1158 2754 xxtt,
1194 2688 1280 2743 M.
1317 2719 1387 2728 —
1428 2707 1447 2739 ι
1493 2688 1671 2744 Fovea
1705 2690 1982 2760 profunda
2018 2705 2082 2747 os
2105 2692 2322 2762 iniqui:

753 2781 841 2835 cui
873 2789 1054 2835 autem
1097 2782 1272 2835 iratus
1298 2790 1381 2835 est
1399 2779 1686 2847 Dominus,
1719 2782 1928 2837 incidet
1963 2783 2018 2837 in
2049 2799 2194 2839 eam.
2228 2803 2248 2836 3

824 2871 984 2927 Prov.
1021 2890 1166 2938 xxvi,
1194 2873 1285 2938 20,
1311 2872 1400 2927 28.
1423 2901 1496 2912 —
1534 2891 1552 2924 ι
1580 2873 1636 2926 In
1665 2874 2023 2930 multitudine
2049 2875 2323 2944 lignorum

751 2966 992 3036 vigescet
1023 2965 1185 3037 ignis.
1221 2964 1297 3021 Os
1347 2974 1536 3020 autem
1591 2965 1877 3020 incautum
1931 2967 2322 3026 instabilitates

753 3067 924 3112 creat.
958 3076 976 3109 3

825 3151 985 3205 Prov.
1021 3167 1117 3215 xu,
1155 3151 1240 3204 15.
1264 3180 1336 3190 -——
1369 3167 1388 3201 ι
1420 3149 1657 3219 Propter
1701 3158 1992 3220 peccatum
2048 3148 2321 3204 labiorum
2353 3178 2398 3237 ρ

757 3243 950 3296 incidit
975 3244 1025 3295 iu
1054 3243 1310 3310 laqueum
1337 3251 1615 3310 peccator.
1654 3260 1673 3292 3

826 3334 983 3406 421
1043 3332 1202 3386 Prov.
1243 3349 1295 3396 x,
1342 3333 1446 3400 19;
1494 3348 1566 3397 tv,
1603 3331 1694 3388 24.
1725 3362 1790 3372 —-
1828 3350 1847 3382 ι
1883 3331 1940 3386 In
1990 3332 2339 3403 multiloquio

759 3443 871 3482 non
912 3427 1140 3497 eﬂugies
1169 3437 1475 3497 peceatum.
1513 3455 1583 3467 ——
1610 3427 1849 3496 Amputa
1882 3428 1983 3482 abs
2014 3436 2069 3482 te
2112 3444 2176 3482 os
2215 3444 2340 3499 per-

759 3535 1003 3583 versum,
1033 3528 1086 3572 et
1123 3519 1322 3586 injusta
1357 3519 1500 3572 labia
1532 3520 1747 3588 expelle
1778 3520 1877 3573 abs
1907 3530 1980 3575 te.
2010 3518 2339 3590 —lmperiti

761 3610 1172 3665 incontinentes
1195 3618 1328 3664 sunt
1357 3609 1568 3679 lingua.
1593 3607 1649 3663 Si
1683 3609 1989 3665 extraxeris
2006 3625 2337 3676 sermonem,

755 3701 930 3756 exibit
956 3701 1225 3771 judicium
1267 3709 1322 3756 et
1356 3717 1560 3772 pugna.
1600 3721 1618 3753 3

834 3792 996 3848 Prov.
1027 3809 1182 3858 xvut,
1219 3794 1307 3847 13.
1339 3823 1408 3834 -——
1460 3811 1478 3843 ι
1519 3792 1625 3857 Qui
1661 3792 1813 3861 prius
1848 3792 2143 3862 respondet
2173 3808 2336 3863 quam

761 3886 970 3948 audiat,
1004 3886 1242 3940 stultitia
1276 3894 1332 3941 et
1359 3885 1616 3956 probrum
1638 3893 1722 3940 est
1747 3886 1872 3955 ipsi.
1911 3905 1931 3937 3

832 3979 998 4033 Eccli.
1024 3997 1077 4042 v,
1112 3981 1162 4033 1.
1188 4009 1259 4020 -
1286 3997 1305 4031 ι
1337 3977 1460 4034 Noli
1509 3978 1775 4034 festinare
1821 3980 1878 4032 in
1927 3977 2094 4033 corde
2123 3986 2245 4040 tuo,
2285 3985 2340 4031 ct

761 4087 863 4126 cor
889 4080 1044 4125 tuum
1095 4088 1204 4125 non
1240 4069 1465 4126 festinet
1490 4070 1560 4125 ad
1592 4070 1980 4141 proferendqu
2020 4071 2248 4125 verbum
2280 4069 2335 4124 in

761 4171 1063 4232 conspectu
1105 4163 1221 4218 Dei.
1257 4183 1276 4215 3

831 4255 1001 4310 Eccii.
1056 4272 1124 4319 x,
1160 4255 1260 4321 14;
1303 4270 1423 4318 vm,
1459 4254 1515 4309 ι.
1560 4284 1629 4294 -
1672 4273 1690 4305 ι
1732 4252 1948 4308 Stultus
2009 4253 2339 4325 multiplicat

761 4347 947 4402 verba.
976 4377 1047 4386 -—-
1071 4345 1148 4401 Ne
1174 4348 1396 4402 steteris
1425 4347 1481 4399 in
1512 4361 1768 4401 sermone
1798 4347 1964 4400 malo.
2005 4364 2023 4396 3

832 4436 945 4491 Jer.
981 4455 1059 4500 ix,
1091 4440 1146 4494 5.
1191 4467 1261 4480 -
1297 4459 1315 4490 ‹
1345 4437 1709 4493 lntenderunt
1734 4439 1974 4509 linguam
2011 4451 2167 4491 suam
2196 4436 2339 4490 sicut

763 4540 976 4582 arcum.
1006 4546 1024 4579 ι

834 4619 1003 4673 Eccli.
1030 4636 1123 4683 xx,
1151 4620 1203 4674 8.
1227 4649 1296 4660 —
1321 4638 1340 4670 ς
1369 4617 1475 4685 Qui
1511 4619 1838 4689 multiplicat
1867 4635 2198 4678 sermone”.
2233 4619 2337 4671 erit

763 4709 1142 4765 exsecrabilis.
1179 4729 1198 4761 3

835 4796 1005 4854 Eccli.
1032 4813 1166 4862 xvu,
1188 4799 1281 4856 2|.
1305 4828 1376 4840 —
1407 4817 1426 4850 ι
1461 4799 1672 4868 Sagitta
1700 4797 1869 4852 inlixa
1896 4814 1949 4850 III
1979 4797 2185 4851 femore
2215 4811 2336 4850 car-

766 4891 876 4951 nis.
919 4892 1001 4946 sic
1050 4891 1277 4946 verbum
1321 4890 1375 4945 in
1427 4890 1594 4946 corde
1639 4891 1813 4944 stulti.
1851 4919 1920 4928 -—
1947 4888 2201 4943 Crudelis
2230 4897 2335 4951 est,

767 4983 862 5054 qui
902 4999 1010 5038 non
1048 4991 1292 5038 reservat
1318 4997 1628 5038 sermones.
1667 5000 1685 5034 3

840 5071 1009 5127 Eccli.
1043 5086 1160 5138 vm,
1186 5075 1258 5139 3;
1294 5089 1367 5136 Ix,
1406 5072 1461 5126 8.
1488 5103 1560 5111 —
1595 5090 1614 5124 ‹
1643 5070 1722 5126 Ne
1748 5071 1934 5141 litiges
1961 5086 2085 5126 cum
2118 5071 2339 5124 homine

769 5167 1037 5236 linguato,
1062 5180 1163 5220 nec
1186 5173 1370 5220 struas
1396 5165 1452 5220 in
1487 5166 1608 5234 igne
1633 5165 1783 5219 illius
1815 5165 1983 5234 ligna.
2000 5194 2069 5203 —
2093 5164 2339 5218 Terribi-

770 5258 838 5312 lis
871 5258 926 5311 in
958 5257 1183 5312 civitate
1214 5273 1313 5312 sua
1347 5257 1430 5311 vir
1459 5259 1762 5329 linguosus.
1801 5275 1818 5306 3

842 5349 1008 5404 Eccli.
1063 5365 1172 5414 xx,
1218 5351 1308 5405 20.
1339 5380 1409 5390 -—
1446 5369 1463 5400 ι
1502 5349 1712 5420 Lapsus
1745 5365 1775 5404 e
1820 5347 2132 5418 pavimento
2160 5347 2341 5402 minus

770 5457 937 5513 grave
968 5451 1074 5508 est,
1108 5458 1272 5512 quam
1301 5457 1332 5495 a
1365 5443 1572 5511 lingua.
1613 5461 1631 5493 3

843 5529 1012 5585 Eccli.
1051 5547 1246 5595 xxvut,
1275 5533 1380 5597 21;
1435 5547 1585 5594 xxix,
1611 5531 1700 5584 22.
1733 5562 1801 5570 —
1855 5549 1872 5582 ς
1910 5529 2134 5599 Flagelli
2183 5529 2339 5598 plaga

772 5623 1002 5679 livorem
1061 5622 1195 5678 facit
1240 5641 1253 5677 :
1311 5623 1470 5692 plaga
1517 5634 1698 5676 autem
1754 5623 1955 5691 lingua:
2005 5623 2341 5674 comminuet

780 5730 929 5771 ossa.
958 5746 1028 5756 —
1049 5716 1345 5787 Argentum
1375 5725 1526 5770 tuum
1555 5722 1612 5770 et
1645 5730 1837 5768 aurum
1865 5715 2049 5781 alliga,
2080 5721 2133 5767 et
2160 5713 2340 5767 verbis

777 5809 892 5865 tuis
921 5807 1093 5864 facito
1137 5817 1419 5865 stateram.
1455 5818 1510 5863 ct
1542 5822 1877 5864 mensuram.
1909 5813 1961 5861 et
1994 5804 2078 5861 ori
2119 5811 2213 5860 tuo
2257 5803 2337 5872 ja-

2427 573 2681 640 γλῶσσαν
2714 577 3196 648 μεγαλοῤῥήμονα.
3233 598 3252 630 3

2503 684 2521 716 ι
2566 667 2871 738 Ὴκόνησαν
2898 669 3153 737 γλῶσσαν
3184 671 3366 725 αὐτῶν
3409 672 3542 726 ώσεὶ
3577 673 3774 742 δφεως.
3838 675 4012 744 ’Δνὴρ

2426 756 2750 830 γλωσσώδης
2777 761 2840 814 οὐ
2867 762 3469 834 κατευθυνθήσεταιέπὶ
3504 766 3603 836 τῆς
3639 766 3766 836 γῆς.
3798 785 3822 818 3

2506 954 2525 986 ι
2563 935 2638 988 Τδ
2670 935 2849 1007 στόμα
2879 954 2973 991 σου
2991 939 3286 994 ἐπλεόνασε
3322 941 3545 1008 κακίαν,
3577 945 3669 997 καὶ
3709 945 3744 1014 ἡ
3774 943 4009 1013 γλῶσσα

2431 1043 2525 1078 σου
2558 1028 2887 1099 περιέπλεκε
2919 1030 3218 1104 δολιότητα.
3255 1052 3274 1085 3

2505 1136 2523 1169 ι
2559 1119 2936 1191 Κύριε,ρῦσαι
2954 1121 3056 1190 τὴν
3079 1121 3265 1193 ¹ιζσυχήν
3295 1140 3398 1192 μου
3450 1123 3559 1176 άπὸ
3601 1124 3830 1193 χειλέων
3889 1125 4009 1178 ἀδίο

2429 1229 2560 1278 κων,
2588 1213 2682 1265 καὶ
2711 1212 2819 1266 ἀπὸ
2847 1211 3098 1284 γλώσσης
3128 1214 3320 1278 δολίας.
3365 1235 3384 1267 3

2507 1322 2525 1354 ε
2556 1303 2729 1372 Παγὶς
2744 1304 2901 1377 ἀνδρὶ
2935 1305 3129 1376 ισχυρὰ
3158 1309 3225 1359 τὰ
3250 1307 3355 1360 ἴδια
3379 1308 3533 1380 χείλη
3557 1324 3574 1340 ο
3626 1309 3914 1364 ἁλίσκεται
3947 1311 4005 1364 δὲ

2430 1394 2670 1464 ῥήμασιν
2693 1394 2826 1447 ίδίου
2858 1395 3147 1464 στόματος.
3187 1414 3206 1446 3

2505 1507 2524 1538 ι
2563 1487 2622 1541 ’0
2651 1487 2880 1557 άστεγος
2903 1487 3139 1558 χείλεσιν
3171 1490 3576 1554 ὑποσκολιάξων
3604 1493 4005 1562 ύποσκελισθή-

2430 1593 2606 1632 σεται.
2648 1599 2668 1632 ι

2501 1688 2522 1722 ί
2554 1671 2725 1739 Λόγος
2750 1672 2994 1745 λυπηρὸς
3023 1675 3225 1747 ἐγείρει
3246 1677 3436 1746 ὀργάς.
3495 1677 3660 1747 Ἀνὴρ
3698 1675 4006 1743 δίγλωσσος

2427 1761 2806 1816 ἀποκαλύπτει
2847 1764 3042 1834 βουλὰς
3083 1769 3142 1821 ἐν
3199 1769 3478 1839 συνεδρίῳ.
3521 1770 3702 1838 Στόμα
3749 1768 4008 1838 ἀφρόνων

2362 1830 2400 1885 Β
2430 1854 2724 1924 ἀναγγελεῖ
2749 1830 2918 1914 κακά.
2955 1879 2977 1912 3

2505 1963 2524 1998 ι
2557 1947 2777 2014 Σκολιδς
2811 1951 2873 2006 ἐν
2913 1951 2993 2024 τῷ
3034 1953 3230 2009 ἑαυτοῦ
3261 1955 3491 2025 στόματι
3523 1955 3683 2027 φέοει
3729 1954 3834 2025 τὴν
3895 1955 4010 2008 ἀπ·-

2433 2035 2653 2094 ώλειαν.
2683 2058 2704 2092 3
3728 2103 3732 2108 .

2507 2149 2527 2182 ι
2576 2132 2747 2206 ’Δνὴρ
2797 2133 3164 2205 εὐμετάϐολος
3244 2134 3468 2208 γλώσσῃ
3535 2137 3860 2206 ἐμπεσεῖται
3924 2141 4010 2202 εἰς

2430 2223 2664 2278 κακά.)

2505 2335 2525 2369 ι
2561 2317 2728 2390 Χείλη
2755 2317 2990 2390 ἄφρονος
3030 2320 3259 2388 ἄγουσιν
3292 2321 3457 2374 αὑτὸν
3497 2324 3581 2386 εἰς
3612 2325 3779 2389 κακὰ,
3830 2324 3893 2376 τὸ
3950 2325 4006 2376 δὲ

2432 2409 2606 2480 στόμα
2633 2411 2799 2466 αὑτοῦ
2827 2414 2888 2466 τὸ
2912 2412 3088 2484 θρασὺ
3112 2413 3342 2468 θάνατον
3397 2397 3764 2470 ἐπικαλεῖται.
3819 2417 4010 2488 Στόμα

2429 2502 2667 2573 ἄφρονος
2699 2505 2976 2576 συντρίϐει
3017 2507 3204 2574 αὑτὸν,
3226 2509 3295 2562 τὰ
3323 2509 3378 2561 δὲ
3403 2504 3566 2581 χείλη
3610 2509 3774 2564 αὑτοῦ
3833 2512 4010 2578 παγὶς

2427 2596 2492 2664 τῇ
2526 2595 2672 2668 ψυχῇ
2701 2598 2889 2653 αὐτοῦ.
2919 2607 2964 2668 »1

2504 2705 2523 2738 ι
2560 2687 2761 2760 Βόθρος
2794 2688 2961 2759 βαθὺς
2988 2692 3164 2762 στόμα
3193 2694 3548 2764 παρανόμου·
3592 2696 3622 2748 ὁ
3665 2694 3720 2747 δὲ
3754 2695 4011 2765 μισηθεὶς

2429 2778 2536 2831 ὑπὸ
2573 2781 2780 2850 Κυρίου
2811 2783 3133 2851 ἐμπεσεῖται
3164 2788 3244 2848 εἰς
3277 2788 3457 2842 αὑτὸν.
3509 2807 3528 2839 3

2507 2891 2527 2923 σ
2564 2872 2654 2926 Ἐν
2677 2873 2892 2938 πολλοῖς
2928 2875 3108 2941 ξύλοις
3142 2877 3299 2932 ϐαλεῖ
3339 2879 3485 2950 πῦρο
3526 2881 3700 2950 στόμα
3749 2881 3805 2934 δὲ
3842 2883 4014 2936 ἄστε-

2426 2979 2524 3032 γον
2548 2966 2692 3017 ποιεῖ
2713 2967 3146 3032 ἀκαταστασίας.
3179 2988 3197 3021 3

2506 3166 2524 3197 ι
2545 3148 2620 3200 Δι’
2639 3147 2912 3219 ἁμαρτίαν
2933 3151 3155 3220 χειλέων
3171 3152 3431 3223 ἐμπίπτει
3449 3154 3529 3217 είς
3546 3155 3747 3223 παγίδα
3769 3157 3798 3208 ό
3826 3159 4015 3230 ἀμαρ-

2439 3239 2628 3302 τωλός.
2661 3257 2680 3288 3

2515 3350 2534 3382 ι
2579 3331 2673 3384 Ἐκ
2693 3331 3016 3400 πολυλογίας
3035 3333 3135 3387 ούκ
3165 3335 3400 3408 ἐκφεύξῃ
3433 3338 3729 3409 ἁμαρτίαν.
3751 3371 3820 3380 -
3841 3343 4014 3413 Περί-

2439 3420 2528 3474 ελε
2567 3421 2796 3475 σεαυτοῦ
2847 3424 3060 3478 σκολιὸν
3121 3427 3318 3496 στόμα,
3382 3428 3477 3482 καὶ
3512 3431 3669 3484 ἄδικα
3710 3435 3861 3503 χείλη
3907 3453 4020 3504 μα-

2439 3515 2578 3584 κρὰν
2618 3515 2726 3568 ἀπὸ
2765 3515 2860 3569 σοῦ
2891 3517 3129 3572 άπωσαι.
3158 3550 3228 3560 —
3259 3521 3322 3572 Οἱ
3367 3522 3702 3587 ἀπαίδευτοι,
3748 3526 4019 3595 ἀκρατεῖς

2439 3603 2679 3677 γλώσσῃ.
2722 3605 2847 3658 Ἐὰν
2877 3605 3175 3678 ἐξελκύσῃς
3212 3607 3388 3677 λόγον,
3418 3609 3758 3676 ἐξελεύσεται
3802 3616 4015 3684 κρίσις,

2441 3699 2531 3750 καὶ
2561 3698 2728 3767 μάχη.
2772 3717 2791 3748 3

2516 3808 2534 3840 ε
2571 3791 2666 3852 Ὃς
2698 3789 3056 3861 ἀποκρίνεται
3094 3791 3252 3859 λόγον
3297 3791 3430 3862 πρὶν
3468 3793 3698 3866 ἀκούσῃ,
3729 3796 4017 3867 άςροσύνη

2439 3881 2532 3934 καὶ
2559 3882 2759 3946 ὄνειδος
2789 3882 2938 3954 αύτῷ
2959 3885 3095 3936 ἐστι.
3144 3903 3164 3936 3

2517 3993 2536 4024 ι
2575 3973 2665 4043 Μὴ
2691 3973 2888 4027 σπεῦδε
2923 3976 3017 4027 ἐπὶ
3052 3975 3281 4046 στόματί
3308 3993 3424 4042 σου,
3461 3978 3552 4030 καὶ
3598 3979 3628 4046 ἡ
3677 3980 3873 4049 καρδία
3918 3999 4017 4036 σου

2442 4065 2517 4137 μὴ
2560 4068 2848 4136 ταχυνάτω
2886 4067 2981 4120 τοῦ
3015 4067 3317 4134 ἐξενεγκεῖν
3363 4068 3517 4137 λόγον
3565 4070 3670 4142 πρὸ
3717 4073 4016 4142 προσώπου

2437 4158 2532 4212 τοῦ
2565 4159 2721 4212 Θεοῦ.
2753 4181 2773 4212 3

2515 4270 2533 4302 ι
2573 4252 2794 4321 ’Ἄφρων
2824 4252 3081 4324 πληθύνει
3125 4255 3334 4324 λόγους.
3359 4289 3430 4299 -
3461 4261 3551 4330 Μὴ
3588 4261 3719 4329 στῇς
3761 4262 3822 4312 ἐν
3867 4260 4014 4332 λόγῳ

2441 4339 2680 4409 πονηρῷ.
2717 4359 2736 4393 3

2515 4452 2534 4484 ι
2584 4432 2882 4489 Ἐνέτειναν
2914 4437 3164 4505 γλῶσσαν
3189 4440 3366 4494 αὐτῶν
3387 4442 3461 4504 ὼς
3488 4443 3660 4508 τόξον.

2513 4633 2530 4664 ι
2577 4613 2636 4665 '0
2668 4614 2981 4681 πλεονάζων
3012 4618 3191 4688 λόγον,
3225 4619 3659 4692 βδελυχθήσεται.

2515 4810 2534 4839 σ
2579 4791 2741 4855 Βέλος
2781 4795 3028 4864 πεπηγὸς
3077 4797 3137 4849 ἐν
3179 4797 3339 4867 μηρῷ
3384 4799 3606 4868 σαρκὸς,
3639 4799 3813 4862 οὕτως
3855 4801 4014 4866 λόγος

2438 4883 2496 4934 ἐν
2539 4883 2716 4955 κοιλίᾳ
2766 4886 2971 4957 μωροῦ.
3007 4918 3080 4933 -
3140 4890 3481 4961 Ἀνελεήμων
3523 4893 3551 4944 ὁ
3603 4891 3676 4962 μὴ
3729 4893 4012 4962 συντηρῶν

2437 4975 2647 5043 λόγους.
2682 4996 2700 5026 3

2520 5085 2536 5116 ι
2585 5069 2674 5137 Μὴ
2703 5069 2967 5140 διαμάχου
3025 5073 3160 5142 μετὰ
3201 5073 3484 5143 ἀνθρώπου
3515 5073 3889 5140 γλωσσὼδους.
3919 5076 4012 5125 καὶ

2443 5155 2518 5225 μὴ
2544 5155 2931 5229 ἐπιστοιὸάσῃς
2961 5162 3052 5213 ἐπὶ
3081 5161 3140 5213 τὸ
3168 5160 3279 5231 πῦρ
3309 5144 3472 5216 αύτόῦ
3494 5164 3644 5229 ξύλα.
3673 5194 3744 5203 -
3771 5165 4008 5235 Φοῦερος

2440 5248 2498 5298 ἐν
2527 5246 2677 5298 πόλει
2709 5248 2848 5319 ἀνὴρ
2880 5250 3224 5320 γλωσσώδης.
3262 5269 3280 5302 3

2519 5356 2536 5391 ι
2584 5339 2879 5412 Ὀλίσθημα
2908 5343 3016 5396 ἀπὸ
3035 5344 3282 5414 ἐδάφους,
3312 5346 3346 5416 ἢ
3370 5347 3477 5400 ἀπὸ
3502 5346 3771 5417 γλώσσης.
3814 5369 3834 5402 3

2512 5521 2698 5591 Πληγὴ
2724 5523 2985 5592 μάστιγος
3007 5527 3150 5577 ποιεῖ
3174 5524 3436 5594 μώλωπα,
3471 5525 3653 5596 πληγὴ
3675 5527 3732 5579 δὲ
3757 5526 4008 5593 γλώσσης

2444 5613 2734 5681 συγκλάσει
2775 5616 2924 5685 ὀστᾷ.
2956 5645 3024 5654 -
3056 5616 3127 5668 Τὸ
3165 5617 3424 5686 ἀργύριόν
3468 5633 3580 5678 σου,
3637 5616 3734 5668 καὶ
3771 5617 3832 5667 τὸ
3881 5634 4006 5683 ype-

2446 5708 2557 5758 σίον
2593 5723 2687 5760 σου
2717 5707 3038 5776 κατάδησον,
3075 5708 3169 5761 καὶ
3192 5712 3303 5771 τοῖς
3325 5709 3498 5776 λόγοις
3534 5725 3626 5760 σου
3661 5710 3888 5777 ποίησον
3911 5706 4004 5768 ζο-

2445 5799 2534 5865 γδν
2560 5801 2654 5854 καὶ
2675 5800 2934 5872 σταθμὸν,
2966 5802 3058 5854 καὶ
3083 5801 3157 5870 τῷ
3191 5801 3414 5867 στόματί
3452 5818 3541 5854 σου
3576 5802 3695 5854 ποίτ
3713 5818 3802 5854 σον
3837 5799 4004 5869 Ούςιλν
