4210 6448
184 418 308 482 ι345

1406 414 1644 476 SACRA
1682 413 2127 474 PARALLELA

3269 415 3407 481 i356

175 532 264 585 καὶ
288 526 483 599 μοχλόν
507 539 523 557 ⁸
562 523 798 597 πρόσεχε
828 522 903 595 μή
920 539 1038 588 πως
1070 522 1362 596 amem;
1389 524 1447 579 ὲν
1472 523 1645 593 αὐτῷ.
1663 554 1731 566 --
1760 529 1805 585 Α
1834 540 1837 576 ι

1760 529 1805 585 Α
1834 540 1998 579 uuam
2032 536 2088 580 et
2125 533 2309 582 vectes
2341 545 2354 582 :
2390 529 2611 584 attende
2659 543 2729 584 ne
2766 526 2910 583 forte
2940 527 3148 584 labaris
3193 529 3402 600 lingua.

175 619 360 676 Πολλοὶ
387 618 590 672 ἔπεσαν
628 617 686 669 ἐν
732 614 960 687 στόματι
1000 615 1295 688 μαχαίρας,
1332 616 1426 669 καὶ
1451 614 1644 687 οὐχὼς
1677 615 1727 669 οί

170 710 518 775 πεπτωκότες
549 709 636 764 διὰ
663 709 935 778 γλώσσης.
976 727 995 759 ι

242 825 260 856 ι
286 803 356 857 Ei
394 819 480 866 τις
515 802 572 855 ἐν
618 800 762 869 λόγῳ
792 800 852 853 οὐ
891 799 1098 865 πταίει,
1128 790 1281 864 οὗτος
1319 800 1522 863 τέλειος
1562 800 1723 871 ἀνὴρ,

164 897 460 965 δυνάμενος
489 892 935 965 χαλιναγωγῆσαι
967 892 1061 945 καὶ
1100 891 1220 946 ὅλον
1260 895 1321 946 τὸ
1367 893 1545 963 σῶμα.
1578 894 1639 947 El
1668 894 1725 947 δὲ

164 986 269 1039 τῶν
293 985 474 1038 ἵππων
523 983 649 1047 τοὺς
685 982 934 1054 χαλινοὺς
963 983 1042 1045 εἰς
1082 980 1150 1034 τὰ
1196 981 1438 1052 στόματα
1462 980 1725 1053 βάλλομεν

166 1079 244 1141 είς
266 1079 327 1131 rb
356 1076 642 1131 πείθεσθαι
681 1075 877 1138 αὐτοὺς
907 1074 1060 1145 ἡμῖν,
1092 1074 1184 1127 καὶ
1204 1074 1324 1127 ὅλον
1357 1074 1417 1127 τὸ
1444 1073 1600 1145 σῶμα
1627 1076 1725 1128 αὐ-

162 1168 269 1222 τῶν
301 1168 614 1238 μετάγομεν
637 1181 651 1196 ·
698 1164 807 1218 ίδού
838 1164 1024 1217 καὶτὰ
1053 1163 1213 1217 πλοῖα
1244 1163 1544 1234 τηλικαῦτα
1570 1165 1721 1231 ὄντα,

166 1262 255 1313 καὶ
278 1261 383 1312 ὑπὸ
413 1260 632 1329 ἀνέμων
658 1255 911 1328 σκληρῶν
934 1255 1267 1326 ἐλαυνόμενα
1301 1258 1592 1327 μετάγεται
1620 1257 1725 1310 ὑπὸ

163 1354 441 1423 ἐλαχίστου
473 1348 754 1422 πηδαλίου,
778 1349 913 1401 ὅπου
938 1346 1004 1400 ἂν
1035 1349 1068 1419 ή
1105 1348 1249 1419 ὁρμὴ
1280 1347 1374 1400 τοῦ
1412 1348 1724 1413 εὐθύνοντος

165 1447 408 1517 βούλεται
430 1462 444 1475 ·
477 1444 648 1507 οὓτως
674 1444 770 1496 καὶ
799 1444 831 1512 ή
861 1441 1080 1510 γλῶσσα
1113 1443 1345 1513 σμικρὸν
1393 1441 1553 1511 μέλος
1582 1443 1719 1508 ἐστὶ,

165 1540 254 1593 καὶ
289 1537 643 1609 μεγαλαυχεῖ.
692 1534 820 1588 Ἰδοὺ
858 1533 1035 1601 ὀλίγον
1070 1532 1181 1605 πῦρ
1222 1534 1417 1603 ἡλίκην
1458 1533 1589 1605 ὕλην
1627 1536 1721 1588 άν·

163 1634 318 1687 ἅπτει
342 1633 355 1685 !
390 1629 500 1683 Kal.
520 1630 554 1699 ἡ
580 1626 798 1696 γλῶσσα
827 1625 1008 1697 πῦρ,ιό
1040 1625 1241 1696 κόσμος
1270 1627 1365 1697 τῆς
1386 1627 1618 1690 ἀδικίας.
1657 1628 1723 1681 Ἡ

161 1724 379 1792 γλῶσσα
406 1720 731 1774 καθίσταται
781 1720 840 1772 ὲν
887 1722 1002 1781 τοῖς
1050 1717 1272 1787 μέλεσιν
1304 1718 1483 1790 ἡμῶν,
1521 1721 1554 1791 η
1594 1736 1721 1773 σπι-

162 1815 323 1867 λοῦσα
351 1812 475 1866 ὅλον
502 1812 563 1865 τὸ
588 1811 766 1882 σῶμα,
800 1811 895 1864 καὶ
924 1809 1254 1879 φλογίζουσα
1280 1811 1371 1864 τὸν
1400 1813 1591 1883 τροχὸν
1620 1813 1719 1883 τῆς

160 1905 445 1974 γενέσεως,
480 1904 571 1957 καὶ
610 1901 972 1972 φλογιζομένη
1012 1902 1114 1955 ὐπὸ
1152 1902 1251 1971 τῆς
1294 1904 1535 1973 γεέννης.
1563 1904 1720 1957 Πᾶσα

160 1998 266 2068 γάρ
293 1995 456 2065 φύσις
492 1995 693 2065 θηρίων
730 2010 790 2046 τε
832 1996 926 2047 καὶ
953 1993 1234 2058 πετεινῶν,
1267 1993 1510 2064 ἑρπετῶν
1539 2011 1597 2048 τε
1627 1995 1722 2048 καὶ

160 2090 378 2142 ἐναλίων
414 2085 714 2158 δαμάζεται
741 2084 833 2137 καὶ
860 2084 1190 2155 δεδάμασται
1219 2087 1284 2155 τῇ
1321 2085 1480 2155 φύσει
1531 2086 1596 2155 τῇ
1631 2085 1723 2139 άν-

159 2181 427 2252 θρωπίνῃ,
478 2179 576 2249 τὴν
622 2179 678 2232 δὲ
726 2176 979 2245 γλωσσαν
1018 2177 1191 2241 οὐδεὶς
1236 2177 1457 2231 δύναται
1514 2176 1723 2247 ἀνθρώ-

160 2293 274 2328 πων
306 2274 580 2344 δαμάσαι’
638 2274 1008 2341 ἀκατάσχετον
1056 2270 1245 2336 κακὸν,
1304 2270 1588 2343 μεστὴίώ
1628 2272 1724 2323 θα-

161 2368 486 2440 νατηφόρου.
518 2367 605 2420 Ἐν
640 2366 776 2436 αὐτῇ
810 2362 1138 2434 εὐλογοῦμεν
1167 2364 1259 2417 τὸν
1299 2364 1434 2417 Θεὸν
1481 2364 1575 2417 καὶ
1604 2365 1721 2418 Πα-

163 2462 307 2531 τέρα,
338 2460 438 2513 καὶ
495 2460 553 2511 ὲν
604 2458 743 2527 αὐτῇ
796 2455 1166 2526 καταρώμεθα
1215 2457 1343 2520 τοὺς
1401 2455 1723 2527 ἀνθρώπους

159 2553 279 2615 τοὺς
322 2550 445 2604 καθ’
484 2550 747 2620 ὁμοίωσιν
774 2548 908 2601 Θεοῦ
953 2548 1266 2617 γεγονότας.
1310 2550 1404 2602 Ἐκ
1431 2548 1525 2601 τοῦ
1556 2548 1722 2603 αὐτοῦ

160 2644 423 2714 στόματος
459 2643 738 2715 ἐξέρχεται
782 2641 1004 2707 εὐλογία
1049 2644 1143 2696 καὶ
1184 2641 1418 2713 κατάρα.
1482 2642 1557 2695 Οὐ
1590 2642 1718 2712 χρὴ,

160 2734 373 2804 ἀδελφοί
403 2752 530 2805 μου.
554 2735 644 2806 Μή
674 2751 726 2787 τι
760 2734 795 2801 ή
823 2733 975 2803 πηγὴ
1008 2734 1071 2785 ὲκ
1094 2733 1191 2803 τῆς
1216 2732 1385 2802 αὐτῆς
1405 2731 1543 2803 ὀπῆς
1571 2730 1724 2803 βρύει

161 2828 217 2879 τὸ
243 2827 438 2895 γλυκὺ,
467 2828 559 2879 καὶ
581 2830 644 2879 τὸ
674 2828 869 2897 πικρόν
889 2844 903 2893 ;
926 2844 944 2875 ι

228 2922 404 2989 Κύρος
453 2921 614 2989 λόγου
660 2920 917 2991 πολέμιος
955 2922 1167 2985 ἀκοαῖς,
1198 2917 1275 2983 ὡς
1310 2918 1725 2989 ὑπερϐάλλουσα

161 3011 331 3082 τροφὴ
372 3010 613 3082 σώματι.

1825 646 1897 657 ——
1924 616 2081 671 Multi
2113 617 2435 674 ceciderunt
2485 620 2543 674 in
2577 634 2677 677 ore
2733 619 2897 691 gladii
2943 638 2959 673 :
3000 620 3100 677 sed
3144 635 3255 675 non
3300 621 3403 686 sic,

1824 707 1975 762 velut
2006 708 2101 779 qui
2132 709 2463 766 interierunt
2495 726 2591 781 per
2617 712 2884 784 linguam.
2914 732 2933 765 ι

1894 797 2018 852 Jac.
2062 816 2146 863 ιιι,
2174 800 2340 868 2,“.
2370 833 2441 842 —
2483 820 2504 855 ι
2542 803 2599 858 Si
2624 805 2750 875 quis
2789 806 2847 860 in
2881 806 3051 861 verbo
3086 822 3197 861 non
3233 804 3407 861 oﬂ'en-

1824 889 1925 953 dit,
1962 890 2052 945 hic
2082 900 2168 945 est
2203 892 2479 963 perlectus
2514 895 2633 962 vir;
2675 904 2871 967 potens
2904 896 3072 951 etiam
3103 897 3263 952 l'reno
3299 897 3406 951 cir-

1824 983 2160 1039 cumducere
2191 995 2362 1041 totum
2399 1000 2638 1057 corpus.
2677 986 2735 1043 Si
2764 997 2946 1045 autem
2976 990 3135 1059 equis
3163 991 3315 1045 frena
3347 991 3404 1045 in

1823 1088 1920 1127 ora
1957 1074 2226 1131 mittimus
2256 1076 2323 1129 ad
2353 1078 2813 1132 consentiendum
2841 1079 3025 1145 nobis,
3047 1078 3214 1134 etiam
3240 1094 3405 1136 omne

1822 1178 2023 1233 corpus
2053 1164 2269 1220 illorum
2302 1166 2751 1222 circumlerimus
2786 1188 2799 1225 :
2826 1177 2881 1223 et
2900 1184 3035 1223 ecce
3065 1184 3404 1234 naves,cum

1823 1271 2035 1326 magna:
2065 1257 2197 1325 sint,
2226 1266 2281 1313 et
2327 1274 2358 1313 a
2384 1259 2567 1315 ventis
2597 1260 2801 1316 validis
2834 1261 3138 1325 minentur,
3168 1263 3408 1317 circum-

1823 1349 2076 1405 feruntur
2108 1366 2138 1405 a
2167 1351 2386 1406 modico
2424 1352 2822 1423 gubernaculo,
2858 1353 2951 1406 ubi
2991 1353 3231 1422 impetus
3262 1354 3406 1408 diri-

1821 1443 2000 1512 gentis
2051 1444 2290 1498 voluerit
2337 1462 2351 1497 :
2406 1444 2482 1497 ita
2531 1452 2584 1499 et
2639 1445 2825 1513 lingua
2874 1444 3149 1498 modicum
3181 1446 3404 1516 quidem

1821 1534 2128 1589 membrum
2161 1542 2264 1598 est,
2287 1543 2341 1589 et
2372 1550 2569 1605 magna
2596 1538 2818 1590 exaltat.
2851 1534 2994 1591 Ecce
3020 1553 3223 1607 parvus
3262 1539 3405 1608 ignis

1821 1638 1985 1693 quam
2017 1639 2269 1696 magnam
2295 1626 2489 1679 silvam
2518 1625 2765 1681 incendit
2790 1628 2801 1679 l
2833 1626 2900 1679 Et
2928 1628 3113 1695 lingua
3136 1630 3280 1697 ignis
3296 1639 3402 1693 est,

1822 1718 2161 1774 universitas
2232 1717 2573 1788 iniquitatis.
2644 1716 2860 1788 Lingua
2924 1722 3309 1793 constituitur.
3347 1722 3402 1774 in

1824 1809 2085 1865 membris
2116 1810 2345 1875 nostris,
2388 1824 2513 1879 qua:
2552 1810 2798 1863 maculat
2842 1818 3017 1864 totum
3076 1825 3305 1882 corpus,
3349 1820 3405 1865 et

1821 1898 2127 1954 inﬂammat
2152 1908 2329 1953 rotam
2360 1900 2669 1955 nativitatis
2692 1908 2915 1965 nostras,
2946 1910 3002 1955 et
3031 1901 3404 1956 inﬂammatur

1822 2004 1853 2044 a
1883 1990 2154 2061 gehenna.
2190 1989 2382 2046 Omnis
2413 1991 2559 2045 enim
2601 2000 2803 2045 natura
2848 1992 3177 2058 bestiarum,
3213 2003 3266 2049 et
3306 2010 3404 2049 vo-

1822 2083 2064 2145 lucrum,
2096 2091 2150 2136 et
2182 2082 2545 2152 serpentium,
2584 2091 2639 2137 et
2675 2084 3004 2153 aquatilium
3034 2084 3315 2157 domatur,
3348 2096 3406 2141 et

1821 2173 2029 2228 domita
2055 2183 2140 2229 est
2171 2188 2203 2227 a
2240 2182 2443 2229 natura
2474 2176 2735 2230 humana.
2758 2174 3029 2246 Linguam
3065 2189 3244 2233 autem
3278 2182 3404 2232 nul-

1823 2266 1910 2321 Ius
1954 2265 2236 2320 hominum
2279 2264 2506 2320 domare
2552 2273 2756 2336 potest,
2812 2266 3119 2335 inquietum
3170 2269 3402 2331 malum,

1823 2357 1983 2427 plena
2005 2373 2224 2414 -veueno
2254 2358 2559 2414 mortifero.
2592 2359 2650 2412 In
2681 2359 2798 2427 ipsa
2826 2358 3403 2417 benedicimus‘Deuut

1821 2454 1875 2503 et
1906 2446 2223 2511 Patrem,et
2250 2450 2306 2503 in
2339 2449 2459 2518 ipsa
2490 2448 2868 2503 maledicimus
2905 2449 3156 2505 homines
3190 2452 3283 2519 qui
3334 2453 3403 2506 ad

1823 2540 2240 2595 similitudinem
2273 2540 2370 2596 Dei
2404 2539 2535 2595 facti
2575 2550 2727 2596 sunt.
2757 2540 2836 2594 Ex
2872 2542 2993 2611 ipso
3018 2556 3115 2597 ore
3158 2544 3407 2612 procedit

1823 2633 2131 2689 benedictio
2152 2642 2208 2689 et
2230 2633 2563 2688 maledictio.
2590 2632 2708 2686 Non
2745 2641 2983 2703 oportet,
3030 2634 3232 2689 fratres
3270 2637 3400 2689 mei.

1822 2722 2081 2795 Nunquid
2116 2724 2242 2780 fons
2271 2723 2340 2778 de
2375 2723 2570 2778 eodem
2602 2722 2877 2778 foramine
2924 2734 3146 2779 emanat
3186 2724 3405 2780 dulcem

1824 2826 1879 2874 et
1914 2832 2156 2872 amaram
2190 2816 2424 2888 aquam?
2451 2834 2470 2867 ι

1897 2906 2055 2977 Greg.
2099 2906 2241 2962 Naz.
2270 2938 2340 2948 —
2373 2906 2706 2963 lmmodicus
2745 2922 2929 2963 sermo
2964 2908 3191 2963 auribus
3224 2907 3408 2963 inimi-

1826 3014 1927 3056 cus
1960 3009 2069 3068 est,
2104 3000 2253 3055 haud
2286 3016 2451 3056 secus
2479 3007 2647 3070 atque
2671 2999 3072 3055 immoderatus
3103 3000 3264 3057 cibus
3286 3017 3408 3056 cor-

1828 3108 1973 3164 port.

232 3192 484 3256 Ὀλισθος
532 3189 842 3263 ἀνθρώποις
874 3190 1116 3261 γλῶσσα,
1149 3191 1228 3265 μὴ
1260 3190 1407 3264 λόγῳ
1452 3190 1729 3262 κυϐερνω-
1755 3218 1800 3277 c

1755 3218 1800 3277 ο
1900 3184 2092 3255 Ejusd.
2124 3193 2262 3239 orat.
2301 3185 2357 3240 Ξ.
2380 3214 2453 3225 -
2488 3183 2668 3239 Ruina
2721 3186 3045 3244 hominibus
3078 3194 3164 3244 est
3198 3187 3404 3258 lingua,

165 3286 406 3439 μέλτίδγος
440 3371 627 3435 ἀπλῶς
658 3371 1046 3444 προσενεχθεὶς
1078 3372 1405 3444 ὁλοκλήρους
1430 3372 1731 3444 ἀνέτρεψεν

162 3466 354 3530 οἰκίας,
396 3467 489 3517 καὶ
520 3466 698 3535 ψυχάς
728 3466 977 3518 ἀπώλεσε
1029 3466 1123 3517 καὶ
1156 3463 1441 3518 κατέδυσε.
1479 3464 1588 3517 Καὶ
1619 3463 1731 3520 τῶν

167 3558 262 3627 μὲν
290 3555 595 3627 χρημάτων
635 3554 734 3625 τὴν
783 3556 988 3626 ζημίαν
1029 3554 1372 3626 διορθοῦσθαι
1420 3556 1579 3609 πάλιν
1627 3555 1729 3621 ἔνι,

164 3650 313 3718 λόγον
344 3648 407 3702 δὲ
448 3647 832 3719 ὲκπηδήσαντα
870 3647 1017 3712 ἅπαξ
1061 3647 1368 3717 ἀνακτῆσαι
1415 3647 1579 3700 πάλιν
1631 3648 1731 3701 οὐκ

164 3742 260 3796 ἔνι.

232 3833 321 3903 Μὴ
346 3830 639 3902 χελιδῶνας
672 3831 751 3895 είς
784 3829 958 3891 οίκίας
986 3828 1229 3901 δέχεσθε,
1264 3831 1511 3885 τουτέστι
1539 3831 1730 3896 λάλους

164 3922 505 3996 ἀνθρώπους,
569 3922 665 3976 καὶ
732 3922 859 3984 τοὺς
915 3922 1045 3992 περὶ
1101 3920 1355 3990 γλῶσσαν
1406 3923 1733 3995 ἀνακρατεῖς

163 4015 487 4086 ὀμοροτρίους
518 4014 595 4086 μὴ
627 4012 890 4069 ποιεῖσθε.

232 4106 458 4160 Γλῶσσα
490 4104 635 4175 κακὴ
655 4098 964 4174 ἀνθρώπου,
998 4102 1207 4168 πτῶσις
1256 4102 1426 4173 αὐτῷ.
1473 4104 1583 4159 Kal
1620 4104 1730 4161 πά-

166 4197 284 4251 λινο
346 4197 422 4253 Ἠ
466 4194 722 4267 γλῶσσά
778 4211 916 4260 σου,
974 4194 1066 4249 ἀεὶ
1124 4194 1311 4263 ξυρὸν
1352 4195 1733 4264 ἠκονημένον

166 4291 457 4360 ἐποίησας
506 4288 712 4343 δόλον.
759 4287 868 4339 Καὶ
914 4286 1115 4338 πάλιν·
1172 4286 1235 4339 Τί
1283 4286 1507 4355 δοθείη,
1543 4288 1639 4341 καὶ
1674 4289 1733 4343 τί

168 4381 516 4453 προστεθείη
549 4396 647 4435 σοι
676 4379 825 4448 πρὸς
856 4377 1146 4449 γλῶσσαν
1182 4378 1437 4442 δολίαν;
1479 4381 1587 4433 Kal
1629 4382 1733 4435 πά-

168 4475 276 4528 λιν*
309 4475 373 4527 '0
403 4474 546 4539 Θεὸς
566 4472 679 4541 τὴν
702 4470 939 4526 αινεσίν
966 4488 1083 4540 μου
1110 4470 1197 4539 μὴ
1228 4472 1727 4541 παρασιωπήσῃς,

1832 3294 1955 3350 quae
1984 3278 2197 3334 ratione
2226 3294 2335 3333 non
2366 3279 2728 3348 gubernatur.

1908 3370 2281 3440 Chrysost.——
2316 3370 2508 3424 Sermo
2571 3378 2776 3425 temere
2836 3371 3095 3441 profusus
3162 3372 3408 3443 integras

1829 3463 2023 3519 domos
2068 3466 2283 3529 evertit,
2341 3464 2663 3532 animasque
2716 3463 2957 3533 perdidit
2988 3472 3042 3517 et
3076 3464 3403 3519 submersit.

1829 3559 1908 3613 Ac
1941 3559 2300 3628 pecuniarum
2338 3557 2499 3629 422
2536 3555 2754 3627 quidem
2778 3559 2994 3625 jactura
3032 3556 3229 3611 sarciri
3282 3572 3407 3613 rur-

1829 3666 1952 3707 sum
1984 3658 2218 3720 potest:
2274 3664 2456 3703 sermo
2506 3656 2712 3713 autem,
2763 3649 2854 3703 ubi
2890 3648 3061 3703 semel
3112 3648 3404 3713 exsilierit,

1830 3744 2020 3813 nequit
2048 3743 2245 3797 iterum
2278 3741 2590 3810 recuperari

1900 3834 2091 3905 Cyrill.
2128 3865 2199 3874 —
2224 3833 2559 3888 llirundines
2585 3832 2750 3887 domo
2781 3831 2949 3885 nolite
2972 3830 3227 3902 excipere
3251 3847 3269 3898 ',
3302 3830 3406 3886 hoc

1834 3937 1918 3983 est
1949 3965 1964 3990 ,
2003 3926 2255 3997 garrulos
2300 3926 2571 3990 homines,
2610 3933 2664 3979 et
2697 3925 2918 3995 procaci
2963 3923 3169 3994 lingua,
3206 3934 3408 3981 contu-

1829 4016 2086 4073 bernales
2114 4023 2327 4069 vestros
2356 4014 2584 4069 minime
2617 4011 2826 4068 facile...

1901 4104 2096 4160 Euseb.
2127 4134 2196 4145 —
2220 4102 2431 4175 Lingua
2468 4119 2704 4174 nequam
2741 4103 3001 4167 hominis,
3034 4104 3193 4160 ruina
3229 4104 3406 4176 ipsius

1833 4208 1941 4255 est.
1974 4196 2326 4266 Rursumque
2351 4196 2518 4250 David
2562 4213 2576 4249 :
2617 4195 2825 4264 Lingua
2862 4206 2954 4249 tua
2985 4198 3122 4251 sicut
3149 4200 3407 4253 novacula

1834 4292 2007 4363 fecisti
2036 4291 2216 4344 dolum
2242 4286 2417 4357 (Psal.
2454 4304 2531 4350 LI,
2556 4290 2633 4357 4).
2672 4290 2737 4343 Ει
2793 4289 2994 4345 iterum
3024 4308 3037 4345 :
3071 4288 3215 4356 Quid
3252 4292 3408 4346 detur

1835 4384 1949 4449 tibi,
1985 4393 2076 4437 aut
2106 4383 2232 4453 quid
2264 4391 2559 4449 apponatur
2608 4380 2702 4434 tibi
2739 4382 2808 4435 ad
2842 4383 3075 4451 linguam
3108 4382 3349 4441 dolosam
3380 4386 3406 4439 2’

1834 4473 2012 4546 (Psal.
2041 4488 2189 4537 cstx,
2211 4474 2290 4539 5.)
2316 4471 2379 4525 Et
2409 4473 2463 4526 in
2494 4473 2602 4525 alio
2626 4471 2747 4526 loco
2773 4491 2786 4527 :
2816 4471 2977 4534 Deus,
3002 4472 3214 4528 laudem
3234 4490 3406 4527 meam

170 4566 255 4620 ὅτι
289 4566 485 4635 στόμα
516 4562 887 4634 άμαρτωλοῦ,
915 4562 1013 4616 καὶ
1042 4562 1237 4631 στόμα
1272 4562 1479 4617 δολίου
1506 4565 1597 4617 ἐπ’
1624 4564 1730 4634 ἐμὲ
1757 4565 1805 4626 D

1757 4565 1805 4626 D
1833 4582 1894 4619 ne
1922 4565 2170 4628 tacueris,
2201 4564 2325 4633 quia
2348 4578 2404 4615 os
2434 4562 2727 4630 peccatoris
2758 4573 2804 4616 et
2845 4578 2901 4615 os
2928 4560 3100 4615 dolosi
3134 4578 3293 4631 super
3324 4579 3404 4617 me

168 4655 438 4723 ἠνοίχθη.
463 4655 572 4708 Καὶ
605 4653 765 4707 πάλιν
784 4668 801 4685 ’
844 4653 1186 4718 Ἠκόνησαν
1210 4654 1501 4721 γλῶσσαν
1532 4654 1729 4709 αὐτῶν

166 4746 309 4799 ὡσεὶ
336 4746 553 4816 ὄφεως·
587 4746 674 4812 ίὸς
713 4744 985 4799 ἀσπίδων
1022 4745 1141 4799 ὑπὸ
1187 4747 1258 4799 τὰ
1297 4747 1469 4813 χείλη
1508 4746 1724 4801 αὐτῶν.

168 4836 268 4889 Τὸν
300 4835 421 4903 ὅφιν
445 4836 664 4905 λέγεται
689 4834 859 4888 δεινὸν
900 4833 1042 4903 ἔχειν
1070 4834 1129 4885 τὸ
1164 4836 1387 4905 κέντρον
1423 4837 1520 4905 τῆς
1556 4837 1729 4904 γλώσ.

171 4945 266 4998 σης
292 4928 478 4993 αὐτοῦ,
503 4927 616 4981 ἀλλ’
645 4928 745 4980 οὐκ
783 4927 898 4979 ἐστι
926 4926 1221 4995 δεινότερον
1250 4925 1499 4997 γλώσσης
1520 4927 1729 4996 ἀνθρώ-

173 5038 271 5077 που
337 5021 534 5090 κακῆς.
581 5020 809 5087 Λέγεται
852 5016 945 5070 καὶ
991 5016 1165 5086 σαῦρα
1212 5016 1417 5086 χλωρά,
1470 5016 1582 5069 ἀλλ’
1626 5018 1727 5071 οὐκ

173 5114 285 5165 ἔστι
332 5112 645 5181 χλωροτέρα
685 5109 779 5162 τοῦ
811 5108 1073 5180 φλυάρου.
1114 5108 1382 5177 Σκορπίου
1427 5108 1609 5177 δῆγμα
1640 5107 1729 5159 θε-

176 5203 490 5273 ραπεύεται,
512 5203 666 5270 λόγος
704 5201 763 5253 δὲ
795 5199 963 5262 κακὸς
993 5200 1343 5269 ἐξερχόμενος
1370 5202 1434 5253 ἐκ
1466 5201 1728 5269 στόματος

173 5294 410 5364 φλυάρον
444 5294 671 5362 πλήσσει
716 5292 807 5345 τὸν
854 5291 1082 5362 πλησίον
1125 5289 1306 5343 αὑτοῦ.
1339 5291 1512 5358 Φλόγα
1562 5289 1729 5361 πυρὸς

173 5384 557 5441 κατασϐεννύει
580 5384 744 5457 ῦδωρ,
768 5384 1017 5453 γλῶσσαν
1053 5382 1109 5435 δὲ
1153 5382 1325 5451 κακὴν
1347 5383 1520 5446 οὐδεὶς
1550 5400 1731 5435 κατα-

175 5481 421 5550 πραΰνει.
464 5480 659 5532 Ἵππον
710 5476 1181 5549 σκληροτράχηλον
1211 5475 1439 5546 δαμάζει
1480 5474 1727 5545 χαλινὸς,

173 5573 420 5640 γλῶσσαν
462 5572 520 5624 δὲ
566 5571 742 5643 κακὴν
778 5571 952 5632 οὐδεὶς
983 5569 1203 5623 δύναται
1245 5568 1502 5638 δαμάσαι.
1530 5567 1729 5636 Θηρίον

175 5666 361 5734 ἄγριον
422 5664 661 5733 εὐχερῶς
715 5662 1038 5734 ἡμεροῦται,
1094 5663 1313 5731 γλῶσσα
1366 5662 1421 5714 δὲ
1475 5660 1619 5730 κακὴ
1667 5661 1729 5713 οὐ

180 5759 492 5827 πραΰνεται.
518 5757 631 5808 Οὐκ
665 5754 812 5808 ἐστιν
850 5756 909 5809 ἐν
940 5752 1018 5822 τῷ
1049 5754 1235 5823 κόσμῳ
1272 5754 1451 5824 χεῖρον
1481 5750 1730 5821 γλώσσης

180 5850 369 5920 κικῆς,
426 5847 721 5922 Συγκρούει
770 5847 926 5902 πόσιν
983 5845 1117 5918 πρὸς
1170 5845 1349 5913 πόσιν,
1394 5843 1569 5899 οἰκίαν
1595 5841 1731 5910 πρὸς

1832 4668 2067 4724 apertum
2095 4664 2173 4709 est
2224 4653 2395 4722 (Psal.
2436 4667 2593 4714 cvttt,
2640 4652 2735 4723 2).
2794 4654 2862 4707 Ει
2908 4653 3038 4707 alibi
3080 4671 3094 4707 :
3132 4655 3403 4707 Acuerunt

1832 4750 2039 4816 linguas
2067 4764 2194 4802 suas
2244 4749 2381 4801 sicut
2428 4746 2705 4812 serpentis,
2738 4761 2988 4799 venenum
3029 4746 3276 4813 aspidum
3306 4746 3402 4800 sub

1832 4842 1986 4895 labiis
2017 4857 2200 4895 eorum
2253 4838 2427 4909 (Psal.
2484 4854 2724 4904 cunx,
2764 4839 2855 4903 4).
2918 4839 3202 4906 Serpentis
3249 4838 3404 4892 aiunt

1832 4942 2070 4987 atrocem
2124 4934 2323 5002 lingua:
2372 4931 2625 4985 aculeum
2668 4945 2840 4985 esse:
2894 4946 3083 4983 verum
3127 4929 3261 4982 nihil
3310 4930 3403 4983 ille

1830 5027 2065 5081 atrocior
2106 5034 2191 5080 est
2245 5025 2385 5078 mala
2439 5023 2682 5077 hominis
2733 5024 2938 5093 lingua.
2987 5022 3199 5075 Dicitur
3233 5023 3402 5075 etiam

1830 5123 2033 5174 lacerta
2060 5117 2306 5179 decolor,
2338 5116 2434 5172 sed
2478 5132 2543 5170 ea
2574 5117 2799 5170 decolor
2833 5116 3007 5183 magis
3042 5130 3150 5167 non
3183 5124 3268 5169 est
3300 5115 3403 5167 ho-

1831 5212 1977 5267 mine
2032 5212 2215 5280 inepte
2272 5208 2513 5278 loquaci.
2558 5208 2774 5277 Scorpii
2828 5222 3050 5262 morsus
3101 5207 3401 5262 remedium

1831 5303 2071 5357 admittit
2104 5320 2118 5355 :
2156 5311 2213 5357 at
2247 5316 2429 5356 sermo
2461 5301 2642 5355 malus
2689 5315 2757 5354 ex
2803 5300 3085 5370 nugatoris
3122 5313 3217 5353 ore
3248 5314 3400 5368 egre-

1830 5394 2005 5457 diens,
2041 5392 2442 5447 immedicabile
2469 5392 2667 5445 vulnus
2698 5390 2946 5460 proximo
2975 5386 3194 5458 inﬂigit.
3227 5386 3396 5441 Flam-

1831 5501 1916 5541 ma
1966 5485 2108 5555 ignis
2150 5500 2293 5555 aqua
2324 5484 2697 5551 exstinguitur
2727 5501 2742 5538 :
2776 5482 2914 5537 nihil
2944 5489 3127 5536 autem
3158 5481 3395 5548 linguam

1832 5576 2135 5645 improbam
2178 5574 2412 5643 mitigat.
2450 5572 2663 5643 Equum
2700 5573 2913 5627 duriori
2944 5572 3159 5627 cervice
3186 5570 3393 5625 frenum

1831 5666 2017 5722 domat
2049 5688 2059 5719 ;
2094 5665 2337 5734 linguam
2383 5678 2514 5718 vero
2562 5677 2785 5733 pravam
2825 5661 3053 5715 domare
3090 5659 3273 5714 nullus
3305 5674 3391 5729 po.

1831 5768 1959 5814 test.
1991 5756 2330 5814 Truculenta
2371 5756 2489 5813 fera
2530 5754 2676 5810 lacili
2722 5756 2945 5826 negotio
2978 5753 3260 5807 cicuratur
3295 5769 3309 5805 :
3343 5758 3396 5802 at

1832 5848 2029 5905 malam
2073 5848 2313 5915 linguam
2364 5846 2537 5905 lenire
2586 5845 2932 5905 impossibile
2975 5852 3083 5899 est.
3133 5840 3284 5897 Nihil
3340 5840 3394 5894 in
