4210 6448
107 426 231 493 1349

1345 422 1584 482 SACRA
1622 422 2087 482 PARALLELA.

3205 415 3343 483 1350

101 543 219 596 οετὲ
252 557 364 612 μοι,
419 539 455 611 ἦ
515 540 666 603 ποῖος
710 537 870 601 τόπος
907 536 1005 609 τῆς
1058 536 1456 599 καταπαύσεώς
1516 554 1616 606 μου
1645 552 1661 601 ς
1693 543 1738 600 Δ

1693 543 1738 600 Α
1771 535 1948 601 Quam
1980 535 2204 588 domum
2237 531 2586 587 mdiﬂeabitis
2618 530 2776 597 mihi,
2821 539 2876 586 et
2919 531 3044 602 quis
3078 532 3232 588 locus
3264 551 3343 588 re-

104 635 280 686 Πάντα
314 632 426 703 γὰρ
457 631 632 687 ταῦτα
680 629 933 701 ἐποίησεν
978 632 1011 699 ή
1061 627 1180 699 χείρ
1228 645 1352 699 μου,
1395 627 1491 680 καὶ
1521 627 1667 680 ἐστιν

101 725 206 797 ἐμὰ
228 723 404 777 ταῦτα
439 724 641 786 πάντα,
672 722 821 790 λέγει
849 719 1074 791 Κύριος.
1115 738 1134 771 ι

169 835 193 872 ο
232 816 292 868 '0
322 816 741 886 λυτρωσάμενος
790 814 984 876 αὐτοὺς
1025 811 1262 884 ἰσχυρὸς,
1290 809 1495 881 Κύριος
1526 824 1668 864 παν-

99 909 379 980 τοκράτωρ
399 909 573 977 ὄνομα
598 903 764 975 αύτῷ.
805 922 823 955 ι

172 1021 190 1053 ι
232 1001 442 1062 Πάντες
477 1000 527 1052 οί
568 995 952 1057 κατοικοῦντες
983 995 1080 1066 τὴν
1109 994 1237 1064 γῆν,
1273 994 1348 1056 ὠς
1369 995 1526 1051 οὐθὲν
1553 995 1670 1050 ὲλο-

100 1095 384 1163 γίσθησαν,
421 1092 520 1144 καὶ
560 1091 660 1144 οὐκ
701 1089 846 1142 ἐστιν
893 1087 952 1152 ὃς
1004 1090 1356 1159 ἐπιστήσεται
1405 1093 1473 1160 τῇ
1526 1089 1669 1162 χειρὶ

99 1186 281 1250 αὑτοῦ,
315 1184 415 1237 καὶ
443 1185 579 1250 ἐρεῖ,
608 1182 673 1237 Τί
703 1182 997 1254 ὲποίησας;
1041 1198 1060 1232 ι

171 1297 188 1327 ι
231 1276 304 1326 Τὸ
328 1275 582 1344 μεγάλως
616 1271 818 1342 ἰσχύειν
863 1271 1096 1342 πάρεστί
1141 1289 1224 1325 σοι
1279 1272 1531 1338 πάντοτε,
1573 1272 1668 1327 καὶ

100 1368 286 1438 κράτει
325 1364 616 1436 βραχίονός
669 1381 764 1417 σου
807 1363 893 1426 τίς
924 1364 1342 1433 ἀντιστήσεται;
1395 1363 1484 1428 Ὠς
1525 1365 1666 1437 ῥοπὴ

99 1461 159 1510 ὲκ
185 1457 537 1525 πλαστίγγων
565 1456 682 1519 ὅλος
720 1457 749 1507 ὁ
784 1454 988 1524 κόσμος
1020 1455 1263 1508 ἐναντίον
1302 1472 1417 1510 σου.
1469 1457 1668 1521 Ἐλεεῖς

97 1551 152 1602 δὲ
183 1553 414 1616 πάντας,
444 1551 527 1601 ὅτι
556 1549 735 1601 πάντα
761 1546 1008 1602 δύνασαι,
1049 1566 1068 1598 ι

169 1754 187 1786 ι
238 1735 304 1786 Ἥ
338 1733 498 1804 ίσχυς
533 1748 628 1785 σου
658 1730 1004 1801 δικαιοσύνης
1041 1732 1205 1803 ἀρχὴ,
1240 1733 1337 1786 καὶ
1365 1732 1427 1787 τὸ
1450 1733 1669 1791 πάντων

102 1845 159 1878 σε
187 1826 493 1890 δεσπόζειν,
523 1825 741 1878 πάντων
774 1823 1051 1892 φείδεσθαί
1081 1841 1141 1878 σε
1170 1827 1330 1879 ποιεῖ.
1373 1844 1394 1878 ι

165 2022 185 2054 ι
221 2004 347 2067 Τοῖς
375 2004 658 2075 κραταιοῖς
685 2001 880 2073 ἰσχυρὰ
910 2003 1198 2072 ἐφίσταται
1221 2003 1435 2074 ἔρευνα.
1465 2035 1536 2048 -—
1560 2004 1673 2078 Τὴν

104 2095 197 2166 σὴν
229 2098 390 2168 χεῖρα
418 2097 680 2164 ἐκφυγεῖν
717 2094 995 2148 ἀδύνατον.
1034 2111 1052 2145 ι

171 2291 190 2323 ι
229 2273 325 2337 Τίς
352 2274 472 2344 ἐρεῖ
504 2291 608 2338 σοι,
640 2274 706 2327 Τί
750 2273 1010 2346 ἐποίησας
1036 2294 1050 2343 ;
1081 2277 1114 2348 ἢ
1165 2277 1248 2341 τίς
1291 2278 1672 2350 ἀντιστήσεται

102 2365 176 2434 τῷ
207 2365 436 2435 κρίματι
466 2383 595 2428 σου;
629 2384 646 2415 ι

176 2475 192 2507 ι
231 2457 469 2524 Φοόερὸς
516 2457 740 2527 Κύριος,
782 2456 874 2510 καὶ
909 2457 1115 2529 σφόδρα
1161 2458 1354 2529 μέγας,
1395 2460 1490 2516 καὶ
1538 2461 1671 2516 θαυ-

107 2550 335 2620 μαστὴή
365 2548 658 2602 δυναστεία
688 2549 874 2602 αὑτοῦ.
907 2568 926 2602 ο

182 2727 238 2778 ὐ
269 2726 454 2796 φέρων
485 2725 553 2780 τὰ
599 2726 776 2780 πάντα
807 2727 1011 2799 ῥήματι
1038 2729 1138 2800 τῆς
1163 2715 1451 2800 δυνάμεως
1475 2730 1670 2797 αὑτοῦ,

106 2819 193 2870 καὶ
244 2819 321 2889 μὴ
362 2819 694 2888 σωματικῶς
728 2821 988 2890 ἐνεργῶν,
1040 2822 1176 2892 μηδὲ
1217 2823 1563 2894 χειρουργίας
1594 2823 1675 2886 είς

105 2909 199 2980 τὴν
275 2909 638 2980 δημιουργίαν
711 2911 1078 2981 ὲπιδεὸμενος,
1148 2913 1283 2967 ἀλλὰ
1371 2914 1673 2986 βουλήματι

107 3000 348 3072 ἁδιὰστῳ
388 3000 788 3054 ἀκολουθοῦσαν
822 3000 961 3071 ἔχων
1001 3002 1099 3075 τὴν
1147 3003 1310 3074 φύσιν
1356 3006 1466 3058 τῶν
1521 3023 1673 3074 γινο-

111 3093 297 3161 μένων.
339 3093 616 3147 --”Οπου
673 3094 802 3158 Θεὸς
851 3094 1119 3164 βούλεται,
1176 3100 1393 3152 νικᾶται
1459 3099 1675 3168 φύσεως

107 3184 272 3251 τάξις.
317 3183 625 3255 Ἢὸουλήθη
654 3185 783 3256 γὰρ,
819 3189 910 3240 κα)⁸
937 3188 1173 3260 ἠδυνήθη

177 3359 401 3423 Φύσεως
432 3361 695 3430 κρείττων
734 3364 763 3416 ὁ
787 3363 940 3426 Θεὸς,
977 3365 1070 3417 καὶ
1103 3366 1235 3436 παρ’
1273 3364 1438 3419 αὐτοῦ
1489 3366 1550 3419 τὸ
1587 3367 1676 3420 θέ-

110 3451 236 3519 λειν,
265 3455 345 3507 ὅτι
375 3454 575 3522 ἁγαθός
599 3458 737 3522 ἐστι,
767 3458 863 3510 καὶ
901 3458 962 3510 τὸ
997 3457 1282 3522 δύνασθαι,
1313 3460 1394 3512 ὃτι
1426 3460 1670 3527 δυνατὸς,

112 3547 200 3600 καὶ
229 3547 287 3600 τὸ
318 3547 630 3600 ἐπιτελέσαι
653 3548 734 3600 ὅτι
764 3547 1012 3620 εὔπορος.
1041 3581 1110 3591 —
1135 3550 1294 3619 Λέγω
1322 3551 1471 3620 ὑμῖν,
1503 3552 1584 3604 ὅτι
1611 3553 1675 3604 ἐκ

111 3637 214 3689 τῶν
239 3637 404 3690 λίθων
430 3636 657 3700 τούτων,
703 3640 949 3692 τουτέστι
999 3639 1107 3692 τῶν
1152 3640 1519 3712 λατρευόντων
1561 3644 1674 3705 τοῖς

113 3727 292 3795 λίθοις,
323 3728 550 3783 δύναται
587 3730 615 3781 ὁ
652 3729 785 3792 Θεὸς
813 3732 1020 3802 ἐγεῖραι
1074 3731 1242 3784 τέκνα
1285 3731 1364 3802 τῷ
1400 3731 1672 3802 Ἀϐραάμ.

116 3936 285 3990 ΤΙΤΛ.
326 3934 404 3989 B’.
437 3935 577 4003 Περὶ
608 3935 991 4005 δημιουργίας
1012 3936 1192 3990 Θεοῦ·
1227 3936 1327 3991 καί
1367 3937 1456 3991 ὅτι
1494 3937 1676 3992 οὐδὲν

505 4005 636 4074 εικῆ
663 4006 870 4076 ferare
899 4007 1034 4074 παρ’
1061 4007 1268 4062 αὑτοῦ.

187 4117 206 4150 ι
238 4097 392 4154 Είδεν
428 4100 458 4152 ὁ
481 4097 614 4162 Θεὸς
667 4097 737 4151 τὰ
789 4097 968 4152 πάντα
1015 4099 1116 4152 ὅσα
1166 4099 1413 4170 ἐποίησε,
1443 4099 1536 4154 καὶ
1568 4101 1676 4155 ίδοὺ

116 4190 248 4243 καλὰ
276 4191 419 4244 λίαν.
465 4209 482 4241 i

184 4299 202 4333 ι
237 4282 316 4353 Σή
339 4283 486 4334 ἐστιν
521 4282 553 4352 ὴ
589 4280 789 4352 ἡμέρα,
819 4281 913 4334 καὶ
952 4282 1016 4351 σή
1039 4281 1186 4335 ἐστιν
1215 4281 1249 4354 ή
1275 4281 1373 4348 νύξ
1395 4298 1409 4312 ·
1444 4283 1510 4336 σὺ
1543 4300 1678 4337 κατ-

118 4374 343 4442 ήρτισας
404 4372 603 4442 φαῦσιν
636 4374 729 4426 καὶ
757 4373 940 4444 ήλιονο
992 4373 1056 4426 σὺ
1104 4373 1365 4444 ἐποίησας
1396 4373 1570 4428 πάντα
1607 4374 1678 4429 τὰ

117 4465 230 4534 ὅρια
256 4465 360 4533 τῆς
385 4465 506 4534 γῆς.
543 4484 562 4516 ι
616 4483 620 4486 '

1769 626 2071 696 quiet‘ionis
2100 624 2276 680 meai?
2307 625 2500 678 Omnia
2550 623 2697 677 enim
2729 623 2861 678 fecit
2887 638 3088 679 manus
3117 637 3260 689 mea,
3286 633 3343 679 et

1768 719 1952 774 omnia
1985 718 2100 772 haec
2126 732 2244 772 mea
2281 725 2434 782 sunt,
2459 715 2609 771 dicit-
2628 714 2915 771 Dominus.
2952 735 2971 768 ι

1835 810 2031 865 larem.
2066 827 2118 876 ι..
2154 810 2344 864 54.-ι
2375 808 2707 878 Redemptor
2739 824 2929 863 eorum
2947 807 3130 874 fortis,
3157 805 3345 862 Domi-

1768 919 1874 959 nus
1899 902 2240 958 exercituum
2269 917 2468 955 nomen
2499 902 2641 970 ejus.
2683 920 2700 952 ι

1836 992 1979 1048 Dan.
2011 1007 2085 1058 Iv,
2115 991 2204 1044 52.
2243 1019 2310 1029 -
2345 1008 2363 1040 ι
2400 991 2604 1046 Omnes
2636 989 2977 1044 habitatores
3004 1002 3164 1045 terrae
3195 989 3341 1060 apud

1765 1101 1892 1142 eum
1944 1088 1999 1138 in
2047 1083 2283 1137 nihilum
2317 1082 2552 1150 reputati
2590 1091 2754 1149 sunt;
2784 1093 2839 1136 et
2867 1099 2974 1135 non
3009 1093 3093 1136 est
3121 1083 3214 1152 qui
3257 1098 3344 1136 re-

1767 1179 1929 1234 sistat
1952 1178 2138 1232 manui
2169 1176 2364 1246 ipsius,
2394 1183 2450 1230 et
2477 1173 2628 1228 dicat
2662 1177 2710 1229 ei
2745 1194 2759 1230 :
2787 1175 2927 1241 Quid
2955 1175 3175 1229 fecisti?
3202 1195 3219 1226 ι

1839 1267 1966 1338 Sap.
1999 1285 2075 1332 ιι,
2109 1267 2200 1321 29..
2223 1285 2330 1317 -ι
2363 1265 2595 1320 Multum
2625 1266 2806 1320 valere
2834 1265 2932 1320 tibi
2959 1266 3062 1320 soli
3092 1279 3345 1336 superest

1767 1375 1982 1431 semper
2013 1378 2027 1416 :
2059 1368 2114 1415 et
2147 1360 2333 1413 virtuti
2364 1359 2575 1413 brachii
2618 1359 2696 1413 tui
2729 1359 2852 1426 quis
2884 1359 3152 1414 resistet?
3200 1357 3345 1412 Tan.

1766 1467 1930 1522 quam
1968 1459 2299 1505 momentum
2354 1458 2593 1514 statera,
2649 1451 2730 1506 sic
2768 1459 2853 1505 est
2910 1461 3036 1504 ante
3091 1459 3143 1505 te
3193 1452 3346 1503 orbis

1767 1552 2060 1598 terrarum.
2105 1542 2380 1598 Misereris
2408 1550 2593 1596 autem
2633 1543 2903 1606 omnium,
2937 1542 3199 1612 quoniam
3226 1558 3345 1596 om-

1767 1635 1856 1690 nia
1887 1648 2062 1704 poIes.
2096 1655 2114 1685 ι

1836 1726 1965 1795 Sap.
2007 1743 2105 1789 xu,
2157 1726 2245 1779 16.
2278 1756 2348 1766 —
2389 1744 2407 1776 ι
2448 1723 2639 1779 Virtus
2679 1733 2795 1792 tua,
2840 1724 3069 1794 iustitia:
3129 1725 3346 1778 initium

1767 1826 1871 1878 est,
1899 1824 1954 1872 et
1991 1816 2138 1884 quod
2161 1817 2405 1870 omnium
2434 1815 2691 1870 dominus
2721 1815 2817 1881 sis,
2847 1824 2899 1869 te
2923 1831 3149 1885 parcere
3173 1817 3342 1869 omni-

1695 1895 1744 1956 Β
1770 1908 1873 1962 bus
1907 1908 2054 1960 facit.
2095 1927 2113 1959 ι

1845 1997 1975 2066 Sap.
2011 2017 2085 2061 vi,
2118 1998 2186 2060 9;
2223 2016 2335 2064 xvr,
2357 2000 2442 2053 15.
2473 2030 2537 2039 -—-
2579 2017 2597 2050 ι
2629 1996 2954 2052 Potentibus
2986 1996 3145 2052 fortis
3177 1997 3347 2051 instat

1773 2093 2129 2145 examinatio.
2159 2122 2226 2132 —-
2278 2091 2497 2146 Manum
2542 2099 2691 2144 tuam
2733 2089 2974 2159 effugere
3005 2087 3349 2158 impossibile

1773 2191 1877 2238 est.
1911 2201 1929 2234 ι

1845 2271 1975 2341 Sap.
2001 2288 2097 2335 xu,
2133 2271 2221 2326 19.
2257 2304 2327 2314 —-
2360 2292 2377 2324 ι
2414 2272 2548 2339 Quis
2586 2274 2730 2328 dicet
2753 2273 2848 2326 tibi
2881 2291 2895 2327 :
2926 2272 3070 2338 Quid
3127 2273 3350 2328 fecisti?

1775 2371 1869 2418 aut
1895 2365 2018 2432 quis
2047 2364 2212 2418 stabit
2247 2375 2438 2418 contra
2465 2365 2732 2434 judicium
2764 2365 2957 2419 tuum?
2998 2384 3017 2416 ι

1846 2455 2015 2510 Eccli.
2068 2472 2221 2522 XLIII,
2271 2459 2359 2512 '51.
2411 2488 2479 2499 —
2540 2476 2558 2508 ι
2597 2456 2884 2511 Terribilis
2954 2457 3240 2521 Dominus,
3297 2468 3351 2510 et

1777 2562 2007 2616 magnus
2085 2548 2481 2614 vehementer,
2561 2555 2616 2602 et
2684 2547 3032 2603 admirabilis
3107 2550 3349 2619 potentia

1776 2641 1970 2711 ipsius.
2021 2659 2038 2692 ι

1846 2731 2019 2786 Basil.
2051 2731 2115 2785 de
2138 2729 2326 2800 Spirit.
2369 2729 2430 2785 S.
2461 2747 2580 2800 cap.
2607 2730 2659 2784 8.
2697 2760 2767 2771 —
2800 2730 2904 2796 Qui
2946 2739 3127 2801 portat
3165 2731 3350 2785 omnia

1773 2824 1944 2880 verbo
1983 2825 2199 2880 virtutis
2231 2839 2366 2887 suae,
2399 2840 2501 2879 nec
2549 2838 2844 2892 corporum
2887 2839 3039 2878 more
3068 2833 3348 2892 operatur,

1776 2932 1877 2970 nec
1943 2930 2207 2970 manuum
2272 2929 2438 2984 Opera
2511 2914 2581 2968 ad
2654 2931 2836 2970 rerum
2918 2917 3350 2985 procreationem

1776 3024 1914 3077 Opus
1949 3008 2126 3066 liabet
2154 3025 2168 3072 ;
2201 3006 2294 3060 sed
2349 3014 2648 3075 spontanea
2681 3008 2960 3061 voluntate
3012 3008 3354 3076 subsequen-

1778 3109 1886 3153 tem
1925 3097 2089 3152 habet
2121 3112 2304 3150 reIum
2351 3111 2472 3166 qua:
2518 3095 2653 3149 ﬁunt
2683 3107 2957 3150 naturam.
2978 3128 3048 3139 --
3078 3095 3179 3150 Ubi
3210 3096 3354 3151 Deus

1778 3191 1915 3254 vult,
1949 3189 2082 3242 ordo
2117 3196 2316 3242 natura
2344 3186 2822 3257 superatur.Quod
2852 3189 2998 3242 enim
3022 3188 3217 3253 voluit,
3250 3187 3354 3241 hoc

1779 3280 1982 3349 potuit.

1847 3371 1994 3424 lren.
2029 3370 2121 3423 lib.
2152 3386 2213 3433 ιι,
2245 3385 2294 3424 c.
2323 3370 2411 3424 5|.
2432 3399 2502 3409 -—
2525 3367 2669 3423 Deus
2721 3377 2917 3422 natura
2956 3368 3226 3422 valentior
3273 3377 3355 3421 est

1777 3468 1941 3530 atque
1962 3460 2104 3528 apud
2137 3475 2260 3513 eum
2289 3467 2372 3513 est
2398 3459 2556 3524 velle,
2581 3459 2708 3527 quia
2742 3458 2919 3511 bonus
2938 3466 3058 3524 est;
3086 3468 3139 3510 et
3169 3473 3352 3526 posse,

1777 3554 1908 3623 quia
1941 3561 2137 3622 potens
2166 3559 2289 3618 est;
2316 3561 2369 3604 et
2401 3553 2689 3621 perlicere,
2720 3551 2845 3620 quia
2875 3550 3058 3603 omnia
3087 3551 3137 3604 ei
3170 3548 3354 3604 facilia

1777 3653 1926 3700 sunt.
1958 3675 2026 3685 —-
2050 3644 2180 3698 Dico
2228 3643 2406 3705 vobis.
2456 3645 2581 3712 quia
2610 3658 2675 3697 ex
2713 3642 3011 3711 lapidibus,
3043 3642 3146 3695 hoc
3172 3653 3257 3697 est
3287 3658 3352 3696 cx

1778 3736 1846 3790 iis
1877 3737 1969 3807 qui
2008 3736 2218 3806 lapides
2263 3735 2472 3797 colunt,
2520 3743 2700 3804 potest
2730 3733 2873 3788 Deus
2906 3735 3180 3789 suscitare
3214 3734 3356 3790 ﬁlios

1778 3828 2029 3883 Abrahae.

1781 3940 1917 3997 TlT.
1950 3941 2011 3997 II.
2038 3971 2108 3980 —
2147 3938 2312 4012 424
2349 3938 2423 4012 De
2469 3939 2736 4012 creatione
2771 3949 2820 3992 et
2859 3939 3071 4012 opiﬁcjo
3108 3938 3204 3994 Dei
3241 3955 3260 3994 :
3305 3949 3356 3994 et

2034 4010 2335 4079 quod—nihil
2366 4011 2572 4078 {rustra
2606 4010 2804 4078 factum
2829 4010 2897 4062 sit
2934 4027 2965 4062 a
2994 4010 3124 4064 Deo.

1850 4102 1977 4158 Gen.
2018 4119 2056 4164 ι,
2080 4103 2170 4158 51.
2197 4133 2267 4143 -
2307 4119 2325 4151 ι
2373 4099 2520 4154 Vidit
2553 4099 2696 4156 Deus
2743 4111 2942 4154 cuncta
2972 4116 3095 4172 quae
3124 4099 3352 4166 fecerat,

1778 4203 1833 4252 et
1854 4211 1980 4252 ecce
2010 4197 2166 4251 valde
2193 4197 2354 4250 bona.
2391 4214 2410 4246 ι

1850 4288 1999 4343 Psal.
2040 4304 2232 4353 Lxxni,
2272 4287 2359 4342 16.
2394 4321 2461 4330 —
2498 4307 2516 4338 ι
2559 4285 2712 4341 Tuus
2749 4296 2833 4341 est
2875 4286 3016 4349 dies,
3049 4295 3105 4340 et
3148 4296 3239 4339 tua
3270 4293 3357 4339 est

1778 4399 1888 4439 nu
1918 4401 1930 4437 :
1966 4391 2022 4435 tu
2062 4382 2358 4436 fabricatus
2387 4396 2448 4435 es
2479 4393 2736 4432 auroram
2760 4388 2813 4433 et
2844 4378 3013 4432 solem
3045 4395 3058 4430 :
3096 4386 3151 4430 tu
3177 4375 3355 4432 fecisti

1778 4490 1968 4530 omnes
1991 4474 2258 4528 terminos
2299 4480 2482 4526 terrae.
2519 4489 2537 4520 ι

189 4575 206 4608 ι
240 4557 332 4610 Σοί
368 4557 504 4608 εἰσιν
535 4556 583 4608 oi
619 4555 859 4625 οὐρανοὶ,
911 4559 1005 4610 καὶ
1055 4557 1121 4628 σή
1168 4557 1316 4611 ἐστιν
1349 4559 1383 4627 ἠ
1424 4559 1494 4629 γῆ
1522 4575 1538 4591 ο
1578 4559 1677 4630 τὴν
1708 4573 1754 4630 Ῑ)

1708 4573 1754 4630 Ῑ)
1853 4564 2002 4620 Ρωί.
2031 4579 2292 4628 Lxuvm,
2346 4562 2452 4627 12;
2499 4576 2640 4627 χειν,
2667 4561 2719 4614 5.
2749 4591 2818 4602 —-
2851 4577 2869 4611 ι
2906 4557 3010 4613 Tui
3043 4568 3174 4614 sunt
3205 4561 3352 4625 coeli,

119 4648 459 4718 οἰκουμένην,
494 4647 586 4699 καὶ
628 4647 688 4700 τὸ
750 4648 1020 4728 πλήρωμα
1063 4648 1234 4718 αὐτῆς
1273 4649 1336 4701 σὺ
1379 4649 1672 4719 ἐθεμελίωι

123 4756 233 4804 σας.
268 4769 326 4778 -
351 4735 523 4792 Αὑτοῦ
545 4739 690 4790 ἐστιν
718 4739 751 4807 ή
785 4738 1050 4800 θάλασσα,
1088 4740 1181 4792 καὶ
1219 4739 1381 4802 αὐτὸς
1419 4739 1676 4812 ἐποίησεν

121 4836 303 4905 αὑτήν.
341 4853 360 4885 ι

191 4947 207 4977 ι
263 4930 349 4990 Ὡς
376 4927 718 4996 ὲμεγαλύνθη
754 4926 820 4979 τὰ
864 4927 1000 4997 ἔργα
1031 4943 1147 4992 σον,
1178 4925 1379 4996 Κύριεῑ
1413 4926 1589 4980 πάντα
1618 4927 1677 4980 ἐν

127 5022 279 5090 σοφία
310 5021 587 5088 ἐποίησας.
625 5037 643 5069 ι

195 5133 212 5165 ι
262 5111 401 5180 Ἐγὼ
430 5112 631 5182 Κύριος
670 5112 699 5162 ὁ
731 5108 878 5170 Θεὸς,
918 5110 945 5159 ὁ
970 5110 1381 5172 κατασκευάσας
1415 5108 1549 5179 φῶς,
1580 5109 1671 5163 κα“

125 5209 350 5277 ποιήσας
391 5204 600 5266 σκότος.
641 5200 782 5268 Ἐγὼ
825 5199 1052 5269 ἐποίησα
1102 5200 1203 5268 γῆν
1247 5201 1342 5252 καὶ
1393 5202 1669 5271 ἄνθρωποι

125 5300 204 5352 ἐπ’
248 5299 434 5369 αὐτῆς.
475 5296 617 5365 Ἐγὼ
644 5298 712 5365 τῇ
743 5292 884 5364 χειρί
935 5293 1376 5362 μουιὲστερέωσα
1403 5292 1490 5345 τὸν
1514 5293 1647 5363 οὐρα

125 5389 222 5442 νόν.
251 5408 268 5439 ι

192 5503 209 5533 ‹
247 5483 468 5552 Πνεῦμα
522 5482 648 5550 παρ’
691 5480 824 5550 ἐμοῦ
858 5479 1218 5546 ἐξελεύσεται,
1251 5475 1346 5529 καὶ
1373 5478 1537 5546 πνοὴν
1570 5476 1675 5529 πᾶ-

125 5593 215 5630 σαν
248 5575 357 5642 ἐγὼ
381 5574 631 5644 ἐποίησα.
674 5592 698 5624 ν

190 5689 206 5720 ι
250 5668 452 5738 Κύριος
487 5670 514 5720 ὁ
545 5665 715 5718 ποιῶν
747 5667 848 5736 γῆν
882 5666 939 5718 ὲν
966 5666 1032 5734 τῇ
1067 5659 1212 5731 ίσχύῖ
1241 5658 1429 5721 αὐτοῦ,
1458 5657 1677 5725 ἑτοιμά-

123 5759 224 5821 ζων
256 5761 352 5828 τὴν
383 5760 706 5830 οἱκούμενην
737 5760 796 5813 ἐν
834 5761 898 5828 τῇ
938 5756 1097 5828 σοφίᾳ
1129 5754 1315 5820 αὐτου,
1367 5751 1459 5806 καὶ
1510 5752 1568 5803 ὲν
1609 5755 1676 5821 τῇ

126 5855 330 5907 τ’)νὲσει
366 5854 529 5908 αὐτοῦ
573 5853 806 5921 ἐξέτεινε
856 5852 944 5906 τὸν
993 5849 1240 5920 οὐρανὸν,
1296 5845 1676 5926 καὶ-ἀνήγαγε

1777 4663 1833 4710 et
1867 4664 1957 4710 tua
1983 4666 2069 4710 est
2091 4664 2234 4709 terra
2269 4671 2282 4706 :
2319 4653 2503 4706 orbem
2538 4660 2695 4705 terra:
2724 4661 2780 4704 et
2804 4649 3199 4720 plenitudinem
3231 4655 3356 4719 ejus

1776 4755 1833 4802 tu
1870 4744 2413 4814 fundasti.——1psius
2440 4752 2522 4798 est
2551 4758 2722 4807 mare,
2748 4750 2802 4796 et
2837 4742 2954 4812 ipse
2986 4740 3120 4796 fecit
3145 4741 3297 4796 illud.
3331 4763 3348 4794 ι

1850 4924 2133 4988 Psal.cm,
2160 4923 2252 4977 24.
2284 4953 2348 4962 —
2386 4939 2403 4971 ι
2438 4919 2613 4986 Quam
2645 4919 2996 4989 magnificata
3025 4925 3164 4974 sunt
3188 4932 3354 4988 cpeIa

1777 5026 1893 5084 tua,
1936 5016 2184 5071 Domini!
2222 5015 2403 5069 omnia
2428 5015 2482 5068 in
2517 5014 2788 5074 sapientia
2825 5012 3026 5067 fecisti.
3068 5029 3088 5063 ι

1851 5107 1965 5162 Ῑεα.
2001 5125 2123 5172 ην,
2163 5108 2319 5162 7-12.
2355 5125 2472 5175 -ι
2508 5105 2619 5174 Ego
2652 5103 2914 5157 Dominus
2938 5102 3080 5157 Deus
3108 5102 3356 5157 formans

1779 5201 1986 5264 lucem,
2013 5211 2066 5253 et
2097 5197 2308 5252 faciens
2341 5198 2618 5251 tenebras.
2650 5193 2760 5263 Ego
2799 5194 2901 5248 feci
2931 5202 3132 5247 terram
3168 5202 3221 5247 et
3253 5194 3355 5246 lio-

1780 5293 1981 5346 minem
2039 5305 2203 5360 super
2240 5304 2383 5345 eam.
2435 5286 2549 5357 Ego
2581 5301 2742 5339 manu
2805 5300 2925 5338 mea
2983 5284 3191 5339 firmavi
3241 5299 3355 5338 cce-

1848 5475 1960 5528 Isa.
1985 5490 2115 5537 Lvn,
2145 5471 2232 5526 16.
2261 5504 2331 5513 —
2369 5490 2388 5522 ι
2437 5471 2679 5539 Spiritus
2726 5485 2757 5523 a
2807 5483 2895 5524 me
2932 5469 3267 5537 egredietur,
3303 5475 3356 5520 et

1779 5567 1967 5620 ﬂatum
1998 5581 2216 5621 omnem
2252 5580 2355 5634 ego
2392 5565 2519 5617 feci.
2559 5583 2578 5614 ι

1848 5657 2048 5709 Jerem.
2073 5670 2129 5719 ι,
2163 5653 2250 5707 12.
2283 5685 2353 5698 ρ-
2389 5672 2406 5704 ι
2444 5653 2709 5708 Dominus
2740 5652 2834 5722 qui
2877 5650 3007 5705 facit
3064 5657 3265 5704 terram
3299 5648 3353 5700 in

1780 5749 2099 5804 fortitudine
2130 5761 2249 5812 sua,
2277 5762 2593 5816 praeparans
2621 5747 2812 5801 orbem
2846 5746 2900 5798 in
2925 5741 3201 5813 sapientia
3229 5755 3352 5801 sua.

1781 5851 1834 5898 et
1865 5841 1922 5898 in
1945 5837 2232 5910 prudentia
2279 5854 2379 5895 sua
2410 5841 2607 5896 cmlum
2651 5835 2917 5896 extendit.
2953 5835 3151 5892 Educit
3178 5833 3354 5888 nubes
