4210 6448
835 420 966 487 135.1

1998 417 2056 475 Sc
2091 415 2410 478 JOANNIS
2449 411 2878 478 DAMASCENI

3943 417 4086 488 1352

831 535 902 588 ab
951 541 1197 588 extremo
1253 539 1433 593 terrae,
1493 527 1716 598 fulgura
1761 528 1815 581 In
1863 525 2106 596 pluvram
2151 525 2280 583 fecit
2308 542 2324 581 :
2354 533 2410 581 et

2511 524 2740 596 νεφέλας
2787 526 2886 581 ἀπ’
2930 525 3164 598 ἐσχάτου
3192 527 3294 599 τῆς
3325 527 3456 599 γῆς·
3484 527 3775 602 ἀστραπάς
3805 531 3891 596 είς
3935 532 4090 588 ὑετὸν

829 624 1023 681 eduxit
1057 626 1240 678 lumen
1271 637 1458 678 suum.
1498 640 1517 673 ι

903 715 1117 772 Baruclt
1168 731 1252 780 ιιι,
1299 715 1387 769 52.
1415 743 1486 755 -
1518 733 1536 766 ι
1566 711 1670 780 Qui
1719 711 2048 783 praeparavit
2087 719 2294 767 terram
2353 711 2412 768 in

832 817 1042 864 aeterno
1094 816 1361 876 tempore,
1403 816 1459 861 et
1510 803 1738 875 replevit
1779 819 1900 859 eam
1941 802 2244 874 pecudibus
2281 817 2415 872 qua-

833 900 1196 971 drupedibus.
1219 899 1323 964 Qui
1350 897 1554 951 emittit
1584 897 1796 961 lumen,
1822 903 1876 950 et
1903 893 2053 948 vadit
2079 911 2096 947 :
2118 903 2174 949 et
2197 892 2414 948 vocavit

831 991 990 1058 illud,
1014 999 1068 1045 et
1107 989 1295 1045 obedit
1326 988 1404 1042 illi
1432 987 1488 1040 in
1522 997 1785 1041 tremore.
1811 984 1993 1039 Stellae
2021 991 2206 1038 autem
2244 980 2411 1037 dede-

831 1091 962 1140 runt
990 1083 1171 1137 lumen
1199 1082 1253 1134 in
1279 1079 1551 1135 custodiis
1571 1079 1710 1144 suis,
1729 1084 1783 1134 et
1808 1077 1998 1131 lanatae
2015 1082 2145 1130 sunt
2168 1093 2182 1130 :
2207 1081 2413 1129 vocata

833 1185 966 1233 sunt
993 1184 1049 1230 et
1079 1174 1336 1229 dixerunt
1372 1189 1385 1227 :
1418 1172 1739 1227 Adsumus:
1775 1177 1831 1226 et
1858 1168 2115 1223 luxerunt
2155 1182 2281 1223 cum
2316 1166 2410 1238 ju-

832 1271 1118 1326 cunditate
1145 1268 1197 1324 ei
1229 1268 1320 1338 qui
1355 1267 1487 1322 fecit
1519 1268 1694 1336 ipsas.
1727 1284 1746 1317 ι

903 1365 1032 1433 Sap.
1069 1379 1144 1428 tv,
1199 1363 1286 1416 14.
1327 1395 1396 1406 ν-
1431 1380 1451 1412 σ
1490 1361 1632 1415 Deus
1695 1365 1926 1414 mortem
1977 1373 2086 1412 non
2127 1356 2276 1423 fecit,
2311 1370 2412 1412 nec

832 1457 1142 1511 delectatur
1176 1455 1231 1508 in
1259 1452 1567 1525 perditione
1596 1453 1872 1506 vivorum.
1908 1450 2132 1505 Creavit
2157 1452 2330 1513 enim,
2353 1456 2414 1503 ut

830 1556 1047 1612 essent,
1085 1548 1270 1602 omnia
1313 1565 1325 1598 :
1360 1555 1414 1602 et.
1462 1545 1740 1600 sanabiles
1774 1543 1904 1599 fecit
1958 1543 2213 1597 nationes
2260 1540 2412 1597 orbis

835 1654 1104 1697 terrarum
1138 1658 1151 1694 :
1184 1647 1239 1693 et
1271 1654 1379 1693 non
1415 1647 1498 1694 est
1528 1638 1582 1691 in
1609 1638 1719 1691 illis
1744 1637 2208 1691 medicamentum
2229 1641 2412 1688 exter-

833 1736 1011 1801 minii,
1053 1749 1152 1788 nec
1178 1732 1479 1787 inferorum
1510 1745 1732 1801 regnum
1766 1731 1820 1784 in
1851 1736 2020 1783 terra.
2060 1745 2080 1778 ι

902 1825 1030 1895 Sap.
1059 1842 1136 1888 χι,
1161 1826 1252 1882 25.
1279 1857 1349 1866 —
1377 1843 1395 1875 ι
1425 1823 1616 1894 Diligis
1633 1823 1841 1886 omnia,
1861 1835 1984 1890 qua
2007 1827 2160 1886 sunt,
2189 1826 2244 1876 et
2274 1818 2408 1873 nihil

829 1918 994 1972 odisti
1048 1933 1239 1971 eorum
1274 1932 1396 1986 quae
1427 1915 1626 1970 fecisti.
1663 1913 1953 1980 Quomodo
2004 1920 2187 1968 autem
2225 1917 2412 1982 posset

830 2010 1038 2078 aliquid
1067 2024 1410 2078 permanere,
1443 2007 1549 2063 nisi
1583 2016 1641 2061 tu
1671 2006 1983 2062 voluisses?
2004 2024 2023 2057 ι

900 2098 1030 2169 Sap.
1066 2117 1185 2161 xm,
1210 2099 1264 2153 5.
1295 2129 1365 2139 —
1394 2117 1412 2150 ι
1443 2099 1486 2151 Α
1539 2098 1917 2168 magnitudine
1947 2107 2002 2152 et
2039 2096 2223 2167 specie
2255 2109 2410 2151 crea-

830 2202 1107 2258 turarum,
1138 2190 1588 2262 cognoscibiliter
1627 2190 1823 2244 horum
1855 2196 2074 2243 creator
2100 2188 2342 2242 videtur.
2383 2206 2404 2240 ι

902 2282 1070 2337 Eccli.
1100 2297 1252 2344 xvnt,
1275 2280 1326 2333 1.
1355 2311 1428 2321 --
1453 2298 1473 2330 ι
1501 2279 1604 2345 Qui
1632 2280 1766 2332 vivit
1798 2279 1853 2332 in
1878 2286 2169 2343 aeternum,
2199 2281 2410 2334 creavit

828 2375 1012 2428 omnia
1043 2371 1232 2434 simul,
1274 2371 1540 2426 Dominus
1571 2371 1746 2425 solus.
1782 2390 1801 2422 ι

899 2462 1068 2517 Ecclt'.
1112 2478 1244 2526 xui,
1287 2462 1380 2517 25.
1415 2491 1486 2502 —
1523 2479 1542 2512 ι
1584 2459 1730 2514 Nihil
1779 2459 1910 2514 fecit
1959 2459 2104 2530 quod
2143 2458 2402 2515 deficiat:

830 2555 1267 2625 uniuscujusque
1315 2554 1553 2609 firmavit
1597 2553 1762 2608 bona.
1820 2553 1888 2608 Et
1931 2554 2062 2625 quis
2113 2553 2407 2609 satiabitur

828 2649 1022 2706 videns
1052 2648 1281 2720 gloriam
1313 2646 1466 2716 ejus?
1499 2666 1518 2700 ι

902 2742 1072 2799 Eccli.
1109 2759 1298 2806 xxxrx,
1331 2740 1523 2795 21-26.
1554 2752 1623 2782 ‘--
1651 2759 1672 2792 ‹
1704 2739 1879 2811 Opera
1896 2738 2113 2794 Domini
2146 2739 2402 2794 universa

827 2831 994 2897 bona,
1022 2838 1076 2885 et
1101 2845 1320 2885 omnem
1365 2828 1747 2883 necessitatem
1782 2827 2108 2895 tempestive
2145 2826 2404 2896 suppedi-

827 2923 986 2978 tabit.
1036 2919 1156 2976 Non
1191 2927 1274 2976 est
1323 2919 1546 2975 dicere:
1583 2917 1698 2973 Hoc
1740 2918 1847 2973 isto
1885 2911 2039 2988 pejus
2065 2925 2171 2974 est.
2205 2916 2403 2974 Omnia

824 3016 972 3071 enim
1005 3015 1060 3070 in
1088 3022 1336 3082 tempore
1366 3012 1766 3084 probabuntur.
1805 3031 1824 3063 ι

894 3102 1064 3157 Εερίί.
1119 3118 1363 3164 xxxvm,
1405 3101 1522 3156 4-8.
1550 3133 1622 3144 —-
1677 3121 1696 3154 ι
1735 3102 2058 3158 Altissimus
2091 3102 2297 3157 creavit
2331 3102 2400 3158 de

2511 619 2761 692 ἐποίησε,
2794 617 2892 674 καὶ
2921 618 3163 692 ἐξήγαγε
3197 619 3313 691 φῶς
3345 620 3534 676 αὐτοῦ.
3566 640 3587 674 ι

2587 728 2607 763 ι
2651 709 2710 764 '0
2763 711 3187 774 κατασκευάσας
3227 710 3333 781 γῆν
3379 711 3462 775 είς
3513 711 3609 766 τὸν
3660 711 3835 767 αἰῶνα
3869 713 4087 786 χρόνον,

2511 802 2808 874 ἐνέπλησεν
2835 801 3006 874 αὐτὴν
3055 802 3274 875 κτηνῶν
3317 803 3687 875 τετραπόδων.
3732 805 3792 859 '0
3817 805 4088 860 ἀποστέλ-

2511 894 2619 949 λων
2669 894 2734 948 τὸ
2779 893 2917 965 φῶς,
2954 894 3050 948 καὶ
3107 893 3440 966 πορεύεται·
3470 896 3732 951 ἐκάλεσεν
3775 898 3934 964 αὐτὸ,
3996 899 4090 953 καὶ

2512 986 2825 1059 ὑπήκουσεν
2871 985 3020 1056 αὺτῷ
3060 986 3273 1058 τρόμῳ.
3313 986 3378 1040 Ol.
3405 985 3464 1039 δὲ
3489 985 3721 1060 ἀστέρες
3747 986 4005 1059 ἔλαμψαν
4031 991 4090 1043 ἐν

2511 1079 2630 1142 ταῖς
2659 1076 2928 1147 φυλακαῖς
2964 1075 3168 1139 αὐτῶν,
3210 1077 3306 1130 καὶ
3363 1077 3760 1148 ηὐφράνθησαν
3781 1093 3796 1108 ·
3823 1079 4088 1133 ἐκάλεσεν

2510 1168 2743 1237 αὐτοὺς,
2777 1168 2872 1222 καὶ
2928 1162 3082 1222 εἷπον
3105 1184 3122 1199 ’
3148 1167 3440 1238 Πάρεσμεν
3465 1184 3482 1201 ·
3516 1167 3766 1240 ἔλαμψαν
3813 1171 3936 1242 μετ’
3990 1172 4086 1225 εύ-

2512 1262 2790 1334 φροσύνης
2817 1260 2896 1333 τῷ
2921 1262 3214 1333 ποιήσαντι
3239 1260 3458 1325 αύτούς.
3496 1280 3516 1316 ι

2586 1373 2606 1407 ι
2652 1355 2712 1410 '0
2745 1355 2886 1419 Θεὸς·
2922 1354 3152 1409 θάνατον
3189 1355 3291 1408 οὐκ
3334 1355 3615 1426 ἐποίησεν,
3656 1353 3775 1409 οὐδὲ
3816 1356 4086 1428 τέρπεται

2510 1447 2598 1502 ἐπ’
2622 1447 2870 1520 ἀπωλείᾳ
2914 1446 3154 1512 ζώντων.
3194 1447 3416 1502 Ἐκτισε
3447 1446 3558 1518 γὰρ
3585 1448 3664 1510 είς
3695 1447 3787 1501 τὸν
3815 1448 3993 1503 αἰῶνα
4019 1450 4087 1502 τὰ

2512 1541 2711 1606 πάντα,
2732 1539 2830 1594 καὶ
2853 1540 3114 1612 σωτήριοι
3137 1540 3192 1593 αἱ
3217 1540 3459 1608 γενέσεις
3485 1538 3580 1592 τοῦ
3602 1539 3832 1610 κόσμου,
3864 1540 3963 1594 καὶ
3986 1541 4087 1594 οὐκ

2511 1631 2656 1686 ἔστιν
2681 1634 2739 1684 ἐν
2763 1632 2958 1695 αὑταῖς
2987 1632 3279 1703 φάρμακον
3307 1630 3550 1703 ὀλέθρου,
3598 1629 3720 1683 οὐδὲ
3751 1630 3885 1700 ᾅδου
3933 1629 4087 1701 βασί-

2511 1722 2654 1778 λειον
2686 1723 2779 1776 ἐπὶ
2803 1722 2906 1792 τῆς
2941 1726 3069 1795 γῆς.
3103 1741 3124 1775 ι

2590 1835 2610 1869 ι
2660 1816 2903 1887 Ἀγαπᾷς
2950 1815 3021 1868 τά
3071 1814 3202 1870 όντα
3231 1813 3432 1883 πάντα,
3469 1819 3565 1872 καὶ
3610 1819 3764 1874 οὐδὲν
3815 1820 4085 1892 βδελύσσῃ

2515 1900 2591 1962 ὧν
2639 1908 2924 1979 ἐποίησας.
2952 1907 3079 1970 Πῶς
3128 1907 3187 1962 δὲ
3213 1907 3512 1981 διεμένειεν
3551 1912 3618 1966 ἄν
3666 1929 3741 1979 τι,
3777 1913 3827 1966 εί
3886 1914 3964 1985 μὴ
4019 1913 4084 1965 σὺ

2511 1999 2781 2072 ἠθέλησας
2805 2018 2820 2067 ;
2862 2018 2882 2051 ι

2583 2111 2603 2144 ι
2653 2092 2747 2146 Ἐκ
2795 2090 3060 2164 μεγέθους
3088 2094 3186 2147 καὶ
3226 2093 3495 2164 καλλονῆς
3543 2094 3860 2165 κτισμάτων
3893 2095 4085 2150 ἀναλό-

2507 2199 2621 2253 γως
2650 2185 2679 2237 ό
2707 2184 3090 2256 γενεσιουργδς
3119 2185 3302 2238 αὐτῶν
3329 2187 3640 2258 θεωρεῖται.
3676 2205 3696 2240 ι

2586 2294 2606 2327 ι
2655 2275 2713 2328 '0
2743 2275 2854 2340 ζῶν
2882 2276 2962 2341 είς
2997 2277 3090 2331 τὸν
3117 2277 3312 2345 αιῶνα,
3346 2277 3528 2332 ἔκτισε
3575 2277 3647 2332 τά
3690 2279 3868 2334 πάντα
3901 2281 4082 2351 κοινῆ,

2505 2368 2714 2440 Κύριος
2736 2369 2918 2440 μόνος.
2957 2388 2978 2422 ι

2581 2479 2602 2513 ι
2639 2461 2753 2515 Οὐκ
2783 2459 3040 2531 ἐποίησεν
3071 2461 3224 2516 οὐδὲν
3259 2461 3539 2516 ἐλλεῖπονο
3566 2461 3626 2516 ἓν
3649 2461 3745 2516 τοῦ
3781 2462 3903 2526 ἑνὸς
3931 2463 4082 2517 ἐστε.

2508 2551 2681 2622 ρέωσε
2721 2553 2790 2607 τὰ
2830 2552 3043 2623 ἀγαθά·
3081 2554 3178 2606 καὶ
3212 2553 3298 2619 τίς
3333 2553 3708 2627 πλησθήσεται
3743 2553 3890 2625 όρῶν
3920 2552 4082 2620 δόξαν

2505 2645 2674 2698 αὐτοῦ
2697 2663 2713 2712 ;
2749 2664 2769 2698 ι

2580 2753 2602 2788 ι
2652 2736 2736 2790 Τὰ
2787 2736 2926 2809 ἔργα
2973 2735 3206 2809 Κυρίου,
3255 2737 3436 2792 πάντα
3489 2739 3691 2808 ἀγαθὰ,
3738 2741 3836 2794 καὶ
3892 2741 4080 2795 πᾶσαν

2503 2829 2692 2900 χρείαν
2735 2830 2795 2882 ὲν
2840 2829 2962 2902 ὥρᾳ
3023 2829 3204 2885 αὐτῶν
3250 2831 3575 2903 χορηγήσει.
3620 2833 3731 2886 Καὶ
3774 2834 3876 2887 οὐκ
3931 2834 4081 2887 εστιν

2501 2924 2681 2975 εἰπεῖν
2708 2936 2721 2951 ·
2759 2920 2931 2975 Τοῦτο
2967 2921 3161 2975 τούτου
3213 2923 3596 2995 πονηρότερον.
3637 2923 3825 2978 Πάντα
3865 2923 3976 2996 γὰρ
4020 2925 4080 2977 ὲν

2501 3014 2681 3088 καιρῷ
2705 3014 3191 3086 δοκιμασθήσεται.
3231 3033 3251 3068 ι

2577 3125 2597 3159 ι
2660 3105 2864 3176 Κύριος
2905 3107 3145 3178 ἔκτισεν,
3175 3107 3241 3160 ὲκ
3291 3107 3396 3178 γῆς
3450 3107 3742 3179 φάρμακα,
3790 3107 3888 3162 καὶ⁵
3940 3106 4079 3178 ἀνὴρ

827 3200 973 3248 terra
1008 3191 1425 3254 medicamenta,
1454 3199 1510 3246 et
1539 3191 1620 3244 vir
1652 3191 1892 3261 prudens
1923 3208 2033 3246 non
2079 3193 2399 3247 abhorrebit

2506 3196 2767 3268 φρόνιμος
2787 3199 2850 3250 ού
2884 3197 3203 3267 προσοχθιεϊ
3225 3198 3429 3262 αὐτοῖς.
3461 3200 3575 3253 Καὶ
3605 3201 3639 3269 ἡ
3671 3200 3867 3271 εἰρήνη
3887 3201 3924 3271 ἡ
3947 3201 4078 3270 παρ’

826 3283 936 3337 illa.
977 3283 1040 3336 Et
1077 3297 1182 3353 pax
1228 3297 1351 3352 qua:
1393 3282 1464 3337 ab
1514 3281 1650 3354 ipsis
1702 3291 1809 3347 est,
1863 3297 2034 3353 super
2083 3284 2278 3340 faciem
2315 3295 2401 3341 est

827 3384 1006 3429 terrae.
1040 3391 1057 3425 ι

893 3465 1066 3521 Βοείί.
1084 3467 1225 3520 hom.
1243 3467 1277 3522 5
1305 3467 1361 3521 in
1398 3465 1993 3522 ﬂexum—Germinet
2024 3475 2166 3523 terra
2186 3468 2430 3524 herbam-

823 3561 1074 3615 m'rentem
1119 3559 1272 3629 (Gen.
1309 3577 1347 3624 t,
1378 3560 1466 3630 Η)
1497 3579 1510 3614 :
1549 3577 1613 3614 ac
1653 3562 1820 3614 simul
1861 3577 1993 3632 cum
2027 3563 2096 3617 iis
2135 3578 2259 3632 qua:
2289 3565 2396 3617 vim

823 3653 1004 3708 alendi
1043 3652 1303 3719 habeant,
1351 3661 1622 3706 venenata
1667 3668 1888 3724 quoque
1928 3655 2195 3723 producta
2241 3662 2394 3720 sunt,

821 3761 950 3801 cum
987 3745 1266 3802 frumento
1308 3745 1513 3814 cicuta,
1554 3761 1681 3800 cum
1730 3746 1962 3818 reliquis
1991 3761 2114 3816 qua:
2142 3747 2209 3801 ad
2240 3761 2394 3802 esum

823 3848 951 3912 apta
983 3846 1134 3908 sunt,
1180 3839 1485 3903 elleborus,
1538 3838 1842 3906 aconitum,
1899 3838 2284 3911 mandragora,
2341 3847 2396 3896 et

821 3930 1113 4006 papaveris
1159 3945 1386 3989 succus.
1428 3929 1575 4000 Quid
1629 3930 1817 4004 igitur,
1849 3930 2223 4003 praetermisso
2251 3931 2393 4004 grati

820 4023 991 4079 animi
1017 4022 1088 4079 ob
1108 4031 1332 4095 accepta
1359 4025 1650 4078 commoda
1670 4020 1871 4088 omcio,
1892 4023 2207 4080 Creatorem
2227 4036 2360 4078 accu
2374 4051 2394 4067 -

821 4113 1091 4177 sablmus.
1122 4111 1192 4169 ob
1229 4127 1293 4169 ea
1325 4127 1446 4184 qua:
1470 4111 1594 4168 vitae
1620 4120 1826 4169 nostra:
1862 4113 2055 4167 nociva
2082 4112 2251 4169 sunt?
2283 4112 2392 4168 Nec

821 4204 956 4261 illud
987 4203 1422 4265 consideramus.
1457 4217 1567 4258 non
1600 4203 1782 4259 omnia
1823 4202 1994 4259 fuisse
2019 4211 2241 4274 propter
2265 4216 2394 4257 ven-

819 4305 960 4353 trem
983 4305 1234 4352 nostrum
1266 4303 1552 4367 procreata
1596 4311 1613 4351 :
1653 4309 1846 4350 verum
1881 4309 1944 4350 ea
1979 4295 2140 4368 525
2169 4295 2392 4367 quidem

819 4387 1107 4453 alimenta,
1140 4402 1262 4457 qua:
1302 4386 1581 4442 destinata
1609 4386 1771 4442 nobis
1800 4393 1952 4453 sunt,
1995 4395 2247 4457 prompta
2274 4401 2391 4440 om-

818 4477 1094 4548 nibusque
1141 4485 1272 4532 nota
1322 4491 1480 4541 esse;
1513 4474 1802 4547 quodlibet
1836 4487 2018 4531 autem
2051 4489 2241 4530 eorum
2270 4489 2392 4544 qum

816 4578 1002 4626 creata
1032 4576 1184 4633 sunt,
1214 4568 1492 4640 propriam
1514 4569 1808 4639 quamdam
1838 4567 1980 4622 inter
2014 4581 2102 4623 res
2131 4565 2386 4622 conditas
2419 4549 2462 4605 ι)

818 4663 1091 4718 rationem
1122 4662 1364 4730 explere.
1802 4723 1805 4726 _

888 4751 1082 4820 Ejusd.
1107 4751 1248 4807 hom.
1281 4748 1336 4804 2.
1361 4779 1431 4792 —
1457 4749 1502 4804 Δ
1551 4747 1662 4805 Deo
1705 4749 1910 4804 malum
1945 4759 2125 4803 ortum
2174 4750 2387 4804 trahere

817 4844 1043 4914 impium
1074 4842 1225 4897 dictu
1255 4851 1342 4898 est
1372 4861 1386 4897 :
1419 4842 1622 4912 quippe
1642 4856 1764 4896 cum
1799 4841 2008 4895 nullum
2049 4843 2384 4895 contrarium

817 4952 884 4990 ex
916 4934 1198 4990 contrario
1230 4935 1460 4988 oriatur.
1493 4934 1628 4989 Nam
1663 4948 1763 4988 nec
1800 4934 1909 4986 vita
1959 4943 2188 4988 mortem
2217 4934 2384 5002 parit,

818 5043 921 5084 nec
945 5027 1257 5083 obscuritas
1307 5027 1445 5082 lucis
1491 5028 1646 5096 origo
1685 5036 1792 5090 est,
1839 5040 1940 5079 nec
1975 5025 2200 5080 morbus
2235 5027 2387 5080 sani-

815 5119 948 5173 tatis
976 5133 1165 5173 causa.
1196 5117 1337 5183 Quid
1362 5132 1492 5187 ergo
1518 5115 1794 5170 dicimus?
1820 5116 1978 5186 plane
2004 5116 2150 5184 quod
2183 5117 2385 5170 malum

815 5225 931 5265 non
968 5209 1092 5262 viva
1124 5217 1182 5262 et
1230 5207 1467 5260 animata
1519 5206 1758 5260 essentia
1788 5209 1881 5269 sit,
1934 5204 2030 5259 sed
2073 5204 2294 5259 affectio
2329 5209 2384 5262 in

815 5303 1001 5356 anima
1030 5313 1158 5354 cum
1209 5299 1414 5353 virtute
1460 5313 1732 5368 pugnans,
1763 5312 1884 5367 qua:
1915 5313 2022 5350 non
2068 5295 2290 5350 aliunde
2331 5297 2384 5352 iu

815 5393 1101 5449 desidibus
1133 5401 1413 5453 nascatur,
1446 5405 1610 5461 quam
1632 5389 1779 5460 quod
1825 5405 1855 5442 a
1889 5389 2034 5443 bono
2062 5388 2099 5442 ii
2141 5391 2384 5461 prolapsi

814 5491 948 5543 sint.
978 5486 1254 5553 Quocirca
1292 5485 1429 5538 nihil
1461 5491 1564 5548 est,
1592 5482 1738 5552 quod
1768 5490 1922 5536 extra
1957 5488 2010 5535 te
2038 5481 2239 5535 malum
2273 5483 2385 5537 cir-

812 5591 1204 5650 eumspectes:
1241 5593 1429 5631 verum
1471 5592 1532 5631 se
1566 5576 1798 5646 quisque
1839 5574 1998 5640 vitii,
2058 5574 2210 5647 quod
2267 5575 2384 5646 ipse

813 5673 1363 5733 laborat.°auctorem
1396 5679 1678 5739 agnoscat.

885 5761 1043 5835 (λι-ρο.
1077 5762 1221 5818 Naz.
1260 5794 1331 5804 —
1359 5761 1506 5817 Nihil
1542 5779 1606 5816 ex
1642 5763 1730 5831 iis,
1773 5778 1893 5834 qute
1933 5762 2152 5820 condita
2196 5778 2226 5817 a
2274 5761 2382 5819 Deo

815 5868 970 5926 sunt,
1003 5860 1208 5914 frustra
1241 5857 1444 5913 factum
1483 5856 1603 5911 fuit.

2498 3289 2700 3354 αὐτῶν,
2725 3291 2874 3344 ἐστὶν
2903 3290 2997 3342 ἐπὶ
3020 3289 3312 3360 προσώπου
3341 3292 3440 3360 τῆς
3466 3293 3588 3362 γῆς.
3627 3311 3646 3344 ι

2569 3469 2982 3538 Βλαστησάτω
3020 3470 3060 3539 ἡ
3089 3468 3165 3540 τῆ
3208 3470 3487 3537 βοτάνην
3526 3469 3743 3538 χόρτου
3768 3486 3784 3502 ⁸
3825 3471 3928 3526 καὶ
3957 3490 4076 3527 συν-

2497 3563 2716 3634 εξεδόθη
2771 3565 2884 3625 τοῖς
2931 3561 3220 3634 τροφίμοις
3281 3562 3353 3616 τὰ
3393 3562 3722 3633 δηλητήριαο
3783 3565 3931 3633 μετά
3984 3567 4074 3620 τοῦ

2499 3655 2648 3709 σίτου
2676 3655 2739 3709 τὸ
2781 3653 3028 3737 κῴνειον,
3067 3657 3206 3727 μετά
3251 3656 3360 3709 τῶν
3402 3655 3606 3710 λοιπῶν
3661 3657 3955 3728 τροφίμων
3995 3659 4074 3712 έλο

2495 3747 2738 3818 λέδορος,
2763 3749 2860 3803 καὶ
2885 3748 3155 3814 ἀκόνιτον,
3187 3749 3281 3802 καὶ
3313 3747 3719 3820 μανδραγόρας,
3760 3751 3858 3804 καὶ
3910 3753 3942 3805 ό
3977 3751 4072 3821 τῆς

2499 3843 2732 3917 μήκονος
2773 3843 2926 3908 ὀπός.
2968 3843 3036 3897 Τί
3081 3838 3204 3908 οὗν;
3249 3843 3481 3913 ἀφέντες
3520 3844 3582 3898 τὸ
3613 3844 3705 3899 tul
3736 3847 3850 3909 τοῖς
3883 3849 4071 3917 χρησίο

2495 3953 2618 4007 μοις
2642 3935 2738 4008 τὴν
2764 3935 2924 4010 χάριν
2943 3935 3621 4009 όμολογιῖν,έγκαλέσομεν
3638 3935 3716 4006 τῷ
3739 3938 4070 4011 Δημιουργῷ

2493 4027 2588 4082 ἰπὶ
2630 4031 2744 4094 τοῖς
2791 4027 3110 4100 φθαρτικοῖς
3154 4027 3309 4102 ἡμῶν
3339 4028 3443 4101 τῆς
3469 4029 3648 4099 ςωῆςς
3685 4031 3863 4084 έκεῖνο
3894 4030 3953 4086 δὲ
3984 4030 4067 4083 λο-

2493 4115 2783 4190 γιζόμεθα,
2829 4118 2912 4173 ὅτι
2965 4118 3026 4174 οὐ
3066 4118 3244 4174 πάντα
3301 4119 3398 4189 τῆς
3453 4119 3690 4191 γαστρὸς
3735 4118 3929 4174 ινικεν
3972 4123 4067 4190 τῆς

2493 4212 2773 4284 ἡμετέρας
2808 4211 3293 4286 δεδημιούργηται,
3337 4211 3452 4266 ἀλλ’
3479 4212 3612 4284 ἡμῖν
3655 4211 3754 4284 μιν
3777 4213 3834 4267 αί
3862 4214 4064 4268 ἀποτεο

2491 4304 2760 4375 ταγμέναι
2808 4302 3008 4374 τροφαὶ
3060 4303 3360 4376 πρόχειροι,
3401 4302 3497 4358 καὶ
3527 4303 3693 4358 πᾶσιν
3723 4301 4022 4370 εὖγνωστοι
4047 4321 4060 4336 ·

2492 4395 2728 4450 ἔκαστον
2769 4393 2826 4448 δὲ
2858 4395 2965 4448 τῶν
3005 4393 3311 4465 γενομένων
3343 4393 3476 4449 ίδιόν
3526 4410 3646 4448 τινα
3684 4393 3844 4463 λόγον
3895 4395 3954 4448 ιν
3996 4397 4060 4465 τῇ

2493 4484 2672 4538 κτίσει
2710 4483 2931 4556 πληροῖ.

2557 4743 2717 4815 Παρὰ
2746 4742 2882 4798 Θεοῦ
2902 4743 2964 4797 τὸ
2989 4743 3160 4798 κακὸν
3190 4742 3290 4814 τὴν
3327 4743 3546 4812 γένεσιν
3582 4742 3747 4813 ἔχειν,
3779 4744 3884 4797 οὐκ
3907 4745 4059 4798 εὐσε-

2487 4837 2579 4901 ϐές
2617 4838 2735 4890 ἐστι
2762 4837 2964 4906 λέγειν,
3018 4837 3106 4889 διὰ
3165 4837 3226 4889 τὸ
3257 4836 3426 4906 μηδὲν
3457 4837 3567 4889 τῶν
3609 4837 3871 4890 ἐναντίων
3905 4840 4058 4908 παρὰ

2483 4927 2580 4983 τοῦ
2612 4930 2858 4982 ἐναντίου
2893 4927 3328 4996 γίνεσθαι.,ούτε
3349 4929 3456 4999 γὰρ
3482 4927 3596 4999 ζωὴ
3616 4929 3848 4982 θάνατον
3871 4934 4053 4999 γεννᾷ,

2484 5020 2608 5074 οὕτε
2652 5021 2714 5074 τὸ
2764 5021 2952 5083 σκότος
3005 5021 3182 5090 φωτός
3238 5023 3387 5072 ἐστιν
3433 5021 3595 5090 ἁρχὴ,
3649 5019 3770 5072 οὔτε
3817 5024 3850 5090 ἡ
3909 5023 4053 5083 νόσος

2487 5112 2674 5180 ὑγείας
2730 5111 3081 5183 δημιουργός.
3131 5111 3196 5163 Τί
3251 5109 3346 5165 οὖν
3396 5128 3606 5181 φαμεν;
3641 5113 3722 5163 ὅτι
3767 5115 3828 5165 τὸ
3864 5115 4054 5170 κακοί..

2486 5203 2634 5257 ἐστὶν
2660 5204 2779 5274 οὐχὶ
2808 5203 2963 5256 ούσία
3024 5203 3174 5266 ζῶσα
3223 5204 3316 5255 καὶ
3346 5201 3608 5272 ἔμψυχος,
3646 5202 3782 5255 ἀλλὰ
3815 5203 4056 5266 διάθεσις

2487 5300 2545 5350 ὲν
2564 5297 2706 5369 ψυχῇ
2725 5298 2980 5362 ἐναντίως
3026 5299 3225 5370 ἔχουσα
3274 5299 3410 5370 πρὸς
3459 5297 3678 5370 ἀρετὴν,
3719 5301 3809 5353 διὰ
3833 5302 3937 5370 τὴν
3963 5305 4051 5352 to:

2487 5391 2654 5446 καλοῦ
2710 5393 3028 5446 ἀπόπτωσιν
3090 5396 3203 5456 τοῖς
3233 5391 3498 5464 ῥᾳθύμοις
3549 5393 3904 5463 ἐγγινομένη.
3968 5398 4056 5460 Mi:

2486 5487 2664 5539 τοίνυν
2710 5484 2911 5550 ἔξωθεν
2956 5485 3018 5538 τὸ
3074 5485 3243 5538 κακὸν
3290 5485 3636 5555 περισκόπει,
3692 5485 3789 5538 καὶ
3839 5485 3942 5556 τῆς
4005 5489 4059 5538 ἐν

2490 5578 2666 5650 ἐαυτῷ
2715 5579 2916 5643 κακίας
2988 5578 3218 5642 ἕκαστος
3280 5577 3475 5631 ἑαυτὸν
3554 5577 3799 5648 ἀρχηγὸν
3851 5594 4055 5652 γνωρι-

2485 5673 2648 5738 ζέτω.

2553 5763 2720 5819 Οὐδὲν
2742 5765 2863 5836 εἰκῆ
2893 5763 3001 5818 τῶν
3023 5762 3173 5833 παρά
3210 5762 3346 5818 Θεοῦ
3368 5764 3696 5835 γενομένων.
