4210 6448
189 413 316 476 1353

1430 402 1664 462 ΞΛΟΒᾹ
1705 401 1792 460 PA
1804 400 2164 460 ltALLELA.

3291 397 3424 460 135$

251 529 380 597 Οὐχὶ
409 525 568 594 φύσις
600 520 739 593 αὐτὴ
793 519 901 572 τῶν
933 522 1198 588 κινήσεων
1237 514 1360 569 καθ’
1413 517 1509 568 ἐξω
1523 517 1612 584 τὴν
1643 531 1742 567 πο·

1918 512 2194 583 Cltrysost.
2222 543 2270 552 —
2315 509 2430 563 Non
2465 511 2580 580 ipsa
2617 523 2814 568 natura
2854 515 3284 570 commotionum
3326 535 3423 588 per

184 622 339 692 me,
402 617 516 672 ἀλλ’
548 618 580 686 ἡ
614 615 724 668 τῶν
762 611 1007 682 φυσικῶν
1052 610 1370 681 κινημάτων
1416 608 1749 679 παρατροπὴ

184 716 274 783 τῆς
304 712 484 781 ψυχῆς
541 714 640 772 τὰς
693 709 868 777 ὁρμὰς
921 705 996 766 ὼς
1037 703 1185 771 πάθη
1240 701 1508 756 διέϐαλεν.
1550 702 1608 770 Ὀ
1639 701 1749 771 γὰρ

181 805 510 875 δημιουργὸς
555 803 652 871 τὴν
683 800 853 869 λύραν
883 797 1055 866 καλὴν
1086 796 1181 848 καὶ
1224 793 1525 862 εΰφθογγον
1552 793 1748 864 ἡρμώ-

183 914 327 958 σάτο,
349 898 398 948 οἱ
424 897 482 949 δὲ
519 894 808 965 κρούοντες
864 892 1137 961 διαφόροις
1181 888 1444 942 ἅπτονται
1477 887 1588 941 τῶν
1623 905 1750 958 χορ-

180 994 310 1046 δῶν·
347 993 441 1044 καὶ
469 991 576 1044 ἀπὸ
601 989 701 1058 τῆς
735 987 904 1054 αὐτῆς
930 985 1184 1054 κιθάρας,
1210 984 1239 1034 6
1282 982 1380 1053 μὲν
1421 981 1612 1052 ὕμνον,
1636 985 1664 1034 ό
1692 982 1748 1033 δὲ

181 1086 384 1152 ἁπηχεῖ
423 1083 796 1153 βλασφημίαν,
826 1080 922 1148 οὐχ
947 1079 1021 1140 ὡς
1053 1077 1151 1146 τῆς
1179 1075 1288 1128 τῶν
1308 1074 1515 1145 χορδῶν
1536 1073 1750 1141 φύσεως

180 1176 237 1227 τὸ
275 1174 709 1244 διεστραμμένων
762 1171 1015 1242 ἐχούσης,
1074 1169 1192 1222 ἀλλ’
1262 1169 1338 1231 ὼς
1368 1168 1470 1236 τῆς
1501 1168 1612 1220 τῶν
1640 1168 1749 1236 ψη-

181 1267 472 1336 λαφῶντων
502 1266 744 1337 ἀμαθίας
771 1263 1261 1334 παραφοειρούσης
1277 1262 1338 1314 τὸ
1358 1258 1614 1332 ὄργανον.

249 1362 382 1424 Ταῖς
404 1361 514 1413 τῶν
543 1359 728 1412 κακῶν
755 1359 1081 1428 ὲπισποραῖς
1126 1355 1276 1408 αἰτία
1307 1354 1418 1408 τῶν
1441 1354 1750 1425 ἀνθρώπων

180 1454 496 1524 ἡρᾳθνμίά.
556 1454 656 1506 Ἐν
710 1451 789 1515 τῷ
843 1450 950 1518 γὰρ
999 1448 1347 1524 καθεύδειν,
1385 1449 1548 1518 φησί,
1609 1446 1750 1512 τοὺς

179 1545 548 1613 ἀνθρώπους,
580 1540 764 1613 ἦλθεν
791 1545 822 1595 ό
848 1541 1084 1609 ἐχθρὸς,
1108 1541 1206 1593 καὶ
1243 1541 1486 1609 ἔσπειρε
1512 1541 1586 1594 τὰ
1611 1539 1750 1600 (ἱζά-

180 1654 275 1690 rta
294 1636 606 1704 ἁναμέσον
621 1635 728 1688 τοῦ
758 1635 957 1688 σίτου.

251 1728 433 1779 Πάντα
486 1728 587 1780 ὅσα
637 1726 941 1795 πεποίηκεν
981 1723 1009 1775 ὁ
1063 1723 1214 1787 Θεὸς,
1244 1723 1386 1776 καλὰ
1424 1724 1747 1794 πεποίηκεν,

181 1821 501 1888 ἐπιστήμων
559 1818 722 1880 αὐτὸς
772 1817 848 1870 ὣν
887 1818 1126 1870 πάντων.
1159 1815 1299 1869 Οὔτε
1343 1816 1453 1884 γὰρ
1482 1817 1510 1869 6
1540 1816 1749 1878 δίκαιος

1853 622 1912 659 se
1937 608 2080 658 mala
2110 613 2217 670 est,
2245 605 2339 659 sed
2391 605 2558 659 aninn
2596 615 2842 661 motuum
2871 608 3192 678 depravatio
3235 613 3424 666 cauci-

1854 697 2089 752 tatioues
2143 699 2314 751 animi
2367 713 2468 752 ceu
2523 700 2754 755 vitiosas
2813 703 3075 760 traduxit.
3138 702 3425 773 Siquidem

1854 790 2050 844 artifex
2084 790 2387 861 elegantem
2417 801 2472 846 et
2513 795 2649 848 bene
2701 796 3030 850 concinnam
3077 797 3252 868 lyram
3279 813 3431 854 com-

1855 889 1996 954 pegil
2043 901 2056 938 :
2095 886 2190 954 qui
2245 901 2375 940 vero
2414 887 2651 956 pulsant,
2707 904 2818 942 non
2867 891 3061 944 eodem
3096 891 3261 946 modo
3291 891 3428 946 ﬁdes

1855 986 2106 1048 tangunt,
2157 978 2251 1033 sed
2302 979 2372 1033 ab
2419 979 2608 1034 eadem
2663 983 2870 1036 cithara
2937 983 3079 1038 alius
3142 966 3426 1054 hymnum,

1854 1071 1994 1124 alius
2043 1086 2300 1139 asperum
2346 1081 2571 1125 cantmn
2599 1081 2778 1135 sonat,
2826 1090 2930 1129 non
2973 1076 3203 1144 quodin
3240 1077 3426 1130 lidium

1851 1174 2048 1216 natura
2083 1165 2417 1233 perversitas
2444 1165 2595 1227 insit,
2639 1166 2731 1220 sed
2765 1168 2912 1235 quod
2951 1169 3290 1238 pulsantium
3326 1170 3430 1225 im-

1852 1256 2046 1326 peritia
2075 1256 2504 1312 instrumentum
2539 1258 2847 1314 labefactat.

1921 1346 2078 1412 Quod
2132 1349 2273 1400 mala
2321 1360 2771 1418 superserantur,
2820 1353 2872 1406 in
2913 1370 3081 1407 causa
3133 1363 3216 1407 est
3253 1354 3430 1408 homi-

1851 1454 1981 1492 num
2012 1441 2292 1510 segnities.
2334 1441 2462 1497 Cum
2512 1445 2651 1497 enim
2693 1447 2987 1500 dormirent
3035 1448 3292 1513 homines,
3347 1448 3431 1502 in-

1851 1533 1973 1600 quit
2007 1533 2264 1588 Christus
2291 1533 2513 1603 (Matth.
2553 1553 2670 1600 χιιι,
2703 1539 2796 1609 2:3)
2819 1579 2833 1601 ,
2891 1543 3028 1594 venit
3080 1544 3351 1609 inimicus,
3377 1551 3430 1598 et

1851 1622 2130 1676 seminavit
2167 1625 2381 1678 zizania
2416 1629 2470 1679 in
2507 1629 2679 1682 medio
2720 1631 2908 1684 tritici.

1923 1715 2115 1771 Euseb.
2141 1749 2210 1758 —
2241 1718 2437 1774 Omnia
2473 1723 2563 1775 illa
2599 1739 2719 1793 quae
2751 1725 2878 1780 fecit
2911 1727 3072 1793 Deus,
3106 1728 3249 1782 bona
3270 1729 3428 1791 fecit,

1853 1823 1974 1862 cum
2014 1824 2194 1863 rerum
2243 1812 2489 1865 onmium
2529 1815 2820 1869 scientiam
2857 1817 3080 1872 habeat.
3139 1817 3274 1874 Nam
3333 1837 3431 1876 nec

180 1910 459 1980 ποιήσειέν
489 1927 542 1960 τι
577 1908 781 1970 ἄδικον,
821 1905 944 1958 οὔτε
978 1909 1007 1959 6
1041 1903 1243 1996 άγαῼος
1272 1903 1498 1972 φαῦλον,
1555 1901 1745 1972 ὥσπερ

1851 1900 2030 1969 justus
2069 1901 2258 1971 injusti
2298 1903 2597 1974 quidquam
2629 1906 2806 1963 facere
2843 1921 3028 1978 queat,
3066 1927 3164 1967 nec
3203 1927 3429 1981 prorsus

179 2005 296 2055 οὐδὲ
346 2001 670 2071 ἐπιστήμων
713 1997 1185 2068 ἀνεπιστημόνως.
1247 1997 1467 2058 Δίκαιος
1517 1995 1596 2060 δὲ,
1657 1997 1752 2048 καὶ

179 2098 404 2164 ἁγαῢος,
471 2097 565 2148 καὶ
614 2097 935 2165 ἐπιστήμων
989 2095 1018 2146 6
1069 2092 1202 2154 Θεός
1230 2091 1409 2143 ἐστιν’
1454 2091 1605 2143 οὐδὲν
1645 2091 1754 2159 ἄρα

180 2188 382 2246 ἄδικον.
415 2187 540 2240 οὐδὲ
559 2185 760 2256 φαῦλον
787 2188 817 2238 ὁ
841 2183 973 2247 Θεὸς
999 2186 1277 2254 ἐποίησεν.

259 2372 374 2423 Ἑνί¹
405 2370 637 2440 νεύματι
704 2369 1017 2439 βουλήσεως
1065 2365 1100 2419 ἂ
1148 2365 1291 2419 θέλει
1341 2366 1656 2437 συνίστησιν
1688 2368 1754 2420 ἐκ

185 2465 258 2536 μὴ
286 2465 483 2526 ὄντων,
509 2465 668 2534 μόνος
688 2462 765 2515 ὣν
795 2462 986 2524 ἀΐδιος,
1013 2458 1173 2529 μόνος
1200 2457 1275 2513 ὣν
1306 2461 1562 2531 ἄναρχος,
1593 2462 1753 2532 μόνος

185 2562 392 2625 ἁπλοῦς
419 2561 580 2632 οὐσίᾳ
609 2559 704 2612 καὶ
738 2558 1008 2628 βουλήσει.

183 2811 361 2866 ΤΙΤΛ.
403 2813 477 2866 Γί.
509 2841 575 2850 -
615 2813 751 2881 Περὶ
775 2810 1131 2879 δοξολογίας
1162 2809 1310 2881 Θεοῦ
1334 2827 1346 2838 ·
1372 2809 1471 2863 καὶ
1495 2810 1602 2881 Αὸτι
1638 2808 1751 2877 χρὴ

250 2882 522 2946 δοξάζειν
579 2879 972 2949 καὶᾶγιάζειν
1026 2883 1131 2934 τὸν
1158 2880 1324 2942 Θεὸν,
1357 2882 1455 2934 καὶ
1483 2879 1572 2932 ὅτι
1612 2881 1754 2944 τοὺς

245 2952 608 3019 δοξάζοντας
638 2954 824 3007 αὐτὸν
850 2952 1078 3017 δοξάζει
1109 2955 1140 3005 ὀ
1160 2952 1323 3015 Θεός.

251 3106 269 3138 ι
313 3084 450 3142 Εἷπε
477 3087 681 3159 Κύριος
713 3089 849 3158 πρδς
903 3087 1142 3157 Μωσῆνο
1180 3087 1303 3138 ’Ότι
1342 3084 1442 3138 οὐκ
1497 3083 1752 3137 ἐπιστεύ-

160 3175 310 3234 ’σχτε
360 3182 590 3248 ἁγιάσαι
633 3199 722 3252 με,
786 3182 874 3234 διὰ
926 3181 1084 3235 τοῦτο
1143 3181 1244 3233 οὐκ
1299 3179 1543 3242 εἰσάξετε
1596 3179 1752 3248 ὑμεῖς

1853 2001 2079 2066 malum,
2119 2001 2585 2068 quemadmodum
2625 2020 2728 2060 nec
2763 2008 2974 2075 peritus
3003 2008 3300 2078 quidquam
3326 2009 3428 2064 im-

1851 2093 2043 2163 perite.
2081 2093 2213 2146 (Ium
2264 2091 2452 2164 itaque
2483 2093 2647 2161 Deus,
2678 2105 2732 2152 et
2767 2099 2977 2167 justus,
3032 2108 3086 2154 rt
3135 2101 3312 2158 bonus
3357 2103 3428 2158 sit

1851 2199 1917 2238 ac
1944 2184 2176 2252 peritus,
2213 2201 2439 2241 necesse
2469 2195 2554 2242 est
2581 2205 2705 2244 eum
2795 2191 2891 2246 ihil
2925 2194 3114 2262 injusti
3158 2210 3259 2251 nec
3297 2197 3423 2251 mali

1854 2275 2072 2332 fecisse.

1927 2364 2159 2435 Didymi.
2180 2395 2235 2405 —
2268 2365 2441 2421 Unico
2467 2368 2766 2426 voluntatis
2799 2381 2932 2427 nutu
2964 2374 3126 2440 Deus,
3158 2377 3424 2450 quidquid

1852 2455 1991 2520 vult,
2030 2471 2096 2510 ex
2136 2456 2312 2510 nihilo
2353 2469 2501 2513 creat
2534 2477 2547 2512 :
2593 2470 2650 2514 ut
2681 2462 2773 2532 qui
2833 2464 2987 2520 solus
3029 2468 3420 2536 senmiternus,

1855 2549 2008 2606 solus
2048 2551 2300 2621 principii
2337 2568 2553 2622 expers,
2597 2556 2750 2612 solus
2789 2558 3045 2629 denique,
3079 2570 3195 2615 tum
3237 2575 3422 2617 essen-

1855 2643 1950 2710 tia,
1979 2655 2091 2698 tum
2127 2646 2410 2701 Voluntate
2433 2647 2683 2710 simplex.

1854 2800 1984 2879 TlT.
2045 2800 2136 2879 ill.
2175 2834 2244 2842 ——-
2284 2804 2356 2859 De
2409 2805 2502 2860 Dei
2543 2808 2930 2876 gloriﬁcatione
2977 2823 2995 2861 :
3035 2819 3084 2862 et
3125 2808 3265 2879 quod
3303 2823 3421 2862 eum

1923 2873 2225 2946 gloriﬁcare
2252 2885 2300 2928 et
2333 2873 2574 2930 sanctum
2607 2873 2900 2946 praedicare
2946 2873 3222 2946 oporteat;
3264 2879 3421 2933 illos-

1924 2961 2020 3012 que
2053 2962 2086 2998 a
2111 2945 2296 3014 quibus
2329 2948 2680 3016 glorificatur,
2715 2951 2825 3004 inse
2866 2950 3095 3002 vicissim
3139 2950 3418 3019 gloriﬁcet.

1928 3077 2092 3134 Nam.
2123 3095 2216 3145 xx,
2260 3080 2345 3135 12.
2379 3113 2448 3122 —-
2484 3101 2503 3132 ι
2542 3081 2688 3136 Dixit
2741 3081 3007 3138 Dominus
3045 3091 3111 3137 ad
3144 3083 3366 3155 Moysen
3404 3101 3417 3138 :

1855 3169 1992 3236 Quia
2023 3184 2132 3223 non
2159 3171 2472 3228 credidistis
2520 3176 2580 3226 ut
2609 3172 3033 3228 sanctiﬁcalretis
3065 3189 3171 3239 me,
3211 3175 3422 3230 idcirco

183 3277 279 3344 τὴν
311 3273 634 3344 συναγωγὴν
685 3273 893 3344 ταύτην
943 3276 1023 3336 εἰς
1056 3273 1154 3342 τὴν
1193 3272 1318 3341 γῆν,
1354 3270 1421 3322 ’ἓν
1450 3269 1625 3322 ἔδωκα
1653 3269 1749 3319 at).

1858 3277 1963 3315 non
2002 3262 2358 3318 introducetis
2381 3278 2714 3334 svnagogam
2749 3265 2891 3319 hanc
2929 3266 2983 3319 in
3024 3274 3224 3320 terram
3257 3282 3422 3342 quam

184 3385 313 3430 τοις.
351 3388 367 3418 ι

257 3480 274 3507 ι
313 3459 455 3519 Τοὺς
505 3456 823 3521 δοξάζοντάς
868 3473 935 3525 με
983 3455 1213 3522 δοξάσω,
1263 3456 1357 3508 καὶ
1397 3456 1426 3507 6
1459 3453 1751 3518 ἐξουθενῶν

189 3567 253 3618 με
283 3551 744 3620 ἁτιμσισθήσεται.
787 3569 806 3599 ι

259 3662 277 3692 ι
330 3641 831 3712 Ἐξομολογήσομαί
892 3658 992 3704 σοι,
1050 3639 1244 3708 Κύριε,
1315 3642 1371 3692 ἐν
1413 3638 1510 3711 ὅλῃ
1558 3639 1754 3708 καρδίᾳ

189 3752 309 3803 μου.
350 3753 369 3783 Ι
1020 3748 1025 3756 ’

257 3842 275 3874 ι
302 3821 483 3874 Λίνῶν
519 3820 917 3890 ὲπικαλὲσομαι
974 3820 1066 3874 τὸν
1114 3821 1344 3892 Κύριον,
1404 3821 1499 3873 καὶ
1544 3822 1607 3872 ἐκ
1647 3820 1755 3872 τῶν

185 3915 398 3984 ἐχθρῶν
431 3930 530 3983 μον
558 3913 898 3982 σωθήσομαι.
936 3931 952 3963 ι
1076 3925 1079 3928 ·

259 4027 276 4059 ι
319 4007 386 4060 υἱ
420 4005 850 4076 φοϐούμενοιτον
865 4005 1088 4076 Κύριον,
1121 4006 1373 4059 αἰνέσατε
1402 4007 1586 4068 αὐτὸν,
1619 4026 1637 4057 ι
1663 4007 1758 4058 καὶ

184 4101 250 4154 τά
274 4099 461 4154 λοιπά.

261 4215 277 4246 ι
317 4193 615 4260 Εὐλογήσω
635 4192 725 4243 τὸν
761 4193 963 4260 Κυριον
997 4191 1055 4241 ἐν
1084 4191 1250 4243 παντὶ
1283 4190 1479 4259 καιρῷ,
1507 4190 1593 4244 διὰ
1624 4209 1758 4243 παν-

185 4289 275 4350 τὸς
298 4290 330 4356 ἠ
366 4286 572 4348 αἴνεσις
603 4284 769 4338 αὐτοῦ
802 4286 859 4335 ὲν
892 4284 972 4353 τῷ
1002 4283 1233 4352 στόματί
1264 4300 1389 4353 μου.
1426 4301 1443 4333 ι

263 4399 280 4430 ι
319 4379 542 4432 Ψάλατε
581 4377 658 4448 τῷ
687 4376 805 4446 Θεῷ
828 4376 1003 4447 ἡμῶν,
1034 4375 1242 4444 ψάλατε
1270 4392 1284 4406 ·
1312 4376 1521 4444 ψάλατε
1547 4376 1623 4447 τῷ
1663 4377 1759 4446 βα-

189 4476 324 4528 σιλεῖ
351 4475 532 4542 ἡμῶν,
565 4471 794 4541 ψάλατε.
831 4491 846 4522 ι

263 4584 281 4616 ι
315 4565 489 4617 Θύσον
513 4564 590 4634 τῷ
618 4563 736 4633 Θεῷ
765 4563 956 4615 θυσίαν
1002 4563 1281 4626 αἰνέσεως,
1319 4563 1413 4616 καὶ
1449 4563 1647 4626 ἀποδὺς
1679 4563 1754 4633 τῷ
1789 4581 1832 4634 D

191 4657 440 4726 Ὑψίστῳ
462 4658 557 4717 τὰς
585 4657 748 4726 εὐχάς
777 4673 894 4708 σου.
937 4655 1108 4708 Θυσίσ.
1133 4655 1392 4718 αἰνέσεως
1419 4655 1632 4720 δοξάσει
1664 4673 1753 4726 με,

186 4749 274 4798 21".
311 4748 430 4798 ἐκεῖ
451 4747 588 4808 ὁδός.
627 4765 645 4796 ι

262 4860 277 4888 4
327 4837 656 4902 unauana
718 4837 792 4907 τῷ
820 4837 958 4905 Θεῷ,
1007 4840 1158 4893 πᾶσα.
1196 4841 1228 4908 ἡ
1263 4828 1371 4908 γῆλ
1423 4839 1628 4908 ψάλατε
1681 4840 1758 4907 τῷ

190 4932 418 5001 ὲ-ιόματι
453 4929 639 4984 αὑτοῦ.
674 4949 693 4981 ι

267 5045 283 5073 ι
333 5021 949 5092 Ἑξομολογησάσθωσάν
1013 5039 1094 5075 σοι
1127 5023 1266 5086 λαοὶ,
1299 5025 1326 5075 6
1353 5022 1486 5085 Θεός
1512 5039 1524 5049 ·
1572 5022 1760 5092 ἐξομο-

190 5115 616 5182 λογησάσοωσάν
655 5131 758 5166 σοι.
799 5131 819 5164 ι

269 5223 287 5256 ‹
341 5206 427 5256 Ἐν
467 5203 781 5273 ἐκκλησίαις
803 5204 1075 5272 εὐλογεῖτε
1125 5204 1206 5257 τὸν
1236 5202 1370 5256 Θεὸν
1430 5203 1654 5274 Κύριον,
1694 5205 1758 5256 ἐκ

191 5296 385 5365 πηγῶν
400 5297 638 5367 Ἰσραήλ.
668 5297 731 5348 ΛΞ
757 5296 1026 5365 βασιλεῖαι
1044 5298 1143 5367 τῆς
1160 5297 1285 5365 γῆς,
1318 5296 1486 5367 ᾷσάτε
1509 5297 1587 5368 τῷ
1615 5297 1756 5367 Θεῷ,

190 5388 396 5457 dahae
422 5388 500 5458 τῷ
534 5389 742 5459 Κυρίῳ.
777 5411 795 5442 ι

267 5501 286 5531 ι
335 5483 640 5552 Ἐμνήσθην
694 5482 786 5535 τοῦ
832 5481 990 5547 Θεοῦ,
1026 5481 1119 5534 καὶ
1175 5481 1514 5552 ηὐφράνθην,
1567 5481 1757 5550 ἠδολε-

194 5589 394 5643 σχηςα.
439 5595 456 5626 ι

269 5706 289 5738 ‹
323 5688 402 5741 Τὰ
430 5689 553 5759 ἐλέη
593 5705 706 5753 σου,
738 5691 931 5761 Κύριε,
959 5691 1036 5751 εἰς
1063 5679 1152 5742 ἑὸν
1191 5689 1362 5742 αἰῶνα
1391 5689 1590 5760 ᾄσομαι
1619 5704 1630 5715 ·
1670 5688 1748 5750 εἰς

196 5779 387 5846 γενεὰν
420 5781 509 5833 καὶ
536 5783 744 5848 γενεάν.
786 5808 803 5832 ι

447 6044 451 6047 _
516 5968 773 6029 PATRcL.
831 5971 939 6029 Gn.
995 5971 1162 6030 XCV.

1853 3352 1993 3405 (laho
2016 3353 2115 3413 eis.
2157 3371 2173 3403 ι

1926 3444 1953 3498 l
1993 3444 2118 3515 Reg.
2157 3461 2218 3506 ιι,
2266 3446 2322 3498 5.
2363 3477 2428 3485 —-
2474 3465 2492 3497 ι
2531 3445 2644 3518 Ego
2677 3450 3052 3517 gloriﬁcantes
3083 3465 3170 3504 me
3214 3451 3423 3521 gloriﬁ-

1856 3540 2029 3593 caho:
2071 3544 2162 3609 qui
2193 3549 2375 3596 autem
2412 3543 2717 3597 contemnit
2744 3561 2850 3610 me,
2885 3545 2991 3599 erit
3017 3545 3296 3615 ignobilis.
3331 3565 3351 3597 ι

1931 3628 2079 3683 Psal.
2110 3647 2187 3692 ix,
2224 3633 2276 3684 l.
2307 3662 2377 3670 —
2401 3651 2420 3682 ι
2449 3632 2770 3690 Conlitebor
2792 3637 2913 3699 tibi,
2939 3635 3187 3700 Domine,
3220 3635 3276 3691 in
3315 3644 3428 3692 toto

1856 3727 2018 3776 corde
2050 3739 2192 3778 meo.
2225 3743 2243 3774 ι

1929 3811 2081 3868 Psal.
2122 3832 2254 3877 xvu,
2317 3818 2397 3870 Η.
2427 3848 2497 3898 :—
2541 3837 2559 3868 ι
2609 3817 2868 3875 Laudans
2926 3821 3198 3877 invocabo
3243 3823 3430 3879 Domi-

1859 3923 2008 3970 num,
2034 3917 2086 3961 et
2113 3909 2181 3962 ab
2205 3909 2447 3965 inimicis
2481 3913 2616 3966 meis
2643 3915 2832 3968 salvus
2853 3930 2969 3970 ero.
3002 3935 3022 3966 ι

1930 3999 2078 4050 Ρδαι.
2111 4000 2331 4063 χιιι,24.
2357 4032 2422 4041 --
2454 4021 2472 4051 ι
2502 4002 2608 4067 Qui
2639 4003 2842 4059 timetis
2877 4004 3189 4070 Dominum,
3215 4007 3433 4062 laudate

1859 4104 2005 4152 cum,
2038 4108 2056 4141 ι
2093 4100 2203 4146 etc.

1932 4185 2082 4238 Psal.
2123 4201 2315 4248 xxxi",
2370 4187 2522 4239 9..—-
2571 4204 2590 4237 σ
2641 4187 2966 4242 Ilenedicam
3027 4187 3320 4244 Dominum
3378 4195 3429 4244 in

1861 4279 2006 4332 onmi
2044 4289 2287 4346 tempore
2321 4296 2332 4330 :
2366 4269 2583 4344 semper
2619 4280 2738 4333 laus
2765 4281 2884 4348 ejus
2911 4280 2965 4334 in
3003 4296 3098 4336 ore
3127 4299 3269 4337 meo.
3304 4303 3321 4333 ι

1931 4369 2082 4423 Psal.
2120 4384 2266 4432 xm,
2287 4368 2340 4422 6.
2363 4398 2434 4408 -——
2470 4388 2488 4420 ι
2519 4369 2740 4425 Psallite
2775 4370 2884 4426 Deo
2914 4380 3128 4440 nostro,
3163 4376 3382 4445 psallite
3414 4394 3427 4428 :

1861 4463 2075 4530 psallite
2114 4465 2228 4533 regi
2265 4473 2478 4525 nostro,
2509 4463 2742 4532 psallite.
2774 4483 2794 4516 ι

1935 4551 2081 4605 I’sal.
2108 4567 2257 4614 xux,
2281 4552 2799 4606 l4—‘23.—-clmmola
2823 4553 2932 4610 Deo
2948 4558 3280 4613 sacriﬁcium
3313 4559 3430 4613 lau-

1861 4645 1968 4708 dis,
1993 4654 2047 4698 et
2063 4644 2232 4699 redde
2267 4644 2553 4700 Altissimo
2582 4644 2747 4717 426
2780 4657 2902 4700 vota
2939 4657 3053 4704 tua.
3086 4648 3426 4705 Sacriﬁcium

1864 4735 2040 4789 laudis
2069 4733 2451 4788 honoriﬁcabit
2491 4750 2599 4796 me,
2627 4745 2682 4790 et
2715 4738 2827 4792 illic
2860 4739 2982 4798 iter,
3014 4758 3033 4790 ι
3071 4748 3176 4794 etc.

1932 4825 2079 4879 Psal.
2119 4841 2219 4878 va
2245 4865 2258 4887 ,
2289 4825 2342 4877 2.
2377 4855 2447 4864 --
2489 4844 2509 4878 ι
2545 4825 2782 4882 anilatc
2828 4828 2957 4893 Deo,
3013 4831 3194 4887 omnis
3243 4843 3424 4900 terra;

1863 4923 2129 4994 psalmum
2165 4921 2336 4975 dicite
2373 4923 2576 4976 nomini
2608 4924 2750 4992 ejus,
2794 4944 2811 4975 ι
2848 4932 2956 4980 etc.

1932 5020 2082 5074 Psat.
2109 5035 2258 5084 uvt,
2287 5022 2340 5075 4.
2363 5053 2431 5063 --
2461 5040 2479 5070 ι
2505 5020 2882 5076 Conliteantur
2905 5025 3002 5077 tibi
3023 5025 3231 5094 populi,
3257 5025 3424 5094 Deus;

1859 5115 2224 5168 conﬁteantur
2263 5115 2380 5176 tibi,
2422 5134 2439 5166 ι
2483 5121 2590 5169 etc.
2945 5186 2950 5197 |

1930 5205 2078 5261 Psal.
2110 5223 2254 5262 uvu
2282 5246 2296 5266 .
2347 5207 2531 5261 27-53.
2565 5239 2633 5248 —
2662 5228 2680 5259 ι
2719 5209 2777 5262 In
2819 5211 3070 5265 ecclesiis
3115 5213 3424 5267 benedicite

1861 5299 1972 5353 Deo
2001 5299 2250 5363 Domino,
2284 5299 2352 5355 de
2377 5301 2619 5355 futilibus
2642 5301 2829 5356 Israel.
2854 5300 3041 5372 Regna
3076 5311 3260 5371 terra,
3292 5321 3423 5360 cano

1859 5399 1969 5444 tale
2007 5389 2136 5451 Deo,
2178 5391 2394 5459 psallite
2423 5391 2670 5447 Domino.
2716 5409 2738 5444 ι

1927 5481 2072 5536 Psal.
2107 5500 2287 5538 LXXVI.
2317 5483 2370 5537 4.
2401 5503 2506 5536 -οι
2547 5485 2752 5541 Memor
2785 5488 2858 5542 l'ui
2896 5477 3012 5550 Dei,
3041 5497 3095 5543 et
3119 5489 3420 5547 delectatus

1860 5591 2002 5633 sum,
2033 5582 2087 5629 et
2113 5575 2454 5630 exercitatus
2485 5592 2625 5632 sum.
2671 5596 2690 5628 ι

1929 5667 2079 5721 Psal.
2117 5684 2380 5730 Lxxxvnl,
2428 5671 2481 5723 ‘2.
2515 5701 2583 5710 --
2625 5689 2646 5723 ι
2687 5671 3092 5729 Misericordias
3131 5686 3272 5736 tuas.
3315 5673 3421 5730 Do-

1859 5783 2022 5843 mine,
2057 5783 2109 5835 in
2132 5789 2393 5835 teternum
2417 5785 2678 5853 cantabo;
2717 5787 2770 5841 in
2808 5789 3216 5856 generationem
3245 5801 3294 5844 et
3329 5807 3420 5861 ge—

1859 5873 2214 5939 nerationem,
2255 5892 2274 5927 ι
2307 5884 2413 5930 etc.

2879 5974 2951 6034 43
