4210 6448
221 405 349 469 1357

1439 414 1676 475 SACRA
1713 413 2156 477 PARALLELA

3314 404 3451 469 135.8

281 544 297 573 ι
340 524 432 575 Δεῖ
453 519 674 590 φθάνειν
693 520 787 575 τὸν
813 520 967 591 ἥλιον
994 521 1085 575 ἐπ’
1105 522 1460 592 εὐχαριστίας
1486 525 1642 591 Θεοῦ,
1672 527 1764 578 καὶ
1793 529 1837 583 Α
1940 565 1943 581 η

1793 529 1837 583 Α
1940 528 2068 595 Sap.
2102 542 2215 589 va,
2246 526 2337 581 28.
2368 556 2436 566 -
2473 543 2490 574 ι
2529 524 2760 595 Oportet
2808 522 2981 578 solem
3038 520 3345 591 praevenire
3381 518 3448 572 ad

206 616 336 685 πρὸς
368 613 630 685 ἀνατολὴν
665 614 843 682 φωτὸς
876 614 1225 685 ἐντυγχάνειν
1256 614 1425 683 αὐτῷ.
1468 635 1486 667 ι

277 819 296 851 ι
334 800 450 854 Ζῶν
480 800 573 853 καὶ
601 799 757 871 ὑγιὴς
785 799 989 854 αἰνέσει
1014 799 1108 852 τὸν
1146 798 1368 870 Κύριον.
1408 818 1425 848 ι

279 998 298 1029 ι
341 978 651 1046 Εῦλόγησον
693 979 783 1031 τὸν
811 977 1036 1047 Κύριον,
1062 979 1155 1030 τὸν
1206 978 1512 1048 ποιήσαντά
1557 994 1637 1037 σε.
1680 979 1773 1030 καὶ

210 1068 543 1138 μεθύσκονταί
575 1084 636 1120 σε
666 1067 774 1120 ἀπὸ
798 1069 909 1120 τῶν
946 1066 1167 1135 ἀγαθῶν
1196 1067 1387 1121 αὑτοῦ.
1424 1087 1442 1120 ι

276 1179 294 1210 ι
330 1160 674 1230 Εὑλογήσατε
697 1160 788 1213 τὸν
814 1160 1019 1230 Κύριον
1055 1163 1112 1213 ἐν
1146 1162 1282 1214 πᾶσι
1327 1163 1441 1224 τοῖς
1464 1160 1645 1231 ἔργοις
1674 1164 1772 1215 αῦ-

206 1251 316 1305 τοῦ·
338 1252 455 1304 δότε
487 1251 567 1322 τῷ
597 1251 822 1323 ὀνόματι
839 1252 1002 1305 αὑτοῦ
1019 1251 1431 1323 μεγαλωσύνην,
1452 1253 1546 1307 καὶ
1580 1253 1771 1323 ἐξομο-

206 1344 508 1413 λογήσασθε
552 1346 610 1397 ἐν
641 1345 847 1399 αἰνέσει
889 1346 1075 1410 αὐτοῦ,
1118 1348 1177 1397 ἐν
1204 1344 1368 1414 ᾠδαῖς
1417 1347 1638 1416 χειλέων
1674 1349 1766 1401 καὶ

206 1436 261 1487 ἐν
290 1436 592 1504 κιννῦραις.
636 1454 654 1485 ι

279 1547 297 1576 ι
338 1527 541 1599 Κύριον
572 1527 663 1581 τὸν
692 1527 926 1596 Χριστὸν
966 1528 1231 1595 ἁγιάσατε
1271 1529 1330 1579 ὲν
1363 1527 1484 1587 ταῖς
1525 1524 1770 1594 καρδίαις

205 1620 376 1689 ἡμῶν.
416 1640 434 1672 ι

274 1708 442 1766 Τοῦτό
485 1713 601 1765 ἔστι
645 1711 780 1766 Θεοῦ
828 1712 1127 1781 ὲνοίκησις,
1174 1712 1236 1764 τὸ
1276 1710 1364 1763 διὰ
1408 1711 1504 1781 τῆς
1552 1711 1772 1779 μνήμης

207 1804 557 1875 ἐνιδρυμένον
586 1804 734 1874 ἔχειν
762 1804 819 1857 ἐν
839 1802 1018 1873 ἑαυτῷ
1041 1802 1133 1857 τὸν
1157 1804 1310 1856 Θεόν.

275 2003 348 2054 Τὺ
380 2002 565 2074 ἱλαρὸν
607 2005 703 2059 καὶ
736 2004 941 2059 ἄλυπον
976 2005 1076 2074 τῆς
1133 2004 1311 2075 ψυχῆς
1351 2004 1678 2074 κατάστημα
1720 2006 1775 2055 αἱ

209 2093 315 2145 τῶν
346 2094 531 2164 ὓμνων
570 2097 911 2167 παρηγορίαι
941 2096 1278 2167 χαρίζονται.

275 2190 475 2255 Δόξαξε
524 2192 617 2244 τὸν
658 2190 922 2261 Ποιητὴν,
970 2194 1028 2245 ὲν
1077 2184 1123 2258 ᾧ
1164 2190 1388 2260 ἐκτίσθη
1437 2190 1508 2244 τά
1559 2190 1771 2254 πάντα,

210 2281 317 2334 εἴτε
346 2282 542 2351 ὁρατὰ.
571 2283 680 2335 εἴτε
712 2283 943 2353 ἀόρατα,
977 2282 1088 2336 εἴτε
1114 2283 1280 2353 ἀρχαὶ
1302 2323 1318 2346 ,
1361 2282 1473 2336 εἴτε
1503 2282 1771 2347 ἐξουσίαι,

211 2374 301 2427 καὶ
348 2377 402 2428 εἴ
442 2377 589 2437 τινές
620 2378 756 2429 εἰσιν
804 2377 988 2447 ἕτεραι
1017 2378 1231 2444 λογικαὶ
1277 2375 1469 2445 φύσεις
1516 2376 1772 2429 ἀκατονό-

215 2486 426 2523 ααστοι.

276 2650 376 2702 Τὸν
433 2650 568 2703 Θεὸν
612 2650 996 2721 γνωρίσωμεν.
1058 2650 1149 2703 τὸν
1201 2650 1475 2703 κτίσαντα
1536 2666 1776 2719 προσκυ-

208 2742 484 2811 νήσωμεν,
543 2742 620 2812 τῷ
677 2743 927 2814 Δεσπότῃ
958 2741 1355 2811 δουλεῦσωμεν,
1404 2733 1496 2795 τὸν
1558 2744 1778 2811 Πατέρα

207 2836 545 2906 δοξάσωμεν,
568 2838 657 2891 τὸν
682 2838 886 2909 τροφέα
905 2838 1063 2908 ἡμῶν
1086 2840 1485 2908 άγαπήσωμεν,
1509 2840 1600 2893 τὸν
1620 2840 1778 2905 εὐερ-

206 2930 369 2999 γέτην
417 2930 886 3001 αἰδεσθησώμεθα,
924 2931 1015 2984 τὸν
1044 2931 1288 3001 ἀρχηγὸν
1316 2932 1413 3001 τῆς
1442 2930 1589 3002 ζωῆς
1621 2933 1777 3002 ὴμῶν

207 3022 302 3090 τῆς
332 3022 638 3094 παρούσης,
686 3027 782 3077 καὶ
841 3024 939 3094 τῆς
994 3023 1319 3094 μελλούσης,
1386 3027 1481 3077 καὶ
1532 3042 1775 3095 προσκυ-

210 3114 434 3179 νοῦντες
466 3116 539 3184 μὴ
573 3116 846 3186 λήξωμεν.

276 3206 391 3276 Τὴν
430 3207 529 3274 τῆς
566 3206 822 3269 αἰνέσεως
854 3205 1045 3260 θυσίαν
1091 3208 1536 3278 ἱερουργὴσωμέν
1585 3223 1665 3259 σοι
1699 3205 1775 3275 τῷ
1802 3227 1845 3284 Cv

208 3295 503 3366 άπροσδεεῖ
539 3296 629 3349 καὶ
671 3296 860 3366 τελείῳ
897 3296 1048 3365 Θεῷο
1081 3297 1139 3359 ὃς
1174 3298 1277 3350 οὐκ
1314 3297 1538 3351 ἀπαιτεῖ
1584 3314 1772 3366 σωμα-

206 3390 359 3452 τικάς
389 3388 600 3451 θυσίας,
645 3389 703 3442 ὲν
732 3383 820 3450 αῖς
855 3387 1270 3442 πλεονεκτοῦσιν
1298 3389 1347 3441 οἰ
1383 3388 1773 3459 εὐπορώτεροι.

204 3484 341 3537 ἀλλὰ
363 3485 466 3553 τὴν
493 3484 600 3537 ἀπὸ
627 3483 923 3547 διαθέσεως
968 3482 1194 3553 καρδίας
1233 3482 1479 3553 καθαράν
1524 3481 1776 3553 ἐξομολό-

204 3594 387 3644 γησιν.
411 3571 480 3646 ἧς
512 3576 730 3645 μέτεστι
752 3578 917 3630 πᾶσιν
944 3576 1002 3643 ἐξ
1038 3575 1154 3628 ῐσου
1184 3577 1296 3638 τοῖς
1334 3575 1700 3645 βουλομένοις.

274 3816 690 3887 Μνημονευτὲον
719 3816 853 3869 Θεοῦ
887 3816 1106 3885 μᾶλλον,
1153 3817 1185 3886 ἢ
1218 3816 1638 3869 ἀναπνευστέον.

276 3995 575 4056 Εὑσεόείας
630 3998 892 4065 σημεῖον,
958 3997 1019 4049 τὸ
1083 3998 1278 4068 συνεχῆ
1336 3999 1604 4052 ποιεῖσθαι
1667 3999 1777 4051 τῶν

208 4087 494 4159 θεωτέρων
552 4088 651 4157 τὴν
691 4088 1029 4158 ἐπιμέλειαν,
1066 4091 1159 4142 καὶ
1199 4090 1261 4141 τὸ
1310 4094 1546 4153 πυκναῖς
1590 4092 1777 4143 ἐντεῦ-

209 4179 358 4243 ξεσιν
390 4177 754 4243 ἐξιλεοῦσθαι.

279 4273 386 4323 Τὸν
422 4270 553 4324 Θεὸν
585 4270 763 4343 ἔργοις
788 4274 1019 4342 ισεμνοῖς
1054 4271 1233 4336 σέϐου,
1278 4271 1456 4339 λόγοις
1493 4272 1547 4325 δὲ
1596 4271 1772 4342 ῦμνει,

212 4360 391 4431 ἔννοια
410 4359 566 4430 τίμα.

292 4452 487 4519 Ἀξίως
525 4453 701 4517 οὐδεὶς
737 4453 827 4505 τὸν
868 4452 1001 4507 Θεὸν
1045 4454 1201 4525 τιμᾷ,
1238 4454 1375 4510 ἀλλά
1418 4456 1642 4515 δικαιως
1680 4456 1775 4525 μό-

1878 622 2085 687 gratias
2117 618 2356 689 agendas
2399 618 2528 682 Deo,
2559 626 2614 672 et
2645 617 2711 672 ad
2740 627 2923 671 ortum
2959 614 3096 669 solis
3135 613 3452 683 supplicare

1878 716 1952 769 ei.
2005 733 2022 763 ι

1950 804 2121 861 Eccli.
2148 820 2281 867 xvii,
2314 802 2403 857 28.
2431 834 2500 843 --
2529 821 2546 852 ι
2574 800 2749 855 Vivus
2782 809 2836 854 et
2875 814 3044 856 sanus
3075 797 3316 852 laudabit
3347 794 3453 847 Do-

1878 898 2112 953 mimnn.
2154 915 2172 950 ι

1949 987 2117 1042 Eccli.
2147 1003 2321 1051 nm,
2376 986 2464 1039 l7.
2497 1014 2569 1026 —
2620 1004 2638 1036 ι
2671 984 2911 1039 Benedic
2977 982 3273 1036 Dominum
3298 1020 3314 1045 ,
3360 979 3451 1048 qui

1880 1078 2014 1134 fecit
2039 1087 2114 1143 te,
2151 1087 2206 1133 et
2244 1078 2342 1146 qui
2378 1077 2617 1131 inebriat
2648 1084 2703 1130 te
2735 1075 2897 1130 bonis
2935 1073 3076 1129 suis.
3110 1091 3129 1124 ι

1952 1172 2119 1226 Εεσιί.
2176 1188 2363 1234 ιιιιιιιι,
2420 1170 2509 1224 19.
2548 1202 2614 1211 —-
2654 1188 2673 1221 ι
2710 1167 3029 1223 Benedicite
3059 1166 3352 1220 Dominum
3395 1165 3451 1217 in

1877 1264 2137 1318 omnibus
2170 1262 2431 1333 cperibus
2450 1261 2596 1330 ejus,
2626 1272 2682 1316 et
2698 1260 2824 1315 date
2853 1257 3064 1312 nomini
3092 1254 3215 1325 ejus
3243 1255 3455 1325 magni-

1830 1424 1834 1428 ‘
1881 1356 2177 1420 licentiam,
2219 1365 2272 1409 et
2310 1352 2656 1409 confitemini
2685 1352 2739 1406 in
2782 1350 3103 1405 laudatione
3132 1349 3274 1417 ejus,
3303 1354 3357 1402 et
3398 1347 3450 1400 in

1877 1448 2109 1501 canticis
2149 1446 2452 1511 labiorum,
2482 1452 2537 1499 et
2574 1449 2627 1499 in
2668 1442 2935 1513 cinnyris.
2972 1460 2992 1493 ι

1954 1540 1980 1593 1
2004 1541 2150 1595 Ρειν.
2183 1557 2265 1605 ιιι,
2304 1540 2394 1594 l5.
2426 1569 2495 1579 —-
2536 1555 2554 1588 ι
2594 1535 2888 1591 Dominum
2919 1532 3203 1589 Christum
3246 1528 3454 1585 sancti-

1881 1632 2037 1686 licate
2073 1632 2129 1686 in
2165 1630 2429 1686 cordibus
2459 1627 2688 1682 vestris.
2721 1645 2740 1677 ι

1951 1724 2163 1778 Basilii.
2207 1754 2278 1767 —
2321 1721 2418 1775 Dei
2469 1719 2803 1773 inbabitatio
2844 1717 2899 1771 in
2934 1716 3040 1771 hoc
3090 1716 3197 1771 sita
3249 1722 3357 1776 est,
3395 1722 3455 1767 ut

1880 1817 2171 1887 quisquam
2205 1814 2373 1869 Deum
2404 1830 2502 1884 per
2522 1810 2966 1867 recordationem
2992 1809 3049 1863 in
3074 1807 3258 1878 seipso
3284 1805 3451 1860 ﬁxum

1809 1886 1852 1941 Β
1879 1886 2107 1964 habeat.

1950 2001 2225 2070 Ejusdem.
2249 2032 2318 2042 —
2349 1997 2587 2051 Hilarem
2616 2006 2673 2050 et
2710 2002 2989 2065 expertem
3027 1990 3286 2047 maeroris
3339 1998 3454 2045 sta-

1877 2101 1994 2149 tum
2037 2095 2363 2165 hymnorum
2394 2091 2810 2148 consolationes
2840 2088 3028 2142 animo
3066 2090 3357 2153 prmstant.

1949 2188 2227 2257 Ejusdem.
2251 2217 2323 2230 -—
2355 2184 2638 2242 Creatoris
2681 2181 2916 2250 gloriam
2948 2177 3210 2249 praedica,
3257 2177 3312 2230 in
3344 2189 3454 2245 quo

1876 2286 2060 2335 creata
2089 2278 2273 2332 omnia
2306 2288 2457 2341 sunt,
2489 2284 2597 2327 tam
2624 2272 2889 2335 visibilia,
2922 2284 3087 2340 quam
3124 2265 3448 2329 invisibilia,

1877 2379 1987 2423 tam
2021 2369 2389 2439 principatus,
2428 2380 2593 2436 quam
2629 2370 2954 2433 potestates,
2995 2367 3050 2415 et
3079 2359 3127 2413 si
3154 2373 3280 2428 quae
3322 2363 3455 2411 sunt

1879 2462 2003 2517 alia:
2038 2460 2342 2517 rationales
2398 2468 2632 2519 naturae,
2675 2470 2801 2526 qua:
2855 2452 3130 2508 nominari
3180 2464 3288 2504 non
3324 2462 3452 2518 pos-

1879 2555 2009 2609 sint.

1955 2645 2144 2716 Ejusd.
2173 2646 2314 2698 hom.
2338 2642 2372 2697 6
2400 2643 2454 2695 in
2480 2645 2735 2696 Hexaem.
2757 2670 2822 2679 —
2856 2638 3028 2694 Deum
3065 2646 3450 2707 agnoscamus.

1879 2736 2194 2792 Creatorem
2241 2733 2559 2793 adoremus,
2613 2730 2847 2786 Domino
2899 2726 3250 2789 serviamus,
3307 2721 3451 2776 Patri

1885 2825 2115 2896 gloriam
2168 2824 2383 2887 demus,
2456 2821 2750 2876 nutritium
2820 2828 3071 2874 nostrum
3132 2816 3451 2885 diligamus,

1878 2926 2203 2967 veneremur
2249 2924 2395 2973 eum,
2444 2909 2538 2979 qui
2577 2911 2718 2965 bene
2769 2908 2900 2963 fecit
2950 2907 3134 2971 nobis,
3188 2903 3284 2974 qui
3328 2904 3455 2957 vitae

1880 3012 2083 3059 nostrae
2111 3017 2236 3056 cum
2267 3004 2578 3073 praesentis,
2612 3010 2727 3056 tum
2763 3000 2965 3055 futura!
2990 3007 3183 3054 auctor
3211 3003 3318 3073 est,
3350 3010 3452 3049 nec

1880 3096 2258 3150 adorationem
2276 3072 2445 3150 illius
2476 3095 2937 3150 intermittamus.
3251 3072 3263 3082 ’

1953 3188 2141 3257 Ejusd.
2171 3190 2225 3242 in
2258 3188 2409 3243 Psal.
2442 3203 2566 3241 ειν.
2600 3217 2671 3228 -—
2716 3185 3063 3240 Sacrificium
3096 3182 3280 3238 laudis
3328 3180 3450 3241 tibi,

1878 3285 1971 3353 qni
2015 3281 2294 3352 perfectus
2317 3290 2373 3337 et
2410 3282 2621 3337 nullius
2648 3281 2727 3337 rei
2767 3279 3023 3351 indigens
3055 3294 3140 3341 es,
3170 3276 3283 3332 Deo
3313 3274 3450 3331 olfe-

1878 3392 2066 3430 ramus
2098 3394 2108 3427 :
2153 3377 2241 3445 qui
2281 3374 2599 3445 corporales
2622 3372 2877 3428 victimas
2918 3372 3145 3426 minime
3172 3369 3445 3440 postulas,

1877 3472 1928 3523 in
1962 3470 2168 3539 quibus
2202 3468 2294 3537 qui
2329 3467 2721 3535 locupletiores
2756 3472 2907 3528 sunt,
2940 3464 3147 3534 primas
3178 3462 3325 3518 ferre
3350 3476 3445 3517 so-

1876 3563 2043 3623 leant,
2107 3561 2200 3614 sed
2250 3576 2279 3613 a
2322 3575 2461 3629 puro
2516 3558 2716 3613 affectu
2771 3557 2941 3612 animi
3001 3554 3445 3625 proﬁciscentem

1875 3652 2329 3709 confessionem:
2370 3665 2491 3721 qua!
2525 3650 2745 3721 quidem
2800 3649 2868 3703 iis
2900 3647 3163 3702 omnibus
3213 3647 3307 3718 qui
3350 3662 3445 3699 vo-

1876 3743 2014 3807 lunt,
2048 3757 2112 3795 ex
2142 3754 2300 3809 aaquo
2328 3748 2527 3809 pmsto
2561 3746 2664 3794 est.

1945 3832 2004 3886 S.
2034 3832 2189 3899 (ἔνθα.
2225 3828 2493 3883 Nazianz.
2526 3843 2664 3883 orat.
2697 3829 2786 3883 27.
2806 3858 2872 3868 —
2895 3828 2987 3882 Dei
3022 3827 3221 3898 sacpius
3251 3829 3441 3884 memi-

1877 3924 2026 3977 nisse
2057 3928 2292 3990 Oportet,
2326 3936 2490 3991 quam
2520 3922 2773 3991 spiritum
2812 3921 3036 3976 ducere.

1949 4010 2006 4067 S.
2049 4009 2323 4079 Chrysost.
2356 4010 2676 4065 —-l’ietatis
2716 4017 3106 4080 argumentum
3154 4019 3263 4074 est,
3295 4013 3437 4066 assi-

1876 4104 2038 4157 duam
2081 4102 2390 4159 divinarum
2429 4118 2615 4157 rerum
2646 4119 2834 4157 curam
2876 4117 3095 4173 gerere,
3132 4111 3189 4156 et
3226 4104 3436 4159 crebris

1878 4199 2132 4267 pret-ibus
2150 4201 2316 4255 Deum
2353 4197 2586 4268 placare.

1948 4289 2181 4360 Evagrii.
2208 4320 2275 4330 —-
2304 4288 2476 4344 Deum
2514 4288 2761 4343 honestis
2802 4289 3122 4345 actionibus
3153 4305 3433 4357 venerare,

1877 4381 2057 4435 verbis
2091 4380 2272 4442 lauda,
2306 4378 2733 4447 cogitationibus
2759 4379 2899 4433 cole.

1948 4471 2208 4525 Philonis.
2255 4500 2322 4510 -ο
2363 4469 2535 4525 Deum
2569 4482 2729 4523 nemo
2757 4468 2924 4540 digne
2965 4469 3118 4535 colit,
3153 4470 3247 4525 sed
3286 4471 3436 4539 juste

210 4540 323 4610 νον,
356 4546 517 4597 ὁπότε
542 4544 663 4599 οὐδὲ
692 4547 803 4607 τοῖς
833 4545 1081 4612 γονεῦσιν
1116 4548 1238 4609 ῐσας
1287 4546 1583 4603 ἀποδοῦναι
1622 4548 1777 4619 χάρι-
1808 4561 1852 4617 ι)

1772 4577 1777 4587 ’
1808 4561 1852 4617 D
1880 4566 2146 4621 duntaxat
2181 4580 2195 4615 :
2235 4559 2680 4631 quandoquidem
2725 4574 2825 4615 nec
2862 4560 3185 4629 parentibus
3215 4560 3434 4629 quidem

209 4656 309 4701 τας
350 4638 643 4707 ἐνδέχεται.
701 4638 1110 4708 Ἀντιγεννῆσαι
1148 4639 1256 4709 γὰρ
1291 4642 1390 4709 οὐχ
1424 4635 1533 4693 οἷον
1564 4658 1623 4694 τε
1658 4640 1778 4694 τοῦ-

209 4749 358 4791 τους.

210 4843 397 4898 ΤΙΤΛ.
440 4844 511 4897 Δ’.
553 4874 615 4887 --
646 4845 786 4913 Περί
833 4846 1276 4915 δικαιολογίας*
1336 4849 1433 4903 καὶ
1477 4850 1635 4915 τίνες
1662 4848 1776 4901 ἐδι-

494 4916 978 4985 καιολογήθησαν
1006 4918 1157 4985 πρὸς
1196 4920 1303 4971 τὸν
1334 4920 1500 4975 Θεόν.

289 5026 306 5057 ι
354 5007 466 5058 Οῦκ
498 5010 578 5065 εἰς
606 5007 696 5059 τὸν
726 5008 897 5060 αἰῶνα
930 5007 1186 5077 ζήσομαι,
1225 5009 1309 5061 ἵνα
1345 5011 1776 5085 μακροθυμήσω.

226 5097 463 5148 Ἀπόστα
491 5096 582 5148 ἀπ’
622 5097 755 5165 ἐμοῦ
782 5115 793 5125 ·
828 5097 983 5161 κενὸς
1017 5098 1128 5168 γάρ
1177 5116 1277 5168 μου
1302 5102 1332 5152 ὁ
1363 5102 1495 5169 βίος.
1547 5102 1641 5166 Τίς
1669 5106 1778 5177 γάρ

217 5188 365 5238 ἐστιν
393 5186 697 5256 ἄνθρωπος,
729 5188 811 5239 ὅτι
845 5189 1186 5258 ἐμεγάλυνας
1218 5192 1400 5257 αὐτὸν,
1432 5193 1463 5265 ἢ
1491 5195 1574 5247 ὅτι
1609 5213 1779 5266 προσ⁹

217 5278 362 5347 έχεις
404 5279 493 5331 τὸν
526 5279 649 5331 νοῦν
689 5280 768 5341 εἰς
799 5279 962 5334 αὐτόν
986 5298 1001 5347 ;
1025 5281 1058 5351 ἢ
1085 5283 1391 5353 ἐπισκοπὴν
1425 5285 1593 5339 αὑτοῦ
1622 5290 1779 5358 ποιή-

217 5392 331 5436 σεις
365 5374 469 5435 ἓως
509 5372 671 5447 πρωϊ,
720 5376 814 5427 καὶ
868 5374 946 5437 είς
983 5374 1290 5429 ἀνάπαυσιν
1334 5379 1497 5431 αὐτὸν
1544 5384 1773 5450 κρινείς;

219 5466 362 5529 Ἕως
396 5468 537 5529 τίνος
567 5468 665 5520 οὐκ
687 5468 778 5537 ἐᾷς
807 5483 897 5537 με,
928 5467 1048 5520 οὐδὲ
1080 5470 1243 5540 προΐῃ
1270 5486 1359 5539 με,
1391 5472 1495 5534 ἕως
1517 5472 1583 5525 ἂν
1606 5490 1773 5526 κατα-

218 5559 328 5613 πίω
353 5560 443 5612 τὸν
466 5558 694 5612 πτύελον
726 5577 828 5627 μου
862 5559 920 5611 ὲν
943 5559 1137 5631 ὁδύνῃ;
1166 5562 1228 5615 El
1271 5562 1382 5629 ἐγὼ
1419 5565 1688 5633 ἥμαρτον.
1724 5566 1778 5618 τί

219 5651 517 5721 δυνήσομαι
545 5651 768 5722 πρᾶξαι,
807 5652 835 5703 ὀ
858 5652 1223 5720 ἐπιστάμενος
1272 5653 1363 5705 τὸν
1403 5654 1527 5707 νοῦν
1551 5657 1657 5708 τῶν
1684 5659 1777 5709 ἁν-

223 5741 454 5813 θρώπων
479 5762 492 5807 ;
520 5742 617 5797 Διά
651 5744 701 5795 τί
739 5742 859 5795 ἔθου
888 5761 954 5813 με
989 5744 1390 5815 κατεντεύκτην
1426 5764 1541 5809 σου,
1582 5749 1695 5817 εἰμί
1724 5751 1779 5803 δὲ

225 5835 316 5889 ἐπὶ
355 5835 439 5887 σοὶ
470 5834 719 5907 φορτίονς
767 5836 859 5889 καὶ
889 5835 976 5889 διά
1007 5836 1055 5888 τί
1114 5836 1211 5889 οὐκ
1246 5837 1486 5909 ἐποιήσω
1524 5838 1624 5909 τῆς
1658 5841 1779 5893 divo-

1879 4658 2057 4727 dignae
2084 4656 2222 4710 satis
2263 4652 2459 4708 referri
2486 4659 2668 4723 grates
2709 4660 2962 4722 possunt.
3004 4650 3115 4706 Nec
3144 4652 3289 4706 enim
3318 4649 3437 4705 ﬁeri

1878 4757 2079 4820 potest,
2115 4754 2175 4801 ut
2209 4746 2313 4801 hos
2342 4744 2593 4799 vicissim
2634 4758 3085 4814 progeneremus.

1878 4857 2017 4912 TlT.
2052 4855 2139 4911 IV.
2180 4884 2249 4898 --
2280 4852 2351 4906 De
2393 4854 2812 4921 expostulatione
2844 4869 2863 4906 :
2896 4862 2945 4906 et
2997 4852 3215 4923 quinam
3266 4852 3305 4904 ii
3333 4856 3440 4909 sint

2250 4925 2339 4993 qui
2369 4941 2485 4976 cum
2518 4924 2625 4978 Deo
2648 4924 3070 4993 expostularunl.

1948 5019 2048 5073 Job
2087 5032 2185 5079 vn,
2242 5014 2309 5067 16
2345 5031 2487 5084 seqq.
2516 5046 2583 5055 --
2615 5034 2633 5066 ι
2666 5015 2785 5069 Non
2822 5017 2878 5069 in
2932 5017 3188 5073 sarculum
3236 5019 3439 5078 vivam,

1881 5123 1939 5168 ut
1971 5114 2181 5183 patiens
2225 5112 2352 5167 sim.
2408 5111 2622 5165 Recede
2674 5124 2704 5163 a
2742 5124 2826 5164 me
2861 5126 2877 5163 :
2914 5109 3094 5164 inanis
3145 5109 3288 5163 enim
3328 5109 3441 5162 vita

1878 5205 2178 5271 mea.Quid
2211 5203 2359 5257 enim
2382 5211 2468 5259 est
2498 5204 2686 5265 homo,
2718 5200 2851 5271 quia
2899 5198 3259 5271 magniﬁcasti
3294 5215 3441 5263 eum,

1880 5307 1975 5352 aut
2003 5298 2131 5367 quia
2171 5300 2403 5369 apponis
2427 5304 2664 5351 mentem
2700 5294 2766 5348 ad
2800 5293 2962 5348 eum?
2986 5302 3080 5346 aut
3112 5293 3445 5363 speculatio-

1881 5404 2001 5443 nem
2034 5390 2154 5458 ejns
2201 5389 2369 5444 facies
2419 5402 2593 5457 usque
2622 5401 2803 5444 mane.
2843 5393 2898 5439 et
2937 5384 2993 5437 in
3028 5385 3272 5454 requiem
3315 5400 3440 5438 eum

1875 5478 2187 5547 judicabis?
2218 5477 2521 5547 Usquequo
2536 5492 2644 5531 non
2672 5476 2814 5532 sinis
2844 5491 2954 5539 me,
2978 5490 3157 5545 neque
3172 5474 3446 5529 dimittis?

1880 5585 2169 5640 usquequo
2201 5570 2500 5641 deglutiam
2532 5569 2762 5624 salivam
2807 5583 2984 5623 meam
3019 5568 3074 5621 in
3103 5565 3332 5622 dolore?
3384 5564 3440 5619 Si

1879 5678 1981 5733 ego
2013 5662 2258 5732 peccavi,
2308 5662 2439 5731 quid
2491 5676 2721 5731 possum
2767 5661 2866 5715 tibi
2908 5660 3131 5723 facere,
3176 5659 3270 5730 qui
3310 5660 3443 5727 .scis

1880 5763 2117 5808 mentem
2151 5750 2672 5817 bominnm?Quare
2708 5749 2939 5821 posuisti
2971 5763 3056 5801 me.
3096 5746 3439 5801 contrarium

1881 5851 2055 5902 tuum.
2110 5859 2229 5900 sum
2278 5853 2463 5899 autem
2499 5843 2600 5897 tibi
2632 5841 2817 5898 onus?
2862 5847 2916 5895 et
2955 5853 3054 5892 cur
3109 5853 3219 5892 non
3260 5834 3441 5892 fecisti
