4210 6448
216 429 341 492 1365

1425 435 1661 495 SACRA
1701 437 2165 496 PARALLELA.

3287 435 3429 502 1366

280 562 296 591 ι
337 542 558 611 Ζήσεται
591 542 619 593 6
646 540 874 611 ἀδελφός
896 558 990 596 σου
1023 545 1161 613 μετά
1191 542 1305 597 σοῦ.
1338 546 1410 598 Τὸ
1433 550 1541 618 γὰρ
1581 551 1752 619 ἀργύ-

1923 548 2088 603 Levit.
2115 563 2239 613 xxv,
2267 548 2355 603 35.
2390 579 2455 589 —
2490 566 2507 598 ι
2541 548 2696 603 Vivet
2727 547 2892 604 frater
2918 555 3045 602 tuus
3078 558 3277 604 tecum.
3304 552 3423 607 Non

210 637 317 704 ριόν
346 650 433 685 σου
465 634 525 685 ού
561 631 752 696 δώσεις
777 630 926 703 αύτῷ
962 636 1053 688 ἐπὶ
1083 636 1228 706 τόκῳ
1257 637 1350 690 καὶ
1392 640 1484 692 ἐπὶ
1530 641 1756 696 πλεονα-

210 726 344 796 σμῷ.
386 727 458 777 Οὐ
482 722 672 786 δώσεις
700 724 846 794 αύτῷ
880 727 971 781 ἐπὶ
1000 727 1144 797 τόκῳ
1168 729 1237 780 τὰ
1271 727 1535 799 βρώματά
1574 749 1688 785 σου.
1734 753 1753 785 ι

279 839 296 870 ι
335 820 550 871 Δανείον
569 817 799 881 δανειεῖς
821 818 898 888 τῷ
928 818 1155 889 πλησίον
1186 838 1281 874 σου
1311 822 1433 875 ὅσον
1453 824 1755 893 ἐπιδέηται.

208 912 296 962 καὶ
319 910 380 961 οὗ
409 908 695 979 λυπηθήσῃ
718 913 783 979 τῇ
808 910 1007 981 καρδία
1038 928 1158 979 σου,
1189 913 1424 978 διδόντος
1451 933 1543 969 σου
1568 917 1717 987 αύτῷ
1738 936 1754 952 ·

206 1002 293 1052 καὶ
318 1000 601 1070 εύλογήσει
634 1018 694 1054 σε
726 1002 945 1072 Κύριος.
986 992 1037 1080 »ί

277 1110 294 1143 ι
333 1095 443 1144 Ούκ
470 1095 735 1157 ἐκτοκιεῖς
757 1096 833 1163 τῷ
856 1097 1070 1169 ἀδελφῷ
1101 1117 1195 1153 σου
1226 1104 1387 1155 τόκον
1429 1103 1755 1172 βρωμάτων,

206 1183 296 1233 καὶ
327 1182 482 1234 τόκον
518 1184 719 1247 παντὸς
742 1186 1087 1256 πράγματος,
1121 1183 1183 1253 οὗ
1216 1191 1311 1244 ἐάν
1342 1192 1658 1263 ἐκδανείσῃς
1681 1193 1758 1262 τῷ

203 1272 407 1340 ἀδελφῴ
442 1290 556 1326 σου.
598 1294 616 1324 ο

270 1383 288 1415 ‹
334 1366 456 1417 Ἐὰν
488 1364 817 1441 ὀφείλημαῇ
852 1370 910 1420 ἐν
935 1371 1012 1436 τῷ
1043 1370 1270 1442 πλησίον
1302 1391 1394 1426 σου
1427 1376 1628 1438 ὁτιοῦν,
1660 1378 1760 1432 ούκ

204 1457 478 1528 είσελεύσῃ
508 1461 584 1521 είς
612 1460 710 1529 τὴν
736 1462 913 1515 οίκίαν
940 1464 1110 1518 αὑτοῦ
1140 1468 1465 1537 ἐνεχυράσαι
1488 1470 1549 1522 τὸ
1576 1472 1760 1541 ἐνέχυ-

203 1566 310 1615 ρον.
340 1548 484 1613 Ἔξω
512 1550 706 1624 στήσῃ,
747 1552 842 1605 καὶ
892 1555 920 1606 6
946 1554 1229 1625 ἄνθρωπος
1272 1554 1449 1623 οὗτος,
1480 1556 1541 1615 οὗ
1569 1563 1628 1616 τὸ
1666 1564 1759 1617 δα-

201 1638 334 1689 νεῐὸν
367 1639 457 1691 σού
486 1643 653 1707 ἐστιν,
681 1641 877 1707 ἐξοίσει
914 1644 995 1698 σοι
1025 1646 1083 1698 τὸ
1110 1649 1365 1721 ἐνέχυρον
1395 1652 1517 1717 ἔξω.
1562 1655 1682 1707 Ἐὰν
1703 1657 1761 1708 δὲ

198 1729 226 1777 6
258 1728 539 1798 ἄνθρωπος
578 1731 846 1803 πείνηται,
875 1735 933 1786 ού
968 1737 1276 1809 κοιμηθήσῃ
1310 1742 1366 1792 ἐν
1398 1742 1477 1813 τῷ
1520 1745 1762 1817 ἐνεχύρῳ

200 1820 380 1874 αὑτοῦ.
430 1823 757 1888 Ἀποδώσεις
801 1826 861 1878 τὺ
894 1827 1148 1897 ἐνέχυρον
1176 1831 1341 1884 αὐτοῦ
1391 1836 1520 1906 περὶ
1550 1837 1760 1907 δυσμὰς

201 1911 367 1978 ἡλίου,
403 1917 497 1968 καὶ
540 1916 935 1988 κοιμηθήσεται
984 1924 1043 1974 ἐν
1070 1926 1147 1992 τῷ
1198 1925 1398 1997 ίματίῳ
1443 1929 1633 1992 αὑτοῦ,
1666 1930 1761 1983 καὶ

195 2004 475 2077 εὐλογήσει
533 2026 613 2074 σε,
652 2012 747 2064 καὶ
790 2015 874 2066 σοὶ
922 2015 1078 2069 ἔσται
1126 2020 1465 2091 ἐλεημοσύνη
1522 2023 1760 2075 ἐναντίον

197 2098 398 2167 Κυρίου
423 2101 520 2153 τοῦ
544 2102 679 2155 Θεοῦ
717 2121 832 2159 σου.
870 2125 889 2157 ι

272 2210 289 2240 ι
326 2192 570 2257 Δανείζει
623 2196 651 2246 6
683 2196 1025 2266 ἁμαρτωλὸς.
1050 2201 1144 2252 καὶ
1181 2202 1282 2255 οὐκ
1324 2205 1611 2257 ἀποτίσει·
1647 2207 1675 2258 6
1704 2207 1760 2260 δὲ

193 2282 401 2346 δίκαιος
431 2287 712 2357 οίκτείρει,
738 2290 832 2341 καὶ
862 2291 1067 2345 δίδωσι.
1108 2313 1126 2345 ι

270 2392 287 2423 ι
326 2374 575 2443 Χρηστὸς
603 2378 744 2449 ἀνὴρ
772 2382 799 2433 6
828 2382 1114 2453 οἰκτείρων
1148 2386 1241 2439 καὶ
1267 2388 1495 2458 κιχρῶν.
1527 2406 1547 2439 ι

269 2569 286 2600 ι
326 2552 548 2615 Δίκαιος
575 2557 833 2627 οἰκτείρει
864 2561 956 2611 καὶ
987 2564 1172 2633 κιχρᾷ.
1218 2584 1237 2614 ο

268 2752 284 2782 ι
334 2732 395 2785 Ὀ
446 2735 735 2806 πληθύνων
791 2740 1023 2795 πλοῦτον
1066 2745 1231 2798 αὑτοῦ
1283 2765 1420 2814 μετα
1467 2751 1624 2803 τόκου
1668 2753 1761 2805 καί

194 2824 578 2899 πλεονασμοῦ,
627 2829 703 2901 τῷ
771 2832 1013 2888 ἐλεοῦντι
1063 2841 1313 2909 πτωχοὺς
1374 2843 1596 2911 συνάγει
1660 2844 1760 2897 αὐ-

190 2932 300 2970 τον.
331 2936 350 2969 ι

265 3028 285 3061 ι
322 3013 616 3068 Δανειστοῦ
662 3019 757 3071 καὶ
811 3021 1234 3090 χρειωφειλέτου
1273 3023 1524 3095 ἀλλήλοις
1573 3026 1763 3078 συνελ-

189 3101 416 3167 θόντων,
447 3106 757 3179 ἐπισκοπὴν
783 3112 1113 3183 ἀμφοτέρων
1151 3117 1386 3168 ποιεῖται
1415 3118 1443 3169 6
1470 3117 1696 3185 Κύριος.
1738 3137 1755 3168 ι

1856 642 2001 695 enim
2028 639 2187 694 dabis
2226 641 2275 693 ei
2317 641 2599 710 pecuniam
2634 640 2699 694 ad
2732 657 2955 696 usuram
2991 649 3046 695 et
3091 643 3422 713 multiplica-

1856 732 2086 785 tioneln.
2115 729 2235 785 Non
2268 730 2425 787 dabis
2457 733 2506 786 ei
2538 732 2605 787 ad
2638 749 2857 787 usuram
2903 734 3059 788 cibos
3089 741 3238 787 tuos.
3278 751 3298 785 ι

1930 823 2085 881 Deut.
2153 840 2243 890 xv,
2299 826 2352 881 8.
2389 856 2457 866 —
2498 844 2516 877 ι
2566 825 2752 881 Mutuo
2804 826 2961 880 dabis
3009 829 3262 896 proximo
3312 836 3423 889 tuo,

1857 923 2123 983 quantum
2163 917 2476 986 indiguerit,
2525 933 2628 973 nec
2671 918 2910 989 graviter
2939 917 3074 972 feret
3108 933 3205 973 cor
3250 925 3425 980 tuum,

1856 1020 1982 1058 cum
2015 1007 2231 1062 dederis
2252 1008 2325 1072 ei,
2360 1019 2414 1063 et
2453 1009 2737 1063 benedicet
2767 1018 2821 1063 te
2850 1007 3015 1064 Deus.
3047 1028 3066 1060 ι
3286 1007 3291 1019 ’

1928 1096 2088 1153 Deut.
2118 1116 2273 1162 nul,
2306 1100 2393 1155 19.
2422 1130 2490 1140 -
2529 1119 2547 1151 ι
2578 1098 2698 1153 Non
2729 1101 2916 1169 exiges
2936 1114 2968 1153 a
3001 1098 3166 1160 fratre
3188 1107 3281 1153 tuo
3305 1114 3427 1153 usu-

1859 1208 1974 1247 ram
2001 1207 2273 1253 escarum,
2305 1206 2404 1245 nec
2458 1207 2678 1246 usuram
2714 1191 3096 1261 cujuscunque
3145 1190 3224 1245 rei
3262 1204 3425 1259 quam

1858 1286 2134 1342 feneratus
2164 1282 2335 1338 fueris
2361 1285 2432 1339 ei.
2467 1302 2485 1335 ι

1930 1373 2087 1427 Deut.
2138 1388 2286 1439 xxnv,
2322 1374 2504 1427 lli-15.
2533 1405 2599 1415 —
2634 1390 2652 1425 ι
2692 1371 2748 1426 Si
2781 1372 3036 1428 debuerit
3084 1371 3254 1427 frater
3299 1381 3427 1426 tuus

1852 1466 2231 1536 quodcunque
2249 1466 2515 1530 debitum,
2531 1481 2641 1519 non
2669 1464 2996 1535 ingredieris
3019 1464 3238 1519 domum
3257 1463 3426 1524 illius,

1861 1568 1918 1610 ut
1950 1560 2146 1627 pignus
2188 1558 2428 1613 auferas.
2456 1556 2612 1613 Foris
2646 1558 2839 1624 stabis,
2877 1569 2931 1613 et
2966 1559 3127 1611 homo
3159 1556 3255 1612 ille
3286 1556 3429 1625 apud

1860 1665 2021 1718 quem
2048 1649 2215 1702 fuerit
2249 1658 2496 1700 nmtuum
2528 1658 2704 1707 tuum.
2738 1647 2871 1702 feret
2897 1647 2996 1701 tibi
3026 1649 3221 1716 pignus
3258 1645 3427 1701 foras.

1863 1740 2015 1805 Quod
2056 1740 2099 1794 si
2149 1756 2355 1809 pauper
2395 1747 2499 1801 est,
2536 1754 2644 1792 non
2672 1739 2912 1794 dormies
2946 1741 3000 1793 in
3032 1739 3260 1808 pignore
3277 1739 3428 1809 ejus.

1864 1831 2079 1887 Reddes
2102 1832 2296 1902 pignus
2324 1833 2445 1901 ejus
2477 1832 2623 1886 circa
2656 1846 2913 1885 occasum
2945 1830 3100 1895 solis,
3127 1838 3182 1885 et
3202 1830 3432 1885 dormiet

1795 1899 1834 1953 η
1865 1924 1920 1977 in
1972 1899 2304 1978 vestimento
2350 1899 2473 1986 suo,
2519 1932 2573 1976 et
2620 1923 2907 1977 benedicet
2936 1923 3056 1989 tibi,
3110 1931 3165 1978 et
3197 1924 3305 1978 erit
3335 1924 3430 1977 tibi

1864 2014 2241 2071 misericordia
2275 2030 2460 2069 coram
2486 2012 2715 2069 Domino
2738 2013 2849 2070 Deo
2880 2022 2994 2069 tuo.
3034 2032 3054 2065 ι

1932 2192 2091 2265 43],
2120 2191 2272 2248 Ρδαί.
2298 2208 2463 2247 xxxvi
2486 2234 2503 2259 ,
2525 2190 2619 2246 21.
2637 2223 2707 2232 —
2728 2211 2747 2245 ‹
2769 2191 3051 2246 Mutuatur
3078 2203 3358 2263 peccator,
3378 2200 3432 2245 et

1863 2301 1969 2341 που
2000 2288 2174 2341 solvet
2203 2304 2217 2353 ;
2244 2289 2428 2355 justus
2462 2295 2646 2340 autem
2680 2286 2991 2347 miseretur,
3024 2294 3079 2338 et
3111 2285 3329 2337 tribuit.
3368 2302 3388 2335 ι

1934 2379 2083 2433 Psal.
2124 2395 2247 2449 ext,
2282 2378 2337 2433 5.
2360 2406 2431 2418 —
2461 2396 2480 2430 ι
2510 2377 2797 2433 Iucundus
2827 2378 2993 2432 homo
3019 2377 3111 2447 qui
3141 2377 3434 2431 miseretur

1875 2482 1915 2523 ιι
1944 2471 2275 2525 commodat.
2310 2488 2329 2521 ι

1933 2563 2089 2619 Prov.
2142 2580 2271 2630 xiv,
2316 2562 2407 2617 2i.
2434 2591 2506 2603 ——
2535 2580 2553 2612 ι
2588 2559 2781 2615 Justus
2827 2560 3139 2625 miseretur,
3178 2566 3233 2613 et
3278 2572 3433 2613 com-

1866 2658 2063 2710 modat.
2089 2675 2109 2708 ι

1935 2746 2090 2801 Prov.
2129 2762 2293 2800 xxvm
2317 2787 2331 2811 ,
2368 2750 2420 2811 8.
2446 2775 2514 2785 —
2541 2762 2559 2797 ι
2586 2742 2688 2809 Qui
2720 2754 2883 2815 auget
2906 2745 3132 2800 divitias
3154 2738 3287 2799 suas
3307 2757 3432 2798 cum

1865 2855 2032 2895 usura
2065 2847 2119 2894 et
2152 2839 2375 2901 fenore,
2406 2836 2464 2891 in
2496 2852 2763 2909 pauperes
2793 2845 3094 2909 congregat
3118 2849 3235 2890 eas.
3267 2852 3288 2887 ι

1934 3017 2092 3072 Prov.
2131 3033 2258 3071 uix
2283 3058 2299 3082 ,
2331 3018 2418 3072 15.
2438 3048 2509 3057 -
2531 3036 2549 3068 ι
2583 3017 2829 3086 Paupere
2852 3024 2908 3071 et
2933 3014 3207 3070 creditore
3234 3026 3436 3066 occur-

1862 3109 2108 3164 rentibus
2140 3109 2282 3174 sibi,
2318 3118 2611 3177 utrumque
2638 3107 2957 3178 speculatur
2986 3104 3270 3160 Dominus.
3305 3121 3324 3154 ι

267 3213 284 3293 ι
322 3194 417 3267 Μὴ
453 3196 592 3251 ἔστω
622 3202 654 3269 ἡ
706 3201 827 3271 χείρ
861 3219 954 3254 σου
999 3204 1337 3276 ἐκτεταμένη
1360 3208 1441 3269 εἰς
1466 3207 1527 3259 τὸ
1556 3206 1756 3273 λαϐεῖν,

1826 3239 1830 3291 ι
1934 3202 2102 3257 Ισῖεσίὶ.
2142 3220 2215 3267 tv,
2249 3203 2339 3257 51.
2364 3231 2435 3241 --
2467 3222 2486 3254 ι
2522 3201 2599 3255 Ne
2631 3202 2701 3255 sit
2732 3215 2930 3254 manus
2969 3210 3059 3253 tua
3088 3205 3337 3267 porrecta
3365 3196 3436 3251 ad

192 3287 288 3339 καὶ
314 3290 375 3340 ἐν
404 3290 484 3358 τῷ
513 3290 827 3346 ἀποδιδόναι
860 3296 1287 3367 συνεσταλμένη.
1323 3317 1343 3349 ι

264 3399 283 3431 ‹
314 3382 407 3448 Μὴ
439 3382 694 3454 δανείσῃς
722 3384 997 3457 ἀνθρώπῳ
1034 3389 1366 3460 ἰσχυροτέρῳ
1391 3407 1515 3442 σου·
1550 3390 1643 3443 καὶ
1666 3391 1762 3444 ἐὰν

187 3471 446 3545 δανείσῃς
474 3474 549 3538 ὡς
576 3475 878 3540 ἀπωλεκὼς
904 3476 1083 3546 γενοῦ.
1119 3498 1136 3529 ι

266 3585 284 3616 ι
329 3567 590 3620 Δάνεισον
628 3567 711 3639 τῷ
753 3570 984 3640 πλησίον
1017 3588 1109 3624 σου
1146 3574 1204 3625 ἐν
1238 3571 1414 3643 καιρῷ
1452 3575 1641 3644 χρείας
1668 3575 1764 3628 αύ-

189 3657 309 3714 τοῦ.
351 3657 545 3710 Πολλοὶ
579 3659 655 3721 ὡς
706 3658 927 3730 εὕρημα
976 3662 1232 3731 ἐνόμισαν
1265 3663 1440 3728 δάνος,
1482 3666 1574 3718 καὶ
1619 3684 1761 3736 παρ-

189 3749 352 3819 έσχον
386 3750 591 3813 κόπους
620 3754 733 3813 τοῖς
767 3751 1096 3822 βοηθήσασιν
1141 3756 1344 3818 αὐτοῖς.
1382 3758 1561 3825 Βαρέα
1590 3757 1762 3811 ταῦτα

190 3841 470 3911 ἀνθρώπῳ
515 3841 691 3911 ἔχοντι
740 3844 1024 3914 φρόνησιν,
1056 3847 1376 3918 ἐπιτίμησις
1426 3849 1622 3912 οἰκίας,
1671 3850 1764 3903 καὶ

186 3933 502 4003 ὀνειδισμὸς
533 3934 835 3988 δανειστοῦ.
868 3955 885 3986 ι

267 4133 284 4162 ι
319 4113 412 4183 Τῷ
440 4113 683 4167 αἰτοῦντί
725 4133 783 4168 σε
815 4116 980 4181 δίδου,
1018 4119 1111 4171 καὶ
1143 4119 1233 4173 τὸν
1271 4119 1492 4173 θέλοντα
1533 4121 1640 4175 ἀπὸ
1667 4121 1761 4175 σοῦ

186 4206 569 4269 δανείσασθαι,
606 4207 680 4276 μὴ
704 4209 1084 4280 ἀποστραφῇς.
1124 4229 1140 4259 ι

266 4317 286 4349 ‹
329 4297 458 4350 Ἐὰν
518 4297 805 4368 δανείζητε
861 4301 991 4370 παρ’
1019 4293 1092 4352 ὧν
1134 4301 1386 4364 ἐλπίζετε
1440 4304 1757 4371 ἀπολαϐεῖν,

188 4389 322 4441 ποία
357 4391 487 4458 ὑμῖν
528 4389 689 4460 χάρις
720 4390 897 4455 ἐστίν;
935 4390 1045 4444 Καὶ
1080 4392 1188 4463 γὰρ
1221 4394 1537 4463 ἁμαρτωλοὶ⁵
1581 4397 1759 4470 ἀμαρ-

184 4484 384 4545 τωλοίς
409 4481 765 4548 δανείζουσιν,
798 4483 884 4536 ἵνα
920 4483 1234 4537 ἀπολάϐωσι
1269 4486 1337 4537 τά
1362 4487 1472 4542 ἴσα.
1507 4506 1524 4537 ι

404 4662 516 4715 δντι
548 4661 853 4733 ὑπερϐολὴν
901 4664 1300 4734 ἀπανθρωπίας
1348 4665 1485 4734 ἔχει,
1538 4666 1626 4718 τὸν
1656 4667 1756 4736 μὲν

183 4754 298 4805 τῶν
350 4755 659 4822 ἀναγκαίων
693 4756 886 4819 ἐνδεῶς
916 4755 1129 4825 ἔχοντα,
1163 4756 1344 4826 ζητεῖν
1382 4758 1644 4826 δάνεισμα
1678 4761 1758 4821 εἰς

182 4845 551 4914 παραμυθίαν
572 4844 669 4897 τοῦ
697 4845 833 4915 βίου,
854 4846 945 4900 τὸν
976 4847 1031 4899 δὲ
1068 4848 1139 4917 μὴ
1167 4846 1458 4916 ἀρκεῖσθαι
1489 4847 1565 4917 τῷ
1595 4864 1758 4917 κεφα-

184 4936 350 5005 λαίῳ,
386 4936 501 4987 ἀλλ’
548 4938 786 4990 ἐπινοεῖν
821 4939 885 4990 ἐκ
915 4938 1025 4991 τῶν
1059 4940 1353 5008 συμφορῶν
1378 4938 1472 4991 τοῦ
1524 4940 1757 5008 πένητος

182 5028 489 5098 προσόδους
530 5030 737 5100 ἐαυτῷ,
773 5033 867 5084 καὶ
914 5032 1173 5103 εὐπορίας
1218 5034 1489 5100 συνάγειν.
1556 5035 1615 5087 '0
1659 5034 1757 5103 μὲν

181 5118 279 5173 οὖν
304 5121 509 5190 Κύριος
532 5124 776 5192 ἐναργῶς
799 5126 929 5194 ἡμῖν
950 5124 1255 5191 διετάξατο,
1279 5126 1451 5195 λέγων
1470 5143 1481 5153 ⁸
1516 5128 1623 5180 Kal
1652 5127 1758 5179 τὸν

181 5214 449 5266 θέλοντα
473 5215 593 5268 ἀπὸ
626 5217 743 5269 σοῦ
777 5217 1193 5280 δανείσασθαι,
1221 5219 1306 5286 μὴ
1340 5218 1752 5288 ἀποστραφῇς.

194 5304 257 5353 Ὀ
289 5302 349 5353 δὲ
384 5305 717 5376 φιλάργυρος
748 5308 890 5378 ὀρῶν
920 5310 1025 5362 ὑπὸ
1061 5313 1159 5381 τῆς
1187 5311 1432 5382 ἀνάγκης
1456 5311 1623 5382 ἄνδρα
1655 5330 1757 5365 κα·-

180 5397 675 5465 τακαμπτόμενον,
707 5402 813 5481 πρὸ
842 5402 951 5481 τῷν
980 5406 1221 5471 γονάτων
1253 5404 1582 5471 ἱκετεύοντα,
1615 5407 1666 5458 τί
1696 5407 1755 5457 ού

184 5485 456 5539 ποιοῦντα
488 5490 763 5556 ταπεινὸν,
812 5494 865 5544 τί
907 5495 968 5545 οὐ
1020 5496 1413 5565 φθεγγόμενον,
1465 5498 1564 5549 οὐκ
1616 5497 1759 5549 ἐλεεῖ

180 5577 324 5647 παρ’
345 5578 505 5644 ἀξίαν
536 5583 865 5651 πράττοντα,
905 5587 966 5639 ού
994 5588 1268 5655 λογίζεται
1310 5591 1408 5659 τὴν
1439 5588 1621 5655 φύσιν,
1656 5590 1756 5642 οὐκ

178 5670 433 5725 ἐνδίδωσι
460 5676 577 5736 ταῖς
608 5675 859 5739 ἱκεσίαις,
878 5679 992 5731 ἀλλ’
1016 5680 1299 5749 ἄκαμπτος
1328 5683 1422 5735 καὶ
1444 5680 1756 5749 ἀμείλικτος

180 5760 448 5831 ἕστηκεν,
484 5764 603 5818 οὗτε
644 5768 893 5836 δεήσεσιν
923 5771 1108 5833 εἴκων,
1138 5773 1197 5823 ού
1231 5773 1494 5844 δάκρυσιν
1516 5773 1754 5826 ἐπικλώ-

193 5870 383 5922 μενος,
418 5858 685 5926 ἐπιμένων
712 5862 776 5929 τῇ
819 5862 1063 5934 ἀρνήσει,
1102 5865 1473 5936 ἐπομνύμενος
1522 5866 1613 5919 καὶ
1656 5866 1751 5918 ἐπ-

1816 3273 1830 3291 ’
1863 3295 2241 3364 accipiendum
2262 3332 2279 3359 ,
2308 3303 2361 3347 et
2396 3294 2462 3348 ad
2496 3292 2839 3348 reddendum
2868 3298 3178 3346 contracta.
3212 3307 3230 3340 ι

1932 3386 2101 3441 Eccli.
2135 3402 2231 3441 vm
2254 3431 2268 3453 ,
2306 3386 2392 3440 15.
2414 3416 2484 3426 -
2510 3405 2528 3436 ‹
2561 3383 2678 3438 Noli
2706 3384 2943 3438 fenerari
2973 3383 3183 3436 homini
3215 3380 3434 3435 fortiori

1861 3488 1952 3535 te:
1985 3478 2131 3549 quod
2165 3479 2210 3535 si
2243 3478 2578 3534 feneraveris
2600 3517 2617 3541 ,
2648 3476 2807 3546 quasi
2842 3474 3151 3545 perdideris
3174 3515 3188 3540 ,
3224 3472 3381 3528 habe.
3408 3492 3428 3524 ι

1931 3570 2101 3625 Eccli.
2151 3586 2280 3625 xxix
2307 3610 2323 3635 ,
2353 3568 2389 3623 2
2417 3586 2433 3634 ;
2484 3586 2557 3623 IV.
2592 3568 2682 3623 35.
2710 3597 2779 3609 -—
2806 3585 2825 3619 ι
2866 3567 3136 3622 Fenerare
3184 3564 3434 3636 proximo

1863 3674 1957 3719 tuo
1990 3664 2046 3717 in
2080 3673 2330 3734 tempore
2363 3662 2708 3716 necessitatis
2754 3660 2919 3715 illius.
2966 3658 3119 3713 Multi
3151 3658 3312 3727 quasi
3343 3658 3431 3711 in-

1862 3758 2177 3813 ventionem
2231 3755 2621 3809 existimarunt
2699 3753 2884 3817 fenus,
2942 3760 2997 3805 et
3059 3750 3428 3818 praestiterunt

1863 3848 2169 3903 molestiam
2204 3847 2271 3901 iis
2302 3846 2392 3915 qui
2432 3861 2491 3899 se
2520 3844 2875 3913 adjuverunt.
2908 3841 3109 3896 Gravia
3140 3847 3269 3895 sunt
3313 3840 3429 3894 haec

1861 3941 2071 3996 bomini
2110 3940 2334 3993 habenti
2382 3952 2645 3998 sensum,
2680 3935 2959 4005 correptio
2989 3933 3207 3998 domus,
3240 3941 3295 3987 ct
3326 3933 3434 3987 im-

1863 4032 2179 4102 properium
2216 4028 2567 4083 feneratoris.
2600 4045 2620 4076 ι

1932 4119 2129 4173 Matth.
2167 4136 2220 4183 v,
2258 4118 2346 4172 42.
2373 4146 2440 4158 —-
2469 4137 2488 4169 ‹
2521 4117 2732 4171 Petenti
2768 4132 2796 4169 a
2864 4126 2919 4173 te
2967 4116 3036 4171 da
3061 4157 3076 4179 .
3128 4122 3183 4170 e‘t
3227 4113 3429 4169 volenti

1863 4213 2100 4268 mutuari
2136 4226 2165 4264 a
2201 4218 2254 4263 te
2288 4225 2355 4263 ne
2386 4210 2679 4263 avertaris.
2714 4226 2733 4259 ι

1929 4305 2059 4360 Luc.
2096 4319 2149 4357 vr
2172 4345 2187 4370 ,
2217 4303 2308 4357 54.
2341 4334 2409 4343 —
2442 4319 2459 4353 ι
2492 4300 2548 4355 Si
2579 4310 2826 4354 mutuum
2852 4298 3116 4352 dederitis
3140 4298 3210 4352 iis
3241 4313 3270 4349 a
3302 4296 3430 4365 qui-

1862 4397 1967 4451 bus
1999 4395 2237 4465 speratis
2271 4396 2519 4462 recipere
2543 4431 2556 4455 ,
2594 4406 2714 4462 qua;
2746 4390 2923 4459 gratia
2971 4400 3059 4444 est
3103 4387 3297 4442 vobis?
3342 4387 3432 4441 Et-

1859 4487 1999 4539 enim
2037 4493 2360 4555 peccatores
2389 4485 2771 4552 peccatoribus
2804 4480 3149 4545 fenerantur,
3182 4487 3243 4533 ut
3290 4480 3431 4533 reci-

1791 4575 1834 4629 D
1865 4577 2015 4647 piant
2042 4576 2292 4647 aequalia.
2329 4594 2348 4628 ι

1932 4670 2102 4723 Basil.
2132 4670 2186 4722 in
2216 4667 2366 4720 Psat.
2398 4682 2507 4730 xtv,
2541 4666 2659 4720 adv.
2693 4666 2801 4733 [οη.
2826 4696 2896 4707 -
2928 4664 3136 4718 Revera
3167 4671 3429 4717 extrema:

1857 4761 2141 4830 cujusdam
2197 4758 2617 4812 iuhumanitatis
2666 4766 2787 4821 est,
2843 4756 2997 4809 illum
3055 4755 3274 4825 quidem
3323 4757 3417 4823 qui

1858 4854 2292 4907 necessariarum
2326 4866 2509 4905 rerum
2540 4850 2766 4918 penuria
2795 4848 3041 4913 laboret,
3072 4846 3423 4901 sublevanda:

1857 4946 1979 4997 vitae
2009 4958 2173 4997 causa
2212 4952 2452 4996 mutuam
2482 4942 2765 5010 pecuniam
2795 4939 3115 5007 postulare;
3148 4937 3295 4990 hunc
3324 4952 3423 4988 au-

1856 5044 1961 5088 lelll
1996 5043 2145 5089 σοι’ῑο
2170 5041 2488 5087 contentum
2518 5048 2629 5086 non
2655 5047 2776 5087 esse
2798 5071 2813 5093 ,
2847 5044 3033 5084 verum
3062 5043 3126 5081 ex
3162 5028 3420 5098 pauperis

1858 5126 2265 5179 calamitatibus
2301 5132 2605 5195 proventus
2636 5122 2737 5175 sibi
2776 5129 2830 5174 et
2864 5134 2997 5189 opes
3029 5118 3287 5173 conflare.
3327 5117 3416 5169 Et-

1858 5219 2003 5273 enim
2043 5217 2305 5271 Dominus
2344 5225 2527 5285 aperte
2563 5214 2719 5268 nobis
2753 5214 2855 5266 hoc
2887 5211 3099 5266 edixit:
3144 5209 3348 5263 Valenti
3382 5227 3416 5263 a
3488 5223 3493 5227 ·

1858 5322 1905 5366 te
1934 5312 2197 5372 mutuari,
2224 5326 2325 5362 non
2356 5308 2630 5362 avertatis.
2654 5307 2722 5360 At
2747 5320 2966 5367 avarus,
2990 5318 3111 5357 cum
3141 5301 3413 5354 hominem

1856 5420 1968 5473 prae
1998 5404 2181 5473 inopia
2214 5402 2278 5454 ad
2312 5416 2488 5469 genua
2540 5414 2637 5452 sua
2679 5397 3057 5467 provolutum,
3104 5392 3413 5460 supplican-

1856 5506 1964 5551 tem
1985 5536 2000 5558 .
2033 5496 2172 5549 nibil
2202 5509 2311 5548 non
2344 5492 2625 5546 humiliter
2666 5489 2985 5551 facientem,
3020 5486 3156 5541 nihil
3188 5501 3297 5538 non
3327 5485 3408 5538 ef-

1857 5590 2141 5643 futientem
2186 5586 2396 5648 cernit,
2442 5596 2783 5650 nequaquam
2832 5579 3035 5649 ipsius,
3088 5590 3249 5645 quam
3300 5591 3408 5628 non

1859 5682 2077 5747 meruit,
2107 5679 2417 5733 calamitate
2472 5682 2876 5735 commovetur,
2932 5685 3039 5722 non
3098 5667 3408 5721 considerat

1859 5782 2153 5832 naturam,
2189 5783 2294 5822 non
2328 5766 2583 5835 precibus
2615 5762 2792 5825 cedit,
2828 5774 2933 5813 non
2976 5757 3229 5827 lacrymis
3260 5755 3407 5807 fran—

1856 5864 2034 5933 gitur,
2070 5861 2163 5917 sed
2202 5857 2522 5929 deneganda
2566 5867 2954 5925 perseverans,
2990 5864 3113 5903 cum
3154 5860 3406 5904 exsecra-
