4210 6448
230 453 359 518 1369

1453 445 1691 505 SACRA
1720 445 2189 505 PARALLELA.

3320 441 3461 503 1370

220 566 304 616 ml
341 561 472 615 ἄλλα
498 557 591 609 τοῦ
623 555 1050 625 ἀπαιτουμένου.
1088 554 1215 607 Εἴθε
1256 570 1339 607 σοι
1386 555 1461 625 μὴ
1488 555 1779 623 ἀπήντησα
1812 558 1852 611 Α

1812 558 1852 611 Α
1884 551 2033 603 niam
2069 549 2303 618 accipit,
2339 557 2394 601 et
2444 548 2549 601 alia
2596 548 2719 617 ejus
2765 563 2793 602 a
2841 564 2953 619 quo
3002 564 3067 603 ea
3117 552 3456 619 reposcitur.

214 656 351 715 τότε,
383 652 502 720 οὐχὶ
519 649 576 701 δὲ
607 647 833 709 ἄκοντος
862 666 965 716 μου
989 646 1257 709 ὑπέϐαλες
1284 650 1351 716 τῇ
1380 647 1526 717 χειρὶ
1550 646 1620 699 τὰ
1648 647 1778 716 χρή-

215 762 354 812 ματα
374 758 390 774 ·
415 740 723 810 ὑπόχαλκον
748 740 806 793 δέ
839 757 933 793 σου
951 740 1011 793 τὸ
1032 740 1273 811 χρυσίου,
1298 741 1395 793 καὶ
1423 757 1777 809 παρακεκομ-

214 837 370 903 μένον
398 832 459 885 τὸ
495 832 757 900 νόμισμα.
806 831 935 884 Εἴτε
965 829 1059 884 οὖν
1104 831 1259 899 φίλος
1303 834 1333 884 ό
1372 830 1656 894 δανείζων,
1698 832 1773 901 μὴ

211 922 485 993 ζημιωθῇς
512 920 678 975 αὑτοῦ
717 921 816 993 τὴν
849 921 1033 991 φιλίαν
1054 936 1068 948 ·
1104 922 1217 974 εἴτε
1271 920 1487 993 ἐχθρὸς,
1520 923 1596 991 μὴ
1640 922 1772 992 γένῃ

206 1016 281 1085 τῷ
308 1015 563 1082 δυσμενεῖ
600 1014 935 1084 ὑποχείριος.
968 1015 1181 1086 Μικρὸν
1216 1014 1773 1085 ἐγκαλλωπισάμενος

207 1111 313 1170 τοῖς
339 1106 660 1176 ἀλλοτρίοις,
694 1106 923 1178 ὕστερον
951 1109 1046 1160 καὶ
1066 1107 1177 1160 τῶν
1210 1107 1478 1178 πατρῴων
1507 1110 1769 1177 ἐκστήσῃ.

207 1200 378 1265 Πένης
410 1193 461 1251 εἴ
484 1197 615 1265 νῦνς
645 1197 759 1251 ἀλλ’
787 1199 1093 1270 ἐλεύθερος.
1126 1202 1524 1271 Δανειςάμενος
1546 1201 1622 1264 δέ,
1652 1202 1773 1253 οὑδέ

208 1292 549 1361 πλουτήσεις,
587 1291 682 1343 καὶ
709 1290 809 1362 τὴν
840 1292 1155 1362 ἐλευθερίαν
1179 1293 1547 1364 ἀφαιρεθήσῃ.
1578 1292 1773 1355 Δοῦλος

203 1383 291 1434 τοῦ
322 1383 690 1446 δεδανεικότος
725 1386 755 1436 ὁ
778 1384 1166 1455 δανεισάμενος
1186 1403 1199 1415 ·
1244 1388 1340 1438 καὶ
1368 1386 1554 1450 δοῦλος
1585 1387 1773 1457 μισθο-

203 1475 383 1545 φόρος,
432 1477 461 1527 ό
516 1475 897 1547 ἀπαραίτητον
947 1477 1087 1546 ἔχων
1137 1478 1235 1548 τὴν
1290 1477 1658 1549 λειτουργίαν.
1706 1478 1771 1531 Οἱ

203 1567 357 1630 κύνες
379 1566 640 1633 λαϐόντες
671 1569 1030 1641 ἡμεροῦνται,
1060 1569 1090 1621 ό
1135 1568 1193 1631 δὲ
1232 1570 1516 1637 δανειστὴς
1565 1572 1772 1643 λαμϐά-

202 1677 305 1709 νων
337 1660 811 1730 προσερεθίζεται.
835 1662 911 1713 Ob
937 1660 1047 1733 γὰρ
1081 1659 1316 1715 παύεται
1339 1661 1607 1726 ὑλακτῶν,
1633 1662 1769 1717 ἀλλὰ

1891 641 2103 696 Utinam
2140 650 2255 694 tum
2290 641 2387 694 tibi
2424 640 2622 695 obvius
2670 655 2778 694 non
2811 640 3099 698 lfuissem!
3152 641 3347 697 Annon
3400 656 3457 698 ιιι

1886 736 2016 789 mihi
2052 735 2225 788 invito
2256 734 2518 803 pecunias
2550 732 2607 787 in
2638 748 2859 787 manum
2891 734 3127 802 injecisti
3155 735 3179 788 ?
3212 736 3459 789 subaera-

1885 839 1998 882 tum
2031 827 2196 883 etiam
2234 834 2389 880 tuum
2422 842 2618 879 aurum
2652 834 2775 880 erat
2796 865 2811 890 ,
2842 828 3015 881 excisi
3050 830 3282 881 nummi.
3310 828 3459 907 Quo-

1881 921 2063 984 circa,
2114 920 2231 975 sive
2279 919 2492 972 amicus
2545 919 2611 977 sit
2648 920 2755 990 ‘qui
2811 918 3057 983 fenerat,
3090 936 3157 974 ne
3201 921 3459 977 amicitia:

1887 1016 2063 1085 ipsius
2088 1015 2368 1083 jacturam
2407 1012 2576 1067 facias
2606 1038 2617 1067 .
2646 1020 2775 1068 sive
2802 1015 3007 1077 hostis,
3034 1031 3102 1069 ne
3127 1023 3181 1069 te
3210 1017 3457 1070 obstrin-

1879 1120 1980 1175 gas‘
2028 1106 2276 1159 inimico.
2327 1103 2623 1172 Postquam
2672 1105 3067 1173 aliquantisper
3112 1106 3183 1159 ob
3246 1106 3453 1159 alienas

1878 1214 2010 1266 opes
2036 1198 2235 1251 cristas
2257 1198 2547 1258 extuleris,
2568 1197 2815 1266 paternis
2840 1206 2897 1251 tu
2926 1199 3043 1266 ipse
3062 1212 3281 1266 quoque
3304 1198 3454 1252 exci-

1878 1290 1976 1345 des
2010 1289 2195 1344 bonis.
2229 1288 2441 1358 Pauper
2476 1305 2625 1344 nunc
2667 1290 2773 1343 es?
2817 1297 2872 1359 at
2926 1289 3083 1343 liber.
3114 1290 3218 1345 Ubi
3270 1302 3451 1343 autem

1879 1383 2170 1449 pecuniam
2207 1382 2403 1461 fenore.
2441 1383 2724 1451 acceperis
2746 1421 2761 1444 ,
2794 1397 2896 1435 nec
2926 1381 3081 1461 dives
3106 1382 3252 1446 eris,
3297 1382 3453 1435 insu-

1854 1486 1976 1541 per
2005 1483 2059 1528 et
2089 1472 2324 1527 libertas
2356 1455 2453 1527 tibi
2491 1474 2785 1527 adimetur.
2819 1455 3127 1527 Creditoris
3155 1473 3300 1527 enim
3333 1488 3452 1525 ser-

1879 1580 1981 1617 vus
2035 1574 2153 1629 est,
2184 1566 2280 1633 qui
2328 1564 2518 1618 fenore
2565 1567 2813 1635 accepit,
2861 1564 2995 1633 quin
3045 1567 3212 1618 etiam
3259 1581 3454 1625 servus

1881 1654 2261 1708 mercenarius
2282 1692 2297 1716 ,
2330 1653 2691 1707 acerbissimo
2721 1654 3029 1707 ministerio
3061 1653 3315 1719 (inrigetis.
3347 1656 3452 1719 Ca-

1878 1762 1974 1799 nes
1996 1744 2128 1800 cum
2161 1746 2499 1812 acceperint,
2534 1756 2960 1818 mansuescunt;
3011 1748 3276 1812 creditor,
3305 1748 3453 1802 acci-

198 1751 258 1801 τὸ
301 1750 461 1803 πλέον
511 1752 780 1823 ἐπιζητεῖ.
838 1754 965 1807 Ἐἀν
1010 1754 1240 1825 όμνύῃς,
1293 1756 1770 1827 ἀπιστεῖ-ἐρευνᾷ
1878 1762 1974 1799 nes
2004 1763 2128 1800 cum
2161 1750 2499 1812 acceperint,
2534 1756 2960 1818 mansuescunt;
3011 1750 3288 1827 creditor,

199 1842 265 1892 τὰ
285 1842 451 1906 ἑνδὸν,
475 1842 545 1896 τὰ
568 1843 1000 1914 συναλλάγματά
1030 1862 1123 1898 σου
1147 1846 1610 1917 πολυπραγμονεῖ.
1642 1848 1768 1901 Ἐὰν

1877 1841 2077 1909 piendo
2097 1879 2111 1902 ,
2150 1840 2335 1894 acrius
2365 1840 2646 1915 incitatur.
2679 1837 2864 1908 Neque
2894 1841 3041 1893 enim
3074 1840 3277 1894 latrare
3302 1840 3452 1895 desi-

197 1932 391 2003 προῖῃς
423 1934 519 1986 τοῦ
552 1934 835 2004 δοματίου,
862 1936 1009 1989 ἕλκει
1042 1935 1180 2006 πρὸς
1232 1938 1443 2000 ἐαυτὸν,
1476 1940 1571 1992 καὶ
1606 1955 1766 1992 κατα·
1798 1917 1841 1975 Β

1798 1917 1841 1975 Β
1871 1933 1950 1984 nil
1978 1972 1993 1997 ,
2027 1930 2124 1986 sed
2158 1930 2399 2000 amplius
2428 1932 2643 2000 quaerit.
2678 1930 2735 1984 Si
2780 1931 3173 2000 jusjurandum
3208 1934 3451 2002 interpo-

199 2027 369 2094 σύρει.
414 2025 542 2079 Ἐἀν
564 2027 619 2079 δὲ
646 2013 802 2080 ’ἔνδον
833 2027 1059 2079 σεαυτὸν
1085 2028 1465 2099 κατακρύψῃς,
1495 2030 1762 2099 ἐφέστηκε

1864 2038 2001 2085 nas,
2064 2037 2173 2076 non
2230 2024 2458 2089 credit;
2520 2024 2919 2091 supellectilem
2989 2032 3137 2076 tuam
3199 2027 3444 2103 excutit,

195 2120 258 2186 τῇ
310 2118 531 2190 αὐλαίᾳ,
584 2120 680 2173 καὶ
716 2118 1148 2189 θυρακρουστεῖ·
1201 2120 1296 2173 ἐπὶ
1337 2122 1584 2190 γαμετῆς
1630 2138 1762 2175 κατ-

1863 2124 2189 2169 contractus
2222 2123 2348 2170 tuos
2378 2125 2779 2186 perscrutatur.
2815 2116 2871 2172 Si
2902 2119 3067 2173 dumo
3098 2120 3361 2188 prodeas,
3382 2119 3446 2171 ad

194 2209 460 2278 αισχύνει,
512 2210 605 2263 ἐπὶ
655 2209 828 2279 φίλων
874 2208 1220 2282 καθυϐρίζει,
1267 2213 1326 2265 ἐν
1363 2214 1485 2274 ταῖς
1530 2212 1760 2283 ἀγόραις

1862 2223 1923 2263 se
1959 2216 2014 2263 te
2047 2208 2219 2263 trahit
2250 2217 2307 2263 et
2336 2218 2653 2279 extorquet.
2685 2209 2781 2264 Sin
2816 2220 2869 2263 te
2905 2213 3055 2265 intus
3105 2212 3444 2276 abscondas,

192 2299 375 2369 ἄγχει·
411 2303 585 2355 κακὸν
622 2304 939 2373 συνάντημα
966 2304 1177 2376 ἑορτῆς,
1214 2304 1446 2357 ἀϐίωτόν
1482 2322 1564 2358 σοι
1601 2323 1762 2359 κατα-

1861 2316 1961 2371 pro
2015 2301 2229 2356 foribus
2278 2312 2426 2357 astat
2458 2304 2767 2373 pulsatque.
2803 2303 3002 2359 Coram
3052 2320 3225 2359 uxore
3268 2304 3445 2373 pudn-

193 2393 445 2459 σκευάζει
466 2395 560 2448 τὸν
603 2395 738 2465 βίον.
776 2394 936 2448 Ἀλλὰ
974 2396 1204 2467 μεγάλη,
1234 2398 1482 2468 φησὶν,ή
1520 2398 1755 2469 ἀνάγκη.

1858 2409 1975 2447 rem
2003 2396 2105 2450 tibi
2136 2396 2365 2461 incutit,
2391 2411 2577 2450 coram
2608 2398 2805 2451 amicis
2831 2397 3001 2452 infert
3029 2396 3444 2465 contumeliam,

190 2482 253 2533 Τί
277 2485 469 2553 ὄφελός
501 2504 584 2540 σοι
628 2488 726 2557 τὴν
760 2487 1001 2559 σήμερον
1044 2488 1411 2559 ὑπερθέσθαις
1440 2489 1613 2542 Πάλιν
1647 2490 1757 2561 γὰρ

1860 2488 1916 2542 in
1948 2490 2212 2544 nundinis
2240 2490 2507 2561 prtefocat
2528 2531 2542 2553 ,
2575 2490 2628 2543 in
2654 2491 2744 2544 die
2775 2482 2917 2545 festo
2942 2489 3221 2545 infaustus
3250 2505 3446 2543 occur-

189 2575 305 2643 ήξει
328 2595 412 2632 σοι
446 2583 480 2651 ή
513 2580 675 2634 πενία
705 2580 895 2651 ῶσπερ
922 2579 1128 2648 ἀγαθὸς
1151 2581 1409 2653 δρομεὺς,
1436 2581 1531 2634 καλ⁸
1554 2583 1587 2652 ή
1617 2582 1756 2653 αὑτὴ

1863 2582 1934 2635 rit
1963 2583 2102 2649 tibi,
2138 2585 2395 2639 acerbam
2431 2584 2671 2654 denique
2702 2586 2804 2638 tibi
2843 2577 3021 2639 'vitam
3076 2585 3278 2639 reddit.
3334 2583 3441 2646 At,

188 2668 401 2740 ἀνάγκη
442 2671 578 2740 μετά
637 2671 957 2743 προσθήκης
1013 2672 1306 2745 παρέσται.
1347 2672 1422 2725 Τὸ
1456 2674 1562 2745 γάρ
1606 2673 1764 2737 δάνος

1868 2674 2093 2746 inquis,
2127 2675 2324 2746 ingens
2375 2692 2463 2730 me
2515 2678 2815 2732 necessitas
2872 2676 3062 2746 adigit.
3115 2675 3259 2741 Quid
3311 2690 3445 2729 vero

188 2760 285 2813 οὑκ
308 2763 630 2836 ἀπαλλαγὴν
658 2766 923 2835 παντελῆ,
948 2765 1085 2819 ἀλλά
1118 2766 1335 2837 μακρὰν
1361 2766 1636 2835 ἀναϐολὴν
1662 2768 1762 2838 τῆς

1864 2769 2093 2838 prodest
2122 2770 2221 2823 tibi
2248 2770 2391 2824 ultra
2423 2770 2744 2825 hodiernum
2778 2770 2924 2824 diem
2956 2768 3220 2836 differre?
3251 2784 3444 2823 rursus

188 2852 497 2923 ἀμηχανίας
526 2857 848 2927 παρέχεται.

1864 2863 2009 2914 enim
2046 2871 2343 2932 paupertas
2371 2864 2647 2918 celerrimi
2681 2865 2929 2919 cursoris
2959 2864 3135 2918 instar
3165 2863 3233 2917 ad
3263 2872 3318 2917 te
3350 2877 3444 2915 ve-

189 2944 332 3009 niet,
366 2948 657 3018 aderitque
681 2951 997 3014 necessitas
1033 2966 1133 3004 nec
1166 2952 1286 3005 sine
1314 2950 1557 3005 cumulo.
1587 2948 1829 3005 Pecunia
1877 2951 2119 3008 fenebris
2168 2970 2278 3009 non
2329 2956 2433 3009 hoc
2484 2955 2667 3021 aﬂ‘ert,
2707 2963 2768 3009 ut
2807 2952 3035 3025 prorsus
3076 2954 3445 3011 incommodis

187 3035 435 3095 libereris
466 3059 481 3095 :
515 3041 609 3096 sed
640 3043 891 3113 exiguam
924 3044 1193 3097 duntaxat
1229 3044 1496 3099 anxietati
1531 3052 1638 3097 tua:
1664 3059 1873 3098 moram
1904 3046 2180 3114 producit.

257 3136 440 3199 Τόκος
468 3130 623 3204 οἶμαι
646 3134 734 3187 διὰ
763 3136 864 3208 τὴν
896 3138 1226 3205 πολυγονίαν
1244 3139 1349 3217 ,τοῦ
1376 3138 1554 3193 κακοῦ
1579 3155 1754 3208 προσ-

182 3226 686 3297 ηγόρευται.Πόθεν
714 3227 824 3300 γάρ
852 3228 1077 3283 ἄλλοθεν
1098 3248 1114 3296 ;
1134 3232 1205 3283 Ἢ
1221 3232 1362 3301 τάχα
1390 3232 1568 3296 τόκος
1602 3229 1758 3298 λέγε-

1932 3139 2092 3212 433
2149 3140 2292 3197 Ibid.
2312 3171 2385 3182 —
2410 3142 2582 3204 Τόκος
2611 3141 2705 3212 (id
2747 3149 2833 3194 est
2864 3140 3052 3209 fenus)
3089 3141 3161 3196 ob
3203 3142 3333 3196 mali
3361 3142 3412 3197 fe

1862 3234 2198 3290 cunditatem
2237 3236 2309 3289 ita
2343 3236 2649 3306 appellatus
2687 3244 2790 3290 est.
2816 3233 2975 3291 Unde
3009 3237 3154 3291 enim
3190 3235 3441 3304 alioqui?

182 3336 267 3371 ται
315 3320 405 3373 διά
459 3320 558 3383 τάς
609 3320 808 3385 ὠδῖνας
860 3324 957 3376 καὶ
986 3323 1187 3387 λύπας,
1237 3323 1304 3387 ἃς
1348 3325 1600 3393 ἐμποιεῖν
1637 3327 1829 3410 ταῖςςΙ

1784 3352 1829 3410 C
1866 3321 1961 3378 Vel
1996 3328 2161 3379 etiam
2209 3326 2447 3382 fortasse
2490 3328 2649 3391 τόκος
2706 3336 3089 3398 nuncupatur.
3115 3328 3186 3383 ob
3216 3328 3437 3382 dolores

180 3411 374 3481 ψυχαῖς
400 3413 511 3465 τῶν
534 3413 928 3484 δανειζομένων
953 3416 1217 3483 πέφυκεν,
1235 3417 1451 3488 Ὠσπερ
1472 3418 1504 3487 ἡ
1533 3416 1660 3479 ὠδὶς
1687 3419 1754 3487 τῇ

1860 3427 1916 3469 et
1945 3416 2270 3480 molestias,
2328 3434 2467 3488 quas
2525 3433 2717 3472 eorum
2767 3419 2859 3488 qui
2905 3418 3111 3473 fenoris
3162 3418 3240 3472 rei
3282 3428 3434 3482 sunt,

180 3506 465 3576 τικτούσῃ,
506 3505 679 3568 οὕτως
708 3509 741 3575 ἡ
771 3506 1081 3578 προθεσμία
1106 3506 1184 3576 τῷ
1206 3508 1457 3578 ὑποχρέῳ
1487 3510 1754 3579 παρίστα-

180 3612 289 3651 ται.
322 3598 494 3660 Τόκος
524 3599 618 3650 ἐπὶ
657 3598 822 3669 τόκῳ,
873 3599 1127 3670 πονηρῶν
1165 3600 1370 3667 γονέων
1399 3600 1632 3671 πονηρὸν
1662 3600 1755 3653 ἐκ·

180 3698 355 3755 γονοι
382 3690 569 3744 Ταῦτα
594 3690 652 3743 δὲ
671 3690 917 3759 λεγέσθω
942 3696 1261 3761 γεννήματα
1284 3691 1529 3761 ἐχιδνῶν,
1556 3691 1622 3744 τά
1646 3693 1754 3746 τῶν

179 3781 349 3835 τόκων
389 3784 783 3853 ἀποκυήματα.
815 3784 926 3846 Τὰς
982 3784 1193 3853 ἐχίδνας
1238 3783 1461 3851 λέγουσι
1510 3783 1608 3854 τήν
1651 3802 1753 3853 γα-

182 3875 344 3946 στέρα
370 3876 475 3944 τῆς
512 3875 719 3946 μητρὸς
740 3875 1085 3939 διεσθιούσας
1127 3876 1435 3942 τίκτεσθαι,
1466 3878 1557 3929 καὶ
1581 3877 1632 3928 οί
1658 3878 1750 3928 τό·

179 3984 263 4021 κοι
305 3971 437 4031 τοὺς
472 3968 659 4032 οἴκους
713 3968 823 4023 τῶν
875 3968 1203 4039 ὀφειλόντων
1245 3970 1582 4037 ἐκφαγόντες
1616 3971 1751 4022 ἀπο-

176 4061 501 4126 γεννῶνται.

245 4155 344 4218 Δὸς
376 4153 442 4206 τὸ
464 4154 603 4207 οῐκοι
630 4153 885 4222 κείμενον
917 4152 1204 4223 ἀργύριον,
1234 4152 1309 4223 μὴ
1346 4152 1593 4223 βαρύνων
1618 4152 1749 4205 αὐτὸ

175 4248 293 4310 ταῖς
339 4246 706 4316 προσθήκαις,
742 4247 838 4299 καὶ
880 4245 1213 4316 ἀμφοτέροις
1253 4246 1374 4315 ἥξει
1410 4244 1613 4309 καλῶς.
1656 4246 1748 4298 Σοὶ

179 4336 276 4405 μὲν
312 4337 547 4409 ὑπάρξει
599 4336 660 4389 τὸ
698 4338 763 4389 ἐκ
806 4337 907 4405 τῆς
948 4335 1198 4404 φυλακῆς
1246 4336 1523 4403 ἀσφαλῶς,
1570 4336 1647 4405 τῷ
1691 4336 1746 4388 δὲ

174 4427 394 4480 λαϐόντι
426 4428 487 4480 τὸ
510 4430 575 4480 ὲκ
608 4428 708 4497 τῆς
741 4429 991 4497 χρήσεως
1026 4428 1237 4497 κέρδος.
1274 4429 1335 4480 Εἰ
1359 4429 1415 4481 δὲ
1448 4430 1545 4481 καὶ
1575 4446 1746 4499 προσ-

174 4515 352 4585 θήκην
376 4517 679 4587 ἐπιζητεῖς,
718 4516 1019 4588 ἀρκέσθητι
1058 4521 1173 4581 τοῖς
1209 4519 1363 4588 παρὰ
1382 4518 1477 4572 τοῦ
1516 4520 1743 4590 Κυρίου.

172 4600 349 4671 Αὐτὸς
374 4611 514 4680 ὑπὲρ
543 4610 651 4662 τῶν
694 4612 944 4679 πενήτων
977 4612 1069 4663 τὸν
1098 4611 1443 4681 πλεονασμὸν
1470 4612 1741 4665 ἀποτίσει.

1855 3508 2056 3563 animis
2113 3509 2253 3564 solet
2284 3511 2631 3581 ingenerare.
2685 3508 3161 3575 Quemadmodum
3214 3510 3434 3564 scilicet

1855 3602 2181 3669 parturienti
2244 3602 2439 3665 dolor,
2493 3602 2574 3656 sic
2649 3602 2996 3672 prarstitutus
3055 3601 3263 3657 fenoris
3315 3603 3435 3657 dies

1853 3697 2001 3743 astat
2057 3691 2317 3745 creditori
2357 3690 2564 3746 :fenus
2612 3706 2778 3759 super
2807 3690 2989 3754 fenus,
3024 3693 3290 3746 malorum
3334 3707 3434 3761 pa-

1854 3783 2070 3828 rentum
2107 3778 2249 3830 mala
2302 3779 2541 3833 soboles.
2592 3780 2756 3847 Atqui
2811 3781 3041 3850 viperini
3106 3780 3248 3837 fetus
3295 3798 3433 3838 usu-

1853 3879 2037 3918 rarum
2086 3876 2274 3936 partus
2304 3869 2411 3921 dici
2451 3880 2674 3939 queant.
2712 3868 2782 3924 Ut
2833 3872 2979 3925 enim
3020 3872 3238 3942 viperas
3275 3874 3432 3927 aiunt

1858 3944 2311 4011 exeso'matrum
2360 3967 2516 4014 utero
2579 3960 2635 4015 in
2700 3963 2875 4016 lucem
2914 3963 3039 4027 edi;
3093 3963 3178 4018 sic
3235 3962 3429 4019 fenora

1850 4047 2028 4100 exesis
2068 4047 2373 4104 debitorum
2400 4053 2655 4107 domibus
2688 4063 3070 4122 procreantur.

1928 4136 2071 4193 Ibid.
2101 4172 2172 4182 —
2203 4141 2278 4194 Da
2324 4144 2619 4212 pecuniam
2660 4160 2827 4215 quam
2883 4146 3031 4201 domi
3082 4147 3425 4203 reconditam

1849 4235 2037 4297 habes,
2068 4234 2236 4289 nullis
2275 4250 2393 4289 eam
2421 4235 2674 4291 fenorum
2713 4240 3131 4295 accessionibus
3154 4256 3423 4308 gravans:

1849 4326 1931 4380 sic
1966 4326 2183 4395 utrique
2232 4328 2372 4381 bene
2404 4328 2530 4382 erit.
2576 4328 2711 4383 Nam
2762 4340 2818 4385 et
2850 4332 2948 4385 tibi
2983 4340 3104 4387 tuto
3158 4334 3429 4389 custodie-

1850 4426 1941 4471 tur
1979 4436 1992 4471 :
2028 4427 2084 4472 et
2120 4418 2166 4472 is
2201 4420 2297 4487 qui
2356 4423 2655 4490 acceperit,
2712 4416 2926 4478 lucrum
2980 4441 3046 4479 ex
3080 4427 3185 4480 usit
3227 4442 3427 4481 conse-

1857 4515 2071 4578 quetur.
2107 4508 2266 4575 Quod
2313 4512 2359 4565 si
2414 4516 2791 4568 accessionem
2823 4517 3048 4584 quaeris,
3088 4532 3153 4571 ea
3191 4525 3424 4571 conten-
3473 4528 3479 4535 ‘

1851 4608 1939 4653 tus
1968 4611 2110 4668 esto,
2146 4618 2273 4671 qua:
2303 4603 2398 4656 tibi
2434 4619 2462 4656 a
2509 4603 2743 4659 Domino
2798 4608 3113 4677 profectura
3164 4617 3270 4664 est.
3303 4608 3425 4677 Ipse

172 4701 334 4772 Παρά
383 4701 476 4754 τοῦ
526 4703 698 4767 ὄντως
730 4702 1114 4773 φιλανθρώπου
1146 4704 1387 4773 ἀνάμενε
1440 4706 1507 4757 τά
1554 4705 1742 4773 φιλάν-
1779 4699 1822 4752 Ι)

1779 4699 1822 4752 D
1852 4693 1949 4746 tibi
1984 4709 2285 4764 pauperum
2332 4697 2559 4751 nomine
2600 4700 2876 4766 persolvet
2908 4699 3085 4755 fenus.
3125 4700 3207 4754 Ab
3234 4715 3301 4754 eo
3327 4702 3422 4770 qui

171 4794 386 4861 θρωπα.
428 4796 494 4847 Ἀ
540 4795 648 4865 γὰρ
703 4794 1003 4865 λαμϐάνεις
1035 4840 1049 4861 ,
1099 4796 1275 4850 ταῦτα
1331 4797 1746 4865 μισανθρωπίας

169 4887 426 4955 οὐδεμίαν
454 4888 763 4958 ὑπερϐολὴν
787 4889 1097 4943 ἀπολείπει.
1125 4890 1260 4941 Ἀπὸ
1287 4890 1582 4959 συμφορῶν
1618 4906 1745 4957 κερο

168 4975 393 5040 δαίνεις,
450 4977 560 5029 ἀπὸ
592 4978 844 5047 δακρύων
895 4979 1326 5050 ἀργυρολογεῖς,
1382 4979 1472 5031 τὸν
1537 4979 1743 5048 γυμνὸν

169 5070 383 5138 ἄγχεις,
417 5070 507 5122 τὸν
532 5070 873 5140 λιμώττοντα
896 5071 1120 5134 τύπτεις
1141 5087 1154 5100 ·
1195 5071 1344 5134 ἔλεος
1371 5072 1641 5139 οὐδαμοῖ).Δ
1662 5066 1743 5123 Τά

167 5159 420 5212 ἐντεῦθεν
452 5160 640 5230 κέρδη,
678 5161 1036 5232 φιλάνθρωπα
1065 5162 1379 5232 ὀνομάζειςς
1410 5165 1544 5215 Οὐαὶ
1574 5166 1619 5216 οί
1649 5163 1739 5215 λέ-

167 5262 357 5310 γοντες
384 5248 445 5300 τὸ
488 5249 684 5319 πικρὸν
705 5250 898 5317 γλυκὺ,
923 5254 1017 5303 καὶ
1043 5253 1141 5322 τὴν
1174 5253 1589 5323 μισανθρωπίαν
1618 5253 1736 5320 φιλ-

168 5337 491 5406 ανθρωπίαν
528 5341 1057 5411 προσαγορεύοντες.

249 5600 695 5671 Ἐκατοστολόγοι
736 5606 827 5657 καὶ
853 5605 1295 5675 δεκατοστολόγοι
1336 5608 1501 5672 τινὲς,
1532 5609 1734 5677 φρικτὰ

164 5694 261 5744 καὶ
287 5694 621 5765 ἀκουσθῆναι
638 5698 878 5767 ὀνόματα
902 5717 916 5731 ο
941 5703 1181 5769 μηνιαῖοι
1206 5703 1523 5771 ἀπαιτηταὶ,
1546 5702 1733 5772 ὥσπερ

165 5785 217 5835 οἱ
248 5785 345 5850 τὰς
383 5788 677 5859 ἐπιληψίας
707 5789 1005 5856 ποιοῦντες,
1040 5792 1183 5845 κατὰ
1208 5793 1306 5856 τὰς
1331 5795 1611 5862 περιόδους
1633 5794 1732 5863 τῆς

169 5877 401 5948 σελήνης
444 5881 816 5951 ἐπιτιθέμενοι
858 5888 967 5947 τοῖς
1025 5888 1279 5955 πτωχοῖς,
1324 5890 1536 5957 πονηρὰ
1586 5887 1729 5949 δόσις

1856 4784 2127 4852 benignus
2160 4796 2262 4847 cst,
2294 4786 2532 4856 benigna
2578 4790 2919 4858 praestolare.
2968 4789 3103 4843 Nam
3132 4806 3255 4859 quae
3286 4792 3422 4843 alio-

1851 4877 2202 4946 quiaccipis,
2244 4880 2460 4934 nullum
2519 4881 2939 4936 inbumanitatis
2988 4882 3217 4949 gradum
3248 4884 3420 4936 relin-

1850 4979 2048 5038 quunt.
2088 4970 2165 5023 Ex
2226 4970 2634 5025 calamitatibus
2694 4973 2892 5028 alienis
2938 4983 3209 5042 quaestum
3251 4973 3413 5038 facis,

1846 5080 1911 5115 ex
1949 5063 2209 5133 lacrymis
2243 5067 2532 5133 pecuniam
2593 5065 2835 5133 colligis,
2882 5065 3091 5119 nudum
3119 5064 3410 5134 praefocas,

1845 5173 1968 5211 eum
1998 5156 2092 5226 qui
2127 5156 2271 5212 fame
2301 5159 2538 5220 laborat,
2568 5159 2835 5227 percutis,
2866 5174 3139 5231 nusquam
3193 5140 3414 5213 miiteri-

1844 5251 2031 5305 cordia
2068 5270 2080 5304 :
2118 5252 2253 5318 quin
2282 5260 2335 5306 et
2372 5253 2742 5323 quodcunque
2771 5269 2836 5309 ex
2873 5254 2959 5308 bis
3008 5253 3257 5308 lucratus
3290 5253 3412 5307 fuc-

1844 5343 1944 5403 ris,
1981 5342 2276 5411 benignum
2326 5352 2381 5399 et
2416 5344 2717 5399 humanum
2764 5346 3049 5400 nominare
3093 5343 3289 5399 amas?
3319 5343 3411 5400 γε

1842 5436 1931 5504 qui
1967 5434 2161 5488 dicunt
2197 5451 2443 5489 amarum
2483 5437 2691 5502 ~du|ce,
2737 5444 2791 5492 et
2818 5436 3275 5493 inbumanitatem
3309 5452 3408 5508 ap-

1842 5526 2044 5593 pellant
2068 5526 2485 5582 humanitatem.

1914 5616 2055 5669 Ibid.
2082 5648 2153 5658 —
2186 5617 2589 5689 Hecatostologi
2635 5628 2689 5675 et
2734 5620 3129 5691 decatostologi
3184 5620 3269 5692 (id
3296 5629 3399 5684 est,

1838 5709 1930 5779 qui
1964 5711 2295 5763 centesimas
2322 5721 2376 5762 et
2402 5711 2736 5767 decumanas
2770 5728 2972 5768 usuras
2998 5714 3205 5784 legunt)
3227 5715 3403 5768 nomi-

1841 5816 1907 5853 na
1944 5802 2029 5855 vel
2074 5802 2192 5867 ipso
2224 5801 2416 5855 auditu
2450 5803 2762 5871 horrenda;
2793 5814 3081 5861 exactores
3113 5807 3397 5872 menstrui,

1836 5906 1943 5946 non
1980 5907 2141 5948 secus
2175 5907 2238 5947 ac.
2285 5896 2560 5953 dmmones
2596 5896 2672 5949 illi
2716 5899 2809 5965 qui
2841 5899 3142 5955 comitiales
3171 5896 3396 5955 morbos
