4210 6448
228 451 358 515 1373

1426 465 1668 525 SACRA
1706 464 2138 525 PARALLELA
2151 512 2163 524 .

3318 466 3454 530 1374

228 563 487 633 Ὀφλημα
520 565 775 636 πατρῷον
809 568 890 629 εἰς
918 568 1294 641 δεσμωτήριον
1320 572 1463 638 ἄγει.
1493 573 1584 641 Μὴ
1616 589 1785 625 κατα·
1814 584 1858 635 Α

1814 584 1858 635 Α
1894 573 2022 628 liliis
2062 575 2370 642 relinquere
2398 590 2506 630 non
2540 584 2715 645 potes,
2739 576 3128 648 ingenuitatem
3159 576 3348 631 saltem
3371 577 3452 631 eis

221 655 411 727 λείπῃς
436 663 821 729 γραμματεῖον
849 660 1037 730 ὥσπερ
1071 663 1211 732 ἀρὰν
1238 664 1511 735 πατρικὴν
1544 667 1625 727 είς
1657 667 1782 716 παῖ-

219 748 314 813 δας
339 752 782 806 καταϐαίνουσαν
813 755 909 808 καὶ
940 756 1216 824 ἐγγόνους.

1890 682 1995 720 non
2020 652 2246 736 eripias.
2278 665 2494 722 Nemini
2537 680 2828 740 paupertas
2868 670 3040 739 patris
3078 669 3295 722 crimini
3326 668 3452 721 data

1889 771 2128 823 unquam
2186 755 2288 809 init
2320 775 2332 810 :
2367 772 2441 811 ses
2489 773 2621 812 vero
2651 758 2886 812 alienum
2918 773 2948 810 a
2976 767 3129 825 patre
3157 755 3452 810 conﬂatum

219 840 270 893 in
310 854 591 895 carcerem
623 842 794 898 ducit.
835 843 914 899 Ne
936 846 1092 900 sinas
1133 847 1496 917 syngrapham
1546 856 1788 918 paternae
1835 845 2007 900 instar
2049 847 2450 902 exsccrationis
2513 849 2580 903 ad
2620 848 2765 904 illius
2835 858 2889 903 et
2952 859 3172 918 nepotes
3224 849 3455 902 descen-

217 931 362 984 dere.

215 1043 396 1117 ΤΙΤΛ.
427 1046 487 1117 i'.
516 1078 586 1088 -—-
636 1048 778 1117 Περὶ
830 1048 1142 1103 δεσποτῶν
1183 1050 1281 1107 καί
1313 1050 1777 1117 οἱκοδεσποτῷν·

282 1116 503 1190 οιαὶ-ὄτι
548 1120 629 1190 of:
664 1116 782 1188 χρὴ
824 1121 1047 1187 αὐτοὺς
1080 1122 1393 1190 φορτικοὺς
1436 1119 1607 1187 εἶναι,
1642 1122 1782 1176 ἀλλ’

280 1184 502 1253 ἠπίους
531 1184 984 1255 τοῖόῖγὺνοῦσι.

287 1316 306 1349 ι
350 1298 410 1351 ’0
441 1299 516 1370 μὴ
548 1303 1093 1373 συμπεριφερόμενος
1118 1303 1194 1374 τῷ
1232 1304 1425 1359 ἑαυτοῦ
1459 1308 1609 1375 οἴκῳ,
1642 1306 1777 1375 κληι-

217 1391 415 1461 ρονομή
423 1407 506 1444 σει
538 1392 793 1463 ἀνέμους.
826 1413 846 1447 ι

285 1499 304 1531 ι
336 1483 428 1553 Μὴ
486 1484 594 1537 ῐσθι
641 1485 716 1548 ὡς
747 1485 884 1539 λέων
922 1488 980 1539 ἐν
1024 1486 1101 1557 τῷ
1130 1487 1266 1559 οἴκῳ
1303 1506 1418 1553 σου,
1450 1490 1547 1542 καὶ
1576 1506 1778 1559 φαντα-

212 1572 517 1627 σιοσκοπῶν
547 1575 605 1626 ὲν
632 1577 744 1639 τοῖς
773 1576 1015 1641 οἰκέταις
1038 1596 1152 1633 σου.
1194 1598 1213 1629 ι

284 1682 303 1713 ‹
336 1663 399 1717 Ri
424 1664 541 1717 ἔστι
571 1683 654 1719 σοι
695 1668 935 1738 οἰκέτης,
970 1669 1108 1723 ἔστω
1138 1671 1212 1735 ὼς
1235 1671 1297 1723 σύ
1320 1687 1335 1702 ·
1368 1672 1450 1725 ὅτι
1495 1673 1554 1727 ἐν
1583 1672 1776 1741 αἵματι

208 1753 426 1821 ἐκτήσω
477 1756 659 1808 αὐτόν.
709 1756 839 1810 Ἐὰν
882 1757 1141 1829 κακώσῃς
1178 1760 1359 1824 αὐτὸν,
1413 1762 1508 1814 καὶ
1555 1762 1775 1832 ἀπάρας

206 1844 513 1919 ἀποδράσῃ,
545 1847 603 1898 ὲν
634 1846 764 1918 ποίᾳ
792 1848 898 1919 ὀδῷ
923 1846 1178 1920 ζητήσεις
1206 1850 1402 1915 αὐτόνς
1435 1870 1455 1902 ι

278 2045 296 2077 ι
326 2026 389 2079 Οἱ
423 2024 622 2095 κύριοι,
653 2025 721 2079 τά
744 2026 885 2081 αὐτά
936 2029 1140 2082 ποιεῖτε
1170 2028 1309 2100 πρὸς
1338 2031 1560 2093 αὐτοὺς,
1596 2031 1751 2084 ἀνιένν

201 2132 293 2179 τες
321 2116 422 2187 τὴν
454 2118 706 2188 ἀπειλὴν,
733 2119 934 2183 εἰδότι-ς
972 2120 1053 2173 ὅτι
1077 2120 1280 2191 Κύριος
1309 2122 1405 2175 καὶ
1443 2121 1622 2176 αὐτῶν
1673 2124 1769 2176 καὶ

203 2209 358 2279 ὑμῶν
387 2210 540 2262 ἐστιν
568 2212 627 2263 ὲν
658 2211 897 2283 οὐρανῷ.
940 2232 960 2265 ι
1752 2280 1754 2282 τ

278 2320 297 2353 ι
334 2304 398 2354 Οἱ
431 2304 635 2376 κύριοι,
658 2304 721 2357 τὸ
753 2305 962 2360 δίκαιον
990 2307 1087 2361 καὶ
1119 2307 1220 2378 τὴν
1262 2307 1483 2377 ίσότητα
1507 2310 1619 2371 τοίς
1651 2308 1770 2361 δού-

201 2394 312 2460 λοις
337 2395 631 2469 παρέχετε,
659 2398 859 2453 εἰδότες
892 2400 973 2453 ὅτι
997 2400 1091 2454 καὶ
1121 2400 1279 2471 ὑμεῖς
1299 2402 1508 2472 Κύριον
1528 2400 1679 2471 ἔχετε
1709 2402 1768 2452 ἐν

199 2486 435 2559 οὐρανῷ.
470 2509 491 2539 ι

282 2576 544 2642 Ἐνδίκως
582 2579 1142 2651 καταδουλωσάμενος
1173 2582 1202 2634 6
1241 2581 1427 2652 πατὴρ
1467 2581 1643 2652 ἀφῆκέ
1685 2598 1768 2634 σοι

199 2670 406 2725 δοῦλον.
435 2671 537 2735 Δὸς
559 2671 709 2743 αὐτῷ
736 2672 836 2743 τὴν
866 2672 1200 2745 ἐλευθερίαν,
1231 2672 1470 2743 κάκείνῳ
1512 2674 1769 2742 κουφοτέ-

202 2779 304 2833 ραν
332 2764 590 2834 ποιήσεις
622 2763 722 2835 τὴν
747 2764 1003 2836 βάσανον,
1028 2766 1123 2819 καὶ
1145 2764 1357 2837 σεαυτῷ
1381 2766 1479 2837 τὴν
1507 2766 1769 2837 ἀληθινὴν

197 2853 518 2927 ἐλευθερίαν
551 2857 1023 2927 παρασκευάσεις.

305 3120 405 3195 lic
428 3120 754 3195 δεσπότης,
779 3122 819 3190 ἢ
849 3121 1111 3195 δοῦλοςς
1152 3125 1191 3191 ἡ
1220 3126 1424 3193 φαύλη
1455 3125 1626 3195 τομή.

433 3190 585 3243 πᾶσι
620 3185 920 3264 πλάστης,
948 3185 1262 3262 εἷς’νόμοξ,
1282 3185 1480 3264 κριάις
1498 3185 1627 3263 ﬁla.

307 3260 865 3332 :I‘xnpstovgérovg
898 3264 978 3327 ὡς
1007 3260 1353 3332 σύνδουλρὶς
1392 3260 1609 3330 βλέπε.

300 3325 485 3383 Ὄταί-
509 3325 726 3398 λυθῆς,
758 3325 981 3401 φάνηθι
1016 3325 1375 3404 τιμιώτερὸξι.

261 3444 326 3495 Οἱ
350 3442 635 3512 λεγόμενοι
673 3444 956 3510 δεσπόται,
994 3444 1123 3519 δόξῃ
1155 3449 1338 3517 μόνον,
1370 3449 1431 3501 οὐ
1462 3451 1597 3519 πρὸς
1630 3451 1765 3521 ἀλή-

194 3532 342 3586 θειαν
383 3533 765 3603 ὀνομάζονται.
800 3536 1004 3607 Κύριος
1026 3539 1282 3608 γεννητὸς
1332 3539 1469 3610 πρὸς
1506 3540 1765 3611 ἀλήθειαν

192 3620 385 3681 οὐδεὶς,
420 3621 527 3673 κᾶν
580 3623 688 3675 ἀπὸ
715 3625 970 3694 περάτων
997 3627 1079 3690 εἰς
1131 3629 1348 3698 πέρατα
1394 3628 1625 3700 εὐρύνας
1665 3630 1764 3701 τὴν

190 3712 489 3783 ἠγεμονίαν
532 3715 826 3787 ἀνάψηται.
888 3718 1063 3782 Μόνος
1091 3718 1148 3772 δὲ
1198 3721 1227 3773 6
1273 3720 1567 3792 ἀγέννητος
1602 3722 1764 3793 ἀψευο

190 3804 293 3868 δῶς
328 3806 578 3875 ἡγεμών.

257 3986 402 4051 Κάν,
434 3987 510 4049 ὡς
540 3988 718 4057 λέγεις
740 3992 919 4057 αὐτὸς,
955 3994 1149 4049 οὐδένα
1176 3996 1402 4063 θλίϐεις,
1422 3998 1484 4052 οὐ
1512 3998 1757 4066 τύπτεις,

188 4079 285 4132 οὐκ
314 4080 615 4147 ἔκπιὲζεις,
642 4085 742 4137 οὐκ
764 4085 989 4151 ἀδικεῖς,
1014 4088 1129 4140 ἀλλ’
1158 4090 1297 4161 ὑπὲρ
1319 4091 1427 4144 τῶν
1456 4093 1760 4165 συνδιατρι-

189 4170 392 4226 ϐόντων
428 4190 507 4227 σοι
543 4174 788 4240 ὑποίσεις
823 4178 1053 4250 φοϐερὸν
1087 4180 1411 4250 λογοθέσιον.

259 4368 347 4437 Μή
376 4385 461 4430 τις
493 4368 709 4440 σφοδρῷ
739 4371 882 4443 λιμῷ
920 4373 1167 4447 κάταγχε
1209 4377 1337 4440 τοὺς
1382 4378 1608 4431 σεαυτοῦ
1639 4379 1757 4433 606-

188 4458 745 4530 λους,άνθρωπε,ἀλλ’
780 4464 903 4516 ὅσον
931 4467 1010 4528 είς
1035 4467 1347 4539 ἀλλοτρίους
1376 4470 1647 4541 εὐψυχεῖς,
1664 4472 1756 4525 καὶ

1887 1039 2023 1095 ἸΊΤ.
2060 1042 2127 1097 Χ.
2158 1072 2225 1083 --
2257 1039 2330 1095 De
2350 1042 2493 1095 lteris
2534 1052 2584 1096 et
2619 1043 2860 1110 patribus
2906 1042 3184 1112 familias:
3224 1053 3275 1095 et
3312 1060 3448 1112 quoa

1954 1128 2039 1164 eos
2070 1128 2171 1163 non
2198 1128 2431 1180 asperos,
2463 1113 2552 1166 sed
2595 1114 2733 1168 lenes
2787 1115 2853 1167 iis
2891 1114 3201 1185 quibuscum
3241 1130 3452 1168 versan-

1957 1191 2067 1243 tur,
2093 1197 2206 1235 esse
2245 1193 2509 1251 oporteat.

1953 1294 2114 1349 Prov.
2144 1312 2221 1360 ιιι,
2256 1298 2340 1350 l9.
2366 1329 2435 1340 --
2466 1318 2484 1350 ι
2516 1298 2625 1365 Qui
2662 1298 2956 1354 conturbat
3005 1297 3225 1352 domum
3272 1312 3448 1362 suam,

1880 1390 2189 1461 possidebit
2224 1398 2437 1446 ventos.
2468 1411 2486 1444 ι

1948 1480 2117 1534 Eccli.
2168 1496 2241 1543 iv,
2295 1480 2385 1534 56.
2419 1510 2487 1520 —
2515 1500 2532 1531 ι
2563 1479 2682 1535 Noli
2728 1495 2847 1536 esse
2898 1480 3042 1534 sicut
3088 1481 3180 1535 leo
3204 1479 3260 1534 in
3284 1474 3448 1536 domo

1875 1580 1989 1635 tua,
2021 1581 2075 1627 et
2108 1571 2435 1638 abreptitius
2464 1573 2517 1625 in
2546 1571 2866 1626 domesticis
2896 1573 3026 1625 tuis.
3067 1592 3085 1624 ι

1948 1662 2117 1716 Eccli.
2167 1678 2249 1726 ιιι,
2299 1662 2483 1716 3%-
2518 1680 2536 1714 σ
2586 1662 2645 1716 Si
2694 1664 2892 1717 esttibi
2945 1676 3156 1724 servus.
3205 1663 3278 1717 sit
3340 1660 3436 1716 tibi

1882 1756 2031 1810 sicut
2070 1764 2126 1807 tu
2157 1774 2170 1809 :
2208 1757 2471 1824 quoniam
2524 1754 2581 1808 in
2614 1756 2881 1823 sanguine
2930 1754 3258 1824 comparasti
3288 1768 3446 1814 eum.

1806 1843 1845 1897 Β
1879 1850 1935 1904 Si
1968 1849 2223 1932 amiseris
2261 1863 2414 1912 eum,
2461 1856 2515 1901 et
2557 1847 2748 1902 abiens
2789 1844 3061 1918 etingerit,
3125 1847 3179 1900 in
3219 1860 3329 1916 qua
3359 1845 3448 1900 via

1879 1958 2093 2013 quaeras
2128 1943 2291 1997 eum?
2326 1963 2345 1995 ι

1950 2034 2141 2103 Eplies.
2176 2051 2251 2098 vt,
2285 2036 2339 2091 9.
2362 2066 2432 2076 —
2464 2054 2481 2088 ι
2509 2033 2641 2099 Vos,
2671 2035 2902 2099 domini,
2930 2034 3118 2090 eadem
3138 2035 3443 2099 l'aciteillis,

1878 2127 2224 2181 remittentes
2256 2127 2458 2191 minas,
2515 2127 2642 2197 quia
2701 2126 2969 2182 Dominus
3030 2126 3348 2193 etillorum,
3390 2139 3447 2197 et

1884 2224 2066 2271 vester
2094 2217 2352 2272 dominus
2384 2225 2469 2271 est
2504 2217 2559 2271 in
2597 2217 2773 2272 caelis.
2805 2235 2824 2267 ι

1946 2309 2152 2364 Coloss.
2187 2326 2261 2374 iv,
2292 2309 2347 2362 λΙ.
2375 2339 2445 2352 -—
2469 2327 2489 2360 ι
2533 2309 2769 2373 Domini,
2816 2308 2964 2379 quod
3002 2308 3212 2378 justum
3264 2316 3352 2366 est
3388 2318 3446 2364 et

1877 2417 2116 2471 mqnum,
2150 2401 2323 2456 servis
2360 2409 2629 2470 praestate,
2671 2401 2911 2456 scientes
2954 2400 3099 2470 quod
3140 2401 3306 2455 etiam
3348 2415 3445 2456 vos

1881 2495 2168 2549 Dominum
2203 2493 2419 2549 habetis
2450 2493 2506 2548 in
2534 2494 2712 2550 ctelis.
2744 2512 2764 2545 ι

1947 2587 2161 2642 Basilii.
2202 2616 2255 2626 -—
2317 2585 2489 2651 Quem
2534 2595 2690 2656 pater
2733 2583 2878 2638 haud
2944 2582 3126 2653 iniqua
3181 2582 3444 2639 servitute

1874 2695 2205 2749 oppressum
2240 2679 2337 2733 tibi
2376 2694 2597 2734 servum
2639 2676 2883 2747 reliquit,
2931 2675 3018 2731 fac
3075 2691 3199 2730 eum
3253 2689 3444 2728 manu-

1875 2773 2079 2826 mittas.
2112 2770 2226 2826 llac
2283 2773 2491 2826 ratione
2562 2778 2679 2824 tum
2722 2770 2985 2825 leniorem
3036 2769 3087 2823 ei
3136 2768 3441 2822 cruciatum

1878 2864 2095 2927 reddes,
2124 2873 2241 2919 tum
2274 2865 2389 2936 ipse
2426 2864 2527 2918 tibi
2570 2877 2757 2918 veram
2799 2862 3107 2918 libertatem
3154 2872 3440 2930 compara-

1876 2954 1980 3009 bis.

2371 3043 2639 3099 Nazians.
2672 3053 2796 3098 tctr.
2828 3043 2922 3098 56.

2018 3140 2153 3204 Quis
2180 3155 2382 3203 seruus,
2421 3148 2513 3192 aut
2546 3139 2706 3193 herus
2727 3141 2752 3193 1’
2790 3138 2936 3190 mala
2968 3138 3126 3205 plane
3152 3137 3337 3190 sectio.

2018 3210 2119 3264 Est
2146 3212 2303 3280 ﬁctor
2329 3226 2490 3273 unus,
2522 3226 2630 3261 una
2654 3210 2760 3271 less,
2782 3209 2950 3275 judex
2969 3223 3194 3276 quoque.

2013 3279 2106 3335 Sic
2135 3297 2258 3350 ergo
2284 3296 2478 3343 seruos,
2515 3295 2694 3334 servus
2728 3288 2808 3340 ut,
2843 3294 3025 3330 cernas
3048 3292 3185 3350 tuos.

2011 3352 2171 3412 Aliis,
2196 3347 2415 3405 solutus
2456 3365 2699 3416 corpore,
2728 3359 2784 3401 ut
2813 3360 3055 3416 prwstcs,
3090 3347 3224 3403 vide.

1944 3447 2212 3517 Philonis.
2231 3494 2299 3503 —
2320 3462 2425 3528 Qui
2455 3460 2664 3515 domini
2702 3461 2985 3521 dicuntur,
3011 3459 3273 3529 opinione
3296 3459 3437 3513 dun-

1870 3560 2039 3615 taxat,
2074 3568 2180 3607 non
2213 3568 2269 3606 re
2301 3551 2506 3606 domini
2550 3558 2863 3605 censentur.
2906 3549 3076 3604 Nemo
3127 3550 3218 3619 qui
3270 3557 3432 3604 natus

1868 3641 1959 3706 sit,
1997 3657 2123 3695 vere
2187 3640 2445 3695 dominus
2477 3649 2597 3706 est;
2639 3638 2890 3710 quamvis
2934 3640 3097 3693 etiam
3132 3638 3420 3708 imperium

1868 3748 2027 3787 suum
2053 3731 2119 3784 ad
2153 3744 2427 3787 extremos
2457 3746 2630 3799 usque
2662 3730 2795 3785 lines
2828 3731 2976 3784 orbis
3021 3730 3421 3799 prOpagaverit.

1868 3824 2029 3879 Solus
2062 3824 2153 3878 ille
2183 3825 2274 3893 qui
2304 3821 2481 3878 factus
2508 3837 2617 3877 non
2658 3830 2762 3888 est,
2799 3836 2926 3877 vere
2974 3822 3230 3890 princeps
3260 3831 3424 3890 atque

1868 3918 2166 3985 imperator
2193 3927 2295 3972 est.

1936 4008 2097 4080 535
2129 4007 2267 4063 Nili.
2292 4007 2669 4075 —Quamvis,
2720 4018 2781 4063 ut
2820 4009 2937 4079 ipse
2981 4008 3214 4076 asseris,
3261 4008 3435 4064 nemi-

1864 4116 1988 4156 nem
2021 4116 2259 4170 premas,
2289 4102 2557 4155 neminem
2586 4100 2856 4164 verberes,
2883 4099 3152 4154 neminem
3190 4098 3418 4170 sﬂligas,

1864 4197 2131 4247 neminem
2165 4190 2367 4245 adicias
2397 4190 2595 4259 injuria
2622 4208 2635 4243 :
2668 4198 2848 4245 tamen
2890 4205 2989 4259 pro
3019 4190 3086 4245 iis
3119 4189 3217 4260 qui
3251 4200 3428 4245 tecum

1862 4292 2171 4346 versantur,
2223 4282 2546 4336 horrendam
2577 4296 2865 4335 censuram
2896 4280 3127 4336 subibis.

1934 4374 2207 4442 Ejusdem.
2229 4403 2300 4414 —-
2318 4372 2395 4427 Ne
2422 4387 2609 4428 servos
2641 4380 2765 4426 tuos
2793 4370 3083 4425 immodica
3117 4370 3260 4426 fame
3290 4386 3427 4426 con-

1866 4465 2040 4531 ﬁcias,
2080 4482 2113 4520 ο
2140 4467 2342 4533 homo;
2385 4465 2479 4520 sed
2528 4471 2797 4534 quantum
2830 4464 3026 4518 alienis
3058 4472 3111 4519 te
3147 4463 3427 4518 liberalem

187 4550 386 4621 χαρίζῃ
412 4554 525 4615 τοῖς
556 4552 757 4615 ἔξωθεν
783 4555 1013 4610 αἰτιοῦσι
1038 4559 1125 4612 διὰ
1153 4561 1479 4629 κενοδοξίαν,
1510 4566 1762 4618 τοσοῦτον
1795 4569 1837 4623 D

1795 4569 1837 4623 ι)
1866 4558 2098 4628 praebes,
2138 4568 2304 4627 atque
2341 4557 2609 4621 externis,
2661 4557 2756 4625 qui
2796 4570 2827 4610 a
2870 4565 2921 4610 te
2960 4555 3172 4626 aliquid
3215 4563 3430 4624 petunt,

185 4640 271 4694 διὰ
299 4642 437 4695 Θεὸν
483 4645 788 4717 χορήγησον
814 4652 928 4711 τοῖς
968 4651 1117 4713 ἰδίοις
1154 4654 1415 4718 οἰκέταις,
1470 4656 1555 4708 ἵνα
1589 4658 1755 4727 μηδὲν

186 4734 499 4806 περαιτέρω
527 4738 773 4807 σημάνω.

461 4942 644 4994 ΤΙΤΛ.
678 4942 781 4996 IA'.
808 4973 879 4981 —
910 4946 1053 5012 Περὶ
1086 4944 1486 5003 διδασκάλων.

263 5072 283 5105 ι
326 5054 457 5107 Ἰδου
483 5052 614 5120 ἐγὼ,
644 5054 740 5107 καὶ
760 5053 830 5106 τὰ
857 5056 1048 5109 παιδία
1081 5055 1117 5110 ἆ
1159 5073 1250 5127 μοι
1280 5057 1479 5113 ἔδωκεν
1514 5060 1543 5112 6
1568 5060 1749 5124 Θεός.»

263 5246 281 5277 ι
328 5228 468 5281 Τάδε
503 5228 652 5295 λέγει
700 5229 927 5299 Κύριος,
971 5232 1095 5285 Ἐὰν
1148 5233 1419 5305 ἐξαγάγῃς
1478 5234 1656 5305 τίμιον
1699 5238 1757 5303 ἐξ

182 5317 429 5381 ἀναξίου.
460 5318 535 5380 ὡς
568 5320 742 5388 στόμα
774 5338 875 5390 μου
903 5322 1022 5393 ἔσῃ,
1072 5325 1165 5377 καὶ
1190 5326 1619 5397 ἀναστρέφουσιν
1657 5330 1758 5381 αὺ-

184 5407 267 5459 τοὶ
290 5408 427 5477 πρὸς
458 5409 536 5470 σὲ,
564 5411 659 5463 καὶ
685 5411 783 5464 οὐκ
811 5414 1176 5485 ἀποστρέψεις
1207 5419 1342 5487 πρὸς
1371 5418 1584 5482 αὐτούς.
1624 5439 1641 5470 ι

265 5601 286 5634 ι
317 5585 429 5637 Οὐκ
464 5585 582 5637 ἐστι
635 5588 883 5660 μαθητὴς
935 5592 1077 5663 ὑπὲρ
1120 5593 1212 5647 τὸν
1262 5593 1599 5662 διδάσκαλον,
1635 5599 1756 5651 οὐδὲ

184 5674 372 5738 δοῦλος
406 5677 548 5746 ὑπὲρ
579 5678 671 5730 τὸν
704 5680 913 5750 κύριον.
978 5684 1031 5736 Ἀ
1044 5685 1233 5752 ρκετὸν
1286 5686 1365 5756 τῷ
1396 5688 1633 5759 μαθητῇ,
1667 5691 1752 5744 ἵνα

186 5766 408 5837 γένηται
452 5770 528 5832 ὡς
570 5773 598 5822 ό
631 5773 953 5839 διδάσκαλος
992 5777 1177 5843 αὑτοῦ,
1220 5782 1311 5834 καί¹
1337 5784 1363 5834 6
1394 5782 1579 5848 δοῦλος
1618 5784 1693 5849 ὡς
1727 5788 1755 5838 ὁ

193 5874 381 5927 stupro;
408 5878 593 5916 αυτου.
630 5884 647 5915 ι

1864 4650 2044 4705 inanis
2102 4649 2291 4719 gloriae
2330 4663 2496 4703 causa
2538 4647 2895 4717 gratiticaris,
2951 4655 3163 4701 tantum
3212 4646 3430 4700 famulis

1860 4740 1993 4802 tuis,
2046 4754 2112 4792 ne
2159 4739 2289 4808 quid
2345 4738 2645 4807 signiﬁcem
2693 4738 2955 4807 amplius,
3004 4746 3222 4806 propter
3261 4735 3427 4791 Deum

1862 4831 2240 4886 subministra.

2231 4908 2373 4997 ΤΙΤ.
2409 4941 2503 4995 XI.
2531 4972 2593 4981 --
2625 4940 2697 4996 Dc
2728 4942 3017 5012 magistris.

1934 5055 2049 5110 lsa.
2103 5071 2223 5122 vni,
2260 5055 2349 5110 18.
2375 5086 2447 5095 ——
2474 5073 2492 5106 ι
2541 5055 2682 5112 Ecce
2720 5071 2823 5128 ego
2846 5066 2900 5112 et
2931 5055 3089 5127 pueri
3136 5056 3266 5123 mei,
3292 5072 3425 5126 quos

1859 5147 2008 5201 dedit
2042 5149 2174 5202 mihi
2214 5148 2494 5203 Dominus.
2526 5167 2544 5200 ι

1928 5239 2127 5295 .Icrcm.
2153 5255 2244 5307 xv,
2276 5242 2362 5294 l9.
2388 5270 2458 5281 ——
2490 5260 2509 5292 ι
2547 5240 2674 5295 Haec
2709 5240 2848 5297 dicit
2908 5240 3174 5297 Dominus
3202 5259 3219 5295 :
3247 5240 3302 5296 Si
3342 5255 3427 5297 se-

1860 5332 2141 5401 paraveris
2169 5332 2395 5402 dignum
2429 5333 2498 5386 ah
2551 5334 2801 5405 indigno,
2839 5343 3099 5404 tanquam
3150 5348 3215 5389 os
3246 5350 3423 5389 meum

1859 5423 2004 5489 eris;
2036 5432 2091 5478 et
2124 5423 2229 5493 ipsi
2260 5435 2616 5480 revertentur
2647 5426 2712 5481 ad
2746 5435 2819 5494 te,
2865 5438 2922 5481 et
2951 5435 3011 5481 tu
3045 5441 3159 5482 non
3192 5438 3426 5483 reverte-

1860 5514 1937 5568 ris
1970 5515 2036 5568 ad
2070 5530 2183 5570 eos.
2219 5534 2238 5567 ι

1934 5604 2135 5660 Matth.
2167 5621 2219 5669 x,
2254 5605 2346 5660 25.
2371 5637 2440 5647 —
2474 5628 2494 5661 ι
2526 5607 2645 5663 Νοιι
2676 5618 2761 5665 est
2783 5609 3089 5681 discipulus
3118 5626 3284 5682 supra
3316 5627 3425 5664 ma-

1860 5694 2119 5763 gistrum,
2153 5710 2253 5750 nec
2285 5710 2480 5752 servus
2508 5714 2673 5769 supra
2716 5700 2995 5753 dominum
3048 5716 3233 5756 suum.
3267 5700 3422 5756 Solli-

1859 5790 1938 5843 cit
1968 5789 2241 5860 discipulo
2271 5799 2332 5843 ut
2363 5793 2435 5846 sit
2464 5792 2607 5848 sicut
2659 5795 2916 5864 magister
2952 5794 3071 5863 ejus
3094 5834 3110 5859 ,
3162 5801 3219 5850 et
3239 5808 3417 5860 servo,

1785 5902 1788 5906 λ
1863 5884 2005 5938 sicut
2035 5884 2305 5940 dominus.
2338 5905 2355 5937 ι
