4210 6448
189 420 208 482 Ῑ
219 422 315 482 ’177

1422 423 1654 483 SACRA
1703 426 2158 489 PARAILELA.

3282 444 3420 511 1379

176 554 288 605 της.
320 536 392 588 Τὸ
414 534 469 587 δὲ
492 534 705 588 πάντων
736 533 1285 606 καταγελαστότερον,
1311 538 1358 589 οἱ
1381 537 1569 591 τοῦτον
1589 538 1739 607 ἔχον-
1766 548 1811 601 Α

1766 548 1811 601 Α
1841 550 2099 597 extrema:
2155 544 2548 602 illiberalitatis
2596 558 2704 604 est.
2752 549 2908 618 Quod
2978 570 3108 609 vero
3162 562 3412 615 omnium

173 643 262 688 τες
289 627 378 677 τὸν
426 625 558 695 βίον,
590 626 685 677 καὶ
720 625 830 676 τῶν
855 624 1073 678 οἰκείων
1123 626 1473 695 ἀμελοῦντες,
1522 631 1738 683 ἐπειδὰν

174 716 360 769 εῖπωσί
375 734 425 768 τι
442 717 548 768 τῶν
575 716 919 787 ἀπορρήτων,
937 718 1296 786 παρακαλῶσι
1315 720 1404 772 τὸν
1434 721 1738 774 ἀκούσαντα

173 811 264 862 καὶ
284 809 505 879 ὁρκοῦσι
536 808 728 877 μηδενὶ
754 809 937 861 λοιπὸν
966 810 1139 861 εἰπεῖν
1171 810 1362 881 ἑτέρῳ,
1393 811 1616 865 αὐτόθεν
1641 812 1738 883 δη-

173 902 402 966 λοῦντες,
434 903 515 954 ὅτι
540 904 773 970 πρᾶγμα
802 901 949 965 ἄξιον
978 903 1312 972 κατηγορίας
1362 904 1646 973 ἐποίησαν.
1676 906 1737 957 Εἰ

172 996 275 1065 γὰρ
308 996 512 1047 ἐκεῖνον
552 993 740 1063 μηδενὶ
766 994 939 1047 εἰπεῖν
976 993 1146 1064 ἑτέρῳ
1183 995 1538 1065 παρακαλῇς,
1586 996 1736 1065 πόσῳ

175 1085 369 1155 μᾶλλόν
402 1101 461 1138 σε
505 1086 768 1156 πρότερον
796 1085 970 1156 τούτῳ
1004 1084 1177 1139 ταῦτα
1204 1089 1378 1140 εἰπεῖν
1420 1088 1520 1140 οὐκ
1548 1088 1732 1158 ἐχρῆν,

171 1179 264 1232 καὶ
283 1177 584 1231 διαϐάλλειν
607 1178 749 1241 τινὰ,
781 1178 902 1230 οὐδὲ
939 1180 1240 1248 κατέχοντα
1272 1180 1330 1233 ὲν
1355 1179 1625 1250 ἀσφαλείᾳ
1644 1179 1737 1232 τὸν

170 1269 323 1337 λόγον
347 1270 659 1341 προδοῦναι,
692 1272 784 1323 καὶ
810 1271 929 1323 τότε
951 1272 1052 1341 τῆς
1082 1272 1355 1342 σωτηρίας
1385 1272 1550 1326 αὑτοῦ
1582 1289 1737 1342 φρον-

172 1362 368 1429 τίζειν;
416 1363 575 1417 Ἀλλά
606 1364 701 1433 ἡδὺ
729 1364 790 1416 τὸ
837 1364 1159 1428 διαϐάλλειν,
1186 1364 1285 1434 ἡδὺ
1347 1365 1445 1433 μὲν
1476 1364 1543 1417 ἂν
1575 1365 1634 1417 τὸ
1661 1365 1733 1433 μὴ

170 1455 344 1522 λέγειν
374 1456 576 1517 κακῶς,
623 1456 682 1506 '0
715 1456 810 1522 μὲν
842 1457 951 1525 γὰρ
982 1455 1167 1517 κακῶς
1197 1454 1386 1517 εἰπὼν,
1443 1454 1733 1523 ἐναγώνιος

170 1550 349 1601 λοιπόν
392 1551 539 1600 ἐστιν
564 1565 577 1576 ·
616 1549 908 1601 ὑποπτεύει
942 1550 1037 1600 καὶ
1071 1548 1293 1608 δέδοικε,
1333 1548 1585 1617 μετανοεῖ
1643 1549 1734 1599 καὶ

169 1642 437 1694 κατεσθίει
465 1642 563 1712 τὴν
593 1640 842 1709 γλῶσσαν
856 1640 1067 1702 ἑαυτοῦ,
1092 1638 1344 1702 δεδοικὼς
1368 1640 1463 1691 καὶ
1490 1636 1730 1707 τρέμων,

172 1738 378 1804 μήποτε
430 1738 509 1799 εἰς
568 1734 786 1805 ἐτέρους
820 1733 1072 1803 ἐξενεχθῇ
1102 1732 1164 1785 τὸ
1191 1732 1378 1803 ῥῆμα,
1425 1730 1519 1784 καὶ
1562 1730 1733 1800 μέγαν

168 1828 418 1897 ἐπαγάγῃ
444 1826 535 1878 τὸν
570 1826 829 1879 κίνδυνον.

1843 635 2077 688 maxime
2137 636 2433 693 ridiculum
2491 649 2612 706 est,
2666 645 2761 713 qui
2821 645 2924 701 hoc
2980 649 3169 703 animo
3200 653 3415 719 praediti

1840 735 1996 789 sunt,
2054 743 2155 781 nec
2213 730 2324 782 ulla
2385 748 2570 787 rerum
2628 749 2849 788 suarum
2900 753 3038 793 cura
3088 749 3414 811 tanguntur,

1839 834 1958 872 cum
2017 824 2207 875 arcani
2249 824 2460 893 aliquid
2502 830 2858 896 protulerint,
2902 847 3026 886 eum
3071 836 3166 904 qui
3202 836 3417 891 audivit

1838 910 2135 966 obsecrant
2180 914 2575 985 adjurantque,
2650 937 2717 976 ne
2786 923 2874 975 cui
2938 926 3098 979 alteri
3153 926 3415 999 deinceps

1839 1003 1943 1056 hoc
2007 1004 2208 1059 dicat:
2255 1024 2367 1077 quo
2404 1013 2698 1080 perspicue
2749 1015 3035 1071 declarant
3084 1034 3144 1073 se
3198 1020 3415 1077 facinus

1841 1095 2272 1162 reprehensione
2294 1100 2523 1170 dignum
2550 1103 2867 1163 admisisse.
2902 1108 3040 1160 Nam
3070 1109 3115 1164 si
3156 1112 3412 1178 precibus

1838 1180 1909 1234 ab
1950 1196 2016 1233 eo
2060 1184 2312 1241 obtinere
2361 1191 2584 1256 niteris,
2625 1209 2694 1246 ne
2745 1196 2840 1248 alii
2891 1197 3155 1265 cuiquam
3202 1210 3411 1263 narret.

1841 1272 2010 1325 multo
2044 1278 2218 1345 magis
2259 1279 2359 1333 tibi
2415 1291 2542 1338 ante
2589 1286 2993 1353 providendum
3024 1301 3145 1344 erat
3180 1308 3248 1346 ne
3286 1293 3415 1347 huic

1838 1364 1938 1432 ipsi
1978 1382 2040 1419 ea
2067 1367 2320 1434 diceres,
2359 1390 2421 1427 ac
2452 1379 2770 1448 quempiam
2807 1380 3183 1445 dilacerares,
3220 1388 3415 1456 prode-

1838 1471 2038 1525 resqne
2072 1478 2384 1520 sermonem
2416 1484 2582 1537 quem
2619 1482 2832 1526 sartum
2867 1484 3070 1529 lectum
3121 1479 3413 1547 oportebat

1837 1553 2043 1614 tenere,
2079 1566 2145 1605 ac
2186 1562 2301 1607 tum
2344 1556 2583 1627 denique
2636 1563 2873 1617 salutem
2923 1565 3103 1634 ipsius
3156 1583 3410 1626 curares.

1835 1636 1905 1688 At
1933 1653 2104 1695 suave
2151 1654 2237 1698 est
2292 1647 2653 1706 obtrectare:
2714 1654 2823 1708 imo
2880 1672 3012 1711 vero
3047 1674 3216 1713 suave
3264 1675 3349 1715 est
3379 1677 3411 1717 a

1837 1730 2223 1789 maledicentia
2288 1746 2620 1810 temperare.
2683 1744 2819 1800 Nam
2881 1750 2977 1818 qui
3042 1751 3112 1805 de
3172 1753 3413 1823 alicujus

1837 1819 1980 1875 fama
2014 1826 2275 1893 detraxit,
2313 1832 2359 1887 is
2397 1834 2659 1907 deinceps
2706 1838 2758 1892 in
2796 1851 2964 1908 metu,
3004 1855 3061 1899 et
3098 1846 3403 1909 anxietate,

168 1930 219 1972 ιιι
262 1922 578 1989 susp.ci0tte
627 1926 927 1975 versatur:
961 1919 1139 1989 ipsum
1188 1917 1445 1988 ptenilet,
1525 1916 1888 1984 linguamque
1947 1932 2102 1973 suam
2160 1929 2517 1993 commordet,
2592 1930 2956 1989 reformidans
3000 1944 3055 1991 et
3108 1953 3405 2007 pavescens

168 2029 232 2067 ne
267 2013 333 2065 ad
372 2012 510 2065 alios
548 2028 766 2082 quoque
798 2011 844 2065 is
873 2025 1055 2065 sermo
1086 2016 1329 2073 emanet,
1360 2021 1730 2077 magnumque
1760 2005 1863 2059 sibi
1902 2010 2204 2077 periculum
2244 2024 2448 2071 struat.

234 2106 444 2176 Ὠσπερ
498 2107 557 2159 τὸ
606 2105 783 2168 καλῶς
817 2104 996 2174 λέγειν
1047 2104 1139 2158 καὶ
1170 2102 1537 2173 ἐγκωμιάζειν
1596 2101 1736 2172 ἀρχὴ
1771 2108 1812 2162 Β

1771 2108 1812 2162 Β
1914 2101 2196 2172 Ejusdem.
2231 2141 2299 2154 -—
2321 2112 2796 2178 Quemadmodum
2833 2120 3165 2180 benedicere
3208 2136 3265 2181 et
3294 2127 3410 2182 lau-

168 2198 346 2268 φιλίας
375 2201 542 2261 ἐστὶν,
582 2197 724 2251 οὕτω
743 2195 916 2249 καὶτὸ
941 2198 1124 2260 κακῶς
1145 2197 1349 2265 λέγειν,
1392 2197 1485 2250 καὶ
1517 2194 1736 2249 διαϐάλ-

169 2293 278 2345 λειν
325 2292 550 2362 ἔχθρας,
602 2292 699 2345 καὶ
773 2290 1106 2360 ἀπεχθείας,
1149 2290 1244 2343 καὶ
1293 2289 1503 2362 μυρίων
1550 2287 1737 2341 κακῶν

165 2385 303 2455 ἁρχὴ
333 2386 427 2436 καὶ
459 2383 711 2445 ὑπόθεσις
736 2386 979 2451 γέγονεν.

232 2476 503 2539 Διάϐολοι,
540 2478 631 2529 καὶ
676 2476 826 2540 Θείας
879 2476 1229 2546 ἁπόπεμπτοι
1276 2474 1521 2546 χάριτος.
1550 2473 1600 2525 οἱ
1638 2472 1735 2542 τὴν

166 2570 331 2639 αὐτὴν
384 2570 577 2639 ἐκείνῳ
620 2568 935 2635 διαϐολικὴν
994 2567 1276 2630 νοσοῦντες
1338 2565 1732 2635 κακοτεχνίαν,

165 2661 473 2728 θεοστυγεῖς
502 2676 559 2711 τε
590 2660 682 2712 καὶ
702 2658 974 2728 θεομισεῖς
1003 2659 1205 2728 πάντη,
1239 2658 1336 2711 καὶ
1360 2656 1540 2727 πάσης
1562 2655 1736 2708 εὐδαι-

167 2752 347 2821 μονίας
375 2749 664 2817 ἀλλότριοι.

165 2872 173 2881 ~
227 2842 291 2895 Τί
314 2840 380 2895 ἂν
410 2841 624 2910 γένοιτο
655 2840 905 2911 διαϐολῆς
933 2843 1142 2911 χεῖρον;
1182 2839 1334 2910 κηλεῖ
1372 2839 1481 2908 γὰρ
1505 2838 1573 2892 τὰ
1595 2832 1729 2901 ὦτα,

163 2937 254 2989 καὶ
287 2935 578 3004 ἐκπλήττει
599 2935 696 3005 τὴν
724 2935 962 2988 διάνοιαν
986 2934 1095 2988 τῶν
1126 2934 1435 3005 ἀκροατῶν,
1486 2933 1735 3002 ὲκθηριοῖ

162 3029 216 3080 δὲ
246 3028 443 3088 αὐτοὺς
469 3020 580 3078 οἷόν
610 3044 663 3078 τι
693 3025 919 3097 θήραμα
946 3031 1058 3091 τοῖς
1080 3029 1269 3089 κακοῖς
1297 3027 1384 3080 ἀεὶ
1413 3026 1731 3096 ἐφεδρεύον·

162 3137 276 3182 τας.
304 3122 366 3172 Οἱ
384 3120 443 3172 δὲ
468 3119 547 3189 τῷ
588 3120 824 3188 σώφρονι
864 3117 1107 3188 λογισμῷ
1145 3116 1289 3186 μάλα
1343 3115 1730 3187 ὲρματισμένοι

162 3211 251 3262 καὶ
298 3208 787 3279 άναχαιτιζόμενοι,
834 3208 913 3279 τῷ
952 3208 1288 3262 διαϐάλλοντι
1347 3206 1732 3277 ἀπεχθαίνουσι

165 3303 415 3371 μάλιστα,
466 3301 496 3369 ἦ
549 3298 624 3369 τῷ
659 3300 1091 3370 διαϐεϐλημένῳ,
1163 3300 1587 3368 ἐπιτιμήσαντες
1635 3297 1731 3349 καὶ

1840 2196 1969 2251 dare
1995 2200 2249 2259 amicitias
2302 2206 2519 2262 initium
2556 2220 2662 2275 est,
2721 2212 2797 2268 ita
2837 2231 3056 2288 quoque
3082 2221 3412 2277 maledicere

1838 2296 1892 2339 et
1914 2288 2245 2358 obtrectare,
2286 2296 2396 2350 odii
2430 2307 2483 2352 et
2535 2302 2861 2371 simultatis,
2911 2322 3410 2386 sexcentorumque

1838 2380 2110 2436 malorum
2144 2389 2304 2457 origo
2336 2398 2389 2442 et
2426 2405 2597 2446 causa
2633 2399 2872 2453 exstitit.

1910 2470 2176 2530 Philonis.
2207 2504 2279 2520 -—
2302 2478 2522 2537 Diaboli
2554 2497 2703 2551 sunt,
2735 2498 2902 2559 atque
2937 2506 2968 2546 a
3010 2493 3200 2549 divina
3232 2501 3407 2566 gratia

1834 2568 2055 2629 remoti,
2100 2569 2196 2638 qui
2229 2573 2421 2627 eadem
2468 2591 2533 2631 ac
2578 2578 2671 2633 ille
2715 2581 2989 2638 diabolica
3039 2591 3410 2655 perversitate

1836 2654 2113 2723 laborant,
2148 2661 2256 2717 Deo
2281 2680 2503 2736 quoque
2538 2670 2727 2738 invisi,
2760 2689 2826 2729 ac
2864 2674 2961 2731 Dei
3002 2654 3217 2744 osores,
3253 2690 3311 2736 et
3336 2686 3407 2739 ab

1833 2753 1981 2805 omni
2013 2751 2280 2811 felicitate
2308 2761 2587 2817 exsistunt
2623 2766 2811 2820 alieni.

1905 2838 2178 2910 Ejusdem.
2212 2847 2447 2914 -—Quid
2499 2853 2780 2909 calumnia
2835 2857 2963 2927 fingi
3003 2871 3170 2929 queat
3206 2864 3409 2933 pejus?

1833 2931 2200 2990 delinitenim
2251 2955 2414 2995 aures
2460 2945 2798 3009 auditorum.
2849 2966 3156 3022 eorumque
3184 2956 3405 3013 animos

1832 3026 2075 3093 percellit
2105 3037 2352 3098 stupore,
2388 3041 2442 3086 et
2473 3049 2569 3088 eos
2594 3037 2687 3106 qui
2719 3039 2877 3096 malis
2916 3055 3019 3097 ceu
3053 3044 3252 3113 praeda:
3280 3049 3405 3102 cui-

1831 3116 1975 3185 piam
2031 3119 2344 3187 imminent,
2407 3125 2619 3183 ferinos
2669 3130 2871 3186 reddit.
2919 3132 3026 3199 Qui
3088 3151 3220 3209 vero
3265 3154 3401 3193 sana

1831 3217 2012 3263 mente
2045 3220 2179 3265 sunt
2211 3215 2525 3282 obfirmati,
2570 3221 2878 3278 detrahenti
2907 3228 3112 3296 potius,
3148 3245 3311 3300 quam
3353 3234 3403 3289 ei

1832 3298 1900 3354 de
1929 3302 2093 3371 cujus
2125 3304 2269 3359 fama
2305 3308 2635 3377 detrahitur,
2683 3314 2916 3373 infestos
2944 3334 3004 3373 se
3033 3298 3313 3389 praebent;
3345 3326 3395 3380 ei

160 3397 606 3463 ὲπιστομίσαντες
634 3395 753 3453 ταῖς
780 3391 919 3461 πρὸς
956 3390 1169 3495 μέμψιν⁹
1196 3390 1413 3460 ὁρμαῖς,
1454 3390 1613 3459 ἄχρις
1659 3389 1726 3442 ἂν
1751 3438 1793 3495 C

1751 3438 1793 3495 Ω
1834 3392 2092 3448 nimirum
2133 3413 2552 3470 succensentes,
2596 3406 2856 3481 factoque
2900 3414 2967 3467 ad
2994 3415 3397 3488 objurgandum

160 3488 391 3558 ἐναργὴς
438 3485 719 3561 μαρτυρίῳ
748 3486 781 3555 ή
814 3481 1083 3546 ἀπόδειξις
1109 3480 1351 3552 γένηται.

160 3710 201 3758 Τ
205 3709 337 3761 ΙΤΛ.
371 3709 469 3762 II".
498 3738 566 3748 —
596 3706 735 3773 Περὶ
772 3706 1104 3775 διηγήσεως
1134 3708 1254 3762 ὑπὸ
1301 3708 1574 3762 συνετῶν
1623 3711 1726 3763 ἀν-

226 3781 470 3845 θρώπων
512 3778 836 3849 γινομένης
867 3794 880 3807 '
924 3779 1018 3831 καὶ
1073 3778 1161 3829 ὅτι.
1200 3778 1315 3847 χρὴ
1355 3779 1722 3846 σπουδαίους

223 3850 375 3903 εἶναι
408 3848 566 3915 ἡμᾶς
588 3848 719 3915 περὶ
758 3849 865 3911 τὰς
891 3849 1166 3914 τοιαύτας
1194 3849 1531 3918 ἀκροάσεις,
1581 3851 1726 3903 ἀπο-

225 3920 571 3987 διδράσκειν
592 3919 657 3970 δὲ
687 3918 956 3984 ἀνοήτων
978 3918 1231 3987 ἀνδρῶν.

234 4051 251 4083 ι
288 4032 628 4102 Διηγήσαντό
666 4049 755 4101 μοι
786 4034 1091 4103 παράνομοι
1123 4032 1457 4103 ἀδολεσχίας,
1477 4032 1592 4086 ἀλλ’
1626 4033 1724 4102 οὐχ

156 4125 226 4187 ὡς
252 4125 281 4176 ὁ
310 4126 471 4193 νόμος
506 4141 620 4188 σου,
660 4127 851 4195 Κύριε.
885 4143 902 4174 ι

228 4236 245 4267 ι
283 4218 477 4284 Λόγοις
509 4216 687 4285 σοφῶν
712 4216 995 4286 παράϐαλέ
1019 4234 1111 4270 σου
1148 4218 1240 4269 τὸν
1266 4217 1409 4271 νοῦν.
1434 4237 1451 4269 ι
1479 4248 1547 4257 —
1576 4236 1593 4268 ι
1620 4219 1725 4271 Λα-

158 4310 317 4371 λεῖτε,
342 4309 638 4379 ἄνθρωποι,
666 4310 895 4373 δικαίοις
914 4325 927 4338 '
960 4328 979 4361 ι

230 4506 247 4539 ι
271 4490 367 4560 Μή
394 4489 612 4557 αστόχει
639 4486 975 4560 διηγήματος
1006 4493 1274 4562 γερόντων
1295 4509 1310 4523 ο
1366 4495 1460 4547 καὶ
1491 4493 1597 4563 γὰρ
1622 4493 1721 4546 αὖ-

153 4580 232 4630 τοὶ
252 4581 456 4650 ἔμαθον
486 4584 640 4651 παρά
675 4584 784 4636 τῶν
819 4585 1068 4653 πατέρων
1091 4584 1292 4638 αὐτῶν.
1329 4603 1348 4635 ι

227 4691 244 4721 ι
267 4673 530 4742 Διήγησις
556 4674 740 4744 μωροῦ
768 4675 1162 4745 προσόχθισμα.
1192 4694 1209 4725 s

226 4868 243 4899 ι
274 4847 367 4919 Μή
392 4850 617 4921 παρίδῃς
656 4851 909 4925 διήγημα,
930 4853 1130 4921 σοφῶν,
1164 4854 1257 4905 καὶ
1290 4857 1346 4905 ἐν
1367 4858 1486 4917 ταῖς
1520 4871 1714 4925 παροι-

154 4943 304 5009 μίαις
327 4941 503 4995 αὐτῶν
528 4944 889 5010 ἀναστρέφου.
917 4961 938 4993 s

228 5050 246 5081 ι
272 5033 533 5101 Δνήγησις
570 5050 774 5101 μωρου,
810 5032 884 5097 ὡς
911 5037 969 5087 ὲν
994 5036 1097 5104 ὀδῷ
1124 5038 1339 5106 φορτίον
1360 5054 1371 5064 ·
1404 5038 1496 5089 ἐπὶ
1520 5038 1575 5090 δὲ
1600 5039 1714 5107 χεί-

160 5144 264 5185 λεσι
293 5126 511 5180 συνετοῦ
533 5127 883 5196 εὑρεθήσεται
915 5130 1092 5197 χάρις.
1129 5146 1146 5177 ι

218 5308 390 5377 Κήρῳ
415 5310 484 5362 τὰ
508 5305 625 5363 ὦτα
649 5307 886 5377 φράσσε
913 5322 1062 5377 προς
1085 5309 1356 5373 φαύλους
1378 5307 1624 5374 λόγους,

232 5376 424 5458 ’ῼδῶζ
448 5398 521 5458 τε
542 5376 806 5458 τερπνῶν
824 5376 1054 5458 ἐκμελῆ.
1074 5378 1476 5458 αξυγιόςμιξι-ςτ...⁵

222 5449 425 5521 Ί¹οῖςίδ’
445 5447 523 5505 αὖ
557 5448 764 5521 καλοῖς
787 5448 1147 5521 τεμκᾴγᾳροῖς
1169 5448 1266 5498 καί
1296 5447 1385 5521 ciet
1417 5447 1606 5521 δίδου.

211 5520 435 5586 Εὶπεῖν,
460 5520 740 5581 ἀκοῦσαι,
772 5518 868 5571 καὶ
903 5515 1136 5584 δράσαι,
1159 5518 1371 5584 μικρὸν
1391 5517 1603 5583 μέσον.

256 5612 435 5664 ΤΙΤΛ.
468 5612 565 5664 1Δ’.
589 5642 655 5651 --
672 5611 805 5677 Περὶ
834 5609 1219 5673 δικαιοσύνης
1245 5609 1337 5661 καί
1364 5607 1595 5675 ἀιςετῆς.

222 5724 239 5754 ι
278 5704 599 5774 Δικαιοσύνη
636 5705 820 5773 ῥύεται
854 5708 919 5756 ὲκ
948 5702 1193 5756 θανάτου.
1228 5720 1245 5752 ι

224 5813 240 5844 ι
283 5787 368 5846 Ἐν
388 5794 524 5858 ὁδοῖς
552 5795 890 5863 δικαιοσύνης
923 5791 1055 5864 ζωή.
1089 5811 1107 5843 ι

220 5903 238 5935 s
259 5890 582 5957 Δικαιοσύνη
611 5890 737 5960 {id/oi
763 5889 931 5951 ἔθνος.
971 5908 989 5940 ι

1830 3482 2035 3552 impetu
2073 3501 2135 3542 os
2170 3492 2548 3562 obstruentes,
2581 3501 2766 3569 quoad
2798 3503 3040 3561 evidenti
3064 3482 3392 3568 testimonio

1828 3574 1987 3630 tidem
2019 3578 2184 3634 dictis
2213 3587 2545 3641 astruxerit.

1826 3709 1960 3803 Tl'rl‘.
1993 3714 2158 3803 'Xlll.
2198 3747 2272 3803 --ῖ
2314 3721 2390 3775 De
2435 3730 2747 3784 narratione
2802 3749 2835 3785 a
2881 3736 3007 3786 viris
3047 3740 3395 3803 prudentibus

1895 3784 2083 3850 facta:
2131 3790 2372 3861 quodque
2412 3812 2595 3850 earum
2646 3784 3393 3871 excipiendorum.

1895 3870 2007 3907 esse
2039 3869 2299 3939 oporteat,
2346 3879 2531 3920 contra
2580 3886 2699 3923 vero
2738 3869 2772 3925 α
2813 3877 3217 3936 narrationibus
3253 3869 3394 3939 stui-

1898 3934 2071 3977 torum
2108 3931 2379 4000 aufugere.

1896 4036 2049 4092 Psat.
2096 4056 2283 4107 cxvut,
2332 4048 2421 4103 85.
2469 4078 2528 4089 -
2580 4070 2597 4102 ι
2631 4052 3009 4114 Narraverunt
3051 4064 3183 4119 mihi
3226 4066 3396 4138 iniqui

1827 4126 2215 4199 fahulationes,
2252 4137 2350 4191 sed
2379 4154 2492 4193 non
2523 4153 2582 4196 ut
2615 4145 2699 4199 lex
2730 4155 2845 4215 tua,
2875 4150 3128 4210 Domine.
3171 4174 3192 4210 ι

1899 4218 2057 4276 Prov.
2088 4240 2142 4285 v,
2192 4226 2243 4279 1.
2278 4256 2348 4269 -
2379 4249 2398 4281 ι
2456 4226 2819 4293 Sermouihus
2846 4245 3160 4313 sapientum
3213 4250 3396 4319 adjice

1825 4328 2048 4367 sensum
2104 4326 2282 4371 tuum.
2320 4339 2339 4373 ι
2370 4353 2438 4363 -
2466 4323 2627 4396 437
2659 4347 2678 4379 ι
2706 4330 2970 4391 Homines
2994 4337 3163 4408 justis
3203 4342 3380 4413 loqui-

1824 4423 1977 4461 num.
2010 4426 2027 4458 ι

1893 4501 2061 4557 Eccli.
2112 4522 2232 4572 vm,
2292 4508 2380 4562 Η.
2413 4539 2482 4549 --
2510 4527 2529 4559 ι
2556 4508 2678 4564 Non
2720 4521 2770 4567 te
2798 4525 3087 4584 praetereat
3135 4526 3384 4581 narratio

1824 4595 2104 4649 seniorum
2134 4616 2147 4652 :
2186 4600 2291 4668 ipsi
2318 4600 2466 4655 enim
2497 4602 2815 4659 didicerunt
2846 4621 2877 4660 a
2913 4609 3164 4677 patribus
3193 4614 3333 4670 suis.
3363 4635 3383 4669 ι

1897 4685 2059 4743 Εεειι.
2102 4705 2273 4756 xxv",
2303 4691 2392 4745 24.
2422 4723 2492 4732 -
2520 4713 2538 4745 ι
2574 4694 2829 4753 Narratio
2876 4702 3030 4755 stulti
3066 4703 3379 4761 offendicu-

1742 4767 1799 4828 Ι)
1825 4780 1932 4833 lum
1970 4789 2074 4835 est.
2108 4800 2127 4834 ι

1895 4868 2067 4923 Eccli.
2128 4887 2241 4936 νηί,
2286 4872 2341 4926 9.
2379 4893 2501 4925 --ι
2556 4874 2634 4930 Ne
2680 4878 2957 4950 despicias
3006 4887 3383 4943 narrationem

1823 4963 2157 5031 sapientum,
2187 4972 2242 5018 et
2276 4964 2332 5018 in
2375 4970 2681 5035 proverbiis
2734 4987 2927 5027 eorum
2974 4990 3322 5033 conversare.
3360 4999 3383 5033 ι

1902 5053 2066 5108 Eccti.
2092 5070 2209 5119 ut,
2243 5055 2331 5110 15.
2357 5087 2427 5098 -
2456 5077 2473 5109 ι
2514 5060 2771 5117 Narratio
2806 5064 2941 5120 fatui
2973 5070 3131 5137 quasi
3162 5071 3382 5125 sarcina

1821 5148 1874 5199 in
1909 5147 2017 5200 via.
2060 5149 2195 5200 Nam
2236 5148 2289 5200 in
2324 5150 2486 5206 labiis
2538 5155 2746 5208 scnsati
2775 5156 3089 5213 invenietur
3118 5160 3315 5231 gratia.
3352 5181 3373 5213 ι

2195 5241 2255 5297 8.
2291 5242 2446 5313 Greg.
2476 5244 2622 5299 Naz.
2664 5257 2872 5301 tetrast.
2900 5250 2988 5305 17.

1957 5308 2188 5365 Occlude
2228 5330 2351 5367 cera
2380 5308 2620 5382 turpibus
2642 5319 2810 5371 verbis
2843 5330 2963 5373 tuas

1960 5383 2145 5451 aures,
2190 5384 2434 5451 sonisque
2462 5395 2712 5439 cantuum
2746 5390 3100 5445 suavissimis.

1926 5494 1927 5497 η
1960 5449 2184 5523 Puteant
2212 5449 2442 5523 honestis
2474 5471 2676 5523 semper
2705 5467 2763 5511 at
2798 5462 3148 5514 sermonibus.

1954 5521 2176 5586 Audire,
2205 5522 2333 5589 fari,
2366 5525 2538 5591 facere
2566 5521 2673 5579 non
2714 5529 2918 5582 distant
2951 5532 3155 5589 urocul.

2061 5610 2198 5667 TIT.
2234 5610 2373 5665 XIV.
2401 5642 2474 5653 —
2501 5614 2575 5667 De
2591 5616 2807 5683 justitia
2831 5630 2881 5672 et
2911 5620 3123 5676 uirtute.

1886 5701 2042 5754 Prov.
2067 5718 2143 5767 χι,
2184 5702 2237 5755 4.
2268 5731 2337 5740 -
2373 5720 2391 5753 ι
2427 5701 2647 5758 Justitia
2684 5706 2936 5761 liberata
2973 5719 3170 5765 morte.
3209 5730 3227 5762 ι

1884 5791 2040 5846 Prov.
2074 5810 2170 5858 xu,
2204 5794 2294 5849 28.
2330 5822 2401 5833 —-
2435 5812 2454 5844 ι
2485 5795 2543 5847 In
2580 5799 2794 5853 semitis
2826 5801 3059 5869 justitia:
3096 5802 3230 5856 vita.
3272 5822 3292 5854 ι

1896 5883 2054 5938 Prov.
2085 5901 2191 5951 xtv,
2228 5885 2321 5939 δι.
2347 5918 2413 5927 ——
2444 5908 2462 5939 ι
2500 5886 2720 5945 Justitia
2754 5891 2928 5946 elevat
2957 5898 3198 5955 gentem.
3241 5909 3264 5942 ι
