4210 6448
790 403 924 468 1379

1967 404 2025 462 S.
2067 402 2383 462 JOANNIS
2413 404 2845 463 DAMASCENI

3906 409 4041 473 1330

861 522 1018 576 Prov.
1050 533 1126 584 ιιι,
1163 516 1252 570 18.
1281 544 1349 559 --
1381 533 1402 566 ς
1430 512 1741 568 Seminanti
1778 513 2080 580 justitiam,
2133 529 2347 567 merces

2527 534 2544 565 ι
2586 515 2644 569 ⁸0
2660 516 2900 586 σπείρων
2919 514 3265 588 δικαιοσύνην
3290 517 3519 590 λήψεται
3544 521 3735 591 μισθὸν
3760 526 3980 575 πιστόν.
4018 546 4033 571 ι

786 615 983 671 fidelis.
1026 631 1044 662 ι

858 707 1013 761 Prov.
1057 719 1177 757 xm.
1223 704 1281 754 ti.
1344 731 1417 743 —
1474 719 1491 751 ι
1533 696 1755 754 Iustitia
1797 696 2045 752 custodit
2084 696 2352 751 innocen-

783 810 886 854 tes.
921 817 940 848 ι

849 895 1010 949 Prov.
1069 908 1158 955 xv,
1204 892 1258 953 9,
1320 894 1372 943 5.
1418 916 1490 929 -—
1537 906 1554 939 ι
1614 885 2018 953 Persequentes
2076 879 2350 950 justitiam

779 998 929 1043 amat
963 988 1129 1043 Deus.
1166 986 1223 1039 In
1251 983 1552 1039 abundanti
1583 979 1832 1049 justitia,
1864 977 2045 1029 virtus
2071 989 2291 1044 magna.
2327 992 2346 1025 ι

852 1082 1009 1160 Prov.
1044 1096 1162 1147 xxi,
1192 1078 1283 1131 2|.
1307 1106 1376 1117 --—
1412 1096 1429 1124 ι
1465 1073 1569 1128 Via
1592 1072 1823 1142 justitite
1862 1077 1918 1121 et
1953 1065 2357 1122 misericordias

778 1174 1025 1228 inveniet
1058 1172 1222 1225 vitam
1256 1175 1313 1223 et
1346 1166 1608 1239 gloriam.
1649 1182 1671 1216 ι

858 1266 1013 1319 Prov.
1042 1280 1118 1325 xi,
1150 1260 1240 1315 50.
1273 1290 1344 1301 —
1369 1279 1387 1311 ι
1441 1257 1517 1312 Ex
1568 1255 1754 1310 fructu
1806 1250 2043 1321 justitia‘
2101 1248 2354 1303 nascitur

780 1359 983 1430 lignum
1024 1356 1166 1410 vitae.
1197 1373 1216 1405 ι

854 1472 872 1502 ι
909 1450 1245 1504 Potestatem
1286 1445 1382 1498 dat
1408 1439 1766 1497 sermonibus
1791 1436 2014 1490 initium
2037 1432 2293 1503 iustitiae.
2328 1448 2346 1482 ι

852 1543 1008 1596 Prov.
1038 1556 1117 1605 xi,
1151 1538 1204 1592 4.
1238 1566 1308 1578 -—
1335 1554 1353 1585 ι
1385 1532 1610 1587 Justitia
1658 1523 2181 1598 irreprehensibiles
2229 1522 2350 1576 vias

780 1636 968 1688 struit.
1011 1652 1029 1685 ›

848 1728 1008 1780 Prov.
1068 1738 1177 1785 xw,
1230 1721 1283 1775 5.
1315 1748 1387 1760 --
1432 1737 1450 1769 ι
1506 1715 1733 1770 lnitiutn
1778 1712 1906 1764 vita:
1948 1709 2104 1763 bona:
2168 1706 2352 1760 facere

772 1824 941 1892 justa.
984 1837 1005 1869 ι

2534 712 2552 745 ι
2590 695 2914 767 Δικαιοσύνη
2946 696 3205 766 φυλάττει
3240 697 3502 763 ἀκάκους.
3530 718 3550 751 ι

2533 892 2551 925 ι
2589 874 2893 939 Διώκοντας
2916 878 3263 948 δικαιοσύνην
3289 878 3481 951 ἀγαπᾷ
3498 879 3527 932 ὁ
3554 879 3709 943 Θεὸς.
3756 880 3844 933 Ἐν
3876 879 4037 934 πλεο-

2455 968 2691 1041 ναζούσῃ
2710 968 3024 1044 δικαιοσύνῃ
3047 972 3198 1043 ἰσχὺς
3221 973 3410 1043 πολλή.
3442 991 3461 1023 ι

2529 1082 2553 1207 ζ
2576 1061 2738 1223 é£566.;
2761 1062 3105 1135 δικαιοσύνης
3138 1066 3233 1119 καὶ
3257 1064 3626 1139 ἐλεημοσύνης
3647 1067 3871 1140 εὑρήσει
3890 1066 4036 1137 ζωὴν

2455 1172 2527 1209 κα
2669 1173 2753 1211 αν.
2796 1174 2818 1209 ι

2529 1267 2549 1301 ι
2591 1249 2684 1304 Ἐκ
2703 1251 2919 1322 καρποῦ
2942 1251 3295 1325 δικαιοσύνης
3321 1251 3515 1323 φύεται
3550 1253 3769 1326 δένδρον
3796 1255 3971 1326 ζωῆς.
4010 1274 4033 1308 ι

2529 1442 2547 1473 ι
2589 1421 2867 1490 Ἐξουσίαν
2904 1424 3089 1477 δίδωσι
3125 1423 3302 1494 λόγοις
3331 1424 3473 1497 αρχὴ
3489 1425 3859 1497 δικαιοσύνης.
3902 1445 3923 1477 ι

2526 1534 2545 1565 ι
2576 1515 2900 1584 Δικαιοσύνη
2920 1514 3184 1589 ἀμώμους
3214 1516 3502 1589 ὀρθοτομεῖ
3524 1518 3698 1583 ὁδούς.
3742 1540 3763 1573 ι

2528 1714 2546 1745 ι
2594 1691 2758 1765 Ἀρχὴ
2781 1692 2903 1747 όδοὺ
2929 1693 3163 1766 ἀγαθῆς,
3193 1698 3367 1750 ποιεῖν
3394 1694 3602 1750 δίκαια.
3647 1714 3667 1749 ι

850 1874 1009 1967 Prov.
1041 1925 1155 1971 xvr,
1188 1906 1393 1961 l7.-—r
1417 1898 1727 1970 Longitudo
1751 1895 1904 1954 vitae.
1932 1891 2018 1945 via
2049 1889 2302 1960 justitia‘.
2322 1907 2342 1940 ι

2520 1901 2539 1932 ι
2584 1882 2774 1965 lii-pro;
2798 1881 2913 1952 βίου
2950 1882 3069 1947 ὁδὸς
3093 1883 3466 1957 δικαιοσύνης.
3499 1903 3519 1937 ι

848 2002 1009 2057 Prov.
1074 2016 1189 2062 xu,
1217 1998 1364 2052 5,-
1405 2013 1422 2045 ι
1470 1990 1677 2046 Facere
1719 1988 1892 2055 jnsta,
1946 1993 2001 2039 et
2054 1982 2343 2036 veritatem

779 2095 986 2157 dicere,
1022 2091 1196 2160 magis
1246 2087 1427 2156 placet
1482 2081 1737 2143 Domino,
1794 2090 1963 2148 quam
2012 2072 2240 2142 sanguis
2265 2072 2348 2125 vi-

779 2189 984 2243 ctimae.
1028 2203 1047 2233 ι

850 2281 967 2334 Im.
1005 2292 1177 2337 xxxii,
1237 2275 1320 2327 Π.
1361 2286 1473 2320 -ι
1512 2266 1691 2321 Erunt
1738 2277 1909 2334 Opera
1955 2259 2185 2330 iustitiae
2219 2272 2345 2326 pax,

776 2381 833 2426 et
860 2367 1135 2424 obtinebit
1170 2362 1389 2435 justitia
1419 2357 1689 2428 requiem.
1723 2373 1742 2406 ι

853 2461 968 2517 Isa.
990 2476 1135 2521 κινι.
1157 2459 1215 2520 9,
1236 2455 1391 2509 9..—¢
1416 2450 1695 2507 Justitiam
1717 2443 1941 2507 discite,
1968 2441 2064 2513 qui
2088 2438 2351 2495 habitatis

780 2557 1059 2608 interra:
1104 2533 1347 2602 cesSavit
1393 2541 1543 2596 enim
1584 2537 1812 2606 impius.
1864 2533 2091 2603 Aperite
2140 2536 2349 2599 portas,

783 2642 1130 2716 ingrediatur
1166 2637 1409 2710 populus
1438 2629 1764 2688 custodiens
1792 2625 2069 2698 justitiam
2101 2632 2157 2678 et
2197 2622 2349 2676 veri-

779 2748 968 2794 tatem.
1013 2753 1030 2786 ι

853 2830 967 2884 lsa.
996 2840 1105 2890 LVI,
1140 2824 1192 2878 l.
1220 2850 1289 2862 -—
1314 2837 1332 2872 ι
1384 2816 1509 2871 llaec
1540 2814 1677 2870 dicit
1711 2809 2017 2864 Dominus:
2067 2802 2354 2861 Custodite

779 2919 1074 2986 judicium,
1138 2913 1304 2966 facite
1350 2906 1626 2978 justitiam
1681 2903 1945 2957 divinam.
2005 2896 2205 2951 Beatus
2258 2892 2352 2964 qui

781 3005 920 3059 facit
951 3005 1089 3066 haec,
1119 3008 1173 3054 et
1209 2998 1300 3069 qui
1335 2995 1536 3050 retinet
1577 2995 1704 3048 ista.
1742 3009 1762 3042 ›

857 3098 986 3165 Sap.
1024 3082 1190 3156 1.15.
1215 3121 1281 3131 ——
1315 3108 1332 3141 ι
1368 3087 1597 3143 Iustitia
1628 3080 1962 3137 immortalis
1990 3086 2100 3134 est.
2126 3096 2144 3128 ι

854 3187 984 3255 Sap.
1022 3200 1141 3246 vni,
1195 3183 1248 3234 7.
1280 3209 1351 3220 ——
1382 3199 1400 3231 ι
1429 3179 1485 3232 Si
1527 3174 1804 3247 justitiam
1840 3172 2022 3242 diligit
2073 3171 2197 3241 quis
2225 3210 2240 3234 ,
2276 3169 2354 3222 la—

784 3280 945 3334 bores
979 3276 1153 3345 ipsius
1183 3282 1315 3326 sunt
1341 3271 1596 3324 virtutes.
1630 3285 1647 3318 ι

858 3368 1028 3424 Eccli.
1071 3380 1243 3428 xxvu,
1287 3364 1340 3416 9.
1375 3390 1443 3402 ——
1470 3379 1488 3411 ι
1544 3358 1602 3413 Si
1638 3356 1894 3426 sequaris
1933 3351 2233 3425 justitiam,
2263 3370 2359 3423 ap-

786 3460 1099 3535 prehemles
1132 3472 1278 3520 eam,
1306 3462 1361 3510 et
1403 3452 1606 3508 inducs
1644 3450 1793 3506 illam
1845 3457 1906 3503 ut
1946 3446 2204 3518 poderem
2240 3447 2357 3517 glo-

788 3558 902 3611 riae.
944 3576 962 3604 ι

859 3642 1055 3699 Matth.
1086 3656 1140 3705 ν,
1173 3639 1226 3694 6.
1261 3667 1331 3677 —-
1356 3652 1377 3686 ι
1416 3633 1568 3688 Beati
1624 3632 1717 3701 qui
1752 3629 2007 3686 esuriuut
2055 3635 2112 3683 et
2163 3627 2361 3683 sitiunt

782 3737 1078 3808 justitiam,
1111 3731 1373 3803 quoniam
1415 3726 1520 3796 ipsi
1565 3723 1981 3779 saturabuntur.
2020 3739 2039 3772 ι

860 3829 887 3884 Ι
911 3829 1075 3883 Joan.
1112 3841 1172 3884 ιι.
1197 3824 1289 3878 9.9.
1313 3847 1385 3861 —-
1414 3817 1605 3874 Omnis
1638 3817 1732 3886 qui
1781 3813 1916 3868 facit
1955 3812 2250 3882 justitiam,
2290 3826 2358 3867 ex

788 3926 901 3981 Deo
931 3929 1039 3977 est.
1080 3939 1098 3972 ι

859 4015 1033 4071 Busil.
1086 4013 1143 4065 in
1195 4008 1368 4078 princ.
1426 4002 1586 4057 Prov.
1616 4031 1687 4042 ——
1727 3998 1952 4056 Justitia
2007 4008 2092 4053 est
2137 3996 2360 4052 habitus

786 4107 1089 4176 unicuique
1131 4101 1385 4156 tribuens
1438 4094 1589 4166 quod
1628 4094 1856 4163 dignum
1911 4091 2097 4146 fuerit.
2127 4089 2188 4143 Id
2229 4104 2360 4144 vero

786 4198 1007 4268 assequi
1060 4193 1225 4248 facile
1285 4205 1395 4245 non
1444 4193 1576 4243 est:
1623 4185 1773 4256 quod
1821 4182 2079 4239 videlicet
2114 4182 2207 4235 alii
2239 4181 2361 4251 qui-

784 4293 909 4349 dem
940 4289 1198 4346 homines
1244 4283 1315 4338 ob
1365 4279 1679 4352 prudentiae
1730 4277 1970 4347 inopiam
2015 4274 2160 4330 haud
2207 4273 2362 4329 iuve-

788 4386 948 4442 niunt
980 4397 1092 4454 quo
1114 4390 1276 4451 pacto
1305 4375 1605 4443 unicuique
1634 4370 1781 4441 quod
1816 4384 2035 4439 acquum
2066 4368 2139 4423 sit
2167 4368 2358 4422 distri-

2524 1995 2544 2029 ι
2577 1964 2756 2030 Ποιεῖν
2782 1976 2989 2040 δίκαια,
3020 1978 3115 2031 καὶ
3151 1975 3458 2048 ἀληθεύειν,
3489 1977 3701 2047 ἀρεστά
3730 1980 3890 2049 παρὰ
3916 1978 4038 2048 Θεῴ

2451 2065 2651 2135 μᾶλλον
2676 2064 2711 2136 ἢ
2745 2064 2944 2120 θυσιῶν
2972 2060 3131 2137 αἷμα.
3165 2084 3186 2117 ι

2527 2262 2545 2294 ι
2574 2243 2847 2296 Ἔσται-ιὰ
2863 2242 3003 2315 ἔργα
3029 2243 3378 2315 δικαιοσύνης
3398 2245 3612 2316 εἰρήνη,
3637 2245 3730 2299 καί
3760 2246 4036 2316 κρατήσει

2450 2333 2484 2402 ἡ
2512 2331 2826 2402 δικαιοσύνη
2845 2332 3172 2386 ἀνάπαυσιν.
3209 2352 3229 2385 ι

2524 2442 2541 2473 ι
2570 2423 2925 2493 Δικαιοσύνην
2956 2423 3176 2493 μάθετε,
3202 2425 3252 2477 οἱ
3279 2424 3611 2488 ἐνοικοῦντες
3642 2427 3738 2479 ἐπὶ
3782 2428 3885 2497 τῆς
3906 2429 4012 2498 γῆς

2450 2516 2722 2570 πέπαυται
2756 2515 2863 2588 γὰρ
2886 2516 2914 2568 ὁ
2942 2515 3166 2586 ἀσεϐής.
3214 2515 3480 2584 Ἀνοίξατε
3509 2518 3706 2583 πύλας,
3734 2520 4034 2574 εἰσελθέτω

2449 2610 2574 2675 λαὸς
2604 2609 2887 2679 φυλάττων
2910 2610 3255 2681 δικαιοσύνην
3282 2612 3373 2664 καὶ
3401 2611 3679 2684 ἀλήθειαν.
3719 2632 3737 2664 ι

2529 2824 2548 2855 ι
2594 2803 2729 2858 Τάδε
2758 2802 2908 2872 λέγει
2932 2802 3135 2874 Κύριος
3160 2819 3175 2832 ·
3201 2800 3542 2855 Φυλάσσεσθε
3570 2802 3751 2872 κρίσιν
3770 2841 3787 2865 ,
3829 2804 4033 2855 ποιεῖτε

2451 2895 2798 2967 δικαιοσύνην
2856 2894 3027 2950 θείαν.
3084 2895 3368 2966 Μακάριος
3425 2896 3454 2947 ὁ
3502 2893 3676 2948 mqu
3726 2893 3911 2948 ταῦτα
3949 2895 4036 2947 καὶ

2453 2987 2809 3057 ἀντεχόμενος
2845 2985 3043 3040 αὐτῶν.
3085 3004 3103 3037 ι

2530 3096 2550 3130 ι
2587 3077 2909 3147 Δικαιοσύνη
2938 3076 3204 3142 ἀθάνατός
3228 3079 3392 3133 ἐστιν.
3426 3098 3445 3130 ι

2529 3190 2549 3222 ι
2586 3171 2711 3225 Ἐάν
2728 3169 3075 3240 δικαιοσύνην
3101 3171 3293 3244 ἀγαπᾷ
3306 3189 3409 3237 τις,
3445 3174 3496 3226 οἱ
3521 3172 3674 3226 πόνοι
3695 3172 3863 3226 αὑτοῦ
3901 3176 4037 3227 εἰσιν

2459 3262 2669 3331 ἀρεταί.
2708 3280 2725 3312 ι
3893 3284 3926 3321 κ

2533 3373 2552 3406 ι
2603 3354 2728 3407 Ἐάν
2746 3353 2945 3425 διώκῃς
2975 3354 3034 3407 τὸ
3062 3354 3290 3418 δίκαιον,
3324 3354 3650 3424 καταλήψει,
3710 3356 3808 3408 καὶ
3844 3356 4041 3427 ἐνδύσῃ

2459 3444 2592 3499 αὐτὸ
2610 3444 2685 3509 ὡς
2715 3444 2923 3516 ποδήρη
2944 3444 3120 3517 δόξης.
3159 3464 3179 3497 ι

2538 3638 2557 3669 ι
2574 3618 2851 3691 Μακάριοι
2874 3622 2922 3672 οἱ
2950 3620 3243 3684 πεινῶντες
3261 3620 3359 3675 καὶ
3384 3621 3645 3691 διψῶντες
3660 3622 4041 3695 δικαιοσύνην,

2459 3710 2541 3763 δτι
2570 3710 2722 3765 αὑτοὶ
2751 3711 3231 3784 χορτασθήσονται.
3261 3733 3280 3765 ι

2541 3824 2558 3855 ι
2578 3804 2694 3868 Πᾶς
2720 3804 2750 3857 ό
2783 3805 2953 3859 ποιῶν
2976 3806 3075 3875 τὴν
3100 3804 3466 3876 δικαιοσύνην,
3491 3808 3559 3860 ἐκ
3579 3808 3670 3861 τοῦ
3691 3808 3831 3861 Θεοῦ
3866 3809 4035 3862 ἐστι.»

2527 3998 2849 4071 Δικαιοσύνη
2866 4000 3013 4055 ἐστὶν
3041 4000 3154 4065 ἕξις
3177 4001 3551 4072 ἁπονεμητικὴ
3577 4000 3672 4054 τοῦ
3698 4001 3823 4055 κατ’
3858 4002 4022 4066 ἀξίαν

2459 4093 2805 4162 Δυσθήρατον
2832 4092 2889 4145 δὲ
2917 4092 3096 4157 τοῦτο,
3126 4093 3234 4147 τῶν
3261 4094 3359 4165 μὲν
3390 4094 3478 4148 διά
3508 4095 3570 4147 τὸ
3607 4095 3732 4166 περὶ
3768 4095 3871 4166 τὴν
3908 4096 4041 4167 φρό-

2458 4200 2613 4254 νησιν
2644 4182 2884 4250 ὲλλειπὲς
2913 4184 3011 4254 οὑχ
3033 4185 3394 4256 εὑρισκόντων
3428 4186 3641 4255 ἑκάστῳ
3663 4186 3945 4255 διανεῖμαι
3985 4190 4044 4238 τὸ

2458 4269 2594 4340 ἴσον,
2618 4274 2726 4327 τῶν
2751 4274 2806 4328 δὲ
2825 4274 2913 4328 διὰ
2939 4276 3001 4328 τὸ
3026 4275 3458 4347 προκατέχεσθαι
3489 4276 3592 4329 ὑπὸ
3620 4276 3811 4329 παθῶν
3834 4278 4047 4347 ἀνθρωι

2459 4368 2652 4430 πίνων,
2680 4366 3048 4437 ἀφανιζόντων
3089 4369 3150 4421 τὸ
3184 4369 3412 4423 δίκαιον.
3443 4399 3512 4410 —
3548 4368 3616 4421 Ἠ
3656 4369 3830 4440 ἁρετὴ
3884 4369 4045 4438 λόγον

786 4479 993 4543 buant;
1052 4473 1148 4528 alii
1199 4482 1335 4525 vero
1368 4466 1461 4537 jus
1513 4464 1854 4525 oblitterant,
1913 4459 2042 4530 quia
2101 4458 2359 4512 humanis

2461 4458 2648 4527 ὑγείας
2679 4459 2883 4529 ἐπέχει.
2916 4489 2985 4501 —
3009 4458 3349 4530 Τιμιώτερον
3379 4462 3548 4532 ἁρετὴ
3600 4461 3631 4531 ἦ
3682 4461 3947 4527 πλοῦτος.
3983 4495 4045 4505 -

787 4568 1076 4625 affectibus
1135 4560 1396 4633 occupati
1432 4565 1714 4613 tenentur.
1758 4584 1829 4597 -—
1860 4551 2052 4606 Virtus
2099 4550 2356 4606 sanitatis

2473 4550 2697 4621 Ἀρετῆς
2716 4550 2969 4620 ἄσκησις,
2999 4553 3180 4619 τίμιον
3209 4551 3311 4621 μὲν
3344 4552 3531 4621 κτῆμα
3558 4552 3637 4623 τῷ
3678 4553 3887 4624 ἔχοντι,
3930 4556 4046 4626 "r33:-

778 4661 1059 4723 ,rationem
1100 4655 1335 4711 obtinet.
1362 4681 1431 4693 —
1456 4647 1816 4703 Prtestantior
1865 4651 1952 4699 est
1990 4642 2170 4697 virtus
2227 4642 2349 4711 Opi-

2457 4657 2581 4694 στον
2613 4641 2670 4693 δέ
2709 4640 2886 4710 θέαμα
2923 4644 3035 4705 τοῖς
3071 4642 3506 4713 ἐντυγχάνουσιν.

789 4746 1214 4818 ιλιι-ωε
1260 4739 1500 4796 Virtutis
1548 4738 1741 4792 cultus
1799 4743 1912 4789 tum
1973 4733 2243 4803 praeclara
2298 4732 2526 4787 habenti
2585 4737 2868 4801 possessio
2922 4741 3042 4797 est,
3095 4742 3208 4787 tum
3268 4733 3577 4803 jucundum
3643 4740 4041 4806 spectaculum

790 4843 864 4898 iis
893 4839 992 4912 qui
1027 4853 1153 4893 cum
1183 4850 1251 4891 eo
1280 4837 1595 4889 versantur.

861 4950 922 5008 S.
952 4949 1109 5020 (ἔνθα.
1144 4946 1266 5000 Na:
1327 4952 1469 4999 orat.
1504 4942 1555 4996 ι.
1577 4969 1649 4981 ——
1676 4938 1885 4993 Bonum
1944 4937 2199 4991 humana:
2256 4949 2358 4990 na-

792 5052 931 5098 tunc
975 5050 1145 5110 captu
1186 5037 1613 5106 haudquaquam
1654 5030 1816 5084 facile
1848 5036 1955 5093 est,
1987 5025 2356 5098 quemadmo-

791 5136 922 5191 dum
953 5134 1097 5203 ignis
1120 5128 1418 5186 humidiori
1455 5123 1722 5180 materiae.

864 5247 926 5305 S.
952 5246 1107 5317 (ἶνες.
1135 5244 1184 5297 Ν
1192 5259 1363 5313 yssen.
1384 5267 1452 5285 -—
1486 5240 1757 5294 Virtutem
1799 5236 1869 5290 ab
1912 5234 2067 5290 omni
2125 5242 2269 5288 metu
2304 5240 2359 5286 et

794 5338 1171 5395 dominatione
1207 5333 1436 5388 liberam
1452 5343 1586 5385 esse
1608 5326 1892 5384 convenit.

863 5447 1059 5520 Ejusd.
1104 5447 1162 5500 in
1211 5445 1371 5499 Cant.
1416 5450 1559 5496 cant.
1586 5470 1655 5481 —
1679 5438 1868 5493 Virtus
1912 5452 2005 5492 res
2030 5444 2119 5492 est
2149 5435 2362 5491 nullius

2546 5449 2866 5503 Ἀδέσποτον
2900 5449 2934 5518 ἡ
2964 5446 3154 5517 ἀρετὴ,
3217 5446 3310 5499 καὶ
3338 5443 3609 5509 ἑκούσιον,
3644 5444 3740 5496 καὶ
3794 5444 4043 5513 ἀνάγκης

797 5542 1041 5600 dominio
1101 5536 1440 5607 mancipata,
1490 5532 1585 5589 sed
1616 5530 1954 5594 voluntaria,
2001 5537 2056 5585 et
2106 5527 2174 5583 ab
2212 5529 2362 5583 omni

2466 5542 2647 5613 πάσης
2670 5539 2969 5610 ἐλεύθερον.

800 5635 1135 5693 necessitate
1162 5631 1356 5685 libera.

877 5739 1060 5811 Ejusd.
1079 5741 1136 5794 in
1151 5739 1378 5814 primum
1402 5734 1561 5789 beatit
1578 5763 1667 5787 .—
1686 5728 2023 5801 ilujusmodi
2045 5740 2131 5788 est
2153 5732 2357 5787 divisio

800 5832 1043 5893 virtutis.
1084 5839 1145 5887 ut
1176 5837 1228 5886 et
1269 5827 1324 5884 in
1361 5840 1552 5883 omnes
1584 5821 1678 5894 qui
1714 5822 1889 5892 ipsius
1929 5821 2166 5881 studiosi
2199 5835 2351 5886 sunt,

2534 4930 2846 5000 Δύσληπτον
2862 4928 2924 4980 τὸ
2950 4928 3154 4996 ἀγαθὸν
3192 4931 3258 4999 τῇ
3286 4928 3602 4999 ἀνθρωπίνη
3640 4929 3829 4996 φύσει,
3853 4932 4044 5003 ὥσπερ

2465 5026 2561 5078 καὶ
2596 5022 2706 5092 πῦρ
2735 5022 2836 5092 ὑλῃ
2861 5024 2927 5092 τῇ
2960 5022 3251 5092 ὑγροτέρᾳ.

2552 5241 2872 5312 Ἐλευθέραν
2902 5233 3040 5290 εἶναι
3060 5237 3324 5306 προσήκει
3355 5235 3553 5300 παντὸς
3584 5235 3753 5305 φόϐου
3784 5238 3887 5307 τὴν
3918 5238 4041 5307 ἁρε-

2461 5339 2562 5410 τὴν
2597 5338 2694 5389 καὶ
2719 5336 3029 5390 ἀδέσποτον.

2537 5725 2773 5797 Τοιαύτη
2794 5726 2889 5794 τῆς
2919 5723 3119 5796 ἀρετῆς
3150 5724 3183 5795 ἠ
3212 5722 3491 5793 διαίρεσις,
3514 5721 3652 5775 ὥστε
3679 5723 3775 5772 καὶ
3806 5720 3888 5782 εἰς
3918 5720 4046 5770 πάτ-

2470 5841 2567 5886 τας
2603 5820 2727 5882 τοὺς
2757 5819 3233 5887 ἀντιποιουμένους
3269 5816 3433 5885 αὐτῆς
3466 5812 3905 5884 διαμερεζπθαι,
3955 5814 4043 5863 κε’.
