4210 6448
146 409 268 473 1381

1387 407 1621 465 SACRA
1664 405 2122 464 PARALLELA.

3226 402 3362 466 1382

141 530 314 578 πᾶσαν
344 525 555 594 ἑκάστῳ
587 527 838 595 παρεῖναι
891 526 965 597 μὴ
1017 521 1415 592 ἐλαττουμένην
1464 524 1555 574 ἐπὶ
1594 525 1727 581 τοῖς,

1759 519 2197 580 ιιίὶδιτίῠιιίιιιιτ,
2254 524 2327 568 οι
2362 516 2596 586 singulis
2645 516 2854 583 integra
2911 515 3076 577 adsit,
3126 519 3372 572 neculio

141 618 585 686 συμμετέχουσιν.

208 797 323 864 Χρὴ
356 795 451 864 τὴν
472 796 671 866 ἀρετὴν
703 795 777 865 μὴ
803 795 979 864 χωλὴν
1013 790 1148 845 εἶναι
1183 793 1304 845 καθ’
1331 793 1551 862 ἐτέρων,
1588 789 1703 842 ἀλλ’

142 890 280 957 ἔργῳ
308 887 401 940 καὶ
436 887 576 957 λόγῳ
610 887 777 957 ὀρθὴν
809 887 902 940 καὶ
956 879 1337 955 ἀπηρισμένην
1381 887 1495 937 κατ’
1523 884 1703 954 ἀμφό-

137 994 270 1046 τερα
298 972 455 1028 εἶναι.

208 1067 282 1118 Οὐ
315 1066 535 1120 δύναται
565 1069 598 1137 ἠ
625 1068 938 1137 ἀνθρωπίνη
975 1067 1135 1136 φύσις
1162 1067 1292 1119 αὐτὸ
1333 1065 1586 1137 καθαρῶς
1646 1065 1707 1116 τὸ

139 1157 342 1208 δίκαιον
363 1159 422 1209 ἐν
452 1157 596 1228 ψυχῇ
632 1156 948 1220 θεάσασθαι,
989 1160 1055 1210 τά
1076 1158 1244 1210 πολλὰ
1290 1156 1400 1208 τῶν
1433 1154 1707 1224 λογισμῶν

141 1246 586 1317 ἀμϐλυώττουσα.
637 1240 644 1250 ’

211 1342 320 1409 Οὐχ
343 1341 372 1392 ό
404 1340 566 1402 τόπος
598 1339 698 1409 τὴν
723 1339 943 1408 ἀρετὴν,
970 1339 1082 1391 ἀλλ’
1107 1341 1140 1408 ή
1175 1338 1342 1408 ἁρετὴ
1376 1339 1588 1406 πέφυκε
1617 1340 1708 1390 τὸν

140 1435 298 1484 τόπον
339 1432 644 1501 σεμνύνειν.
673 1460 740 1469 -
783 1431 992 1499 Ὠσπερ
1052 1433 1142 1482 ἐπὶ
1183 1432 1283 1499 τῆς
1335 1430 1563 1500 κιθάρας
1609 1431 1708 1482 οὐκ

140 1526 300 1592 ἀρκεῖ
357 1525 519 1593 μόνον
553 1523 660 1577 ἀπὸ
714 1524 844 1592 μιᾶς
879 1524 1076 1591 νευρᾶς
1109 1521 1207 1590 τὴν
1257 1521 1519 1592 μελῳδίαν
1548 1522 1709 1592 ἐργά-

143 1615 356 1676 σασθαι,
409 1614 547 1668 ἀλλά
602 1613 780 1676 πάσας
829 1615 1039 1667 ἐπίεναι
1095 1615 1176 1666 δεῖ
1205 1616 1340 1683 μετὰ
1382 1613 1587 1683 ῥυθμοῦ
1616 1613 1707 1666 τοῦ

140 1713 529 1778 προσήκοντος,
560 1706 700 1760 οὕτω
734 1708 827 1760 καὶ
857 1709 950 1759 ἐπὶ
979 1709 1075 1777 τῆς
1107 1710 1246 1760 κατὰ
1294 1708 1473 1776 ψυχὴν
1511 1709 1711 1777 ἀρετῆς

139 1802 236 1850 οὐκ
265 1802 429 1868 ἀρκεῖ
449 1801 582 1868 ἡμῖν
609 1798 770 1868 νόμος
799 1800 877 1860 είς
907 1799 1198 1867 σωτηρίαν,
1235 1799 1369 1851 ἀλλά
1397 1799 1477 1851 δεῖ
1505 1800 1712 1862 πάντας

140 1893 337 1954 αὐτοὺς
368 1893 509 1961 μετά
539 1891 822 1958 ἀκριϐείας
849 1891 1154 1958 φυλάττειν.

223 2071 312 2131 Ὠς
341 2070 541 2133 ἔοικεν,
591 2071 957 2141 ἡδικαιοσύνη
1022 2074 1364 2144 τετράγωνός
1412 2079 1549 2141 ἐστι,
1581 2077 1718 2129 πάν-

144 2164 301 2214 τοθεν
363 2165 456 2232 ἴση
493 2165 586 2217 καὶ
641 2164 819 2234 ὁμοία,
857 2167 914 2216 ἐν
942 2165 1083 2233 λόγῳ
1112 2168 1203 2218 καὶ
1255 2167 1418 2238 ἔργῳ,
1455 2171 1512 2220 ἐν
1542 2171 1716 2239 ἀποχῇ

141 2255 350 2318 κακῶν,
386 2258 446 2307 ἐν
478 2255 714 2326 εὐποιῖᾳ,
745 2257 802 2308 ἐν
823 2256 1118 2326 τελειότητι
1162 2265 1455 2331 γνωστικῇ,
1515 2262 1718 2332 οὐδαμῆ

137 2347 398 2417 οὐδαμῶς
446 2348 790 2417 χωλεύουσα,
830 2350 916 2403 ἵνα
953 2353 1026 2422 μὴ
1084 2352 1268 2417 ἄδικός
1303 2371 1362 2406 τε
1398 2356 1490 2407 καὶ
1539 2355 1721 2417 ἄνισος

142 2441 283 2504 (pavi
297 2479 309 2491 .

212 2632 293 2701 Τῇ
327 2631 645 2701 δικαιοσύνῃ
676 2632 761 2684 ἀεὶ
791 2632 851 2685 τὸ
883 2631 1083 2701 ἰσχύειν
1107 2631 1407 2696 ἀκολουθεῖ,
1444 2632 1630 2701 ὥσπερ
1657 2636 1721 2703 τῇ

138 2720 329 2793 ἀδικίᾳ
359 2722 425 2774 τὸ
454 2723 696 2775 ἀσθενεῖν
724 2724 934 2775 ἐπεται.

210 2898 433 2960 Κακίας
474 2898 651 2963 ἔξοδος
703 2901 901 2969 ἀρετῆς
931 2902 1134 2953 εἴσοδον
1169 2901 1478 2970 ἐργάζεται,
1504 2901 1578 2963 ὡς
1633 2904 1726 2954 καὶ

137 2993 492 3054 τούναντίον,
525 2993 862 3053 ἀποστάντος
890 2991 1098 3059 ἀγαθοῦ
1123 3033 1137 3056 ,
1190 2994 1251 3044 τὸ
1285 2993 1569 3062 ἐφεδρεῦον
1625 3013 1726 3046 κα-

137 3085 234 3136 κὸν
265 3085 676 3154 ἐπεισέρχεται.
706 3116 774 3123 -
809 3086 874 3136 Εἴ
902 3101 984 3146 τις
1036 3084 1219 3146 πάσας
1263 3085 1360 3146 τὰς
1389 3086 1585 3154 ἀρετὰς
1639 3087 1724 3138 διὰ

140 3178 388 3247 σπουδῆς
418 3179 512 3230 καὶ
546 3176 756 3247 νήψεκως
788 3177 1230 3243 ὲγκεκόλπισται,
1284 3171 1439 3239 οὗτος
1475 3177 1724 3245 βασιλεὺς

137 3268 502 3338 χρηματίζει,
537 3265 639 3318 κᾶν
670 3264 879 3334 ἰδιώτης
913 3266 1188 3333 τυγχάνοι.

137 3517 330 3570 ΤΙΤΛ.
370 3514 471 3567 ιε’.
501 3544 571 3553 -—
599 3511 735 3579 Περὶ
779 3509 1064 3578 διαφορᾶς
1099 3508 1197 3579 καὶ
1226 3508 1508 3576 ἀνομοίου
1551 3525 1729 3561 κατα-

545 3578 816 3647 στάσεως
852 3581 966 3632 τῶγ
1000 3578 1339 3647 ἀνθρώπων.

215 3740 235 3772 ι
281 3721 503 3788 Ὠσπερ
531 3717 630 3786 οὐχ
673 3717 834 3785 ὃμοια
885 3715 1152 3784 πρόσωπα
1181 3712 1513 3784 προσώποις,
1557 3711 1728 3774 οὓτως

137 3813 265 3866 οὐδὲ
293 3814 352 3865 αἱ
387 3809 605 3879 καρδίαι
637 3806 745 3859 τῶν
778 3806 1079 3877 ἀνθρώπων
1103 3807 1303 3874 ὅμοιαι.
1338 3825 1354 3854 ι

220 3923 239 3955 ι
278 3905 359 3956 Οὐ
401 3903 578 3954 πάντα
614 3900 747 3951 πᾶσι
779 3897 1070 3967 συμφέρει,
1103 3898 1196 3949 καὶ
1221 3897 1282 3948 οὐ
1323 3897 1469 3948 πᾶσα
1497 3895 1641 3965 ψυχὴ
1674 3896 1731 3946 ὲν

142 3998 316 4052 παντὶ
342 3994 575 4046 εὐδοκεῖ.
613 4010 631 4040 ι

215 4092 296 4142 Οὐ
335 4088 410 4139 τὰ.
437 4085 574 4137 αὐτὰ
604 4085 736 4136 πᾶσι
765 4081 1024 4151 ἁρμόζειν
1053 4078 1254 4132 οἴεσθε·
1284 4077 1407 4129 οὔτε
1441 4077 1538 4146 μία
1569 4079 1732 4130 πᾶσιν

137 4183 358 4255 ὁμοίως
391 4177 669 4248 ἐπιτηδεία
695 4175 926 4244 ὑπάρχει
971 4175 1170 4243 τροφὴ,
1211 4171 1332 4224 οὔτε
1389 4173 1730 4241 Χριστιανοίς

138 4270 226 4336 εἷς
292 4272 415 4342 βίος
469 4268 746 4339 ἁρμόδιος.
771 4295 840 4302 —-
871 4265 1081 4333 Ὥσπερ
1112 4265 1221 4324 τοῖς
1256 4263 1500 4332 σώμασιν
1547 4262 1604 4313 οὐ
1637 4263 1732 4332 τὴν

140 4367 330 4436 αὐτὴν
391 4360 738 4433 φαρμακείαν
766 4358 859 4411 καὶ
889 4356 1093 4427 τροφὴν
1129 4355 1522 4426 προσφέρονταί
1567 4372 1732 4419 τινες,

138 4465 305 4516 ἄλλοι
368 4459 425 4512 δὲ
455 4456 642 4525 ἄλλην,
678 4454 710 4523 ἢ
749 4451 1128 4512 εὑεκτοῦντες,
1162 4449 1194 4519 ἢ
1235 4450 1552 4517 κάμνοντες,
1594 4447 1735 4498 οὕτω

1809 609 1974 660 modo
2024 618 2244 676 propter
2283 623 2376 661 eos
2429 611 2518 678 qui
2573 610 2746 678 ipsam
2798 610 3130 677 partieipent
3181 609 3372 665 decre-

1809 710 1947 754 seat.

1881 793 1939 846 S.
1968 792 2179 862 Cyrilli.
2218 796 2628 849 —Cavendum
2671 802 2779 854 est,
2818 810 2885 848 ne
2919 795 3186 846 alterutro
3236 792 3373 862 pede

1811 883 1987 936 virtus
2046 881 2357 946 οιςιιιάὶςθι,’
2384 900 2574 937 verum
2625 895 2859 952 utraque
2921 892 3098 952 parte,
3159 882 3262 936 huc
3290 890 3375 936 est

1810 983 1918 1026 tam
1947 974 2164 1029 actione
2191 993 2355 1046 quam
2389 990 2666 1038 sermone,
2705 987 2846 1028 recta
2901 977 3254 1045 perfectaque
3278 974 3371 1028 sit.

1874 1065 2149 1120 Met/radii.
2182 1099 2248 1108 -—-
2278 1067 2532 1120 Humana
2588 1077 2781 1120 natura
2826 1066 3103 1134 justitiam
3142 1081 3276 1135 pure
3314 1064 3368 1117 in

1812 1159 1994 1210 anima
2024 1172 2131 1209 non
2161 1160 2303 1210 valet
2333 1159 2589 1212 contueri
2621 1173 2636 1208 :
2668 1157 2870 1226 quippe
2902 1159 3060 1225 cujus
3084 1157 3376 1225 cogitatio-

1815 1266 1910 1303 nes
1942 1250 2267 1318 plerumque
2296 1252 2607 1305 excutiant.

1883 1339 1940 1392 S.
2005 1340 2278 1408 Chrysost.
2317 1372 2384 1382 ——-
2423 1340 2539 1394 Non
2593 1341 2747 1395 locus
2790 1340 3081 1404 virtutem,
3131 1340 3223 1394 sed
3264 1340 3377 1391 vir-

1814 1439 1903 1486 tus
1932 1433 2113 1486 locum
2155 1434 2295 1486 solet
2333 1448 2627 1487 exornare.
2651 1461 2718 1472 —
2738 1431 2808 1486 Ut
2839 1433 2892 1485 in
2921 1432 3131 1484 cithara
3166 1430 3232 1484 ad
3266 1445 3381 1483 mo-

1814 1527 2060 1580 dulatum
2110 1539 2332 1580 cantum
2381 1528 2652 1580 edendum
2705 1541 2816 1578 una
2854 1525 3058 1578 chorda
3093 1541 3200 1578 non
3230 1523 3380 1578 suill-

1816 1620 1944 1677 ciet,
1988 1629 2176 1671 verum
2212 1634 2406 1671 υιιιιιθε
2458 1633 2580 1669 (‘Uﬂl
2632 1632 2861 1670 numero
2899 1629 2952 1668 et
2986 1625 3256 1670 concentu
3289 1617 3384 1668 ab-

1817 1710 1997 1762 soluto
2041 1709 2398 1776 peragranda:
2430 1716 2604 1761 sunt:
2644 1708 2836 1761 eodem
2889 1707 3051 1760 modo
3096 1705 3150 1760 in
3188 1708 3385 1759 animae

1816 1815 2038 1869 quoque
2077 1801 2276 1854 virtute
2335 1800 2477 1854 haud
2523 1800 2663 1854 satis
2715 1809 2798 1853 est
2841 1799 2906 1851 ad
2960 1797 3192 1853 salutem
3236 1799 3384 1851 obli-

1751 1890 1790 1941 B
1821 1891 2054 1945 nendam
2103 1893 2271 1961 legem
2324 1908 2489 1945 unam
2534 1893 2854 1954 observare,
2894 1892 2986 1944 sed
3020 1907 3213 1944 omnes
3254 1890 3382 1943 dili-

1815 1995 2004 2055 genter
2038 1994 2255 2052 oportet
2282 1986 2534 2053 exsequi.

1888 2077 1947 2129 S.
1976 2075 2232 2131 Clement.
2285 2077 2378 2129 lib.
2402 2093 2478 2132 'lll
2524 2076 2784 2131 Stromat.
2819 2107 2887 2117 ——
2915 2078 3172 2141 .lustitia,
3207 2087 3264 2130 ut
3300 2078 3384 2132 vi-

1818 2170 1996 2229 detur,
2052 2173 2321 2240 quadrata
2385 2181 2491 2232 est,
2549 2179 2714 2239 atque
2765 2172 3013 2241 undique
3070 2172 3274 2225 similis
3333 2183 3387 2226 et

1819 2263 2048 2326 eadem;
2103 2263 2155 2315 iu
2202 2278 2482 2327 sermone,
2538 2263 2592 2316 in
2625 2263 2867 2323 actione,
2899 2263 2952 2315 in
2985 2262 3323 2316 abstinentia
3359 2279 3388 2315 a

1767 2415 1775 2428 Δ
1822 2358 2000 2416 malis,
2046 2357 2097 2408 in
2135 2356 2522 2419 beneficentia,
2554 2362 2608 2409 et
2645 2355 2699 2408 in
2736 2356 3072 2425 perfectione
3116 2356 3389 2416 scientia,

1823 2464 1924 2504 nec
1956 2465 2188 2516 usquam
2218 2450 2446 2502 omnino
2492 2449 2796 2509 claudicat,
2843 2465 2910 2503 ne
2945 2448 3150 2517 alioqui
3184 2448 3389 2516 injusta

1821 2551 1873 2596 et
1905 2542 2130 2595 minime
2161 2541 2390 2611 azqualis
2426 2549 2708 2612 appareat.

1891 2633 2124 2703 Didymi.
2170 2666 2233 2675 ——
2268 2631 2548 2688 Justitiam
2600 2636 2769 2688 robur
2839 2641 3103 2703 perpetuo
3160 2632 3392 2686 comita-

1828 2735 1932 2786 tur,
1975 2725 2441 2793 quemadmodum
2481 2723 2813 2796 injustitiam
2861 2723 3114 2789 sequitur
3145 2719 3394 2774 imbecil-

1827 2816 1969 2870 litas.

1895 2905 2158 2959 Philonis.
2209 2937 2274 2945 —
2316 2904 2595 2959 Diseessio
2645 2905 2965 2959 vitiositatis
3026 2903 3246 2958 virtutis
3299 2917 3392 2956 ac-

1827 3016 2046 3055 cessum
2125 2999 2297 3053 facit:
2356 2999 2822 3068 quemadmodqu
2877 3008 3072 3052 contra
3135 2997 3394 3050 submoto

1827 3093 1971 3145 bono
2005 3092 2207 3145 malum
2242 3107 2300 3145 se
2329 3092 2515 3143 statim
2552 3091 2819 3144 insinuat.
2839 3119 2908 3130 —
2932 3090 2986 3142 Si
3007 3089 3130 3159 quis
3159 3089 3393 3141 virtutes

1829 3197 2022 3236 omnes
2070 3197 2167 3250 per
2218 3181 2463 3234 studium
2520 3180 2803 3250 animique
2854 3181 3191 3251 vigilantiam
3227 3180 3392 3233 veluti

1827 3274 2036 3342 gremio
2098 3273 2341 3327 inclusas
2394 3273 2675 3335 habuerit,
2740 3275 2830 3327 hic
2882 3289 2975 3328 rex
3025 3272 3394 3326 nominandus

1828 3373 1931 3430 est,
1965 3367 2223 3433 quamvis
2265 3366 2473 3432 alioqui
2513 3367 2583 3418 sit
2614 3369 2888 3434 privatus.

1931 3514 2072 3573 ΤΙΤ.
2098 3516 2211 3572 XV.
2235 3548 2303 3558 -—
2332 3516 2411 3571 De
2442 3520 2588 3641 varii:
2623 3529 2670 3641 ft
2711 3519 2964 3572 dissimili
3014 3520 3287 3573 hominum

2536 3607 2559 3641 ε
2590 3607 2619 3641 a
2650 3607 2701 3641 ιι.

2536 3607 2701 3642 ειαιιι.

1900 3720 2070 3774 Eccli.
2102 3738 2219 3785 xui,
2248 3723 2336 3775 31.
2358 3753 2425 3765 -—
2456 3743 2473 3774 ι
2503 3723 2979 3789 Quemadmodum
3013 3725 3200 3778 vultus
3226 3724 3393 3778 vulti-

1833 3815 1933 3867 bus
1951 3815 2159 3868 similes
2191 3830 2298 3868 non
2333 3827 2485 3877 sunt,
2518 3817 2598 3870 sic
2632 3817 2796 3869 etiam
2832 3818 2998 3870 corda
3031 3817 3335 3871 hominum.
3367 3837 3388 3870 ι

1903 3901 2068 3956 Eccli.
2103 3918 2309 3965 xxxv“,
2341 3905 2430 3956 55.
2457 3899 2535 3946 --’
2560 3921 2578 3953 ι
2615 3902 2732 3956 Νοη
2779 3903 2962 3956 omnia
2997 3903 3256 3956 omnibus
3295 3918 3393 3955 ex-

1834 3993 2095 4061 pediunt:
2129 4009 2228 4046 nec
2261 3995 2442 4048 omnis
2487 3995 2665 4048 anima
2717 3995 2864 4047 omni
2894 4009 2952 4048 re
2991 3993 3325 4047 delectatur.
3365 4011 3388 4043 ›

1905 4085 1961 4139 8.
1995 4085 2150 4154 (frey.
2181 4088 2318 4140 Ναί.
2349 4118 2418 4126 -
2445 4085 2559 4138 Νοη
2590 4086 2777 4140 eadem
2806 4086 3064 4139 omnibus
3095 4086 3390 4138 convenire

1834 4178 2260 4234 existimandum
2295 4188 2419 4231 est:
2462 4193 2563 4231 nec
2608 4194 2712 4231 una
2751 4178 3008 4230 omnibus
3053 4177 3392 4230 conveniens

1835 4288 1961 4326 esca
1990 4281 2090 4334 est,
2152 4286 2256 4324 nec
2306 4285 2412 4323 una
2464 4270 2801 4324 Christianis
2850 4271 2959 4323 vita
3008 4271 3286 4339 congruit.
3325 4297 3390 4306 ~—

1835 4363 2301 4428 Quemadmodum
2345 4380 2452 4417 non
2493 4364 2742 4418 eamdem
2779 4378 3006 4431 prorsus
3055 4377 3177 4416 eum
3218 4363 3392 4414 medi-

1837 4458 2038 4520 cinam,
2097 4462 2210 4508 tum
2261 4456 2603 4515 alimoniam,
2641 4453 2908 4523 impertiri
2966 4454 3148 4506 solent
3211 4452 3388 4505 homi-

138 4556 244 4607 καὶ
279 4553 391 4612 τὰς
420 4549 594 4618 ψυχὰς
624 4545 859 4613 διαφόρῳ
893 4543 1034 4611 λόγῳ
1082 4541 1176 4593 καὶ
1220 4541 1410 4608 ἀγωγῇ
1465 4539 1729 4605 θεραπευ-

1767 4582 1807 4634 D
1839 4564 1954 4610 nes,
2015 4546 2108 4601 sed
2153 4547 2314 4598 aliam
2377 4547 2521 4608 aliis,
2563 4560 2662 4599 seu
2721 4542 2838 4597 sa'ni
2870 4544 3002 4604 sint,
3038 4558 3136 4596 seu
3198 4542 3391 4594 morbo

134 4649 293 4701 τέον.
330 4643 625 4709 Μάρτυρες
657 4638 712 4690 δὲ
753 4637 851 4705 τῆς
893 4635 1184 4704 θεραπείας
1213 4629 1312 4686 ὦσι
1358 4637 1450 4685 καὶ
1475 4634 1542 4685 τά
1563 4633 1728 4700 πάθη.

137 4740 293 4799 Τοὺς
335 4735 437 4803 μὲν
465 4734 585 4800 ἄγει
633 4730 811 4796 λόγος,
854 4727 902 4778 οἱ
933 4725 990 4777 δὲ
1030 4724 1379 4795 ῥυθμίζονται
1433 4723 1729 4791 παραδείγ-

139 4847 309 4900 ματι·
350 4828 402 4878 οί
439 4825 534 4894 μὲν
569 4823 777 4876 δέονται
796 4819 1056 4889 κέντρων,
1088 4820 1138 4870 ot
1167 4818 1225 4870 δὲ
1254 4816 1490 4886 χαλινοῦ.
1527 4818 1587 4868 Οἱ
1631 4816 1727 4883 μὲν

136 4924 260 4989 γάρ
286 4923 403 4972 εισι
431 4918 618 4977 νωθεῖς
645 4915 739 4966 καὶ
765 4911 1071 4980 δυσκίνητοι
1100 4909 1233 4978 πρὸς
1253 4911 1310 4960 τὸ
1334 4909 1515 4972 καλὸν,
1549 4907 1640 4970 οὓς
1665 4911 1727 4976 τῇ

135 5014 352 5082 πληγῇ
403 5009 495 5062 τοῦ
524 5008 682 5077 λόγου
716 5005 1035 5075 διεγερτέον.
1084 5004 1143 5055 Οἱ
1181 5002 1236 5054 δὲ
1265 5002 1512 5070 καθάπερ
1565 5000 1729 5052 πῶλοι

139 5106 408 5174 γενναῖοι
444 5103 630 5170 πόρρω
671 5099 770 5167 τῆς
823 5098 1022 5165 νύσσης
1052 5095 1263 5156 θέοντες
1292 5134 1308 5156 ,
1364 5093 1455 5156 οὓς
1493 5093 1732 5161 βελτίους

139 5198 450 5263 ποιήσειεν
487 5191 667 5259 ἄγχων
720 5189 813 5241 καὶ
841 5188 1159 5241 ἀνακόπτων
1190 5187 1218 5237 ὁ
1251 5185 1404 5252 λόγος
1428 5200 1440 5211 ·
1475 5186 1599 5244 τοὺς
1635 5183 1731 5253 μὲν

139 5290 394 5344 ἔπαινος
449 5283 642 5350 ὢνησε,
689 5284 812 5342 τοὺς
841 5281 898 5332 δὲ
930 5279 958 5330 ὀ
998 5279 1186 5348 ψόγος.
1226 5279 1536 5347 Ἀμφότερα
1598 5277 1734 5344 μετὰ

134 5377 250 5431 τοῦ
324 5375 545 5445 καιροῦ,
585 5373 618 5442 ἢ
650 5370 958 5425 τούναντίον
1004 5369 1232 5438 ἔϐλαψεν
1263 5368 1370 5434 ἔξω
1398 5369 1492 5421 τοῦ
1543 5367 1731 5437 καιροῦ

140 5471 252 5522 καὶ
277 5466 380 5518 τοῦ
412 5466 588 5533 λόγου.
613 5465 748 5525 Τοὺς
783 5463 880 5532 μὲν
914 5461 1259 5531 παράκλησις
1286 5462 1571 5532 κατορθοῖ,
1607 5465 1731 5525 τοὺς

136 5561 203 5612 δὲ
237 5559 598 5626 ἐπιτίμησις·
641 5558 735 5608 καὶ
770 5552 923 5619 αὖθις
956 5557 1078 5618 τοὺς
1109 5555 1205 5626 μὲν
1238 5555 1302 5605 ἐκ
1339 5555 1498 5624 κοινῷ
1529 5555 1731 5622 διελέγ-

138 5664 364 5722 χομεν,
396 5650 518 5710 τοὺς
549 5648 606 5701 δὲ
635 5647 889 5718 κρύϐδην.

1839 4642 2119 4701 fatiscant,
2151 4640 2232 4692 sie
2257 4652 2477 4706 quoque
2511 4637 2721 4690 diversa
2754 4635 2966 4688 ratione
2999 4643 3054 4688 et
3079 4635 3240 4688 diaeta
3267 4634 3386 4686 ani-

1838 4734 1940 4785 tnis
1988 4739 2203 4800 oportet
2259 4729 2486 4783 mederi.
2525 4733 2702 4796 Atque
2757 4727 2882 4780 illos
2929 4725 3152 4794 quidem
3205 4739 3388 4778 sermo

1837 4824 2011 4888 ducit,
2047 4823 2099 4876 hi
2135 4822 2443 4875 formantur
2499 4820 2783 4888 exemplo:
2838 4819 2916 4871 illi
2966 4817 3208 4870 stimulis
3247 4832 3388 4884 opus

1841 4919 2057 4978 habent,
2104 4916 2193 4970 isti
2246 4931 2373 4968 vero
2422 4913 2597 4968 freno.
2649 4914 2756 4965 Alii
2815 4910 2961 4964 enim
3013 4925 3206 4978 segnes
3244 4908 3389 4962 desi-

1838 5013 2043 5080 desque
2098 5020 2251 5073 sunt,
2303 5010 2500 5077 vixque
2556 5016 2843 5060 moventur
2887 5007 2952 5057 ad
2984 5004 3211 5064 bonum,
3251 5018 3389 5069 quos

1839 5104 2118 5159 sermonis
2188 5102 2350 5173 439
2397 5101 2718 5155 verberibus
2780 5098 3026 5152 excitare
3086 5095 3385 5150 incumbat.

1842 5195 1944 5247 Alii
1978 5209 2371 5263 generosorum
2405 5194 2680 5262 pullorum
2715 5206 2868 5244 more
2921 5189 3134 5259 longius
3179 5202 3209 5240 a
3249 5197 3390 5240 meta

1841 5295 2112 5352 currunt;
2177 5302 2315 5356 quos
2380 5286 2634 5339 meliores
2710 5298 2892 5338 sermo
2960 5281 3169 5342 fecerit,
3243 5279 3393 5348 ipsos

1842 5378 2191 5447 astringendo
2243 5377 2675 5443 cohibendoque.
2729 5375 2944 5428 Rursus
2998 5373 3119 5426 aliis
3173 5370 3390 5439 quidem

1842 5469 2028 5524 laudes
2064 5470 2382 5538 adjnmeuto
2412 5468 2636 5529 fuerint,
2667 5468 2792 5520 aliis
2833 5465 3185 5534 vituperium.
3233 5459 3393 5514 Utra-

1840 5578 1944 5631 que
1980 5548 2236 5616 nimirum
2272 5579 2373 5616 suo
2409 5572 2674 5631 tempore.
2717 5559 2937 5630 Alioqui
2987 5559 3132 5614 enim
3188 5567 3393 5608 nocue-

1844 5662 1973 5710 runt
2012 5655 2114 5709 ista
2141 5693 2155 5717 ,
2207 5670 2327 5723 qua:
2378 5671 2476 5708 nec
2505 5666 2773 5723 tempore,
2832 5667 2937 5705 nec
2995 5647 3157 5703 modo
3190 5661 3386 5700 conve-

140 5741 351 5797 nienti
425 5724 666 5797 adhibita
755 5743 887 5797 sint.
956 5741 1107 5797 Alios
1190 5740 1378 5796 itidem
1436 5739 1754 5803 adhortatio
1815 5747 2063 5819 corrigit,
2122 5747 2256 5801 alios
2307 5746 2666 5818 obiurgatio:
2724 5744 2863 5800 istos
2917 5740 3152 5810 denique
3213 5737 3391 5807 palam

136 5837 548 5907 coarguimus,
587 5837 710 5894 illos
736 5836 956 5894 remotis
989 5836 1230 5892 arbitris.
