4210 6448
811 426 939 487 ίΒἩ

798 541 826 592 'l
848 543 931 593 l'l‘.
969 538 1104 592 XVl.
1135 568 1203 580 —
1236 538 1310 591 De
1330 538 1517 605 juslis,
1553 546 1602 612 et
1621 537 1819 603 probis,
1849 545 1898 588 et
1932 534 2081 587 bonis
2112 534 2258 586 viris.

866 721 1030 774 Num.
1067 738 1177 783 xw,
1215 720 1266 775 5.

795 824 1016 867 sanctos
1053 814 1119 865 ad
1154 828 1214 865 se
1237 814 1502 882 suscepit.
1542 832 1562 864 ι
1754 874 1762 893 δ

868 906 1027 961 Deut.
1055 921 1251 966 xxviii.
1288 906 1369 959 li.
1416 934 1491 946 ——
1524 924 1542 957 ι
1579 903 1683 971 Qui
1720 906 1956 960 dilectus
1987 910 2072 958 est
2098 918 2126 955 a
2177 902 2368 956 Domi-

795 1011 888 1057 no,
922 996 1194 1050 habitabit
1234 997 1573 1071 conﬁdenter
1608 1005 1705 1050 :et
1734 997 1879 1050 Deus
1929 979 2227 1049 obumbrat
2245 1010 2372 1047 eum

795 1089 1050 1142 omnibus
1074 1090 1284 1142 diebus.
1331 1108 1349 1139 ι

846 1177 869 1230 Ι
906 1178 1031 1248 Reg.
1055 1195 1165 1238 xvi,
1202 1180 1290 1232 19..
1327 1209 1395 1218 -
1433 1198 1452 1228 ι
1480 1178 1627 1232 Dixit
1648 1177 1907 1231 Dominus
1932 1176 1999 1229 ad
2034 1174 2373 1231 Samuelem:

798 1270 994 1339 Surge,
1044 1288 1185 1341 unge
1222 1270 1417 1336 David,
1457 1273 1585 1340 quia
1613 1272 1927 1331 bonus,est.
1960 1289 1977 1321 ι

870 1361 1023 1417 Ρεαι.
1059 1381 1243 1427 xxxvi,
1265 1365 1356 1417 25.
1378 1393 1448 1404 —
1482 1382 1501 1415 ι
1541 1361 1732 1418 Iunior
1765 1363 1844 1416 fui
1878 1366 1897 1433 (
1929 1362 2130 1417 etenim
2164 1359 2321 1415 senui
2351 1358 2371 1427 )

796 1463 851 1505 vt
879 1469 984 1506 non
1016 1455 1124 1506 vidi
1154 1456 1367 1520 justum
1408 1454 1757 1508 derelictum.
1803 1451 1946 1508 Justi
1972 1451 2372 1507 haereditabunt

798 1554 1020 1598 terram.
1084 1542 1249 1600 Salus
1296 1546 1572 1613 justorum
1610 1560 1641 1599 ιι
1689 1546 1945 1612 Domino,
1985 1555 2040 1600 et
2094 1552 2373 1615 protector

798 1653 987 1690 eorum
1020 1648 1105 1692 est
1142 1680 1158 1703 ,
1201 1658 1218 1688 ι
1255 1647 1362 1691 etc.
1554 1626 1559 1639 ’

871 1727 1024 1783 Ρεαι.
1057 1745 1165 1793 xei,
1205 1730 1290 1783 15.
1324 1758 1396 1771 -
1417 1747 1436 1778 ι
1468 1727 1665 1786 Justus
1698 1737 1759 1783 ut
1780 1729 1961 1800 palma
1984 1727 2225 1795 llorebit,
2254 1732 2369 1785 sic-

799 1830 858 1874 ut
884 1822 1083 1875 cedrus
1117 1836 1240 1888 qua:
1261 1822 1313 1874 in
1347 1821 1560 1875 Libano
1583 1832 1692 1887 est,
1726 1840 1746 1873 ι
1778 1832 1885 1876 etc.

868 1910 1021 1964 Psal.
1056 1927 1200 1975 xcvi,
1227 1912 1314 1966 11.
1347 1931 1456 1964 -ι
1487 1912 1608 1968 Lux
1634 1922 1757 1968 orta
1789 1922 1880 1971 est
1908 1914 2087 1985 justo,
2118 1924 2174 1972 et
2197 1917 2368 1973 rectis

797 2003 966 2055 corde
996 2003 1178 2057 laetitia
1212 2044 1226 2056 .
1242 2022 1259 2053 ι

869 2090 1028 2145 Paul.
1049 2107 1161 2155 cxi,
1190 2097 1246 2156 ‘2,
1273 2094 1329 2152 4,
1360 2092 1411 2147 7.
1437 2122 1509 2131 —
1530 2110 1549 2143 ι
1587 2091 1881 2150 Generatio
1910 2102 2185 2150 rectorum
2202 2096 2369 2151 bene-

795 2183 1027 2237 iliretur.
1062 2182 1248 2237 Gloria
1281 2193 1335 2238 et
1359 2184 1588 2250 divitiae,
1620 2193 1726 2241 etc.
1786 2185 2049 2241 Exortum
2076 2198 2161 2243 est
2187 2188 2240 2241 in
2272 2199 2357 2243 te.-

799 2275 984 2329 nebris
1018 2276 1202 2329 lumen
1227 2275 1415 2342 rectis,
1451 2276 1793 2342 misericors,
1824 2286 1934 2332 etc.
1965 2278 2024 2332 In
2100 2281 2369 2334 memoria

797 2376 1000 2421 :cterna
1033 2367 1140 2421 erit
1167 2368 1390 2437 justus;
1423 2368 1492 2421 ab
1526 2369 1831 2432 auditione,
1865 2388 1884 2420 ι
1919 2381 2034 2424 etc.

873 2454 1024 2509 Psal.
1048 2472 1218 2521 cxvn,
1246 2458 1333 2511 15.
1367 2486 1437 2497 -
1487 2475 1508 2509 ι
1547 2456 1665 2512 Vox
1700 2458 2090 2516 exsultationis
2120 2468 2176 2515 et
2226 2462 2372 2516 salu-

799 2552 890 2612 tis,
924 2551 979 2603 in
1015 2550 1393 2604 tabernaculis
1419 2550 1722 2617 justorum.
1766 2570 1787 2603 ι
1940 2557 1946 2561 ’

876 2641 1023 2698 Psal.
1052 2658 1214 2708 chv,
1244 2643 1301 2697 8.
1330 2673 1403 2682 —
1439 2663 1457 2694 ι
1498 2643 1765 2700 Dominus
1793 2644 1973 2713 diligit
2006 2644 2209 2714 justas.
2242 2664 2262 2695 ι

876 2733 1033 2788 Prov.
1065 2751 1120 2800 χ,
1192 2735 1245 2788 5.
1275 2765 1346 2774 —
1380 2754 1398 2785 ‹
1453 2735 1574 2788 Νοιι
1630 2734 1774 2789 fame
1823 2735 2043 2790 necabit
2096 2735 2369 2790 Dominus

801 2827 1040 2881 animam
1071 2826 1226 2895 justi.
1266 2825 1410 2882 Fons
1437 2827 1564 2880 vitai
1594 2828 1649 2880 in
1677 2842 1845 2881 inanu
1865 2828 2002 2895 justi
2032 2866 2048 2881 .
2075 2845 2095 2880 ι

874 2917 1036 2971 Prov.
1068 2931 1190 2984 xui,
1226 2917 1319 2973 25.
1344 2947 1417 2958 —
1449 2936 1469 2969 ι
1500 2916 1982 2973 Thesaurizantur
2031 2917 2205 2987 justis
2238 2933 2371 2988 opes

804 3011 1117 3080 impiorum.
1162 3028 1182 3061 ι

877 3102 1032 3157 Prov.
1079 3119 1151 3164 iv,
1188 3103 1273 3157 t8.
1300 3132 1371 3143 —
1408 3119 1427 3153 ι
1457 3100 1746 3159 Justorum
1779 3102 1993 3159 semitae
2057 3102 2220 3169 quasi
2279 3103 2371 3157 lux

1996 426 2056 480 S.
2090 418 2409 479 JOANNIS
2433 419 2864 480 DAMASCENI

1297 749 1367 759 —
1404 740 1421 770 ι
1458 719 1620 774 Novit
1670 720 1811 777 Deus
1841 720 1932 788 qui
1971 717 2056 772 sui
2106 725 2268 780 sunt,
2325 726 2379 766 et

3929 416 4054 479 13ρί

2432 535 2685 593 Α’ἹῚΤΛ.
2720 536 2833 602 ις’.
2858 535 3078 600 -Περὶ
3110 532 3375 595 δικαίων,
3407 532 3507 587 καὶ
3535 532 3757 596 καλῶν,
3789 532 3888 584 καὶ
3916 534 4051 601 ἀρτία

3059 602 3179 657 θῶν
3216 602 3470 670 ἀνδρῶν.

2557 743 2574 774 ι
2626 722 2809 789 Ἔγνω
2834 722 2863 775 ὀ
2887 721 3019 784 Θεὸς
3048 721 3172 785 τοὺς
3191 723 3351 785 ὄντας
3377 719 3565 786 αὐτοῦ,
3591 720 3687 773 καὶ
3712 722 3840 784 τοὺς
3869 722 4055 787 ἁγίους

2480 814 2848 887 προσελάϐετο
2877 814 3013 882 πρὸς
3043 813 3228 867 αὐτόν.
3267 833 3285 863 ι

2555 929 2574 960 ι
2613 910 2672 959 '0
2709 907 3066 976 ὴγαπημένος
3089 905 3196 958 ὑπὸ
3222 905 3455 975 Κυρίου,
3484 902 3907 974 κατασκηνώσει
3956 920 4055 955 πε-

2478 996 2703 1084 ποιρὼς,
2734 996 2829 1049 καὶ
2859 996 2887 1046 ὁ
2910 994 3042 1058 Θεὸς
3071 995 3286 1059 σκιάζει
3309 995 3398 1047 ἐπ’
3424 995 3576 1064 αὐτῷ
3605 995 3787 1056 πάσας
3810 994 3911 1056 τάς
3933 994 4059 1062 ήμέο

2479 1108 2596 1162 ρας.
2639 1108 2657 1139 ι

2551 1203 2569 1232 ‹
2606 1178 2740 1234 Εἷπε
2777 1180 2982 1248 Κύριος
3030 1178 3168 1248 πρὸς
3214 1178 3470 1248 Σαμουήλ
3500 1194 3515 1209 ·
3565 1179 3822 1242 Ἀνάστα,
3869 1177 4057 1250 χρίσον

2472 1273 2564 1327 τὸν
2592 1274 2777 1332 Δαϐὶδ,
2811 1273 2892 1325 ὅτι
2923 1270 3127 1338 ἀγαθός
3157 1273 3326 1325 ἐστιν.
3373 1290 3392 1321 ι

2551 1384 2569 1416 ι
2607 1356 2887 1433 Νεώτερὸς
2930 1363 3200 1434 ἐγενόμην
3227 1381 3241 1393 ·
3294 1362 3394 1415 καὶ
3430 1379 3541 1433 γαρ
3597 1365 3848 1433 ὲγήρασα
3880 1379 3901 1395 ο
3962 1363 4059 1414 καὶ

2473 1457 2572 1509 οὐκ
2607 1452 2746 1509 εἶδον
2765 1456 2977 1508 δίκαιον
3013 1454 3605 1523 ἐγκαταλελειμμένον.
3666 1454 3881 1506 Δίκαιοι
3934 1453 4059 1519 κλῇε

2476 1549 2838 1619 ρονομήσουσι
2862 1546 2961 1617 τὴν
2988 1547 3113 1617 γῆν.
3171 1547 3427 1617 Σωτηρία
3468 1546 3581 1599 τῶν
3621 1528 3869 1600 omnium,
3904 1547 4060 1614 παρὰ

2473 1641 2701 1711 Κυρίου,
2736 1640 2830 1692 καὶ
2858 1638 3235 1709 ὑπερασπιστὴς
3264 1641 3446 1693 αὐτῶν
3468 1640 3635 1693 ἐστιν.
3677 1659 3696 1691 ι

2547 1752 2566 1785 ι
2612 1734 2833 1798 Δίκαιος
2858 1735 2935 1797 ὠς
2961 1732 3141 1803 φοίνιξ
3171 1733 3422 1804 ἀνθήσει,
3450 1733 3584 1787 ὡσεὶ
3615 1733 3807 1801 κέδρος
3828 1733 3863 1802 ἡ
3893 1732 3954 1785 ἐν
3981 1732 4060 1799 τῷ

2472 1826 2514 1878 Λ
2525 1824 2712 1895 ιϐἀνῳ.
2750 1846 2770 1879 ι

2547 1937 2566 1969 ι
2600 1918 2718 1981 Φῶς
2781 1916 3021 1971 ἀνέτειλε
3071 1915 3151 1986 τῷ
3195 1914 3413 1985 δικαίῳ,
3463 1915 3563 1968 καὶ
3607 1916 3723 1978 τοῖς
3770 1912 3961 1968 εὐθέσι
3992 1916 4060 1983 τῇ

2471 2010 2670 2080 καρδία
2686 2009 3030 2078 εὐφροσύνη.
3073 2027 3091 2058 ι

2546 2121 2563 2149 ο
2604 2100 2769 2155 Γενεά
2797 2100 3001 2153 εὑθέων
3021 2098 3472 2169 εὐλογηθήσεται.
3503 2097 3640 2163 Δόξα
3674 2097 3771 2151 καὶ
3802 2096 4061 2160 vtio-Sto;

2472 2193 2804 2259 Ἐξανέτειλε
2835 2191 2954 2260 φῶς
2991 2195 3050 2244 ὲν
3085 2191 3269 2245 σκότει
3320 2192 3434 2252 τοῖς
3496 2190 3730 2254 εὑθέσιν,
3783 2188 4058 2257 ἐλεήμων.

2473 2285 2568 2349 Et;
2593 2285 2941 2357 μνημόσυνον
2966 2282 3191 2337 αἰώνιον
3214 2283 3367 2336 ἔσται
3400 2281 3633 2345 δίκαιος,
3665 2281 3778 2335 ἀπὸ
3808 2282 4006 2351 ἀκοῆς.
4038 2299 4055 2329 ι

2547 2489 2565 2520 ι
2600 2468 2758 2540 Φωνὴ
2790 2466 3168 2536 ἀγαλλιάσεως
3215 2468 3312 2520 καὶ
3350 2466 3647 2538 σωτηρίας,
3705 2467 3769 2518 ὲν
3831 2466 4061 2531 σκηναῖς

2470 2561 2716 2615 δικαίων.
2757 2579 2778 2611 ι

2546 2671 2566 2704 ι
2606 2652 2811 2723 Κύριος
2837 2652 3032 2722 ἀγαπᾷ
3064 2650 3329 2715 δικαίους.
3362 2669 3381 2702 ι

2547 2763 2567 2796 ι
2598 2746 2673 2797 Οὐ
2714 2745 3097 2813 λιμοκτονήσει
3148 2743 3354 2816 Κύριος
3405 2743 3585 2814 ψυχὴν
3627 2742 3867 2796 δικαίου.
3900 2740 4059 2810 Πηγὴ

2471 2834 2619 2906 ζωῆς
2646 2837 2704 2888 ἐν
2737 2840 2882 2907 χειρὶ
2910 2838 3143 2890 δικαίου.
3183 2854 3203 2887 ι

2548 2946 2570 2980 ι
2597 2928 3002 2998 Θησαυρίζεται
3027 2926 3258 2989 δικαίοις
3290 2924 3523 2990 πλοῦτος
3545 2924 3781 2979 ἀσεϐῶν.
3815 2943 3836 2976 ι

2549 3127 2570 3160 ι
2600 3109 2665 3161 Δί
2699 3108 2811 3161 ὁδοὶ
2866 3108 2978 3161 τῶν
3027 3107 3255 3161 δικαίων
3298 3106 3502 3176 ὁμοίως
3544 3109 3689 3176 φωτὶ
3746 3109 4032 3180 λάμπουσι

803 3196 1198 3267 splendescunt
1231 3213 1245 3249 :
1284 3196 1750 3266 antegradiuntur
1799 3206 1853 3251 et
1886 3195 2220 3255 illuminant.
2240 3197 2370 3250 dum
2400 3226 2443 3283 α

2400 3226 2443 3283 C
2478 3201 2909 3271 προπορεύονται
2933 3199 3016 3263 δὲ,
3066 3200 3161 3252 καὶ
3190 3199 3678 3267 φωτίζουσινοέως
3729 3201 4058 3272 κατορθώσῃ

805 3287 1041 3357 perfecta
1072 3289 1143 3342 sit
1165 3287 1305 3342 dies.
1343 3305 1362 3336 ι

882 3380 1042 3435 Prov.
1072 3396 1182 3445 xiv,
1221 3381 1304 3434 16.
1341 3397 1446 3431 -ι
1480 3378 1701 3450 Septies
1723 3381 1886 3434 cadet
1917 3379 2130 3449 justus,
2181 3388 2236 3433 et
2292 3394 2376 3434 re-

808 3482 1019 3544 surget.
1053 3491 1072 3523 ι

880 3564 1039 3618 Prov.
1072 3580 1147 3630 xl,
1186 3562 1266 3616 ll.
1295 3581 1403 3613 -ι
1442 3562 1498 3615 In
1536 3563 1698 3616 bonis
1722 3563 2000 3631 justorum
2032 3572 2228 3617 erectae
2248 3572 2377 3615 sunt

808 3655 1099 3719 civitates;
1127 3668 1225 3707 ore
1260 3660 1441 3706 autem
1478 3652 1771 3722 impiorum
1796 3654 1994 3708 diruta:
2026 3662 2178 3707 sunt.
2220 3671 2239 3703 ι

883 3748 1040 3801 Prov.
1074 3761 1136 3809 ιι,
1164 3744 1257 3800 2‘2.
1287 3772 1358 3784 —
1388 3762 1408 3794 ι
1452 3742 1680 3813 Benigni
1710 3754 1871 3799 erunt
1890 3745 2241 3837 limbitatores
2268 3751 2375 3797 ter-

810 3856 884 3894 rae
913 3859 927 3892 :
957 3839 1279 3892 innocentes
1305 3850 1491 3894 autem
1522 3841 1903 3908 relinquentur
1944 3838 2002 3892 in
2031 3851 2115 3892 ea.
2160 3857 2179 3888 ι

881 3932 1044 3986 Prov.
1067 3946 1152 3998 ιιι,
1182 3932 1273 3986 '52.
1297 3961 1370 3972 —
1434 3950 1453 3984 ι
1480 3931 1803 3986 Habitacula
1856 3929 1992 3999 justi
2042 3928 2375 3984 benedicun-

813 4035 925 4078 tur.
971 4043 990 4075 ι

882 4114 1042 4169 Prov.
1076 4131 1130 4179 ι,
1159 4116 1251 4171 53.
1284 4144 1354 4154 —
1391 4132 1410 4165 ι
1446 4112 1617 4168 Labia
1647 4114 1893 4168 virorum
1929 4114 2227 4196 ~justorum
2291 4115 2374 4168 di-

813 4210 1025 4262 stillant
1047 4207 1278 4276 gratias.
1311 4223 1330 4256 ι

889 4300 1045 4354 Prov.
1084 4316 1184 4362 ιιι,
1217 4300 1272 4352 5.
1312 4328 1379 4338 —-
1414 4317 1432 4349 ι
1471 4296 1707 4352 Radices
1731 4297 2009 4367 justorum
2067 4314 2177 4353 non
2225 4302 2375 4355 evel-

809 4395 1014 4447 lentur.
1051 4410 1070 4443 ι
1388 4412 1395 4423 ι
1472 4418 1476 4421 -
1861 4400 1865 4407 ‘
2246 4392 2253 4403 '

885 4483 1047 4537 Prov.
1075 4499 1193 4545 xm,
1231 4481 1319 4535 15.
1352 4498 1463 4532 -ι
1502 4480 1706 4537 Domus
1731 4483 2003 4549 justorum
2042 4481 2375 4538 benedicun-

811 4584 922 4628 tur.
965 4593 985 4625 ι
1489 4624 1495 4631 .

887 4665 1048 4720 Prav.
1078 4681 1189 4728 ιιν,
1231 4664 1286 4716 '2.
1315 4692 1385 4703 —
1413 4680 1432 4713 ι
1461 4662 1564 4728 Qui
1594 4668 1825 4736 respicit
1847 4669 2029 4738 plane,
2060 4666 2377 4720 misericor-

813 4759 961 4812 diam
991 4770 1379 4828 consequetur.
1419 4774 1439 4806 ι

883 4848 1040 4905 Prov.
1067 4866 1157 4915 xx,
1195 4851 1246 4904 7.
1276 4878 1346 4889 —
1382 4867 1401 4899 ι
1440 4846 1545 4913 Qui
1589 4859 1738 4904 recte
1760 4850 2031 4918 ambulat,
2063 4849 2221 4905 timet
2259 4849 2375 4903 ﬂo-

819 4943 1048 4996 miuum.
1087 4960 1104 4991 ι
1945 5004 1957 5015 .

905 5048 924 5080 ι
960 5029 1065 5097 Qui
1093 5028 1233 5083 citra
1271 5029 1759 5099 reprehensionem
1808 5039 2172 5088 conversatur
2204 5033 2261 5087 in
2286 5032 2378 5103 ju-

818 5120 987 5183 stitia,
1024 5120 1212 5174 beatos
1239 5118 1444 5174 liberos
1473 5119 1769 5189 relinquet.
1800 5138 1821 5171 ι
2104 5175 2113 5194 ι

884 5212 1062 5266 Eccle.
1095 5227 1157 5277 ιι,
1200 5211 1292 5265 ‘26.
1315 5241 1385 5251 —
1419 5229 1439 5262 ι
1473 5213 1628 5266 Bono
1694 5214 1900 5268 nomini
1954 5214 2011 5269 in
2071 5226 2374 5285 conspectu

814 5320 918 5359 suo
953 5302 1103 5358 dedit
1135 5303 1481 5372 sapientiam,
1513 5312 1570 5359 et
1621 5304 1932 5369 scientiam,
1962 5314 2019 5361 et
2048 5308 2317 5364 laetitiam.
2349 5327 2370 5360 ι

883 5394 1012 5465 Sap.
1034 5394 1206 5457 unt-7
1221 5413 1335 5447 .-‹
1356 5392 1636 5450 Justorum
1660 5396 1855 5452 anima
1872 5397 1928 5452 in
1942 5414 2102 5453 manu
2118 5399 2211 5455 Dei
2225 5411 2373 5467 sunt,

2480 3293 2514 3362 ἡ
2542 3291 2747 3361 ἡμέρα·
2792 3309 2811 3341 ι

2556 3400 2576 3433 ι
2625 3381 2889 3444 Ἐπτάκις
2911 3382 3168 3441 πεσεῖται,
3190 3382 3220 3433 ὁ
3248 3381 3479 3445 δίκαιος,
3512 3382 3608 3434 καὶ
3628 3381 4055 3452 ἀναστήσεται.»

2557 3582 2576 3613 ι
2622 3563 2714 3616 Ἐν
2764 3562 2991 3631 ἀγαθοῖς
3054 3564 3292 3618 δικαίων
3343 3563 3793 3636 κατωρθώθησαν

2482 3657 2713 3727 στόμασι
2745 3657 2804 3710 δὲ
2824 3656 3037 3710 ἀσεϐῶν
3068 3658 3522 3727 κατεσκάφησαν.
3560 3677 3578 3709 ι
3616 3688 3626 3697 -

2557 3764 2576 3796 ι
2611 3746 2856 3817 Χρηστοὶ
2878 3746 3091 3801 ἔσονται
3126 3749 3414 3818 οἰκήτορες
3441 3752 3566 3819 γῆς,
3601 3749 3803 3803 ἄκακοι
3830 3751 3893 3803 δὲ
3931 3752 4059 3802 ὑπο-

2484 3839 2869 3909 ἷιειᾳθήσονται
2892 3841 2951 3892 ὲν
2976 3839 3137 3909 αὐτῇ.
3176 3857 3196 3890 ι

2556 3951 2575 3982 ι
2623 3930 2912 3995 Ἐπαύλεις
2941 3931 3153 3984 δικαίου
3182 3930 3556 3998 εὐλογοῦνται.
3606 3952 3623 3983 ι

3860 3596 4056 3627 nunc.“

2558 4135 2577 4167 ι
2613 4114 2781 4181 Χείλη
2810 4114 3022 4184 ἀνδρῶν
3047 4113 3273 4170 δικαίων
3294 4116 3590 4180 ἀποστάζει
3611 4116 3870 4186 χάριτας.
3906 4135 3926 4167 ι

2557 4317 2577 4349 ι
2622 4298 2688 4349 At
2725 4296 2873 4369 ῥίζαι
2899 4295 3010 4349 τῶν
3046 4296 3273 4350 δ.καίω·ν
3301 4297 3401 4351 οὐκ
3431 4297 3853 4371 ὲξαρθήσονται.
3892 4317 3913 4348 ι

2553 4499 2571 4530 ι
2608 4476 2759 4533 υἷκοι
2790 4481 3012 4533 δικαίων
3028 4481 3390 4551 εὐλογοῦνται.
3435 4500 3453 4531 ι

2555 4680 2575 4711 ι
2618 4662 2677 4714 '0
2700 4661 2918 4731 βλέπων
2947 4660 3085 4725 λεῖα,
3120 4662 3497 4733 ὲλεηθήσεται.
3536 4679 3556 4710 ι

2551 4863 2569 4894 ι
2617 4845 2677 4897 '0
2707 4844 3072 4914 πορευόμενος
3096 4842 3293 4914 ὀρθῶς,
3322 4845 3567 4912 φοϐεῖται
3613 4843 3706 4894 τὸν
3758 4842 3988 4913 Κύριον.
4030 4863 4048 4891 ι

2553 5054 2572 5080 ι
2619 5032 2714 5091 Ὃς
2743 5030 3151 5099 ἀναστρέφεται
3198 5030 3426 5097 ἄμωμος
3463 5029 3522 5079 ἐν
3548 5027 3891 5097 δικαιοσύνῃ,
3952 5045 4049 5095 μα-

2478 5124 2701 5192 καρίους
2731 5126 2855 5184 τοὺς
2890 5122 3082 5184 παῖδας
3106 5119 3441 5187 καταλείψει.
3491 5139 3508 5170 ι

2512 5205 2566 5266 ἰ
2608 5213 2699 5285 Τῷ
2732 5213 3004 5284 ἀνθρώπῳ
3040 5212 3119 5283 τῷ
3171 5212 3358 5282 ἀγαθῷ
3404 5213 3510 5281 πρὸ
3548 5211 3845 5281 προσώπου
3886 5208 4050 5265 αὐτοῦ

2477 5312 2641 5364 ἔδωκε
2669 5311 2881 5379 σοφίαν,
2908 5312 3000 5363 καὶ
3020 5300 3239 5379 γνῶσιν,
3280 5308 3375 5362 καὶ
3404 5306 3761 5377 εὐφροσύνην.
3803 5326 3822 5357 ι

2551 5423 2569 5455 ι
2606 5403 2841 5455 Δικαίων
2869 5401 3038 5472 ψυχαὶ
3066 5404 3127 5454 ὲν
3155 5402 3300 5470 χειρὶ
3327 5398 3483 5462 Θεοῦ,
3520 5400 3615 5450 καὶ
3644 5398 3706 5449 οὐ
3730 5399 3808 5468 μὴ
3840 5398 4045 5468 tif/ﬁta:

814 5498 987 5544 etnon
1011 5496 1195 5560 tanget
1215 5488 1339 5542 illos
1368 5485 1853 5542 tormentum.Visi
1882 5499 2016 5544 sunt
2041 5492 2373 5547 oculisinsi-

2475 5496 2651 5550 αὐτῶν
2675 5497 2925 5566 βάσανος.
2948 5494 3173 5558 Ἐδοξαν
3193 5496 3250 5546 ὲν
3269 5492 3566 5561 ὀφθαλμοῖς
3581 5492 3837 5560 ἀφρόνων
3855 5491 4044 5542 reﬂvi-

819 5583 1077 5650 pientium
1097 5581 1258 5643 mori,
1275 5590 1328 5634 et
1342 5579 1613 5635 aestimata
1633 5588 1716 5635 est
1729 5579 2139 5639 atﬂictioexitus
2150 5601 2337 5640 eorum
2358 5606 2371 5640 :

817 5672 980 5746 [340
1011 5680 1065 5727 et
1095 5671 1239 5743 quod
1270 5667 1304 5724 a'
1324 5670 1481 5725 nobis
1505 5679 1589 5726 est
1627 5671 1751 5735 iter,
1805 5676 2065 5729 contritio
2108 5694 2121 5729 :
2157 5677 2234 5731 illi
2276 5693 2377 5731 au-

820 5777 927 5820 tem
962 5772 1089 5822 sunt
1129 5765 1181 5818 iu
1208 5778 1361 5833 pace.
1396 5760 1531 5815 Nam
1556 5762 1666 5816 etsi
1710 5777 1895 5819 coram
1920 5766 2231 5823 hominibus
2263 5778 2374 5823 tor-

2473 5606 2584 5650 ναι,
2618 5587 2713 5642 καὶ
2741 5586 2990 5656 ἐλογίσθη
3020 5587 3264 5648 κάκωσις
3313 5586 3346 5654 ἡ
3387 5582 3564 5649 ἔξοδος
3619 5580 3821 5643 αὐτῶν,
3872 5582 3974 5633 καὶ
4011 5585 4040 5649 ἠ

2472 5680 2567 5749 ἀφ’
2596 5681 2751 5751 ἡμῶν
2779 5681 2970 5749 πορεία
3001 5679 3314 5749 σύντριμμα
3340 5692 3353 5705 ·
3381 5676 3431 5728 οί
3450 5676 3506 5729 δέ
3552 5677 3689 5727 εἰσιν
3714 5676 3774 5725 ἐν
3824 5676 4039 5744 εἰρήνῃ.

2475 5773 2585 5825 Καὶ
2642 5773 2751 5843 γὰρ
2802 5774 2861 5824 ἐν
2896 5772 3017 5835 ὄψει
3061 5768 3361 5839 ἀνθρώπων
3414 5772 3508 5821 ἐὰν
3567 5766 3947 5824 κολασθῶσιν,
4008 5767 4037 5832 ἡ

819 5866 999 5912 menta
1029 5858 1174 5927 passi
1204 5864 1353 5923 sunt,
1390 5870 1519 5926 spes
1549 5855 1772 5912 illorum
1811 5858 2220 5916 immortalitate
2258 5863 2373 5926 plc—
2474 5868 2481 5916 ὲ

2474 5865 2626 5927 ἐλπὶς
2691 5864 2869 5919 αὐτῶν
2923 5863 3223 5925 ἀθανασίας
3278 5860 3509 5930 πλήρης.
3574 5861 3683 5913 Καὶ
3726 5860 3882 5928 bii-fa
3917 5876 4039 5913 παι.
