4210 6448
232 418 249 486 Ι
262 419 364 481 385

1486 413 1720 470 SACPA
1766 410 2221 469 PAliAILEIA.

3350 404 3487 472 1386

226 527 518 586 δευθεντες,
566 520 777 592 μεγάλα
830 518 1355 589 ιὺεργετηθήσονται
1390 533 1401 549 ’
1456 518 1536 569 ὃτι
1602 520 1629 570 ὁ
1667 519 1799 578 θεὸς

1906 534 1973 570 na
1994 527 2096 572 est.
2120 516 2177 569 Et
2202 520 2254 569 in
2292 518 2483 586 paucis
2513 520 2714 583 vexati,
2733 518 2787 572 in
2815 518 3003 572 multis
3026 519 3163 574 bene
3188 518 3487 584 disponen-

227 619 513 687 ἐπείρασεν
541 615 759 674 αὐτοὺς,
789 611 884 664 καὶ
916 603 1077 679 εὗρεν
1108 609 1307 671 αὐτοὺς
1336 605 1523 671 ἀξίους
1579 606 1798 661 ἑαυτοῦ.

239 710 324 772 Ὠς
356 706 555 778 χρυσὸν
581 708 636 757 ἐν
672 703 1023 773 χωνευτηρίῳ
1048 702 1376 770 ἐδοκίμασεν
1430 700 1651 764 αὐτοὺς,
1709 700 1801 751 καὶ
1846 720 1854 730 ·

225 803 299 862 ὡς
335 799 710 868 όλοκάρπωμα
732 795 919 857 θυσίας
938 793 1300 864 προσεδέξατο
1331 792 1551 859 αὐτοὺς,
1587 792 1684 846 καὶ⁵
1743 794 1802 845 ὲν

225 890 401 962 καιρῷ
432 892 737 960 ἐπισκοπῆς
768 888 949 941 αὐτῶν
979 886 1377 956 άναλάμψουσι.
1410 904 1429 937 ι

299 1004 315 1033 ι
374 985 582 1037 Δίκαιοι
630 985 710 1046 εἰς
770 982 863 1035 τὸν
902 980 1076 1035 αίῶνα
1111 978 1270 1044 ζῶσι,
1319 978 1415 1031 καὶ
1467 979 1523 1030 ὲν
1550 976 1740 1048 Κυρίῳ
1773 976 1801 1027 ὁ

227 1076 415 1147 μισθὸς
438 1076 641 1141 αὐτῶν,
666 1076 757 1128 καὶ
781 1075 815 1144 ἡ
849 1072 1072 1144 φροντὶς
1102 1070 1283 1124 αὐτῶν
1322 1068 1474 1141 παρὰ
1518 1069 1795 1137 Ὑψίστου.

221 1168 317 1221 Διὰ
347 1168 508 1222 τοῦτο
539 1168 801 1238 λήψονται
843 1167 906 1220 τὸ
963 1164 1234 1237 βασίλειον
1276 1163 1377 1233 τῆς
1441 1162 1797 1234 εὐπρεπείας,

222 1264 314 1314 καὶ
340 1267 404 1313 τὸ
430 1262 671 1331 διάδημα
708 1260 809 1329 τῆς
860 1258 1129 1326 καλλονῆς
1181 1258 1244 1309 ὲκ
1295 1254 1481 1326 χειρὸς
1540 1254 1748 1324 Κυρίου
1783 1269 1798 1284 ·

220 1354 384 1421 ὅτιτῇ
422 1353 572 1422 δεξιᾷ
593 1351 759 1404 αὑτοῦ
789 1351 1053 1404 σκεπάσει
1091 1349 1308 1413 αὐτοὺς,
1334 1347 1430 1400 καὶ
1460 1344 1798 1416 τῷβραχίονι

220 1447 553 1515 ὑπερασπιεί
582 1444 780 1498 αὐτῶν.
824 1462 842 1495 ι

292 1536 556 1597 «Δίκαιος
587 1535 683 1588 ἐὰν
740 1534 921 1604 φθάσῃ
976 1520 1323 1603 τελευτῆσαι,
1382 1535 1440 1586 ὲν
1490 1532 1797 1595 ἀναπαύσει

218 1626 390 1677 ἔσται.
425 1626 600 1695 Χάρις
626 1624 725 1679 καὶ
749 1625 896 1688 ἔλεος
921 1628 979 1678 ὲν
1010 1629 1121 1686 τοῖς
1154 1625 1429 1690 ἐκλεκτοῖς
1470 1626 1658 1687 αὐτοῦ,
1707 1628 1798 1677 καὶ

217 1717 495 1787 ἐπισκοπὴ
534 1719 592 1769 ἐν
620 1719 733 1779 τοῖς
762 1717 931 1781 ὁσίοις
956 1717 1143 1770 αὐτοῦ.
1187 1736 1203 1767 ι

298 1920 315 1951 ι
350 1900 528 1953 Θυσία
562 1900 750 1971 ἀνδρὸς
782 1900 995 1954 δικαίου
1026 1901 1214 1972 δεκτή.
1254 1921 1271 1951 ι

295 2104 312 2135 ι
358 2087 418 2137 'U
470 2085 673 2154 ἀγαθὸς
704 2085 990 2156 ἄνθρωπος
1038 2086 1102 2138 ὲκ
1134 2086 1225 2138 τοῦ
1274 2085 1478 2153 ἀγαθοῦ
1526 2047 1801 2155 θησαυροῦ

212 2177 312 2246 τῆς
346 2177 579 2248 καρδίας
614 2178 958 2231 ὲκόάλλειτά
989 2176 1190 2244 ἀγαθά.
1232 2196 1247 2228 ι

298 2270 525 2334 Ῥάσδος
552 2269 761 2322 δικαίου
786 2269 1053 2340 κρείσσων
1083 2271 1116 2340 ἢ
1146 2270 1283 2340 τιμὴ
1308 2270 1479 2323 κακοῦ

282 2452 424 2505 Ἕνα
460 2450 693 2504 πλοῦτον
721 2453 1025 2521 νομίζοντα
1060 2452 1157 2523 τὴν
1193 2453 1293 2521 τῆς
1338 2454 1535 2522 ἀρετῆς
1587 2457 1800 2526 κτῆσιν,

213 2546 346 2614 μίαν
377 2545 666 2613 εὐγένειαν
697 2546 796 2614 τὴν
820 2546 957 2614 πρὸς
992 2546 1078 2597 τὸν
1108 2545 1240 2597 Θεὸν
1289 2546 1620 2615 οἰκειότητα,
1674 2549 1803 2615 μίαν

210 2639 371 2700 ἀξίαν
406 2639 501 2690 καὶ
527 2637 850 2690 δυναστείαν
876 2638 936 2690 τὸ
966 2640 1185 2707 κρατεῖν
1211 2640 1430 2701 ἑαυτοῦ,
1494 2640 1591 2693 καὶ
1644 2640 1803 2693 ἀδού-

209 2728 387 2781 λωτον
416 2727 694 2790 εἶναιτοῖς
724 2728 1091 2799 ἀνθρωπίνοις
1149 2728 1469 2798 παθήμασιν
1500 2744 1512 2757 ·
1568 2727 1803 2798 ἀχθόμε-

210 2838 304 2873 νον
342 2822 447 2891 μὲν
478 2824 543 2891 τῇ
574 2821 884 2891 παρεκτάσει
936 2824 1033 2888 τῆς
1083 2819 1178 2872 τοῦ
1222 2820 1406 2872 ὑλικοῦ
1462 2820 1579 2889 βίου
1634 2821 1800 2889 ζωῆς,

211 2916 527 2967 σπεύδοντα
552 2913 609 2966 δὲ
632 2912 885 2983 καθάπερ
916 2913 967 2964 οἱ
997 2912 1082 2964 διὰ
1117 2912 1388 2979 πελάγους
1417 2912 1806 2964 κακοπαθῶν-ο

208 3026 302 3070 τες
338 3006 483 3077 πρὸς
503 3005 700 3075 λιμένα
725 3007 1061 3073 καταντῆσαι
1096 3004 1195 3073 τῆς
1228 3004 1598 3066 ἀναστάσεως.

288 3274 507 3343 Ὠσπερ
538 3271 608 3324 τά
638 3268 811 3338 εὐώδη
843 3267 952 3319 τῶν
1000 3265 1308 3336 ἀρωμάτων
1366 3266 1464 3333 τῆς
1514 3262 1647 3323 ἰδίας
1718 3261 1807 3313 εὐ.-

208 3367 407 3427 πνοίας
436 3366 527 3417 τὸν
558 3358 965 3429 παρακείμενον
999 3356 1138 3426 ἀέρα
1195 3354 1380 3424 πλήρη
1414 3355 1559 3404 ποιεῖ
1589 3368 1599 3379 ο
1637 3351 1806 3411 o’itm;

208 3456 409 3525 ἀνδρδς
441 3450 649 3521 ἀγαθοῦ
681 3448 950 3519 παρουσία
967 3449 1093 3510 τοὺς
1130 3447 1297 3508 πέλας
1326 3447 1584 3513 ὀνίνησιν.

514 3633 693 3684 ΤΙίἈ.
721 3629 817 3681 1Ζ¹.
850 3659 919 3669 -
944 3627 1084 3694 Περὶ
1118 3626 1486 3695 διγλὼσσίκιι.

289 3747 308 3779 ι
349 3724 714 3791 Κατάγνωσις
746 3720 958 3790 πονηρά
992 3720 1085 3770 ἐπὶ
1116 3715 1441 3785 διγλὼσσου.
1482 3736 1497 3764 ι

295 3926 311 3956 ι
354 3904 470 3963 Πᾶς
501 3897 821 3969 ἁμαρτωλὸς
868 3893 1129 3963 φθονερὸς
1187 3894 1280 3944 καὶ
1327 3894 1626 3961 δίγλωσσος
1684 3898 1805 3948 ἀτι-

212 3999 347 4066 μίαν
378 3994 510 4057 ἕξει.
548 4009 565 4039 ι

268 4114 305 4159 ἰ
360 4103 719 4174 Ψίθυρονκαὶ
747 4098 1043 4167 δίγλωσσον
1102 4096 1523 4167 καταράσασθε·
1579 4096 1807 4160 πολλοὺς

205 4201 319 4269 γάρ
353 4193 737 4267 είρηνεύοντας
763 4188 1032 4242 ἀπώλεσε.
1087 4188 1315 4240 Γλῶσσα
1366 4188 1517 4258 διττὴ
1580 4189 1807 4251 πολλοὺς

204 4290 503 4352 ὲσάλευσε,
535 4285 627 4336 καὶ
656 4280 947 4334 διέστειλεν
976 4280 1171 4340 αὐτοὺς
1205 4279 1312 4332 ἀπὸ
1341 4278 1525 4341 ἔθνους
1573 4282 1652 4341 εἰς
1713 4280 1803 4332 ἐι)-

205 4401 326 4445 νος,
360 4381 459 4433 καὶ
493 4376 675 4436 πόλεις
705 4372 909 4441 ὀχυρᾶς
956 4368 1221 4432 καθεῖλεν,
1269 4371 1364 4422 καὶ
1413 4372 1585 4431 οἰκίας
1639 4387 1796 4439 μεγι-
1829 4360 1878 4417 D

206 4476 432 4527 στάνων
503 4465 863 4535 κατέστρεψε.
904 4462 1124 4514 Γλῶσσα
1181 4462 1333 4529 διττὴ
1379 4465 1644 4530 γυναῖκας
1705 4465 1799 4516 ἀν-

201 4564 406 4635 δρείας
438 4560 657 4627 ἐξέὅαλε
691 4558 784 4610 καὶ
811 4556 1104 4625 ὲστέρησεν
1131 4554 1300 4615 αὑτάς
1328 4554 1434 4605 τῶν
1465 4556 1643 4606 πίὶνων
1702 4557 1796 4606 αὺ-

200 4659 347 4713 τῶν.
397 4656 454 4707 'U
481 4654 765 4723 προσέχων
803 4650 963 4718 αὐτῇ,
1034 4647 1096 4699 οὐ
1150 4646 1224 4715 μὴ
1283 4645 1419 4716 εὕρῃ
1470 4648 1793 4709 ἀνάπαυσιν,

202 4750 335 4802 οὐδὲ
378 4741 792 4810 κατασκηνώσει
826 4739 966 4807 μετὰ
1002 4737 1251 4807 ἡσυχίας.
1302 4756 1319 4787 ι

200 4882 403 4939 ΤΙΤΛ.
441 4881 545 4932 IH'.
576 4907 641 4918 -α
666 4875 803 4940 Περὶ
839 4872 1142 4927 δικαστῶν
1162 4871 1529 4929 ἀδεκάστων,
1572 4876 1669 4923 καὶ
1703 4892 1796 4924 κη-

282 4954 477 5019 θαρὰς
497 4949 761 5016 ἐχόντων
789 4945 893 5019 τὰς
946 4941 1162 5011 χεῖρας.
1204 4943 1301 4993 καὶ
1356 4942 1533 5010 κρῖμα
1576 4944 1672 4995 καὶ
1720 4946 1795 4994 δι-

282 5017 633 5084 καιοσύνην
655 5017 1009 5068 ποιούντων.

291 5153 310 5183 ε
361 5130 561 5184 Ἀθῶον
598 5129 692 5180 καὶ
737 5127 945 5179 δίκαιον
1004 5126 1103 5177 οὐκ
1152 5127 1494 5190 ἀποκτενεῖς,
1546 5125 1638 5177 καὶ
1698 5124 1796 5177 οὐκ

206 5222 502 5283 ἀθωώσεις
532 5222 623 5272 τὸν
655 5219 847 5287 ἀσεϐῆ.
894 5236 912 5268 t

293 5355 311 5383 ι
360 5335 543 5385 Πᾶσαν
578 5333 750 5399 χήραν
780 5330 869 5380 καὶ
893 5330 1127 5397 ὀρφανὸν
1159 5331 1216 5383 οὐ
1254 5330 1551 5383 κακώσετε.
1587 5352 1602 5379 ›

298 5548 319 5582 ι
361 5533 435 5584 Οὐ
467 5530 797 5602 προσθήσεις
826 5533 965 5601 μετά
1010 5531 1249 5604 πλήθους
1298 5532 1542 5586 ἐκκλῖναι
1592 5533 1790 5601 κρίσιν.

203 5626 457 5697 Δῶραοὺ
485 5624 651 5695 λήψῃ.
695 5624 777 5678 Τὰ
822 5624 928 5694 γάρ
977 5624 1128 5694 δῶρα
1178 5625 1432 5694 ὲκτυφλοϊ
1486 5625 1794 5695 ὀφθαλμοὺς

207 5718 549 5789 βλεπόντων,
590 5720 684 5770 καὶ
708 5718 1268 5790 λυμαίνεταιρήματα
1306 5719 1508 5774 δίκαια.
1554 5740 1570 5771 t

549 5916 811 5973 PATROL,
848 5915 962 5972 (in.
1008 5916 1177 5974 XCV.

1905 618 1994 663 tur
2030 629 2043 663 :
2082 609 2344 678 quoniam
2384 609 2526 662 Deus
2554 609 2785 663 tentavit
2816 609 2973 667 illos.
3018 618 3073 665 et
3118 610 3329 664 invenit
3362 610 3485 664 illos

1904 702 2099 771 dignos
2137 717 2216 756 se.
2278 698 2565 769 Tanquam
2619 715 2812 755 aurum
2846 703 2899 755 in
2951 703 3174 760 fornace
3232 704 3486 774 probavit

1906 797 2054 861 illos,
2087 802 2139 848 et
2165 794 2325 859 quasi
2354 793 2741 846 holocaustum
2773 794 2967 849 hostiae
2997 797 3214 866 accepit
3238 798 3403 851 illos:
3429 808 3485 854 et

1905 890 1958 943 in
1982 899 2227 958 tempore
2259 894 2544 955 respectus
2565 887 2650 941 sui
2675 885 3047 957 refulgebunt.
3085 908 3103 939 ι

1978 980 2153 1043 Eccle.
2187 996 2240 1045 v,
2282 978 2363 1033 16.
2393 1008 2463 1019 -—-
2498 998 2516 1030 ι
2558 977 2705 1034 Justi
2756 980 2810 1033 in
2849 988 3177 1050 perpetuum
3201 982 3487 1048 vivent,et

1906 1074 2048 1143 apud
2107 1072 2398 1125 Dominqu
2435 1078 2519 1126 est
2572 1087 2781 1126 merces
2843 1087 3075 1135 eorum,
3112 1081 3167 1126 et
3218 1075 3486 1144 cogitatio

1903 1180 2093 1220 eorum
2152 1162 2293 1232 apud
2348 1161 2709 1215 Altissimtnn.
2750 1163 2870 1215 Ideo
2933 1164 3207 1233 accipient
3256 1179 3485 1233 regnum

1903 1258 2146 1321 decoris,
2184 1265 2239 1310 ct
2286 1255 2536 1309 diadema
2598 1255 2799 1323 speciei
2854 1256 2921 1308 de
2962 1270 3125 1309 manu
3182 1254 3397 1311 Domini
3470 1275 3482 1309 :

1904 1351 2164 1422 quoniam
2193 1350 2417 1404 dextera
2455 1363 2555 1401 sua
2591 1353 2737 1417 teget
2760 1362 2880 1410 eos,
2913 1356 2965 1399 et
3001 1348 3228 1403 brachio
3258 1365 3362 1404 suo
3389 1348 3487 1405 dc-

1906 1443 2090 1498 t'endet
2120 1444 2261 1499 illos.
2291 1462 2307 1492 ι

1978 1536 2152 1591 Eccle.
2189 1553 2262 1599 tv,
2292 1536 2345 1611 7,
2386 1535 2468 1587 Ιῖἰ.
2502 1565 2569 1574 ——
2609 1553 2626 1586 ι
2661 1532 2875 1598 Justus,
2933 1533 2980 1588 si
3039 1544 3219 1590 morte
3273 1548 3485 1607 praeces

1908 1639 2145 1699 cupatns
2169 1629 2359 1691 fuerit,
2398 1629 2450 1679 in
2491 1625 2781 1695 refrigerio
2810 1628 2936 1682 erit.
2988 1626 3180 1682 Gratia
3211 1638 3268 1683 et
3308 1630 3484 1684 mise-

1904 1720 2145 1775 ricordia
2176 1730 2258 1773 est
2287 1719 2339 1771 in
2365 1724 2588 1771 sanctos
2619 1716 2765 1785 ejus,
2793 1724 2849 1769 et
2876 1726 3169 1787 respectus
3197 1718 3251 1771 in
3275 1720 3485 1775 electos

1903 1813 2068 1867 illius.
2118 1831 2137 1864 ι

1977 1903 2143 1958 Eccli.
2185 1884 2428 1966 xxxv,9.
2453 1934 2520 1943 —
2556 1920 2572 1951 ι
2608 1900 2963 1955 Sacrificium
2997 1900 3101 1954 viri
3127 1901 3267 1971 justi
3327 1916 3487 1957 acce-

1903 2004 2055 2066 ptum
2090 2004 2193 2050 est.
2235 2014 2251 2044 ι

1974 2085 2175 2141 Matth.
2211 2100 2310 2149 xu,
2468 2117 2535 2123 ›-
2570 2104 2587 2135 ι
2626 2083 2810 2139 Bonus
2843 2084 3007 2138 homo
3037 2084 3104 2138 de
3159 2084 3309 2140 bono
3367 2087 3488 2140 the:

1904 2196 2070 2236 sauro
2105 2180 2290 2234 cordis
2318 2177 2401 2232 siti
2434 2178 2641 2247 profert
2680 2177 2846 2232 bona.
2889 2196 2907 2228 ι

1979 2273 2141 2345 Virga
2169 2272 2303 2343 justi
2333 2271 2526 2325 melior
2558 2278 2644 2325 est
2683 2284 2851 2340 quam
2900 2270 3075 2322 honor
3109 2270 3176 2323 ab
3229 2269 3483 2341 improbo

1906 2369 2181 2439 przestitus

1980 2459 2251 2529 Tlteologi.
2290 2491 2359 2499 —-
2399 2457 2597 2511 Nullas
2625 2456 2764 2511 alias
2801 2469 2935 2526 opes
2971 2444 3347 2523 esse'sapiens
3399 2469 3489 2508 ar-
3544 2506 3548 2513 ,

1905 2552 2161 2616 bitratur,
2211 2558 2411 2621 praeter
2478 2549 2703 2603 virtutis
2760 2547 3173 2619 possessionem
3213 2566 3225 2601 :
3273 2546 3486 2602 nullam

1905 2646 2069 2697 aliam
2104 2644 2471 2704 nobilitatem,
2526 2649 2893 2712 pra‘tct‘qttam
2956 2640 3406 2709 conjunctionem
3431 2646 3486 2692 et

1906 2728 2334 2782 familiaritatem
2378 2745 2501 2782 eum
2536 2729 2683 2795 Deo;
2736 2729 2940 2782 nullam
2959 2729 3199 2799 denique
3245 2727 3488 2799 dignita-

1908 2830 2012 2871 teut
2046 2826 2099 2872 rt
2133 2820 2453 2889 potentiam,
2490 2821 2591 2874 nisi
2625 2821 2731 2876 sibi
2768 2820 2871 2890 ipsi
2904 2821 3205 2891 imperare,
3231 2837 3333 2877 nec
3390 2820 3490 2875 hu-

1907 2913 2084 2963 Inanis
2115 2911 2628 2979 perturbationibus
2677 2912 2890 2966 servire
2929 2930 2942 2964 :
2983 2913 3057 2964 ita
3090 2919 3149 2965 ut
3205 2921 3491 2982 corporea!

1834 3012 1877 3067 ο
1915 3002 2143 3071 hujusce
2171 3003 2293 3055 vita:
2324 3002 2745 3057 diuturnitatem
2798 3004 3027 3059 moleste
3051 3003 3213 3070 ferat,
3239 3014 3315 3070 et,
3341 3005 3491 3058 velut

1913 3094 2003 3162 qni
2051 3109 2148 3161 per
2200 3109 2352 3147 mare
2396 3092 2807 3156 conflictantur,
2853 3094 2917 3147 ad
2971 3103 3195 3163 portum
3242 3109 3492 3149 resurre-

1912 3185 2113 3236 ctionis
2147 3186 2435 3253 pervenire
2469 3184 2714 3239 festinet.

1987 3272 2260 3341 Ejusdem.
2343 3303 2415 3314 —
2506 3273 2984 3340 Quemadmodum
3044 3278 3346 3347 fragrantia
3391 3293 3494 3332 un-

1912 3375 2112 3433 guenta
2154 3366 2524 3436 propinquum
2584 3383 2767 3420 aerem
2824 3369 3098 3423 suavitate
3130 3385 3229 3425 sua
3264 3369 3493 3440 perfun-

1914 3458 2051 3509 dunt
2093 3477 2104 3511 :
2144 3457 2224 3511 sic
2257 3458 2423 3511 etiam
2447 3459 2551 3511 viri
2583 3460 2737 3527 probi
2779 3460 3070 3527 pnesentia
3106 3461 3175 3515 iis
3222 3463 3318 3531 qui
3366 3478 3493 3533 pro-

1912 3550 2034 3617 pins
2068 3563 2192 3603 cum
2227 3549 2346 3618 ipso
2373 3559 2689 3616 versantur,
2715 3552 3147 3606 emolumentum
3189 3555 3375 3608 affert.

2270 3642 2404 3698 ΤΙΤ.
2449 3641 2610 3696 XVII.
2651 3676 2721 3685 —
2763 3644 2840 3698 De
2867 3645 3108 3715 bilingui.

1986 3736 2159 3789 la‘ccli.
2200 3753 2255 3798 v,
2288 3736 2374 3789 l7.
2428 3766 2496 3775 ——
2542 3754 2559 3786 ι
2609 3736 3013 3793 Condemnatio
3043 3740 3279 3808 pessima
3328 3757 3493 3813 super

1913 3828 2235 3899 bilinguetn.
2279 3848 2297 3878 ι

1984 3919 2151 3974 Ισῖεειί.
2214 3938 2287 3983 vr,
2327 3924 2375 3976 1.
2407 3954 2473 3963 —
2513 3944 2529 3975 ‹
2578 3924 2770 3980 Omnis
2829 3938 3093 3996 peccator
3157 3931 3379 3988 invidus
3433 3941 3489 3988 et

1910 4012 2171 4081 bilinguis
2200 4015 2593 4069 contumeliam
2631 4016 2758 4071 fert.

1982 4121 2146 4176 Ercli.
2193 4138 2387 4188 xxvtlt,
2425 4126 2513 4189 Μ,
2554 4126 2641 4180 19.
2682 4158 2751 4167 ——
2784 4147 2803 4180 ι
2837 4129 3208 4187 Susurronem
3241 4142 3296 4187 et
3318 4134 3486 4189 bilin-

1909 4228 2067 4282 guent
2104 4214 2458 4269 maledicite:
2495 4217 2697 4272 multos
2726 4220 2872 4273 enim
2911 4222 3157 4290 perdidit
3211 4223 3482 4280 habentes

1908 4319 2119 4373 pacem.
2150 4305 2362 4374 Lingua
2393 4307 2591 4376 duplex
2614 4310 2818 4364 multos
2841 4314 3164 4379 commovit,
3191 4324 3245 4370 et
3270 4316 3491 4385 disper~

1907 4396 1977 4447 sit
2014 4395 2139 4448 illos
2176 4397 2244 4448 de
2276 4407 2440 4466 gente
2469 4399 2522 4451 in
2541 4410 2759 4468 gentem
2800 4420 2814 4455 :
2855 4411 2910 4457 et
2942 4406 3200 4462 civitates
3231 4418 3479 4464 moratas

1901 4487 2195 4551 destruxit,
2250 4495 2305 4542 et
2345 4489 2537 4543 domos
2570 4502 2969 4560 magnatorum
3021 4496 3229 4551 effodit.
3281 4497 3490 4569 Lingua

1900 4579 2100 4646 duplex
2168 4579 2431 4634 mulieres
2498 4583 2706 4637 viratas
2740 4584 2927 4652 ejecit,
2958 4599 3014 4641 et
3078 4591 3318 4659 privavit
3365 4593 3490 4649 illas

1901 4670 2185 4724 laboribus
2223 4671 2360 4725 suis.
2397 4672 2502 4737 Qui
2564 4676 2794 4744 respicit
2863 4678 3038 4742 illam,
3089 4698 3198 4736 non
3258 4683 3488 4739 habebit

1902 4762 2166 4829 requiem.
2205 4776 2308 4815 nec
2345 4762 2617 4817 habitabit
2656 4781 2780 4819 eum
2806 4768 3054 4823 silentio.
3093 4790 3111 4821 ι

1899 4895 2032 4948 Tl'l‘.
2074 4882 2469 4978 xi'ttt._—be
2500 4899 2777 4978 judicibtts
2803 4903 3143 4973 incorruptis,
3178 4919 3226 4960 ει
3263 4910 3476 4978 quipu-

2074 4982 2161 5016 ms
2192 4966 2381 5017 habent
2410 4983 2619 5031 manus,
2649 4979 2698 5021 et
2720 4971 2865 5037 jnste
2890 4966 3029 5039 Jura'
3051 4966 3299 5031 reddunt'.

1974 5138 2145 5192 Exod.
2174 5156 2330 5205 χχιιι,
2358 5143 2409 5194 7.
2440 5175 2509 5186 —
2542 5162 2560 5195 ι
2600 5148 2881 5202 lnsontetn
2904 5160 2957 5205 et
2990 5155 3208 5221 justum
3249 5169 3357 5210 non
3383 5158 3468 5211 in-

1900 5230 2155 5297 tertieies,
2185 5249 2365 5304 neque
2404 5236 2657 5293 absolves
2694 5240 2946 5310 impium.
2998 5262 3016 5295 ι

1976 5344 2149 5398 Exod.
2188 5364 2322 5409 χχιι,
2356 5349 2445 5404 22.
2476 5381 2544 5391 -—-
2589 5370 2606 5403 ι
2644 5354 2875 5409 Omnem
2933 5358 3151 5412 viduam
3185 5371 3238 5415 et
3285 5364 3467 5433 pupil-

1900 5440 2008 5491 lum
2045 5454 2151 5491 non
2182 5442 2457 5511 allligetis.
2497 5463 2515 5493 ι

1972 5549 2145 5604 Exod.
2181 5554 2415 5617 xxtu,2,
2450 5556 2504 5608 8.
2532 5587 2602 5595 —
2641 5578 2658 5608 ι
2706 5559 2818 5613 Non
2869 5561 3098 5632 adjicies
3152 5580 3274 5619 cum
3327 5569 3468 5622 mulo~

1906 5642 2139 5698 titudine
2164 5645 2789 5717 subverterejudicitun.
2812 5650 3033 5708 Munera
3063 5671 3171 5710 non
3203 5660 3463 5727 accipies;

1910 5737 2133 5792 Munera
2175 5739 2318 5792 enim
2368 5753 2645 5797 excmcant
2696 5746 2884 5801 oculos
2912 5749 3314 5813 videntium,et
3348 5756 3470 5803 cor!

1911 5839 2170 5899 rumpunt
2199 5830 2357 5885 verba
2393 5832 2559 5900 justa.
2600 5852 2617 5884 ι

3059 5927 3132 5988 AN
