4210 6448
752 368 884 436 Τῆἓτ

813 487 990 540 Exod.
1027 504 1091 542 xx
1150 505 1187 550 ι.
1215 490 1248 544 5

734 597 790 635 In
817 583 1048 652 judicio.
1082 583 1199 638 Non
1221 595 1500 655 pcrvertes
1523 586 1798 656 judicium
1825 595 2088 662 pauperis
2131 595 2186 648 in
2219 595 2313 650 lite

731 681 932 748 ipsius.
963 699 983 732 ι

799 771 963 827 Leuit.
999 787 1112 836 xix,
1155 773 1242 828 15.
1288 806 1359 817 -
1399 775 1559 848 αι
1604 795 1623 828 ι
1663 776 1781 834 Non
1822 779 2041 837 facietis
2082 783 2312 850 injusti-

728 866 857 919 tiarn
897 866 951 920 in
989 865 1139 935 judic
1165 883 1219 922 ο.
1257 866 1374 922 Non
1416 871 1658 938 accipies
1697 886 1990 940 personam
2022 876 2306 944 pauperis,

726 960 1127 1040 necstlspicies
1159 958 1351 1013 faciem
1386 961 1656 1029 potentis.
1688 960 1750 1017 In
1779 964 1998 1033 iustitia
2024 965 2306 1034 iudicabis

724 1054 1031 1120 proximum
1064 1061 1240 1107 tuum.
1278 1071 1298 1105 ι

798 1139 962 1196 Leuit.
990 1157 1139 1202 xxiv,
1169 1141 1257 1195 22.
1280 1172 1346 1183 ——
1380 1164 1398 1195 ι
1431 1144 1614 1200 Unum
1637 1146 1909 1216 judicium
1939 1147 2049 1202 erit
2080 1148 2303 1205 advenae

719 1244 774 1289 et
813 1236 1100 1305 indigenae.
1137 1253 1156 1286 ι

795 1328 960 1379 Nam.
991 1343 1157 1391 xxxv,
1184 1327 1273 1380 SI.
1305 1358 1376 1369 —
1415 1347 1433 1380 ι
1469 1327 1588 1384 Non
1629 1329 1920 1398 accipietis
1959 1330 2298 1402 redemptio-

719 1434 843 1471 nom
878 1419 1076 1472 anima:
1106 1435 1205 1488 pro
1241 1419 1539 1483 homicida,
1572 1420 1665 1490 qui
1699 1436 1829 1477 reus
1857 1421 2054 1478 mortis
2082 1422 2248 1478 fuerit
2285 1445 2296 1477 :

717 1511 863 1561 hunc
899 1520 1073 1562 morte
1109 1509 1380 1563 aflicietis.
1423 1527 1444 1561 ι
1986 1503 1996 1517 “

790 1599 942 1653 Deut.
975 1617 1088 1661 xvr,
1119 1599 1206 1655 20.
1235 1630 1300 1639 —
1347 1618 1366 1649 ι
1401 1598 1562 1657 Juste
1599 1603 1744 1668 quod
1775 1603 1987 1673 iustum
2029 1614 2134 1671 est,
2176 1622 2301 1676 per-

713 1695 981 1763 sequeris.
1023 1714 1043 1746 ι

780 1775 941 1839 Desit.
980 1801 1020 1849 ι,
1061 1784 1264 1850 17,18.
1300 1815 1372 1827 -
1400 1784 1570 1856 ιᾙοη
1609 1802 1881 1859 agnosces
1911 1803 2207 1859 personam
2240 1791 2296 1846 in

708 1877 919 1947 judicio
954 1896 969 1932 :
1010 1877 1312 1933 secundum
1339 1893 1594 1950 parvum,
1621 1887 1678 1936 et
1703 1879 2005 1937 secundum
2038 1892 2294 1953 magnum

705 1970 986 2040 iudicabis
1019 1986 1168 2027 :non
1214 1973 1559 2029 revereberis
1597 1988 1894 2044 personam
1926 1973 2294 2047 cujusquam;

705 2063 838 2135 quia
865 2065 1138 2135 judicium
1181 2065 1272 2120 Dei
1312 2074 1421 2121 est.
1461 2085 1482 2120 ι

774 2155 936 2212 Deut.
964 2171 1116 2218 xxiv,
1143 2157 1228 2211 l7.
1256 2186 1328 2198 -—
1360 2176 1379 2208 ι
1405 2156 1530 2212 Non
1559 2158 1868 2215 declinabis
1893 2159 2168 2231 iudicium
2196 2160 2293 2215 ad-

704 2263 882 2313 venae,
937 2256 994 2303 et
1046 2247 1239 2319 pupilli
1269 2287 1286 2312 .
1346 2259 1403 2305 et
1454 2249 1637 2306 vidua:
1669 2269 1684 2307 :
1722 2265 1827 2306 nec
1895 2253 2292 2325 oppignerabis

703 2343 915 2392 vestem
945 2336 1147 2394 viduae.

772 2429 930 2483 Deut.
959 2446 1129 2493 xxvu,
1161 2431 1354 2496 19,24.
1390 2463 1464 2478 —-
1504 2452 1524 2486 ι
1560 2429 1886 2491 Maledictus
1924 2436 2018 2506 qui
2060 2451 2286 2510 accepe-

700 2521 776 2577 rit
810 2537 1074 2589 munera,
1114 2533 1176 2578 ut
1215 2525 1491 2596 percutiat
1522 2528 1760 2582 animam
1792 2531 2082 2602 sanguinis
2122 2532 2284 2587 inno-

698 2615 904 2679 centis,
934 2626 988 2670 et
1027 2616 1178 2671 dicet
1223 2618 1408 2674 omnis
1449 2619 1708 2690 populus,
1759 2619 1902 2675 Fiat.
1957 2621 2283 2680 Malcdrctus

696 2705 790 2774 qui
825 2707 1088 2776 pervertit
1121 2706 1394 2777 judicium
1431 2709 1681 2777 advenae,
1724 2720 1778 2766 et
1830 2713 2049 2784 pupilli,
2091 2721 2147 2769 et
2191 2715 2280 2768 vi-

694 2795 817 2851 dua:
845 2815 858 2851 :
888 2808 944 2853 et
973 2799 1122 2854 dicet
1152 2802 1335 2856 omnis
1374 2803 1635 2872 populus,
1661 2803 1803 2860 Fiat.
1846 2825 1866 2858 ι

761 2886 866 2943 Job
889 2905 964 2955 vt,
993 2887 1087 2946 29.
1117 2921 1186 2932 —
1224 2909 1244 2942 ι
1279 2888 1499 2959 Sedete,
1529 2903 1585 2949 et
1622 2910 1731 2950 non
1759 2903 1834 2952 sit
1863 2897 2142 2965 iniustitia
2179 2917 2191 2952 :
2224 2906 2279 2951 et

692 2997 817 3036 cum
840 2983 997 3051 justo
1025 2985 1340 3040 convenite.
1374 3005 1393 3035 ι

757 3070 862 3126 Job
896 3088 1032 3138 xvtt,
1061 3074 1115 3128 9.
1138 3104 1210 3114 —
1233 3092 1251 3123 ι
1287 3073 1394 3141 Qui
1441 3091 1617 3146 purtts
1661 3087 1748 3132 est
1792 3078 2071 3145 manibus,
2116 3095 2273 3136 assu-

687 3173 803 3220 mat
831 3165 1089 3220 liduciam
1119 3209 1133 3221 .
1169 3167 1406 3236 iniustos
1440 3177 1495 3224 et
1523 3170 1744 3241 iniquos
1769 3171 2048 3228 deridebit
2105 3194 2125 3227 ι

755 3255 859 3312 .Ιοῦ
900 3274 1089 3321 xxxtt,
1128 3259 1220 3312 2|.
1267 3289 1339 3299 —
1383 3280 1402 3312 ι
1440 3258 1732 3318 Hominem
1769 3279 1878 3318 non
1918 3267 2272 3332 erubescam,

685 3363 786 3402 nec
817 3349 1108 3403 mortalem
1159 3351 1458 3405 reverebar
1517 3350 1637 3406 Non
1671 3352 1819 3408 enim
1853 3355 1973 3410 scio
2003 3355 2271 3412 admirari

683 3440 982 3496 hominem.
1020 3441 1115 3496 Sin
1147 3457 1332 3508 secus,
1365 3445 1530 3500 tinea:
1559 3461 1646 3500 me
1671 3446 1956 3503 arrodant.
1998 3467 2017 3501 ι

753 3531 906 3587 Psal.
949 3549 1060 3597 xiv,
1092 3534 1146 3588 5.
1179 3565 1248 3574 —
1280 3552 1299 3585 ι
1340 3533 1568 3591 Munera
1601 3552 1770 3607 super
1800 3539 2128 3596 innocentes
2156 3555 2267 3595 non

678 3626 917 3696 accepit.
964 3625 1070 3693 Qui
1129 3625 1262 3681 facit
1295 3627 1436 3692 haec,
1478 3643 1586 3683 non
1625 3630 1942 3687 movebitur
1993 3632 2048 3687 in
2102 3644 2266 3690 aeter-

758 3733 830 3770 1η.
876 3734 896 3768 ι

817 3756 830 3770 .
876 3734 896 3768 ι

676 3731 900 3862 nuruat.
924 3823 1011 3872 ον,
1052 3808 1107 3863 3.
1147 3837 1219 3848 --
1253 3825 1273 3860 ι
1311 3807 1463 3862 Beati
1485 3808 1578 3879 qui
1611 3810 1936 3866 custodiunt
1963 3812 2261 3881 iudicium,

672 3899 972 3955 et'faciunt
997 3900 1272 3970 justitiam
1307 3901 1456 3954 omni
1494 3909 1770 3972 tempore.
1802 3919 1822 3954 ι

747 3991 906 4048 Prov.
936 4007 1089 4058 xxxi,
1128 3991 1183 4047 9.
1217 4019 1290 4032 —
1331 4011 1350 4043 ι
1389 3991 1553 4062 Aperi
1594 4007 1660 4049 os
1708 4000 1868 4048 tuum
1893 4035 1910 4060 ,
1962 4002 2018 4050 et
2071 3996 2259 4050 omnia

666 4085 818 4153 iuste
853 4083 1062 4154 iudica.
1099 4101 1118 4135 ι

743 4173 902 4229 Prov.
927 4189 1056 4236 xxv,
1084 4171 1157 4226 27
1197 4187 1312 4230 sec.
1341 4170 1505 4228 LXX.
1541 4203 1610 4214 —
1640 4191 1658 4224 ι
1699 4171 1806 4240 Qui
1851 4172 2128 4229 donorum
2163 4188 2258 4229 ac-

667 4266 954 4337 coptiones
992 4265 1133 4332 odit,
1177 4266 1367 4321 salvus
1395 4265 1524 4319 erit.
1561 4283 1581 4315 ι

747 4373 768 4405 ι
805 4354 1058 4410 Pretiosa
1094 4369 1184 4410 res
1221 4367 1308 4410 est
1349 4354 1434 4408 vir
1471 4369 1669 4424 purus.
1711 4371 1730 4404 ι

739 4448 898 4503 Prov.
932 4463 1091 4516 xvin,
1128 4447 1184 4503 5.
1226 4477 1294 4488 -—
1329 4464 1348 4498 ι
1382 4445 1645 4502 Revereri
1693 4443 1889 4500 faciem
1928 4445 1985 4501 in
2014 4446 2249 4515 iudicio,

661 4555 771 4596 non
811 4547 896 4595 est
934 4539 1164 4594 bonum.
1208 4554 1227 4588 ι

727 4631 928 4687 Jerem.
969 4648 1046 4696 Ix,
1071 4632 1162 4686 2t.
1186 4659 1254 4672 —-
1289 4648 1308 4682 ι
1352 4630 1411 4684 ιιι
1453 4629 1560 4685 hoc
1591 4630 1863 4699 glorietur
1893 4629 1988 4699 qui
2032 4629 2242 4699 gloria-

660 4735 770 4790 tur,
798 4724 1102 4791 iutelligere
1138 4730 1192 4776 et
1225 4735 1396 4776 nosse
1429 4720 1750 4784 Dominum,
1789 4728 1846 4776 et
1880 4719 2065 4775 facere
2096 4719 2244 4789 iudi-

642 4818 805 4871 ‘cium
832 4823 885 4870 et
905 4813 1177 4884 justitiam
1209 4812 1264 4866 in
1299 4810 1481 4866 medio
1509 4816 1697 4866 terra.
1731 4829 1750 4862 ι

732 4905 760 4959 1
790 4905 918 4976 Reg.
941 4920 1040 4968 xu,
1073 4905 1129 4968 3,
1149 4903 1204 4957 4.
1229 4928 1301 4945 σ-
1325 4920 1345 4954 ι
1377 4901 1526 4956 Dixit
1561 4900 1786 4958 Samuel
1819 4901 1886 4956 ad
1918 4903 2236 4958 universum

655 4998 824 5052 Israel
865 4993 1225 5064 :Loquimini
1262 4994 1331 5049 de
1368 5008 1455 5048 me
1505 5007 1692 5048 coram
1749 4992 2002 5056 Domino,
2043 4993 2235 5047 bovem

651 5090 817 5159 cujus
857 5087 1106 5152 tulerim,
1156 5096 1255 5142 aut
1299 5087 1540 5150 asinum,
1576 5095 1672 5140 aut
1699 5086 2073 5156 oppresserim
2115 5102 2230 5141 vos.

654 5179 999 5250 Respondete
1031 5177 1325 5234 adversum
1357 5192 1464 5232 me.
1495 5176 1560 5229 Et
1588 5176 1847 5231 dixerunt
1875 5177 1940 5231 ad
1966 5176 2190 5231 Samuel
2220 5195 2232 5229 :

650 5273 769 5328 Non
799 5270 962 5326 nobis
987 5270 1251 5337 iniuriam
1283 5268 1488 5331 fecisti,
1525 5284 1626 5324 nec
1670 5270 1935 5337 accepisti
1963 5269 2032 5324 de
2068 5284 2230 5323 manu

652 5373 842 5418 nostra
871 5362 1175 5432 quidpiam.
1219 5381 1236 5413 ι

729 5452 822 5508 III
853 5453 978 5523 Reg.
1009 5468 1091 5516 ιιι,
1124 5453 1208 5513 ll,
1248 5451 1332 5506 12.
1367 5481 1437 5492 -
1492 5469 1510 5501 ι
1563 5451 1712 5506 Dixit
1772 5451 2034 5506 Dominus
2073 5452 2228 5508 Salo-

651 5547 800 5601 moui
834 5561 847 5599 :
877 5545 1016 5612 Quia
1060 5543 1353 5614 postulasti
1389 5558 1419 5596 a
1457 5558 1545 5598 me
1573 5543 1798 5598 verbum
1839 5544 1965 5608 hoc,
2008 5560 2106 5598 nec
2138 5561 2230 5615 pe-

650 5637 767 5692 tisti
813 5637 913 5690 tibi
943 5634 1065 5691 dies
1098 5634 1332 5697 multos,
1381 5649 1482 5688 nec
1540 5633 1804 5697 divitias,
1863 5651 1966 5690 nec
2015 5636 2228 5692 animas

654 5730 1002 5785 inimicorutn
1042 5725 1289 5791 tuorum,
1322 5725 1417 5783 sed
1450 5726 1740 5796 postulasti
1771 5728 1870 5782 tibi
1897 5728 2225 5798 sapientiam

652 5823 717 5877 ad
745 5822 1172 5877 discernendum
1211 5820 1516 5890 judicium;
1559 5833 1688 5874 ecce
1718 5818 1840 5874 dedi
1879 5819 1974 5873 tibi
2018 5834 2114 5873 cor
2141 5822 2223 5875 iu-

1856 463 1860 468 .
1942 389 2001 445 ς.
2042 384 2364 447 πολιαῖς
2400 387 2833 453 DAMASCEXI

1394 509 1412 542 ι
1475 493 1748 564 Pauperis
1822 511 1894 550 on
1958 501 2262 555 misereber

2366 507 2390 559 ι
2495 520 2516 554 ι
2553 503 2770 573 Πένητα
2802 508 2902 558 οὐκ
2933 508 3180 579 ﬁdlem;
3210 511 3269 564 ἐν
3303 513 3504 583 κρεσει.
3553 512 3631 568 Οὐ
3663 513 3997 587 διαστρέψεις

3875 408 3994 468 1388

2417 598 2592 666 κρῖμα
2615 598 2845 669 πένητος
2875 601 2932 653 ἐν
2966 601 3146 671 κρίσει
3165 604 3356 656 αὐτου.
3383 626 3404 656 ι

2485 789 2507 822 ε
2544 770 2618 824 οὗ
2651 774 3114 842 ποιήσετεᾶδικον
3153 779 3212 830 ἐν
3239 779 3446 848 κρίσει.
3478 782 3557 834 Οὔ
3605 781 3754 855 λήψῃ
3838 803 3972 857 προ,⁹

2410 881 2559 916 ωπον
2584 866 2828 934 πτωχοῦ,
2859 867 2970 920 οὐδ’
2997 869 3059 920 οὐ
3091 870 3169 940 μὴ
3198 869 3491 944 θαυμάσῃς
3517 875 3819 944 πρόσωπον
3845 878 3998 932 δυνά·

2408 969 2556 1006 στου.
2606 954 2694 1006 Ἔν
2717 955 3033 1031 δικαιοσύνῃ
3063 963 3272 1030 κρινεῖς
3316 962 3412 1016 τὸν
3457 964 3688 1034 πλησίον
3719 984 3814 1020 σου
3873 987 3894 1020 ι

2481 1153 2501 1186 ι
2528 1137 2818 1200 Δικαίωσις
2846 1138 2949 1207 μία
2971 1137 3126 1193 ἔσται
3154 1139 3233 1210 τῷ
3256 1142 3583 1214 προσηλύτῳ
3603 1145 3696 1196 καὶ
3724 1144 3806 1214 τῷ
3835 1146 3994 1214 ἐγχω-

2444 1223 2507 1274 ίω
2556 1242 2574 1275 ι

2444 1238 2507 1274 ευ)
2556 1242 2574 1275 ι

2407 1238 2437 1290 ρ
2478 1275 2605 1368 ἔοι,
2647 1317 2885 1386 λήψεσθε
2947 1319 3121 1392 λύτρα
3177 1322 3310 1391 περι
3356 1323 3460 1390 τῆς
3488 1325 3672 1395 ψυχῆς
3713 1325 3871 1397 παρὰ
3904 1325 3995 1378 τοῦ

2402 1406 2790 1476 φονεύσαντος,
2819 1412 2914 1464 τοῦ
2951 1413 3146 1483 ἐνόχου
3190 1416 3345 1479 ὄντος
3388 1418 3747 1488 ἀναιρεθῆναι
3775 1435 3791 1450 ·
3838 1417 3995 1472 Gaud-

2403 1499 2480 1567 τῷ
2512 1500 2856 1557 Θανατώσετε
2888 1507 3075 1561 αὐτόν.
3117 1527 3138 1560 ι

2479 1609 2498 1641 ι
2532 1593 2770 1656 Δικαίως
2798 1595 2860 1647 τὸ
2881 1597 3095 1652 δίκαιον
3121 1597 3358 1664 διώξεις.
3404 1622 3424 1654 ι

2479 1786 2500 1820 t
2537 1770 2653 1824 Οὐκ
2678 1770 2958 1844 ἐπιγνώσει
2992 1774 3287 1844 πρόσωπον
3322 1778 3382 1830 ἐν
3430 1779 3640 1848 κρίτει’
3711 1781 3854 1834 κατὰ
3900 1783 3991 1836 τὸν

2330 1844 2376 1905 Β
2406 1861 2628 1932 μικρὸν,
2661 1864 2758 1916 καὶ
2775 1864 2921 1917 κατὰ
2955 1865 3048 1918 τὸν
3080 1867 3260 1936 μέγαν
3299 1844 3506 1940 κρινείς
3534 1887 3550 1900 ’
3599 1872 3662 1925 οὐ
3723 1872 3798 1942 μὴ
3857 1873 3989 1927 ὕπο-

2403 1953 2589 2027 στείλῃ
2612 1956 2910 2026 πρόσωπον
2935 1957 3252 2028 ἀνθρώπου,
3283 1962 3368 2015 ὅτι
3409 1963 3444 2032 ἡ
3493 1961 3679 2033 κρξσ.ς
3712 1966 3808 2018 του
3849 1964 3986 2020 Θεοῦ

2396 2048 2565 2103 ἐστιν.
2605 2069 2626 2102 ι

2471 2159 2491 2193 ι
2530 2143 2646 2197 οὐκ
2679 2142 2946 2209 ἐκκλινεῖς
2973 2145 3158 2215 κρίσιν
3172 2149 3540 2222 προσηλύτου,
3566 2153 3661 2206 καὶ
3718 2151 3982 2222 ὀρφανοῦ,

2395 2236 2489 2286 καὶ
2520 2235 2720 2305 χήρας,
2752 2235 2846 2289 καὶ
2875 2237 2978 2291 οὐκ
2999 2239 3378 2310 ἐνεχυριάσεις
3400 2243 3617 2311 ἱμάτιον
3646 2244 3847 2313 χήρας.
3882 2263 3902 2294 ι

2466 2345 2486 2378 ι
2529 2327 3064 2402 Ἑπικατὰρατος,ὃς
3092 2332 3189 2386 ἐὰν
3217 2333 3361 2405 λάϐῃ
3391 2334 3563 2406 διῖιρα,
3605 2337 3703 2389 καὶ
3762 2336 3982 2408 πατάξῃ

2388 2418 2567 2491 ψυχὴν
2626 2422 2861 2493 αἵματος
2888 2423 3067 2478 ἀθώου
3089 2442 3104 2456 ·
3152 2428 3246 2480 καὶ
3293 2429 3411 2492 ἐρεῖ
3439 2430 3550 2491 πᾶς
3603 2431 3632 2482 ὁ
3688 2428 3836 2491 λαὸς,
3888 2429 3981 2482 Γέ·

2386 2529 2552 2567 νοιτο.
2605 2516 3041 2587 Ἐπικατάρατος
3083 2522 3196 2584 πᾶς
3258 2521 3320 2584 δς
3365 2520 3463 2574 ἐὰν
3519 2521 3748 2594 ἐκκλίνῃ
3797 2524 3980 2593 κρίσιν

2386 2607 2754 2677 προσηλύτου,
2783 2613 2878 2664 καὶ
2895 2612 3161 2682 ὀρφανοῦ,
3187 2614 3284 2667 καὶ
3307 2615 3484 2686 χήρας
3504 2632 3519 2645 '
3559 2615 3657 2668 καὶ
3713 2617 3836 2685 ἐρεῖ
3868 2617 3976 2677 πᾶς

2383 2697 2412 2748 δ
2440 2697 2586 2763 λαὸς,
2621 2700 2854 2756 Γένοιτο.
2897 2721 2916 2752 ι

2457 2899 2476 2932 ι
2512 2881 2809 2950 Καθίσατε,
2873 2884 2968 2938 καὶ
3021 2885 3098 2958 μὴ
3126 2885 3213 2957 εἴη
3245 2886 3454 2950 ἄδικον,
3510 2888 3606 2940 καὶ
3643 2888 3725 2958 τῷ
3778 2888 3975 2960 δικαίῳ

2380 2972 2734 3044 συνέρχεσθε.
2781 2997 2802 3028 ι

2453 3082 2473 3116 ι
2509 3066 2765 3139 Καθαρδς
2800 3069 2989 3140 χερσὶν
3035 3069 3297 3124 ἀναλάϐοι
3356 3070 3590 3142 θάρσος·
3627 3071 3833 3126 sev:me
3875 3072 3972 3126 καὶ

2376 3155 2594 3227 ἀνόμων
2626 3161 3016 3227 καταγελάσει.
3050 3180 3069 3213 ι
3122 3223 3124 3225 ,

2451 3267 2471 3300 ι
2523 3251 2844 3322 Ἄνθρωπον
2897 3254 2959 3306 ού
3007 3253 3082 3324 μὴ
3132 3253 3430 3323 αἱσχυνθῶ,
3486 3255 3626 3308 ἀλλὰ
3681 3257 3792 3326 μὴν
3826 3255 3968 3310 ὀὐδὲ

2377 3337 2567 3408 βροτὸν
2595 3341 2658 3394 οὐ
2691 3342 2767 3412 μὴ
2795 3343 3050 3412 ἐντραπῶ
3095 3344 3232 3397 Οὐδὲ
3266 3345 3378 3414 γὰρ
3408 3345 3714 3413 ἐπίσταμαι
3755 3345 3968 3416 θαυμά-

2375 3445 2465 3483 σαι
2494 3431 2806 3499 πρόσωπον.
2839 3433 2901 3485 Εἰ
2932 3433 2989 3486 δέ
3017 3435 3112 3504 μὴ,
3145 3425 3242 3486 καῖ
3267 3434 3369 3502 ἐμέ
3391 3435 3556 3504 σῆτες
3577 3435 3811 3490 ἔδονται.
3837 3457 3855 3488 ι

2449 3541 2467 3571 ι
2510 3522 2669 3593 Δῶρα
2696 3524 2784 3576 ἐπ’
2809 3523 3008 3588 ἀθώοις
3036 3526 3136 3578 οὒκ
3170 3525 3387 3580 ἔλαϐεν.
3439 3528 3498 3580 Ὀ
3546 3530 3720 3582 ποιῶν
3766 3530 3964 3592 ταῦτα,

2367 3612 2430 3666 οὐ
2466 3612 2859 3685 σαλευθήσεται
2883 3617 2965 3680 εις
2991 3616 3086 3670 τδν
3113 3616 3307 3673 αἰῶνα.
3355 3636 3374 3670 ι

2443 3827 2462 3861 ι
2500 3810 2780 3882 Μακάριοι
2801 3813 2848 3866 οἱ
2881 3812 3254 3882 φυλάσσοντες
3296 3815 3502 3886 κρίσιν,
3550 3815 3647 3870 καὶ
3674 3815 3962 3880 ποιοῦντες

2361 3903 2713 3974 δικαιοσύνην
2738 3907 2796 3959 ἐν
2827 3907 2994 3960 παντὶ
3025 3905 3222 3977 καιρῷ.
3261 3925 3278 3959 ι

2439 4013 2457 4044 ι
2505 3995 2722 4065 Ἀνοιγε
2754 3996 2847 4050 σὺν
2872 3997 3072 4068 στόμα,
3105 3997 3200 4051 καὶ
3225 3997 3380 4068 κρενε
3406 3998 3586 4054 πάντα
3629 3999 3884 4065 δικαίαις.
3929 4020 3949 4054 ι

2434 4189 2452 4218 ο
2507 4168 2565 4224 '0
2593 4169 2768 4240 μισῶν
2799 4170 2990 4244 δώρων
3020 4171 3236 4245 λήψεις,
3268 4175 3523 4241 σώζεται.
3566 4197 3586 4230 ι

2433 4366 2453 4396 ι
2490 4348 2692 4418 κτῆμα
2725 4349 2910 4417 τίμιον
2936 4350 3075 4422 ἀνὴρ
3096 4350 3359 4423 καθαρός.
3401 4370 3421 4404 ι

2437 4457 2455 4488 ι
2484 4437 2761 4491 Αιδεϊσθαι
2791 4439 3090 4509 πρόσωπον
3118 4441 3178 4491 ἐν
3207 4439 3412 4509 κρίσει.
3443 4441 3506 4494 οὐ
3540 4442 3728 4498 καλόν.
3773 4461 3795 4496 ι

2429 4633 2448 4664 ι
2493 4613 2582 4667 Ἔν
2608 4613 2788 4685 τούτῳ
2816 4614 3116 4685 καυχάσθω
3133 4615 3163 4668 ὁ
3187 4616 3566 4686 καυχώμενος,
3611 4618 3673 4671 ἐν
3696 4616 3778 4689 τῷ
3817 4635 3950 4672 συν-

2355 4706 2454 4757 ιείν
2473 4705 2570 4758 καὶ
2592 4705 2886 4774 γινώσκειν
2911 4708 3002 4760 τὸν
3026 4706 3257 4777 Κύριον,
3281 4708 3378 4762 καὶ
3407 4711 3584 4762 ποιεῖν
3605 4711 3786 4779 κρῖμα
3843 4711 3945 4763 καὶ

2347 4793 2698 4866 δικαιοσύνην
2735 4796 2794 4849 ἐν
2817 4797 2970 4868 μέσῳ
2990 4797 3094 4867 τῆς
3119 4797 3245 4867 γῆς.
3283 4816 3302 4850 ι

2423 4906 2442 4938 ι
2489 4884 2625 4942 Εῐπε
2651 4889 2905 4960 Σαμουὴλ
2927 4892 3067 4960 πρὸς
3099 4890 3278 4944 πάντα
3300 4888 3539 4960 Ἰσραήλ·
3566 4887 3954 4964 ’Δποκρξθητί

2347 4979 2469 5034 κατ’
2491 4979 2626 5049 ἐμοῦ
2658 4982 2890 5034 ἐνώπιον
2906 4981 3116 5051 Κυρίου
3149 4998 3163 5013 ο
3200 4981 3402 5051 μόσχον
3435 4982 3581 5046 τινος
3627 4982 3854 5054 εἴληφα,
3893 4985 3931 5054 ἢ

2344 5071 2488 5134 ὄνον,
2523 5071 3098 5142 ἢκαταδυναστεύσας
3149 5072 3316 5142 ὑμᾶς.
3383 5073 3746 5143 ’Δποκρὶθητε
3797 5077 3934 5128 κατ’

2342 5164 2498 5232 ἐμοῦ.
2519 5164 2630 5218 Καὶ
2653 5158 2814 5216 εἶπαν
2834 5163 2972 5235 πρὸς
3001 5163 3255 5234 Σαμουὴλ
3285 5178 3300 5195 °
3323 5164 3436 5217 Οὐκ
3462 5163 3728 5232 ἠδίκησας
3749 5169 3929 5237 ἡμᾶς,

2341 5254 2462 5307 οὐδέ
2485 5253 2719 5324 εἴληφας
2753 5257 2818 5308 ἐκ
2842 5256 3025 5326 χειρὸς
3056 5255 3214 5326 ἡμῶν
3233 5256 3408 5310 οὐδέν.
3445 5277 3463 5308 ι

2413 5470 2432 5500 ι
2479 5446 2614 5504 Eine
2656 5452 2861 5520 Κύριος
2922 5453 3058 5522 πρὸς
3116 5451 3405 5520 Σολομῶν·
3442 5453 3582 5505 ’Λν6’
3613 5446 3690 5504 ὧν
3731 5454 3929 5523 ᾐτήσω

2339 5544 2470 5613 παρ’
2527 5543 2662 5614 ἐμοῦ
2719 5545 2780 5596 τὸ
2823 5546 2974 5615 ῥῆμα
3022 5545 3202 5609 τοῦτο,
3248 5547 3340 5598 καὶ
3383 5546 3484 5597 οὐκ
3524 5547 3712 5615 ᾐτήσω
3741 5547 3930 5616 ἐαυτῷ

2337 5639 2550 5707 ἡμέρας
2592 5638 2823 5702 πολλὰς,
2875 5639 2997 5692 οὐδὲ
3029 5637 3282 5704 πλοῦτον,
3321 5639 3446 5693 οὐδὲ
3495 5639 3672 5708 ψυχὰς
3707 5639 3930 5710 ἐχθρῶν

2337 5748 2452 5793 σου,
2471 5731 2784 5803 ἀλλ’ῄτήσω
2815 5726 2992 5803 ἐαυτῷ
3021 5733 3236 5786 σύνεσιν
3251 5733 3343 5785 τοῦ
3360 5732 3672 5786 εἰσακούειν
3705 5736 3886 5802 κρῖμα
3909 5751 3927 5767 ο

2340 5820 2447 5874 ἰδοὺ
2481 5821 2688 5875 δέδωκά
2711 5838 2792 5875 σοι
2825 5824 3049 5893 καρδίαν
3099 5825 3370 5895 φρονίμην
3438 5825 3533 5879 καὶ
3596 5826 3785 5894 σοφήν.
3833 5825 3924 5884 Ὡς
