4210 6448
252 387 383 453 1389

1495 390 1734 450 SA‘CRA
1774 388 2241 450 PARALLEle

3376 391 3514 458 1390

249 499 310 551 σὺ
368 470 455 548 ού⁸
482 492 707 561 γέγονεν
747 492 1060 564 ἔμπροσθέν
1108 509 1225 559 σου,
1271 492 1365 544 καὶ
1416 497 1557 563 μετὰ
1616 497 1677 548 σὲ
1726 497 1817 549 οὐκ

1933 496 2186 567 telligcns
2211 505 2265 549 et
2309 496 2555 567 sapiens,
2604 496 2658 549 in
2708 506 2942 566 tantum,
2981 506 3039 552 ut
3073 500 3262 557 nullus
3302 512 3431 559 ante
3463 509 3515 559 ιε

245 590 412 643 ἔσται.
456 607 474 638 ι

316 702 335 735 ι
372 677 504 735 Εἷπε
535 682 655 744 ταῖς
675 680 922 749 γυναιξὶν
952 682 980 735 6
1007 680 1261 751 βασιλεὺς
1308 681 1561 752 Σολομῶν
1587 700 1601 713 ο
1633 682 1707 734 Σὺ
1732 681 1820 735 λέ-

242 793 360 845 γεις
402 777 484 828 ὅτι
517 775 545 827 6
595 773 711 836 υἱός
751 791 848 827 σου
898 775 926 826 6
980 773 1109 839 ζῶν,
1144 774 1237 826 καὶ
1265 773 1472 845 ταύτης
1498 776 1526 827 6
1555 773 1671 836 υίὸς
1694 775 1826 827 ὀτε-

244 868 454 939 θνηκὼς
474 866 614 933 ;Καὶ
640 863 792 920 εἶπεν
818 868 846 919 6
871 865 1123 936 βασιλεύς
1145 881 1158 897 ’
1183 866 1391 920 Λάϐετέ
1410 884 1501 937 μοι
1528 867 1821 937 μάχαιραν.

245 961 350 1014 Καὶ
366 960 742 1030 προσήνεγκαν
760 960 991 1011 ἐνώπιον
1006 958 1100 1011 τοῦ
1120 959 1385 1029 βασιλέως
1404 958 1698 1028 μάχαιραν.
1715 957 1824 1011 Καὶ

243 1050 391 1107 εἶπεν
418 1054 446 1105 6
468 1051 981 1123 βασιλεύς-Διέλετε
1005 1051 1067 1103 τὸ
1111 1050 1324 1104 παιδίον
1371 1049 1432 1102 τὸ
1466 1049 1573 1114 ζῶν
1608 1049 1687 1111 εἰς
1707 1047 1821 1114 δύο,

243 1146 334 1199 καὶ
359 1144 477 1197 δότε
498 1144 558 1196 τὸ
579 1145 755 1214 ἥμισυ
788 1142 954 1195 αὐτοῦ
994 1142 1197 1214 ταύτῃ,
1231 1141 1327 1194 καὶ
1355 1140 1415 1194 τὸ
1444 1140 1622 1211 ἥμισυ
1652 1139 1817 1191 αὑτοῦ

240 1237 441 1308 ἐκείνῃ.
470 1235 580 1288 Καὶ
605 1235 880 1306 ἀπεκρίθη
907 1234 1097 1304 ήγυνὴ
1111 1230 1178 1306 ἦς
1208 1229 1275 1305 ἦν
1301 1235 1329 1287 6
1350 1232 1461 1297 υίὸς
1493 1234 1520 1285 6
1546 1231 1678 1297 ζῶν,
1728 1231 1824 1284 καὶ

241 1321 361 1380 εἷπε
391 1327 527 1397 πρὸς
560 1326 652 1379 τὸν
686 1326 933 1397 βασιλέα,
976 1327 1056 1379 ὅτι
1085 1325 1357 1397 ἐταράχθη
1408 1326 1442 1396 ή
1502 1325 1689 1397 μήτρα
1725 1325 1822 1377 αὐ-

240 1418 337 1487 τῆς
357 1436 372 1450 ο
402 1418 707 1488 Μηδαμῶς,
743 1417 921 1488 κύριε,
954 1417 1041 1481 δὸς
1068 1417 1205 1488 αὐτῇ
1240 1416 1300 1469 τὸ
1329 1415 1559 1479 παιδίον,
1596 1416 1691 1469 καὶ
1722 1414 1823 1467 θα-

241 1509 382 1578 νάτῳ
417 1509 495 1579 μὴ
526 1508 877 1579 θανατώσητε
940 1508 1092 1562 αὑτό.
1126 1510 1237 1562 Καὶ
1278 1506 1416 1579 αὕτη
1453 1501 1575 1560 εἶπε
1607 1523 1620 1537 ⁸
1661 1507 1820 1576 Μήτε

239 1600 390 1669 ἐμὸν,
448 1602 589 1669 μήτε
638 1601 809 1671 αὐτῆς
865 1600 1039 1652 Eatur
1086 1600 1291 1653 διέλετε
1353 1599 1506 1653 αὐτό.
1552 1600 1661 1652 Καὶ
1708 1602 1819 1652 ἀπ-

239 1691 432 1763 εκρίθη
465 1693 494 1744 6
527 1692 800 1762 βασιλεύς·
839 1692 967 1745 Δότε
992 1692 1051 1746 τὸ
1074 1692 1284 1745 παιδίον
1315 1694 1381 1763 τῇ
1424 1693 1593 1762 μητρὶ
1625 1693 1691 1761 τῇ
1743 1692 1820 1743 εί-

240 1784 438 1855 πούσῃ,
467 1785 597 1838 Δότε
630 1786 767 1855 αὐτῇ
803 1784 982 1848 τοῦτο,
1024 1785 1119 1836 καὶ
1180 1782 1398 1853 Θανάτῳ
1448 1782 1524 1855 μὴ
1577 1781 1820 1835 θανατώ-

242 1892 372 1945 σητε
401 1874 553 1938 αὐτὸ,
590 1876 670 1928 ὅτι
693 1874 833 1945 αὕτη
862 1876 895 1945 ή
926 1875 1114 1945 μήτηρ
1135 1873 1322 1926 αὑτοῦ.
1373 1890 1392 1924 ι

311 1986 329 2017 σ
366 1968 557 2036 Κρῖμα
573 1965 781 2018 δίκαιον
812 1966 1049 2037 κρίνετε.
1073 1966 1285 2036 Χήραν,
1319 1965 1413 2016 καὶ
1440 1962 1697 2032 ὀρφανὸν,
1732 1962 1827 2016 καὶ

238 2057 595 2130 προσήλυτον,
618 2057 711 2109 καὶ
749 2057 958 2127 πένητα
999 2054 1075 2127 μὴ
1108 2053 1629 2127 καταδυναστεύετε.
1661 2071 1679 2104 ι

315 2256 333 2283 ο
380 2237 524 2289 Τάδε
556 2235 707 2305 λέγει
743 2235 983 2306 Κύριος·
1025 2234 1344 2300 Φυλάξασθε
1375 2233 1581 2304 κρίσιν,
1620 2234 1826 2285 ποιεῖτε

235 2330 325 2381 καὶ
355 2328 725 2397 δικαιοσύνην.
766 2328 1051 2397 Μακάριος
1078 2328 1108 2379 6
1139 2326 1307 2380 ποιῶν
1341 2324 1533 2387 ταῦτα,
1565 2324 1658 2376 καὶ
1692 2324 1827 2376 ἀντ-ο

233 2421 493 2488 εχόμενος
560 2419 738 2472 αὐτῶν
799 2420 893 2471 καὶ
947 2416 1219 2489 διατηρῶν
1281 2417 1380 2480 τὰς
1432 2419 1617 2487 χεῖρας
1660 2414 1825 2467 αὑτοῦ

245 2510 321 2581 μή
357 2513 535 2563 ποιεῖν
575 2511 755 2563 ἄδικα.
796 2529 812 2561 ι

308 2622 327 2653 ι
374 2603 747 2674 Ἐκζητήσατε
772 2603 974 2673 κρίσιν,
1002 2601 1241 2673 ῥύσασθε
1280 2603 1656 2673 ἀδικούμενον,
1700 2604 1824 2674 κρί-

233 2708 359 2744 νατε
411 2691 675 2761 ὀρφανὸν,
706 2694 802 2746 καὶ
857 2692 1187 2746 δικαιώσατε
1242 2694 1459 2763 χήραν,
1508 2696 1599 2747 καὶ
1645 2692 1820 2759 δεῦτε,

232 2787 327 2839 καὶ
362 2784 754 2857 διαλεχθῶμεν,
795 2785 940 2854 λέγει
972 2784 1197 2855 Κύριος.
1227 2803 1245 2834 ι

308 2993 326 3024 ι
367 2971 718 3042 Ἐνεπλήσθη
773 2968 914 3023 Σιὼν
976 2968 1213 3039 κρίσεως
1281 2967 1375 3019 καὶ
1434 2966 1819 3035 δικαιοσύνης·

231 3067 349 3119 ὲκεί
383 3064 551 3134 σοφία
580 3064 675 3117 καὶ
705 3062 960 3116 εὐσέϐεια
992 3060 1129 3131 πρὸς
1160 3058 1294 3111 Θεόν
1321 3075 1333 3088 ·
1383 3053 1531 3112 οὗτοι
1580 3058 1686 3110 εἰσι
1723 3058 1820 3127 θη-

233 3158 427 3228 σαυροὶ
446 3153 823 3226 δικαιοσύνης.
867 3174 885 3206 ι

309 3269 326 3300 ι
364 3248 669 3318 Εὑλογήσει
694 3263 753 3299 σε
784 3247 811 3298 6
846 3244 973 3307 λαὸς
1005 3246 1033 3297 6
1071 3242 1305 3312 πτωχὸς,
1344 3242 1439 3294 καὶ
1487 3241 1673 3304 πόλεις
1728 3241 1821 3294 dv-

231 3341 470 3411 θρώπων
494 3337 867 3408 ἀδικουμένων
901 3335 1257 3406 εύλογήσουσί
1309 3350 1388 3386 σε.
1435 3329 1655 3401 Ἑγένου
1713 3332 1821 3403 γάρ

232 3435 383 3504 πάσῃ
424 3433 581 3487 πόλει
611 3434 840 3501 ταπεινῇ
875 3430 1091 3500 βοηθὸς,
1124 3428 1217 3483 καὶ
1246 3430 1356 3491 τοῖς
1388 3429 1707 3497 ἀθυμήσασι
1754 3426 1820 3479 δι’

238 3527 452 3580 ἔνδειαν
488 3524 668 3593 σκέπη
696 3539 709 3553 ·
735 3523 844 3575 ἀπὸ
875 3521 1179 3592 ἀνθρώπων
1225 3520 1475 3590 πονηρῶν
1525 3517 1687 3591 ῥῦσαι
1718 3518 1819 3571 αύο

228 3619 375 3681 τούς,
410 3617 604 3686 Σκέπη
623 3615 900 3685 διψώντων
930 3616 1023 3667 καὶ¹
1079 3614 1297 3683 πνεῦμα
1342 3611 1649 3684 ἀνθρώπων
1702 3612 1819 3664 ἀδι-

227 3712 541 3781 κουμένων,
572 3708 929 3777 εὐλογήσουσί
961 3724 1042 3759 σε.
1085 3725 1103 3758 ι

303 3907 320 3939 ι
370 3886 517 3940 Τὰιδε
541 3886 689 3952 λέγει
724 3883 928 3955 Κύριος
954 3902 967 3915 ο
1010 3882 1245 3955 Κρίνατε
1295 3881 1459 3952 πρωῒ,
1501 3883 1595 3935 καὶ
1656 3880 1815 3933 εὐθύ-

226 3997 377 4041 νατε,
448 3978 544 4031 καὶ
598 3976 847 4040 ὲξέλεσθε
899 3974 1309 4045 διηρπασμένον
1355 3976 1421 4026 ἐκ
1462 3973 1643 4045 χειρὸς
1701 3973 1814 4026 ἀδι-

226 4070 461 4134 κοῦντος
487 4069 647 4122 αὐτόν
673 4069 850 4131 ’ὅπως
880 4066 955 4137 μὴ
984 4066 1199 4135 ἀναφθῇ
1228 4066 1302 4128 ὼς
1330 4064 1442 4133 πῦρ
1462 4066 1495 4133 ἡ
1521 4064 1656 4135 ὀργή
1687 4081 1811 4134 μου,

225 4165 318 4217 καὶ
335 4162 699 4233 καυθήσεται,
724 4161 819 4213 καὶ
850 4160 950 4212 οὐκ
980 4158 1133 4212 ἔσται
1160 4159 1188 4210 6
1220 4157 1429 4223 σώζων.
1470 4176 1489 4207 ι

301 4358 321 4390 ι
347 4338 723 4410 Προσήλυτον,
763 4338 857 4391 καὶ
886 4338 1141 4409 ὀρφανὸν,
1178 4340 1272 4391 καὶ
1308 4339 1486 4408 χήραν
1519 4338 1593 4406 μὴ
1642 4353 1810 4389 κατα-

219 4430 609 4496 δυναστεύετε,
637 4430 836 4502 καὶμὴ
877 4430 1145 4493 ἀσεϐεῖτε,
1194 4429 1289 4482 καὶ
1339 4422 1476 4496 αἷμα
1522 4426 1700 4479 ἀθῶον
1733 4428 1807 4496 μὴ

219 4522 474 4594 ἐκχέετε.
516 4541 537 4577 ι

298 4636 319 4669 ι
366 4616 609 4670 Ἀδικίαν
632 4615 725 4667 καὶ
748 4612 1131 4682 ταλαιπωρίαν
1153 4611 1439 4680 ἀφέλεσθε,
1501 4613 1677 4680 κρῖμα
1710 4611 1807 4663 καὶ

217 4710 580 4778 δικαιοσύνην
623 4709 828 4760 ποιεῖτε
866 4722 881 4737 ο
916 4705 1125 4770 ὲξέλετε
1179 4702 1641 4757 καταδυναστείαν
1697 4702 1804 4755 ἀπὸ

217 4799 316 4854 τοῦ
344 4798 481 4853 λαοῦ
510 4816 632 4869 μου,
661 4798 807 4867 λέγει
832 4796 1058 4868 Κύριος.
1096 4815 1114 4848 ι

298 4913 318 4945 ι
366 4890 573 4945 ’Λθώον
609 4892 701 4943 καὶ
726 4889 934 4941 δίκαιον
959 4888 1058 4940 ούκ
1090 4888 1432 4949 ἀποκτενεῖς.
1455 4905 1473 4941 ι

295 5081 312 5113 ι
346 5063 464 5113 Οξρκ
506 5060 621 5114 ἔστι
651 5063 802 5133 παρά
836 5065 902 5133 τῇ
926 5060 1157 5132 ἀληθεία
1185 5060 1634 5134 προσωποληψῖα.
1669 5082 1685 5110 ι

295 5262 314 5293 ι
352 5244 707 5311 ’Λγαπήσατε
732 5244 1082 5311 δικαιοσύνην
1121 5245 1169 5296 οἱ
1207 5244 1487 5313 κρίνοντες
1507 5242 1604 5312 τὴν
1640 5242 1794 5311 γῆν.»

292 5440 313 5473 ι
357 5422 604 5491 Λήψεται
641 5422 942 5476 πανοπλίαν
973 5422 1064 5475 τὸν
1102 5423 1261 5493 ζῆλον
1291 5420 1489 5475 αύτοῦο
1526 5420 1801 5474 ἐνδύσεται

212 5515 453 5585 (ἑώρακα
483 5514 854 5585 δικαιοσύνην,
884 5516 978 5567 καὶ
1010 5514 1372 5586 περιθήσεται
1418 5514 1623 5583 κόρυθα
1678 5514 1797 5579 κρί-

213 5625 303 5659 σιν
342 5606 733 5675 ἀνυπόκριτον.
805 5606 1052 5677 Λήψεται
1108 5607 1308 5661 ἀσπίδα
1368 5606 1796 5674 ἀκαταμάχητον

206 5697 495 5765 ὁσιότητα.
531 5716 549 5748 ι

290 5804 313 5838 ε
360 5787 455 5849 Μὴ
493 5786 661 5854 λάττης
708 5791 994 5845 πούσωπον
1038 5791 1321 5846 δυνάστου.
1374 5792 1518 5853 Ἕως
1568 5789 1795 5844 θανάτου

1928 587 2127 643 similis
2165 588 2240 641 tui
2271 585 2459 651 fuerit,
2487 602 2590 642 nec
2622 598 2747 657 post
2779 597 2832 644 te
2862 588 3083 646 futurus
3120 592 3211 645 sit.
3258 613 3277 645 ι

1998 677 2090 733 111
2132 677 2347 749 Reg.m,
2378 679 2573 733 25-27.
2602 707 2676 721 --
2704 697 2722 730 ι
2760 679 2907 734 Dixit
2936 682 3264 738 mulieribus
3293 700 3384 741 rex
3408 687 3512 741 Sa‘

1928 768 2113 824 lomon
2141 786 2154 823 :
2189 769 2271 824 Tu
2303 769 2474 834 dicis,
2514 770 2662 841 quod
2694 769 2840 826 illius
2864 784 2992 826 tuus
3024 773 3179 838 vivit,
3210 774 3358 832 illius
3383 793 3511 832 vero

1928 860 2072 915 filius
2098 860 2145 915 is
2178 868 2265 915 est
2302 861 2395 930 qui
2427 870 2681 916 mortuus
2711 860 2842 917 est?
2883 861 2947 916 Et
2981 862 3121 918 dixit
3153 881 3249 921 rex
3273 883 3288 921 :
3310 867 3519 925 Alferte

1928 957 2059 1010 mihi
2083 956 2350 1027 gladium.
2374 956 2436 1011 Et
2457 958 2759 1012 attulerunt
2788 958 3027 1027 gladium
3059 975 3248 1015 coram
3274 977 3425 1034 rege.
3450 961 3519 1018 Et

1924 1050 2064 1102 dixit
2090 1065 2184 1104 rex
2217 1067 2230 1101 :
2269 1049 2508 1103 Dividite
2539 1050 2805 1104 infantem
2837 1052 3022 1105 vivum
3052 1051 3106 1105 in
3143 1053 3283 1107 duas
3304 1063 3515 1123 partes,

1924 1152 1976 1196 et
2001 1142 2127 1195 date
2152 1141 2439 1195 dimidiam
2477 1151 2689 1211 partem
2729 1144 2846 1205 uni.
2888 1152 2943 1198 et
2982 1144 3271 1199 dimidiam
3304 1155 3516 1215 partem

1925 1232 2106 1286 alteri.
2139 1231 2203 1287 Et
2244 1234 2531 1303 respondit
2560 1236 2777 1299 mulier,
2811 1235 2972 1305 cujus
3000 1244 3123 1291 erat
3160 1236 3304 1292 Iilius
3330 1238 3515 1301 vivus,

1925 1322 1992 1376 ad
2033 1339 2216 1394 regem
2258 1326 2348 1393 (eo
2373 1326 2519 1394 quod
2556 1337 2831 1381 commota
2860 1336 3051 1383 essent
3075 1328 3295 1383 viscera
3326 1329 3471 1399 ejus)
3500 1347 3514 1382 :

1923 1414 2302 1487 Nequaquam,
2351 1416 2606 1484 domine;
2655 1418 2725 1472 da
2790 1419 2867 1473 illi
2905 1418 3172 1473 infantem
3206 1418 3416 1485 vivum,
3464 1430 3521 1474 et

1924 1507 2093 1561 nolite
2132 1507 2449 1563 interficere
2477 1524 2627 1561 eum.
2652 1506 2745 1561 Illa
2778 1524 2908 1564 vero
2939 1509 3124 1565 aiebat
3158 1527 3172 1564 :
3206 1508 3319 1565 Nec
3352 1510 3512 1577 mihi,

1925 1612 2026 1651 nec
2054 1596 2150 1651 tibi
2180 1598 2275 1660 sit,
2304 1596 2536 1653 dividite
2565 1614 2711 1652 elllll.
2756 1597 2823 1651 Et
2861 1600 3146 1668 respondit
3180 1615 3277 1655 rex
3312 1619 3327 1655 :
3371 1599 3505 1655 Date

1924 1687 2185 1744 infantem
2223 1689 2390 1743 matri
2437 1704 2561 1760 qua:
2595 1689 2774 1754 dixit,
2838 1689 2973 1745 Date
3010 1706 3132 1746 eum
3188 1690 3352 1763 “2
3388 1692 3497 1754 illi,

1925 1795 2026 1834 nec
2061 1788 2240 1836 morte
2293 1780 2642 1837 interliciatis
2670 1796 2817 1836 eum.
2861 1782 2985 1853 Ipsa
3019 1782 3165 1837 enim
3202 1792 3289 1838 est
3327 1795 3504 1839 mater

1929 1872 2098 1927 illius.
2140 1890 2157 1924 ι

1998 1961 2165 2018 Zaclt.
2211 1979 2323 2027 vu,
2367 1965 2419 2018 9.
2467 1994 2535 2003 —-
2584 1982 2603 2013 ι
2640 1962 2863 2019 Justum
2914 1964 3188 2035 judicium
3246 1963 3515 2035 judicate.

1927 2053 2198 2117 Viduam,
2246 2062 2300 2107 et
2332 2054 2629 2124 pupillum,
2680 2062 2736 2109 et
2774 2054 3083 2122 advenam,
3124 2065 3180 2111 ct
3220 2072 3517 2128 pauperem

1928 2162 1995 2203 ne
2025 2148 2372 2218 opprimatis.
2418 2167 2437 2200 ι

1996 2239 2111 2293 lsa.
2148 2254 2261 2305 LVI,
2295 2240 2344 2294 l.
2376 2269 2441 2280 —
2478 2258 2497 2291 ι
2536 2239 2661 2296 Haec
2689 2241 2827 2296 dicit
2858 2240 3130 2299 Dominus
3166 2262 3181 2299 :
3216 2243 3515 2300 Custoditc

1922 2331 2212 2402 judicium,
2249 2340 2303 2385 et
2336 2332 2505 2387 facite
2531 2334 2830 2403 justitiam.
2856 2334 3056 2390 Beatus
3081 2335 3177 2406 qui
3216 2336 3348 2392 facit
3377 2335 3513 2399 haec.

1925 2430 1981 2476 et
2010 2420 2102 2490 qui
2133 2421 2333 2475 retinet
2361 2421 2489 2485 ista,
2523 2432 2577 2476 et
2607 2429 2798 2477 servat
2829 2439 3030 2478 manus
3054 2439 3210 2493 suas,
3245 2440 3315 2481 ue
3348 2426 3519 2480 faciat

1925 2514 2293 2584 iniquitatem.
2333 2534 2350 2564 ι

1998 2603 2112 2659 Isa.
2150 2621 2189 2669 ι,
2236 2605 2322 2659 17.
2359 2634 2429 2645 -κ
2462 2623 2480 2657 ι
2517 2604 2761 2671 Qumrite
2792 2604 3101 2675 judicium,
3138 2607 3340 2680 eripite
3386 2625 3513 2665 eum

1923 2697 2017 2768 qui
2049 2696 2311 2768 injuriam
2348 2697 2583 2768 patitur,
2608 2696 2851 2767 judicate
2875 2700 3171 2771 pupillum,
3208 2688 3517 2771 justificate

1924 2790 2145 2845 viduam
2181 2807 2195 2844 :
2233 2798 2289 2847 et
2322 2790 2525 2857 venite,
2556 2798 2611 2846 ct
2650 2790 3064 2863 disceptemus,
3130 2792 3271 2849 dicit
3331 2796 3517 2852 Domi-

1925 2899 2049 2938 llUS.
2089 2904 2107 2936 ι

1997 2970 2111 3026 Isa.
2150 2987 2345 3038 χχχιιι,
2386 2973 2439 3026 5.
2468 3002 2539 3012 ——
2579 2991 2595 3024 ι
2636 2970 2864 3043 Repleta
2908 2980 2993 3029 est
3033 2973 3168 3029 Sion
3214 2975 3431 3045 judicio
3455 2989 3514 3033 et

1920 3060 2136 3132 justitia
2172 3078 2185 3115 :
2222 3063 2335 3117 illic
2373 3062 2647 3134 sapientia
2688 3071 2744 3118 ct
2768 3065 2946 3133 pietas
2980 3066 3125 3137 apud
3163 3066 3357 3127 Deum.
3414 3067 3511 3127 Isti

1847 3180 1892 3236 ε
1924 3160 2053 3209 sunt
2104 3154 2349 3209 thesauri
2377 3155 2629 3223 justitize.
2672 3173 2689 3205 ι

2002 3243 2117 3301 Ιδα.
2173 3261 2301 3309 xxv,
2338 3247 2392 3307 5,
2424 3246 2478 3299 4.
2512 3275 2584 3285 -
2616 3265 2634 3297 ι
2671 3246 2971 3305 Benedicet
3004 3257 3057 3305 te
3096 3252 3337 3323 populus
3373 3269 3512 3323 pau-

1929 3352 2051 3406 per,
2096 3346 2150 3389 et
2190 3336 2439 3392 civitates
2474 3338 2761 3393 hominum
2820 3341 3169 3412 iniquitatem
3221 3344 3509 3399 sustinen-

1929 3429 2065 3482 tium
2097 3428 2425 3483 benedicent
2448 3438 2517 3484 te.
2557 3428 2732 3486 Fuisti
2774 3432 2923 3489 enim
2957 3434 3108 3488 onmi
3152 3434 3366 3491 civitati
3406 3436 3510 3492 liu-

1928 3520 2045 3574 mili
2079 3520 2400 3587 auxiliator,
2448 3529 2504 3577 ct
2538 3522 2794 3578 tristibus
2834 3531 3061 3595 propter
3101 3525 3343 3596 inopiam
3380 3544 3513 3598 pro-

1928 3611 2094 3666 tectio
2128 3629 2140 3665 :
2172 3612 2241 3665 ab
2270 3612 2591 3668 hominibus
2628 3614 2885 3682 pessimis
2920 3616 3090 3672 libera
3121 3633 3238 3672 eos.
3274 3617 3512 3674 Umbra-

1926 3702 2109 3757 culum
2139 3701 2467 3771 sitientium,
2495 3712 2549 3759 et
2576 3705 2805 3774 spiritus
2831 3705 3117 3763 hominum
3156 3708 3509 3782 iniquitatem

1925 3793 2320 3848 sustinentium
2350 3793 2680 3849 benedicent
2717 3803 2788 3849 te.
2829 3815 2847 3848 ι

1991 3884 2191 3939 Jerem.
2220 3900 2334 3949 xxi,
2380 3885 2469 3939 12.
2502 3915 2570 3927 -
2603 3905 2621 3937 ι
2657 3888 2783 3941 Hace
2824 3888 2961 3941 dicit
2994 3887 3307 3945 Dominus:
3344 3888 3507 3946 Judi-

1922 3981 2041 4023 cate
2076 3984 2256 4035 mane,
2304 3978 2361 4026 et
2394 3979 2546 4027 recte
2604 3972 2806 4038 facile,
2841 3983 2894 4028 ct
2929 3976 3129 4045 eripite
3176 3986 3396 4047 raptum
3437 3979 3507 4035 de

1922 4074 2085 4113 manu
2116 4059 2535 4118 calumniatoris
2569 4081 2581 4117 :
2616 4073 2677 4119 ut
2727 4082 2834 4119 non
2868 4067 3207 4121 accendatur
3248 4076 3307 4123 ut
3359 4070 3505 4140 ignis

1922 4151 2003 4203 ira
2038 4165 2179 4215 mea,
2211 4159 2264 4206 et
2295 4151 2571 4217 ardescat,
2628 4162 2683 4208 ct
2732 4171 2839 4209 non
2891 4158 2996 4211 erit
3026 4158 3120 4228 qui
3169 4158 3384 4214 salvum
3421 4161 3504 4215 fa-

1918 4241 2043 4295 ciat.
2086 4259 2103 4292 ι

1985 4330 2183 4387 Jerem.
2230 4349 2367 4400 xxu,
2400 4335 2453 4389 5.
2486 4365 2555 4375 —-
2598 4354 2616 4387 ι
2656 4337 2956 4404 Adveuam,
2992 4348 3047 4395 et
3097 4341 3390 4411 pupillum,
3445 4354 3502 4399 et

1918 4422 2134 4475 viduam
2165 4422 2335 4477 nolite
2364 4424 2699 4493 opprimere,
2750 4442 2927 4496 neque
2984 4428 3152 4499 impie
3196 4431 3399 4501 agatis,
3443 4442 3499 4488 et

1842 4528 1885 4585 ι)
1915 4512 2234 4581 sanguinem
2277 4513 2624 4568 innocentem
2660 4530 2727 4569 ne
2758 4516 3077 4573 ell'undatis.
3114 4538 3135 4570 ι

1980 4601 2173 4657 Ezech.
2211 4620 2335 4669 xcv,
2373 4604 2427 4659 9.
2461 4635 2530 4644 —
2558 4624 2576 4657 ι
2616 4605 2945 4675 lnjustitiam
2971 4619 3027 4664 et
3056 4625 3363 4666 aerumnam
3397 4628 3495 4667 au-

1910 4697 2065 4760 ferte,
2098 4698 2367 4767 judicium
2407 4700 2752 4768 ctjustitiam
2777 4700 2966 4763 facite,
2999 4702 3215 4758 auferte
3253 4720 3490 4775 oppres-

1908 4787 2118 4841 sionem
2150 4803 2179 4840 a
2214 4788 2414 4856 populo
2447 4803 2590 4851 meo,
2613 4787 2746 4842 dicit
2778 4788 3068 4845 Dominus.
3102 4809 3122 4842 ι

1980 4874 2121 4932 Dan.
2166 4890 2285 4939 xm,
2332 4876 2420 4931 55.
2444 4905 2513 4915 -—
2542 4895 2559 4926 ι
2594 4877 2871 4933 lnsontem
2908 4888 2965 4934 et
2997 4880 3209 4950 justum
3238 4899 3347 4939 non
3387 4901 3483 4939 oc-

1906 4966 2072 5019 cides.
2112 4985 2130 5016 ι

1943 5051 2073 5123 ,ΙΙΙ
2101 5050 2262 5105 Esdr.
2304 5068 2377 5115 tv,
2422 5054 2511 5107 59.
2540 5083 2606 5094 -—-
2651 5074 2668 5105 ι
2702 5055 2817 5110 Non
2870 5066 2954 5112 cst
2993 5061 3139 5129 apud
3194 5062 3476 5118 veritatem

1906 5144 2153 5213 acceptio
2183 5159 2558 5214 personarum.
2590 5165 2609 5197 ι

1978 5234 2107 5303 Sap.
2138 5252 2175 5301 ι,
2220 5238 2267 5290 1.
2297 5268 2362 5277 -
2404 5257 2421 5287 ι
2457 5237 2671 5308 lliligitc
2722 5238 3011 5307 justitiam,
3068 5241 3161 5310 qui
3207 5243 3472 5311 judicatis

1904 5337 2124 5380 terram.
2174 5347 2192 5379 ι

1976 5418 2104 5487 Sap.
2159 5434 2224 5483 ν,
2286 5417 2370 5471 18.
2415 5448 2483 5458 -
2538 5438 2555 5468 ‹
2594 5419 2839 5489 Accipiet
2899 5432 3231 5477 armaturam
3293 5424 3467 5479 zelum

1906 5527 2108 5566 suum:
2151 5510 2337 5565 induet
2386 5526 2485 5579 pro
2520 5510 2747 5565 thorace
2798 5512 3095 5580 justitiam,
3145 5521 3198 5567 ct
3232 5517 3469 5585 accipiet

1904 5619 2002 5673 pro
2057 5603 2209 5673 galea
2253 5600 2523 5670 judicium
2574 5611 2806 5657 certum.
2866 5600 3059 5657 Sumet
3097 5612 3316 5659 scutum
3383 5606 3464 5659 in-

1903 5696 2265 5765 expugnabile
2296 5692 2625 5761 a‘quilalcm.
2677 5711 2694 5743 ι

1979 5788 2139 5842 Ifcrli.
2165 5803 2235 5849 tv,
2262 5785 2449 5841 27.-‹
2480 5785 2596 5839 Noli
2622 5785 2873 5853 accipere
2889 5801 3176 5853 personam
3197 5785 3456 5852 potentis.
