4210 6448
218 410 348 479 i393

1474 409 1711 470 SACRA
1747 410 2211 471 I’ARALLELA.

3344 414 3480 480 1394

215 525 357 594 μαλα
389 520 603 593 βλέπων
632 520 732 575 οὐκ
764 519 1053 592 ὲλεηθήσῃ,
1085 520 1218 574 Λεία
1246 519 1411 589 βλέπε
1438 537 1449 549 ο
1483 521 1644 589 φύσις
1670 521 1790 590 μία,

1898 529 2080 576 tecum
2111 536 2281 591 agens
2313 528 2369 575 ut
2401 520 2826 580 necessitatibus
2854 523 3031 592 ipsius
3058 526 3381 594 subvenias,
3411 548 3480 587 ne

210 614 388 668 ινδεια
415 613 475 665 ὲν
496 612 828 683 ἀμφοτέροις
854 613 884 682 ἡ
914 612 1077 683 αὐτή.
1105 612 1205 676 Δὸς
1237 612 1315 682 τῷ
1342 612 1557 683 ἀδελφῷ
1591 614 1685 667 καὶ
1714 613 1792 684 τῷ

210 707 364 776 ξένῳ,
404 704 544 776 μήτε
576 704 669 756 τὸν
699 703 928 774 ἀδελφὸν
959 704 1321 775 ἀποστραφῇς
1343 745 1357 768 ,
1393 706 1486 760 καὶ
1517 706 1609 759 τὸν
1642 705 1792 771 ξένον

208 801 437 869 ἀδελφὸν
462 802 665 854 οἰκεῖον
690 800 939 871 ποίησαι.
972 797 1065 871 Μὴ
1092 799 1358 871 πρόκρινε
1384 799 1477 854 τὸν
1502 801 1657 870 φίλον
1683 801 1793 856 ἀπὸ

208 894 299 948 τοῦ
336 894 653 966 ἀλλοτρίου,
704 893 805 964 τὴν
839 894 1030 966 χρείαν
1079 892 1246 949 αὐτοῦ
1296 894 1789 967 ἐπανορθούμενος.

208 981 465 1035 Βούλεταί
498 1000 557 1036 σε
582 984 1041 1053 παραμυθητικὸν
1069 979 1211 1038 εἶναι
1245 985 1357 1038 τῶν
1386 984 1682 1056 δεομένων,
1730 986 1790 1038 οὺ

208 1076 686 1146 προσωπολήπτην
710 1114 725 1137 ,
757 1075 818 1128 οὐ
853 1075 932 1146 τῷ
962 1078 1219 1144 συγγενεῖ
1254 1076 1496 1140 διδόντα,
1519 1076 1611 1129 τὸν
1644 1075 1793 1141 ξένον

206 1166 621 1235 ἀπωθούμενον.
669 1168 880 1232 Πάντες
934 1171 1245 1238 συγγενεῖς,
1291 1170 1493 1234 πάντες
1550 1169 1791 1239 ἀδελφοὶ,

208 1258 325 1321 ἑνὸς
360 1259 571 1329 πατρὸς
602 1259 817 1327 ἔγγονοι
854 1260 1078 1325 πάντες.
1132 1263 1257 1315 Ἑάν
1296 1263 1388 1316 τὸν
1418 1263 1792 1333 πνευματικὸν

207 1350 367 1422 εἴπῃς
393 1354 629 1424 πατέρα,
654 1355 681 1406 6
711 1354 995 1424 οὐράνιος*
1029 1357 1124 1409 ἐὰν
1160 1356 1228 1410 τὰ
1254 1359 1417 1427 γήϊνα
1457 1357 1648 1429 ζητῇς,
1689 1362 1794 1429 μή·

205 1444 368 1514 τηρή
408 1446 502 1514 γῆ,
542 1444 637 1496 καὶ
665 1443 778 1496 ἀπὸ
832 1442 929 1497 τοῦ
984 1444 1152 1498 αὐτοῦ
1197 1445 1374 1515 πηλοῦ
1424 1445 1794 1516 διηρτίσμεοα

207 1536 429 1599 πάντες.
464 1537 627 1590 Ὥστε
654 1536 859 1609 ἀδελφὴ
905 1538 939 1609 ἡ
975 1538 1138 1607 φύσις
1166 1539 1309 1592 κατά
1343 1539 1545 1610 σάρκα,
1590 1539 1794 1612 ἀδελφὴ

206 1626 478 1695 ήγένεσις
526 1629 558 1697 ὴ
589 1628 731 1682 κατὰ
779 1629 1018 1700 πνεῦμα.
1052 1630 1126 1684 Τὸ
1164 1631 1297 1685 αύτό
1328 1649 1413 1685 σοι
1456 1627 1598 1701 αἷμα
1638 1633 1797 1703 φορεί

204 1718 313 1770 ἀπὸ
344 1719 441 1772 τοῦ
478 1719 697 1788 πρώτου
744 1722 1072 1793 ἀνθρώπου⁸
1130 1724 1231 1793 τὴν
1278 1724 1449 1793 αὐτήν
1504 1740 1587 1777 σοι
1634 1724 1795 1795 χάριν

206 1810 364 1865 ἔλαϐε
393 1814 547 1883 παρά
579 1814 672 1868 τοῦ
709 1816 1004 1869 Δεσπότου.
1030 1816 1207 1870 Βλέπε
1229 1811 1324 1870 οὖν
1355 1816 1494 1880 λεῖα,
1530 1817 1618 1871 ἵνα
1641 1817 1796 1886 ἐλεη-

205 1903 325 1974 θῇς.
363 1905 456 1975 Μὴ
500 1908 696 1976 εἴπῃς·
739 1903 911 1971 Οὗτος
967 1908 1225 1973 πλούσιος
1282 1912 1379 1963 καὶ
1411 1909 1581 1981 τιμῆς
1619 1908 1790 1975 ἄξιος,

206 1998 416 2061 ἐκεῖνος
444 1998 635 2069 πένης,
673 2000 770 2053 καὶ
800 2000 1081 2068 φαυλίζων
1110 2001 1203 2054 τὸν
1234 2000 1440 2072 πένητα
1460 2042 1476 2065 ,
1516 2001 1653 2072 μηδὲ
1675 2004 1795 2065 ταῖς

206 2089 509 2160 ὑπεροχαῖς
562 2092 791 2154 ταύταις
850 2092 1156 2161 ἀνωμάλως
1202 2093 1425 2162 διὰνεμε
1474 2094 1573 2155 τὰς
1600 2093 1791 2162 τιμάς.

208 2181 366 2233 Ἔστι
407 2181 517 2253 γὰρ
538 2184 566 2236 6
604 2182 862 2249 πλούσιος
891 2185 1157 2257 ψεύστης,
1190 2188 1217 2239 ὁ
1248 2186 1506 2249 πλούσιος
1536 2186 1742 2256 ἅρπαξ,
1769 2188 1797 2239 ό

203 2268 467 2333 πλούσιος
528 2271 751 2343 πόρνος,
808 2277 837 2327 6
874 2276 1044 2345 πένης
1076 2277 1305 2338 δίκαιος.
1363 2275 1452 2345 Μὴ
1500 2275 1682 2328 τοίνυν
1727 2278 1795 2347 τῇ

202 2358 404 2424 ἔξωθεν
437 2366 733 2438 ἐπιφανείᾳ
758 2366 1017 2438 πρόσεχε,
1057 2367 1171 2422 ἀλλ’
1198 2370 1277 2431 εἰς
1308 2369 1369 2421 τὸ
1401 2368 1647 2439 κρυπτὸν
1680 2370 1795 2421 εἰσ-

202 2458 521 2529 ερχόμενος,
571 2461 690 2515 ἐκεῖ
717 2461 816 2525 τάς
845 2463 1107 2533 διαφορὰς
1137 2462 1384 2532 διάνεμε.
1423 2461 1569 2529 Τίμα
1608 2458 1699 2512 τὸν
1728 2461 1796 2512 τά

203 2549 360 2617 τίμια
383 2552 746 2621 κεκτημένον.
773 2554 838 2606 Τί
866 2552 1234 2625 τιμιώτερον;
1263 2551 1433 2625 ἀρετὴ
1461 2551 1494 2622 ἢ
1525 2550 1756 2614 πλοῦτος
1779 2567 1795 2615 ζ

204 2642 255 2693 τί
283 2642 348 2696 ὲκ
381 2642 494 2696 τῶν
524 2644 723 2708 ἔξωθεν
758 2645 1080 2715 δοκιμάζεις
1134 2644 1206 2699 τὰ
1244 2644 1456 2715 κρύφια
1504 2641 1795 2713 διερευνώ-

206 2750 403 2799 μενοςς
451 2735 614 2806 Ὁρᾷς
667 2738 748 2790 ὅτι
804 2739 832 2790 6
872 2737 1001 2807 Βὴλ,
1044 2734 1245 2802 ἔξωθεν
1278 2736 1378 2805 μὲν
1406 2733 1529 2804 ἔχει
1572 2733 1796 2803 χαλκὸν,

203 2824 416 2880 ἔνδοθεν
450 2828 507 2881 δὲ
542 2829 736 2899 πηλὸν,
768 2828 848 2899 τῷ
890 2828 1394 2901 περιαστράπτοντι
1445 2826 1632 2898 χαλκῷ
1662 2827 1796 2879 ὑπο-

203 2919 614 2989 κρυπτόμενονς
659 2921 785 2974 Ἐἀν
817 2922 934 2994 ἴδῃς
959 2922 1088 2985 τοὺς
1121 2924 1179 2974 ὲν
1208 2919 1287 2991 τῷ
1320 2920 1419 2990 βίῳ
1449 2921 1793 2989 περιφανεῖς,

202 3008 442 3074 γίνωσκε
468 3010 549 3063 ὄτι
578 3011 606 3062 6
636 3011 838 3079 χαλκὸς
874 3013 1059 3074 αὐτοῖς
1086 3011 1448 3082 περιλάμπει,
1475 3009 1689 3062 ἔνδοθεν
1738 3009 1794 3061 δὲ

202 3100 375 3170 πηλός
411 3102 570 3156 είσιν.
593 3102 788 3155 Πολλοὶ
814 3104 913 3172 μὲν
935 3104 1137 3173 χρυσὸν
1166 3103 1380 3173 ἔχουσιν
1408 3102 1577 3164 ἔνδον,
1595 3102 1792 3173 δστρα-

202 3209 296 3245 κον
325 3194 382 3247 δὲ
412 3193 612 3259 ἔξωθεν
645 3196 1050 3266 περικείμενον.
1091 3191 1260 3259 Οὗτος
1292 3198 1583 3267 σωφρονεῖ,
1608 3196 1794 3249 κάκεῖ·
1819 3235 1863 3291 C

199 3300 289 3345 νος
315 3286 593 3355 πορνεύει.
631 3287 728 3349 Τίς
758 3286 1193 3357 πλουσιώτερος;
1224 3289 1253 3341 6
1287 3287 1385 3358 τὴν
1432 3288 1791 3357 σωφροσύνην

201 3374 363 3443 ἔχων,
419 3378 451 3448 ἢ
495 3380 522 3430 6
568 3378 635 3432 τὰ
681 3380 941 3449 χρήματα
977 3381 1035 3445 ἐξ
1093 3379 1306 3442 ἀδικίας
1362 3379 1793 3448 συνειλεγμένας

196 3470 357 3523 τοῦτο
384 3471 445 3523 τὸ
472 3472 819 3541 μνημόσυνον
842 3473 1227 3543 ἀναφαίρετον,
1259 3474 1467 3533 ἐκεῖνος
1498 3474 1527 3525 ὁ
1560 3472 1791 3536 πλοῦτος

201 3559 563 3631 πρόσκαιρος.
615 3561 818 3615 Τοῦτον
871 3563 1115 3632 κλέπτης
1153 3564 1213 3615 ού
1246 3562 1548 3631 διορύσσει,
1579 3563 1791 3626 ἐκεῖνος

202 3652 447 3723 σήμερον
503 3653 678 3716 ἀνθεῖ,
740 3653 932 3723 αὔριον
999 3655 1056 3707 δὲ
1104 3654 1566 3724 ἀπομαραίνεται.
1623 3655 1785 3707 Ὥστε

202 3739 371 3808 βλέπε
407 3742 547 3804 λεῖα,
568 3742 848 3813 όμοτίμως
873 3743 1015 3797 κατὰ
1040 3743 1100 3796 τὸ
1121 3743 1253 3795 αὑτό
1272 3760 1283 3771 ·
1321 3743 1421 3812 τὴν
1457 3742 1641 3811 μέντοι
1667 3743 1785 3796 διά-

197 3852 386 3902 κρισιν
429 3836 539 3889 τῶν
574 3838 775 3905 τιμίων
812 3835 888 3907 μὴ
928 3838 1221 3907 ἀφανίσῃς,
1250 3838 1335 3888 ἵνα
1367 3832 1432 3907 ᾖς
1463 3835 1778 3905 ὲλεημένος.

1896 615 1978 669 sic
2011 628 2235 686 quoque
2278 615 2571 685 inaequalia
2616 617 2948 687 prospicias,
3010 633 3077 674 ac
3123 620 3324 677 dicas:
3376 622 3476 680 Hic

1894 708 2130 770 amicus.
2167 708 2255 763 hic
2314 720 2603 781 cognatus,
2649 708 2738 764 hic
2780 710 2920 766 bene
2962 711 3031 773 de
3083 728 3172 770 me
3204 715 3477 785 meritus;

1895 800 1986 856 ille
2043 801 2404 870 peregrinus,
2466 803 2716 867 alienus,
2769 802 3014 871 ignotus.
3074 802 3133 861 Si
3186 805 3480 877 inaequalia

1897 891 2205 961 aspexeris,
2252 892 2680 963 haudquaquam
2722 893 3161 950 misericordiam
3210 912 3481 953 consecu-

1897 991 2179 1041 turus‘es.
2228 985 2399 1040 Plana
2441 1000 2628 1041 cerne.
2687 985 2896 1041 Natura
2935 1001 3045 1042 una
3078 996 3163 1043 est
3215 1007 3232 1044 :
3285 1005 3394 1045 una
3427 1000 3485 1047 ct

1896 1074 2088 1130 eadem
2128 1076 2182 1129 in
2232 1084 2473 1146 utroque
2512 1076 2842 1147 indigentia.
2890 1079 2968 1134 Da
3027 1078 3186 1135 fratri
3230 1090 3285 1136 et
3334 1098 3481 1152 pere-

1896 1167 2077 1238 grino.
2115 1167 2208 1223 Sic
2241 1177 2294 1223 te
2329 1183 2617 1239 compara,
2654 1180 2713 1224 ut
2756 1186 2856 1225 nec
2906 1170 3136 1226 fratrem
3181 1175 3479 1235 averseris.

1899 1273 1999 1313 nec
2028 1267 2183 1313 tuum
2234 1259 2462 1314 fratrem
2506 1260 2860 1330 peregrinum
2902 1260 3097 1317 facias.
3129 1262 3383 1317 Amicum
3413 1263 3489 1318 ab

1898 1360 2163 1407 extraneo
2198 1367 2264 1407 ne
2306 1351 2638 1421 distinguas,
2673 1352 2805 1407 dum
2839 1353 3277 1410 necessitatibus
3308 1354 3483 1424 ipsius

1899 1444 2242 1500 subveneris.
2282 1442 2414 1498 Vult
2469 1443 2614 1499 Deus
2651 1446 2929 1515 egentium
2985 1453 3038 1500 te
3074 1447 3481 1500 consolatorem

1897 1551 2042 1603 esse,
2061 1553 2172 1592 non
2191 1551 2552 1608 personarum
2577 1549 2962 1608 acceptorem;
2997 1552 3105 1592 non
3125 1539 3218 1609 qui
3249 1547 3484 1607 cognato

1898 1628 2130 1692 tribuat,
2165 1629 2403 1684 alienum
2437 1638 2620 1685 autem
2641 1629 2985 1685 submoveat.
3010 1630 3215 1686 Omnes
3239 1631 3459 1700 cognati

1898 1735 2093 1777 omnes
2125 1721 2324 1777 fratres
2355 1737 2569 1786 sumus,
2602 1736 2668 1775 ex
2700 1735 2807 1774 uno
2840 1731 2994 1790 patre
3024 1737 3218 1779 omnes
3240 1723 3477 1782 oriundi.

1907 1813 1963 1869 Si
2003 1816 2352 1885 spiritualem
2388 1824 2602 1885 patrem
2653 1815 2884 1881 dixeris,
2938 1817 3029 1873 ille
3081 1817 3329 1872 caelestis
3359 1826 3481 1873 est:

1898 1907 1982 1961 sin
2013 1916 2233 1961 terrena
2263 1922 2499 1977 qumras,
2546 1916 2692 1962 terra
2724 1919 2901 1963 mater
2938 1916 3044 1972 est,
3074 1914 3241 1979 atque
3275 1922 3341 1963 ex
3377 1923 3486 1963 uno

1896 1998 2201 2069 eodemque
2230 2013 2423 2054 omnes
2478 1999 2596 2054 luto
2638 2000 2908 2069 compacti
2958 2014 3176 2055 sumus.
3215 1998 3486 2065 Quocirca

1896 2098 1951 2146 et
1984 2099 2184 2145 natura
2218 2106 2383 2147 soror
2424 2091 2669 2145 carnalis
2697 2101 2780 2145 est
2817 2109 2829 2145 :
2860 2106 3021 2146 soror
3061 2092 3189 2145 item
3222 2092 3486 2146 nativitas

1900 2180 2231 2249 spiritualis.
2264 2179 2533 2235 Eumdem
2570 2180 2668 2235 tibi
2705 2180 2809 2235 fert
2837 2196 2866 2234 a
2899 2182 3078 2251 primo
3100 2182 3325 2237 homine
3357 2197 3489 2237 san—

1897 2272 2155 2341 guinem;
2194 2271 2442 2327 eamdem
2477 2272 2575 2325 tibi
2609 2288 2638 2325 a
2675 2271 2911 2325 Domino
2936 2273 3171 2343 gratiam
3203 2274 3483 2329 conciliat.

1897 2360 2075 2416 Cerne
2105 2360 2270 2431 igitur
2296 2362 2479 2431 plana,
2521 2369 2581 2415 ut
2612 2362 3058 2418 misericordiam
3097 2363 3367 2419 invenias.
3406 2361 3487 2419 Ne

1897 2451 2111 2507 dixeris
2163 2466 2178 2505 :
2233 2450 2336 2506 llic
2384 2452 2539 2508 dives
2590 2460 2713 2516 est,
2776 2461 2832 2507 et
2881 2453 3091 2509 honore
3141 2455 3382 2525 dignus;
3440 2455 3488 2510 is

1898 2561 2027 2603 vero
2096 2560 2331 2616 pauper,
2397 2556 2459 2601 ut
2515 2563 2812 2618 pauperem
2888 2559 3133 2619 spretum
3212 2549 3482 2605 habeas:

1900 2655 1967 2693 ne
1999 2638 2271 2709 ejusmodi
2326 2639 2721 2710 praecellentiis
2776 2640 3016 2697 honores
3075 2641 3488 2711 inaequabiliter

1899 2732 2228 2788 distribuas.
2254 2731 2418 2789 Dives
2450 2734 2653 2803 quippe
2679 2733 2913 2787 mendax
2943 2741 3049 2799 est,
3078 2732 3233 2789 dives
3266 2742 3352 2789 est
3377 2733 3490 2789 for-

1901 2826 2142 2891 nicator,
2183 2840 2353 2895 rapax
2385 2833 2504 2890 est;
2540 2835 2738 2880 contra
2769 2840 2901 2881 vero
2931 2841 3142 2897 pauper
3171 2827 3355 2897 justus
3378 2835 3485 2883 est.

1899 2916 2257 2988 Nequaquam
2288 2918 2447 2987 igitur
2472 2916 2539 2972 ad
2558 2927 2846 2975 externum
2871 2918 3221 2989 splendorem
3241 2918 3486 2975 animum

1900 3010 2158 3080 ailjicias,
2201 3011 2296 3067 sed
2339 3013 2391 3065 in
2433 3010 2708 3065 occultum
2751 3010 3091 3081 ingrediens,
3133 3011 3247 3066 illic
3281 3011 3487 3067 discri-

1899 3102 2045 3155 mina
2100 3102 2327 3171 partire.
2388 3100 2522 3155 Eum
2566 3102 2800 3168 honora,
2833 3101 2928 3171 qui
2966 3117 3056 3158 res
3085 3101 3274 3157 eximii
3327 3103 3484 3172 pretii

1900 3194 2171 3263 possidet.
2219 3192 2415 3247 Utrum
2454 3209 2484 3248 e
2510 3194 2732 3248 duobus
2765 3196 3143 3263 praestantius,
3175 3194 3372 3259 virtus,
3413 3209 3485 3248 an

1900 3289 2071 3357 opes?
2103 3289 2242 3354 Quid
2274 3287 2343 3341 ab
2367 3286 2610 3342 externis
2645 3301 2939 3342 censuram
2973 3285 3134 3352 facis,
3170 3285 3336 3358 m
3383 3302 3482 3341 nec

1894 3396 2017 3449 qua:
2047 3380 2231 3434 abdita
2268 3389 2418 3442 sunt,
2461 3379 2726 3435 excutis?
2757 3380 2956 3433 Annon
2998 3381 3153 3435 vides
3180 3379 3270 3434 Bel
3303 3381 3480 3443 illum,

1895 3482 2121 3529 exterae
2151 3473 2373 3542 quidem
2407 3488 2632 3535 aereum,
2668 3472 2883 3527 interne
2908 3479 3089 3527 autem
3131 3473 3305 3526 lutum
3334 3486 3477 3537 esse,

1895 3569 1998 3621 sub
2019 3581 2127 3621 azre
2164 3566 2389 3635 fulgenti
2422 3564 2877 3620 delitescentem?
2912 3563 2970 3618 Si
2998 3564 3247 3619 homines
3286 3564 3342 3617 in
3376 3563 3481 3617 hac

1898 3655 2010 3708 vita
2046 3654 2368 3725 splendidos
2403 3662 2457 3709 et
2498 3654 2750 3709 illustres
2799 3654 3031 3717 videris,
3080 3654 3186 3708 hoc
3236 3655 3475 3715 noveris.

1894 3759 1989 3803 eos
2023 3763 2132 3802 aere
2163 3748 2383 3816 quidem
2426 3747 2668 3816 undique
2708 3745 2937 3817 fulgere,
2976 3748 3127 3801 intus
3150 3761 3280 3802 vero
3304 3747 3477 3800 lutum

1891 3856 2035 3895 esse.
2081 3839 2289 3895 Contra
2320 3841 2565 3909 plerique
2607 3849 2733 3895 sunt
2799 3841 2893 3911 qui
2948 3855 3141 3895 aurum
3196 3841 3346 3895 intus
3381 3840 3479 3893 ha-

195 3926 386 3989 beant,
419 3936 576 3981 extra
611 3934 795 3981 autem
827 3935 1025 3983 testam
1060 3935 1275 3998 gerant.
1322 3925 1423 3981 Hic
1486 3926 1808 3996 pudicitiam
1843 3930 1993 3994 colit,
2029 3930 2120 3985 ille
2151 3938 2454 3984 sem-tatur.
2493 3929 2627 3986 Uter
2652 3931 2863 3985 ditior?
2913 3931 3034 3985 isne
3086 3931 3179 3999 qui
3221 3934 3476 3987 casritate

198 4022 468 4094 praeditus
508 4030 613 4085 est,
670 4037 740 4076 an
773 4022 867 4092 qui
912 4022 1178 4092 pecunias
1220 4021 1431 4092 iniquis
1476 4022 1786 4078 rationibus
1822 4026 2091 4079 collectas
2120 4024 2327 4080 habet?
2377 4028 2543 4095 hujus
2573 4029 2833 4081 memoria
2884 4026 3093 4082 auferri
3166 4031 3477 4083 imitatenns

197 4123 433 4182 potest:
487 4114 637 4171 illius
674 4129 807 4184 opes
845 4112 1069 4170 caducae
1122 4121 1252 4169 sunt
1304 4122 1358 4168 et
1415 4113 1784 4182 temporariae.
1831 4115 1967 4169 Illud
2009 4115 2101 4170 fur
2142 4132 2253 4170 non
2307 4125 2489 4185 potest
2527 4115 2808 4171 eil‘odere:
2892 4116 2998 4173 hoc
3068 4119 3330 4173 hodierna
3390 4120 3476 4172 die

196 4208 379 4274 ﬂoret,
406 4210 647 4264 crastina
678 4209 996 4263 marcescit.
1019 4206 1155 4273 Qum
1196 4222 1319 4261 eum
1385 4205 1459 4261 ita
1493 4206 1629 4269 sint,
1695 4206 2073 4276 planagcerne,
2117 4208 2221 4264 hoc
2271 4216 2356 4263 est
2405 4219 2701 4277 utrumque
2732 4210 2992 4277 perinde;
3036 4219 3095 4264 ut
3132 4225 3323 4265 eorum
3358 4226 3479 4280 qua:

198 4304 387 4371 magni
439 4303 598 4372 pretii
642 4310 794 4364 sunt,
848 4302 1267 4357 distinctionem
1320 4301 1548 4355 minime
1582 4301 1787 4366 deleas,
1825 4319 1935 4373 quo
1972 4304 2413 4359 miscricordiam
2459 4305 2843 4369 consequaris.

272 4394 433 4448 υῦτω
454 4394 716 4464 δοκίμαζε
743 4393 835 4446 τὸν
867 4392 1116 4461 ἀδελφὸν,
1150 4392 1225 4455 ὠς
1255 4392 1351 4444 κα)⁵
1387 4391 1549 4455 αὐτὸς
1587 4393 1645 4445 ὲν
1672 4393 1786 4455 τοῖς

201 4484 391 4547 αὐτοῖς
429 4483 647 4553 μέτροις
674 4483 1017 4552 κρινόμενος.
1048 4512 1115 4522 ——
1146 4483 1415 4551 Ποιήσατε
1443 4481 1791 4553 δικαιοσύνης

197 4573 389 4636 ὅπλον,
427 4572 502 4643 μὴ
541 4572 798 4637 οανόιτου,
846 4573 945 4643 τὴν
991 4574 1295 4628 παίδευσιν.
1323 4604 1392 4612 ——
1435 4573 1577 4627 Ἰσθι
1609 4574 1792 4644 κρινόυ

202 4683 373 4735 μενος
403 4667 431 4717 6
473 4667 688 4735 κριτὴς,
744 4667 839 4719 καὶ
870 4661 1035 4737 ἦττον
1079 4668 1440 4738 ἀμαρτήσεις.
1471 4700 1540 4709 —-
1574 4669 1794 4722 Ἔναντι

199 4758 429 4810 πάντων
459 4757 737 4823 εἰσένεγκε
770 4757 869 4828 τὴν
916 4760 1356 4827 φιλανθρωπία-ι,
1394 4754 1632 4833 ᾗχαίρει
1663 4762 1795 4826 Θεὸς

1975 4394 2032 4448 8.
2089 4393 2243 4464 Greg.
2306 4393 2535 4447 Naz.—
2570 4392 2661 4447 Sic
2718 4393 2942 4448 fratrem
2991 4401 3146 4447 tuum
3199 4394 3478 4462 examina,

1898 4486 2049 4540 velut
2086 4493 2142 4539 tu
2183 4500 2405 4556 quoque
2455 4485 2642 4539 eadem
2688 4484 2766 4539 sis
2818 4500 3080 4539 mensura
3118 4483 3476 4554 iudicandus.

1899 4608 1970 4619 —
2003 4578 2134 4634 Date
2162 4592 2410 4648 operam,
2454 4585 2512 4632 ut
2546 4577 2785 4633 eruditio
2824 4577 3071 4647 justitiae.
3106 4593 3215 4631 non
3257 4578 3472 4642 martis,

1902 4674 2059 4729 vobis
2085 4680 2367 4726 armatura
2396 4673 2489 4727 sit.
2511 4702 2581 4711 —
2610 4670 2713 4736 Qui
2740 4670 2933 4740 jndcx,
2966 4685 3044 4733 es.
3074 4670 3155 4724 rei
3185 4684 3476 4740 personam

1902 4767 2145 4828 Sustine;
2180 4776 2344 4835 atque
2373 4766 2445 4817 ita
2490 4764 2581 4819 fiet
2609 4774 2668 4817 ut
2707 4763 2890 4817 minus
2927 4776 3143 4832 pecces.
3174 4791 3243 4801 -
3280 4759 3477 4814 Coram

203 4849 416 4919 μᾶλλον
459 4848 489 4917 ἦ
545 4852 678 4901 πᾶσι
725 4852 837 4914 τοῖς
896 4851 1098 4913 ἄλλοις.
1156 4852 1327 4917 Μῖξον
1390 4854 1467 4921 τῷ
1513 4855 1662 4921 φόῧῳ
1695 4857 1793 4924 τὴν

1901 4856 2159 4909 omnibus
2193 4855 2583 4925 benignitatem
2614 4852 2836 4923 praefer,
2858 4868 2969 4923 qua
3005 4851 3147 4907 Deus
3179 4851 3481 4921 impensius

199 4940 532 4999 ἐπιείκειαν,
594 4940 828 5009 κέρασον
858 4944 922 5010 τῇ
970 4942 1169 5011 ἀπειλῇ
1222 4943 1319 5011 τὴν
1361 4943 1572 4996 ἐλπίδα.
1610 4944 1788 4996 ιιτιλλά

202 5030 301 5082 καὶ
361 5030 707 5098 χρηστότητα
760 5033 1061 5100 κατορθοῦν
1113 5030 1258 5097 οἶδα,
1303 5036 1661 5089 δυσωποῦσαν
1708 5040 1786 5100 εἰς

200 5120 569 5188 ὀφειλομένην
608 5122 1003 5175 ἀνταπόδοσινο
1061 5124 1189 5176 ὅταν
1247 5125 1529 5193 βιάζεσοαι
1588 5127 1785 5196 παρὸν,

202 5209 669 5279 συγχωρήσαντες
687 5210 911 5282 δυσωπή
921 5229 1103 5284 σωμεν
1124 5214 1309 5285 εὐνοία
1326 5216 1418 5268 τὸν
1445 5214 1595 5268 ὲλεού
1604 5232 1784 5285 μενον.

1899 4944 2229 5010 delectatur,
2263 4958 2424 5013 quam
2458 4942 2585 4996 aliis
2615 4940 3044 5009 quibuseunque
3080 4940 3272 4995 rebus.
3318 4938 3482 4993 Leni-

1900 5045 2068 5091 tatem
2100 5037 2342 5093 admisce
2374 5036 2597 5097 terrori,
2634 5050 2732 5104 spe
2780 5036 2958 5089 minas
3006 5042 3267 5101 tempera.
3311 5030 3475 5086 Multa

1898 5140 2122 5193 quoque
2178 5125 2570 5195 benignitatem
2606 5126 2876 5179 coniicere
2907 5132 3251 5193 compertum
3280 5123 3476 5188 habeo,

1901 5222 1955 5269 ut
1981 5231 2105 5286 qua:
2134 5215 2384 5272 homines
2409 5216 2476 5270 ad
2512 5215 2933 5282 persolvendam
2977 5216 3210 5284 gratiam
3235 5216 3476 5270 debitam

202 5320 447 5365 moveat.
487 5310 621 5365 Dum
671 5311 753 5365 vis
788 5309 1089 5364 inferenda:
1135 5319 1350 5379 tempus
1384 5320 1489 5377 est,
1544 5325 1810 5365 concessa
1844 5312 2026 5377 venia,
2063 5327 2190 5366 cum
2224 5312 2277 5366 in
2335 5327 2499 5381 quem
2550 5312 2945 5368 misericordes
2998 5328 3211 5377 sumus,
3244 5314 3479 5366 benevO‘

204 5406 375 5463 lentia
412 5410 558 5464 velut
594 5408 792 5475 injecto
826 5407 1035 5478 pudore
1069 5407 1476 5476 pertrahamus.

286 5612 355 5663 Τὸ
393 5609 724 5675 δραστικὸν
760 5610 1021 5671 δείκνυε,
1049 5610 1133 5677 μὴ
1162 5607 1424 5677 τῷίδρᾷν
1450 5608 1667 5675 κακῶς.

286 5680 369 5743 Τῷ
395 5681 445 5729 δ’
469 5677 537 5735 εὖ
579 5698 632 5734 τι
666 5681 880 5747 ποιεῖν,
909 5684 958 5733 εί
992 5676 1185 5745 θέλεις
1213 5676 1365 5733 εἶναι
1394 5682 1556 5745 Θεός.

282 5751 352 5803 Τὸ
380 5752 430 5801 δ’
455 5751 628 5803 ἐστὶν
653 5751 871 5819 ἀνδρὸς
904 5750 1130 5815 εἰδότος
1150 5752 1213 5801 τὸ
1244 5750 1557 5818 συγγενές.

284 5824 509 5877 arma:
547 5821 613 5874 δὲ
640 5820 852 5876 edem.
882 5822 977 5876 καὶ
1016 5820 1263 5891 τουπ-ὼν.
1292 5822 1385 5875 καὶ
1406 5821 1715 5876 σκορπίος.

2384 5498 2385 5501 “
2450 5504 2638 5575 Ejusd.
2685 5513 2805 5557 tetr.
2842 5502 2931 5558 56.

2008 5599 2146 5655 Aliis
2178 5597 2409 5654 nocendo
2440 5597 2601 5651 robur
2620 5596 2764 5650 haud
2796 5605 3036 5649 monstra
3068 5604 3218 5649 tuum

2008 5672 2110 5726 Sed
2144 5669 2480 5732 demerendo,
2513 5670 2558 5722 si
2584 5669 2712 5722 velis
2750 5668 2866 5734 ﬁeri
2901 5667 3050 5719 deus.

2010 5743 2102 5809 εει
2127 5741 2239 5809 ejus
2266 5740 2429 5803 istud,
2460 5743 2546 5808 qui
2575 5757 2723 5792 suum
2754 5739 2893 5790 norit
2917 5754 3100 5805 genus.

2008 5813 2190 5867 Facile
2224 5820 2278 5867 at
2316 5812 2570 5873 necarint,
2606 5822 2651 5863 ct
2688 5820 2889 5874 trqqon.
2916 5820 2962 5863 ct
3004 5810 3262 5863 ποι-σίας.
