4210 6448
178 502 179 505 η
196 440 327 510 1397

263 573 283 606 ι
326 554 514 623 Ὑμεῖς
548 550 855 618 ἐξεκλίνατε
887 549 949 602 ἐκ
975 548 1073 619 τῆς
1106 546 1229 602 ὁδοῦ
1249 565 1263 579 ⁸
1290 546 1626 618 ἠσθενήσατε
1650 544 1776 598 πολ-
1805 548 1853 606 Α

188 646 333 709 λούς.
360 645 532 714 Κάγὼ
561 645 770 698 δέδωκα
800 643 945 712 ὑμᾶς
977 640 1460 710 ὲξουθενουμένους
1490 642 1570 703 είς
1591 639 1769 693 πάντα

184 738 256 792 τὰ
282 737 435 808 ἔθνη,
466 736 579 791 ἀνθ’
600 731 675 791 ὧν
704 734 1033 806 ἐλαμϐάνετε
1072 732 1220 804 δῶρα
1247 735 1304 825 ἐν
1331 733 1497 803 νόμῳ.
1533 752 1550 783 ι

265 942 283 975 ι
318 922 516 990 Γέγονε
548 923 753 995 κρίσις,
786 922 879 975 καὶ
905 922 935 973 ὁ
954 921 1148 992 κριτὴς
1168 920 1452 990 λαμϐάνει.
1489 921 1586 973 Διά
1615 918 1773 972 τοῦτο

190 1014 568 1071 διεσκέδασται
593 1014 774 1085 νόμος,
806 1014 902 1068 καὶ
937 1014 999 1067 οὐ
1034 1012 1340 1080 διεξάγεται
1365 1013 1443 1073 είς
1471 1011 1621 1073 τέλος
1652 1010 1770 1081 κρί-

192 1123 298 1171 σις,
325 1106 408 1158 ὃτι
435 1104 639 1175 ἀσεϐὴς
676 1102 1132 1159 καταδυναστεύει
1160 1102 1252 1156 τὸν
1274 1101 1499 1155 δίκαιον.
1538 1118 1554 1150 ι

265 1303 286 1338 ι
320 1286 385 1340 Oi
416 1286 677 1357 ἄρχοντες
696 1286 868 1356 αὐτῆς
903 1287 960 1339 ἐν
984 1288 1145 1357 αὐτῇ,
1166 1283 1242 1347 ὡς
1275 1283 1489 1347 λέοντες
1519 1284 1773 1355 ὠρυόμεο

192 1395 293 1445 νοι,
325 1379 378 1432 οἱ
404 1379 591 1450 κριταὶ
622 1379 792 1449 αὐτῆς
817 1379 892 1443 ὡς
922 1378 1075 1433 λύκοι
1099 1378 1198 1449 τῆς
1222 1376 1507 1447 Ἀραϐίας.
1546 1396 1563 1428 ι

270 1580 289 1612 ι
320 1562 384 1613 Οί
414 1560 673 1630 ἄρχοντές
723 1576 817 1613 σου
845 1559 1173 1625 ἀπειθοῦσι,
1214 1559 1465 1614 κοινωνὼ
1504 1559 1774 1626 κλεπτῶν,

192 1652 520 1719 ἀγαπῶντες
540 1650 709 1722 δῶρα,
744 1651 1032 1715 διώκοντες
1084 1651 1438 1722 ἀνταπόδομα
1461 1691 1476 1714 ,
1522 1651 1777 1722 ὀρφανοῖς

193 1743 253 1795 οὐ
281 1743 584 1815 κρίνοντες,
616 1743 712 1798 καὶ
738 1744 918 1814 κρίσει
950 1742 1138 1815 χηρῶν
1161 1744 1222 1797 οὐ
1258 1743 1637 1815 προσέχοντες.
1682 1763 1700 1795 ι

271 1939 291 1970 ι
350 1919 664 1990 Ἑπιστήσω
687 1918 1005 1983 νεανίσκους
1022 1919 1291 1991 ἄρχοντας
1320 1919 1520 1984 αὐτῶν,
1549 1920 1645 1973 καὶ
1672 1923 1769 1991 έμ-

196 2014 424 2064 παῖκται
448 2012 826 2083 κυριεύσουσιν
847 2010 1047 2065 αὐτῶν.
1082 2030 1100 2061 ι

273 2121 292 2151 ‹
325 2102 498 2156 Ὅταν
527 2102 808 2172 ὲκτείνητε
848 2101 950 2166 τὰς
987 2104 1181 2173 χεῖρας
1219 2102 1404 2173 ὑμῶν,
1446 2102 1778 2174 ἀποστρέψω

194 2192 255 2244 τὸ
286 2192 578 2261 πρόσωπόν
621 2210 724 2262 μου
781 2192 872 2262 ἀφ’
903 2193 1076 2264 ὑμῶν.
1112 2194 1205 2258 ,Δί
1241 2193 1351 2266 γὰρ
1384 2196 1566 2268 χεῖρες
1624 2193 1779 2265 ὑμῶν

197 2284 436 2353 αἵματος
473 2283 722 2354 πλήρεις.
759 2304 777 2336 ι

275 2395 294 2427 ι
336 2376 477 2428 Οὐαὶ
515 2378 563 2428 οί
588 2375 926 2441 δικαιοῦντες
956 2377 1050 2430 τὸν
1102 2376 1276 2448 ἀσεϐῆ
1323 2377 1513 2431 ἕνεκεν
1565 2378 1776 2451 δώρων,

198 2468 292 2520 καὶ
319 2468 381 2519 τὸ
403 2468 613 2521 δίκαιον
650 2469 746 2520 τοῦ
769 2468 979 2521 δικαίου
1010 2468 1262 2538 αἴροντες
1317 2468 1411 2521 ἀπ’
1459 2467 1647 2524 αὐτοῦ.
1679 2473 1779 2524 Διὰ

198 2560 359 2613 τοῦτο
386 2559 450 2612 ὃν
490 2560 691 2630 τρόπον
725 2561 1065 2632 καυθήσεται
1098 2563 1322 2635 καλάμη
1371 2564 1477 2617 ὑπὸ
1507 2564 1780 2635 ἄνθρακος

200 2652 394 2721 πυρὸς,
444 2651 539 2705 καὶ
587 2652 1029 2722 συγκαυθήσεται
1062 2654 1169 2708 ὑπὸ
1210 2655 1409 2723 φλογὸς
1429 2655 1776 2727 ἀνημμένης,

201 2744 233 2810 ή
267 2742 395 2813 ῥίζα
421 2744 599 2797 αὐτῶν
642 2743 719 2807 ὡς
760 2746 949 2817 χόρτος
987 2747 1163 2813 ἔσται,
1191 2748 1284 2801 καὶ
1322 2747 1384 2800 τὸ
1409 2748 1569 2813 ἄνθος
1603 2750 1780 2803 αὐτῶν

200 2834 276 2896 ὡς
304 2836 586 2906 κονιορτὸς
607 2837 963 2907 ἀναϐήσεται.
990 2840 1064 2892 Ού
1085 2839 1194 2910 γάρ
1211 2839 1483 2910 ἠθέλησαν
1507 2842 1597 2893 τὸν
1619 2843 1781 2913 νόμον

202 2926 412 2996 Κυρίου
452 2927 680 2981 Σαϐαὼθ
735 2932 931 2994 ποιεῖν,
983 2929 1119 2984 ἀλλά
1179 2929 1240 2984 τὸ
1275 2931 1453 2999 λόγιον
1481 2931 1576 2985 τοῦ
1622 2934 1780 3002 ἁγίου

202 3015 424 3086 Ἰσραὴλ
448 3036 525 3070 πα
534 3019 796 3089 ρὼξυναν,
837 3038 855 3072 ι

281 3128 298 3160 ι
339 3111 477 3162 Οὐαὶ
510 3115 620 3175 τοῖς
659 3113 929 3183 γράφουσι
976 3117 1262 3187 πονηρίαν.
1312 3118 1619 3188 Γράφοντες
1674 3120 1781 3189 γὰρ

1453 434 1694 493 SACRA
1732 432 2196 492 PARALLELA.

3323 422 3481 485 i393“

1953 544 2187 598 Malach.
2221 555 2281 604 ιι,
2317 539 2369 606 8,
2387 540 2516 595 9.-
2548 557 2566 590 ι
2604 537 2711 593 Vos
2729 534 3099 592 dccliuastisa
3133 532 3219 595 via
3254 551 3267 587 :
3304 534 3457 587 inﬁr-

1875 653 1992 693 mos
2026 636 2238 692 fecistis
2265 634 2490 689 multos.
2521 632 2586 686 Et
2607 647 2707 703 ego
2737 630 2860 687 dedi
2884 645 2983 684 vos
3013 627 3458 698 contemptibiles

1875 731 1927 784 in
1961 743 2152 783 omnes
2184 734 2398 798 gentes,
2422 740 2523 797 pro
2553 739 2620 779 eo
2649 723 2795 795 quod
2823 720 3116 793 accepistis
3147 734 3377 774 munera
3404 719 3459 772 in

1876 822 2016 894 lege.
2064 840 2081 871 ι

1945 912 2161 983 Habac.
2193 925 2231 976 ι,
2263 910 2316 964 '5.
2345 938 2414 948 —
2441 925 2460 961 ι
2498 908 2729 962 Factum
2770 912 2853 961 est
2877 903 3174 976 judicium,
3210 909 3265 957 et
3289 900 3460 971 judev

1876 1004 2101 1074 accipit.
2134 1001 2434 1072 Propterea
2464 999 2730 1071 dissipata
2752 1006 2841 1055 est
2870 998 2982 1062 lex,
3004 1007 3187 1052 etnon
3212 992 3464 1066 pervenit

1877 1096 1943 1150 ad
1976 1093 2465 1164 linemjudicium;
2499 1094 2631 1163 quia
2659 1092 2864 1163 impius
2895 1089 3157 1161 prmvalet
3197 1087 3464 1141 adversus

1874 1186 2102 1257 justum.
2135 1206 2152 1239 ι

1950 1280 2181 1350 Sophon.
2220 1300 2297 1345 ιιι,
2362 1282 2415 1336 5.
2450 1309 2519 1320 —
2560 1296 2578 1329 ι
2612 1275 2901 1344 Principes
2931 1273 3052 1344 ejus
3109 1273 3165 1327 in
3216 1285 3281 1325 ea
3324 1270 3467 1325 sicut

1879 1373 2069 1431 leones
2104 1373 2409 1446 rugientes,
2444 1378 2500 1426 et
2540 1369 2760 1441 judiees
2800 1366 2921 1437 ejus
2968 1365 3115 1421 sicut
3161 1362 3279 1434 lupi
3331 1364 3466 1416 Ara-

1878 1466 2001 1520 biae.
2040 1485 2059 1517 ι

1953 1555 2071 1612 lsa.
2117 1572 2158 1623 ι,
2191 1557 2282 1611 23.
2313 1586 2380 1598 ——
2417 1574 2442 1608 ι.
2474 1553 2762 1623 Principes
2783 1549 3131 1607 tuiinlideles
3153 1554 3303 1609 sunt,
3330 1545 3463 1601 socii

1883 1647 2091 1712 furum,
2119 1648 2410 1718 diligentes
2442 1659 2699 1711 munera,
2731 1652 3123 1714 persequentes
3159 1637 3467 1693 retributioo
3500 1690 3501 1693 η

1882 1755 2029 1807 nem,
2060 1739 2287 1810 pupillis
2318 1753 2429 1793 non
2464 1736 2805 1807 judicantes,
2851 1743 2907 1790 et
2936 1732 3147 1802 judicio
3178 1729 3466 1799 viduarum

1883 1848 1992 1888 non
2027 1830 2395 1887 attendentes.
2438 1849 2457 1882 ι

1961 1923 2071 1978 Isa.
2106 1940 2188 1989 ιιι,
2214 1923 2268 1977 4.
2290 1954 2359 1964 -
2393 1941 2411 1974 ι
2442 1922 2689 1977 Statuam
2723 1920 3168 1975 adolescentulos
3186 1914 3472 1989 principes

1884 2031 2099 2082 eorum,
2133 2023 2187 2071 et
2218 2015 2471 2070 illusores
2497 2013 2931 2068 dominabuntur
2946 2011 3048 2066 eis.
3091 2030 3111 2063 ι

1960 2108 2074 2162 lsa.
2103 2124 2143 2171 ι,
2178 2107 2265 2162 15.
2294 2134 2363 2146 -
2396 2125 2415 2158 ι
2453 2105 2590 2161 Cum
2626 2103 3210 2161 extenderitismanus
3231 2107 3469 2163 vestras,

1886 2210 2133 2257 avertam
2161 2199 2354 2255 faciem
2392 2214 2568 2253 meam
2601 2212 2629 2251 a
2672 2196 2846 2252 vobis.
2881 2194 3076 2251 Manus
3102 2193 3250 2249 enim
3273 2200 3472 2250 vestrae

1886 2294 2154 2365 sanguine
2185 2294 2356 2364 plenae
2378 2300 2524 2348 sunt.
2570 2312 2586 2343 ι

1959 2384 2073 2441 Isa.
2108 2402 2161 2449 ν,
2185 2386 2255 2439 25
2282 2384 2372 2440 26.
2410 2416 2478 2428 -—
2521 2402 2540 2435 ι
2578 2382 2672 2438 Va:
2725 2383 2818 2453 qui
2864 2379 3183 2451 justilicatis
3240 2378 3467 2449 impium

1890 2493 1988 2550 pro
2018 2477 2359 2539 muneribus,
2391 2484 2447 2533 et
2479 2475 2725 2546 jusjusti
2754 2473 2986 2530 aufertis
3032 2472 3101 2527 ab
3130 2486 3218 2528 eo.
3240 2471 3471 2542 Pr0pter

1889 2570 1993 2626 hoc
2046 2570 2191 2625 sicut
2237 2569 2537 2625 devoratur
2575 2567 2779 2639 stipula
2836 2583 2865 2620 a
2919 2566 3162 2622 carbone
3213 2563 3378 2636 ignis,
3413 2572 3470 2619 et

1887 2658 2245 2714 Comburetur
2273 2674 2302 2712 a
2344 2657 2560 2712 liantma
2594 2671 2851 2720 accensa.
2893 2656 3051 2711 radix
3081 2670 3272 2710 eorum
3306 2657 3466 2725 quasi

1890 2750 2076 2804 fenum
2108 2751 2239 2810 erit.
2287 2757 2340 2806 et
2384 2749 2484 2804 ﬂos
2529 2764 2717 2804 eorum
2750 2750 2898 2804 velut
2952 2749 3131 2817 pulvis
3186 2747 3463 2803 ascendet.

1889 2840 2193 2897 Noluerunt
2226 2841 2369 2896 enim
2412 2841 2599 2896 facere
2631 2842 2800 2911 legem
2836 2839 3050 2895 Domini
3073 2838 3334 2904 Sabaoth,
3370 2839 3470 2896 sed

1889 2934 2174 2989 oraculum
2210 2935 2386 2989 sancti
2416 2933 3092 3003 [srael-exasperaverunt.
3133 2951 3161 2984 ι

1960 3112 2075 3167 Ιεα.
2109 3128 2161 3177 x,
2214 3114 2263 3177 l,
2299 3115 2353 3167 2.
2390 3142 2457 3153 —
2495 3130 2513 3162 ι
2555 3110 2645 3166 Vae
2674 3111 2769 3181 qui
2827 3110 3078 3166 scribunt
3134 3109 3460 3181 nequitiam.

204 3201 475 3271 πονηρίαν
519 3205 842 3273 γράφουσιν,
893 3204 1235 3272 ἐκκλίνοντες
1289 3210 1472 3279 κρίσιν
1525 3210 1778 3281 πτωχῶν,

1890 3202 2208 3259 Scribentes
2238 3204 2405 3269 enim,
2442 3202 2745 3273 nequitiam
2802 3202 3074 3265 scribunt,
3118 3202 3463 3258 declinantes

204 3291 549 3360 ἁρπάζοντες
590 3296 848 3364 κτήματα
898 3297 1147 3367 πενήτων
1179 3298 1273 3351 τοῦ
1308 3299 1437 3352 λαοῦ
1485 3317 1611 3369 μου,
1642 3299 1784 3354 ὥστε

204 3377 346 3435 εἶναι
403 3383 589 3448 αὐτοῖς
626 3386 815 3457 χήραν.
851 3388 932 3450 εις
985 3389 1267 3459 ἁρπαγὴν,
1310 3392 1405 3443 καὶ
1434 3393 1671 3462 ὀρφανὸν
1705 3395 1785 3456 εἰς

205 3475 508 3545 προνομήν.
543 3477 653 3530 Καὶ
685 3478 739 3531 τί
763 3479 1050 3548 ποιήσουσι
1082 3473 1364 3553 τῇΜὴμέρᾳ
1412 3483 1511 3553 τῆς
1557 3486 1783 3537 ἐπισκο-

208 3563 352 3631 πῆςς
395 3563 459 3615 Ἦ
487 3564 595 3635 γὰρ
632 3565 810 3634 θλίψις
848 3569 1005 3637 ἡμῶν
1032 3570 1317 3642 πόρρωθεν
1357 3571 1496 3642 ἥξει,
1520 3572 1612 3624 καὶ
1647 3573 1791 3643 πρὸς,

207 3654 331 3707 τίνα
360 3654 766 3723 καταφεύξεσθε
799 3657 892 3710 τοῦ
926 3658 1300 3731 βοηθηθῆναι;
1340 3681 1357 3712 ι

281 3765 301 3797 ι
335 3746 403 3798 Τί
427 3746 583 3815 ὑμεῖς
615 3748 848 3801 ἀδικεῖτε
874 3750 965 3802 τὸν
991 3751 1119 3805 λαόν
1150 3770 1273 3821 μου,
1292 3754 1385 3807 καὶ
1412 3754 1473 3807 τὸ
1495 3754 1785 3826 πρόσωπον

207 3837 316 3889 τῶν
340 3839 572 3909 πτωχῶν
601 3841 994 3911 καταισχύνετε
1018 3859 1032 3907 ;
1072 3844 1206 3914 φησὶ
1231 3847 1452 3917 Κύριος.
1497 3866 1516 3898 ι

284 4030 303 4061 ‹
339 4012 480 4064 Οὐαὶ
507 4012 556 4064 οί
582 4012 835 4080 λέγοντες
866 4014 927 4068 τὸ
954 4019 1193 4088 πονηρὸν
1220 4019 1408 4083 καλὸν,
1457 4022 1553 4075 καὶ
1594 4023 1656 4076 τὸ
1682 4043 1783 4079 κα-

208 4099 297 4153 λὸν
329 4101 599 4173 πονηρόν·
628 4104 679 4156 οἱ
705 4103 949 4169 τιθέντες
970 4104 1032 4159 τὺ
1056 4106 1173 4176 φῶς
1206 4109 1417 4174 σκότος.
1445 4115 1541 4166 καὶ
1567 4114 1629 4168 τὸ
1665 4117 1791 4170 σκό-

207 4208 298 4256 τος
330 4191 449 4261 φῶς
469 4209 486 4227 ·
517 4193 831 4259 οιτιθέντες
854 4196 917 4251 τὸ
946 4198 1147 4269 πικρὸν
1174 4200 1497 4269 γλυκὺικαὶ
1529 4204 1592 4266 τὸ
1616 4206 1787 4275 γλυκὺ

209 4286 425 4356 πικρόν.
457 4304 476 4335 ι

211 4396 312 4515 der
350 4377 438 4429 ‘Ev
469 4379 587 4441 ταῖς
636 4379 793 4451 χερσί
842 4396 939 4435 σου
983 4382 1291 4454 εὑρέθησαν
1348 4388 1559 4457 αἵματα
1603 4389 1790 4462 ψυχῶν

282 4481 424 4515 (οων.
464 4483 482 4515 1

282 4481 424 4517 (οων.
464 4483 482 4515 1

1882 3293 2152 3364 judicium
2184 3309 2507 3365 pauperum,
2542 3294 2817 3364 rapientes
2867 3293 3247 3365 possessiones
3275 3295 3458 3364 pepuli

1887 3384 2014 3447 mei.
2047 3394 2102 3439 ut
2130 3393 2278 3440 esset
2315 3386 2396 3439 eis
2446 3385 2601 3438 vidua
2637 3386 2688 3439 in
2739 3386 3002 3455 praedam,
3038 3395 3091 3441 et
3130 3387 3368 3456 pupillus
3404 3386 3458 3439 in

1886 3474 2274 3543 direptionem.
2309 3474 2372 3528 Et
2406 3475 2534 3545 quid
2587 3474 2789 3530 facient
2842 3475 2897 3529 in
2950 3474 3039 3531 die
3085 3474 3461 3531 visitationis?

1886 3563 2021 3619 Nam
2050 3565 2326 3621 tribulatio
2358 3576 2540 3622 vestra
2586 3565 2654 3620 de
2686 3567 2845 3639 longe
2882 3567 3087 3623 veniet.
3117 3566 3182 3622 Et
3198 3568 3266 3622 ad
3296 3582 3458 3638 quem

1887 3654 2218 3725 confugietis
2250 3664 2309 3710 ut
2340 3656 2715 3727 adjuvemini?
2753 3675 2772 3709 ι

1955 3746 2118 3819 446
2148 3747 2261 3802 Isa.
2298 3763 2380 3813 ιιι,
2405 3748 2492 3803 l5.
2528 3774 2594 3787 -
2634 3766 2653 3799 ι
2688 3747 2871 3814 Quare
2906 3746 3110 3818 injuste
3141 3745 3304 3817 agitis
3332 3760 3456 3800 cum

1888 3839 2091 3909 populo
2123 3853 2266 3906 meo,
2302 3847 2357 3895 et
2389 3838 2581 3895 faciem
2624 3852 2924 3911 pauperum
2974 3836 3346 3895 confunditis?
3376 3836 3461 3892 di-

1887 3929 1963 3985 cit
1992 3927 2272 3984 Dominus.
2311 3947 2330 3981 ι

1959 4019 2075 4076 Isa.
2102 4038 2154 4089 ν,
2184 4021 2277 4077 20.
2312 4051 2381 4062 —
2418 4040 2437 4074 ι
2473 4019 2567 4077 Va:
2589 4022 2682 4093 qui
2719 4021 2904 4077 dicitis
2930 4020 3128 4075 malum
3151 4020 3379 4081 bonum,
3408 4025 3463 4072 et

1889 4109 2095 4166 bonum
2128 4110 2372 4178 malum;
2400 4111 2496 4182 qui
2527 4111 2734 4182 ponitis
2777 4111 2957 4167 lucem
2991 4110 3262 4174 tenebras,
3289 4118 3343 4162 et
3375 4116 3461 4161 te-

1889 4201 2092 4259 nebras
2121 4200 2293 4259 lucem
2317 4220 2342 4271 ;,
2368 4204 2462 4274 qui
2498 4203 2703 4275 ponitis
2730 4217 2977 4259 amarum
3005 4201 3191 4267 dulce,
3221 4209 3275 4256 et
3305 4198 3464 4256 dulce

1891 4306 2155 4350 amarum.
2201 4312 2221 4346 ο

1960 4382 2166 4439 larem.
2200 4399 2261 4448 ιι,
2285 4384 2373 4440 54.
2405 4418 2472 4431 -
2508 4405 2526 4438 ι
2555 4386 2612 4441 ιιι
2647 4387 2905 4443 manibus
2938 4385 3047 4442 tuis
3077 4384 3333 4440 inventus
3379 4389 3467 4438 est

1891 4476 2115 4547 sanguis
2149 4477 2459 4532 animarum
2494 4478 2896 4535 innocentium.
2938 4496 2955 4529 ι

285 4572 315 4605 ιν
342 4555 458 4608 Οὐκ
488 4555 709 4627 ἔκριναν
744 4562 927 4631 κρίσιν
956 4563 1194 4635 ὀρφανοῦ
1221 4609 1235 4633 ,
1275 4571 1369 4623 καὶ
1406 4572 1588 4643 κρίσιν
1614 4575 1785 4645 χήρας

1960 4567 2160 4622 Jerem.
2191 4586 2245 4635 v,
2289 4570 2380 4625 28.
2412 4601 2483 4612 —
2517 4590 2535 4623 ι
2583 4568 2702 4626 Non
2760 4570 3149 4641 judicavernnt
3197 4568 3464 4639 judicium

211 4644 312 4698 οὐκ
358 4648 662 4716 ὲκρίνοσαν.
719 4653 810 4721 Μὴ
863 4654 961 4707 ἐπὶ
1003 4657 1212 4723 τούτοις
1240 4662 1342 4716 οὐκ
1370 4644 1784 4738 ιὲπισκέψομαι,

213 4738 363 4831 λέγει
382 4739 616 4810 Κύριος;
641 4743 674 4811 ἢ
710 4744 767 4797 ὲν
803 4744 946 4800 ἔθνει
968 4748 1048 4818 τῷ
1073 4752 1301 4823 τοιούτῳ
1329 4756 1435 4809 οὐκ
1452 4757 1727 4829 ἐκδικήσει
1754 4762 1786 4831 ἡ

212 4829 358 4901 ψυχή
386 4848 527 4901 pou;
565 4850 585 4885 ι

291 5030 309 5059 ι
343 5010 407 5062 Ui
435 5010 705 5083 ὀφθαλμοὶ
730 5015 908 5069 αὐτῶν
936 5019 999 5070 οὐ
1042 5022 1216 5086 καλοὶ,
1258 5026 1350 5077 καὶ
1400 5027 1431 5095 ἡ
1464 5028 1660 5098 καρδία
1690 5032 1789 5084 αύ-

213 5102 323 5154 τῶν
387 5102 590 5168 εὐθεῖα,
651 5106 767 5159 ἀλλ’
807 5111 901 5165 ἐπὶ
951 5112 1049 5183 τὴν
1102 5115 1437 5183 πλεονεξίαν,
1490 5120 1586 5172 καὶ
1616 5122 1708 5174 ἐπὶ
1728 5124 1788 5175 τὸ

216 5185 355 5260 αἷμα
380 5193 440 5245 τὸ
475 5193 652 5248 ἀθῶον
674 5197 767 5250 τοῦ
799 5199 1012 5270 ἐκχέειν
1046 5204 1199 5267 αὐτὸ,
1228 5208 1324 5259 καὶ
1351 5206 1445 5260 ἐπὶ
1486 5210 1585 5281 τὴν
1630 5230 1788 5266 συκο-

216 5283 466 5350 φαντίαν,
496 5288 588 5339 καὶ
611 5288 691 5351 είς
710 5290 977 5361 ἀδίκημα,
1013 5296 1108 5348 καὶ
1140 5298 1217 5360 είς
1241 5299 1399 5365 φόνον
1430 5300 1524 5354 τοῦ
1557 5307 1781 5358 ποιεῖν.»

292 5396 310 5424 ι
340 5375 749 5445 Ἐταπείνωσας
775 5382 865 5435 τὸν
906 5385 1136 5456 ὑψηλὸν,
1183 5392 1276 5443 καὶ
1316 5390 1537 5461 ὕψωσας
1564 5395 1656 5447 τὸν
1696 5413 1789 5450 τα-

218 5468 422 5522 πεινόν.
470 5471 706 5527 Ἀδικίαν
742 5474 979 5546 θήσομαι
1014 5480 1207 5550 αὐτὴν,
1242 5482 1392 5551 λέγει
1424 5485 1648 5555 Κύριος.
1693 5507 1709 5538 ι

292 5660 309 5692 ι
350 5643 413 5695 UE
444 5643 701 5713 ἄρχοντες
736 5647 907 5719 αὐτῆς
940 5651 997 5704 ἐν
1021 5653 1174 5723 μέσῳ
1200 5654 1366 5724 αὐτῆς
1393 5657 1467 5719 ὡς
1510 5658 1662 5710 λύκοι
1693 5658 1787 5728 ἆρ-

221 5749 415 5801 παγες,
441 5736 779 5803 ἁρπάζοντες
810 5739 1079 5812 ἅρπαγμα
1110 5746 1204 5797 τοῦ
1234 5742 1610 5817 ἐκχέαιαίμα,
1640 5750 1787 5813 ὅπως

226 5827 500 5890 flung-Ta
534 5831 913 5887 πλεονεκτῶσι.
943 5838 1047 5890 Καὶ
1069 5840 1113 5890 οἱ
1138 5839 1408 5907 προφῆται
1444 5842 1614 5910 αὐτῆς
1644 5843 1786 5895 iisin

1890 4660 2105 4729 pupilli,
2154 4671 2209 4716 ct
2243 4661 2509 4731 judicium
2560 4665 2737 4719 viduae
2784 4679 2893 4719 non
2942 4664 3284 4733 judicarnnt.
3316 4660 3467 4715 Nun-

1887 4751 2017 4821 quid
2059 4754 2342 4823 superbis
2388 4770 2494 4810 non
2538 4757 2811 4811 visitabo?
2844 4757 2976 4812 dicit
3033 4755 3327 4820 Dominus,
3371 4762 3467 4809 aut

1889 4858 2056 4913 super
2117 4854 2329 4914 gentem
2390 4846 2701 4915 hujusmodi
2754 4864 2859 4905 non
2925 4849 3225 4905 ulciscetur
3280 4847 3465 4902 anima

1891 4938 2046 4991 mea?
2081 4957 2099 4988 ι

1962 5024 2158 5088 Jerem.
2188 5044 2319 5093 χχιι,
2353 5030 2438 5082 l7.
2463 5060 2532 5069 —
2558 5051 2575 5081 ι
2616 5030 2772 5086 Oculi
2799 5046 2990 5086 eorum
3044 5046 3150 5085 non
3183 5030 3333 5091 boni.
3366 5046 3464 5084 nec

1889 5119 2057 5174 corda
2083 5135 2271 5174 eorum
2297 5131 2465 5187 recta,
2489 5124 2585 5177 sed
2614 5124 2679 5177 ad
2711 5124 3002 5179 avaritiam
3054 5133 3109 5179 et
3128 5125 3208 5179 .ad
3242 5125 3463 5193 sangui-

1890 5225 2012 5263 nem
2053 5209 2425 5278 innocentem,
2457 5219 2513 5267 ut
2534 5211 2815 5268 effundant
2855 5213 3030 5277 illum,
3061 5223 3117 5269 et
3142 5214 3208 5267 ad
3253 5214 3462 5267 calum-

1890 5300 2058 5364 niam,
2091 5309 2146 5356 et
2178 5301 2243 5355 ad
2271 5302 2619 5372 injustitiam,
2647 5314 2702 5359 et
2731 5304 2799 5359 ad
2841 5306 3040 5360 caedem
3080 5305 3405 5361 faciendam.
3437 5325 3455 5356 ι

1964 5391 2154 5447 Ezech.
2189 5395 2406 5461 ut,26.
2431 5426 2502 5441 —
2525 5413 2545 5447 ι
2578 5395 2885 5452 Humiliasti
2918 5398 3221 5461 excelsum,
3247 5406 3302 5451 et
3328 5398 3460 5451 sub-

1890 5483 2077 5537 levasti
2133 5482 2412 5540 humilem.
2459 5485 2807 5558 lniquitatem
2879 5503 3080 5557 ponam
3130 5503 3281 5553 eam,
3326 5488 3460 5543 dicit

1889 5573 2167 5628 Dominus.
2202 5594 2220 5626 ι

1959 5663 2151 5721 Ezeclt.
2190 5684 2322 5734 xm,
2354 5668 2443 5735 27,
2470 5668 2560 5724 28.
2591 5700 2661 5709 —
2682 5688 2700 5721 ι
2735 5671 3013 5741 Principes
3041 5671 3164 5742 ejus
3194 5671 3247 5726 in
3277 5672 3458 5727 medio

1888 5756 2034 5813 illius
2082 5758 2236 5827 quasi
2288 5760 2394 5829 lupi
2446 5776 2673 5831 rapaces
2719 5782 2729 5816 ι
2785 5762 3056 5832 rapientes
3103 5764 3336 5833 praedam
3388 5765 3453 5816 ad

1893 5844 2277 5902 effundendum
2357 5851 2715 5920 sanguinem,
2785 5852 2847 5905 ad
2929 5868 3091 5909 avare
3162 5853 3453 5911 sectandas
