4210 6448
701 441 836 512 1399

1877 441 1937 500 S.
1971 437 2294 499 JOANNIS
2333 435 2764 498 DAMASCENI

3838 426 3977 493 1400

697 567 963 628 quiestus.
1005 557 1288 628 Pr0pliet2
1317 566 1495 612 autem
1520 556 1642 626 ejus
1675 555 1958 626 ungebaut
1987 571 2104 610 eos.
2139 555 2286 609 Inter

2396 569 2584 625 φοντες
2624 554 2848 614 αὐτούς.
2919 549 3218 620 Ἀναμεσον
3268 549 3428 618 ἁγίου
3467 550 3566 602 καὶ
3623 546 3856 618 βεϐήλου
3893 549 3974 601 ὀὐ

698 660 948 706 sanctum
982 660 1039 706 et
1085 649 1376 722 profanum
1435 663 1546 704 non
1593 648 2000 712 discernebant,
2043 657 2098 702 et
2141 647 2285 700 inter

697 744 960 798 mundum
995 754 1050 798 et
1083 742 1430 798 immundum
1463 759 1572 798 non
1597 741 2027 812 distinguebant.
2061 761 2079 793 ι

769 829 962 885 Ezech.
991 847 1112 892 xm,
1147 831 1234 895 l8,
1274 832 1361 886 l9.
1404 861 1472 874 —
1506 850 1525 882 ι
1571 832 1778 886 Animae
1827 831 2108 887 subversas
2155 839 2285 886 sunt

696 923 882 990 populi
916 923 1043 985 mei,
1067 931 1122 975 et
1160 923 1454 992 capiebant
1477 924 1713 990 animas,
1745 932 1800 979 et
1832 923 2286 978 contaminabant

697 1029 786 1068 me
814 1014 880 1067 ad
911 1013 1172 1083 populum
1205 1029 1387 1068 meum
1419 1024 1648 1083 propter
1689 1013 1952 1085 pugillum
1983 1013 2198 1074 hordei.
2231 1021 2287 1067 et

699 1104 1006 1172 fragmenta
1040 1103 1197 1172 panis
1236 1121 1248 1156 :
1285 1112 1346 1157 ut
1376 1104 1694 1158 occiderent
1741 1103 1956 1158 animas
2003 1117 2143 1173 quas
2173 1117 2285 1156 non

694 1195 946 1264 oportuit
990 1194 1150 1258 mori,
1192 1203 1247 1248 et
1295 1202 1356 1249 ut
1408 1196 1682 1250 salvarent
1715 1196 1933 1250 animas
1997 1211 2141 1265 quas
2174 1210 2283 1250 non

698 1284 942 1353 oportuit
973 1284 1180 1339 vivere.
1215 1303 1234 1336 ι

769 1371 902 1442 Sap.
940 1389 1013 1438 γι,
1043 1373 1098 1428 6.
1120 1404 1192 1415 -
1232 1393 1251 1426 ι
1288 1373 1568 1428 Judicium
1590 1392 1792 1441 nurum
1823 1377 1893 1432 iis
1924 1379 2016 1448 qui
2048 1385 2287 1446 praesunt

698 1464 792 1518 ﬁet
823 1481 836 1517 :
875 1465 1203 1521 fortioribus
1228 1469 1372 1520 enim
1411 1464 1605 1521 fortior
1629 1466 1798 1522 instat
1833 1471 2126 1525 cruciatio.
2165 1489 2184 1521 ι

774 1553 945 1610 Eccli.
982 1572 1076 1623 xx,
1106 1556 1200 1612 3|.
1224 1587 1298 1598 —
1331 1576 1349 1608 ι
1378 1557 1555 1612 Xenia
1585 1567 1640 1613 et
1669 1562 1811 1615 dona
1843 1571 2123 1617 excaecant
2153 1577 2286 1617 ocu-

702 1647 781 1700 los
810 1644 1088 1712 judiculn.
1127 1665 1146 1700 ι

770 1737 926 1792 Rom.
954 1754 1016 1802 ιι,
1045 1739 1101 1804 5,
1132 1739 1187 1795 4.
1241 1774 1262 1777 —
1315 1760 1336 1794 ι
1373 1741 1772 1798 luexcusabilis
1801 1759 1880 1807 es,
1907 1757 1940 1797 ο
1973 1743 2156 1808 Ιιοιιιο,
2193 1744 2283 1814 qni

2387 645 2757 709 διεσκέδαζον,
2779 643 2873 698 καὶ
2904 641 3178 714 ἀναμέσον
3210 641 3527 712 ἀκαθάρτου
3559 640 3652 695 καὶ
3675 638 3771 694 τοῦ
3802 639 3976 694 καθα-

2391 738 2484 808 ροῦ
2509 738 2570 791 οὐ
2599 735 2926 790 διέστελλον.
2965 752 2985 786 ι

2466 853 2483 885 ι
2513 833 2580 885 Ai.
2608 829 2779 900 ψυχαὶ
2802 827 3208 898 διεστράφησαν
3229 826 3326 880 τοῦ
3353 824 3484 880 λαοῦ
3517 841 3641 896 μου,
3675 823 3773 878 καὶ
3792 821 3976 894 ψυχὰς

2391 919 2828 994 περιεποιοῦντο,
2857 919 2951 972 καὶ
2987 913 3284 986 ὲὸεσήλουν
3315 930 3383 984 με
3423 913 3561 983 πρὸς
3586 910 3681 965 τὸν
3702 908 3833 963 λαόν
3872 925 3976 978 μου

2389 1016 2576 1070 ἕνεκεν
2604 1011 2810 1084 δρακδς
2841 1008 3068 1080 κριθῶν,
3100 1007 3195 1061 καὶ
3214 1006 3401 1060 ἓνεκεν
3426 1003 3760 1074 κλασμάτων
3781 1001 3975 1073 ἄρτου,

2385 1109 2712 1164 ἀποκτεῖναι
2761 1103 2964 1176 ψυχὰς,
3011 1102 3080 1164 ἃς
3131 1101 3233 1154 οὐκ
3258 1099 3364 1152 ἔδει
3403 1097 3715 1161 ἀποθανεῖν,
3746 1094 3844 1149 καὶ
3876 1091 3976 1146 τοῦ

2387 1198 2797 1272 περιποιεῖσθαι
2825 1194 3030 1266 ψυχὰς,
3058 1192 3125 1257 ἃς
3155 1191 3259 1245 οὐκ
3281 1189 3388 1243 ἔδει
3418 1188 3602 1259 ζῆσαι.
3643 1205 3664 1240 s

2470 1400 2488 1430 ε
2525 1376 2726 1450 Κρίσις
2763 1374 3042 1443 ἀπότομος
3092 1371 3152 1424 ὲν
3177 1371 3288 1433 τοῖς
3331 1366 3658 1437 ὑπερέχουσι
3723 1362 3961 1432 γίνεταιο

2385 1476 2500 1532 τοῖς
2528 1471 2815 1542 κραταιοῖς
2850 1465 3051 1536 ἰσχυρὰ
3079 1463 3368 1532 ἐφίσταται
3397 1459 3612 1529 ἔρευνα.
3656 1474 3674 1507 ι

2464 1584 2479 1614 ι
2515 1562 2678 1617 Ξένια
2701 1559 2799 1614 καὶ
2822 1557 2974 1628 δῶρα
3000 1553 3308 1624 ἀποτυφλοῖ
3332 1548 3646 1620 ὀφθαλμοὺς
3675 1545 3878 1617 σοφῶν.
3921 1563 3941 1595 ι

2467 1762 2483 1794 ι
2536 1737 2976 1808 Ἀναπολόγητος
3030 1728 3122 1799 εἰ,
3153 1731 3431 1803 ἄνθρωπε,
3469 1720 3746 1796 ὁκρῖνων.
3792 1722 3886 1776 Ἐν
3934 1741 3981 1789 ῳ

694 1829 930 1898 judicas.
951 1831 1008 1885 ln
1036 1847 1150 1902 quo
1169 1835 1316 1887 enim
1354 1835 1592 1889 alterum
1622 1835 1869 1904 iudicas,
1895 1835 2131 1905 teipsmn
2154 1811 2288 1890 con-

2396 1835 2496 1906 γὰρ
2525 1834 2736 1904 κρινεῖς
2763 1832 2854 1884 τὸν
2884 1829 3094 1898 ἓτερον,
3119 1823 3348 1878 σεαυτὸν
3367 1812 3847 1906 κατακρωεις.Τὰ
3869 1811 3981 1882 γὰρ

699 1922 948 1978 demnas.
978 1925 1183 1979 Eadem
1217 1927 1363 1982 enim
1388 1927 1508 1996 agis
1531 1944 1655 1998 quie
1678 1928 1917 1999 judicas.
1944 1928 2164 1985 Scimus
2192 1944 2290 1983 au-

2396 1905 2534 1982 αὖτὰ
2564 1911 2832 1994 πράσσεις
2885 1919 2916 1971 δ
2949 1917 3174 1990 κρίνων.
3239 1913 3478 1982 Οἴδαμεν
3505 1909 3563 1962 δὲ
3593 1909 3676 1961 ὅτι
3707 1905 3771 1960 τὸ
3801 1907 3980 1999 arpi—pa

701 2024 811 2068 tem
839 2016 967 2086 quia
1001 2016 1269 2085 judicium
1307 2018 1396 2070 Dei
1445 1997 1881 2074 estisecundum
1917 2021 2203 2076 veritatem
2234 2021 2289 2075 in

2396 2019 2484 2075 τοῦ
2517 2014 2657 2071 Θεοῦ
2711 2016 2828 2068 ἔστι
2860 2010 3004 2065 κατὰ
3037 2006 3297 2078 ἀληθειαν
3350 2003 3446 2056 ἐπὶ
3471 2001 3602 2065 τοὺς
3644 1999 3713 2054 τὰ
3748 1997 3982 2050 τοιαῦτα

701 2122 797 2161 eos
830 2107 922 2176 qui
957 2108 1087 2162 talia
1119 2118 1307 2180 agunt.
1363 2109 1664 2166 Existimas
1692 2112 1840 2166 enim
1880 2111 2004 2176 lioc,
2037 2127 2069 2166 o
2099 2113 2287 2176 homo,

700 2198 792 2268 qui
823 2197 1043 2268 judicas
1080 2214 1176 2256 eos
1221 2201 1317 2271 qui
1375 2201 1505 2254 talia
1553 2209 1748 2270 agunt,
1781 2209 1836 2256 et
1867 2200 2005 2257 facis
2036 2217 2121 2268 ea,
2159 2202 2288 2272 quia

702 2291 929 2359 effugies
957 2290 1224 2360 judicium
1259 2292 1379 2349 Dei.
1419 2313 1437 2345 ι

774 2383 831 2436 S.
864 2383 1038 2441 Basil.
1077 2385 1132 2440 in
1155 2388 1327 2455 princ.
1360 2385 1522 2442 Prov.
1554 2418 1628 2428 —
1661 2387 1766 2456 Qui
1797 2404 1983 2443 veram
2017 2389 2288 2460 justitiam

701 2475 757 2528 in
787 2476 971 2529 animo
1002 2492 1106 2531 suo
1146 2486 1273 2532 ante
1322 2477 1650 2533 insidentem
1683 2494 1792 2532 non
1833 2473 2026 2540 habet.
2067 2480 2162 2534 scd
2197 2485 2291 2533 aut

702 2568 958 2636 pecuniis
991 2578 1292 2638 corruptus
1342 2577 1450 2633 est,
1505 2578 1600 2625 aut
1635 2571 1896 2625 amicitiae
1950 2569 2162 2631 tribuit,
2196 2579 2290 2624 aut

703 2659 994 2716 inimicum
1026 2662 1334 2726 ulciscitur,
1381 2672 1475 2718 aut
1528 2663 1832 2733 potentiam
1883 2670 2187 2726 reveretur,
2246 2663 2292 2717 is

704 2763 914 2807 rectum
937 2753 1207 2821 judicium
1241 2751 1384 2808 ferre
1399 2769 1512 2807 non
1537 2762 1734 2823 potest.
1753 2753 1830 2806 Ad
1853 2768 2016 2822 quem
2043 2751 2293 2808 Psalinus

705 2845 784 2898 ait
817 2863 832 2899 :
873 2844 931 2900 Si
963 2862 1080 2901 vero
1105 2848 1286 2915 utique
1306 2845 1580 2914 justitiam
1611 2845 1913 2914 loquimini,
1956 2849 2115 2897 recta‘
2139 2842 2293 2912 judi-

705 2947 843 3000 τοτε,
875 2936 976 3005 ﬁlii
1001 2939 1269 2992 hominum
1304 2937 1460 3008 (Paul
1507 2953 1638 3001 LVII,
1670 2936 1750 3006 2).

779 3028 838 3082 S.
875 3028 1031 3101 Greg.
1064 3029 1210 3084 Naz.
1249 3063 1317 3098 έ
1361 3031 1475 3085 Hoc
1524 3030 1806 3100 plerisque
1857 3028 2140 3098 judicnbus
2189 3026 2292 3080 hac

708 3133 1039 3191 tempestate
1078 3123 1334 3178 videmus
1386 3123 1660 3188 accidere,
1697 3129 1760 3189 ut
1805 3119 2128 3176 sublimibus
2159 3118 2294 3195 viris

681 3228 908 3283 «inagna
943 3212 1145 3285 ﬂagitia
1173 3215 1484 3286 promptius
1507 3215 1849 3280 condonent,
1870 3228 2033 3285 quam
2069 3211 2290 3266 liumili-
2321 3251 2365 3308 ρ

711 3311 816 3360 bus
833 3315 883 3361 et
903 3307 1132 3377 abjectis
1155 3309 1401 3363 minima.
1427 3307 1697 3362 Extrema:
1709 3308 1908 3377 quippe
1928 3305 2164 3361 miseria:
2181 3315 2257 3358 est
2272 3343 2288 3368 ,

711 3413 822 3451 non
860 3413 962 3452 suo
990 3400 1197 3463 robori,
1230 3400 1323 3454 sed
1351 3401 1580 3456 aliorum
1611 3399 1972 3454 imbecillitati
1993 3397 2286 3453 conﬁdere.

784 3487 990 3542 Justini
1027 3491 1179 3558 Apol.
1220 3490 1289 3543 ad
1320 3492 1459 3560 Hnt.
1494 3493 1623 3560 imp.
1647 3521 1718 3532 ——
1747 3490 2110 3544 Tantumdem
2144 3489 2292 3557 priu-

716 3579 865 3647 εῖῃοε
898 3589 1156 3650 possunt,
1190 3583 1284 3651 qui
1316 3583 1534 3636 veritati
1569 3582 1887 3652 opinionem
1924 3586 2290 3649 anteponunt,

718 3680 984 3739 quantum
1027 3672 1310 3740 prmdones
1342 3673 1397 3726 in
1431 3673 1668 3728 desertis
1699 3671 1856 3727 locis.

791 3761 853 3818 S.
887 3761 1103 3832 Cyrilli.
1143 3794 1212 3804 —-
1255 3762 1568 3835 Voluptatis
1621 3763 1804 3834 potius
1861 3776 2026 3834 quam
2071 3762 2293 3816 virtutis

718 3860 994 3910 amatores
1016 3855 1370 3917 exstiterunt,
1389 3853 1732 3926 segnitieque
1764 3861 1818 3908 et
1848 3851 2047 3906 inertia
2071 3859 2296 3919 torpue-

719 3949 872 4008 runt,
905 3958 1007 3997 nec
1043 3943 1261 4013 imperii
1297 3943 1464 3999 decus
1518 3959 1549 3998 a
1597 3943 2027 4014 reprehensione
2063 3940 2295 3994 liberum

718 4041 1029 4092 servarunt.

789 4125 851 4180 S.
883 4124 1020 4181 Nili.
1051 4156 1123 4168 --
1155 4125 1428 4183 Forensia
1466 4126 1655 4201 studia
1690 4124 1859 4180 variis
1889 4123 2134 4194 peccatis
2165 4121 2299 4178 sub-

719 4217 1041 4271 ministrant
1074 4237 1088 4273 :
1121 4219 1326 4288 quippe
1354 4233 1479 4287 qua:
1505 4219 1794 4272 innumera
1829 4214 2132 4285 patrocinia
2153 4227 2303 4268 com-

721 4306 1094 4367 miniscuntur
1120 4309 1189 4363 iis
1214 4307 1309 4378 qui
1344 4308 1604 4379 injuriam
1640 4307 1766 4361 aliis
1807 4305 2071 4360 inferunt.

791 4397 955 4470 “7
988 4399 1047 4455 S.
1080 4401 1357 4472 Chrysost.
1384 4431 1453 4445 —-
1479 4400 1537 4454 In
1580 4400 1853 4470 principes
1897 4404 1952 4451 et
1998 4397 2052 4450 in
2091 4394 2306 4463 iudices

719 4490 1076 4545 severissime
1116 4490 1977 4559 inquiretur,cognosceturque
2029 4500 2158 4538 num
2212 4483 2307 4552 jus

2394 2110 2766 2183 πράσσοντας.
2794 2104 3000 2178 Λογίζῃ
3031 2101 3089 2156 δὲ
3117 2098 3296 2164 τοῦτο,
3322 2091 3368 2150 ὧ
3395 2093 3646 2165 ἄνθρωπε
3675 2134 3684 2151 ,
3721 2091 3752 2144 δ
3774 2089 3983 2183 κρίνων

2390 2206 2518 2267 τοὺς
2547 2201 2618 2256 τὰ
2638 2200 2864 2270 τοιαῦτα
2888 2199 3257 2268 πράσσοντας,
3285 2190 3381 2243 καὶ
3415 2186 3587 2241 ποιῶν
3610 2183 3768 2247 αὐτὰ,
3800 2182 3887 2236 ὅτι
3914 2180 3981 2233 σὺ

2392 2294 2632 2366 ἐκφεύξῃ
2668 2291 2732 2346 τὸ
2759 2293 2932 2362 κρῖμα
2955 2287 3048 2340 τοῦ
3070 2284 3232 2338 Θεοῦ.
3263 2303 3282 2334 ι

2473 2362 2532 2440 Ὅ
2564 2362 2662 2456 την
2713 2379 3064 2447 δικαιοσύνην
3119 2377 3197 2446 μὴ
3232 2373 3372 2446 ἔχων
3425 2362 3982 2454 προεναποκειμένην

2392 2479 2558 2536 αὐτοῦ
2589 2480 2654 2548 τῇ
2677 2476 2847 2547 ψυχῇ,
2882 2471 2999 2527 ἀλλ’
3028 2471 3064 2542 ἢ
3087 2467 3337 2539 χρήμασι
3365 2460 3782 2533 διεφθαρμένος,
3819 2456 3856 2527 ἢ
3889 2471 3982 2548 ιρι-

2392 2574 2483 2644 λίᾳ
2511 2569 2898 2644 χαριζόμενος,
2923 2564 2958 2630 ἢ
2987 2561 3181 2633 ἐχθρὸν
3212 2556 3574 2629 ἀμυνόμενος,
3596 2551 3631 2623 ἢ
3654 2547 3981 2644 δυναστείαν

2392 2641 2831 2732 δυσῶπούμενος,
2881 2657 2945 2710 τὸ
2991 2657 3166 2726 κρῖμα
3214 2647 3572 2706 κατευθύνειν
3624 2645 3688 2697 οὐ
3726 2641 3977 2694 δύναται.

2396 2759 2540 2830 Πρὸς
2576 2758 2637 2811 δν
2659 2756 2774 2825 ὲρεῖ
2803 2757 2830 2808 ὁ
2862 2749 3106 2823 ψαλμός·
3137 2748 3207 2802 Εἰ
3238 2741 3478 2809 ἀληθῶς

2394 2822 2510 2918 τὴν
2524 2822 2784 2912 ,ἰηλει-τε,
2799 2822 3036 2908 εὐθείας
3057 2839 3320 2909 κρίνατε,
3344 2831 3462 2888 υιοί
3491 2828 3610 2884 τῶν
3625 2822 3979 2893 ἀνθρώπων.

2465 3026 2641 3080 Τοῦτο
2666 3023 2895 3086 πολλοὺς
2916 3019 3134 3090 ὁρῶμεν
3157 3015 3267 3069 τῶν
3293 3013 3389 3066 νῦν
3412 3007 3617 3080 κριτῶν
3647 3005 3980 3072 πάσχοντας,

2393 3122 2444 3174 οἳ
2481 3119 2612 3190 ῥᾷον
2640 3117 2756 3179 τοῖς
2803 3113 3029 3184 ὑψηλοῖς
3078 3108 3148 3162 τὰ
3199 3104 3414 3184 μεγάλα
3461 3097 3907 3190 συγχιρρήσειαν,
3948 3092 3985 3160 ἢ

2395 3187 2828 3273 τοῐςῖταπεινοίς
2867 3201 2934 3256 τὰ
2956 3201 3236 3270 ἐλάχιστα.
3278 3195 3435 3248 Ἐστι
3462 3190 3571 3260 γὰρ
3611 3187 3792 3254 ἄκρας
3819 3195 3988 3273 κακο-

2395 3271 2721 3373 δαιμονίας,
2771 3298 2845 3368 μὴ
2892 3297 2950 3347 ὲν
3000 3294 3115 3355 τοῖς
3169 3290 3321 3350 ἰδίοις
3353 3284 3598 3355 ἰσχυροῖς
3636 3277 3697 3331 τὸ
3738 3271 3987 3343 ἀσφαλες

2395 3399 2561 3465 ἔχειν,
2597 3391 2714 3448 ἀλλ’
2749 3391 2809 3442 ὲν
2832 3390 2945 3450 τοῖς
2973 3386 3177 3458 ἐτέρων
3213 3375 3452 3446 σαθροῖς.

2462 3489 2730 3544 Τοσοῦτον
2785 3484 3042 3538 δύνανται
3093 3479 3358 3550 ἄρχοντες
3409 3471 3516 3541 πρὸ
3565 3465 3666 3535 τῆς
3716 3458 3989 3532 ἀληθεέας

2393 3581 2553 3648 δόξαν
2584 3577 2873 3648 τιμῶντες,
2913 3574 3040 3628 ὅσον
3072 3571 3168 3625 καὶ
3197 3565 3397 3650 λῃσταὶ.
3417 3563 3476 3614 ὲν
3502 3555 3730 3629 ἐρημίᾳ.

2467 3766 2729 3836 Γεγόνασι
2759 3761 3034 3833 φιλήδονοι
3063 3753 3321 3830 μᾶλλονῆ
3358 3750 3666 3821 φιλάρετοι,
3929 3754 3989 3792 τε

2398 3863 2494 3918 καὶ
2521 3833 2986 3929 κατημελημένοι,
3030 3851 3128 3906 καὶ
3160 3849 3220 3903 οὐ
3254 3845 3628 3916 τετηρήκασιν
3661 3833 3992 3902 ἀδιάϐλητον

2398 3955 2460 4007 τὸ
2488 3952 2590 4021 τῆς
2615 3951 2791 4021 ἀρχῆς
2819 3946 3056 4016 ἀξίωμα.

2474 4126 2542 4178 At
2574 4123 2704 4194 περὶ
2733 4120 2804 4174 τὰ
2839 4117 3166 4186 δικαστήρια
3201 4110 3434 4166 σπουδαὶ
3477 4107 3599 4169 ταῖς
3625 4099 3995 4194 πολυτρόποις

2406 4189 2707 4284 ἁμαρτίαις
2754 4204 3160 4279 ὑπηρετοῦσιν,
3209 4201 3413 4273 μυρίας
3464 4199 3580 4260 τοῖς
3611 4189 3866 4248 ἀδικοῦσι
3895 4189 3996 4250 τὰς

2407 4302 2739 4372 συνηγορίας
2774 4299 3153 4370 εὐρίσκουσαι.

2493 4371 3002 4461 Ἐξετασθήσονται,
3021 4387 3117 4440 καὶ
3137 4385 3424 4456 ἄρχοντες,
3441 4379 3539 4434 καὶ
3569 4373 3828 4430 δικασταὶ
3852 4371 3998 4442 μετὰ

2415 4487 2621 4557 πολλῆς
2650 4485 2751 4554 τῆς
2792 4480 3104 4552 ἀκριϐείας.
3159 4477 3255 4529 καὶ
3309 4471 3746 4542 γνωσθήσονται,
3812 4465 3866 4518 εἰ
3919 4462 3998 4557 μὴ

695 4580 1112 4649 ιουττιιρονίιιι;
1145 4556 1277 4634 num
1327 4579 1506 4650 gratia
1539 4556 1729 4643 illecti,
1761 4576 1846 4632 vel
1873 4577 2001 4631 odio
2021 4573 2298 4646 commoti,

2409 4556 2728 4647 διέφθειραν
2754 4574 2814 4627 τδ
2842 4573 3084 4627 δίκαιονο
3115 4569 3165 4621 εἰ
3194 4567 3268 4637 μὴ
3307 4562 3654 4658 πρδςῄχάριν,
3688 4556 3997 4658 μηδὲ-πρὸς

724 4670 1077 4740 litigantibus
1107 4649 1439 4726 sententiam
1467 4669 1746 4733 dixerint;
1779 4683 1848 4721 an
1894 4665 2298 4722 adulationibus

2412 4670 2719 4740 ἀπέχθειαν
2773 4664 3116 4736 ἐψηφίσαντο
3169 4659 3284 4721 τοῖς
3320 4654 3735 4723 δικαζομένοις’
3798 4651 3849 4702 εἰ
3923 4649 3998 4717 μὴ

724 4760 963 4827 seducti,
1004 4759 1360 4816 remissiores
1419 4775 1586 4830 quam
1649 4773 1748 4829 par
1777 4765 1927 4813 esset
1957 4755 2200 4820 fuerint;
2239 4768 2306 4806 an

725 4851 997 4907 malevolo
1043 4852 1232 4908 animo
1259 4860 1428 4921 atque
1457 4851 1690 4906 ultionis
1717 4847 1945 4921 cupido,
1989 4849 2060 4904 iis
2089 4846 2183 4916 qui
2229 4846 2310 4900 ni-

726 4943 801 4996 liil
835 4943 1064 4999 sceleris
1099 4942 1470 5008 admiserunt,
1501 4941 1812 4996 calumnias
1856 4937 2185 4996 struxerint.

800 5030 1148 5101 Euagrii.-—
1177 5029 1598 5101 lniquusjudex
1628 5031 2004 5086 contaminata
2021 5027 2311 5083 conscien-

730 5127 809 5181 tia
840 5133 944 5182 est.

1069 5216 1206 5274 ΤΙΤ.
1247 5217 1364 5272 XX.
1397 5245 1468 5255 —
1493 5215 1573 5270 De
1594 5222 1770 5285 probis
1802 5216 1987 5269 servis.

806 5307 966 5364 Prov.
1026 5325 1164 5375 xvii,
1221 5308 1381 5364 2.-
1436 5326 1454 5359 ι
1492 5305 1696 5364 Servus
1763 5306 2012 5377 prudens
2078 5304 2316 5360 dominis

733 5401 921 5456 stultis
952 5401 1269 5472 imperabit.
1307 5419 1326 5451 ι

806 5492 988 5562 Prov.
1036 5509 1149 5559 xiv,
1207 5495 1296 5548 15.
1336 5525 1407 5534 -
1442 5512 1460 5545 ι
1495 5492 1650 5548 Servi
1710 5490 1981 5560 sapientis
2040 5499 2319 5557 prospera:

735 5595 902 5640 erunt
921 5584 1194 5650 actiones,
1228 5595 1281 5639 et
1312 5585 1627 5658 dirigentur
1680 5583 1784 5638 via:
1833 5582 1991 5652 ejus.
2027 5577 2320 5649 Sapientes

737 5674 884 5730 servi
902 5673 1144 5728 dominis
1162 5673 1280 5728 suis
1323 5673 1523 5728 (ωηοεί
1555 5671 1786 5726 dabunt.
1825 5688 1843 5720 ι

817 5761 992 5817 Eccle.
1025 5778 1079 5827 v,
1111 5763 1199 5817 ιι.
1225 5793 1292 5806 --
1333 5782 1350 5815 ι
1392 5762 1579 5819 Dulcis
1613 5770 1700 5817 est
1728 5775 1957 5817 somnus
1991 5770 2168 5822 servo,
2207 5756 2321 5811 sive

740 5855 1045 5935 paululum,
1086 5857 1200 5914 sive
1228 5856 1350 5925 plus
1381 5853 1698 5912 comederit.
1733 5872 1751 5906 ι

2417 4761 2846 4823 κολακευθέντες
2885 4755 3156 4811 ἐνέδωκαν
3202 4750 3341 4820 πρὸς
3369 4748 3431 4801 τὺ
3462 4747 3617 4800 δέονο
3649 4744 3700 4796 εἰ
3734 4742 3811 4814 μὴ
3859 4758 3997 4811 μνη-

2420 4850 2778 4912 σικακοῦντες
2798 4845 3119 4916 ἑπηρέασαν
3148 4842 3263 4904 τοῖς
3299 4837 3452 4892 οὐδὲν
3480 4831 3829 4904 ἠδικηκόσιν.

2491 5025 2710 5087 Ἄδικος
2735 5023 3016 5090 δικαστὴς,
3049 5015 3439 5089 μεμολυσμὲνη
3478 5011 3810 5079 συνείδησις.

2625 5208 2805 5260 ΤΙΤΛ.
2840 5205 2923 5261 κ’.
2957 5235 3025 5247 -
3049 5205 3187 5272 Περὶ
3212 5203 3450 5256 δούλων
3478 5196 3782 5269 χρηστῶν.

2490 5322 2508 5353 ε
2549 5301 2787 5370 Οἰκέτης
2813 5300 3033 5370 νοήμων
3057 5299 3325 5369 κρατήσει
3358 5292 3636 5347 δεσποτῶν
3667 5290 3944 5358 ἀφρόνων.
3976 5307 3992 5338 ι

2495 5501 2514 5536 r
2557 5482 2785 5537 Οἰκὲτου
2821 5480 2988 5550 σοφοῦ
3042 5478 3214 5533 εὖοδοι
3282 5477 3498 5531 ἔσονται
3570 5473 3836 5543 πράξεις,
3908 5470 4002 5523 καὶ

2421 5573 2956 5642 κατευθυνθήσονται
3006 5573 3065 5624 αἱ
3110 5570 3222 5624 ὁδοὶ
3301 5567 3493 5622 αὑτοῦ.
3568 5565 3790 5620 Οἰκέταν
3845 5563 3999 5632 σοφοὶ

2426 5667 2577 5730 ἰδξοις
2604 5666 2893 5727 δεσπόταις
2920 5663 3279 5718 δανετσουσιν.
3322 5682 3340 5713 ι

2504 5778 2522 5810 ι
2562 5759 2774 5821 Γλυκὺς
2823 5758 2852 5808 ὁ
2907 5755 3075 5820 ὕπνος
3126 5755 3220 5812 τοῦ
3246 5754 3458 5818 δούλου,
3493 5754 3541 5807 εἰ
3590 5749 3796 5820 ὀλίγον,
3828 5747 3924 5803 καί
3959 5746 3998 5798 si

2429 5851 2560 5904 πολῦ
2595 5851 2847 5911 φάγεται.
2885 5869 2904 5902 ι
