4210 6448
249 429 375 494 1401

1501 433 1739 492 SACRA
1782 432 1974 491 ΡΑΗΛ
1984 430 2241 495 LLELA.

3359 431 3501 507 i403

319 566 337 598 ι
372 546 462 616 Μὴ
491 542 747 616 κακὼσῃς
786 545 1007 618 οίκέτην
1056 532 1427 617 δργαζόμενον
1474 548 1531 599 ὲν
1561 546 1811 617 ἀληθεία.

1992 545 2158 598 ιιι-ιη’.
2200 557 2294 609 vn,
2331 542 2420 596 22.
2447 573 2517 581 —
2548 561 2565 592 ι
2605 540 2681 595 Nc
2715 542 2892 601 caedas
2912 544 3139 599 servum
3175 558 3490 615 operantem

244 639 474 705 Οἰκέτην
517 638 736 689 συνετὸν
768 638 1039 706 ἀγαπάτω
1067 656 1162 692 σου
1188 640 1231 709 ἡ
1252 638 1421 709 ψυχὴ,
1454 641 1547 692 καὶ
1590 640 1666 709 μὴ
1698 656 1817 693 στε-

244 730 308 799 ρή
319 744 414 801 σῃς
436 728 599 781 αὑτὸν
623 728 959 798 ἐλευθερίας.
988 748 1006 780 ι

319 838 337 871 ι
377 818 578 887 Οίκέτῃ
606 818 811 889 συνετῷ
835 819 1113 891 ἐλεύθεροι
1136 822 1566 893 ὑπουργήσουσι.
1616 840 1633 873 ι

316 926 349 960 ε’
387 911 450 963 Ol
481 909 679 975 δοῦλοι,
714 910 1019 964 ὑπακούετε
1051 914 1162 975 τοῖς
1203 912 1345 983 κατά
1386 916 1567 982 σάρκα
1604 913 1814 983 κυρίοις

243 1001 414 1071 ὑμῶν,
450 1003 589 1071 μετά
614 1001 779 1069 φόὸου
816 984 912 1055 καὶ
959 1002 1164 1073 τρόμου
1209 1006 1266 1057 ὲν
1293 982 1560 1073 ἀδπλότητι
1589 982 1815 1074 καρδίας

242 1092 394 1160 ὑμῶν
437 1092 514 1155 ὡς
561 1093 804 1162 Χριστῷ,
866 1094 940 1162 μὴ
992 1094 1117 1146 κατ’
1176 1094 1698 1163 όφθαλμοδουλείαν,
1741 1095 1815 1158 ὡς

241 1184 724 1255 ἀνθρωπάρεσκοι,
754 1185 871 1239 ἀλλ’
900 1185 973 1249 ὡς
1004 1186 1180 1241 δοῦλοι
1221 1188 1495 1257 Χριστοῦ·
1534 1188 1814 1251 ποιοῦντες

239 1276 299 1328 τὸ
327 1275 540 1347 θέλημα
565 1276 659 1329 τοῦ
685 1276 823 1329 Θεοῦ
849 1278 913 1330 ὲκ
939 1278 1140 1346 ψυχῆς,
1169 1278 1287 1347 μετ’
1305 1278 1520 1341 εὐνοίας
1535 1277 1815 1332 δουλεύον-

238 1383 329 1428 τες
382 1367 459 1430 ὡς
508 1366 585 1438 τῷ
617 1367 831 1439 Κυρίῳ,
871 1369 968 1421 καὶ
996 1369 1096 1422 οὑκ
1137 1368 1446 1440 ἀνθρώποιο
1481 1369 1682 1433 εἰδότες
1731 1371 1813 1423 ὅτι

239 1457 468 1521 ἕκαστος
496 1459 525 1512 δ
554 1458 651 1512 ἐὰν
688 1461 887 1531 ποιήσῃ
914 1459 1138 1527 ἀγαθὸν,
1169 1460 1329 1514 τοῦτο
1358 1464 1629 1532 κομιεῖται
1664 1462 1815 1533 παρά

239 1546 470 1617 Κυρίου,
501 1547 612 1601 εἴτε
647 1546 855 1612 δοῦλος,
884 1548 998 1600 εἴτε
1032 1548 1340 1619 ἐλεύθερος.
1378 1568 1397 1600 ι

310 1741 329 1774 ι
374 1725 437 1777 Oi
469 1724 671 1790 δοῦλοι,
698 1725 1009 1779 ὑπακούετε
1049 1729 1163 1789 τοῖς
1192 1726 1336 1780 κατά
1359 1726 1539 1797 σάρκα
1574 1725 1809 1796 κυρίοις,

239 1815 312 1884 μὴ
343 1816 401 1867 ὲν
429 1814 922 1888 όφθαλμοδουλείᾳ,
972 1818 1047 1881 ὡς
1093 1817 1571 1889 ἀνθρωπάρεσκοι,
1614 1818 1728 1875 ἀλλ’
1755 1820 1811 1870 ἐν

237 1907 501 1976 ἁπλότητι
562 1909 813 1978 καρδίας,
853 1909 1185 1979 φοϐούμενοι
1242 1910 1334 1963 τὸν
1363 1909 1590 1981 Κύριον.
1629 1912 1694 1963 Ὃ
1719 1910 1814 1965 ἐὰν
1844 1891 1886 1946 Β

237 2000 447 2069 ποιῆτε,
481 2002 546 2054 ἐκ
583 2001 762 2071 ψυχῆς
793 2000 1118 2072 ἐργάζεσθε,
1148 2001 1224 2064 ὼς
1252 2000 1330 2071 τῷ
1352 2002 1563 2070 Κυρίῳ,
1607 2002 1701 2053 καὶ
1718 2002 1816 2053 οὑκ

235 2090 541 2162 ἀνθρώπῳ.
601 2093 804 2156 εἰδότες
840 2094 922 2146 δτι
982 2092 1135 2162 παρά
1198 2093 1405 2163 Κυρίου
1456 2091 1689 2161 λήψεσθε
1714 2093 1815 2163 τὴν

234 2184 299 2237 ἀν
313 2183 615 2239 ;απόδοσιν.
656 2202 675 2235 ι

309 2294 327 2328 ι
360 2277 517 2329 Ὅσοι
548 2278 689 2330 είσὶν
717 2277 823 2330 ὑπὸ
852 2277 1015 2345 ζυγὸν
1041 2276 1243 2339 δοῦλοι,
1274 2276 1401 2339 τοὺς
1433 2275 1596 2338 ίδέους
1632 2273 1814 2327 δεσπό-

234 2385 333 2432 τας
384 2368 567 2439 πάσῃς
613 2370 780 2439 τιμῆς
832 2369 1017 2433 ἀξίους
1067 2368 1438 2437 ἡγεισθωσαν,
1492 2368 1577 2419 ἵνα
1616 2366 1691 2435 μὴ
1754 2366 1815 2418 τὸ

234 2462 403 2532 ινομα
458 2462 555 2516 τοῦ
608 2460 767 2527 Θεοῦ,
821 2463 918 2515 καὶ
962 2464 994 2531 ἡ
1034 2460 1355 2515 διδασκαλία
1398 2459 1811 2531 βλασφημῆται.

236 2555 299 2606 Οἱ
330 2553 388 2606 δὲ
426 2554 651 2617 πιστοὺς
679 2553 896 2623 ἔχοντες
920 2552 1211 2614 δεσπότας,
1258 2550 1332 2619 μὴ
1374 2548 1815 2619 καταφρονείτω-

238 2662 353 2711 σαν,
386 2646 468 2700 ὅτι
496 2645 718 2713 ἀδελφοί
762 2647 901 2698 εἰσιν
922 2664 933 2675 ·
967 2644 1101 2698 ἀλλά
1159 2643 1359 2713 μᾶλλον
1392 2641 1810 2702 δουλευέτωσαν,

235 2738 318 2796 δτι
348 2738 531 2791 πιστοί
575 2739 682 2790 είσι
737 2738 832 2793 καὶ
876 2737 1171 2807 ἀγαπητοὶ,
1216 2735 1308 2789 καὶ
1358 2733 1459 2802 τῆς
1490 2733 1814 2802 εὐεργεσίας

235 2829 782 2899 ἀντιλαμϐανόμενοι.
823 2848 841 2880 ι

310 2938 329 2969 ι
377 2920 443 2971 Oi
475 2919 707 2985 οἰκέται,
738 2918 1173 2988 ὑποτασσόμενοι
1218 2918 1276 2969 ὲν
1307 2917 1471 2970 παντὶ
1519 2916 1670 2985 φόϐῳ
1702 2919 1813 2979 τοῖς

235 3009 532 3073 δεσπόταις
583 3011 761 3081 ὑμῶν,
792 3012 854 3064 οὐ
888 3010 1051 3081 μόνον
1084 3008 1311 3078 ἀγαθοῖς
1338 3010 1435 3063 καὶ
1490 3009 1811 3069 ἐπιεικέσιν,

234 3102 371 3155 ἀλλὰ
402 3102 498 3154 καὶ
528 3106 640 3164 τοῖς
676 3101 933 3163 σκολιοῖς.
977 3099 1149 3153 Τοῦτο
1203 3100 1312 3170 γὰρ
1349 3101 1509 3171 χάρις
1544 3101 1697 3170 παρά
1736 3101 1813 3169 τῷ

234 3193 371 3263 Θεῷ,
407 3195 457 3245 εί
485 3193 572 3247 διά
632 3193 936 3263 συνείδησιν
991 3192 1129 3246 Θεοῦ
1175 3193 1439 3263 ὑποφέρει
1484 3208 1567 3255 τις
1612 3191 1811 3254 λύπας,

235 3286 461 3355 πάσχων
490 3285 714 3347 ἀδίκως.
750 3303 769 3336 ι

301 3378 363 3431 οι
426 3376 635 3429 οἰκέται
682 3374 757 3446 μὴ
813 3373 1165 3443 φευγέτωσαν
1215 3374 1419 3426 εὐνοεῖν
1463 3375 1579 3435 τοῖς
1609 3370 1806 3424 δεσπό-

235 3486 377 3534 ταις.
424 3468 743 3539 Ἐλεύθερον
771 3468 865 3521 καὶ
886 3467 1074 3520 δοῦλον
1094 3468 1122 3521 ό
1144 3469 1346 3535 τρόπος
1368 3467 1589 3536 γράφει.

405 3704 587 3756 ΤΙΤΛ.
622 3703 751 3757 KA'.
782 3730 850 3743 ——
875 3702 1015 3772 Περὶ
1049 3702 1287 3757 δούλων
1317 3700 1613 3769 πονηρῶν.

310 3837 330 3890 ς
365 3818 560 3882 Λόγοις
589 3818 650 3870 οὐ
687 3815 1099 3886 παιδευθήσεται
1124 3816 1342 3886 οἰκέτης
1383 3815 1635 3888 σκληρός.
1681 3817 1804 3870 Ἐὰν

228 3914 337 3983 γάρ
362 3910 463 3964 καὶ
488 3910 676 3980 νοήσῃ,
696 3909 809 3961 ἀλλ’
834 3910 933 3978 οὐχ
961 3909 1313 3962 ὑπακούεται.
1341 3928 1361 3960 ι

301 4110 322 4145 ι
352 4089 730 4161 Χορτάσματα
759 4088 854 4140 καὶ
888 4086 1080 4157 ῥάϐδος
1106 4086 1233 4156 δνῳ,
1274 4087 1439 4157 ἄρτος
1461 4085 1537 4149 δὲ,
1564 4087 1655 4138 καὶ
1678 4102 1801 4138 παι-

225 4181 366 4247 δεία,
429 4178 525 4233 καλ⁵
582 4177 742 4249 ἔργον
796 4175 1001 4247 οἰκέτῃ.
1036 4177 1311 4245 Ἐργασαι
1340 4178 1398 4227 ὲν
1435 4176 1672 4245 παιδεία,
1709 4178 1801 4229 καὶ

226 4274 486 4344 εὑρήσεις
536 4270 861 4323 ἀνάπαυσιν.
895 4268 1057 4331 ⁹’Δνες
1117 4256 1304 4337 χεῖρας
1332 4267 1482 4335 αὐτῷ
1510 4307 1525 4329 ,
1583 4270 1677 4320 καὶ
1704 4267 1800 4337 ζη-

225 4368 383 4437 τήσει
439 4363 773 4433 ἐλευθερίαν.
835 4360 1008 4429 Ζυγδς
1055 4350 1147 4413 καὶ
1189 4360 1320 4428 ἱμὰς
1346 4358 1617 4428 τράχηλον
1652 4358 1797 4428 κάμ-

224 4459 415 4528 ψουσι,
438 4457 534 4510 καὶ
561 4455 748 4527 οἰκέτῃ
772 4451 1068 4522 κακούργῳ
1123 4449 1381 4519 στρέὸλαι
1427 4452 1518 4502 καὶ
1551 4448 1793 4518 βάσανοι.

228 4510 508 4620 2ἓξμὸάλλε
543 4510 806 4607 αύτδνέίς
837 4510 1121 4614 ἐργασίαν,
1166 4510 1252 4594 ἵνα
1299 4541 1372 4610 μὴ
1398 4510 1561 4611 ἁργῇί
1594 4539 1798 4609 Πολλὴν
1831 4510 1877 4573 ο

233 4643 334 4714 γὰρ
358 4641 559 4694 κακίαν
583 4636 822 4701 ἐδίδαξεν
851 4638 885 4706 ἡ
916 4634 1105 4704 ἀργία.
1141 4653 1158 4686 ι

301 4752 320 4785 ι
351 4734 579 4785 Οίκέτου
634 4726 874 4798 πονηροῦ
928 4726 1002 4797 μὴ
1028 4722 1323 4794 αἰσχυνθῇς
1356 4721 1597 4792 πλευρὰν
1631 4722 1794 4791 αἱμά-

258 4842 334 4877 αι.
401 4842 420 4873 ι

224 4825 334 4890 ξαι.
401 4842 420 4873 ι

288 4916 504 4970 Δούλων
560 4914 797 4983 ὑπάρχει
844 4910 1031 4965 κακῶν
1076 4910 1290 4963 ἀθετεῖν
1320 4907 1662 4968 δεσποτείαν,
1702 4907 1793 4959 καὶ

221 5009 615 5062 ἐπανίστασθαι
640 5005 941 5075 κυριότητι,
958 5004 1052 5063 καὶ
1083 5002 1366 5072 ὁμόδουλον
1395 5001 1601 5062 ἑαυτοῖς
1624 5002 1796 5052 ποιεῖν

228 5104 310 5157 τὸν
341 5101 645 5171 ἐλεύθερον.

288 5279 478 5341 Οὐδεὶς
507 5277 683 5343 οὑτως
714 5277 979 5348 μέμηνεν,
1043 5276 1119 5339 ὡς
1166 5274 1353 5337 δοῦλος
1386 5273 1481 5338 ὢν,
1520 5268 1792 5325 ἐναντιοῦ-

226 5369 342 5422 ιθαι
367 5368 626 5441 δεσπότῃ.

381 5527 565 5580 ΤΙΤΛ.
597 5526 726 5579 ΚΒ’.
752 5557 822 5567 —
852 5524 991 5593 Περὶ
1023 5521 1621 5594 δυσαρεστουμένων.

300 5656 321 5688 ε
360 5632 434 5690 Ὠ
461 5640 510 5691 oi
542 5638 964 5709 εὐφραινόμενοι
983 5640 1070 5691 ἐπ’
1102 5638 1278 5692 οὐδενὶ
1311 5638 1474 5706 λόγῳ.
1516 5655 1533 5687 ι

298 5748 317 5779 ι
352 5730 470 5783 Τίνι
501 5730 753 5799 ὁμοιώσω
781 5722 907 5793 τοὺς
936 5726 1257 5799 ἀνθρώπους
1297 5731 1395 5798 τῆς
1426 5728 1619 5796 γενεᾶς
1655 5724 1787 5778 ταύ-

227 5835 362 5879 τηςξ
398 5821 612 5887 ’Ὁμοιοί
660 5822 764 5875 είσι
825 5822 1055 5883 παιδίοις
1104 5824 1160 5875 ἐν
1213 5822 1386 5891 ἀγορᾷ
1434 5818 1784 5884 καθημένοις,

1921 637 1975 691 in
2009 638 2261 692 veritate.
2307 634 2537 691 Servum
2578 645 2862 689 sensatum
2925 636 3120 707 diligat
3158 638 3340 692 anima
3369 648 3485 696 tua.

1929 727 2008 784 Ne
2036 727 2328 783 defraudes
2354 726 2507 781 illum
2544 725 2819 781 libertate.
2864 745 2882 778 ι

1989 818 2157 874 Eccli.
2183 835 2237 882 κ,
2271 818 2435 872 28.-—
2467 836 2485 870 ι
2509 818 2675 873 Servo
2718 824 2939 873 sensato
2972 819 3124 874 liberi
3170 820 3428 875 servient.
3472 841 3492 873 ι

1989 910 2181 979 Ephes.
2217 926 2293 973 vi,
2343 910 2456 964 5-7.
2488 939 2557 950 -—-
2591 926 2610 959 ι
2647 907 2826 976 Servi,
2858 906 3076 963 obedite
3111 908 3351 965 dominis
3400 926 3490 965 ve-

1917 1004 2051 1059 stris
2101 1002 2440 1067 carnalibus,
2506 1016 2630 1056 cum
2667 1001 2866 1054 timore
2895 1008 2946 1055 et
2976 1007 3238 1060 tremore.
3272 1000 3327 1055 in
3359 1002 3494 1055 sim-

1928 1094 2175 1165 plicitate
2241 1093 2426 1148 cordis
2482 1091 2679 1151 vestri,
2746 1092 2889 1145 sicut
2943 1090 3169 1146 Christo
3205 1131 3219 1151 .
3261 1106 3367 1146 non
3426 1094 3493 1148 ad

1918 1186 2139 1239 oculum
2173 1184 2497 1245 servientes,
2535 1191 2798 1249 tanquam
2831 1181 3155 1236 hominibus
3189 1181 3490 1251 placentes,

1915 1276 2010 1332 sed
2070 1285 2132 1329 ut
2168 1256 2311 1330 servi
2344 1274 2575 1335 Christi,
2630 1273 2897 1327 facientes
2937 1273 3276 1328 voluntatem
3305 1271 3493 1329 Deiex

1915 1370 2123 1431 animo,
2174 1383 2299 1421 cum
2336 1367 2477 1421 bona
2520 1366 2809 1419 voluntate
2841 1364 3153 1419 servientes
3183 1364 3330 1420 sicut
3385 1362 3495 1419 Do-

1914 1459 2086 1521 mino,
2135 1467 2189 1513 et
2218 1473 2327 1513 non
2356 1458 2564 1511 homini
2602 1476 2615 1511 :
2652 1457 2895 1511 scientes
2921 1453 3069 1525 quod
3116 1455 3495 1523 unusquisque

1912 1550 2285 1619 quodcunque
2308 1548 2503 1603 fecerit
2527 1549 2757 1610 bonum,
2780 1548 2884 1601 hoc
2914 1544 3145 1616 recipiet
3176 1558 3211 1600 τι
3242 1545 3490 1609 Domino,

1912 1641 2028 1696 sive
2057 1656 2272 1703 servus,
2295 1640 2413 1696 sive
2443 1640 2601 1695 liber.
2642 1657 2662 1691 ι
3445 1671 3449 1675 ν

1984 1732 2190 1790 Colon.
2219 1750 2301 1801 ιιι,
2322 1733 2413 1797 22,
2446 1732 2537 1788 25.
2560 1760 2630 1771 -—
2657 1751 2675 1782 ι
2715 1730 2892 1796 Servi,
2928 1728 3144 1785 obedite
3180 1744 3277 1797 per
3306 1726 3491 1782 omnia

1912 1825 2154 1882 dominis
2215 1825 2564 1887 carnalibus,
2607 1836 2719 1877 non
2756 1822 2824 1877 ad
2886 1821 3109 1876 oculum
3161 1819 3489 1879 servientes.

1914 1919 2073 1990 quasi
2124 1918 2442 1973 hominibus
2506 1915 2811 1986 placentes,
2864 1911 2962 1969 sed
3017 1911 3085 1977 {in
3136 1910 3492 1979 simplicitate

1914 2012 2098 2066 cordis
2152 2012 2413 2066 timentes
2469 2008 2662 2065 Deum.
2722 2006 3107 2075 Quodcunque
3164 2002 3371 2066 facitis.
3423 2017 3490 2056 ex

1914 2104 2099 2157 animo
2156 2102 2485 2171 operamini,
2543 2101 2690 2154 sicut
2740 2098 2992 2161 Domino,
3023 2105 3077 2152 et
3112 2111 3223 2150 non
3249 2094 3484 2156 homini,

1914 2194 2148 2250 scientes
2176 2194 2319 2262 quod
2349 2207 2378 2245 a
2402 2192 2633 2247 Domino
2667 2189 2956 2259 accipietis
2988 2188 3428 2242 retributionem.
3466 2206 3484 2237 ι

1986 2284 2016 2338 1
2049 2285 2187 2340 Tim.
2212 2299 2288 2347 vl,
2328 2284 2381 2347 1,
2414 2284 2471 2337 2.
2500 2312 2572 2324 —
2603 2302 2621 2334 ι
2660 2282 2989 2350 Quicunque
3019 2290 3157 2355 sunt
3204 2280 3309 2335 sub
3356 2280 3489 2350 jugo

1914 2373 2085 2436 serti,
2112 2373 2368 2428 dominos
2392 2387 2523 2426 suos
2563 2371 2716 2424 omni
2749 2371 2959 2423 honore
2986 2368 3184 2434 dignos
3211 2367 3489 2421 arbitren-

1913 2474 2026 2527 tnr,
2067 2479 2135 2519 ne
2166 2479 2365 2518 nomen
2402 2461 2622 2517 Domini
2674 2468 2731 2517 et
2760 2459 3014 2515 doctrina
3056 2460 3485 2529 blasphemetur.

1912 2556 2212 2622 Quiautem
2239 2555 2428 2610 ﬁdeles
2450 2555 2655 2609 habent
2678 2554 2952 2616 dominos.
2974 2537 3081 2607 non
3107 2559 3486 2612 conteinnart,

1912 2643 2038 2713 quia
2082 2643 2284 2697 fratres
2344 2650 2511 2707 sunt;
2544 2641 2639 2697 sed
2674 2642 2847 2707 magis
2886 2639 3153 2704 serviant,
3196 2637 3325 2708 quia
3358 2636 3489 2692 iide—

1914 2738 1993 2792 Ies
2016 2745 2166 2802 sunt,
2199 2745 2255 2790 et
2285 2731 2471 2789 dilecti
2499 2744 2552 2787 et
2590 2731 2845 2788 beneficii
2873 2730 3191 2802 participes.
3222 2748 3242 2782 ι

1985 2901 2014 2956 1
2044 2901 2188 2955 Ροιν.
2219 2918 2277 2963 ιι,
2328 2902 2413 2955 18.
2436 2932 2507 2941 —-
2532 2920 2550 2953 ‹
2583 2900 2762 2966 Servi,
2790 2900 2994 2955 subditi
3042 2907 3220 2955 estote
3252 2900 3305 2953 in
3336 2900 3485 2955 omni

1915 2994 2112 3046 timore
2144 2993 2387 3047 dominis
2422 2992 2644 3057 vestris,
2687 3007 2796 3045 non
2825 3000 3034 3045 tantum
3064 2991 3224 3047 bonis
3254 2998 3309 3046 et
3367 3006 3485 3044 mo-

1913 3084 2107 3148 destis,
2174 3083 2270 3138 sed
2338 3084 2502 3137 etiam
2562 3082 2767 3152 pravis.
2819 3080 2944 3137 Haec
2986 3091 3071 3138 est
3097 3084 3244 3138 enim
3309 3083 3485 3153 gratia

1917 3178 2061 3246 apud
2092 3174 2283 3239 Deum,
2328 3175 2372 3230 si
2429 3184 2657 3244 propter
2697 3175 3093 3230 conscientiam
3122 3175 3216 3230 Dei
3244 3175 3487 3231 sustinet
3596 3250 3603 3260 .

1916 3268 2044 3338 quis
2079 3266 2409 3335 injustitias,
2445 3267 2662 3333 patiens
2700 3266 2925 3335 injuste.
2962 3284 2981 3317 ι

1986 3356 2045 3411 S.
2105 3356 2259 3425 Creq.
2305 3354 2446 3408 Naz.
2507 3365 2629 3409 tetr.
2669 3356 3030 3412 35.—Servi
3087 3374 3154 3412 ne
3215 3357 3487 3429 refugiant

1916 3449 2352 3504 benevolentiam
2425 3447 2666 3501 dominis
2721 3447 3003 3503 exhibere.
3067 3446 3369 3519 ingenuum
3430 3460 3487 3507 et

1916 3556 2137 3596 servum
2165 3555 2345 3595 mores
2374 3540 2711 3609 exprimunt.

2226 3692 2363 3747 ΤΙΤ.
2392 3690 2535 3746 XXI.
2570 3721 2639 3732 —
2666 3691 2741 3745 De
2771 3693 2928 3745 malis
2959 3695 3141 3749 servis.

1983 3810 2123 3864 Prov
2182 3824 2337 3869 nix,
2378 3806 2467 3861 19.
2499 3836 2572 3846 ——
2623 3823 2641 3854 ι
2671 3806 2876 3861 Servus
2911 3806 3086 3863 durus
3133 3807 3482 3863 sermonibus

1910 3918 2017 3955 non
2037 3899 2315 3954 eruditur.
2352 3896 2484 3951 Nam
2502 3911 2759 3966 quamvis
2787 3896 3139 3959 intellexerit.
3172 3911 3280 3953 non
3300 3905 3480 3952 tamen

1913 3992 2152 4046 obediet.
2188 4008 2208 4041 ι

1979 4082 2145 4136 Eccli.
2206 4096 2424 4145 xuiu,
2472 4078 2661 4135 25-29.
2715 4108 2787 4121 ——
2852 4098 2871 4131 ί
2924 4079 3160 4135 Cibaria
3208 4091 3262 4136 et
3328 4082 3479 4152 virga

1904 4178 2085 4237 asino,
2130 4190 2289 4245 panis
2328 4182 2534 4240 autem,
2578 4181 2632 4227 et
2670 4172 2987 4241 disciplina,
3039 4181 3093 4227 et
3121 4188 3260 4243 opus
3295 4190 3475 4231 servo.

1901 4268 2142 4338 Operarc
2173 4267 2227 4319 in
2259 4279 2450 4334 puero,
2476 4274 2531 4317 et
2566 4259 2811 4317 invenies
2856 4264 3123 4332 requiem.
3172 4262 3320 4317 Laxa
3365 4278 3480 4321 ma-

1901 4375 2007 4413 nus
2062 4359 2159 4418 illi.
2217 4366 2271 4410 ct
2305 4363 2515 4426 quaeret
2564 4355 2903 4409 libertatem.
2940 4352 3152 4424 Jugum
3193 4365 3248 4409 et
3295 4356 3476 4419 lorum

1902 4451 2105 4504 collum
2157 4448 2557 4511 incurvabunt,
2608 4453 2663 4499 et
2697 4460 2858 4499 servo
2896 4460 3129 4514 nequam
3168 4453 3397 4501 tortum
3420 4454 3474 4506 et

1903 4539 2219 4609 Compedes.
2281 4538 2428 4591 Mitte
2471 4536 2626 4589 illum
2663 4536 2717 4589 in
2751 4538 3158 4606 operationem,
3192 4552 3260 4591 ne
3294 4545 3466 4593 vacet.

1901 4627 2125 4683 Multam
2153 4626 2298 4681 enim
2331 4625 2595 4678 malitiam
2628 4625 2815 4678 docuit
2850 4625 3126 4679 otiositas.
3166 4644 3184 4676 ι

1970 4716 2138 4789 448
2169 4715 2335 4768 Eccli.
2366 4730 2538 4779 uvu,
2592 4715 2645 4769 5.
2680 4743 2751 4755 ~—
2778 4732 2796 4766 ι
2836 4713 3006 4769 Servo
3045 4715 3287 4783 pessimo
3318 4730 3386 4770 ne
3417 4725 3471 4772 te

1900 4810 2102 4877 pudeat
2138 4807 2282 4860 latus
2314 4804 2668 4874 sanguinare.
2708 4822 2727 4855 ι

1969 4896 2025 4953 S.
2073 4898 2230 4967 (ἆνερ.
2288 4894 2430 4948 Naz.
2486 4905 2630 4949 orat.
2685 4895 3121 4950 L—Malornm
3175 4913 3461 4954 servorum

1898 4998 1985 5044 est
2018 4990 2310 5060 imperium
2346 4987 2601 5054 rejicere,
2644 4995 2698 5042 et
2729 4988 2996 5043 adversus
3027 4987 3460 5044 dominationem

1899 5082 2210 5153 insurgere,
2237 5094 2474 5148 eumque
2505 5079 2599 5149 qui
2621 5079 2761 5134 liber
2786 5086 2892 5146 est,
2919 5080 2970 5132 in
2995 5079 3249 5134 servilem
3271 5094 3459 5140 secum

1897 5175 2146 5231 ordinem
2188 5173 2455 5241 redigere.

1965 5264 2228 5321 Philonis.
2263 5262 2546 5318 —Nullus
2582 5263 2656 5316 ita
2688 5263 2921 5319 insanus
2970 5271 3076 5329 est,
3106 5262 3305 5332 utqui,
3338 5276 3456 5318 ser-
3538 5257 3541 5261 “

1900 5374 1999 5413 vus
2029 5371 2151 5411 cum
2178 5355 2275 5420 sit,
2301 5354 2580 5411 adversari
2614 5354 2838 5410 domino
2869 5370 2977 5427 non
3015 5368 3250 5409 veretur.

2265 5510 2399 5565 'l‘lT.
2428 5508 2594 5565 XXII.
2625 5538 2693 5554 --
2722 5509 2799 5563 De
2828 5510 3073 5564 morosis.

1965 5639 2124 5683 Amos
2156 5626 2333 5690 v1.14.
2358 5656 2425 5667 ——
2457 5644 2475 5675 ι
2502 5625 2654 5696 Oqui
2682 5625 2945 5679 laetemini
2965 5627 3021 5679 in
3049 5627 3199 5680 nullo
3217 5627 3402 5682 verbo.
3424 5643 3450 5679 ι

1967 5718 2097 5774 Luc.
2164 5734 2261 5782 vu,
2302 5715 2493 5772 31-54.
2531 5746 2601 5757 -—
2637 5736 2654 5768 ι
2681 5717 2783 5773 Cui
2812 5719 3021 5775 similes
3060 5719 3239 5774 dicam
3272 5719 3451 5773 homi-

1896 5828 1993 5869 nes
2027 5809 2394 5880 generationis
2432 5808 2639 5878 hujus?
2661 5808 2882 5867 Similes
2901 5819 3027 5867 sunt
3051 5810 3235 5881 pueris
3257 5808 3453 5865 seden-
