4210 6448
271 424 408 491 1405

1531 434 1767 495 SACRA
1805 435 2265 496 PARALLELA.

3378 421 3523 488 ιιθθ-

264 535 593 590 ΤΙΤΛ.ΚΕ⁹.
626 567 693 578 -
721 537 859 606 Περί
896 538 1211 609 διαϐόλου,
1272 540 1406 609 ἤτοι
1466 543 1703 598 Σατανᾶ
1746 560 1815 596 κα

1946 542 2081 596 ΤΙΤ.
2120 542 2289 597 XXV.
2319 575 2380 588 -—
2418 540 2494 596 De
2523 540 2759 603 diabolo,
2813 540 2921 595 sive
2949 536 3182 601 Salaria,
3214 546 3263 599 σι
3312 536 3515 593 αωιπο-

882 607 1203 677 δαιμόνων.

328 739 348 772 ι
370 720 638 793 Ἐγενήθη
674 725 731 776 ὲν
760 723 838 796 τῷ
861 720 1002 780 εἶναι
1033 723 1251 794 πνεῦμα
1282 725 1519 794 πονηρὸν
1533 726 1625 778 ἐπὶ
1641 726 1830 790 Σαοὺλ,

254 812 528 883 ἐλάμϐανε
552 816 719 869 Δαϐὶδ
736 817 837 888 τὴν
863 818 1115 889 κινύραν,
1150 819 1245 870 καὶ
1276 817 1501 886 ἔψαλλεν
1525 819 1581 869 ὲν
1602 820 1666 889 τῇ
1692 819 1836 888 χειρὶ

253 904 443 970 αὑτοῦ,
492 908 588 961 καὶ
615 908 853 979 ἀνέψυχε
880 910 1073 976 Σαοὺλ,
1110 910 1204 963 καὶ
1237 910 1507 979 ἀφίστατο
1545 912 1642 965 ἀπ’
1666 911 1832 964 αὐτοῦ

251 990 312 1042 τὸ
345 990 565 1062 πνεῦμα
590 994 652 1046 τὸ
679 996 940 1067 πονηρόν.
982 1016 1000 1049 ι

322 1101 342 1134 ι
387 1085 561 1154 Ἕστη
600 1086 848 1152 διάϐολος
885 1090 944 1143 έν
963 1088 1040 1159 τῷ
1076 1091 1313 1162 Ἰσραὴλ,
1337 1090 1432 1144 καὶ
1460 1091 1711 1145 ἐπέσεισε
1738 1092 1830 1147 τὸν

248 1173 418 1228 Δαϐὶδ
446 1177 756 1249 ἀριθμῆσαι
792 1180 883 1235 τὸν
929 1181 1167 1252 Ἰσραήλ.
1207 1201 1227 1235 ι

321 1286 340 1319 ι
394 1268 461 1321 Ἦ
485 1268 719 1339 δύναμις
760 1271 857 1326 τοῦ
906 1274 1125 1334 Σατανᾶ
1165 1276 1252 1328 ἐπ’
1287 1275 1535 1345 ὀμφαλοῦ
1566 1274 1828 1346 γαστρός.

248 1357 520 1429 Ἔστησεν
570 1361 740 1431 οὐρὰν
790 1362 959 1416 αὑτοῦ
1005 1364 1083 1428 ὡς
1120 1366 1579 1435 κυπαρίσσου,τά
1603 1367 1660 1420 δὲ
1707 1365 1829 1421 νεῦ-

245 1468 315 1522 ρα
339 1451 511 1505 αὐτοῦ
539 1454 964 1524 συμπέπλεκται
990 1454 1185 1528 ὥσπερ
1216 1456 1467 1527 σχοινίον;
1506 1476 1525 1510 ι

318 1561 338 1595 ‹
378 1542 441 1594 'H
495 1544 642 1615 ψυχὴ
692 1545 859 1598 αὑτοῦ
917 1546 1209 1618 ἄνθρακες,
1242 1549 1276 1619 ἡ
1309 1548 1365 1601 δὲ
1414 1548 1611 1621 καρδία
1661 1548 1829 1603 αὐτοῦ

239 1633 492 1704 πέπηγεν
516 1634 707 1706 ὥσπερ
738 1636 977 1707 σίδηρος.
1017 1637 1113 1702 Τίς
1157 1639 1502 1709 ἀποκαλύψει
1533 1641 1830 1711 πρόσωπον

238 1722 505 1787 ἐνδύσεως
562 1726 761 1791 αὑτοῦ,
813 1729 893 1789 εἰς
941 1726 999 1779 δὲ
1037 1729 1235 1798 πτῆξιν
1269 1728 1518 1799 θώρακος
1555 1729 1721 1783 αὑτοῦ
1746 1729 1831 1793 τίς

236 1816 503 1885 είσέλθοι;
533 1818 715 1882 Πύλας
740 1820 1013 1889 στόματος
1052 1820 1159 1891 πρὸ
1207 1821 1500 1892 προσώπου
1535 1822 1700 1876 αὐτοῦ
1739 1824 1823 1887 τίς

2632 610 2807 665 nibus.

2007 727 2039 780 I
2063 726 2188 797 Reg.
2220 724 2531 788 xvi,25.—-
2575 740 2594 773 ι
2633 722 2703 777 Et
2771 719 2976 774 factum
3030 728 3139 786 est,
3194 732 3323 773 cum
3370 724 3515 772 esset

1935 821 2164 889 spiritus
2220 817 2396 871 malus
2438 816 2493 870 in
2552 813 2707 879 Saul,
2745 811 2912 866 David
2959 812 3186 865 tollebat
3242 810 3509 879 cinyratn.

1932 923 1988 968 et
2016 911 2286 984 psallebat
2309 924 2475 964 manu
2505 922 2626 973 sua,
2661 912 2717 960 et
2748 903 3177 959 refocillabatur
3210 899 3367 964 Sani,
3424 912 3513 953 re-

1933 1003 2268 1072 cedebatque
2298 1001 2371 1056 ab
2403 1015 2469 1056 eo
2498 998 2727 1069 spiritus
2771 1010 3031 1066 nequam.
3064 1013 3083 1046 ι

2003 1089 2033 1148 1
2062 1090 2252 1143 Paral.
2310 1105 2427 1150 xxi,
2473 1087 2527 1139 l.
2562 1115 2630 1125 —
2673 1105 2691 1137 (
2720 1083 3082 1141 Consurrexit
3142 1081 3398 1138 diabolus
3456 1078 3545 1132 in.

1931 1182 2119 1247 Israel,
2153 1189 2210 1237 et
2237 1179 2489 1234 incitavit
2512 1185 2574 1231 nt
2604 1186 2931 1232 numeraret
2960 1175 3151 1230 Israel.
3189 1193 3213 1226 ι

2002 1271 2106 1327 Job
2160 1288 2249 1339 τι,
2279 1273 2367 1339 ll,
2403 1271 2492 1324 12.
2511 1270 2621 1322 -ἰ
2661 1266 2956 1323 Fortitudo
2984 1267 3205 1321 Satanae
3240 1267 3295 1320 in
3321 1266 3512 1322 umbi-

1931 1364 2045 1419 lico
2103 1364 2335 1420 ventris.
2381 1361 2619 1417 Strinxit
2677 1360 2915 1416 caudam
2964 1359 3115 1414 velut
3161 1371 3508 1429 cypressum,

1930 1459 2085 1514 nervi
2120 1458 2243 1528 ejus
2267 1456 2536 1523 complexi
2571 1464 2703 1509 sunt
2730 1454 2881 1508 velut
2916 1452 3085 1507 funis.
3128 1470 3149 1503 ι

2004 1550 2106 1605 Job
2170 1562 2293 1612 xu,
2324 1548 2419 1611 21,
2474 1547 2569 1609 ει,
2616 1546 2703 1607 14,
2738 1544 2826 1607 l9,
2857 1543 2946 1599 '50.
2986 1574 3055 1586 -ο
3090 1560 3109 1594 ι
3149 1540 3349 1596 Anima
3389 1538 3510 1609 ejus

1931 1643 2201 1699 carbones
2237 1658 2251 1694 :
2307 1656 2406 1695 cor
2434 1649 2615 1694 autem
2654 1638 2774 1707 ejus
2822 1636 3023 1690 durum
3048 1642 3131 1691 est
3155 1641 3215 1689 ut
3276 1630 3506 1687 ferrum.

1931 1735 2070 1802 Quis
2127 1733 2388 1789 revelabit
2411 1731 2607 1787 faciem
2636 1729 2944 1785 indumenti
2990 1728 3155 1797 ejus?
3186 1726 3239 1780 in
3276 1723 3510 1793 compli-

1933 1828 2206 1883 cationem
2261 1835 2443 1880 autem
2502 1821 2747 1877 thoracis
2795 1820 2918 1887 ejus
2946 1818 3071 1889 quis
3122 1814 3509 1886 ingredietur?

233 1883 722 1982 ἀνοίξειςιΚύκλῳ
776 1883 1004 1965 ὀδόντων
1059 1883 1225 1966 ἀίδτοῦ
1254 1883 1459 1983 ’φόϐος,
1504 1913 1573 1966 τά
1614 1883 1815 1981 ἔγκατά

1929 1918 2129 1973 Portas
2156 1918 2273 1972 oris
2318 1923 2448 1969 ante
2498 1913 2699 1968 faciem
2736 1883 2857 1981 ejus
2881 1883 3009 1981 quis
3033 1883 3284 1978 aperiet?
3313 1906 3372 1959 In
3397 1905 3506 1959 cir-

234 2000 398 2059 αὑτοῦ
418 2002 643 2065 ἀσπίδες
666 2002 882 2072 χαλκαῖ.
909 2005 1005 2057 Ἐκ
1026 2004 1293 2075 στόματος
1314 2004 1480 2058 αὐτοῦ
1496 2005 1824 2075 ἐκπορεύον-

233 2108 320 2153 ται
344 2094 629 2167 λαμπάδες
654 2095 966 2165 καιόμεναι,
992 2095 1087 2149 καὶ
1117 2095 1565 2168 διαρῤιπτοῦνται
1591 2097 1821 2168 ἐσχάραι

232 2187 426 2255 πυρός.
492 2186 588 2238 Ἐκ
639 2188 936 2256 μυκτήρων
981 2185 1147 2239 αὑτοῦ
1211 2185 1573 2257 ἐκπορεύεται
1614 2185 1820 2248 καπνὸς

233 2278 467 2346 καμίνου
496 2278 797 2348 καιομένης
832 2278 967 2346 πυρὶ
1021 2277 1336 2348 ἀνθράκων.
1378 2278 1443 2330 Ἦ
1475 2277 1624 2348 ψυχὴ
1655 2278 1818 2331 αὐτοῦ

232 2368 514 2439 ἄνθρακας
538 2367 740 2438 φλέξει,
796 2368 930 2438 φλὸξ
951 2369 1009 2422 δὲ
1055 2371 1123 2423 ἐκ
1151 2370 1420 2441 στόματος
1447 2371 1611 2424 αὑτοῦ
1651 2373 1815 2425 ἐκπο-

235 2459 472 2531 ρεύεται.
503 2459 857 2531 Ἐμπροσθεν
885 2461 1051 2515 αὑτοῦ
1100 2464 1394 2534 προτρέχει
1444 2464 1710 2519 ἀπώλεια.
1753 2466 1817 2518 Ἥ

235 2554 491 2624 στρωμνὴ
525 2552 689 2605 αὑτοῦ
720 2552 994 2606 ὀϐελίσκοι
1042 2555 1207 2621 ὀξεῖς,
1249 2558 1357 2620 πᾶς
1385 2557 1442 2609 δὲ
1490 2556 1691 2628 χρυσὸς
1723 2556 1818 2615 θα-

231 2643 437 2715 λάσσης
487 2646 579 2698 ὑπ’
609 2645 774 2698 αὑτὸν
799 2644 987 2717 ὥσπερ
1018 2647 1189 2718 πηλὸς
1233 2648 1531 2719 ἀμύθητος.
1571 2667 1590 2700 ι

309 2757 327 2789 ι
366 2738 575 2804 Ἔδειξέ
611 2756 700 2805 μοι
747 2738 950 2811 Κύριος
1020 2739 1232 2810 Ἰησοῦν
1290 2740 1382 2794 τὸν
1415 2742 1575 2813 ίερέα
1605 2740 1815 2794 ἑστῶτα

232 2829 337 2897 πρὸ
385 2828 687 2899 προσώπου
742 2830 978 2899 ἀγγέλου
1032 2832 1283 2902 Κυρίου,
1343 2834 1437 2885 καὶ
1488 2835 1517 2885 6
1570 2832 1817 2895 διάϐολος

233 2922 478 2990 εἱστήκει
504 2922 570 2973 ὲκ
594 2920 784 2985 δεξιῶν
818 2923 1003 2977 αὑτοῦ.
1035 2924 1143 2975 Καὶ
1185 2920 1338 2976 εἶπεν
1369 2927 1396 2977 6
1429 2924 1661 2991 ἄγγελος
1681 2923 1816 2993 πρὸς

230 3014 319 3065 τὸν
347 3012 599 3066 διάϐολον
624 3030 636 3042 ’
706 3015 1059 3084 Ἐπιτιμήσει
1090 3015 1295 3086 Κύριος
1335 3018 1393 3069 ὲν
1444 3018 1547 3082 σοὶ,
1576 3016 1810 3082 διάϐολε,

231 3106 324 3157 καὶ
348 3106 375 3156 6
395 3104 756 3174 ἐκλεξάμενος
789 3105 887 3175 τὴν
930 3106 1310 3177 Ἰερουσαλήμ.
1348 3127 1365 3158 ι

1925 2011 2079 2066 cuitu
2113 2009 2360 2064 dentium
2384 2006 2512 2075 ejus
2541 2005 2730 2058 timor.
2759 2003 2990 2057 Viscera
3008 2002 3129 2070 ejus
3150 2006 3309 2054 scuta
3335 2011 3503 2052 terea.

1925 2102 2003 2157 Ex
2046 2116 2142 2157 ore
2186 2100 2309 2170 ejus
2341 2097 2705 2169 egrediuntur
2766 2093 3052 2163 lampades
3109 2091 3388 2157 ardentes,
3452 2096 3506 2142 et

1922 2191 2296 2265 projiciuntar
2366 2204 2573 2244 acerra:
2635 2186 2805 2258 ignis.
2840 2185 2915 2241 Ex
2968 2182 3202 2238 naribus
3226 2181 3349 2249 ejus
3400 2182 3507 2235 erit

1924 2284 2107 2339 fumus
2154 2283 2398 2339 fornacis
2462 2279 2712 2336 ardentis
2754 2278 2882 2347 igne
2924 2276 3249 2331 carbonum.
3306 2272 3501 2326 Anima

1920 2377 2043 2446 ejus
2097 2375 2371 2432 carbones
2426 2371 2740 2427 accendet:
2790 2369 3012 2423 flamma
3058 2376 3240 2421 autem
3283 2380 3353 2419 ex
3408 2379 3505 2419 ore

1922 2467 2095 2536 ipsius
2118 2464 2419 2535 egreditur.
2440 2462 2580 2516 Ante
2599 2461 2778 2531 ipsum
2804 2457 2978 2514 currit
3010 2454 3271 2526 perditio.
3297 2453 3502 2508 Lectus

1918 2559 2041 2627 ejus
2074 2557 2216 2613 obeli
2241 2554 2411 2611 acuti.
2444 2552 2619 2608 Omne
2651 2565 2851 2605 aurum
2903 2548 3077 2604 maris
3106 2546 3212 2602 sub
3256 2546 3379 2613 ipso
3416 2552 3503 2600 est

1919 2651 2066 2705 velut
2105 2649 2284 2703 lutum
2309 2645 2713 2717 inexplicabile.
2759 2662 2777 2695 ι

1986 2740 2150 2794 ΖαεΙι.
2201 2756 2282 2806 ιιι,
2318 2741 2371 2806 1,
2402 2739 2459 2794 2.
2499 2768 2568 2779 -
2612 2757 2631 2789 ι
2657 2737 2723 2791 Ει
2754 2735 3001 2792 ostendit
3026 2733 3159 2788 mihi
3218 2730 3495 2785 Dominus

1918 2832 2101 2887 Jesum
2164 2830 2505 2885 sacerdotem
2542 2842 2799 2897 magnum
2848 2832 3089 2882 stantem
3126 2832 3253 2877 ante
3299 2819 3497 2874 faciem

1918 2923 2093 2994 angeli
2147 2921 2387 2983 Domini,
2420 2929 2475 2975 et
2504 2919 2766 2974 diabolus
2812 2917 2993 2972 stabat
3044 2930 3073 2969 a
3113 2913 3325 2969 dextris
3351 2912 3494 2979 ejus.

1919 3014 1983 3067 Et
2029 3014 2167 3069 dixit
2207 3014 2437 3082 angelus
2470 3011 2537 3067 ad
2580 3009 2864 3064 diabolum
2899 3007 3191 3074 :lncrepet
3231 3002 3497 3057 Dominus

1918 3106 1971 3159 in
2013 3111 2088 3171 te,
2128 3104 2366 3168 diabole,
2386 3113 2439 3157 et
2461 3102 2555 3171 qui
2588 3100 2750 3170 elegit
2781 3096 3109 3154 Jerusalem.
3153 3115 3171 3148 ι

304 3216 323 3248 ι
360 3196 486 3259 ῐΙῶς
510 3196 705 3250 ἔπεσεν
755 3197 819 3249 ἐκ
878 3197 972 3250 τοῦ
1008 3198 1244 3267 οὐρανοῦ
1276 3200 1574 3269 ἑωσφόρος,
1608 3203 1637 3253 6
1666 3201 1809 3271 πρωῒ

1989 3194 2101 3248 lsa.
2127 3211 2236 3261 xw,
2256 3194 2323 3249 12
2355 3193 2550 3246 ‘20.—«
2569 3191 2855 3258 Quomodo
2886 3188 3089 3245 cecidit
3118 3188 3186 3243 de
3212 3186 3352 3243 caelo
3381 3184 3493 3277 Lu-ﬁ

229 3286 559 3350 ἀνατέλλων,
624 3286 914 3356 συνετρίϐη
972 3288 1053 3349 είς
1082 3286 1179 3357 τὴν
1222 3288 1347 3356 γῆν,
1388 3290 1416 3340 6
1464 3291 1808 3343 ἀποστέλλων

232 3377 364 3447 πρὸς
401 3378 585 3431 πάντα
612 3377 679 3431 τὰ
702 3376 832 3445 ἔθνη
855 3395 870 3444 ;
897 3378 969 3430 Σὺ
1002 3377 1059 3429 δὲ
1088 3375 1247 3441 εἶπας
1275 3380 1333 3430 ὲν
1363 3383 1427 3450 τῇ
1454 3381 1651 3452 καρδία
1676 3399 1770 3434 σου
1790 3400 1804 3414 ο

227 3466 320 3530 El;
339 3467 429 3519 τὸν
455 3466 687 3537 οὐρανὸν
713 3467 1056 3537 ἀναϐήσομαι
1082 3484 1097 3498 ο
1127 3468 1314 3521 ἐπάνω
1334 3470 1441 3522 τῶν
1470 3471 1684 3540 ἄστρων
1712 3473 1806 3525 τοῦ

225 3555 453 3624 οὐρανοῦ
484 3553 634 3623 θήσω
650 3554 742 3606 τὸν
759 3554 947 3622 θρόνον
967 3572 1089 3624 μου,
1116 3555 1342 3608 Καθίσω
1369 3558 1425 3610 ὲν
1454 3557 1567 3630 ὄρει
1594 3558 1803 3628 ὑψηλῷ,

225 3647 315 3698 ἐπὶ
356 3644 425 3697 τά
448 3644 549 3716 δρη
564 3644 635 3697 τὰ
652 3644 835 3715 ὑψηλά
850 3646 985 3716 πρὸς
1011 3646 1214 3717 βορρᾶν
1240 3648 1604 3718 ἀναϐήσομαι,
1623 3652 1807 3704 ἐπάνω

222 3738 328 3791 τῶν
350 3736 591 3805 νεφελῶν
620 3753 633 3766 ·
667 3737 860 3807 ἔσομαι
897 3739 1098 3807 ὅμοιως
1116 3739 1194 3807 τῷ
1216 3737 1473 3809 ’Υψίστιελ
1504 3740 1617 3794 Νῦν
1644 3741 1700 3793 δὲ
1727 3744 1805 3806 είς

221 3829 346 3899 ᾅδου
372 3827 683 3900 καταϐήσῃ,
707 3830 801 3881 καὶ
816 3831 896 3891 είς
915 3829 984 3880 τά
1002 3830 1229 3899 θεμέλια
1249 3830 1346 3899 τῆς
1362 3830 1490 3900 γῆς.
1515 3834 1576 3885 Ol
1608 3833 1803 3898 ἰδόντες

224 3937 280 3972 σε
298 3919 398 3974 θαυ
408 3920 672 3990 μάσουσιν
686 3921 779 3973 ἐπὶ
800 3920 904 3985 σοὶ,
920 3922 1014 3973 καὶ
1028 3922 1246 3991 ἐροῦσιν
1259 3936 1273 3968 τ
1292 3918 1457 3986 Οὗτος
1473 3925 1500 3976 6
1520 3926 1616 3978 ἄνθ
1625 3944 1801 3996 ρωπος

220 4012 249 4064 6
270 4012 591 4083 παροξύνων
612 4012 709 4083 τὴν
722 4012 847 4081 γῆν,
872 4013 1031 4066 σείων
1062 4013 1317 4082 βασιλεῖς,
1340 4016 1368 4066 6
1386 4015 1496 4079 θεὶς
1514 4018 1612 4087 τὴν
1626 4020 1802 4072 οἰκου-

223 4103 389 4173 μένην
418 4103 544 4172 ὅλην
566 4104 792 4175 ἔρημον,
807 4105 1006 4168 καὶτὰς
1023 4106 1206 4170 πόλεις
1228 4107 1493 4170 καθεῖλεν,
1508 4110 1633 4172 τοὺς
1654 4111 1710 4164 δὲ
1744 4112 1799 4163 ἐν

219 4196 493 4265 ἀπαγωγῇ
526 4196 627 4247 οὐκ
683 4195 891 4249 ἔλυσεν.
952 4195 1161 4259 Πάντες
1197 4199 1247 4250 οί
1286 4198 1533 4268 βασιλεῖς
1565 4200 1667 4270 τῆς
1695 4203 1799 4270 γῆς

220 4286 596 4357 ἐκοιμήθησαν
634 4287 691 4338 ὲν
720 4290 878 4356 τιμῇ,
918 4287 1209 4357 ἄνθρωπος
1234 4290 1293 4343 ὲν
1333 4292 1412 4360 τῷ
1442 4292 1578 4361 οἴκῳ
1606 4292 1793 4347 αὑτοῦ.

221 4377 291 4438 Σὺ
318 4378 374 4430 δὲ
408 4379 615 4448 ριφήσῃ
644 4376 701 4431 ὲν
726 4381 839 4442 τοῖς
863 4380 1048 4450 ὄρεσιν
1071 4380 1145 4443 ὠς
1164 4381 1357 4451 νεκρὸς
1383 4382 1796 4453 ἐϐδελυγμένος,

221 4469 358 4538 μετά
391 4468 606 4522 πολλῶν
649 4470 989 4537 τεθνηκότων
1018 4467 1497 4543 ὲκκεκεντημένων
1531 4476 1792 4548 μαχαίρᾳ,

1926 3284 2085 3349 cifer,
2106 3285 2196 3353 qui
2229 3299 2387 3338 mane
2405 3284 2725 3347 oriebatur;
2759 3280 3038 3336 contritus
3067 3286 3152 3346 est
3182 3278 3237 3332 in
3263 3269 3495 3343 terram,

1915 3377 2007 3444 qui
2044 3375 2295 3429 mittebat
2327 3376 2393 3427 ad
2417 3389 2606 3429 omnes
2624 3372 2859 3443 gentes?
2882 3372 2961 3426 Tu
2999 3378 3181 3425 autem
3226 3369 3411 3423 dixisti
3436 3368 3491 3422 in

1914 3466 2083 3521 corde
2107 3475 2201 3518 tuo
2236 3484 2248 3518 :
2272 3463 2327 3518 ln
2353 3464 2551 3519 caelum
2570 3462 2943 3517 conscendam
2974 3477 2986 3513 :
3013 3475 3181 3529 super
3200 3469 3351 3513 astra
3364 3457 3489 3512 (ιωιί

1914 3573 2112 3627 ponam
2153 3557 2412 3609 thronum
2444 3570 2648 3609 meum.
2684 3553 2896 3608 Sedebo
2924 3552 2980 3606 in
3021 3559 3210 3605 monte
3240 3550 3490 3611 sublimi,

1915 3663 2082 3717 super
2100 3654 2315 3701 montes
2329 3646 2575 3701 excelsos
2597 3645 2662 3698 ad
2680 3644 2991 3712 aquilonem
3015 3642 3309 3697 ascendam
3328 3655 3492 3708 super

1913 3738 2125 3803 nubes;
2148 3751 2244 3791 ero
2268 3735 2468 3789 similis
2504 3732 2812 3787 Altissimo.
2840 3729 2997 3785 Nunc
3027 3738 3209 3785 autem
3232 3730 3287 3783 in
3320 3728 3491 3782 infcr-

1911 3843 2041 3882 num
2096 3826 2424 3889 descendes,
2454 3832 2509 3879 et
2540 3824 2607 3877 ad
2640 3823 3005 3879 fundamenta
3067 3831 3245 3878 terrae.
3272 3821 3377 3889 Qui
3438 3830 3491 3877 te

1909 3919 2166 3983 viderint,
2206 3917 2559 3971 mirabuntur
2587 3931 2757 3986 super
2786 3924 2859 3982 te,
2904 3925 2959 3971 et
3004 3914 3189 3970 dicent
3226 3933 3239 3968 :
3278 3915 3380 3970 Hic
3405 3923 3490 3971 est

1908 4013 2071 4067 homo
2102 4011 2331 4066 irritans
2364 4019 2590 4076 terram,
2624 4010 2718 4080 qui
2748 4009 3032 4065 concussit
3053 4025 3232 4079 reges,
3268 4009 3359 4077 qui
3391 4025 3486 4077 po-

1907 4104 2017 4158 suit
2041 4110 2218 4156 totum
2248 4102 2438 4156 orbem
2479 4101 2533 4154 in
2559 4100 2867 4165 desertum,
2900 4108 2955 4156 et
2984 4101 3239 4155 civitates
3290 4099 3482 4161 diruit,

1905 4210 2001 4250 eos
2025 4204 2205 4248 autem
2236 4192 2331 4262 qui
2363 4192 2715 4246 ducebantur
2738 4196 2853 4245 non
2872 4190 3060 4244 solvit.
3095 4188 3300 4244 Omnes
3327 4203 3484 4258 reges

1907 4298 2065 4343 terra:
2090 4288 2439 4343 dormierunt
2468 4288 2525 4341 in
2567 4286 2800 4350 honore,
2849 4286 3015 4339 homo
3046 4286 3100 4339 in
3126 4285 3292 4339 domo
3355 4298 3478 4340 sua.

1904 4379 1985 4434 Tu
2043 4388 2223 4433 autem
2282 4378 2593 4448 projicieris
2624 4377 2679 4429 in
2715 4376 2992 4431 montibus
3035 4376 3182 4431 sicut
3228 4384 3481 4429 mortuus

1901 4470 2313 4532 abominabilis,
2338 4484 2463 4522 cum
2522 4468 2710 4524 multis
2735 4468 3014 4523 confossis
3043 4467 3225 4537 gladio
3248 4467 3478 4521 descenv

219 4561 660 4614 καταϐαινόντων
698 4562 779 4624 είς
808 4562 957 4632 ᾅδου.
995 4565 1091 4616 Ὃν
1130 4565 1329 4634 τρόπον
1355 4564 1463 4634 γὰρ
1498 4565 1713 4635 ίμάτιον
1738 4568 1794 4619 ὲν

1917 4563 2163 4619 lentibus
2216 4562 2271 4615 in
2347 4560 2649 4615 infernum.
2717 4559 3008 4625 Quomodo
3080 4560 3474 4614 vestimentum

217 4654 405 4722 αἵματι
422 4653 771 4724 πεφυρμένον
790 4656 890 4707 οὐκ
911 4654 1064 4709 ἔσται
1088 4654 1345 4725 καθαρὸν,
1371 4656 1492 4708 οὐδὲ
1510 4656 1607 4728 ἔσῃ
1628 4659 1797 4711 καθα-

220 4745 341 4814 ρός’
382 4745 577 4817 διόπερ
608 4746 707 4814 τὴν
776 4746 882 4816 γῆν
929 4764 1032 4816 μου
1066 4746 1379 4810 ἀπώλεσας,
1431 4748 1643 4801 καὶτὸν
1670 4748 1797 4802 λαόν

222 4853 320 4904 μου
349 4836 702 4899 ἀπέκτεινας,
743 4836 893 4905 λέγει
931 4838 1155 4906 Κύριος.
1192 4858 1209 4887 ι

294 4946 312 4977 ι
354 4928 514 4990 Δόλος
543 4929 600 4981 ὲν
634 4931 698 5000 τῇ
730 4930 877 4999 χειρὶ
895 4929 1083 4995 αὐτοῦ,
1104 4930 1199 4982 καὶ
1224 4931 1280 4983 ἐν
1306 4935 1371 5003 τῇ
1404 4931 1598 5001 καρδίᾳ
1629 4931 1792 4985 αὐτοῦ

222 5018 709 5087 μεγαλυνθήσεται,
762 5023 859 5073 καὶ
915 5021 1052 5089 δόλῳ
1095 5022 1380 5092 διαφθερεῖ
1421 5023 1666 5085 πολλοὺς,
1700 5026 1793 5076 καὶ

219 5108 304 5157 ἐπ’
327 5109 577 5179 ἀπωλείᾳ
601 5110 813 5163 πολλῶν
849 5112 1124 5180 στήσεται.
1172 5131 1188 5163 ι

294 5220 312 5251 ι
344 5201 527 5271 Φθόνῳ
564 5202 810 5256 διαϐόλου
865 5204 1094 5267 θάνατος
1150 5206 1230 5267 εἰς
1282 5205 1373 5257 τὸν
1420 5206 1632 5275 κόσμον
1679 5206 1790 5257 εἰσ-

220 5290 399 5363 ῆλθεν.
442 5312 459 5344 ι
897 5348 900 5350 η

291 5402 312 5436 ι
358 5385 491 5437 Τότε
544 5385 752 5456 Ἰησοῦς
806 5387 1016 5457 ἀνήχθη
1066 5388 1173 5440 ὑπὸ
1228 5389 1324 5441 τοῦ
1364 5389 1678 5460 Πνεῦματος
1713 5392 1789 5453 εἰς

217 5476 315 5547 τὴν
350 5477 556 5548 ἔρημον
625 5478 991 5548 πειρασθῆναι
1045 5480 1149 5532 ὑπὸ
1200 5480 1295 5533 τοῦ
1361 5481 1644 5534 διαϐόλου·
1698 5481 1791 5533 καὶ

220 5569 518 5635 νηστεύσας
561 5569 775 5639 ἡμέρας
818 5573 1247 5641 τεσσαράκοντα,
1312 5574 1406 5625 καὶ
1465 5580 1515 5641 μ’
1568 5574 1788 5637 νύκτας,

221 5657 442 5731 ὔστερον
486 5661 763 5714 ἐπείνασε.
792 5664 900 5715 Καὶ
923 5663 1234 5732 προσελθὼν
1263 5665 1411 5733 αὐτῷ
1437 5668 1464 5717 6
1494 5666 1789 5735 πειράζων,

220 5743 396 5800 εἶπεν·
432 5751 494 5802 Εἰ
520 5751 647 5814 Υἱὸς
678 5747 729 5804 εἶ
762 5752 858 5805 τοῦ
908 5752 1067 5816 Θεοῦ,
1104 5754 1222 5805 εἰπὲ
1262 5754 1347 5807 ἵνα
1390 5756 1438 5805 οἱ
1463 5754 1598 5807 λίθοι
1647 5750 1790 5809 οὗτοι

220 5838 371 5905 ἄρτοι
397 5841 680 5911 γένωνται.
732 5846 788 5897 '0
825 5846 878 5899 δὲ
909 5846 1225 5917 ἀποκριθεὶς
1254 5842 1400 5899 εἷπε·
1440 5847 1783 5913 Γέγρειπτλι⁸

1896 4654 2249 4710 commistum
2302 4652 2568 4722 sanguine
2622 4650 2786 4722 5.50
2834 4666 2943 4705 non
2996 4653 3103 4706 erit
3182 4652 3481 4713 mundum,

1898 4747 1979 4801 sic
2006 4761 2107 4800 nec
2129 4746 2244 4800 eris
2270 4742 2537 4808 mundus,
2577 4743 2708 4811 quia
2754 4752 2957 4796 terram
2992 4757 3167 4795 meam
3231 4742 3466 4811 perdidi-

1897 4837 1991 4901 sti,
2014 4843 2069 4890 et
2098 4835 2359 4905 populum
2391 4846 2571 4886 meum
2610 4831 2964 4893 interfecisti,
2994 4830 3129 4883 dicit
3147 4830 3464 4884 Dominus.»

1967 4927 2106 4981 Dan.
2154 4941 2271 4988 vnt,
2335 4925 2427 4978 25.
2462 4955 2532 4963 —
2565 4942 2583 4975 ι
2621 4923 2787 4977 Dolus
2825 4923 2878 4975 in
2931 4938 3092 4976 manu
3123 4924 3270 4991 ejus.
3300 4930 3356 4976 et
3412 4924 3464 4975 in

1895 5020 2060 5074 corde
2102 5034 2203 5072 suo
2237 5016 2699 5084 uiagnificabitur,
2740 5022 2794 5067 et
2842 5015 2969 5068 dolo
3007 5014 3209 5067 multos
3250 5014 3461 5080 perdet,

1893 5120 1947 5165 et
1979 5113 2030 5162 in
2066 5109 2369 5179 perditione
2402 5106 2699 5157 multorum
2728 5106 2913 5158 stabit.
2943 5124 2959 5154 ι

1964 5201 2089 5267 Sap.
2127 5217 2184 5265 ιι,
2216 5199 2307 5252 24η
2334 5230 2403 5239 —
2440 5216 2457 5249 ι
2490 5195 2698 5250 Invidia
2730 5195 2937 5249 diaboli
2978 5208 3127 5261 mors
3152 5192 3373 5247 intravit
3406 5195 3457 5246 in

1895 5291 2179 5347 mundum.
2211 5308 2230 5339 ι

1966 5382 2156 5437 Matth.
2210 5398 2281 5444 ιν,
2316 5380 2463 5435 l-lO.
2489 5409 2559 5419 —-
2597 5397 2616 5430 ι
2650 5376 2805 5431 Tunc
2850 5376 3013 5431 Jesus
3068 5376 3338 5430 adductus
3369 5381 3455 5428 est

1894 5479 1947 5532 in
1979 5477 2252 5530 desertum
2279 5490 2307 5526 λι
2340 5471 2567 5541 Spiritu,
2604 5478 2662 5523 ut
2709 5478 3015 5523 tentaretur
3041 5482 3069 5519 a
3109 5466 3358 5529 diabolo;
3399 5474 3454 5520 et

1898 5584 2018 5624 cum
2045 5568 2353 5637 jejunasset
2383 5565 2749 5635 quadraginta
2779 5562 2973 5616 diebus
3005 5569 3058 5615 et
3089 5558 3450 5629 quadraginta

1894 5660 2171 5722 noctibus,
2203 5666 2386 5727 postea
2423 5655 2637 5709 csuriit.
2689 5652 2752 5705 Et
2778 5650 3042 5707 accedens
3077 5657 3334 5712 tentatur,
3368 5648 3449 5701 di-

1894 5752 1969 5805 xit
2004 5752 2076 5805 illi
2111 5766 2126 5805 :
2167 5752 2221 5804 Si
2246 5748 2413 5804 Filius
2446 5748 2535 5802 Dei
2567 5764 2646 5813 cs,
2675 5746 2762 5799 dic
2794 5754 2851 5799 ut
2896 5742 3097 5811 lapides
3128 5741 3216 5796 isti
3279 5755 3448 5809 panes

1895 5846 2041 5900 fiant.
2080 5845 2142 5899 At
2178 5843 2263 5899 illc
2314 5840 2649 5897 resoonvlcns
2684 5839 2756 5894 ait
2800 5856 2811 5891 :
2843 5835 3115 5890 Scrinium
3144 5846 3267 5890 cst:
3320 5835 3437 5889 Non
