4210 6448
240 416 370 487 1409

1483 402 1720 468 SACBA
1757 396 2199 472 PARALLELA

3347 417 3481 484 1410

238 535 328 589 τὸν
364 530 462 602 μὲν
492 526 788 582 διεσώσατο
840 524 939 594 τῆς
973 522 1198 594 ἀγάπης
1232 523 1328 575 τοῦ
1357 521 1494 574 Θεοῦ
1525 521 1801 592 τδοεάκόρε-

1908 521 2137 577 Poterat
2158 521 2315 576 'enim
2349 521 2402 577 el
2430 521 2522 578 ille
2553 536 2581 577 a
2614 523 2723 580 Deo
2752 524 3089 595 desciscere,
3135 533 3192 584 et
3241 527 3331 585 hic
3370 548 3483 589 non

241 640 383 689 στον,
412 620 502 674 τδν
528 620 585 673 δὲ
614 617 919 688 ἀπόδλητον
962 614 1160 680 ἔδειξεν
1195 616 1229 686 ἠ
1259 617 1323 668 ἐκ
1362 613 1496 667 Θεοῦ
1522 612 1809 683 ἀναχώρη-

242 732 345 780 σις.

304 887 478 942 Πόθεν
517 881 612 941 οὖν
644 885 794 956 αὑτῷ
822 885 851 938 ό
882 887 1018 956 πρὸς
1064 884 1212 956 ἡμᾶς
1261 885 1498 954 πόλεμος
1524 900 1538 949 ;
1567 885 1688 937 Ὅτι
1723 884 1804 937 δο-

237 983 379 1051 χείον
403 979 462 1033 δν
501 980 692 1049 πάσης,
739 978 959 1041 κακίας,
993 976 1213 1042 ἐδέξατο
1242 979 1336 1031 καὶ
1362 977 1459 1030 τοῦ
1485 978 1681 1045 φθόνου
1708 976 1809 1047 τὴν

237 1075 410 1137 νόσον,
448 1072 544 1125 καὶ
571 1071 874 1142 ἐδάσκηνεν
902 1072 1035 1140 ἡμῖν
1072 1071 1170 1138 τῆς
1201 1071 1385 1140 τιμῆς.
1413 1070 1487 1121 Οὐ
1518 1071 1627 1137 γὰρ
1647 1066 1810 1137 ἤνεγ-

237 1182 299 1219 κε
330 1167 432 1234 τὴν
459 1164 666 1217 ἄλυπον
722 1163 877 1233 ήμῶν
937 1162 1081 1232 ζωὴν
1113 1162 1212 1232 τὴν
1246 1164 1303 1214 ἐν
1327 1161 1403 1230 τῷ
1468 1161 1807 1230 παραδείσῳ,

232 1257 402 1318 δόλοις
418 1256 579 1309 δὲκαὶ
606 1254 995 1325 μηχανήμασιν
1025 1253 1375 1323 ἐξαπατήσας
1392 1250 1481 1303 τὸν
1499 1249 1595 1304 ἄνθ
1607 1261 1806 1320 ρωπον,

236 1348 324 1400 καὶ
354 1345 452 1416 τὴν
484 1345 780 1414 ἐπιθυμίαν
805 1343 969 1397 αὑτοῦ
992 1344 1059 1412 ἣν
1090 1343 1248 1413 ἔσχεν
1285 1343 1419 1413 πρὸς
1446 1342 1507 1394 τὸ
1539 1341 1809 1410 ὁμοιωθῆ-

233 1452 319 1500 ναι
348 1437 489 1506 Θεῷ,
520 1436 692 1509 ταύτῃ
736 1436 873 1506 πρὸς
930 1434 1030 1505 τὴν
1080 1436 1297 1505 ἀπάτην
1327 1434 1805 1503 ἀποχρησάμενος,

232 1528 399 1593 ἔδειξε
435 1528 497 1580 τὸ
530 1527 707 1592 ξύλον,
755 1526 850 1579 καὶ
891 1525 1255 1595 ἐπηγγείλατο
1308 1526 1395 1579 διὰ
1428 1527 1524 1595 τῆς
1551 1525 1808 1596 βρώσεως

232 1620 394 1675 αὑτοῦ
425 1620 615 1690 ὅμοιον
639 1619 759 1688 Θεῷ
800 1619 1188 1689 καταστήσειν.
1248 1619 1382 1670 Ἐὰν
1407 1616 1516 1686 γὰρ
1556 1616 1804 1686 φάγητε,

236 1715 423 1784 φησὶν,
456 1713 675 1767 ἔσεσθε
714 1708 794 1775 ὡς
825 1710 972 1775 θεοὶ,
1033 1710 1436 1778 γινώσκοντες
1473 1710 1666 1761 καλὸν
1709 1707 1810 1761 καί

233 1805 523 1873 πονηρόν.
553 1805 668 1856 Οὺκ
722 1802 915 1872 ἐχθρὸς
970 1803 1151 1854 τοίνυν
1198 1803 1330 1871 ἡμῖν
1367 1800 1802 1871 κατεσκευάσθη,

1910 614 2161 669 excidere
2199 632 2211 667 :
2252 620 2306 666 al.
2338 613 2493 669 illum
2520 616 2741 686 quidem
2775 618 3125 690 inexplebilis
3149 635 3278 691 erga
3312 619 3482 677 Deum

1908 704 2157 758 charitas
2180 708 2526 761 conservavit
2558 724 2573 774 ;
2608 708 2739 764 huic
2767 724 2897 764 vero
2938 726 3133 767 rursus
3167 713 3411 767 secessio
3453 730 3485 768 ιι

1910 795 2020 851 Deo
2052 796 2157 851 hoc
2183 798 2390 861 attulit,
2421 806 2481 852 ut
2510 800 2829 870 ejiceretur.

1982 888 2172 959 Ejusd.
2195 890 2324 943 ibid.
2363 918 2431 930 ι-
2453 892 2591 958 Quid
2620 910 2803 949 causae
2836 894 3003 965 igitur
3033 904 3117 951 est
3145 912 3245 951 cur
3265 897 3487 953 diabolu

1908 980 2023 1034 lum
2054 982 2345 1037 adversum
2381 997 2484 1038 nos
2530 986 2873 1054 susceperit?
2917 986 3082 1053 Quia,
3129 1003 3254 1043 eum
3304 989 3487 1046 omnis

1910 1072 2226 1127 vitiositatis
2272 1076 2731 1145 conceptaculum
2805 1087 2971 1139 esset,
3026 1079 3220 1137 livoris
3267 1097 3489 1151 (pioque

1909 1163 2165 1217 morbum
2197 1169 2436 1237 excepit,
2473 1177 2526 1222 et
2572 1178 2823 1224 nostrum
2860 1171 3021 1225 nobis
3053 1171 3317 1227 honorem
3346 1172 3489 1228 invi-

1911 1254 2007 1306 dit.
2050 1253 2235 1325 Neque
2280 1259 2426 1311 enim
2466 1267 2716 1315 nostram
2758 1260 2811 1314 in
2849 1262 3111 1331 paradiso
3145 1267 3314 1319 vitam
3366 1280 3489 1320 mo-

1911 1344 2081 1399 lestiaa
2114 1332 2297 1403 omnis
2329 1358 2609 1419 expertem
2659 1350 2805 1406 l‘erre
2853 1355 3029 1422 potuit
3072 1370 3087 1408 :
3121 1370 3316 1410 verum
3342 1357 3488 1412 dolis

1910 1446 1963 1490 et
1988 1438 2147 1492 malis
2188 1441 2399 1496 artibus
2444 1443 2718 1497 hominem
2780 1444 3089 1501 Inditicatus
3124 1456 3230 1511 est,
3278 1464 3489 1519 suaque

1884 1519 1998 1581 'illa
2031 1528 2360 1596 cupiditate,
2388 1546 2493 1600 qua
2527 1531 2640 1587 Deo
2667 1534 2785 1588 lieri
2821 1536 3057 1591 similem
3083 1538 3399 1607 expetebat,
3418 1540 3487 1592 ad

1910 1615 2159 1671 fraudem
2209 1620 2509 1687 abutendo,
2554 1623 2760 1694 lignum
2811 1629 3164 1693 monstravit,
3204 1645 3375 1698 seque
3415 1630 3490 1684 l‘a-

1908 1714 2128 1761 cturum
2162 1710 2445 1779 pollicitus
2479 1722 2564 1768 est
2617 1726 2695 1776 ut,
2741 1716 2785 1772 si
2829 1732 2896 1771 ex
2934 1733 3002 1772 eo
3037 1720 3248 1787 ederet,
3282 1720 3375 1776 Dei
3411 1722 3490 1777 si-

1910 1798 2278 1855 militudinem
2327 1803 2749 1873 adipisceretur.
2810 1806 2869 1861 Si
2924 1810 3069 1863 enim
3130 1804 3486 1876 comederitia.

230 1896 345 1949 ἀλλ’
379 1900 445 1951 ἐκ
490 1896 822 1966 ζηλοτυπίας
863 1897 994 1964 ἡμῖν
1029 1896 1109 1957 είς
1159 1893 1361 1963 ἔχθραν
1415 1891 1801 1961 ἀντικατέστη.

1910 1887 2112 1959 inquit,
2166 1894 2315 1947 eritis
2348 1896 2484 1948 sicut
2538 1898 2638 1960 dii,
2675 1898 2898 1953 scientes
2936 1899 3128 1954 bonum
3186 1910 3238 1955 et
3284 1874 3488 1957 malum

241 1986 410 2055 Ὁρῶν
444 1988 553 2059 γάρ
583 1988 776 2041 ἐαυτὸν
805 1987 998 2041 ἐκτῶν
1044 1984 1294 2053 ἀγγέλων
1360 1982 1646 2053 ριφθέντα,
1702 1982 1803 2035 οὐκ

226 2080 387 2149 ἔφερε
410 2080 633 2149 βλέπειν
659 2081 751 2133 τὸν
775 2081 960 2150 γήϊνον
999 2087 1078 2143 εις
1099 2078 1198 2148 τὴν
1231 2076 1389 2141 ἀξίαν
1418 2075 1525 2128 τῶν
1556 2075 1805 2143 ἀγγέλων

224 2173 310 2226 διὰ
367 2172 656 2243 προκοπῆς
710 2172 1105 2241 ἀνυψούμενον.
1167 2169 1388 2240 Ἐπειδὴ
1445 2163 1538 2221 οὖν
1580 2168 1803 2236 γέγονεν

226 2264 418 2335 ἐχθρὸς
454 2265 631 2335 ἡμῶν,
666 2264 933 2332 ἐφύλαξεν
961 2266 1093 2335 ἡμῖν
1116 2263 1143 2315 ό
1168 2261 1298 2325 Θεὸς
1335 2261 1432 2331 τὴν
1464 2260 1601 2331 πρὸς
1638 2259 1801 2312 αὐτὸν

223 2356 566 2419 ἐναντίωσιν,
589 2356 655 2407 δι’
672 2355 739 2426 ἢν
763 2354 843 2423 τῷ
864 2352 1341 2422 ὑπηρετησαμένῳ
1366 2349 1515 2417 αὐτῷ
1530 2347 1801 2414 διελέγετο

223 2446 359 2516 πρὸς
388 2448 553 2501 αὐτὸν
596 2448 694 2519 τὴν
727 2445 979 2516 ἀπειλὴν,
1014 2446 1096 2497 ὅτι
1130 2446 1395 2513 Ἕχθραν
1445 2443 1612 2507 θήσω
1658 2441 1803 2494 ἁνα-

221 2532 417 2601 μέσον
431 2550 569 2599 σου,
601 2535 699 2587 καί
727 2535 1038 2603 ἀναμέσων
1070 2531 1176 2585 τοῦ
1212 2532 1556 2600 σπέρματος
1588 2527 1799 2596 αὐτῆς.

1913 1979 2065 2050 (Gen.
2100 1999 2182 2048 ιιι,
2219 1985 2295 2055 5).
2341 1986 2614 2052 Quocirca
2662 2004 2768 2043 non
2820 1990 2983 2046 nobis
3019 1991 3196 2047 hostis
3229 1993 3488 2050 conditus

1907 2082 2016 2138 est,
2049 2077 2144 2130 sed
2188 2091 2257 2131 cx
2299 2077 2600 2135 invidentia
2649 2086 2704 2135 in
2750 2082 2936 2136 odium
2991 2084 3165 2138 nostri
3213 2085 3484 2155 prorupit.

1906 2160 2043 2216 Nam
2070 2178 2194 2218 cum
2223 2181 2283 2221 se
2306 2168 2375 2222 ab
2401 2170 2717 2238 angelorum
2749 2172 2925 2226 classe
2951 2172 3189 2241 ejectum
3226 2174 3341 2244 ipsc
3364 2189 3499 2228 cer~
3530 2194 3538 2198 ‘

1909 2264 2088 2324 neret,
2121 2272 2245 2313 eum
2279 2262 2371 2330 qui
2406 2269 2666 2319 terrenus
2692 2274 2838 2319 esset
2866 2264 2933 2318 ad
2967 2267 3283 2336 angelorum
3314 2267 3466 2337 digni

1910 2355 2081 2401 tatem
2110 2362 2359 2406 evectum
2388 2355 2579 2411 videre
2614 2371 2721 2411 non
2747 2365 2990 2426 poterat.
3016 2358 3287 2424 Quoniam
3321 2359 3488 2429 igitur

1909 2440 2086 2497 hostis
2130 2455 2321 2502 noster
2360 2447 2590 2504 ell‘ectus
2626 2457 2734 2515 est,
2788 2450 2997 2505 idcirco
3034 2449 3180 2505 Deus
3215 2451 3321 2506 hoc
3351 2452 3483 2521 egit,

1911 2539 1972 2586 ut
1998 2534 2118 2603 ejus
2151 2536 2456 2593 adversarii
2486 2554 2776 2608 essemus;
2828 2541 2958 2596 dum
2995 2541 3228 2597 bestiam
3258 2558 3382 2614 quae
3407 2544 3484 2605 illi

222 2639 445 2694 operam
507 2634 825 2693 navaverat,
857 2623 1267 2690 comminando,
1297 2623 1378 2679 sic
1407 2622 1563 2675 illum
1588 2619 1859 2673 allocutus
1892 2630 1980 2676 est
2023 2638 2037 2676 :
2090 2622 2414 2684 Inimicitias
2481 2647 2677 2699 ponam
2732 2633 2872 2685 inter
2919 2642 2987 2697 te,
3028 2642 3079 2687 et
3130 2636 3267 2687 inter
3313 2651 3486 2690 semen

219 2722 335 2789 ejus
367 2720 536 2792 (Ibid.
567 2723 678 2791 15).

302 2818 526 2889 Ἐπειδὴ
551 2818 774 2886 γέγονεν
802 2817 1117 2893 ἀποστάτης
1134 2816 1163 2868 ὁ
1185 2815 1453 2879 διάϐολος,
1479 2811 1673 2884 ἐχθρὸς
1700 2815 1799 2881 μὲν

220 2910 394 2976 Θεοῦ,
424 2910 618 2981 ἐχθρὸς
652 2909 709 2963 δὲ
741 2909 851 2962 τῶν
894 2907 1221 2979 ἀνθρώπων,
1274 2906 1383 2960 τῶν
1435 2906 1559 2958 κατ’
1613 2902 1803 2956 εἰκόνα

218 3001 355 3054 Θεοῦ
410 2999 819 3070 γεγενημένων,
875 2998 965 3051 διά
1012 2999 1172 3052 τοῦτό
1232 2999 1348 3051 ἐστι
1393 2995 1799 3068 μισάνθρωπος’

1981 2807 2215 2861 Ibid.—
2237 2811 2511 2877 Quoniam
2551 2814 2805 2869 diabolus
2835 2816 3038 2870 deiecit
3064 2818 3483 2889 rebellavitque,

1908 2912 1970 2953 ac
2003 2914 2127 2954 cum
2156 2900 2275 2967 Dei,
2306 2912 2417 2957 tum
2446 2908 2607 2958 etiam
2634 2906 2939 2973 hominum,
2964 2909 3055 2977 qui
3089 2909 3157 2962 ad
3192 2910 3483 2981 imaginem

1913 2988 2003 3045 Dei
2029 2993 2239 3047 conditi
2274 3004 2425 3062 sunt,
2463 2997 2672 3051 hostem
2705 3013 2763 3051 sc
2796 2999 3087 3067 professus
3123 3009 3226 3064 est,
3258 3001 3331 3055 ob
3363 3014 3485 3055 eam

222 3093 361 3146 διότι
386 3094 481 3145 καὶ
512 3091 804 3162 θεομάχος,
835 3091 929 3144 καὶ
956 3092 1106 3161 μισεῖ
1129 3091 1279 3161 ἡμᾶς
1307 3089 1381 3152 ὡς
1405 3089 1679 3157 κτίσματα
1706 3083 1800 3137 τοῦ

1908 3096 2130 3137 causam
2157 3085 2407 3142 homines
2435 3087 2575 3151 odit,
2611 3093 2740 3157 quia
2778 3089 2868 3144 Dei
2900 3107 3125 3163 quoque
3153 3103 3239 3147 est
3269 3095 3482 3161 hostis;

220 3180 521 3245 Δεσπότου,
565 3181 662 3233 καὶ
692 3180 768 3243 ῶς
795 3179 1049 3249 ὁμοίωμα
1095 3177 1263 3231 Θεοῦ*
1292 3179 1386 3231 καὶ
1428 3175 1801 3245 συνεχρήσατο

1908 3186 2122 3243 nosque
2148 3190 2248 3229 ceu
2282 3175 2497 3231 Domini
2537 3189 2847 3247 creaturas,
2878 3184 3041 3252 cujus
3079 3194 3133 3239 et
3160 3186 3482 3241 similitudi-

221 3271 391 3324 αὐτοῦ
425 3274 493 3340 τῇ
526 3270 760 3339 πονηρία
783 3270 860 3330 si;
892 3270 1195 3338 γυμνάσιον
1227 3269 1336 3319 τῶν
1386 3269 1673 3337 ἡμετέρων
1696 3266 1800 3332 ψυ-

1906 3278 2029 3317 nem
2057 3280 2336 3333 geramus,
2369 3268 2568 3324 infesto
2607 3271 2734 3324 odio
2764 3272 3091 3328 insectatur.
3132 3276 3273 3332 Deus
3296 3293 3483 3347 porro,

224 3363 339 3433 χῶν
358 3367 388 3416 ὁ
414 3362 592 3430 σοφῶς
616 3363 709 3414 καὶ
762 3359 1139 3431 προνοητικῶς
1177 3360 1477 3429 οἰκονομῶν
1500 3360 1568 3410 τὰ
1592 3357 1687 3410 ἀνθ
1695 3357 1801 3427 ρώ-

1905 3356 2076 3425 utqui
2103 3358 2383 3426 sapienter
2405 3369 2459 3413 et
2483 3364 2708 3430 provide
2732 3380 2822 3418 res
2852 3365 3125 3421 humanas
3146 3368 3480 3436 moderetur,

223 3474 375 3521 πινα,
404 3455 595 3525 ῶσπερ
630 3452 814 3523 ίατρὸς
836 3453 925 3505 τὸν
952 3452 1051 3522 τῆς
1079 3451 1292 3520 ἐχίδνης
1347 3451 1424 3503 ἰὸν
1484 3450 1563 3512 εἰς
1621 3466 1799 3517 σωτη-

1904 3445 1971 3499 ad
2023 3448 2340 3502 animorum
2413 3461 2730 3505 nostrorum
2786 3457 3241 3512 exercitationem
3312 3460 3483 3529 ipsius

226 3547 362 3620 ρίων
420 3544 733 3616 φαρμάκων
775 3544 1120 3613 κατασκευὴν
1173 3539 1583 3611 ἀποχρώμενος.
1626 3540 1801 3591 Σατᾶν

1906 3535 2182 3605 impietate
2222 3553 2358 3592 usus
2385 3547 2493 3603 est,
2554 3541 2781 3611 perinde
2803 3556 2970 3613 atque
3012 3547 3259 3602 medicus
3279 3549 3483 3620 vipera:

224 3640 324 3710 μὲν
342 3635 438 3692 οὖν
464 3638 705 3706 λέγεται,
739 3635 829 3689 διὰ
850 3634 914 3688 τὸ
933 3632 1271 3688 ἀντικεῖσθαι
1294 3632 1371 3702 τῷ
1398 3630 1608 3700 ἀγαθῷ.

292 3923 415 3979 Τῶν
474 3922 771 3993 ἀγγέλωνό
799 3920 1088 3975 στασιάσαι
1138 3917 1437 3987 τολμήσας,
1508 3918 1601 3969 καὶ
1656 3915 1795 3983 ὑπὲρ

218 4016 319 4088 τὴν
340 4015 498 4080 ἀξίαν
528 4013 777 4085 ἀρθῆναι,
830 4009 1119 4066 κατέναντι
1160 4008 1367 4079 Κυρίου
1426 4006 1795 4076 παντοκράτο-

222 4125 317 4181 ρος
365 4106 762 4178 τραχηλιάσας,
819 4104 913 4157 καὶ
947 4101 1087 4173 ὑπὲρ
1110 4100 1177 4153 τὲ
1200 4098 1336 4169 νέφη
1375 4098 1646 4168 καθέδραν
1674 4100 1794 4149 ἐπι-

219 4201 381 4260 νοῶν.
408 4199 485 4264 ὡς
514 4201 542 4253 ό
570 4198 747 4264 λόγος,
774 4196 930 4266 δίκην
985 4195 1153 4247 εδωκε
1186 4192 1286 4261 τῆς
1325 4192 1581 4254 ἀπονοίας
1616 4189 1790 4253 ἀξὲαν,

224 4289 417 4351 σκότος
444 4286 562 4341 ἀντὶ
587 4286 766 4353 φωτὸς
799 4280 937 4336 εἶναι
970 4280 1349 4351 κατακριθείς.

219 4617 407 4674 ΤῙΤᾹ.
431 4618 574 4695 κς,-
605 4616 743 4695 ῌερξ
790 4614 1155 4695 δυσπιᾳτίας
1188 4629 1202 4641 ’
1226 4613 1359 4695 “recti
1411 4611 1499 4665 ὅτι
1530 4616 1561 4663 o'
1586 4610 1679 4695 ἐπ’
1698 4612 1788 4662 εὺο

300 4694 452 4759 λόγῳ
495 4683 656 4755 αἰτίᾳ
682 4683 1157 4751 ήδυσπιστήσας,
1218 4683 1339 4746 Θεῷ
1379 4683 1789 4750 συγγινώσκε-

297 4774 408 4812 ται.

302 4916 318 4946 ι
346 4893 511 4949 Εἶπεν
540 4896 567 4947 ὁ
599 4894 729 4955 Θεὸς
761 4892 839 4961 τῷ
876 4889 1125 4960 Ἀϐραάμ
1146 4903 1161 4919 ⁸
1194 4889 1343 4959 Σάρα
1370 4888 1403 4956 ὴ
1427 4885 1561 4953 γυνή
1611 4902 1703 4936 σου
1728 4886 1785 4934 οὐ

220 4987 555 5056 κληθήσεται
578 4984 639 5036 τὸ
669 4983 839 5049 δνομα
870 4981 1039 5049 αὐτῆς
1066 4979 1234 5047 Σάρα,
1262 4975 1398 5029 ἀλλὰ
1422 4975 1607 5043 Eappa
1636 4972 1787 5024 ἔσται

218 5078 282 5130 τὸ
314 5077 483 5145 ὄνομα.
508 5074 695 5141 αὐτῆς.
734 5072 1031 5141 Εὑλογήσω
1056 5070 1113 5121 δὲ
1135 5067 1325 5137 αὐτὴν,
1380 5066 1475 5118 καὶ
1508 5064 1664 5116 δώσω
1706 5080 1787 5114 σοι

220 5166 282 5231 ἐξ
302 5166 471 5235 αὐτῆς
505 5164 714 5224 τέκνον,
745 5162 839 5213 καὶ
878 5160 1157 5229 εὐλογήσω
1200 5158 1383 5220 αὑτὸν,
1419 5154 1513 5207 καὶ
1532 5153 1681 5205 ἔσται
1709 5152 1785 5212 εἰς

219 5258 398 5320 ἔθνος,
443 5256 533 5307 καὶ
562 5242 820 5323 βασιλεῖς
843 5252 901 5317 ἐξ
931 5249 1095 5305 αὑτοῦ
1153 5247 1383 5299 ἔσονται.
1433 5246 1541 5296 Καὶ
1591 5242 1786 5293 ἔπεσεν

232 5346 484 5414 Ἁϐραάμ
545 5344 638 5396 ἐπὶ
697 5343 1012 5413 πρόσωπον,
1069 5341 1163 5393 καὶ
1213 5334 1369 5390 εἶπεν
1396 5337 1453 5387 ἐν
1475 5336 1539 5403 τῇ
1582 5332 1788 5404 διανοίᾳ

220 5437 384 5489 αὐτοῦ
406 5437 578 5503 λέγων
604 5454 616 5463 ·
637 5436 699 5487 Εἰ
728 5434 806 5504 τῷ
831 5436 1225 5494 ἑκατονταετεῖ,
1261 5432 1353 5485 καὶ
1383 5429 1568 5499 Σάρρα
1597 5428 1787 5494 ἐνενὴ-

219 5544 385 5581 κοντα
429 5528 564 5579 ἐτῶν
597 5524 731 5579 οὖσα
783 5522 1194 5591 τέξεται;Εἷπε
1225 5524 1281 5577 δὲ
1334 5522 1584 5593 ’Δϐραάμ
1650 5522 1785 5589 πρὸς

218 5617 309 5669 τὸν
342 5616 474 5668 Θεὸν
501 5633 513 5643 ·
560 5615 783 5686 Ἰσμαὴλ
809 5633 962 5679 ουτος
984 5614 1208 5685 ζήσεται
1238 5615 1477 5667 ἐναντίον
1506 5630 1619 5666 σου.
1650 5608 1784 5667 Eine

220 5708 277 5757 δὲ
323 5710 349 5758 ό
382 5705 514 5767 Θεὸς
571 5707 647 5777 τῷ
692 5706 942 5777 Ἀϐραάμ
972 5724 986 5738 ο
1045 5708 1176 5759 Ἰδοὺ
1238 5706 1421 5778 Σάρῤα
1449 5710 1480 5776 ἡ
1508 5708 1643 5777 γυνή
1690 5724 1785 5759 σου

222 5796 435 5863 τέξεταί
452 5816 533 5852 σοι
563 5799 697 5861 υἱὸν.
724 5800 818 5853 καὶ
842 5800 1087 5862 καλέσεις
1104 5801 1161 5852 τὺ
1181 5799 1351 5869 ὄνομα
1376 5801 1540 5857 αὑτοῦ
1578 5802 1781 5857 Ἰσαάκ.

1902 3640 2110 3679 veneno
2138 3627 2205 3681 ad
2237 3630 2564 3683 salutarium
2618 3634 3144 3689 medicamentorum
3180 3638 3483 3694 confectio-

1903 3728 2023 3767 nem
2053 3715 2206 3769 abuti
2242 3719 2403 3775 solet.
2449 3718 2615 3773 Salan
2664 3736 2795 3775 vero
2846 3722 3060 3778 idcirco
3104 3738 3476 3799 nuncupatur,

1899 3803 2045 3870 quod
2078 3804 2224 3858 bono
2251 3808 2570 3863 contrarius
2599 3810 2691 3864 sit.

1966 3916 2025 3974 S.
2053 3915 2268 3990 Gregor.
2305 3919 2448 3977 Naz.
2477 3933 2617 3979 erat.
2644 3924 2723 3980 De
2761 3944 2911 3992 pace.
2945 3960 3013 3971 —
3043 3929 3121 3986 Ex
3156 3933 3478 4005 angelorum

1896 4016 2042 4063 ccetu
2091 4009 2138 4065 is
2186 4012 2275 4081 qui
2308 4013 2640 4070 seditionem
2685 4031 2908 4073 movere
2940 4034 3112 4077 ausus
3149 4022 3273 4091 fuit,
3311 4041 3481 4097 seque

1896 4115 2063 4171 supra
2106 4100 2427 4173 dignitatem
2472 4120 2630 4161 suam
2691 4107 2907 4171 ell‘erre.
2955 4112 3031 4166 ita
3095 4120 3152 4168 ut
3209 4116 3479 4175 adversus

1893 4192 2326 4261 omnipotentem
2378 4192 2671 4249 Dominum
2708 4190 3045 4267 superbiret,
3079 4211 3133 4258 et
3162 4219 3330 4276 supra
3375 4221 3479 4262 nu-

1894 4283 2011 4347 bes,
2048 4291 2103 4336 ut
2154 4282 2231 4336 ait
2276 4283 2582 4353 Scriptura,
2628 4301 2835 4355 ponere
2878 4290 3140 4345 thronum
3184 4294 3475 4365 cogitaret,

1894 4389 2084 4444 poenas
2133 4376 2448 4445 arrogantia
2490 4391 2589 4430 sua
2625 4378 2820 4448 dignas
2850 4379 3033 4447 dedit;
3078 4382 3180 4439 hoc
3215 4387 3475 4443 nimirum

1895 4464 2171 4535 supplicio
2207 4468 2496 4533 inuitatus,
2522 4476 2582 4521 ut
2614 4483 2715 4539 pro
2748 4470 2868 4525 luce
2895 4474 3074 4544 caligo
3103 4474 3276 4531 fieret.

1893 4620 2253 4698 TIT._X__XVI.
2287 4653 2355 4662 —
2397 4622 2471 4698 De
2500 4625 2911 4690 incredulitate;
2950 4636 2999 4680 et
3057 4630 3198 4696 quan
3226 4633 3321 4698 qui
3349 4648 3470 4697 pro.

1967 4691 2129 4743 habili
2163 4708 2226 4744 ea:
2257 4708 2420 4745 causa
2445 4693 2553 4745 Deo
2587 4711 2690 4747 non
2723 4698 2906 4749 statim
2965 4691 3156 4761 credit,
3192 4691 3466 4756 is'reu'iam

1960 4773 2324 4830 consequatur.

1966 4888 2092 4945 Gen.
2128 4906 2256 4952 xm,
2308 4889 2493 4945 lii-l9.
2529 4921 2597 4930 ——
2637 4911 2657 4943 ι
2701 4893 2848 4947 Dixit
2888 4894 3158 4952 Dominus
3188 4898 3255 4952 ad
3287 4901 3465 4953 Abra-

1892 4980 2014 5033 ham
2060 4996 2072 5031 :
2110 4980 2243 5033 Sara
2284 4997 2421 5034 uxor
2481 4992 2571 5035 tua
2608 5000 2718 5037 non
2776 4986 3070 5041 vocabitur
3117 5004 3316 5044 nomen
3342 4993 3464 5059 ejus

1891 5070 2048 5131 Sara,
2107 5070 2199 5123 sed
2235 5071 2402 5124 Sarra
2439 5074 2545 5125 erit
2596 5088 2795 5128 nomen
2860 5077 3059 5144 ipsius.
3094 5080 3248 5133 Hanc
3273 5091 3460 5136 autem

1892 5160 2225 5224 benedicam,
2261 5169 2315 5215 et
2347 5162 2489 5217 dabo
2528 5164 2623 5217 tibi
2655 5180 2720 5217 ex
2746 5180 2809 5219 ea
2832 5166 3026 5232 ﬁlium,
3057 5175 3112 5223 et
3144 5169 3459 5227 benedicam

1893 5252 2070 5315 illum,
2099 5261 2151 5307 et
2180 5253 2285 5307 erit
2316 5254 2371 5308 in
2412 5264 2650 5323 gentem,
2681 5266 2736 5309 et
2770 5272 2927 5325 reges
2981 5274 3049 5313 ex
3096 5259 3220 5328 ipso
3271 5273 3454 5318 erunt.

1891 5342 1956 5396 Et
2008 5343 2209 5399 cecidit
2240 5345 2515 5399 Abraham
2546 5345 2708 5417 552
2739 5349 2794 5402 in
2848 5348 3045 5403 faciem
3077 5366 3261 5417 suam,
3294 5363 3350 5407 et
3377 5358 3458 5410 ait

1892 5435 1944 5488 in
1981 5443 2163 5490 mente
2189 5451 2285 5491 sua
2310 5436 2502 5491 dicens
2531 5456 2544 5492 :
2580 5438 2636 5491 Si
2674 5440 3012 5507 centenario,
3046 5443 3090 5496 si
3126 5443 3291 5497 Sarra
3312 5461 3452 5514 quo-

1890 5543 1995 5598 que
2022 5530 2391 5598 nonagenaria
2426 5531 2644 5599 pariet?
2680 5530 2823 5585 Dixit
2863 5548 3031 5602 porro
3075 5534 3349 5589 Abraham
3384 5540 3450 5591 ad

1894 5619 2057 5672 Deum
2090 5618 2319 5673 :lsmael
2352 5620 2454 5672 iste
2487 5621 2631 5673 vivat
2658 5636 2843 5675 coram
2876 5632 2948 5676 te.
3001 5621 3063 5673 Et
3100 5623 3173 5675 ait
3206 5623 3352 5678 Deus
3379 5626 3450 5679 ad

1890 5710 2162 5764 Abraham
2197 5726 2210 5761 :
2256 5712 2393 5765 Ecce
2432 5710 2594 5764 Sarra
2628 5727 2765 5765 uxor
2794 5721 2884 5765 tua
2923 5716 3095 5781 pariet
3119 5714 3213 5768 tibi
3249 5714 3447 5779 ﬁlium,

1890 5812 1945 5857 et
1973 5804 2194 5858 vocabis
2228 5820 2421 5858 nomen
2456 5804 2574 5871 ejus
2606 5803 2775 5860 lsaac.
2813 5802 2875 5855 Et
2921 5811 3156 5857 statuam
3221 5812 3447 5869 pactum|
