4210 6448
183 435 311 499 1413

1429 430 1664 492 SACRA
1703 429 2168 488 PARALLELA.

3291 429 3425 495 1414

182 548 432 610 ὲκάθσας
489 545 582 614 Μὴ
611 543 830 615 ἀνοίξῃς
855 544 940 596 ἐπ’
966 543 1140 614 αὐτὴν
1188 543 1448 612 φάρυγγά
1510 559 1626 602 σου,
1658 540 1751 593 καὶ

1852 541 2009 603 quasi
2043 539 2230 602 homo,
2267 536 2313 593 si
2346 536 2412 591 ad
2451 553 2698 596 mensam
2735 552 2989 608 magnam
3020 538 3255 596 sederis.
3304 542 3425 598 Non

184 640 256 709 μὴ
309 638 468 707 εῐπῃ,
532 635 574 686 Ι]
611 635 638 684 λ
675 635 708 686 ά
737 651 800 701 γε
832 632 1109 702 ὲπ⁹αὺτῆς
1176 626 1249 686 Οῦ
1283 632 1377 684 εὰν
1423 631 1745 701 ὲπιϐλέψῃς,

185 730 258 798 μὴ
281 727 529 796 ὲκτείνῃς
613 723 679 794 ὴν
728 725 890 795 χεῖρά
915 741 1032 786 σου,
1061 724 1154 776 καὶ
1187 725 1262 795 μὴ
1293 723 1573 776 συνθλίϐου
1602 723 1750 792 αὑτῷ
1793 769 1795 771 .

181 823 236 871 ἐν
284 816 538 887 τρυϐλίῳ.
593 815 738 882 Φάγε
790 814 866 877 ὡς
921 813 1207 884 ἄνθρωπος
1259 814 1327 866 τά
1366 814 1751 886 παρακείμενα

183 926 284 974 σοι,
317 909 410 960 καὶ
453 906 526 977 μὴ
555 905 865 976 διαμασσῶ,
897 905 970 975 μὴ
995 905 1254 975 μισηθῇς.
1284 905 1498 958 Παῦσαι
1534 905 1752 975 πρῶτος

179 1002 334 1070 χάριν
367 998 636 1064 παιδείας,
686 998 779 1050 καὶ
805 996 883 1068 μὴ
907 997 1272 1067 ἀπληστεὺου,
1315 996 1576 1069 μή[πο]τε
1613 1014 1748 1068 προ-

182 1091 402 1161 σκόψῃς.
436 1092 546 1144 Καὶ
575 1092 624 1142 εί
666 1090 940 1160 άναμέσον
981 1088 1242 1142 πλειόνων
1280 1089 1564 1154 ὲκάθισας,
1619 1089 1751 1159 πρό-

178 1199 329 1254 τερος
359 1182 539 1236 αὐτῶν
570 1183 644 1253 μή
673 1179 918 1255 ἐκτείνῃς
949 1182 1048 1248 τὴν
1076 1182 1236 1252 χεῖρά
1271 1198 1387 1235 σου.
1416 1200 1434 1233 ι

261 1403 264 1408 .
298 1361 525 1426 Ἔλεγεν
559 1362 587 1413 ὁ
644 1360 851 1431 Κύριος
883 1360 962 1431 τῷ
1005 1361 1295 1429 κεκληκότι
1355 1357 1516 1412 αὐτόν
1583 1357 1752 1412 Ὅταν

180 1455 337 1519 ποιῇς
361 1452 584 1522 ἄριστον
609 1453 641 1522 ἢ
669 1453 905 1517 δεῖπνον,
939 1454 1015 1525 μὴ
1049 1454 1206 1520 φῶν-κ
1275 1475 1282 1500 ;
1308 1452 1339 1502 .‘
1361 1469 1387 1514 ς
1416 1451 1604 1519 φηλους
1631 1467 1748 1515 σου,

180 1542 313 1611 μηδὲ
339 1544 587 1610 γείτονας
618 1544 940 1610 πλουσίους,
987 1545 1121 1616 μηδὲ
1157 1545 1284 1607 τοὺς
1315 1545 1598 1611 συγγενεῖς
1633 1559 1748 1608 σου,

179 1635 310 1705 μηδὲ
341 1637 468 1698 τοὺς
497 1635 762 1705 ἀδελφούς
817 1655 932 1702 σου,
974 1640 1187 1708 μήποτε
1219 1640 1316 1690 καὶ
1341 1637 1497 1689 αὐτοὶ
1531 1637 1753 1688 ἀντικα-

175 1725 376 1779 λέσωσί
411 1741 493 1792 σε,
536 1727 628 1780 καὶ
665 1728 892 1796 γένηταί
922 1744 1006 1780 σοι
1048 1728 1419 1798 ἀνταπόδομα.
1460 1727 1600 1780 Ἀλλ’
1623 1729 1752 1780 ὅταν

175 1819 336 1887 ποιῇς
368 1817 553 1889 δοχὴν,
613 1819 768 1874 κάλει
824 1820 1096 1888 πτωχοὺς,
1131 1821 1473 1891 ἀναπήρους,
1521 1819 1750 1889 χωλοὺς,

1852 644 2070 698 aperias
2119 644 2285 697 super
2338 629 2488 682 illam
2524 630 2737 686 faucem
2782 639 2932 686 tuam
2988 631 3184 701 ιιι-ὀνο
3213 640 3268 687 et
3315 649 3426 688 non

1848 722 2049 776 dicas:
2098 720 2266 774 Multa
2324 727 2453 776 sunt
2505 737 2674 791 super
2731 724 2821 778 illa
2873 752 2875 754 -
2983 724 3014 778 d
3053 738 3088 793 ι]
3169 723 3202 776 d
3283 741 3427 795 nque

1849 813 2188 883 respexeris,
2229 829 2299 868 ne
2324 814 2591 870 extendas
2615 830 2838 868 manum
2876 822 3034 869 tuum
3066 815 3242 886 prior,
3279 825 3336 871 et
3356 832 3427 872 ne

1849 904 2244 975 comprimaris
2308 906 2363 959 in
2427 908 2638 962 catino.
2690 906 2931 964 Comede
2969 916 3032 962 ut
3077 911 3241 964 homo
3304 925 3427 980 qua:

1849 1005 2208 1066 apponuntur
2229 996 2354 1062 tibi,
2405 1013 2475 1052 ne
2500 999 2734 1053 multum
2760 1000 2916 1064 edas,
2946 1015 3016 1055 ne
3054 1001 3184 1055 odio
3219 1000 3429 1058 habea-

1849 1091 1953 1144 ris.
1985 1088 2153 1143 Cessa
2193 1105 2346 1157 prior
2372 1105 2542 1145 causa
2582 1091 2896 1162 disciplinae
2933 1136 2945 1147 .
2985 1102 3041 1148 et
3078 1095 3189 1148 noli
3222 1094 3429 1150 nimius
3481 1095 3506 1117 ⁸

1849 1196 1994 1245 esse,
2037 1197 2106 1236 ne
2170 1181 2307 1236 forte
2336 1182 2585 1238 offendas
2646 1183 2765 1238 Etsi
2818 1185 2873 1238 in
2913 1185 3096 1238 medio
3129 1188 3427 1240 multorum
3461 1189 3464 1194 ’

1851 1271 2068 1335 sed'sti,
2102 1275 2253 1341 prior
2280 1272 2388 1327 illis
2425 1288 2496 1328 ne
2524 1273 2793 1329 extendas
2822 1288 3047 1329 manum
3079 1283 3255 1329 tuam.
3300 1295 3318 1327 ι

1922 1361 2032 1415 Luc
2123 1379 2232 1427 xiv,
2271 1364 2366 1416 12-
2397 1365 2484 1418 14.
2514 1393 2586 1404 —
2675 1364 2902 1420 Dicebat
2953 1364 3117 1421 Jesus
3164 1366 3213 1421 ei
3247 1366 3432 1436 quise

1853 1455 1965 1508 invi
1983 1463 2186 1509 .averat
2220 1472 2233 1483 ·
2271 1454 2414 1510 Cum
2446 1455 2584 1511 facis
2609 1471 2672 1526 pr
2750 1457 2902 1511 diu")
2933 1465 3026 1511 aut
3052 1473 3288 1523 coenam,
3319 1459 3431 1512 noli

1850 1562 2053 1602 vocare
2081 1547 2288 1603 amicos
2321 1557 2469 1612 tuos,
2498 1563 2678 1618 neque
2704 1550 2921 1605 Vicinos
2948 1558 3096 1613 tuos,
3125 1565 3305 1620 neque
3335 1567 3434 1606 co-

1852 1645 2052 1709 gnatos
2084 1645 2231 1703 tuos,
2262 1656 2441 1709 neque
2474 1637 2678 1695 fratres
2707 1648 2853 1706 tuos,
2886 1656 2956 1694 ne
2986 1641 3126 1695 l‘orte
3152 1651 3206 1696 et
3239 1643 3342 1711 ipsi
3378 1649 3432 1696 te

1852 1728 2176 1794 reinvitent,
2217 1739 2272 1785 et
2326 1731 2422 1783 ﬁat
2471 1729 2570 1784 tibi
2607 1731 2928 1786 retributio.
2963 1731 3102 1786 Cum
3137 1743 3320 1792 autem
3350 1732 3433 1786 fa-

1855 1820 1936 1876 cis
1985 1821 2305 1890 prandium,
2360 1836 2495 1876 voca
2549 1836 2824 1892 pauperes
2877 1823 3112 1889 debiles,
3173 1825 3428 1888 claudos,

174 1908 426 1977 τυφλούς·
454 1912 548 1963 καὶ
596 1911 866 1980 μακάριος
890 1914 1008 1981 ἐσῃ,
1043 1912 1240 1964 ὅτιούκ
1270 1912 1483 1982 ἔχουσιν
1515 1913 1754 1965 ἀνταπο-

1862 1923 2040 1965 caecos
2081 1926 2096 1963 :
2135 1921 2191 1964 et
2209 1910 2407 1964 beatus
2435 1910 2565 1976 eris,
2595 1927 2722 1980 quia
2751 1926 2861 1965 non
2889 1912 3095 1966 habent
3125 1914 3434 1969 retribuere

172 1999 356 2054 δοῦναί
380 2017 484 2055 σοι.
504 2002 1023 2074 Ἀνταποδοθήσεται
1049 2005 1158 2074 γάρ
1181 2020 1260 2055 σοι
1281 2005 1338 2056 ἐν
1362 2006 1427 2074 τῇ
1460 2003 1754 2056 ἀναστάσει

171 2095 280 2148 τῶν
314 2095 564 2148 δικαίων.
603 2114 621 2147 ι

248 2187 337 2250 Ὠς
358 2188 416 2240 δὲ
446 2190 706 2258 ἁρμόδιον
743 2191 849 2261 πρὸ
877 2194 978 2262 τῆς
1009 2193 1216 2262 τροφῆς
1243 2191 1487 2260 ευλογεῖν
1508 2191 1601 2244 τὸν
1619 2191 1753 2246 Θεὸν

178 2277 286 2330 τῶν
319 2281 581 2336 ἁπάντων
611 2299 624 2313 °
661 2284 803 2337 οὕτω
836 2285 928 2337 καὶ
979 2286 1130 2356 παρὰ
1163 2285 1325 2338 πότον
1353 2285 1584 2356 καθήκει
1611 2285 1750 2354 ψάλ-

171 2368 224 2422 λε
235 2387 302 2424 ιν.

239 2463 507 2531 Τράπεζα
540 2465 612 2538 ui;
641 2465 841 2539 ἔχουσα
882 2469 1107 2541 μνήμην
1125 2467 1282 2538 Θεοῦ,
1310 2470 1520 2541 φάτνης
1538 2470 1751 2540 ἀλόγων

165 2553 325 2610 οὐδὲν
345 2555 675 2628 διενήνοχεν.

179 2798 359 2854 I‘I'I‘A.
379 2801 736 2870 ΚΗκ-Περὶ
757 2803 1031 2927 δικέζων·
1055 2804 1145 2861 ὅτι
1165 2807 1452 2876 φυλάττει
1471 2807 1694 2872 αὐτοὺς
1717 2810 1750 2860 d

893 2893 1053 2927 wozoc

893 2901 901 2924 ι
917 2893 1053 2942 ιριος

254 2998 273 3030 ι
302 2982 420 3034 Οὐκ
452 2983 644 3052 ἀφελεῖ
689 2985 798 3038 άπδ
829 2986 1045 3038 δικαίου
1077 2987 1389 3057 ὀφθαλμοὺς
1436 2987 1626 3051 αὑτοῦ,
1657 2990 1752 3041 καὶ

173 3068 441 3125 ιιαθιείται
482 3073 678 3137 αὐτοὺς
712 3077 792 3138 εἰς
819 3077 988 3140 νῖκος,
1031 3078 1125 3128 καὶ
1155 3076 1550 3147 ὑψωθήσονται.
1585 3097 1603 3128 ι

1856 2000 1978 2054 tibi.
2013 1999 2381 2055 Retribuetur
2411 2000 2560 2055 enim
2593 2001 2694 2056 tibi
2733 2001 2788 2056 in
2817 2003 3230 2058 resurrectione
3251 2003 3436 2072 justo-

1854 2107 2000 2145 ΥυΙΙΙ.
2041 2111 2060 2142 Ι

1924 2181 1982 2236 S.
2013 2181 2270 2236 Clemens.
2313 2212 2384 2222 —
2410 2182 2482 2238 Ut
2511 2189 2696 2238 autem
2720 2193 3157 2240 consentaneum
3191 2196 3278 2240 est
3299 2194 3431 2240 ante

1852 2276 2046 2344 epulas
2088 2275 2257 2331 Deum
2290 2290 2678 2331 universorum
2738 2277 3107 2345 benedicere;
3142 2278 3226 2333 sic
3263 2279 3432 2334 etiam

1853 2367 2113 2421 convenit
2155 2367 2300 2420 inter
2332 2369 2534 2437 pocula
2559 2367 2754 2423 laudes
2787 2369 2964 2438 ipsius
2995 2383 3216 2424 eanere.

1923 2457 2008 2510 Ea:
2037 2455 2204 2511 Patre
2231 2457 2392 2528 (Βίῳ.
2424 2472 2489 2510 ea:
2519 2469 2706 2512 sancto
2729 2459 2892 2521 sene).
2923 2489 2994 2500 —
3025 2459 3211 2515 Mensa
3238 2460 3293 2514 in
3323 2474 3431 2530 qua

1851 2549 2004 2603 nulla
2043 2549 2140 2603 Dei
2165 2549 2382 2603 mentio
2414 2548 2496 2615 ﬁt,
2543 2563 2575 2603 a
2616 2549 2902 2605 brutoruiu
2977 2553 3243 2622 prmeepio
3291 2552 3430 2608 nihil

1851 2641 2138 2698 dissimilis
2177 2651 2281 2698 est.

1851 2799 1988 2854 TIT.
2023 2795 2260 2852 XXVIII.
2289 2827 2359 2838 —
2396 2794 2476 2851 De
2510 2796 2693 2920 ίίιᾶξέἕδ
2719 2813 2739 2861 ;
2771 2797 3009 2868 quodque
3038 2798 3300 2857 Dominus
3331 2817 3430 2855 cu-

2478 2883 2502 2919 s
2531 2883 2558 2919 ο
2603 2885 2616 2919 ι
2671 2884 2782 2920 eos.

2478 2883 2640 2920 ειοαιι
2671 2884 2782 2921 ειη.

1924 2981 2026 3036 Job
2106 2996 2292 3045 xxxw,
2328 2979 2378 3036 7.
2409 3009 2480 3020 ——
2523 2998 2542 3030 ι
2575 2980 2693 3034 Non
2728 2979 2939 3036 auferet
2970 2982 3171 3051 ajusto
3210 2983 3404 3039 oculos

1852 3089 1982 3130 suos
2007 3117 2022 3142 ,
2057 3083 2110 3130 et
2131 3073 2430 3128 collocabit
2458 3087 2554 3127 eos
2592 3072 2648 3126 in
2691 3072 2950 3139 victoria,
2990 3082 3046 3129 et
3097 3075 3427 3129 exaltabun-

1855 3177 1966 3220 tur.
1996 3184 2014 3216 ι

252 3267 272 3300 ι
308 3251 447 3304 ’ἰδοὺ
472 3253 519 3304 oi
541 3252 808 3323 ὀφθαλμοὶ
850 3255 1054 3326 Κυρίου
1090 3258 1184 3309 ἐπὶ
1227 3258 1354 3321 τοὺς
1385 3258 1750 3329 φοϐουμένους

1928 3256 2082 3310 Psal.
2137 3270 2308 3317 xxxn,
2348 3254 2434 3309 I8.
2465 3284 2535 3294 —-
2577 3274 2594 3306 ι
2635 3253 2776 3309 Ecce
2826 3254 2976 3336 oculi
3015 3253 3237 3310 Domini
3261 3271 3426 3327 super

172 3340 361 3393 αὐτόν.
389 3359 408 3392 ι

251 3449 272 3482 ι
312 3431 651 3502 Ἐκέκραξαν
675 3432 725 3484 oi
747 3433 969 3498 δίκαιοι,
1010 3437 1105 3491 καὶ
1134 3437 1162 3490 ὁ
1199 3435 1403 3506 Κύριος
1432 3438 1752 3507 είσήκουσεν

172 3522 379 3578 αὐτῶν.
428 3524 629 3577 Πολλαὶ
660 3526 716 3576 αί
746 3525 954 3594 θλίψεις
984 3527 1092 3579 τῶν
1154 3527 1398 3592 δικαίων,
1445 3529 1539 3579 καὶ
1561 3529 1624 3580 ἐκ
1650 3546 1752 3582 πα-

171 3613 283 3667 σῶν
309 3615 501 3669 αὐτῶν
525 3617 752 3684 ῥύσεται
792 3617 992 3680 αὐτοὺς
1024 3618 1053 3670 ὁ
1083 3618 1305 3689 Κύριος.
1337 3618 1603 3671 Φυλάσσει
1638 3619 1753 3671 Κύ-

170 3725 288 3778 ριος
343 3708 530 3760 πάντα
555 3710 625 3762 τὰ
655 3709 792 3762 ὀστᾶ
818 3711 1023 3774 αὐτῶν,
1058 3710 1117 3763 ἓν
1150 3708 1210 3774 ἐξ
1242 3709 1422 3764 αὐτῶν
1443 3711 1504 3762 οὺ
1536 3727 1755 3782 συντρι-

171 3797 435 3869 ϐήσεται.
467 3817 485 3852 ι

250 3909 271 3943 ι
313 3891 573 3961 Σωτηρία
598 3891 708 3946 τῶν
759 3891 980 3947 δίκαιων
1020 3893 1172 3964 παρὰ
1214 3893 1445 3964 Κυρίου.
1486 3893 1757 3964 Ὑποστη-

173 3983 322 4052 ρίζει
353 3985 486 4046 τοὺς
511 3983 754 4048 δικαίους
783 3986 811 4037 ὁ
842 3984 1067 4053 Κύριος.
1101 4003 1120 4037 ι

255 4093 276 4126 ι
301 4074 578 4128 Φυλάσσει
630 4074 832 4146 Κύριος
873 4077 1084 4139 πάντας
1132 4077 1261 4140 τοὺς
1313 4076 1641 4146 ἀγαπῶντας
1667 4078 1762 4130 αὺ-

177 4168 288 4222 τόν.
321 4187 341 4219 ι

182 4271 184 4273 ’
249 4280 270 4313 ι
315 4260 612 4324 Ἐπαύλεις
629 4260 855 4315 δικαίων
905 4259 1243 4329 ὒλογοῦνται.
1269 4279 1287 4312 ›

251 4451 273 4486 ι
317 4429 487 4498 οἶκος
523 4433 750 4489 δικαίων
778 4434 1103 4504 εὐλογεῖται.
1135 4453 1152 4487 ι

253 4636 276 4669 ι
306 4612 884 4686 Οῐκοςδικαίωνίσχὺς
910 4615 1110 4686 πολλή..
1135 4633 1154 4666 ι

253 4810 274 4842 ι
316 4789 556 4858 Εὐλογία
602 4790 809 4860 Κυρίου
849 4791 944 4843 ἐπὶ
983 4790 1227 4861 κεφαλὴν
1259 4788 1468 4842 δικαίου
1539 4790 1762 4861 Ἐγχρο-

177 4884 323 4947 νίζει
350 4884 581 4945 δικαίοις
609 4882 936 4953 εὐφροσύνη.
968 4900 987 4934 ι

261 4994 281 5026 ι
319 4973 441 5036 Φῶς
464 4974 692 5035 δικαίοις
726 4974 814 5026 διὰ
844 4972 1066 5035 παντός.
1099 4991 1116 5024 ι

258 5084 279 5114 ι
315 5066 530 5115 Δίκαιοι
555 5062 798 5115 ποιοῦσιν
830 5064 885 5113 ὲν
909 5062 1122 5131 πλούτῳ
1145 5062 1249 5132 ἔτη,
1273 5061 1463 5118 πολλά.
1497 5081 1516 5115 ι

263 5174 286 5205 ι
332 5155 546 5216 Δίκαιος
573 5156 630 5206 ὲν
659 5155 802 5224 χαρᾷ
827 5155 918 5206 καὶ
941 5153 1250 5225 εὐφροσύνῃ
1281 5154 1459 5209 ἔσται.
1492 5174 1509 5206 ι

267 5371 287 5401 ι
330 5351 547 5411 Δίκαιος
573 5351 637 5401 ὲκ
667 5348 838 5420 Θήρας
869 5347 1109 5400 ὲκδύνει⁸
1148 5347 1266 5400 ἀντ’
1295 5345 1462 5400 αὑτοῦ
1492 5345 1550 5399 δὲ
1581 5361 1760 5415 παρα-

175 5445 397 5497 δίδοται
428 5443 459 5494 ὁ
483 5440 706 5512 ἀσεϐής.
739 5459 758 5492 ι

264 5582 284 5612 ι
332 5561 421 5629 Μὴ
466 5559 652 5628 φοϐοῦ,
683 5561 764 5613 ὃτι
816 5559 1207 5630 ὲλυτρωσάμην
1233 5574 1326 5610 σε·
1359 5555 1590 5610 ὲκάλεσά
1624 5574 1682 5609 σε
1709 5557 1768 5610 τὸ

178 5653 372 5722 ὄνομά
431 5668 560 5704 σου·
597 5653 727 5722 ἐμὸς
751 5646 800 5706 εἶ
826 5654 911 5715 σὺ,
969 5652 1062 5705 καὶ
1111 5651 1349 5719 ποταμοὶ
1399 5650 1456 5701 οὺ
1519 5649 1770 5715 συγκλεί-

182 5745 354 5796 σουσί
384 5761 469 5808 σε,
507 5745 602 5798 καὶ
630 5744 724 5798 ἐὰν
785 5742 997 5814 διέλθῃς
1053 5742 1138 5794 διὰ
1198 5741 1389 5811 πυρὸς,
1411 5741 1472 5793 οὐ
1499 5739 1572 5809 μὴ
1606 5756 1772 5794 κατα-

180 5834 428 5907 καυθῇς.
473 5855 488 5886 ›

1856 3354 2169 3402 metuentes
2198 3361 2263 3400 eu
2273 3362 2345 3398 Ill.
2375 3364 2393 3395 ι

1932 3435 2087 3489 Psal.
2118 3451 2307 3499 χχχιιι,
2338 3435 2425 3498 18,
2453 3434 2548 3497 20,
2571 3434 2662 3489 2|.
2699 3466 2767 3478 —
2803 3455 2822 3486 ι
2850 3435 3242 3492 Clamavernnt
3270 3439 3423 3507 justi,

1854 3537 1909 3584 et
1947 3528 2214 3583 Dominus
2245 3525 2528 3580 exaudivit
2561 3541 2680 3580 eos.
2708 3526 2886 3580 Multae
2917 3528 3305 3584 tribulationes
3329 3531 3425 3599 ju-

1856 3628 2092 3683 storum,
2128 3627 2183 3673 et
2213 3617 2280 3672 de
2313 3617 2577 3671 omnibus
2621 3617 2689 3672 iis
2718 3616 2972 3671 liberabit
3011 3631 3106 3671 eos
3137 3617 3419 3674 Dominus.

1856 3711 2110 3767 Custbdit
2141 3709 2406 3763 Dominus
2434 3707 2616 3762 omnia
2640 3721 2765 3761 ossa
2799 3721 3013 3773 eorum,
3051 3722 3218 3761 unum
3250 3725 3313 3763 ex
3340 3709 3427 3764 his

1859 3817 1969 3862 non
2006 3807 2345 3855 conteretur.
2382 3816 2400 3848 ι

1928 3890 2078 3944 Ρεαι.
2114 3906 2302 3954 xxxvi,
2337 3888 2429 3950 59,
2459 3887 2550 3941 40.
2581 3917 2650 3925 -
2676 3904 2694 3936 ι
2739 3886 2903 3944 Salus
2945 3897 3125 3944 autem
3153 3889 3426 3959 justornm

1861 3996 1890 4035 a
1920 3981 2170 4034 Domino.
2206 3979 2507 4033 Confirmat
2549 3985 2733 4031 autem
2766 3977 2947 4046 justos
2977 3979 3262 4036 Dominus.
3299 3997 3319 4032 ι

1933 4070 2085 4126 Ρεαι.
2118 4086 2299 4136 cxuv,
2360 4070 2451 4123 20.
2473 4097 2542 4109 —
2574 4086 2592 4119 ι
2628 4069 2885 4124 Custodit
2936 4070 3208 4128 Dominus
3240 4086 3430 4126 onmes

1864 4162 2160 4228 diligentes
2190 4175 2270 4214 se.
2307 4178 2324 4210 ι

1933 4251 2076 4305 Prov
2126 4267 2205 4317 ιιι,
2246 4249 2337 4304 55.
2377 4279 2448 4289 -
2490 4267 2508 4301 ι
2533 4249 2859 4306 Habitacula
2888 4251 3168 4321 iustorum
3210 4250 3434 4306 benedi-
3499 4304 3508 4311 ,

1866 4351 2084 4398 cuntur.
2119 4359 2139 4393 ›

1939 4432 2098 4487 Prov.
2133 4448 2235 4496 ιιι,
2294 4432 2357 4485 7.·
2392 4462 2462 4472 -
2500 4452 2518 4484 ι
2555 4432 2761 4488 Domus
2823 4434 3104 4504 iustorum
3157 4433 3435 4490 benedici-

1870 4534 1980 4580 tur.
2021 4543 2040 4575 ι

1937 4616 2098 4669 Prov.
2192 4631 2278 4683 xv,
2335 4617 2390 4670 6.
2449 4647 2520 4656 —-—
2572 4637 2590 4668 ι
2654 4617 2856 4672 Domus
2917 4618 3227 4688 justoruml
3262 4618 3436 4677 virtus

1867 4709 2057 4760 multa.
2099 4725 2118 4757 ι

1937 4799 2097 4852 Prov.
2157 4815 2210 4861 χ,
2243 4797 2297 4860 6,
2347 4798 2438 4852 28.
2465 4827 2537 4837 —
2565 4817 2583 4849 ι
2617 4797 2942 4854 Benedictio
3001 4801 3215 4858 Domini
3273 4820 3440 4874 super

1866 4899 2031 4959 caput
2059 4890 2213 4958 justi.
2246 4888 2457 4941 Latina
2495 4904 2620 4942 cum
2653 4891 2824 4960 iustis
2857 4901 3130 4946 moratur.
3170 4913 3187 4945 ι

1942 4981 2240 5045 Prov.xni,
2273 4983 2326 5036 9.
2355 5011 2426 5020 —
2461 5000 2480 5033 ι
2521 4981 2639 5036 Lux
2693 4982 2865 5052 justis
2926 4985 2981 5038 in
3035 4995 3377 5055 perpetuum.
3417 5006 3434 5040 ι

1949 5090 1966 5121 ι
2001 5071 2142 5126 Justi
2179 5079 2348 5138 agunt
2383 5072 2436 5124 in
2469 5071 2683 5126 divitiis
2709 5087 2887 5126 annos
2920 5075 3143 5128 multos.
3187 5094 3205 5124 ι

1940 5165 2099 5221 Prov.
2137 5181 2287 5231 χχιχ,
2322 5166 2375 5219 6.
2407 5195 2476 5204 -
2513 5184 2530 5216 ι
2560 5163 2754 5219 Justus
2789 5165 2843 5217 in
2883 5165 3083 5234 gaudio
3114 5175 3169 5220 et
3197 5166 3434 5222 oblecta-

1870 5257 2018 5310 tione
2056 5258 2184 5310 erit.
2226 5275 2244 5307 ι

1948 5346 2100 5399 Prov.
2140 5363 2216 5409 si,
2243 5350 2295 5401 8.
2333 5365 2351 5398 ι
2387 5346 2576 5400 Justus
2612 5361 2680 5400 ex
2713 5345 2912 5416 laqueo
2942 5345 3165 5400 evadit:
3204 5346 3442 5401 traditur

1872 5450 2048 5491 autem
2093 5453 2194 5507 pro
2221 5454 2286 5492 eo
2341 5439 2565 5506 impius.
2615 5457 2633 5488 ι

1942 5549 2077 5605 lsai.
2142 5569 2295 5613 mn,
2336 5552 2389 5605 2.
2424 5581 2493 5590 —
2527 5570 2546 5603 ι
2585 5551 2704 5606 Noli
2760 5551 2990 5618 timere,
3038 5550 3299 5620 quoniam
3346 5564 3460 5604 τάξ-λ

1873 5642 2014 5697 demi
2052 5650 2104 5698 te
2137 5662 2151 5696 :
2207 5646 2398 5697 vocavi
2447 5650 2499 5697 te
2531 5643 2757 5697 nomine
2816 5651 2951 5697 tuo:
2979 5657 3133 5697 meus
3167 5657 3227 5697 es
3259 5651 3353 5708 tu;
3387 5652 3441 5695 et

1873 5733 2096 5788 ﬂumina
2153 5751 2260 5788 non
2323 5736 2644 5803 cooperient
2684 5746 2758 5800 te,
2827 5736 2954 5791 etsi
2997 5734 3285 5794 transieris
3343 5748 3440 5802 per

1875 5827 2079 5898 ignem,
2110 5844 2220 5882 non
2258 5827 2622 5883 combureris.
2661 5845 2678 5878 ι
