4210 6448
239 426 365 492 ¹417

1479 408 1717 469 SACRA
1759 403 2210 465 PARALLELA.

3347 393 3484 457 1418

237 559 325 615 μοι
374 536 498 597 λαὸς
541 529 855 602 περιούσιος
889 525 1000 580 ἀπὸ
1059 525 1280 577 πάντων
1301 519 1409 574 τῶν
1432 521 1623 575 ἐθνῶν.
1680 523 1801 589 Εμὴ

1908 534 2109 581 meum,
2145 513 2302 570 eritis
2339 510 2477 565 mihi
2511 510 2748 580 populus
2780 508 3082 580 peculiaris
3128 524 3190 562 ei;
3222 512 3484 563 omnibus

228 610 333 702 γάρ
370 632 487 682 ἐστι
518 627 668 678 πᾶσα
691 623 725 693 ἡ
745 622 818 691 γῆ
853 635 865 647 ·
898 619 1056 690 ὑμεῖς
1083 615 1141 668 δὲ
1162 612 1354 666 ἔσεσθέ
1392 629 1482 681 μοι
1521 610 1796 681 βασίλειον

230 728 541 796 ἱεράτευμα,
579 716 672 769 καὶ
695 715 848 775 ἔθνος
883 711 1059 781 ἆγιον.
1100 726 1118 758 ι

295 834 313 866 ι
364 814 489 867 Ἐἀν
519 811 657 880 ἀκοῇ
701 805 914 877 ἀκούσῃ
939 804 1040 872 τῆς
1081 800 1265 869 φωνῆς
1298 814 1424 867 μου,
1484 796 1581 849 καὶ
1638 794 1798 862 ποιή-

230 925 327 978 σῃς
355 906 530 958 πάντα
558 903 657 955 ὅσα
684 900 750 952 ἂν
781 899 921 950 εἴπω
952 912 1035 948 σοι
1059 933 1075 958 ,
1106 890 1388 962 ἐχθρεύσω
1416 892 1530 952 τοῖς
1581 885 1797 957 ἐχθροῖς

230 1016 345 1065 σου,
377 998 472 1049 καὶ
490 992 869 1061 ἀντικείσομαι
889 990 1003 1050 τοῖς
1022 984 1449 1053 ἀντικειμένοις.
1495 1000 1513 1033 ι

302 1201 322 1235 ι
368 1181 493 1235 Ἐὰν
531 1182 590 1232 ἐν
618 1179 730 1240 τοῖς
764 1169 1151 1244 προστάγμασι
1194 1186 1299 1239 μου
1343 1164 1672 1237 πορεύησθε,
1710 1164 1801 1216 καὶ

227 1277 325 1341 τὰς
382 1273 607 1337 ὲντολάς
644 1288 748 1341 μου
803 1265 1175 1338 φυλάσσησθε,
1215 1261 1309 1315 καὶ
1340 1261 1606 1331 ποιήσητε
1638 1256 1798 1321 αὐτὰ,

226 1372 386 1424 δώσω
408 1369 501 1423 τὸν
531 1366 689 1420 ὑετόν
724 1380 827 1434 μου
856 1364 913 1413 ἐν
942 1358 1121 1431 καιρῷ
1158 1354 1322 1408 αὐτοῦ
1353 1356 1482 1426 ὑμῖν
1501 1393 1515 1418 ,
1549 1353 1643 1405 καὶ
1668 1351 1701 1421 ή
1728 1350 1801 1421 γῆ

224 1464 387 1515 δώσει
423 1462 491 1513 τὰ
530 1458 846 1527 γεννήματα
864 1454 1054 1522 αὐτῆς,
1094 1451 1187 1503 καὶ
1218 1449 1287 1501 τὰ
1310 1448 1442 1514 ξύλα
1474 1445 1581 1498 τῶν
1605 1443 1802 1497 πεδίων

224 1554 498 1608 ἀποδώσει
520 1554 607 1604 τον
626 1548 836 1618 καρπὸν
852 1544 1052 1597 αὐτῶν.
1079 1542 1187 1595 Καὶ
1211 1539 1588 1607 καταλήψεται
1624 1538 1750 1607 ὑμῖν
1777 1538 1804 1587 ὁ

223 1648 456 1714 ἀλοητὸς
486 1645 576 1695 τὸν
606 1643 831 1711 σπόρον,
862 1638 959 1691 καὶ
985 1634 1223 1705 φάγεσθε
1248 1634 1339 1685 τὸν
1358 1633 1522 1701 ἄρτον
1544 1631 1571 1682 ὐ
1582 1630 1699 1700 μῶν
1724 1630 1803 1688 εἰς

226 1738 579 1807 πλησμονὴν,
640 1732 999 1800 κατοικήσετε
1052 1728 1191 1799 μετά
1219 1724 1518 1793 ἀσφαλείας
1556 1724 1649 1774 ἐπὶ
1704 1725 1803 1791 τῆς

228 1833 333 1901 γῆς
365 1830 546 1899 ὐμῶν,
612 1827 707 1879 καὶ
751 1820 1177 1893 κοιμηθήσεσθε,
1200 1819 1292 1870 καὶ
1330 1816 1429 1869 οὐκ
1457 1815 1611 1867 ἔσται
1660 1814 1804 1882 ὑμᾶς

1904 608 2187 677 gentibus.
2236 604 2352 657 Mea
2385 610 2473 657 est
2521 603 2667 655 enim
2704 602 2888 656 omnis
2917 608 3085 655 terra.
3128 599 3235 655 'c'os
3296 611 3482 654 autem

1902 700 2059 756 eritis
2095 698 2227 751 mihi
2272 698 2459 767 regale
2495 680 2894 756 sacerdotium,
2947 703 3002 748 et
3032 708 3168 762 gens
3198 706 3417 748 sancta.
3461 716 3478 745 ι

1972 792 2148 847 Exod.
2219 807 2377 851 χχιιι,
2407 791 2499 844 22.
2536 821 2606 831 -
2638 807 2651 838 ι
2685 787 2743 842 Si
2776 789 2968 842 auditu
3004 787 3249 842 audieris
3293 803 3488 841 vocem

1902 903 2101 959 meam,
2152 895 2206 940 et
2258 884 2455 939 feceris
2495 884 2686 937 omnia
2736 896 3087 951 quaecunque
3117 882 3314 936 dixero
3359 880 3485 945 tibi,

1904 978 2163 1032 inimicus
2217 990 2313 1031 ero
2370 976 2610 1030 inimicis
2634 974 2768 1041 tuis,
2806 986 2861 1029 et
2889 975 3243 1031 adversarius
3269 990 3366 1031 ero
3394 975 3491 1028 ad-

1905 1069 2161 1123 versariis
2188 1069 2314 1123 tuis.
2350 1087 2369 1119 ι

1972 1160 2136 1233 455
2165 1160 2336 1215 Leuit.
2361 1177 2518 1225 xm,
2542 1161 2789 1227 542,—-
2809 1182 2827 1214 ι
2856 1162 2917 1218 Si
2950 1164 3004 1218 in
3032 1164 3323 1233 praeceptis
3349 1165 3487 1219 meis

1906 1255 2353 1317 ambulaveritis,
2401 1264 2457 1309 et.
2493 1256 2752 1310 mandata
2802 1273 2921 1311 mea
2962 1257 3381 1321 custodieritis,
3434 1267 3517 1311 et'

1906 1346 2152 1401 feceritis
2184 1361 2283 1409 ea.
2316 1347 2460 1403 dabo
2494 1347 2653 1403 vobis
2684 1348 2899 1417 pluvias
2931 1364 3080 1404 meas
3118 1350 3171 1402 iu
3224 1348 3489 1418 tempori-

1906 1442 2009 1495 hus
2068 1442 2218 1503 suis,
2264 1450 2317 1495 ct
2362 1452 2507 1494 terra
2550 1441 2703 1495 dabit
2754 1442 3000 1512 germina
3048 1457 3192 1505 sua,
3238 1451 3294 1496 ct
3341 1442 3489 1511 ligna

1906 1549 2161 1604 agrorum
2218 1533 2448 1587 reddent
2499 1533 2736 1588 fructum
2775 1551 2958 1589 suum.
3010 1535 3076 1588 Et
3116 1536 3491 1606 appreheudet

1906 1629 2062 1682 vobis
2095 1630 2291 1681 tritura
2325 1638 2663 1694 sementem,
2709 1638 2762 1683 et
2804 1630 3107 1684 comedetis
3147 1647 3341 1699 panem
3395 1646 3491 1684 ve-

1907 1731 2083 1777 strum
2120 1722 2174 1775 in
2203 1725 2520 1786 saturitate,
2557 1734 2611 1776 et
2642 1723 2966 1777 habitabilis
2998 1740 3119 1777 cum
3155 1726 3489 1787 securitate,

1908 1832 2073 1886 super
2101 1826 2304 1872 terram
2342 1830 2581 1872 vestram
2612 1835 2626 1882 ;
2660 1826 2714 1871 et
2745 1818 3031 1874 durmietis
3056 1861 3071 1880 ,
3123 1828 3177 1872 et
3229 1834 3356 1872 non
3385 1819 3493 1873 erit

222 1923 503 1991 ἐκροεῶν.
552 1918 661 1972 Καὶ
714 1915 899 1970 ἀπολῶ
949 1913 1115 1983 θηρία
1171 1909 1381 1978 πονηρὰ
1437 1908 1502 1958 ἐκ
1556 1906 1658 1974 τῆς
1704 1904 1806 1973 γῆς

1910 1911 1999 1980 qui
2028 1919 2320 1964 exterreat.
2347 1910 2411 1963 Et
2440 1910 2664 1980 perdam
2694 1912 2869 1966 malas
2902 1912 3105 1966 bestias
3133 1918 3197 1966 de
3227 1924 3369 1966 terra
3401 1926 3494 1965 ve-

222 2015 405 2085 ὐμῶν,
437 2013 532 2066 καὶ
554 2009 846 2062 πεσοῦνται
878 2005 949 2079 [οἱ
980 2003 1163 2074 ἐχθροὶ
1196 1999 1370 2072 ὑμῶν]
1395 1999 1626 2053 ἐνώπιον
1651 1996 1802 2064 ὐμῶν

220 2109 394 2177 φόνῳ,
454 2107 547 2159 καὶ
599 2100 877 2165 διώξονται
937 2098 1091 2168 ὑμῶν
1126 2094 1285 2149 πέντε
1313 2092 1528 2156 ἑκατὸν,
1554 2088 1649 2143 καὶ
1679 2090 1802 2140 ἐκα-

216 2205 311 2254 τὸν
360 2198 518 2269 ὑμῶν
572 2194 818 2258 διώξουσι
877 2192 1103 2262 μυρίους
1136 2204 1150 2220 ·
1180 2188 1276 2240 καί
1309 2183 1601 2238 πεσοῦνται
1637 2185 1684 2235 οἱ
1714 2183 1804 2251 ἐχ-

216 2295 341 2364 θροὶ
372 2291 531 2363 ὐμῶν
560 2290 792 2344 ἐνώπιον
842 2285 995 2355 ὑμῶν
1068 2279 1331 2351 μαχαίρᾳ.
1368 2278 1477 2331 Καὶ
1531 2276 1805 2343 ὲπιῦλέψω

217 2386 391 2455 ὑμᾶς,
450 2382 807 2450 καιαύξήσω
847 2378 1011 2447 ὑμᾶς,
1074 2376 1170 2427 καὶ
1240 2374 1422 2440 στήσω
1462 2388 1559 2440 την
1615 2370 1803 2439 διαθήο

216 2496 324 2549 κην
355 2494 463 2548 μου
520 2474 637 2546 μεθ’
676 2471 853 2544 ὑμῶν.
912 2469 1019 2522 Καὶ
1060 2465 1299 2536 φάγεσθε
1333 2464 1539 2517 παλαιά
1570 2464 1664 2516 καὶ
1704 2479 1807 2514 παι·

214 2567 350 2619 λαιὰ
391 2564 661 2630 παλαιῶν,
720 2564 812 2617 καὶ
852 2559 1060 2614 παλαιά
1098 2560 1162 2611 ὲκ
1202 2555 1494 2628 προσώπου
1544 2556 1679 2607 νέων
1718 2553 1804 2617 ἐξ-

213 2662 425 2715 οίσετε.
469 2660 577 2713 Καὶ
608 2658 761 2727 θήσω
797 2656 893 2726 τὴν
939 2654 1203 2723 διαθήκην
1259 2667 1359 2721 μου
1417 2650 1475 2719 εν
1506 2648 1655 2718 ὑμῖν,
1712 2649 1805 2699 καὶ

213 2754 278 2805 οὐ
318 2752 635 2822 sagacem;
670 2752 703 2820 ή
729 2751 873 2819 ψυχή
909 2764 1007 2818 μου
1037 2748 1202 2816 ὑμᾶς.
1236 2743 1345 2796 Καὶ
1374 2743 1806 2812 ὲμπεριπατήσω

214 2846 467 2914 ἐν,ὐμῖν,
488 2845 581 2896 καὶ
606 2843 798 2912 ἔσομαι
838 2840 991 2911 ὑμῶν
1024 2838 1176 2901 Θεὸς.
1216 2856 1233 2888 ι

294 2915 326 2989 «⁸
357 2939 606 3008 Πρόσεχε
652 2935 884 3005 σεαυτῷ,
920 2936 1015 2987 καὶ
1046 2931 1282 3002 φύλαξον
1342 2932 1441 3001 τὴν
1494 2932 1675 3002 ψυχήν
1711 2946 1803 2981 σου

214 3032 458 3102 σφόδρα.
490 3031 581 3099 Μὴ
641 3029 875 3100 ὲπιλάθῃ
927 3029 1138 3090 πάντας
1181 3028 1306 3088 τοὺς
1341 3026 1555 3094 λόγους,
1587 3024 1646 3077 οὐ
1662 3046 1675 3086 έ
1713 3026 1807 3074 ἐω-

214 3124 465 3192 ρὰκασιν
513 3121 780 3191 ὀφθαλμοί
840 3138 959 3184 σου,
1015 3124 1107 3173 καὶ
1141 3121 1215 3191 μή
1238 3120 1632 3187 ἀποστήτωσαν
1698 3118 1805 3169 ἀπὸ

210 3217 317 3287 τῆς
356 3215 592 3285 καρδίας
624 3230 738 3264 σου.
766 3230 784 3262 ι

1912 2011 2063 2065 stra,
2100 2011 2154 2055 et
2188 2001 2385 2056 cadent
2421 2018 2605 2057 coram
2652 2006 2813 2058 vobis
2856 2003 3069 2059 inimici
3124 2007 3291 2059 vestri
3340 2006 3493 2058 occi-

1913 2094 2105 2155 sioue,
2155 2101 2209 2147 et
2256 2105 2654 2163 persequentur
2699 2094 2944 2165 quinque
2972 2097 3040 2151 de
3071 2097 3275 2152 vestris
3306 2110 3493 2151 ceute-
3564 2120 3567 2123 ·

1913 2202 2039 2247 nos,
2060 2195 2115 2241 et
2141 2197 2361 2241 centmn
2381 2203 2445 2241 ex
2465 2188 2620 2243 vobis
2647 2203 3051 2259 persequentur
3068 2191 3254 2246 decem
3283 2192 3489 2259 millia;

1913 2288 1970 2335 et
1994 2284 2185 2336 cadent
2216 2282 2428 2336 inimici
2456 2283 2627 2337 vestri
2654 2298 2839 2336 coram
2874 2284 3032 2339 vobis
3062 2284 3261 2355 gladio.
3313 2286 3379 2340 Et
3406 2303 3496 2342 re-

1915 2376 2141 2443 spiciam
2170 2392 2288 2439 vos,
2310 2385 2364 2429 et
2384 2391 2633 2432 crescere
2664 2375 2863 2432 faciam
2890 2395 2905 2443 ;
2937 2388 2989 2433 et
3010 2387 3248 2436 statuam
3272 2392 3493 2453 pactum

1915 2484 2095 2523 meum
2119 2470 2429 2525 vobiscum.
2458 2468 2525 2523 Et
2553 2471 2855 2526 comedetis
2879 2481 3120 2541 vetusta,
3149 2484 3204 2530 et
3233 2477 3495 2533 vetustis—

1914 2563 2055 2617 sima
2090 2571 2340 2618 veterum
2364 2605 2379 2629 ,
2414 2573 2468 2619 et
2498 2572 2684 2617 vetera
2710 2580 2740 2618 a
2771 2564 2909 2618 facie
2936 2580 3203 2620 novorum
3232 2567 3493 2637 ejicietis.

1917 2656 1979 2709 Et
2011 2673 2209 2727 ponam
2245 2664 2463 2728 pactum
2498 2673 2681 2713 meum
2712 2660 2767 2712 in
2803 2660 2988 2725 vobis,
3030 2673 3083 2716 et
3128 2678 3239 2716 non
3278 2663 3494 2718 abomi-

1916 2751 2137 2803 nabitur
2169 2766 2269 2804 vos
2301 2752 2487 2804 anima
2520 2765 2660 2806 mea.
2696 2750 2760 2806 Et
2794 2754 3090 2809 ambulabo
3122 2756 3177 2809 in
3210 2756 3368 2811 vobis
3391 2798 3406 2823 ,
3438 2766 3493 2812 et

1912 2858 2009 2897 ero
2035 2840 2177 2897 Deus
2207 2851 2437 2897 vester.»

1990 2936 2145 2990 Deut.
2181 2952 2255 2999 tv,
2282 2937 2420 2991 9.-
2444 2956 2460 2987 ι
2488 2936 2723 2991 Attende
2751 2937 2849 2992 tibi
2874 2979 2890 3003 ,
2924 2950 2980 2994 et
3007 2940 3224 2995 custodi
3251 2941 3492 2997 animam

1915 3038 2062 3084 tuam
2114 3029 2366 3084 sollicite.
2419 3027 2494 3083 Ne
2539 3029 2887 3085 obliviscaris
2914 3033 3157 3087 omnium
3193 3026 3492 3089 verborum

1913 3139 2034 3191 qua:
2054 3123 2309 3178 viderunt
2331 3124 2476 3177 oculi
2500 3122 2613 3188 tui,
2641 3133 2695 3177 et
2722 3138 2790 3177 ne
2814 3123 3073 3179 excidant
3094 3141 3126 3180 e
3147 3125 3316 3181 corde
3338 3136 3449 3181 tuo.
3465 3148 3484 3178 ι

293 3328 313 3360 ‹
345 3307 643 3359 Φυλάττων
666 3303 903 3371 φύλαξαι
932 3303 1030 3364 τὰς
1053 3302 1275 3364 ἐντολὰς
1304 3301 1510 3372 Κυρίου
1542 3301 1635 3353 τοῦ
1666 3299 1799 3352 Θεοῦ

1984 3308 2142 3362 Deut.
2178 3324 2261 3371 vt,
2294 3308 2381 3361 i7.
2406 3336 2471 3346 —~
2504 3325 2523 3358 ι
2557 3306 2936 3382 Custodiendo
2967 3302 3183 3363 custodi
3219 3322 3489 3382 praecepta

212 3416 350 3464 σου,
386 3398 461 3450 τά
498 3394 777 3467 μαρτύρια
830 3395 924 3447 καὶ
967 3394 1038 3446 τὰ
1074 3392 1418 3463 δικαιώματα
1468 3394 1567 3445 ὅσα
1612 3392 1811 3446 ἐνετεί-

212 3490 353 3543 λατό
388 3506 477 3541 σοι

294 3602 317 3635 ‹
349 3583 471 3636 υύκ
520 3580 791 3641 εκκλινεϊς
842 3576 1013 3647 δεξιᾷ,
1047 3576 1167 3629 ουόὲ
1200 3576 1487 3646 ἀριστερᾷ,
1554 3592 1690 3628 κατα
1710 3575 1812 3627 πᾶ-

214 3694 323 3731 σαν
348 3674 453 3746 τὴν
474 3671 616 3738 ὁδὸν,
646 3672 713 3743 ἢν
733 3670 1040 3723 ἐνετείλατό
1074 3685 1155 3720 σοι
1179 3670 1209 3721 ὁ
1236 3666 1461 3737 Κύριος.
1488 3686 1506 3718 ι

291 3880 315 3914 ι
369 3860 507 3914 Ἐὰν
536 3858 805 3926 ἀκούσητε
827 3854 896 3908 τὰ
924 3852 1271 3925 δικαιώματά
1322 3870 1420 3923 μου
1473 3851 1666 3915 ταῦτα,
1722 3851 1816 3904 καὶ

209 3955 531 4025 φυλάξητε,
564 3952 660 4005 καὶ
694 3949 984 4019 ποιήσητε,
1045 3946 1361 4018 διαφυλάξει
1394 3947 1601 4018 Κύριος
1632 3948 1659 3999 ὁ
1683 3945 1814 4008 θεὸς

210 4049 357 4119 ὑμῖν
418 4046 523 4114 τὴν
555 4043 839 4114 διαθήκην,
870 4043 963 4095 καὶ
996 4043 1058 4093 τὸ
1106 4041 1276 4105 ἕλεος,
1311 4040 1340 4092 ὃ
1373 4039 1541 4109 ὥρισε
1571 4042 1679 4101 τοῖς
1712 4057 1815 4091 πα-

208 4140 433 4207 τράσιν
462 4132 637 4203 ὐμῶν,
670 4140 762 4186 καὶ
814 4132 1091 4201 ἀγαπήσει
1124 4147 1183 4181 σε
1210 4130 1433 4200 Κύριος,
1465 4130 1558 4180 καὶ
1589 4128 1813 4197 εὐλογή-

212 4250 308 4285 σει
360 4232 442 4283 τὰ
489 4228 684 4293 ἔγγονα
742 4227 840 4294 τῆς
889 4223 1099 4285 κοιλίας
1142 4239 1258 4284 σου,
1294 4220 1399 4281 ,καὶ
1452 4220 1544 4272 τὸν
1601 4218 1816 4288 καρπὸν

208 4323 323 4391 τῆς
354 4320 471 4389 γῆς
499 4335 612 4383 σου,
638 4316 732 4369 καὶ
760 4316 851 4368 τὸν
901 4316 1046 4365 σιτον
1077 4329 1193 4373 σου,
1240 4312 1332 4364 καὶ
1388 4310 1478 4364 τὸν
1523 4310 1665 4363 οἶνόν
1698 4327 1815 4375 σου,

212 4418 322 4471 καὶ
348 4417 419 4466 τὸ
451 4412 629 4465 ἔλαιόν
656 4427 749 4463 σου
780 4425 791 4437 ·
826 4408 922 4461 καὶ
952 4407 1244 4475 εὐλογητὸς
1300 4404 1399 4475 ἔσῃ
1460 4403 1612 4474 παρά
1641 4403 1818 4456 πάντα

208 4511 289 4563 τὰ
335 4507 553 4574 ἓθνηδι

1918 3399 2131 3452 Domini
2161 3399 2251 3451 Dei
2286 3400 2361 3452 tui
2392 3439 2406 3462 ,
2437 3399 2756 3453 testimonia
2783 3408 2836 3453 et
2859 3399 3318 3469 iustiﬁcationes,
3343 3420 3491 3473 qua:-

1912 3504 2129 3557 cuuque
2161 3489 2438 3543 mandavit
2467 3489 2586 3543 tibi.
2618 3509 2639 3542 ι

1984 3578 2138 3633 Deut.
2172 3596 2283 3633 xvu
2306 3621 2321 3645 ,
2351 3581 2521 3635 1·1.-
2546 3600 2564 3631 ι
2596 3579 2712 3635 Non
2739 3581 3043 3638 declinabis
3072 3584 3135 3638 ad
3166 3587 3447 3641 dexteram
3471 3627 3486 3647 ,

1914 3685 2091 3740 neque
2118 3672 2185 3725 ad
2217 3673 2523 3735 sinistram,
2544 3672 2851 3727 secundum
2874 3689 3091 3729 omnem
3123 3676 3290 3740 viam,
3322 3692 3487 3747 quam

1917 3766 2163 3837 praecipit
2192 3765 2289 3819 tibi
2320 3764 2604 3820 Dominus.
2636 3785 2655 3815 ι

1986 3858 2143 3912 Deut.
2177 3873 2285 3922 vn,
2325 3857 2410 3911 l4.
2443 3887 2512 3896 ——
2547 3874 2565 3907 ι
2610 3858 2668 3910 Si
2718 3844 3006 3913 audieritis
3063 3859 3487 3929 justiﬁcationes

1918 3968 2067 4007 meas
2100 3952 2229 4017 has,
2267 3962 2320 4005 et
2364 3949 2737 4005 custodieritis
2762 3994 2777 4017 ,
2814 3960 2870 4007 et
2900 3951 3143 4008 fet-eritis
3164 3995 3179 4019 ,
3214 3956 3486 4010 custodiet

1918 4046 2073 4100 vobis
2095 4044 2360 4099 Dominus
2380 4043 2524 4099 Deus
2546 4055 2765 4115 pactum
2789 4051 2844 4101 et
2866 4045 3300 4101 misericordiam
3323 4064 3486 4115 quam

1921 4138 2252 4210 praescripsit
2298 4138 2545 4209 patribus
2596 4138 2829 4203 vestris,
2877 4149 2932 4193 et
2957 4139 3148 4208 diliget
3197 4148 3249 4193 te
3300 4138 3483 4193 Domi-

1921 4250 2062 4298 nus,
2110 4242 2165 4288 et
2208 4230 2492 4313 benedicet
2541 4229 2686 4285 fetus
2740 4230 2952 4285 ventris
2998 4232 3074 4284 tui
3105 4270 3120 4293 ,
3166 4241 3222 4286 et
3274 4231 3484 4285 fructus

1922 4337 2079 4381 terra:
2110 4335 2251 4388 tuae,
2279 4334 2335 4380 et
2365 4323 2701 4379 frumentum
2742 4335 2895 4378 tuum
2920 4363 2933 4388 ,
2983 4334 3037 4379 et
3082 4324 3268 4377 vinum
3311 4332 3486 4383 tuum.

1917 4427 1973 4474 et
2017 4420 2199 4474 oleum
2253 4426 2449 4472 tuum:
2481 4426 2536 4472 et
2580 4417 2907 4472 benedictus
2937 4416 3049 4470 eris
3098 4432 3262 4486 super
3300 4432 3485 4471 omnes

1920 4520 2128 4582 gentes.
2159 4530 2176 4563 ι

301 4629 324 4660 ι
354 4608 490 4659 Ἐὰν
506 4606 641 4674 ἀκοῇ
660 4601 869 4673 ἀκούσῃ
886 4601 983 4670 τῆς
1006 4597 1191 4667 φωνῆς
1208 4596 1433 4667 Κυρίου,
1458 4596 1810 4664 εὐλογημένος

1992 4601 2151 4655 Deut.
2186 4615 2378 4666 xxvut,
2401 4600 2531 4663 3-6,
2558 4600 2611 4665 8,
2638 4599 2967 4665 12,15.-ς
2994 4598 3053 4652 Si
3083 4598 3273 4653 auditu
3303 4600 3487 4653 audie-

204 4705 286 4754 σὺ
324 4702 396 4751 ὲν
418 4694 595 4764 ἀγρῷ,
649 4694 743 4745 καὶ
769 4690 1113 4761 εὐλογημένη
1136 4690 1169 4758 ἡ
1199 4688 1452 4759 ἀποθήκη
1481 4704 1598 4752 σου,
1628 4690 1721 4740 καὶ
1752 4687 1819 4740 τά

212 4785 736 4860 ἐγκαταλείμματά
776 4802 895 4839 σου.
930 4782 1301 4851 Εὐλογημένος
1327 4781 1392 4833 σύ
1432 4782 1489 4833 ὲν
1525 4779 1604 4849 τῷ
1632 4782 1820 4832 εἰσπο-

210 4876 501 4951 ρεύεσθαί
540 4892 596 4927 σε
616 4891 627 4903 ·
675 4874 973 4942 ἀποστείλῃ
994 4871 1194 4943 Κύριος
1224 4870 1317 4922 ἐπὶ
1342 4871 1401 4923 σὲ
1424 4870 1520 4941 τὴν
1545 4870 1817 4937 εὐλογίαν,

206 4967 279 5025 οὗ
310 4970 423 5022 ἐὰν
463 4966 757 5036 ἐπιϐάλλῃς
789 4966 887 5035 τὴν
916 4965 1074 5033 χεῖρα
1105 4981 1222 5027 σου,
1256 4964 1349 5014 καὶ
1378 4962 1660 5033 εὐλογήσει
1694 4963 1822 5015 πάν-

206 5084 289 5118 τα
328 5062 412 5114 τὰ
444 5061 581 5128 ἔργα
636 5058 745 5111 τῶν
799 5057 1001 5127 χειρῶν
1031 5050 1179 5117 ’σου,
1220 5056 1328 5113 ,καὶ
1376 5055 1579 5115 δανιεῖς
1640 5053 1818 5106 ἔθνεσι

206 5155 482 5215 πολλοῖς,
516 5151 579 5202 σὺ
618 5150 674 5203 δὲ
693 5150 751 5200 οὐ
779 5148 1081 5218 δανιῇοκαὶ
1122 5147 1307 5215 ἄρξεις
1362 5144 1532 5197 ἐθνῶν
1580 5144 1815 5197 πολλῶν.

203 5251 341 5302 Καὶ
384 5244 718 5313 καταστήσει
738 5258 796 5292 σε
826 5241 1030 5318 Κύριος
1065 5240 1145 5302 εἰς
1174 5238 1440 5309 κεφαλὴν,
1474 5237 1594 5307 ,καὶ
1626 5235 1703 5308 μὴ
1740 5239 1819 5299 εἰς

205 5339 434 5411 οὐρὰν,
479 5337 591 5406 καὶ.Δ
617 5335 776 5389 δώσει
814 5334 904 5387 τὸν
939 5332 1091 5385 ὑετὸν
1142 5331 1242 5401 τῆς
1280 5331 1381 5401 γῆς
1435 5348 1526 5383 σου
1578 5330 1681 5393 ἕως
1708 5348 1820 5383 και-

208 5432 358 5505 ροῦ.
395 5448 414 5480 ι

306 5555 327 5585 ‹
374 5528 514 5587 Εἷπε
548 5528 801 5598 Σαμουὴλ
822 5544 833 5555 ’
860 5528 920 5580 Ei
948 5526 1170 5595 θελητὸν
1201 5526 1278 5596 τῷ
1303 5526 1495 5595 Κυρίῳ
1524 5525 1820 5577 ὁλοκαυτώ-

211 5644 395 5698 ματα
446 5623 539 5674 καὶ
591 5621 794 5685 θυσίαι,
832 5623 904 5684 ῶς
932 5621 992 5671 τὸ
1027 5618 1258 5672 ἀκοῦσαι
1327 5619 1510 5688 φωνῆς
1569 5619 1815 5689 Κυρίου;

224 5720 391 5773 ἰδυῦ
426 5714 730 5783 ἁκοὴιύπὲρ
764 5713 973 5766 θυσίαν.
1022 5732 1039 5763 ι

305 5828 335 5863 ί
398 5808 458 5861 Ἥ
495 5808 705 5876 ὑπακοή
750 5822 841 5856 σου
891 5805 1157 5858 ἐπλήθυνέ
1201 5822 1265 5856 us
1297 5805 1378 5867 εἰς
1417 5804 1753 5875 πλιιτυσμόν.
1793 5823 1809 5854 ι

568 5971 840 6034 ΡΔτιιυι..
889 5972 934 6031 G
949 5990 1007 6030 tt.
1061 5968 1236 6030 XCV.

1920 4695 1998 4748 ris
2033 4707 2219 4747 vocem
2251 4690 2505 4758 Domini,
2537 4692 2862 4747 benedicms
2890 4699 2945 4743 tu
2981 4692 3035 4743 in
3068 4706 3222 4761 agro.
3250 4701 3303 4744 et
3334 4691 3493 4744 beuev

1921 4786 2128 4839 dictum
2163 4786 2414 4837 horreum
2449 4793 2603 4835 tttum
2626 4823 2639 4842 .
2673 4793 2726 4837 et
2755 4783 3057 4837 benedicta:
3090 4782 3337 4849 reliquia:
3369 4791 3490 4835 tme.

1922 4874 2250 4929 Bettedictus
2281 4885 2337 4926 ιιι
2371 4873 2423 4925 iu
2466 4874 2839 4942 egrediemlo;
2878 4873 3057 4926 mittat
3101 4870 3364 4925 Dominus
3407 4889 3489 4925 su-

1922 4982 2017 5034 per
2052 4975 2105 5019 te
2132 4964 2608 5027 benedictionem,
2647 4965 2961 5033 ubicunque
2992 4963 3248 5032 injeceris
3279 4979 3494 5015 mamim

1924 5072 2070 5111 tuam
2101 5077 2114 5123 ;
2146 5068 2201 5111 et
2235 5058 2527 5112 benedicat
2558 5058 2739 5110 omnia
2776 5072 2941 5127 Opera
2966 5071 3225 5109 manuum
3257 5065 3494 5117 tuarum,

1921 5162 1975 5205 et
1999 5151 2277 5206 feuerabis
2301 5152 2555 5222 gentibus
2586 5150 2774 5204 multis
2803 5194 2815 5215 ,
2860 5160 2915 5203 et
2948 5151 3063 5218 ipse
3093 5165 3123 5202 a
3156 5150 3308 5202 nullo
3341 5150 3493 5202 fenus

1924 5247 2162 5312 accipies
2191 5265 2205 5312 ;
2238 5254 2292 5300 et
2323 5245 2699 5299 dominaberis
2730 5244 2986 5314 gentibus
3013 5246 3224 5297 multis.
3271 5243 3337 5295 Et
3367 5261 3493 5297 (δοιιν

1923 5342 2115 5395 stituet
2152 5349 2205 5393 te
2240 5339 2505 5392 Dominus
2544 5338 2597 5390 in
2636 5350 2838 5405 caput,
2889 5346 2943 5390 et
2978 5354 3087 5390 non
3138 5337 3195 5389 in
3244 5336 3499 5389 caudam.

1922 5433 1985 5487 Et
2015 5433 2169 5488 dabit
2199 5432 2428 5485 imbrem
2458 5439 2617 5484 terra:
2644 5434 2697 5484 in
2734 5443 2976 5499 tempore
3019 5444 3141 5483 suo.
3179 5448 3198 5479 ι

1993 5525 2021 5579 1
2051 5526 2177 5596 Reg.
2210 5541 2296 5587 xv,
2325 5523 2500 5577 21—
2524 5544 2542 5575 ι
2575 5522 2720 5577 Dixit
2746 5524 2997 5578 Samuel:
3024 5521 3282 5591 hunquid
3310 5520 3492 5577 Domtv

1921 5634 2028 5673 nus
2057 5618 2177 5672 vult
2210 5618 2534 5671 holocausta
2565 5626 2619 5670 et
2650 5616 2906 5669 victimas
2928 5657 2942 5681 ,
2986 5616 3131 5668 sicut
3163 5614 3356 5667 audire
3399 5628 3493 5664 vo-

1920 5730 2038 5770 cem
2068 5713 2279 5766 .)umini
2302 5712 2324 5764 ?
2346 5710 2485 5765 Ecce
2546 5712 2822 5764 bedientia
2849 5724 3014 5779 supra
3041 5707 3320 5761 victimam
3356 5713 3493 5759 θείη

1991 5803 2055 5857 ll
2090 5802 2219 5869 Reg.
2253 5817 2401 5865 χχιι,
2433 5801 2503 5854 ‘20
2564 5830 2628 5839 —-
2658 5819 2675 5851 ι
2708 5798 3029 5857 Οιιοιιιθιιὶὶίι
3081 5808 3176 5852 tua
3226 5796 3494 5867 multipiio

1921 5900 2059 5956 cavit
2095 5912 2179 5953 Inc
2215 5898 2269 5951 in
2298 5895 2666 5953 latitudinem.
2696 5915 2715 5947 ι

3093 5962 3169 6023 45
