  <div class='ocr_page' id='page_1' title='image "/cluster/home/n/w/nwhite01/storage/ocr_20150623/95/nnc1.0046979816/715.png"; bbox 0 0 4206 6442; ppageno 0'>
   <div class='ocr_carea' id='block_1_1' title="bbox 749 397 874 461">
    <p class='ocr_par' dir='ltr' id='par_1_1' title="bbox 749 397 874 461">
     <span class='ocr_line' id='line_1_1' title="bbox 749 397 874 461; baseline -0.032 0"><span class='ocrx_word' id='word_1_1' title='bbox 749 397 874 461; x_wconf 67' lang='lat'><strong>1419</strong></span> 
     </span>
    </p>
   </div>
   <div class='ocr_carea' id='block_1_2' title="bbox 1915 394 2800 456">
    <p class='ocr_par' dir='ltr' id='par_1_2' title="bbox 1915 394 2800 456">
     <span class='ocr_line' id='line_1_2' title="bbox 1915 394 2800 456; baseline 0.002 -4"><span class='ocrx_word' id='word_1_2' title='bbox 1915 396 1975 454; x_wconf 89' lang='lat' dir='ltr'><strong>S.</strong></span> <span class='ocrx_word' id='word_1_3' title='bbox 2015 395 2331 454; x_wconf 73' lang='lat' dir='ltr'><strong>JOANNIS</strong></span> <span class='ocrx_word' id='word_1_4' title='bbox 2371 394 2800 456; x_wconf 80' lang='lat' dir='ltr'><strong>DAMASCENI</strong></span> 
     </span>
    </p>
   </div>
   <div class='ocr_carea' id='block_1_3' title="bbox 3864 401 4011 464">
    <p class='ocr_par' dir='ltr' id='par_1_3' title="bbox 3864 401 4011 464">
     <span class='ocr_line' id='line_1_3' title="bbox 3864 401 4011 464; baseline -0.014 0"><span class='ocrx_word' id='word_1_5' title='bbox 3864 401 4011 464; x_wconf 67' lang='grc'><strong>1420</strong></span> 
     </span>
    </p>
   </div>
   <div class='ocr_carea' id='block_1_4' title="bbox 807 505 2315 583">
    <p class='ocr_par' dir='ltr' id='par_1_4' title="bbox 807 507 2306 576">
     <span class='ocr_line' id='line_1_4' title="bbox 807 507 2306 576; baseline -0.005 -10"><span class='ocrx_word' id='word_1_6' title='bbox 807 512 904 566; x_wconf 82' lang='lat' dir='ltr'><strong>Job</strong></span> <span class='ocrx_word' id='word_1_7' title='bbox 943 523 1078 563; x_wconf 78' lang='lat' dir='ltr'><strong>mn</strong></span> <span class='ocrx_word' id='word_1_8' title='bbox 1104 548 1119 572; x_wconf 96' lang='lat'><strong>,</strong></span> <span class='ocrx_word' id='word_1_9' title='bbox 1160 508 1244 562; x_wconf 85' lang='lat' dir='ltr'><strong>ll.</strong></span> <span class='ocrx_word' id='word_1_10' title='bbox 1282 538 1336 548; x_wconf 89' lang='lat'><strong><em>—</em></strong></span> <span class='ocrx_word' id='word_1_11' title='bbox 1387 526 1403 558; x_wconf 81' lang='grc' dir='ltr'><strong>ι</strong></span> <span class='ocrx_word' id='word_1_12' title='bbox 1437 507 1565 562; x_wconf 72' lang='lat' dir='ltr'><strong>\‘ias</strong></span> <span class='ocrx_word' id='word_1_13' title='bbox 1615 509 1732 576; x_wconf 86' lang='lat' dir='ltr'><strong>ejus</strong></span> <span class='ocrx_word' id='word_1_14' title='bbox 1775 507 2080 571; x_wconf 72' lang='lat' dir='ltr'><strong>custodiri,</strong></span> <span class='ocrx_word' id='word_1_15' title='bbox 2112 516 2167 560; x_wconf 86' lang='lat' dir='ltr'><strong>et</strong></span> <span class='ocrx_word' id='word_1_16' title='bbox 2200 523 2306 559; x_wconf 91' lang='lat' dir='ltr'><strong>non</strong></span> 
     </span>
    </p>
   </div>
   <div class='ocr_carea' id='block_1_5' title="bbox 2416 505 4009 583">
    <p class='ocr_par' dir='ltr' id='par_1_5' title="bbox 2488 505 4009 583">
     <span class='ocr_line' id='line_1_5' title="bbox 2488 505 4009 583; baseline 0.007 -26"><span class='ocrx_word' id='word_1_17' title='bbox 2488 524 2506 557; x_wconf 79' lang='grc' dir='ltr'><strong>ι</strong></span> <span class='ocrx_word' id='word_1_18' title='bbox 2555 505 2742 568; x_wconf 81' lang='grc' dir='ltr'>Ὁδοὺς</span> <span class='ocrx_word' id='word_1_19' title='bbox 2787 505 2952 559; x_wconf 76' lang='grc' dir='ltr'>αὑτοῦ</span> <span class='ocrx_word' id='word_1_20' title='bbox 3001 506 3267 576; x_wconf 73' lang='grc' dir='ltr'>ἐφύλαξα,</span> <span class='ocrx_word' id='word_1_21' title='bbox 3300 526 3392 562; x_wconf 82' lang='grc' dir='ltr'>και</span> <span class='ocrx_word' id='word_1_22' title='bbox 3419 511 3482 563; x_wconf 77' lang='grc' dir='ltr'><strong>οὐ</strong></span> <span class='ocrx_word' id='word_1_23' title='bbox 3511 512 3587 583; x_wconf 78' lang='grc' dir='ltr'>μὴ</span> <span class='ocrx_word' id='word_1_24' title='bbox 3611 513 3848 568; x_wconf 62' lang='lat' dir='ltr'><strong>tanaim</strong></span> <span class='ocrx_word' id='word_1_25' title='bbox 3887 517 4009 570; x_wconf 65' lang='grc' dir='ltr'><strong>ἀπὸ</strong></span> 
     </span>
    </p>
   </div>
   <div class='ocr_carea' id='block_1_6' title="bbox 739 600 2003 668">
    <p class='ocr_par' dir='ltr' id='par_1_6' title="bbox 739 600 2003 668">
     <span class='ocr_line' id='line_1_6' title="bbox 739 600 2003 668; baseline -0.003 -12"><span class='ocrx_word' id='word_1_26' title='bbox 739 602 1025 656; x_wconf 72' lang='lat' dir='ltr'><strong>Jm-linabo</strong></span> <span class='ocrx_word' id='word_1_27' title='bbox 1055 615 1084 654; x_wconf 94' lang='lat' dir='ltr'><strong>a</strong></span> <span class='ocrx_word' id='word_1_28' title='bbox 1119 601 1396 655; x_wconf 77' lang='lat' dir='ltr'><strong>mandatis</strong></span> <span class='ocrx_word' id='word_1_29' title='bbox 1426 600 1551 668; x_wconf 85' lang='lat' dir='ltr'><strong>ejus</strong></span> <span class='ocrx_word' id='word_1_30' title='bbox 1571 641 1586 664; x_wconf 96' lang='lat'><strong>,</strong></span> <span class='ocrx_word' id='word_1_31' title='bbox 1625 615 1694 654; x_wconf 91' lang='lat' dir='ltr'><strong>ne</strong></span> <span class='ocrx_word' id='word_1_32' title='bbox 1723 602 1951 654; x_wconf 90' lang='lat' dir='ltr'><strong>moriar.</strong></span> <span class='ocrx_word' id='word_1_33' title='bbox 1985 619 2003 652; x_wconf 80' lang='grc' dir='ltr'><strong>ι</strong></span> 
     </span>
    </p>
   </div>
   <div class='ocr_carea' id='block_1_7' title="bbox 796 689 2306 755">
    <p class='ocr_par' dir='ltr' id='par_1_7' title="bbox 796 689 2306 755">
     <span class='ocr_line' id='line_1_7' title="bbox 796 689 2306 755; baseline -0.001 -12"><span class='ocrx_word' id='word_1_34' title='bbox 796 693 899 746; x_wconf 74' lang='lat' dir='ltr'><strong>Job</strong></span> <span class='ocrx_word' id='word_1_35' title='bbox 940 709 1138 755; x_wconf 72' lang='lat' dir='ltr'><strong>nm,</strong></span> <span class='ocrx_word' id='word_1_36' title='bbox 1175 693 1259 746; x_wconf 85' lang='lat' dir='ltr'><strong>ll.</strong></span> <span class='ocrx_word' id='word_1_37' title='bbox 1297 723 1366 731; x_wconf 97' lang='lat'><strong>—</strong></span> <span class='ocrx_word' id='word_1_38' title='bbox 1406 711 1425 743; x_wconf 83' lang='grc' dir='ltr'><strong>ι</strong></span> <span class='ocrx_word' id='word_1_39' title='bbox 1456 693 1514 746; x_wconf 87' lang='lat' dir='ltr'><strong>Si</strong></span> <span class='ocrx_word' id='word_1_40' title='bbox 1550 691 1864 755; x_wconf 86' lang='lat' dir='ltr'><strong>audierint,</strong></span> <span class='ocrx_word' id='word_1_41' title='bbox 1893 699 1948 746; x_wconf 90' lang='lat' dir='ltr'><strong>et</strong></span> <span class='ocrx_word' id='word_1_42' title='bbox 1979 689 2306 752; x_wconf 80' lang='lat' dir='ltr'><strong>servierint,</strong></span> 
     </span>
    </p>
   </div>
   <div class='ocr_carea' id='block_1_8' title="bbox 734 781 2307 851">
    <p class='ocr_par' dir='ltr' id='par_1_8' title="bbox 734 781 2307 851">
     <span class='ocr_line' id='line_1_8' title="bbox 734 781 2307 851; baseline -0.001 -15"><span class='ocrx_word' id='word_1_43' title='bbox 734 785 1018 851; x_wconf 71' lang='lat' dir='ltr'><strong>perﬁcient</strong></span> <span class='ocrx_word' id='word_1_44' title='bbox 1045 782 1164 837; x_wconf 90' lang='lat' dir='ltr'><strong>dies</strong></span> <span class='ocrx_word' id='word_1_45' title='bbox 1195 797 1327 837; x_wconf 90' lang='lat' dir='ltr'><strong>suos</strong></span> <span class='ocrx_word' id='word_1_46' title='bbox 1356 783 1412 836; x_wconf 91' lang='lat' dir='ltr'><strong>in</strong></span> <span class='ocrx_word' id='word_1_47' title='bbox 1439 781 1600 836; x_wconf 88' lang='lat' dir='ltr'><strong>bonis</strong></span> <span class='ocrx_word' id='word_1_48' title='bbox 1621 822 1636 846; x_wconf 93' lang='lat'><strong>,</strong></span> <span class='ocrx_word' id='word_1_49' title='bbox 1669 789 1724 838; x_wconf 92' lang='lat' dir='ltr'><strong>et</strong></span> <span class='ocrx_word' id='word_1_50' title='bbox 1756 795 1932 837; x_wconf 86' lang='lat' dir='ltr'><strong>annos</strong></span> <span class='ocrx_word' id='word_1_51' title='bbox 1965 796 2096 836; x_wconf 86' lang='lat' dir='ltr'><strong>suos</strong></span> <span class='ocrx_word' id='word_1_52' title='bbox 2127 781 2180 834; x_wconf 90' lang='lat' dir='ltr'><strong>in</strong></span> <span class='ocrx_word' id='word_1_53' title='bbox 2213 781 2307 834; x_wconf 87' lang='lat' dir='ltr'><strong>de-</strong></span> 
     </span>
    </p>
   </div>
   <div class='ocr_carea' id='block_1_9' title="bbox 734 888 931 926">
    <p class='ocr_par' dir='ltr' id='par_1_9' title="bbox 734 888 931 926">
     <span class='ocr_line' id='line_1_9' title="bbox 734 888 931 926; baseline -0.01 -2"><span class='ocrx_word' id='word_1_54' title='bbox 734 888 876 926; x_wconf 81' lang='lat' dir='ltr'><strong>l&#39;Ol&#39;e.</strong></span> <span class='ocrx_word' id='word_1_55' title='bbox 913 892 931 922; x_wconf 73' lang='grc' dir='ltr'><strong>ι</strong></span> 
     </span>
    </p>
   </div>
   <div class='ocr_carea' id='block_1_10' title="bbox 798 969 2308 1041">
    <p class='ocr_par' dir='ltr' id='par_1_10' title="bbox 798 969 2308 1041">
     <span class='ocr_line' id='line_1_10' title="bbox 798 969 2308 1041; baseline -0.001 -14"><span class='ocrx_word' id='word_1_56' title='bbox 798 974 949 1028; x_wconf 79' lang='lat' dir='ltr'><strong>Paul.</strong></span> <span class='ocrx_word' id='word_1_57' title='bbox 987 991 1118 1028; x_wconf 77' lang='grc' dir='ltr'>χνιιι</span> <span class='ocrx_word' id='word_1_58' title='bbox 1140 1015 1156 1039; x_wconf 93' lang='grc'><strong>,</strong></span> <span class='ocrx_word' id='word_1_59' title='bbox 1186 975 1240 1028; x_wconf 91' lang='lat'><strong>9.</strong></span> <span class='ocrx_word' id='word_1_60' title='bbox 1267 1002 1326 1012; x_wconf 85' lang='lat'><strong>-—</strong></span> <span class='ocrx_word' id='word_1_61' title='bbox 1363 991 1382 1023; x_wconf 82' lang='grc' dir='ltr'><strong>ι</strong></span> <span class='ocrx_word' id='word_1_62' title='bbox 1413 971 1750 1041; x_wconf 65' lang='lat' dir='ltr'><strong>Praeceptum</strong></span> <span class='ocrx_word' id='word_1_63' title='bbox 1782 969 1998 1024; x_wconf 85' lang='lat' dir='ltr'><strong>Domini</strong></span> <span class='ocrx_word' id='word_1_64' title='bbox 2031 969 2269 1023; x_wconf 89' lang='lat' dir='ltr'><strong>lucidum</strong></span> <span class='ocrx_word' id='word_1_65' title='bbox 2301 1018 2308 1026; x_wconf 96' lang='lat'><strong>.</strong></span> 
     </span>
    </p>
   </div>
   <div class='ocr_carea' id='block_1_11' title="bbox 732 1066 1432 1120">
    <p class='ocr_par' dir='ltr' id='par_1_11' title="bbox 732 1066 1432 1120">
     <span class='ocr_line' id='line_1_11' title="bbox 732 1066 1432 1120; baseline -0.003 -2"><span class='ocrx_word' id='word_1_66' title='bbox 732 1075 781 1119; x_wconf 72' lang='grc' dir='ltr'>ει</span> <span class='ocrx_word' id='word_1_67' title='bbox 810 1066 1132 1120; x_wconf 85' lang='lat' dir='ltr'><strong>illuminans</strong></span> <span class='ocrx_word' id='word_1_68' title='bbox 1163 1066 1377 1120; x_wconf 92' lang='lat' dir='ltr'><strong>oculos.</strong></span> <span class='ocrx_word' id='word_1_69' title='bbox 1412 1084 1432 1116; x_wconf 77' lang='grc' dir='ltr'><strong>ι</strong></span> 
     </span>
    </p>
   </div>
   <div class='ocr_carea' id='block_1_12' title="bbox 803 1153 2307 1227">
    <p class='ocr_par' dir='ltr' id='par_1_12' title="bbox 803 1153 2307 1227">
     <span class='ocr_line' id='line_1_12' title="bbox 803 1153 2307 1227; baseline -0.002 -15"><span class='ocrx_word' id='word_1_70' title='bbox 803 1157 955 1213; x_wconf 77' lang='lat' dir='ltr'><strong>Psal.</strong></span> <span class='ocrx_word' id='word_1_71' title='bbox 984 1175 1057 1214; x_wconf 85' lang='lat' dir='ltr'><strong>cn</strong></span> <span class='ocrx_word' id='word_1_72' title='bbox 1079 1199 1095 1221; x_wconf 91' lang='lat'><strong>,</strong></span> <span class='ocrx_word' id='word_1_73' title='bbox 1129 1158 1216 1211; x_wconf 81' lang='grc' dir='ltr'><strong>Γ.</strong></span> <span class='ocrx_word' id='word_1_74' title='bbox 1246 1187 1316 1197; x_wconf 88' lang='grc'><strong><em>-</em></strong></span> <span class='ocrx_word' id='word_1_75' title='bbox 1350 1177 1369 1208; x_wconf 75' lang='grc' dir='ltr'><strong>ι</strong></span> <span class='ocrx_word' id='word_1_76' title='bbox 1401 1157 1466 1211; x_wconf 82' lang='lat' dir='ltr'><strong>Et</strong></span> <span class='ocrx_word' id='word_1_77' title='bbox 1506 1156 1722 1227; x_wconf 73' lang='lat' dir='ltr'><strong>JIISlllla</strong></span> <span class='ocrx_word' id='word_1_78' title='bbox 1772 1155 1922 1210; x_wconf 85' lang='lat' dir='ltr'><strong>illius</strong></span> <span class='ocrx_word' id='word_1_79' title='bbox 1951 1155 2007 1210; x_wconf 85' lang='lat' dir='ltr'><strong>in</strong></span> <span class='ocrx_word' id='word_1_80' title='bbox 2039 1153 2180 1211; x_wconf 82' lang='lat' dir='ltr'><strong>ﬁlios</strong></span> <span class='ocrx_word' id='word_1_81' title='bbox 2209 1155 2307 1209; x_wconf 81' lang='lat' dir='ltr'><strong>lto-</strong></span> 
     </span>
    </p>
   </div>
   <div class='ocr_carea' id='block_1_13' title="bbox 703 1247 2125 1320">
    <p class='ocr_par' dir='ltr' id='par_1_13' title="bbox 703 1247 2125 1320">
     <span class='ocr_line' id='line_1_13' title="bbox 703 1247 2125 1320; baseline -0.004 -15"><span class='ocrx_word' id='word_1_82' title='bbox 703 1252 940 1305; x_wconf 80' lang='lat' dir='ltr'><strong>.minum</strong></span> <span class='ocrx_word' id='word_1_83' title='bbox 963 1293 977 1314; x_wconf 89' lang='lat'><strong>,</strong></span> <span class='ocrx_word' id='word_1_84' title='bbox 1010 1251 1096 1304; x_wconf 86' lang='lat' dir='ltr'><strong>his</strong></span> <span class='ocrx_word' id='word_1_85' title='bbox 1126 1253 1220 1320; x_wconf 88' lang='lat' dir='ltr'><strong>qui</strong></span> <span class='ocrx_word' id='word_1_86' title='bbox 1252 1262 1472 1306; x_wconf 85' lang='lat' dir='ltr'><strong>servant</strong></span> <span class='ocrx_word' id='word_1_87' title='bbox 1502 1256 1895 1305; x_wconf 70' lang='lat' dir='ltr'><strong>testamentum</strong></span> <span class='ocrx_word' id='word_1_88' title='bbox 1923 1247 2070 1316; x_wconf 84' lang='lat' dir='ltr'><strong>ejus.</strong></span> <span class='ocrx_word' id='word_1_89' title='bbox 2103 1267 2125 1299; x_wconf 77' lang='grc' dir='ltr'><strong>ι</strong></span> 
     </span>
    </p>
   </div>
   <div class='ocr_carea' id='block_1_14' title="bbox 792 1341 2304 1411">
    <p class='ocr_par' dir='ltr' id='par_1_14' title="bbox 792 1341 2304 1411">
     <span class='ocr_line' id='line_1_14' title="bbox 792 1341 2304 1411; baseline -0.001 -15"><span class='ocrx_word' id='word_1_90' title='bbox 792 1343 941 1396; x_wconf 75' lang='grc' dir='ltr'><strong>Ρεαι.</strong></span> <span class='ocrx_word' id='word_1_91' title='bbox 973 1358 1134 1396; x_wconf 67' lang='lat' dir='ltr'><strong>cum</strong></span> <span class='ocrx_word' id='word_1_92' title='bbox 1159 1384 1173 1404; x_wconf 95' lang='lat'><strong>,</strong></span> <span class='ocrx_word' id='word_1_93' title='bbox 1203 1343 1258 1396; x_wconf 87' lang='lat'><strong>5.</strong></span> <span class='ocrx_word' id='word_1_94' title='bbox 1278 1373 1348 1382; x_wconf 98' lang='lat'><strong>—</strong></span> <span class='ocrx_word' id='word_1_95' title='bbox 1370 1361 1389 1393; x_wconf 77' lang='grc' dir='ltr'><strong>ι</strong></span> <span class='ocrx_word' id='word_1_96' title='bbox 1416 1342 1635 1397; x_wconf 85' lang='lat' dir='ltr'><strong>Utinam</strong></span> <span class='ocrx_word' id='word_1_97' title='bbox 1662 1341 1972 1411; x_wconf 74' lang='lat' dir='ltr'><strong>dirigantur</strong></span> <span class='ocrx_word' id='word_1_98' title='bbox 2002 1342 2104 1396; x_wconf 69' lang='lat' dir='ltr'><strong>viae</strong></span> <span class='ocrx_word' id='word_1_99' title='bbox 2136 1355 2266 1395; x_wconf 59' lang='lat' dir='ltr'><strong>mea</strong></span> <span class='ocrx_word' id='word_1_100' title='bbox 2288 1379 2304 1404; x_wconf 95' lang='lat'><strong>,</strong></span> 
     </span>
    </p>
   </div>
   <div class='ocr_carea' id='block_1_15' title="bbox 732 1434 1623 1498">
    <p class='ocr_par' dir='ltr' id='par_1_15' title="bbox 732 1434 1623 1498">
     <span class='ocr_line' id='line_1_15' title="bbox 732 1434 1623 1498; baseline 0 -10"><span class='ocrx_word' id='word_1_101' title='bbox 732 1435 794 1488; x_wconf 73' lang='lat' dir='ltr'><strong>ad</strong></span> <span class='ocrx_word' id='word_1_102' title='bbox 830 1434 1249 1498; x_wconf 84' lang='lat' dir='ltr'><strong>custodiendas,</strong></span> <span class='ocrx_word' id='word_1_103' title='bbox 1279 1455 1296 1485; x_wconf 84' lang='grc' dir='ltr'><strong>ι</strong></span> <span class='ocrx_word' id='word_1_104' title='bbox 1326 1446 1438 1490; x_wconf 89' lang='lat' dir='ltr'><strong>etc.</strong></span> <span class='ocrx_word' id='word_1_105' title='bbox 1621 1446 1623 1449; x_wconf 87' lang='lat'>&#39;</span> 
     </span>
    </p>
   </div>
   <div class='ocr_carea' id='block_1_16' title="bbox 801 1523 1811 1580">
    <p class='ocr_par' dir='ltr' id='par_1_16' title="bbox 801 1523 1811 1580">
     <span class='ocr_line' id='line_1_16' title="bbox 801 1523 1811 1580; baseline -0.001 -4"><span class='ocrx_word' id='word_1_106' title='bbox 801 1523 941 1577; x_wconf 82' lang='lat' dir='ltr'><strong>Ibid.</strong></span> <span class='ocrx_word' id='word_1_107' title='bbox 974 1525 1096 1578; x_wconf 73' lang='grc' dir='ltr'><strong>ΗΞ.</strong></span> <span class='ocrx_word' id='word_1_108' title='bbox 1126 1555 1192 1564; x_wconf 90' lang='lat'><strong>-—</strong></span> <span class='ocrx_word' id='word_1_109' title='bbox 1219 1545 1236 1574; x_wconf 77' lang='grc' dir='ltr'><strong>ι</strong></span> <span class='ocrx_word' id='word_1_110' title='bbox 1268 1526 1375 1578; x_wconf 81' lang='lat' dir='ltr'><strong>Lex</strong></span> <span class='ocrx_word' id='word_1_111' title='bbox 1412 1535 1502 1578; x_wconf 91' lang='lat' dir='ltr'><strong>tua</strong></span> <span class='ocrx_word' id='word_1_112' title='bbox 1532 1523 1755 1580; x_wconf 81' lang='lat' dir='ltr'><strong>veritas.</strong></span> <span class='ocrx_word' id='word_1_113' title='bbox 1791 1541 1811 1575; x_wconf 85' lang='grc' dir='ltr'><strong>ι</strong></span> 
     </span>
    </p>
   </div>
   <div class='ocr_carea' id='block_1_17' title="bbox 811 1610 2306 1672">
    <p class='ocr_par' dir='ltr' id='par_1_17' title="bbox 811 1610 2306 1672">
     <span class='ocr_line' id='line_1_17' title="bbox 811 1610 2306 1672; baseline -0.001 -8"><span class='ocrx_word' id='word_1_114' title='bbox 811 1611 968 1666; x_wconf 79' lang='lat' dir='ltr'><strong>Prov.</strong></span> <span class='ocrx_word' id='word_1_115' title='bbox 1030 1629 1133 1666; x_wconf 74' lang='grc' dir='ltr'><strong>χχχ</strong></span> <span class='ocrx_word' id='word_1_116' title='bbox 1159 1653 1173 1672; x_wconf 89' lang='grc'><strong>.</strong></span> <span class='ocrx_word' id='word_1_117' title='bbox 1237 1613 1293 1665; x_wconf 84' lang='grc'><strong>5.</strong></span> <span class='ocrx_word' id='word_1_118' title='bbox 1331 1643 1399 1652; x_wconf 94' lang='grc'><strong><em>-</em></strong></span> <span class='ocrx_word' id='word_1_119' title='bbox 1437 1631 1455 1664; x_wconf 78' lang='grc' dir='ltr'><strong>ι</strong></span> <span class='ocrx_word' id='word_1_120' title='bbox 1494 1611 1698 1667; x_wconf 86' lang='lat' dir='ltr'><strong>Omnes</strong></span> <span class='ocrx_word' id='word_1_121' title='bbox 1747 1626 2030 1667; x_wconf 76' lang='lat' dir='ltr'><strong>sermones</strong></span> <span class='ocrx_word' id='word_1_122' title='bbox 2088 1610 2306 1665; x_wconf 87' lang='lat' dir='ltr'><strong>Domini</strong></span> 
     </span>
    </p>
   </div>
   <div class='ocr_carea' id='block_1_18' title="bbox 751 1703 2298 1774">
    <p class='ocr_par' dir='ltr' id='par_1_18' title="bbox 751 1703 2298 1774">
     <span class='ocr_line' id='line_1_18' title="bbox 751 1703 2298 1774; baseline -0.002 -18"><span class='ocrx_word' id='word_1_123' title='bbox 751 1705 909 1774; x_wconf 79' lang='lat' dir='ltr'><strong>gniti.</strong></span> <span class='ocrx_word' id='word_1_124' title='bbox 947 1705 1225 1758; x_wconf 78' lang='lat' dir='ltr'><strong>Protector</strong></span> <span class='ocrx_word' id='word_1_125' title='bbox 1251 1714 1433 1758; x_wconf 81' lang='lat' dir='ltr'><strong>autem</strong></span> <span class='ocrx_word' id='word_1_126' title='bbox 1461 1713 1546 1760; x_wconf 89' lang='lat' dir='ltr'><strong>est</strong></span> <span class='ocrx_word' id='word_1_127' title='bbox 1573 1703 1820 1758; x_wconf 90' lang='lat' dir='ltr'><strong>omnium</strong></span> <span class='ocrx_word' id='word_1_128' title='bbox 1850 1704 2159 1757; x_wconf 87' lang='lat' dir='ltr'><strong>timentium</strong></span> <span class='ocrx_word' id='word_1_129' title='bbox 2185 1718 2298 1758; x_wconf 68' lang='lat' dir='ltr'><strong>se.)</strong></span> 
     </span>
    </p>
   </div>
   <div class='ocr_carea' id='block_1_19' title="bbox 806 1793 2300 1863">
    <p class='ocr_par' dir='ltr' id='par_1_19' title="bbox 806 1793 2300 1863">
     <span class='ocr_line' id='line_1_19' title="bbox 806 1793 2300 1863; baseline 0.002 -17"><span class='ocrx_word' id='word_1_130' title='bbox 806 1794 976 1848; x_wconf 80' lang='lat' dir='ltr'><strong>Eccle.</strong></span> <span class='ocrx_word' id='word_1_131' title='bbox 1013 1812 1118 1858; x_wconf 86' lang='grc' dir='ltr'>χιι,</span> <span class='ocrx_word' id='word_1_132' title='bbox 1151 1796 1332 1848; x_wconf 68' lang='lat' dir='ltr'><strong>l5.—«</strong></span> <span class='ocrx_word' id='word_1_133' title='bbox 1353 1793 1506 1849; x_wconf 85' lang='lat' dir='ltr'><strong>Finis</strong></span> <span class='ocrx_word' id='word_1_134' title='bbox 1546 1795 1834 1856; x_wconf 90' lang='lat' dir='ltr'><strong>sermonis,</strong></span> <span class='ocrx_word' id='word_1_135' title='bbox 1868 1794 1997 1847; x_wconf 87' lang='lat' dir='ltr'><strong>audi</strong></span> <span class='ocrx_word' id='word_1_136' title='bbox 2033 1807 2300 1863; x_wconf 85' lang='lat' dir='ltr'><strong>prorsus:</strong></span> 
     </span>
    </p>
   </div>
   <div class='ocr_carea' id='block_1_20' title="bbox 731 1884 1954 1954">
    <p class='ocr_par' dir='ltr' id='par_1_20' title="bbox 731 1884 1954 1954">
     <span class='ocr_line' id='line_1_20' title="bbox 731 1884 1954 1954; baseline -0.001 -18"><span class='ocrx_word' id='word_1_137' title='bbox 731 1884 896 1939; x_wconf 80' lang='lat' dir='ltr'><strong>Deum</strong></span> <span class='ocrx_word' id='word_1_138' title='bbox 929 1887 1058 1938; x_wconf 87' lang='lat' dir='ltr'><strong>time</strong></span> <span class='ocrx_word' id='word_1_139' title='bbox 1079 1926 1092 1945; x_wconf 86' lang='lat'><strong>,</strong></span> <span class='ocrx_word' id='word_1_140' title='bbox 1128 1896 1182 1938; x_wconf 89' lang='lat' dir='ltr'><strong>et</strong></span> <span class='ocrx_word' id='word_1_141' title='bbox 1220 1887 1476 1939; x_wconf 84' lang='lat' dir='ltr'><strong>mandata</strong></span> <span class='ocrx_word' id='word_1_142' title='bbox 1508 1886 1631 1954; x_wconf 84' lang='lat' dir='ltr'><strong>ejus</strong></span> <span class='ocrx_word' id='word_1_143' title='bbox 1662 1885 1904 1939; x_wconf 88' lang='lat' dir='ltr'><strong>custodi.</strong></span> <span class='ocrx_word' id='word_1_144' title='bbox 1935 1904 1954 1935; x_wconf 80' lang='grc' dir='ltr'><strong>ι</strong></span> 
     </span>
    </p>
   </div>
   <div class='ocr_carea' id='block_1_21' title="bbox 799 1975 2301 2048">
    <p class='ocr_par' dir='ltr' id='par_1_21' title="bbox 799 1975 2301 2048">
     <span class='ocr_line' id='line_1_21' title="bbox 799 1975 2301 2048; baseline 0.001 -20"><span class='ocrx_word' id='word_1_145' title='bbox 799 1976 962 2048; x_wconf 64' lang='grc'><strong>456</strong></span> <span class='ocrx_word' id='word_1_146' title='bbox 1009 1976 1165 2031; x_wconf 81' lang='lat' dir='ltr'><strong>Prov.</strong></span> <span class='ocrx_word' id='word_1_147' title='bbox 1226 1994 1352 2042; x_wconf 74' lang='grc' dir='ltr'>χιν,</span> <span class='ocrx_word' id='word_1_148' title='bbox 1402 1978 1490 2031; x_wconf 76' lang='lat'><strong>9.7.</strong></span> <span class='ocrx_word' id='word_1_149' title='bbox 1522 2007 1589 2015; x_wconf 95' lang='lat'><strong>—</strong></span> <span class='ocrx_word' id='word_1_150' title='bbox 1627 1997 1645 2028; x_wconf 79' lang='grc' dir='ltr'><strong>ι</strong></span> <span class='ocrx_word' id='word_1_151' title='bbox 1685 1975 2021 2048; x_wconf 69' lang='lat' dir='ltr'><strong>Praeceptum</strong></span> <span class='ocrx_word' id='word_1_152' title='bbox 2081 1977 2301 2032; x_wconf 87' lang='lat' dir='ltr'><strong>Domini</strong></span> 
     </span>
    </p>
   </div>
   <div class='ocr_carea' id='block_1_22' title="bbox 730 2067 1092 2123">
    <p class='ocr_par' dir='ltr' id='par_1_22' title="bbox 730 2067 1092 2123">
     <span class='ocr_line' id='line_1_22' title="bbox 730 2067 1092 2123; baseline -0.006 -1"><span class='ocrx_word' id='word_1_153' title='bbox 730 2067 852 2122; x_wconf 70' lang='lat' dir='ltr'><strong>fons</strong></span> <span class='ocrx_word' id='word_1_154' title='bbox 894 2071 1038 2123; x_wconf 71' lang='lat' dir='ltr'><strong>vitae.</strong></span> <span class='ocrx_word' id='word_1_155' title='bbox 1074 2089 1092 2120; x_wconf 81' lang='grc' dir='ltr'><strong>ι</strong></span> 
     </span>
    </p>
   </div>
   <div class='ocr_carea' id='block_1_23' title="bbox 806 2160 2294 2236">
    <p class='ocr_par' dir='ltr' id='par_1_23' title="bbox 806 2160 2294 2236">
     <span class='ocr_line' id='line_1_23' title="bbox 806 2160 2294 2236; baseline 0 -22"><span class='ocrx_word' id='word_1_156' title='bbox 806 2182 824 2213; x_wconf 76' lang='grc' dir='ltr'><strong>ι</strong></span> <span class='ocrx_word' id='word_1_157' title='bbox 852 2160 954 2228; x_wconf 85' lang='lat' dir='ltr'><strong>Qui</strong></span> <span class='ocrx_word' id='word_1_158' title='bbox 991 2163 1230 2232; x_wconf 74' lang='lat' dir='ltr'><strong>diligunt</strong></span> <span class='ocrx_word' id='word_1_159' title='bbox 1261 2164 1468 2236; x_wconf 80' lang='lat' dir='ltr'><strong>legem,</strong></span> <span class='ocrx_word' id='word_1_160' title='bbox 1501 2179 1658 2218; x_wconf 88' lang='lat' dir='ltr'><strong>muro</strong></span> <span class='ocrx_word' id='word_1_161' title='bbox 1689 2180 1749 2218; x_wconf 92' lang='lat' dir='ltr'><strong>se</strong></span> <span class='ocrx_word' id='word_1_162' title='bbox 1777 2165 2246 2234; x_wconf 77' lang='lat' dir='ltr'><strong>circumcingunt.</strong></span> <span class='ocrx_word' id='word_1_163' title='bbox 2277 2183 2294 2214; x_wconf 83' lang='grc' dir='ltr'><strong>ι</strong></span> 
     </span>
    </p>
   </div>
   <div class='ocr_carea' id='block_1_24' title="bbox 797 2347 2305 2418">
    <p class='ocr_par' dir='ltr' id='par_1_24' title="bbox 797 2347 2305 2418">
     <span class='ocr_line' id='line_1_24' title="bbox 797 2347 2305 2418; baseline -0.002 -13"><span class='ocrx_word' id='word_1_164' title='bbox 797 2351 957 2409; x_wconf 78' lang='grc' dir='ltr'><strong>ΖαεΙι.</strong></span> <span class='ocrx_word' id='word_1_165' title='bbox 994 2370 1092 2418; x_wconf 86' lang='lat' dir='ltr'><strong>Ill,</strong></span> <span class='ocrx_word' id='word_1_166' title='bbox 1130 2355 1181 2407; x_wconf 84' lang='lat'><strong>7.</strong></span> <span class='ocrx_word' id='word_1_167' title='bbox 1219 2381 1283 2392; x_wconf 91' lang='lat'><strong>-—</strong></span> <span class='ocrx_word' id='word_1_168' title='bbox 1318 2368 1337 2400; x_wconf 80' lang='grc' dir='ltr'><strong>ι</strong></span> <span class='ocrx_word' id='word_1_169' title='bbox 1367 2348 1493 2404; x_wconf 69' lang='lat' dir='ltr'><strong>llaec</strong></span> <span class='ocrx_word' id='word_1_170' title='bbox 1522 2349 1657 2402; x_wconf 89' lang='lat' dir='ltr'><strong>dicit</strong></span> <span class='ocrx_word' id='word_1_171' title='bbox 1687 2348 1952 2403; x_wconf 87' lang='lat' dir='ltr'><strong>Dominus</strong></span> <span class='ocrx_word' id='word_1_172' title='bbox 1980 2367 1993 2402; x_wconf 89' lang='lat'><strong>:</strong></span> <span class='ocrx_word' id='word_1_173' title='bbox 2028 2347 2085 2401; x_wconf 91' lang='lat' dir='ltr'><strong>Si</strong></span> <span class='ocrx_word' id='word_1_174' title='bbox 2117 2348 2174 2401; x_wconf 92' lang='lat' dir='ltr'><strong>in</strong></span> <span class='ocrx_word' id='word_1_175' title='bbox 2201 2349 2305 2402; x_wconf 82' lang='lat' dir='ltr'><strong>viis</strong></span> 
     </span>
    </p>
   </div>
   <div class='ocr_carea' id='block_1_25' title="bbox 733 2441 2302 2514">
    <p class='ocr_par' dir='ltr' id='par_1_25' title="bbox 733 2441 2302 2514">
     <span class='ocr_line' id='line_1_25' title="bbox 733 2441 2302 2514; baseline -0.002 -14"><span class='ocrx_word' id='word_1_176' title='bbox 733 2448 869 2502; x_wconf 85' lang='lat' dir='ltr'><strong>meis</strong></span> <span class='ocrx_word' id='word_1_177' title='bbox 899 2446 1302 2512; x_wconf 84' lang='lat' dir='ltr'><strong>ambulaveris,</strong></span> <span class='ocrx_word' id='word_1_178' title='bbox 1339 2453 1393 2500; x_wconf 91' lang='lat' dir='ltr'><strong>et</strong></span> <span class='ocrx_word' id='word_1_179' title='bbox 1429 2451 1704 2514; x_wconf 80' lang='lat' dir='ltr'><strong>praecepta</strong></span> <span class='ocrx_word' id='word_1_180' title='bbox 1762 2457 1882 2496; x_wconf 89' lang='lat' dir='ltr'><strong>mea</strong></span> <span class='ocrx_word' id='word_1_181' title='bbox 1933 2441 2302 2505; x_wconf 82' lang='lat' dir='ltr'><strong>custodieris,</strong></span> 
     </span>
    </p>
   </div>
   <div class='ocr_carea' id='block_1_26' title="bbox 733 2540 1681 2611">
    <p class='ocr_par' dir='ltr' id='par_1_26' title="bbox 733 2540 1681 2611">
     <span class='ocr_line' id='line_1_26' title="bbox 733 2540 1681 2611; baseline -0.005 -19"><span class='ocrx_word' id='word_1_182' title='bbox 733 2554 789 2594; x_wconf 88' lang='grc' dir='ltr'><strong>ιιι</strong></span> <span class='ocrx_word' id='word_1_183' title='bbox 820 2540 1152 2611; x_wconf 75' lang='lat' dir='ltr'><strong>diiudicabis</strong></span> <span class='ocrx_word' id='word_1_184' title='bbox 1180 2541 1405 2594; x_wconf 88' lang='lat' dir='ltr'><strong>domum</strong></span> <span class='ocrx_word' id='word_1_185' title='bbox 1434 2554 1631 2592; x_wconf 79' lang='lat' dir='ltr'><strong>meum.</strong></span> <span class='ocrx_word' id='word_1_186' title='bbox 1663 2556 1681 2587; x_wconf 78' lang='grc' dir='ltr'><strong>ι</strong></span> 
     </span>
    </p>
   </div>
   <div class='ocr_carea' id='block_1_27' title="bbox 803 2625 2305 2698">
    <p class='ocr_par' dir='ltr' id='par_1_27' title="bbox 803 2625 2305 2698">
     <span class='ocr_line' id='line_1_27' title="bbox 803 2625 2305 2698; baseline -0.004 -12"><span class='ocrx_word' id='word_1_187' title='bbox 803 2631 916 2687; x_wconf 75' lang='lat' dir='ltr'><strong>Im.</strong></span> <span class='ocrx_word' id='word_1_188' title='bbox 952 2649 1039 2698; x_wconf 83' lang='lat' dir='ltr'><strong>LV,</strong></span> <span class='ocrx_word' id='word_1_189' title='bbox 1103 2633 1156 2686; x_wconf 76' lang='grc'><strong>2.</strong></span> <span class='ocrx_word' id='word_1_190' title='bbox 1188 2661 1258 2672; x_wconf 89' lang='lat'><strong>—-</strong></span> <span class='ocrx_word' id='word_1_191' title='bbox 1284 2650 1302 2682; x_wconf 84' lang='grc' dir='ltr'><strong>ι</strong></span> <span class='ocrx_word' id='word_1_192' title='bbox 1331 2630 1530 2685; x_wconf 90' lang='lat' dir='ltr'><strong>Audite</strong></span> <span class='ocrx_word' id='word_1_193' title='bbox 1563 2645 1649 2682; x_wconf 88' lang='lat' dir='ltr'><strong>me</strong></span> <span class='ocrx_word' id='word_1_194' title='bbox 1671 2669 1686 2692; x_wconf 90' lang='lat'><strong>,</strong></span> <span class='ocrx_word' id='word_1_195' title='bbox 1715 2637 1772 2681; x_wconf 90' lang='lat' dir='ltr'><strong>et</strong></span> <span class='ocrx_word' id='word_1_196' title='bbox 1805 2625 2081 2682; x_wconf 89' lang='lat' dir='ltr'><strong>comedite</strong></span> <span class='ocrx_word' id='word_1_197' title='bbox 2131 2627 2305 2691; x_wconf 90' lang='lat' dir='ltr'><strong>bona,</strong></span> 
     </span>
    </p>
   </div>
   <div class='ocr_carea' id='block_1_28' title="bbox 734 2723 1887 2780">
    <p class='ocr_par' dir='ltr' id='par_1_28' title="bbox 734 2723 1887 2780">
     <span class='ocr_line' id='line_1_28' title="bbox 734 2723 1887 2780; baseline -0.006 -2"><span class='ocrx_word' id='word_1_198' title='bbox 734 2733 784 2777; x_wconf 78' lang='lat' dir='ltr'><strong>rt</strong></span> <span class='ocrx_word' id='word_1_199' title='bbox 815 2725 1115 2780; x_wconf 86' lang='lat' dir='ltr'><strong>delectetur</strong></span> <span class='ocrx_word' id='word_1_200' title='bbox 1146 2726 1200 2778; x_wconf 93' lang='lat' dir='ltr'><strong>in</strong></span> <span class='ocrx_word' id='word_1_201' title='bbox 1230 2725 1386 2777; x_wconf 85' lang='lat' dir='ltr'><strong>bonis</strong></span> <span class='ocrx_word' id='word_1_202' title='bbox 1417 2723 1598 2776; x_wconf 88' lang='lat' dir='ltr'><strong>anima</strong></span> <span class='ocrx_word' id='word_1_203' title='bbox 1631 2729 1835 2774; x_wconf 81' lang='lat' dir='ltr'><strong>vestra.</strong></span> <span class='ocrx_word' id='word_1_204' title='bbox 1869 2741 1887 2771; x_wconf 80' lang='grc' dir='ltr'><strong>ι</strong></span> 
     </span>
    </p>
   </div>
   <div class='ocr_carea' id='block_1_29' title="bbox 805 2810 2312 2882">
    <p class='ocr_par' dir='ltr' id='par_1_29' title="bbox 805 2810 2312 2882">
     <span class='ocr_line' id='line_1_29' title="bbox 805 2810 2312 2882; baseline 0.001 -19"><span class='ocrx_word' id='word_1_205' title='bbox 805 2813 970 2868; x_wconf 76' lang='lat' dir='ltr'><strong>Eccli.</strong></span> <span class='ocrx_word' id='word_1_206' title='bbox 1005 2830 1093 2868; x_wconf 78' lang='grc' dir='ltr'><strong>χιχ</strong></span> <span class='ocrx_word' id='word_1_207' title='bbox 1116 2855 1130 2876; x_wconf 91' lang='grc'><strong>,</strong></span> <span class='ocrx_word' id='word_1_208' title='bbox 1169 2813 1261 2870; x_wconf 74' lang='grc'><strong>21,</strong></span> <span class='ocrx_word' id='word_1_209' title='bbox 1291 2845 1360 2853; x_wconf 90' lang='grc'><strong>-</strong></span> <span class='ocrx_word' id='word_1_210' title='bbox 1398 2831 1417 2862; x_wconf 76' lang='grc' dir='ltr'>σ</span> <span class='ocrx_word' id='word_1_211' title='bbox 1451 2811 1645 2865; x_wconf 74' lang='lat' dir='ltr'><strong>.llelior</strong></span> <span class='ocrx_word' id='word_1_212' title='bbox 1672 2819 1758 2865; x_wconf 89' lang='lat' dir='ltr'><strong>est</strong></span> <span class='ocrx_word' id='word_1_213' title='bbox 1793 2811 1956 2866; x_wconf 92' lang='lat' dir='ltr'><strong>homo</strong></span> <span class='ocrx_word' id='word_1_214' title='bbox 1981 2827 2074 2882; x_wconf 84' lang='lat' dir='ltr'><strong>qttl</strong></span> <span class='ocrx_word' id='word_1_215' title='bbox 2108 2810 2312 2865; x_wconf 81' lang='lat' dir='ltr'><strong>minui—</strong></span> 
     </span>
    </p>
   </div>
   <div class='ocr_carea' id='block_1_30' title="bbox 733 2902 2308 2976">
    <p class='ocr_par' dir='ltr' id='par_1_30' title="bbox 733 2902 2308 2976">
     <span class='ocr_line' id='line_1_30' title="bbox 733 2902 2308 2976; baseline -0.001 -19"><span class='ocrx_word' id='word_1_216' title='bbox 733 2923 823 2960; x_wconf 86' lang='grc' dir='ltr'>ιιιι·</span> <span class='ocrx_word' id='word_1_217' title='bbox 849 2907 1119 2976; x_wconf 84' lang='lat' dir='ltr'><strong>sapientia</strong></span> <span class='ocrx_word' id='word_1_218' title='bbox 1151 2920 1276 2960; x_wconf 92' lang='lat' dir='ltr'><strong>eum</strong></span> <span class='ocrx_word' id='word_1_219' title='bbox 1306 2905 1540 2965; x_wconf 89' lang='lat' dir='ltr'><strong>timore,</strong></span> <span class='ocrx_word' id='word_1_220' title='bbox 1580 2917 1743 2973; x_wconf 91' lang='lat' dir='ltr'><strong>quam</strong></span> <span class='ocrx_word' id='word_1_221' title='bbox 1777 2903 1869 2972; x_wconf 90' lang='lat' dir='ltr'><strong>qui</strong></span> <span class='ocrx_word' id='word_1_222' title='bbox 1899 2902 2144 2957; x_wconf 83' lang='lat' dir='ltr'><strong>abundat</strong></span> <span class='ocrx_word' id='word_1_223' title='bbox 2180 2916 2308 2956; x_wconf 90' lang='lat' dir='ltr'><strong>sen-</strong></span> 
     </span>
    </p>
   </div>
   <div class='ocr_carea' id='block_1_31' title="bbox 733 2993 1634 3065">
    <p class='ocr_par' dir='ltr' id='par_1_31' title="bbox 733 2993 1634 3065">
     <span class='ocr_line' id='line_1_31' title="bbox 733 2993 1634 3065; baseline -0.006 -15"><span class='ocrx_word' id='word_1_224' title='bbox 733 3013 797 3050; x_wconf 88' lang='lat' dir='ltr'><strong>su</strong></span> <span class='ocrx_word' id='word_1_225' title='bbox 821 3037 836 3057; x_wconf 86' lang='lat'><strong>.</strong></span> <span class='ocrx_word' id='word_1_226' title='bbox 868 3006 922 3050; x_wconf 91' lang='lat' dir='ltr'><strong>et</strong></span> <span class='ocrx_word' id='word_1_227' title='bbox 953 2994 1358 3065; x_wconf 82' lang='lat' dir='ltr'><strong>transgreditur</strong></span> <span class='ocrx_word' id='word_1_228' title='bbox 1393 2993 1588 3063; x_wconf 87' lang='lat' dir='ltr'><strong>legem.</strong></span> <span class='ocrx_word' id='word_1_229' title='bbox 1616 3011 1634 3044; x_wconf 77' lang='grc' dir='ltr'><strong>ι</strong></span> 
     </span>
    </p>
   </div>
   <div class='ocr_carea' id='block_1_32' title="bbox 803 3081 2307 3152">
    <p class='ocr_par' dir='ltr' id='par_1_32' title="bbox 803 3081 2307 3152">
     <span class='ocr_line' id='line_1_32' title="bbox 803 3081 2307 3152; baseline -0.003 -15"><span class='ocrx_word' id='word_1_230' title='bbox 803 3084 965 3139; x_wconf 78' lang='lat' dir='ltr'><strong>Ecrli.</strong></span> <span class='ocrx_word' id='word_1_231' title='bbox 1004 3099 1176 3151; x_wconf 88' lang='grc' dir='ltr'>χχιιι,</span> <span class='ocrx_word' id='word_1_232' title='bbox 1207 3083 1262 3139; x_wconf 81' lang='grc'><strong>5.</strong></span> <span class='ocrx_word' id='word_1_233' title='bbox 1295 3114 1365 3124; x_wconf 93' lang='grc'><strong><em>-</em></strong></span> <span class='ocrx_word' id='word_1_234' title='bbox 1399 3101 1417 3133; x_wconf 80' lang='grc' dir='ltr'><strong>ι</strong></span> <span class='ocrx_word' id='word_1_235' title='bbox 1455 3081 1606 3136; x_wconf 84' lang='lat' dir='ltr'><strong>Nibil</strong></span> <span class='ocrx_word' id='word_1_236' title='bbox 1643 3081 1860 3136; x_wconf 89' lang='lat' dir='ltr'><strong>dulcius</strong></span> <span class='ocrx_word' id='word_1_237' title='bbox 1883 3124 1897 3149; x_wconf 87' lang='lat'><strong>,</strong></span> <span class='ocrx_word' id='word_1_238' title='bbox 1932 3096 2100 3152; x_wconf 90' lang='lat' dir='ltr'><strong>quam</strong></span> <span class='ocrx_word' id='word_1_239' title='bbox 2132 3081 2307 3150; x_wconf 87' lang='lat' dir='ltr'><strong>respi-</strong></span> 
     </span>
    </p>
   </div>
   <div class='ocr_carea' id='block_1_33' title="bbox 731 3174 1569 3232">
    <p class='ocr_par' dir='ltr' id='par_1_33' title="bbox 731 3174 1569 3232">
     <span class='ocr_line' id='line_1_33' title="bbox 731 3174 1569 3232; baseline -0.01 0"><span class='ocrx_word' id='word_1_240' title='bbox 731 3192 855 3232; x_wconf 87' lang='lat' dir='ltr'><strong>cere</strong></span> <span class='ocrx_word' id='word_1_241' title='bbox 884 3177 939 3231; x_wconf 92' lang='lat' dir='ltr'><strong>in</strong></span> <span class='ocrx_word' id='word_1_242' title='bbox 973 3175 1248 3230; x_wconf 85' lang='lat' dir='ltr'><strong>mandatis</strong></span> <span class='ocrx_word' id='word_1_243' title='bbox 1277 3174 1521 3229; x_wconf 87' lang='lat' dir='ltr'><strong>Domini.</strong></span> <span class='ocrx_word' id='word_1_244' title='bbox 1551 3192 1569 3224; x_wconf 82' lang='grc' dir='ltr'><strong>ι</strong></span> 
     </span>
    </p>
   </div>
   <div class='ocr_carea' id='block_1_34' title="bbox 805 3261 2308 3334">
    <p class='ocr_par' dir='ltr' id='par_1_34' title="bbox 805 3261 2308 3334">
     <span class='ocr_line' id='line_1_34' title="bbox 805 3261 2308 3334; baseline -0.003 -13"><span class='ocrx_word' id='word_1_245' title='bbox 805 3267 970 3321; x_wconf 83' lang='lat' dir='ltr'><strong>Eccli.</strong></span> <span class='ocrx_word' id='word_1_246' title='bbox 1004 3281 1191 3329; x_wconf 85' lang='grc' dir='ltr'>χχχιι,</span> <span class='ocrx_word' id='word_1_247' title='bbox 1229 3265 1316 3320; x_wconf 87' lang='lat' dir='ltr'><strong>l9.</strong></span> <span class='ocrx_word' id='word_1_248' title='bbox 1351 3295 1419 3304; x_wconf 97' lang='lat'><strong>—</strong></span> <span class='ocrx_word' id='word_1_249' title='bbox 1458 3283 1477 3316; x_wconf 76' lang='grc' dir='ltr'><strong>ι</strong></span> <span class='ocrx_word' id='word_1_250' title='bbox 1510 3263 1614 3329; x_wconf 85' lang='lat' dir='ltr'><strong>Qui</strong></span> <span class='ocrx_word' id='word_1_251' title='bbox 1649 3264 1846 3334; x_wconf 78' lang='lat' dir='ltr'><strong>quzerit</strong></span> <span class='ocrx_word' id='word_1_252' title='bbox 1875 3262 2052 3334; x_wconf 89' lang='lat' dir='ltr'><strong>legem</strong></span> <span class='ocrx_word' id='word_1_253' title='bbox 2076 3303 2091 3326; x_wconf 97' lang='lat'><strong>,</strong></span> <span class='ocrx_word' id='word_1_254' title='bbox 2127 3261 2308 3331; x_wconf 80' lang='lat' dir='ltr'><strong>reple-</strong></span> 
     </span>
    </p>
   </div>
   <div class='ocr_carea' id='block_1_35' title="bbox 733 3363 1057 3416">
    <p class='ocr_par' dir='ltr' id='par_1_35' title="bbox 733 3363 1057 3416">
     <span class='ocr_line' id='line_1_35' title="bbox 733 3363 1057 3416; baseline -0.015 0"><span class='ocrx_word' id='word_1_255' title='bbox 733 3363 882 3416; x_wconf 91' lang='lat' dir='ltr'><strong>bitur</strong></span> <span class='ocrx_word' id='word_1_256' title='bbox 914 3374 998 3414; x_wconf 84' lang='lat' dir='ltr'><strong>ea.</strong></span> <span class='ocrx_word' id='word_1_257' title='bbox 1037 3378 1057 3411; x_wconf 79' lang='grc' dir='ltr'><strong>ι</strong></span> 
     </span>
    </p>
   </div>
   <div class='ocr_carea' id='block_1_36' title="bbox 801 3442 2310 3513">
    <p class='ocr_par' dir='ltr' id='par_1_36' title="bbox 801 3442 2310 3513">
     <span class='ocr_line' id='line_1_36' title="bbox 801 3442 2310 3513; baseline -0.008 -7"><span class='ocrx_word' id='word_1_258' title='bbox 801 3451 973 3506; x_wconf 77' lang='grc' dir='ltr'>Εεειί.</span> <span class='ocrx_word' id='word_1_259' title='bbox 1005 3465 1132 3503; x_wconf 82' lang='grc' dir='ltr'>χχιχ</span> <span class='ocrx_word' id='word_1_260' title='bbox 1159 3489 1175 3513; x_wconf 91' lang='grc'><strong>,</strong></span> <span class='ocrx_word' id='word_1_261' title='bbox 1203 3448 1294 3500; x_wconf 59' lang='lat' dir='ltr'><strong>ll.</strong></span> <span class='ocrx_word' id='word_1_262' title='bbox 1325 3475 1394 3486; x_wconf 92' lang='lat'><strong>—</strong></span> <span class='ocrx_word' id='word_1_263' title='bbox 1427 3463 1446 3497; x_wconf 74' lang='grc' dir='ltr'><strong>ι</strong></span> <span class='ocrx_word' id='word_1_264' title='bbox 1478 3443 1627 3499; x_wconf 89' lang='lat' dir='ltr'><strong>Pone</strong></span> <span class='ocrx_word' id='word_1_265' title='bbox 1675 3445 1998 3500; x_wconf 84' lang='lat' dir='ltr'><strong>thesaurum</strong></span> <span class='ocrx_word' id='word_1_266' title='bbox 2049 3452 2204 3497; x_wconf 89' lang='lat' dir='ltr'><strong>tuum</strong></span> <span class='ocrx_word' id='word_1_267' title='bbox 2256 3442 2310 3495; x_wconf 94' lang='lat' dir='ltr'><strong>in</strong></span> 
     </span>
    </p>
   </div>
   <div class='ocr_carea' id='block_1_37' title="bbox 731 3535 2311 3616">
    <p class='ocr_par' dir='ltr' id='par_1_37' title="bbox 731 3535 2311 3616">
     <span class='ocr_line' id='line_1_37' title="bbox 731 3535 2311 3616; baseline -0.007 -19"><span class='ocrx_word' id='word_1_268' title='bbox 731 3543 1019 3616; x_wconf 66' lang='lat' dir='ltr'><strong>praeceptis</strong></span> <span class='ocrx_word' id='word_1_269' title='bbox 1056 3537 1329 3594; x_wconf 84' lang='lat' dir='ltr'><strong>Altissimi</strong></span> <span class='ocrx_word' id='word_1_270' title='bbox 1353 3577 1369 3603; x_wconf 91' lang='lat'><strong>,</strong></span> <span class='ocrx_word' id='word_1_271' title='bbox 1404 3547 1459 3592; x_wconf 88' lang='lat' dir='ltr'><strong>et</strong></span> <span class='ocrx_word' id='word_1_272' title='bbox 1492 3536 1736 3607; x_wconf 86' lang='lat' dir='ltr'><strong>proderit</strong></span> <span class='ocrx_word' id='word_1_273' title='bbox 1765 3537 1864 3590; x_wconf 91' lang='lat' dir='ltr'><strong>tibi</strong></span> <span class='ocrx_word' id='word_1_274' title='bbox 1920 3535 2098 3604; x_wconf 86' lang='lat' dir='ltr'><strong>magis</strong></span> <span class='ocrx_word' id='word_1_275' title='bbox 2145 3547 2311 3604; x_wconf 82' lang='lat' dir='ltr'><strong>quam</strong></span> 
     </span>
    </p>
   </div>
   <div class='ocr_carea' id='block_1_38' title="bbox 737 3651 1018 3693">
    <p class='ocr_par' dir='ltr' id='par_1_38' title="bbox 737 3651 1018 3693">
     <span class='ocr_line' id='line_1_38' title="bbox 737 3651 1018 3693; baseline -0.018 -1"><span class='ocrx_word' id='word_1_276' title='bbox 737 3651 959 3693; x_wconf 88' lang='lat' dir='ltr'><strong>aurum.</strong></span> <span class='ocrx_word' id='word_1_277' title='bbox 999 3654 1018 3687; x_wconf 76' lang='grc' dir='ltr'><strong>Ι</strong></span> 
     </span>
    </p>
   </div>
   <div class='ocr_carea' id='block_1_39' title="bbox 806 3718 2310 3795">
    <p class='ocr_par' dir='ltr' id='par_1_39' title="bbox 806 3718 2310 3795">
     <span class='ocr_line' id='line_1_39' title="bbox 806 3718 2310 3795; baseline -0.01 -9"><span class='ocrx_word' id='word_1_278' title='bbox 806 3732 1001 3786; x_wconf 76' lang='lat' dir='ltr'><strong>Matth.</strong></span> <span class='ocrx_word' id='word_1_279' title='bbox 1030 3747 1103 3784; x_wconf 88' lang='grc' dir='ltr'>νιι</span> <span class='ocrx_word' id='word_1_280' title='bbox 1124 3771 1140 3795; x_wconf 89' lang='grc'><strong>,</strong></span> <span class='ocrx_word' id='word_1_281' title='bbox 1166 3726 1359 3783; x_wconf 73' lang='grc'><strong>21-24.</strong></span> <span class='ocrx_word' id='word_1_282' title='bbox 1380 3756 1449 3766; x_wconf 90' lang='lat'><strong>——</strong></span> <span class='ocrx_word' id='word_1_283' title='bbox 1472 3743 1491 3776; x_wconf 76' lang='grc' dir='ltr'><strong>ι</strong></span> <span class='ocrx_word' id='word_1_284' title='bbox 1515 3723 1632 3778; x_wconf 81' lang='lat' dir='ltr'><strong>Non</strong></span> <span class='ocrx_word' id='word_1_285' title='bbox 1659 3722 1842 3778; x_wconf 88' lang='lat' dir='ltr'><strong>omnis</strong></span> <span class='ocrx_word' id='word_1_286' title='bbox 1870 3723 1967 3792; x_wconf 88' lang='lat' dir='ltr'><strong>qui</strong></span> <span class='ocrx_word' id='word_1_287' title='bbox 1993 3721 2131 3776; x_wconf 88' lang='lat' dir='ltr'><strong>dicit</strong></span> <span class='ocrx_word' id='word_1_288' title='bbox 2154 3718 2310 3784; x_wconf 87' lang='lat' dir='ltr'><strong>mihi,</strong></span> 
     </span>
    </p>
   </div>
   <div class='ocr_carea' id='block_1_40' title="bbox 737 3814 2311 3891">
    <p class='ocr_par' dir='ltr' id='par_1_40' title="bbox 737 3814 2311 3891">
     <span class='ocr_line' id='line_1_40' title="bbox 737 3814 2311 3891; baseline -0.01 -10"><span class='ocrx_word' id='word_1_289' title='bbox 737 3827 966 3881; x_wconf 89' lang='lat' dir='ltr'><strong>Domine</strong></span> <span class='ocrx_word' id='word_1_290' title='bbox 987 3865 1002 3891; x_wconf 94' lang='lat'><strong>,</strong></span> <span class='ocrx_word' id='word_1_291' title='bbox 1035 3824 1300 3884; x_wconf 85' lang='lat' dir='ltr'><strong>Domine,</strong></span> <span class='ocrx_word' id='word_1_292' title='bbox 1333 3819 1565 3874; x_wconf 87' lang='lat' dir='ltr'><strong>intrabit</strong></span> <span class='ocrx_word' id='word_1_293' title='bbox 1615 3820 1667 3871; x_wconf 87' lang='lat' dir='ltr'><strong>in</strong></span> <span class='ocrx_word' id='word_1_294' title='bbox 1721 3831 1951 3886; x_wconf 88' lang='lat' dir='ltr'><strong>regnum</strong></span> <span class='ocrx_word' id='word_1_295' title='bbox 1999 3814 2266 3868; x_wconf 61' lang='lat' dir='ltr'><strong>caelorum</strong></span> <span class='ocrx_word' id='word_1_296' title='bbox 2297 3829 2311 3877; x_wconf 90' lang='lat'>;</span> 
     </span>
    </p>
   </div>
   <div class='ocr_carea' id='block_1_41' title="bbox 734 3905 2312 3988">
    <p class='ocr_par' dir='ltr' id='par_1_41' title="bbox 734 3905 2312 3988">
     <span class='ocr_line' id='line_1_41' title="bbox 734 3905 2312 3988; baseline -0.01 -16"><span class='ocrx_word' id='word_1_297' title='bbox 734 3919 828 3973; x_wconf 86' lang='lat' dir='ltr'><strong>sed</strong></span> <span class='ocrx_word' id='word_1_298' title='bbox 851 3917 946 3988; x_wconf 89' lang='lat' dir='ltr'><strong>qui</strong></span> <span class='ocrx_word' id='word_1_299' title='bbox 979 3917 1109 3970; x_wconf 82' lang='lat' dir='ltr'><strong>facit</strong></span> <span class='ocrx_word' id='word_1_300' title='bbox 1128 3915 1470 3970; x_wconf 80' lang='lat' dir='ltr'><strong>voluntatem</strong></span> <span class='ocrx_word' id='word_1_301' title='bbox 1497 3909 1684 3964; x_wconf 83' lang='lat' dir='ltr'><strong>Patris</strong></span> <span class='ocrx_word' id='word_1_302' title='bbox 1704 3910 1810 3963; x_wconf 91' lang='lat' dir='ltr'><strong>mei</strong></span> <span class='ocrx_word' id='word_1_303' title='bbox 1836 3907 1928 3978; x_wconf 89' lang='lat' dir='ltr'><strong>qui</strong></span> <span class='ocrx_word' id='word_1_304' title='bbox 1949 3908 2005 3960; x_wconf 89' lang='lat' dir='ltr'><strong>in</strong></span> <span class='ocrx_word' id='word_1_305' title='bbox 2027 3905 2183 3960; x_wconf 63' lang='lat' dir='ltr'><strong>caelis</strong></span> <span class='ocrx_word' id='word_1_306' title='bbox 2209 3913 2312 3959; x_wconf 88' lang='lat' dir='ltr'><strong>est.</strong></span> 
     </span>
    </p>
   </div>
   <div class='ocr_carea' id='block_1_42' title="bbox 734 3997 2318 4079">
    <p class='ocr_par' dir='ltr' id='par_1_42' title="bbox 734 3997 2318 4079">
     <span class='ocr_line' id='line_1_42' title="bbox 734 3997 2318 4079; baseline -0.009 -13"><span class='ocrx_word' id='word_1_307' title='bbox 734 4011 927 4066; x_wconf 86' lang='lat' dir='ltr'><strong>Omnis</strong></span> <span class='ocrx_word' id='word_1_308' title='bbox 955 4009 1050 4079; x_wconf 91' lang='lat' dir='ltr'><strong>qui</strong></span> <span class='ocrx_word' id='word_1_309' title='bbox 1076 4006 1231 4062; x_wconf 83' lang='lat' dir='ltr'><strong>audit</strong></span> <span class='ocrx_word' id='word_1_310' title='bbox 1259 4005 1424 4060; x_wconf 83' lang='lat' dir='ltr'><strong>verba</strong></span> <span class='ocrx_word' id='word_1_311' title='bbox 1456 4019 1574 4058; x_wconf 89' lang='lat' dir='ltr'><strong>mea</strong></span> <span class='ocrx_word' id='word_1_312' title='bbox 1594 4043 1609 4066; x_wconf 93' lang='lat'><strong>,</strong></span> <span class='ocrx_word' id='word_1_313' title='bbox 1634 4010 1688 4056; x_wconf 90' lang='lat' dir='ltr'><strong>et</strong></span> <span class='ocrx_word' id='word_1_314' title='bbox 1716 4001 1849 4054; x_wconf 82' lang='lat' dir='ltr'><strong>facit</strong></span> <span class='ocrx_word' id='word_1_315' title='bbox 1875 4013 1937 4054; x_wconf 91' lang='lat' dir='ltr'><strong>ea</strong></span> <span class='ocrx_word' id='word_1_316' title='bbox 1962 4038 1978 4062; x_wconf 93' lang='lat'><strong>,</strong></span> <span class='ocrx_word' id='word_1_317' title='bbox 2000 3997 2318 4052; x_wconf 75' lang='lat' dir='ltr'><strong>assimilabo</strong></span> 
     </span>
    </p>
   </div>
   <div class='ocr_carea' id='block_1_43' title="bbox 737 4093 2316 4170">
    <p class='ocr_par' dir='ltr' id='par_1_43' title="bbox 737 4093 2316 4170">
     <span class='ocr_line' id='line_1_43' title="bbox 737 4093 2316 4170; baseline -0.01 -12"><span class='ocrx_word' id='word_1_318' title='bbox 737 4106 894 4158; x_wconf 87' lang='lat' dir='ltr'><strong>illum</strong></span> <span class='ocrx_word' id='word_1_319' title='bbox 929 4103 1050 4158; x_wconf 76' lang='lat' dir='ltr'><strong>viro</strong></span> <span class='ocrx_word' id='word_1_320' title='bbox 1083 4099 1362 4170; x_wconf 86' lang='lat' dir='ltr'><strong>sapienti,</strong></span> <span class='ocrx_word' id='word_1_321' title='bbox 1411 4096 1504 4166; x_wconf 90' lang='lat' dir='ltr'><strong>qui</strong></span> <span class='ocrx_word' id='word_1_322' title='bbox 1554 4093 1848 4148; x_wconf 76' lang='lat' dir='ltr'><strong>:ediflcavit</strong></span> <span class='ocrx_word' id='word_1_323' title='bbox 1890 4094 2110 4146; x_wconf 86' lang='lat' dir='ltr'><strong>domum</strong></span> <span class='ocrx_word' id='word_1_324' title='bbox 2160 4104 2316 4142; x_wconf 89' lang='lat' dir='ltr'><strong>suam</strong></span> 
     </span>
    </p>
   </div>
   <div class='ocr_carea' id='block_1_44' title="bbox 737 4179 2318 4265">
    <p class='ocr_par' dir='ltr' id='par_1_44' title="bbox 737 4179 2318 4265">
     <span class='ocr_line' id='line_1_44' title="bbox 737 4179 2318 4265; baseline -0.011 -14"><span class='ocrx_word' id='word_1_325' title='bbox 737 4209 904 4264; x_wconf 89' lang='lat' dir='ltr'><strong>supra</strong></span> <span class='ocrx_word' id='word_1_326' title='bbox 932 4202 1163 4265; x_wconf 90' lang='lat' dir='ltr'><strong>petram.</strong></span> <span class='ocrx_word' id='word_1_327' title='bbox 1194 4189 1258 4243; x_wconf 85' lang='lat' dir='ltr'><strong>Et</strong></span> <span class='ocrx_word' id='word_1_328' title='bbox 1281 4187 1565 4244; x_wconf 87' lang='lat' dir='ltr'><strong>descendit</strong></span> <span class='ocrx_word' id='word_1_329' title='bbox 1587 4185 1770 4256; x_wconf 86' lang='lat' dir='ltr'><strong>pluvia</strong></span> <span class='ocrx_word' id='word_1_330' title='bbox 1791 4225 1806 4246; x_wconf 92' lang='lat'><strong>,</strong></span> <span class='ocrx_word' id='word_1_331' title='bbox 1831 4193 1886 4238; x_wconf 88' lang='lat' dir='ltr'><strong>et</strong></span> <span class='ocrx_word' id='word_1_332' title='bbox 1918 4189 2189 4237; x_wconf 89' lang='lat' dir='ltr'><strong>venerunt</strong></span> <span class='ocrx_word' id='word_1_333' title='bbox 2215 4179 2318 4234; x_wconf 83' lang='lat' dir='ltr'><strong>llu-</strong></span> 
     </span>
    </p>
   </div>
   <div class='ocr_carea' id='block_1_45' title="bbox 737 4272 2310 4349">
    <p class='ocr_par' dir='ltr' id='par_1_45' title="bbox 737 4272 2310 4349">
     <span class='ocr_line' id='line_1_45' title="bbox 737 4272 2310 4349; baseline -0.01 -9"><span class='ocrx_word' id='word_1_334' title='bbox 737 4289 922 4349; x_wconf 88' lang='lat' dir='ltr'><strong>mina,</strong></span> <span class='ocrx_word' id='word_1_335' title='bbox 956 4294 1011 4340; x_wconf 88' lang='lat' dir='ltr'><strong>et</strong></span> <span class='ocrx_word' id='word_1_336' title='bbox 1045 4283 1316 4338; x_wconf 75' lang='lat' dir='ltr'><strong>[laverunt</strong></span> <span class='ocrx_word' id='word_1_337' title='bbox 1349 4280 1533 4341; x_wconf 81' lang='lat' dir='ltr'><strong>venti,</strong></span> <span class='ocrx_word' id='word_1_338' title='bbox 1569 4288 1623 4333; x_wconf 91' lang='lat' dir='ltr'><strong>et</strong></span> <span class='ocrx_word' id='word_1_339' title='bbox 1657 4278 1944 4332; x_wconf 87' lang='lat' dir='ltr'><strong>irruerunt</strong></span> <span class='ocrx_word' id='word_1_340' title='bbox 1993 4276 2048 4328; x_wconf 92' lang='lat' dir='ltr'><strong>in</strong></span> <span class='ocrx_word' id='word_1_341' title='bbox 2085 4272 2310 4327; x_wconf 77' lang='lat' dir='ltr'><strong>domum</strong></span> 
     </span>
    </p>
   </div>
   <div class='ocr_carea' id='block_1_46' title="bbox 737 4369 2317 4445">
    <p class='ocr_par' dir='ltr' id='par_1_46' title="bbox 737 4369 2317 4445">
     <span class='ocr_line' id='line_1_46' title="bbox 737 4369 2317 4445; baseline -0.011 -12"><span class='ocrx_word' id='word_1_342' title='bbox 737 4379 889 4433; x_wconf 89' lang='lat' dir='ltr'><strong>illam</strong></span> <span class='ocrx_word' id='word_1_343' title='bbox 910 4419 926 4445; x_wconf 90' lang='lat'><strong>,</strong></span> <span class='ocrx_word' id='word_1_344' title='bbox 952 4385 1009 4432; x_wconf 91' lang='lat' dir='ltr'><strong>et</strong></span> <span class='ocrx_word' id='word_1_345' title='bbox 1038 4391 1145 4429; x_wconf 91' lang='lat' dir='ltr'><strong>non</strong></span> <span class='ocrx_word' id='word_1_346' title='bbox 1176 4373 1396 4428; x_wconf 89' lang='lat' dir='ltr'><strong>cecidit.</strong></span> <span class='ocrx_word' id='word_1_347' title='bbox 1425 4370 1675 4426; x_wconf 86' lang='lat' dir='ltr'><strong>Fundata</strong></span> <span class='ocrx_word' id='word_1_348' title='bbox 1701 4369 1846 4424; x_wconf 87' lang='lat' dir='ltr'><strong>enim</strong></span> <span class='ocrx_word' id='word_1_349' title='bbox 1870 4373 1988 4422; x_wconf 89' lang='lat' dir='ltr'><strong>erat</strong></span> <span class='ocrx_word' id='word_1_350' title='bbox 2019 4379 2188 4434; x_wconf 89' lang='lat' dir='ltr'><strong>supra</strong></span> <span class='ocrx_word' id='word_1_351' title='bbox 2221 4377 2317 4433; x_wconf 88' lang='lat' dir='ltr'><strong>pe-</strong></span> 
     </span>
    </p>
   </div>
   <div class='ocr_carea' id='block_1_47' title="bbox 739 4483 954 4524">
    <p class='ocr_par' dir='ltr' id='par_1_47' title="bbox 739 4483 954 4524">
     <span class='ocr_line' id='line_1_47' title="bbox 739 4483 954 4524; baseline -0.019 0"><span class='ocrx_word' id='word_1_352' title='bbox 739 4483 902 4524; x_wconf 73' lang='grc' dir='ltr'>ιηιιιι.</span> <span class='ocrx_word' id='word_1_353' title='bbox 935 4487 954 4520; x_wconf 77' lang='grc' dir='ltr'><strong>ι</strong></span> 
     </span>
    </p>
   </div>
   <div class='ocr_carea' id='block_1_48' title="bbox 2410 595 3591 671">
    <p class='ocr_par' dir='ltr' id='par_1_48' title="bbox 2410 595 3591 671">
     <span class='ocr_line' id='line_1_48' title="bbox 2410 595 3591 671; baseline 0.008 -23"><span class='ocrx_word' id='word_1_354' title='bbox 2410 595 2518 648; x_wconf 86' lang='grc' dir='ltr'><strong>τῶν</strong></span> <span class='ocrx_word' id='word_1_355' title='bbox 2544 597 2781 650; x_wconf 78' lang='grc' dir='ltr'><strong>ἐντολῶν</strong></span> <span class='ocrx_word' id='word_1_356' title='bbox 2808 598 3000 664; x_wconf 79' lang='grc' dir='ltr'>αὐτοῦ,</span> <span class='ocrx_word' id='word_1_357' title='bbox 3036 600 3124 654; x_wconf 84' lang='grc' dir='ltr'>ἵνα</span> <span class='ocrx_word' id='word_1_358' title='bbox 3152 601 3229 671; x_wconf 78' lang='grc' dir='ltr'>μὴ</span> <span class='ocrx_word' id='word_1_359' title='bbox 3258 602 3540 658; x_wconf 78' lang='grc' dir='ltr'><strong>ἀποθάνω.</strong></span> <span class='ocrx_word' id='word_1_360' title='bbox 3570 624 3591 658; x_wconf 78' lang='grc' dir='ltr'><strong>ι</strong></span> 
     </span>
    </p>
   </div>
   <div class='ocr_carea' id='block_1_49' title="bbox 2493 692 4007 763">
    <p class='ocr_par' dir='ltr' id='par_1_49' title="bbox 2493 692 4007 763">
     <span class='ocr_line' id='line_1_49' title="bbox 2493 692 4007 763; baseline 0.009 -21"><span class='ocrx_word' id='word_1_361' title='bbox 2493 711 2511 742; x_wconf 83' lang='grc' dir='ltr'><strong>ι</strong></span> <span class='ocrx_word' id='word_1_362' title='bbox 2545 692 2674 746; x_wconf 70' lang='grc' dir='ltr'>Ἐὰν</span> <span class='ocrx_word' id='word_1_363' title='bbox 2729 693 3006 747; x_wconf 80' lang='grc' dir='ltr'><strong>ἀκούσωσι</strong></span> <span class='ocrx_word' id='word_1_364' title='bbox 3062 695 3158 748; x_wconf 81' lang='grc' dir='ltr'><strong>καὶ</strong></span> <span class='ocrx_word' id='word_1_365' title='bbox 3211 695 3563 763; x_wconf 81' lang='grc' dir='ltr'>δουλεύοωσι,</span> <span class='ocrx_word' id='word_1_366' title='bbox 3611 702 4007 754; x_wconf 64' lang='grc' dir='ltr'>συντελέσωσι</span> 
     </span>
    </p>
   </div>
   <div class='ocr_carea' id='block_1_50' title="bbox 2406 783 4008 861">
    <p class='ocr_par' dir='ltr' id='par_1_50' title="bbox 2406 783 4008 861">
     <span class='ocr_line' id='line_1_50' title="bbox 2406 783 4008 861; baseline 0.004 -26"><span class='ocrx_word' id='word_1_367' title='bbox 2406 783 2510 847; x_wconf 77' lang='grc' dir='ltr'>τὰς</span> <span class='ocrx_word' id='word_1_368' title='bbox 2536 784 2748 854; x_wconf 80' lang='grc' dir='ltr'>ἡμέρας</span> <span class='ocrx_word' id='word_1_369' title='bbox 2789 785 2971 838; x_wconf 82' lang='grc' dir='ltr'>αὐτῶν</span> <span class='ocrx_word' id='word_1_370' title='bbox 2999 786 3061 838; x_wconf 76' lang='grc' dir='ltr'>ἐν</span> <span class='ocrx_word' id='word_1_371' title='bbox 3084 785 3333 850; x_wconf 74' lang='grc' dir='ltr'>ἀγαθοῖς,</span> <span class='ocrx_word' id='word_1_372' title='bbox 3363 789 3462 841; x_wconf 72' lang='grc' dir='ltr'><strong>καὶ</strong></span> <span class='ocrx_word' id='word_1_373' title='bbox 3478 788 3547 840; x_wconf 75' lang='grc' dir='ltr'>τὰ</span> <span class='ocrx_word' id='word_1_374' title='bbox 3590 787 3688 861; x_wconf 75' lang='grc' dir='ltr'><strong>ἔτη</strong></span> <span class='ocrx_word' id='word_1_375' title='bbox 3719 791 3905 844; x_wconf 78' lang='grc' dir='ltr'>αὐτῶν</span> <span class='ocrx_word' id='word_1_376' title='bbox 3943 795 4008 843; x_wconf 75' lang='grc' dir='ltr'>ἐν</span> 
     </span>
    </p>
   </div>
   <div class='ocr_carea' id='block_1_51' title="bbox 2410 877 2840 940">
    <p class='ocr_par' dir='ltr' id='par_1_51' title="bbox 2410 877 2840 940">
     <span class='ocr_line' id='line_1_51' title="bbox 2410 877 2840 940; baseline 0 -12"><span class='ocrx_word' id='word_1_377' title='bbox 2410 877 2795 940; x_wconf 83' lang='grc' dir='ltr'>εὐποεπείαις.</span> <span class='ocrx_word' id='word_1_378' title='bbox 2820 896 2840 928; x_wconf 74' lang='grc' dir='ltr'><strong>ι</strong></span> 
     </span>
    </p>
   </div>
   <div class='ocr_carea' id='block_1_52' title="bbox 2491 968 4008 1042">
    <p class='ocr_par' dir='ltr' id='par_1_52' title="bbox 2491 968 4008 1042">
     <span class='ocr_line' id='line_1_52' title="bbox 2491 968 4008 1042; baseline 0.003 -22"><span class='ocrx_word' id='word_1_379' title='bbox 2491 987 2510 1020; x_wconf 76' lang='grc' dir='ltr'><strong>ι</strong></span> <span class='ocrx_word' id='word_1_380' title='bbox 2563 969 2628 1022; x_wconf 86' lang='grc' dir='ltr'><strong>Ἠ</strong></span> <span class='ocrx_word' id='word_1_381' title='bbox 2667 969 2855 1040; x_wconf 79' lang='grc' dir='ltr'>ἐντολὴ</span> <span class='ocrx_word' id='word_1_382' title='bbox 2910 968 3006 1021; x_wconf 79' lang='grc' dir='ltr'><strong>τοῦ</strong></span> <span class='ocrx_word' id='word_1_383' title='bbox 3057 970 3264 1040; x_wconf 78' lang='grc' dir='ltr'><strong>Κυρίου</strong></span> <span class='ocrx_word' id='word_1_384' title='bbox 3321 969 3622 1042; x_wconf 84' lang='grc' dir='ltr'>τηλαυγης,</span> <span class='ocrx_word' id='word_1_385' title='bbox 3679 973 4008 1040; x_wconf 70' lang='grc' dir='ltr'>φωτίζουσα</span> 
     </span>
    </p>
   </div>
   <div class='ocr_carea' id='block_1_53' title="bbox 2408 1059 2792 1130">
    <p class='ocr_par' dir='ltr' id='par_1_53' title="bbox 2408 1059 2792 1130">
     <span class='ocr_line' id='line_1_53' title="bbox 2408 1059 2792 1130; baseline -0.01 -16"><span class='ocrx_word' id='word_1_386' title='bbox 2408 1059 2743 1130; x_wconf 82' lang='grc' dir='ltr'>ὀφθαλμους.</span> <span class='ocrx_word' id='word_1_387' title='bbox 2774 1078 2792 1110; x_wconf 88' lang='grc' dir='ltr'><strong>ι</strong></span> 
     </span>
    </p>
   </div>
   <div class='ocr_carea' id='block_1_54' title="bbox 2482 1151 4002 1224">
    <p class='ocr_par' dir='ltr' id='par_1_54' title="bbox 2482 1151 4002 1224">
     <span class='ocr_line' id='line_1_54' title="bbox 2482 1151 4002 1224; baseline -0.001 -20"><span class='ocrx_word' id='word_1_388' title='bbox 2482 1171 2502 1204; x_wconf 73' lang='grc' dir='ltr'><strong>ι</strong></span> <span class='ocrx_word' id='word_1_389' title='bbox 2546 1152 2610 1206; x_wconf 84' lang='grc' dir='ltr'><strong>Ἦ</strong></span> <span class='ocrx_word' id='word_1_390' title='bbox 2639 1152 2959 1224; x_wconf 82' lang='grc' dir='ltr'><strong>δικαιοσύνη</strong></span> <span class='ocrx_word' id='word_1_391' title='bbox 3002 1151 3170 1205; x_wconf 82' lang='grc' dir='ltr'>αὑτοῦ</span> <span class='ocrx_word' id='word_1_392' title='bbox 3199 1153 3295 1208; x_wconf 71' lang='grc' dir='ltr'><strong>ἐπὶ</strong></span> <span class='ocrx_word' id='word_1_393' title='bbox 3322 1155 3473 1217; x_wconf 74' lang='grc' dir='ltr'>υἱοὺς</span> <span class='ocrx_word' id='word_1_394' title='bbox 3518 1153 3652 1206; x_wconf 65' lang='grc' dir='ltr'>νῶν</span> <span class='ocrx_word' id='word_1_395' title='bbox 3736 1154 3853 1216; x_wconf 74' lang='grc' dir='ltr'>τοῖς</span> <span class='ocrx_word' id='word_1_396' title='bbox 3887 1170 4002 1220; x_wconf 71' lang='grc' dir='ltr'>ςυ-</span> 
     </span>
    </p>
   </div>
   <div class='ocr_carea' id='block_1_55' title="bbox 2408 1244 3330 1316">
    <p class='ocr_par' dir='ltr' id='par_1_55' title="bbox 2408 1244 3330 1316">
     <span class='ocr_line' id='line_1_55' title="bbox 2408 1244 3330 1316; baseline 0.001 -18"><span class='ocrx_word' id='word_1_397' title='bbox 2408 1244 2668 1298; x_wconf 81' lang='grc' dir='ltr'>λάσσουσι</span> <span class='ocrx_word' id='word_1_398' title='bbox 2696 1245 2794 1315; x_wconf 80' lang='grc' dir='ltr'><strong>τὴν</strong></span> <span class='ocrx_word' id='word_1_399' title='bbox 2817 1245 3085 1316; x_wconf 80' lang='grc' dir='ltr'><strong>διαθήκην</strong></span> <span class='ocrx_word' id='word_1_400' title='bbox 3105 1245 3290 1299; x_wconf 79' lang='grc' dir='ltr'><strong>αὑτοῦ.</strong></span> <span class='ocrx_word' id='word_1_401' title='bbox 3311 1266 3330 1298; x_wconf 83' lang='grc' dir='ltr'><strong>ι</strong></span> 
     </span>
    </p>
   </div>
   <div class='ocr_carea' id='block_1_56' title="bbox 2483 1333 4002 1405">
    <p class='ocr_par' dir='ltr' id='par_1_56' title="bbox 2483 1333 4002 1405">
     <span class='ocr_line' id='line_1_56' title="bbox 2483 1333 4002 1405; baseline -0.003 -21"><span class='ocrx_word' id='word_1_402' title='bbox 2483 1352 2502 1384; x_wconf 76' lang='grc' dir='ltr'><strong>ι</strong></span> <span class='ocrx_word' id='word_1_403' title='bbox 2527 1333 2759 1402; x_wconf 77' lang='grc' dir='ltr'>Ὄφελον</span> <span class='ocrx_word' id='word_1_404' title='bbox 2793 1334 3297 1405; x_wconf 81' lang='grc' dir='ltr'>κατευθυνθείησαν</span> <span class='ocrx_word' id='word_1_405' title='bbox 3327 1335 3386 1387; x_wconf 83' lang='grc' dir='ltr'>αί</span> <span class='ocrx_word' id='word_1_406' title='bbox 3415 1337 3524 1388; x_wconf 80' lang='grc' dir='ltr'>ὁδοί</span> <span class='ocrx_word' id='word_1_407' title='bbox 3583 1352 3710 1405; x_wconf 87' lang='grc' dir='ltr'>μου,</span> <span class='ocrx_word' id='word_1_408' title='bbox 3763 1337 3858 1389; x_wconf 68' lang='grc' dir='ltr'><strong>τοῦ</strong></span> <span class='ocrx_word' id='word_1_409' title='bbox 3892 1356 4002 1403; x_wconf 61' lang='grc' dir='ltr'><strong>ςυ-</strong></span> 
     </span>
    </p>
   </div>
   <div class='ocr_carea' id='block_1_57' title="bbox 2408 1426 2741 1492">
    <p class='ocr_par' dir='ltr' id='par_1_57' title="bbox 2408 1426 2741 1492">
     <span class='ocr_line' id='line_1_57' title="bbox 2408 1426 2741 1492; baseline -0.003 -14"><span class='ocrx_word' id='word_1_410' title='bbox 2408 1426 2694 1492; x_wconf 76' lang='grc' dir='ltr'><strong>λάξασθαι.</strong></span> <span class='ocrx_word' id='word_1_411' title='bbox 2722 1447 2741 1477; x_wconf 77' lang='grc' dir='ltr'><strong>ι</strong></span> 
     </span>
    </p>
   </div>
   <div class='ocr_carea' id='block_1_58' title="bbox 2484 1517 3250 1588">
    <p class='ocr_par' dir='ltr' id='par_1_58' title="bbox 2484 1517 3250 1588">
     <span class='ocr_line' id='line_1_58' title="bbox 2484 1517 3250 1588; baseline 0 -20"><span class='ocrx_word' id='word_1_412' title='bbox 2484 1537 2503 1568; x_wconf 75' lang='grc' dir='ltr'><strong>ι</strong></span> <span class='ocrx_word' id='word_1_413' title='bbox 2533 1519 2591 1571; x_wconf 92' lang='lat' dir='ltr'><strong>&#39;O</strong></span> <span class='ocrx_word' id='word_1_414' title='bbox 2623 1519 2787 1588; x_wconf 84' lang='grc' dir='ltr'>νόμος</span> <span class='ocrx_word' id='word_1_415' title='bbox 2820 1534 2915 1570; x_wconf 83' lang='grc' dir='ltr'><strong>σου</strong></span> <span class='ocrx_word' id='word_1_416' title='bbox 2942 1517 3190 1587; x_wconf 80' lang='grc' dir='ltr'><strong>ἀλήθεια.</strong></span> <span class='ocrx_word' id='word_1_417' title='bbox 3231 1536 3250 1568; x_wconf 80' lang='grc' dir='ltr'><strong>ι</strong></span> 
     </span>
    </p>
   </div>
   <div class='ocr_carea' id='block_1_59' title="bbox 2488 1607 4000 1679">
    <p class='ocr_par' dir='ltr' id='par_1_59' title="bbox 2488 1607 4000 1679">
     <span class='ocr_line' id='line_1_59' title="bbox 2488 1607 4000 1679; baseline 0 -20"><span class='ocrx_word' id='word_1_418' title='bbox 2488 1627 2508 1659; x_wconf 75' lang='grc' dir='ltr'><strong>ι</strong></span> <span class='ocrx_word' id='word_1_419' title='bbox 2553 1608 2762 1671; x_wconf 76' lang='grc' dir='ltr'>Πάντες</span> <span class='ocrx_word' id='word_1_420' title='bbox 2791 1609 2842 1660; x_wconf 89' lang='grc' dir='ltr'><strong>οἱ</strong></span> <span class='ocrx_word' id='word_1_421' title='bbox 2875 1607 3025 1675; x_wconf 84' lang='grc' dir='ltr'>λόγοι</span> <span class='ocrx_word' id='word_1_422' title='bbox 3061 1608 3270 1678; x_wconf 77' lang='grc' dir='ltr'>Κυρίου</span> <span class='ocrx_word' id='word_1_423' title='bbox 3333 1610 3743 1679; x_wconf 77' lang='grc' dir='ltr'><strong>πεπυρωμένοι.</strong></span> <span class='ocrx_word' id='word_1_424' title='bbox 3789 1609 4000 1678; x_wconf 76' lang='grc' dir='ltr'>’Υπερ-</span> 
     </span>
    </p>
   </div>
   <div class='ocr_carea' id='block_1_60' title="bbox 2410 1699 3563 1770">
    <p class='ocr_par' dir='ltr' id='par_1_60' title="bbox 2410 1699 3563 1770">
     <span class='ocr_line' id='line_1_60' title="bbox 2410 1699 3563 1770; baseline -0.002 -16"><span class='ocrx_word' id='word_1_425' title='bbox 2410 1701 2631 1763; x_wconf 74' lang='grc' dir='ltr'>ασπίξει</span> <span class='ocrx_word' id='word_1_426' title='bbox 2661 1700 2718 1753; x_wconf 86' lang='grc' dir='ltr'>δὲ</span> <span class='ocrx_word' id='word_1_427' title='bbox 2748 1700 2856 1752; x_wconf 87' lang='grc' dir='ltr'><strong>τῶν</strong></span> <span class='ocrx_word' id='word_1_428' title='bbox 2890 1699 3308 1770; x_wconf 66' lang='grc' dir='ltr'>εὐλαϐουμένων</span> <span class='ocrx_word' id='word_1_429' title='bbox 3333 1701 3517 1754; x_wconf 80' lang='grc' dir='ltr'>αὐτόν.</span> <span class='ocrx_word' id='word_1_430' title='bbox 3544 1722 3563 1752; x_wconf 77' lang='grc' dir='ltr'><strong>ι</strong></span> 
     </span>
    </p>
   </div>
   <div class='ocr_carea' id='block_1_61' title="bbox 2482 1793 4000 1863">
    <p class='ocr_par' dir='ltr' id='par_1_61' title="bbox 2482 1793 4000 1863">
     <span class='ocr_line' id='line_1_61' title="bbox 2482 1793 4000 1863; baseline 0.003 -20"><span class='ocrx_word' id='word_1_431' title='bbox 2482 1812 2501 1843; x_wconf 84' lang='grc'><strong>‹</strong></span> <span class='ocrx_word' id='word_1_432' title='bbox 2544 1793 2710 1855; x_wconf 86' lang='grc' dir='ltr'>Τέλος</span> <span class='ocrx_word' id='word_1_433' title='bbox 2739 1795 2926 1861; x_wconf 84' lang='grc' dir='ltr'>λόγου,</span> <span class='ocrx_word' id='word_1_434' title='bbox 2950 1793 3011 1845; x_wconf 68' lang='grc' dir='ltr'><strong>τὶ</strong></span> <span class='ocrx_word' id='word_1_435' title='bbox 3045 1795 3156 1846; x_wconf 76' lang='grc' dir='ltr'><strong>πᾶν</strong></span> <span class='ocrx_word' id='word_1_436' title='bbox 3180 1795 3346 1846; x_wconf 77' lang='grc' dir='ltr'>ἄκουε</span> <span class='ocrx_word' id='word_1_437' title='bbox 3366 1810 3378 1822; x_wconf 88' lang='grc'><strong>·</strong></span> <span class='ocrx_word' id='word_1_438' title='bbox 3411 1795 3504 1847; x_wconf 80' lang='grc' dir='ltr'><strong>τὸν</strong></span> <span class='ocrx_word' id='word_1_439' title='bbox 3524 1793 3656 1848; x_wconf 76' lang='grc' dir='ltr'><strong>Θεὸν</strong></span> <span class='ocrx_word' id='word_1_440' title='bbox 3671 1793 3865 1863; x_wconf 72' lang='grc' dir='ltr'>φοϐοῦ,</span> <span class='ocrx_word' id='word_1_441' title='bbox 3897 1798 4000 1848; x_wconf 77' lang='grc' dir='ltr'><strong>καὶ</strong></span> 
     </span>
    </p>
   </div>
   <div class='ocr_carea' id='block_1_62' title="bbox 2401 1885 3283 1954">
    <p class='ocr_par' dir='ltr' id='par_1_62' title="bbox 2401 1885 3283 1954">
     <span class='ocr_line' id='line_1_62' title="bbox 2401 1885 3283 1954; baseline 0 -17"><span class='ocrx_word' id='word_1_442' title='bbox 2401 1886 2498 1950; x_wconf 72' lang='grc' dir='ltr'><strong>τὰς</strong></span> <span class='ocrx_word' id='word_1_443' title='bbox 2526 1886 2751 1948; x_wconf 74' lang='grc' dir='ltr'>ἐντολὰς</span> <span class='ocrx_word' id='word_1_444' title='bbox 2781 1885 2947 1938; x_wconf 75' lang='grc' dir='ltr'>αὐτοῦ</span> <span class='ocrx_word' id='word_1_445' title='bbox 2971 1886 3233 1954; x_wconf 73' lang='grc' dir='ltr'>φύλασσε.</span> <span class='ocrx_word' id='word_1_446' title='bbox 3263 1905 3283 1937; x_wconf 75' lang='grc' dir='ltr'><strong>ι</strong></span> 
     </span>
    </p>
   </div>
   <div class='ocr_carea' id='block_1_63' title="bbox 2488 1975 3550 2047">
    <p class='ocr_par' dir='ltr' id='par_1_63' title="bbox 2488 1975 3550 2047">
     <span class='ocr_line' id='line_1_63' title="bbox 2488 1975 3550 2047; baseline 0.001 -20"><span class='ocrx_word' id='word_1_447' title='bbox 2488 1996 2506 2027; x_wconf 81' lang='grc' dir='ltr'><strong>ι</strong></span> <span class='ocrx_word' id='word_1_448' title='bbox 2544 1975 2886 2047; x_wconf 84' lang='grc' dir='ltr'>Πρόσταγμα</span> <span class='ocrx_word' id='word_1_449' title='bbox 2908 1977 3118 2046; x_wconf 75' lang='grc' dir='ltr'>Κυρίου</span> <span class='ocrx_word' id='word_1_450' title='bbox 3152 1977 3306 2047; x_wconf 80' lang='grc' dir='ltr'>πηγὴ</span> <span class='ocrx_word' id='word_1_451' title='bbox 3331 1976 3500 2046; x_wconf 79' lang='grc' dir='ltr'><strong>ζωῆς.</strong></span> <span class='ocrx_word' id='word_1_452' title='bbox 3533 1996 3550 2028; x_wconf 78' lang='grc' dir='ltr'><strong>ι</strong></span> 
     </span>
    </p>
   </div>
   <div class='ocr_carea' id='block_1_64' title="bbox 2457 2159 3998 2231">
    <p class='ocr_par' dir='ltr' id='par_1_64' title="bbox 2457 2159 3998 2231">
     <span class='ocr_line' id='line_1_64' title="bbox 2457 2159 3998 2231; baseline 0 -21"><span class='ocrx_word' id='word_1_453' title='bbox 2457 2179 2476 2210; x_wconf 76' lang='grc' dir='ltr'><strong>ι</strong></span> <span class='ocrx_word' id='word_1_454' title='bbox 2502 2162 2564 2212; x_wconf 87' lang='grc' dir='ltr'>υἱ</span> <span class='ocrx_word' id='word_1_455' title='bbox 2592 2160 2918 2229; x_wconf 80' lang='grc' dir='ltr'><strong>ἀγαπῶντες</strong></span> <span class='ocrx_word' id='word_1_456' title='bbox 2971 2161 3063 2214; x_wconf 77' lang='grc' dir='ltr'>τὸν</span> <span class='ocrx_word' id='word_1_457' title='bbox 3109 2160 3294 2231; x_wconf 83' lang='grc' dir='ltr'>νόμον,</span> <span class='ocrx_word' id='word_1_458' title='bbox 3349 2159 3735 2231; x_wconf 67' lang='grc' dir='ltr'>περιϐαλοῦσιν</span> <span class='ocrx_word' id='word_1_459' title='bbox 3774 2159 3998 2222; x_wconf 75' lang='grc' dir='ltr'><strong>ἑαυτοῖς</strong></span> 
     </span>
    </p>
   </div>
   <div class='ocr_carea' id='block_1_65' title="bbox 2418 2257 2662 2322">
    <p class='ocr_par' dir='ltr' id='par_1_65' title="bbox 2418 2257 2662 2322">
     <span class='ocr_line' id='line_1_65' title="bbox 2418 2257 2662 2322; baseline -0.012 -16"><span class='ocrx_word' id='word_1_460' title='bbox 2418 2257 2616 2322; x_wconf 83' lang='grc' dir='ltr'><strong>τεῖχος.</strong></span> <span class='ocrx_word' id='word_1_461' title='bbox 2643 2273 2662 2303; x_wconf 81' lang='grc' dir='ltr'><strong>ι</strong></span> 
     </span>
    </p>
   </div>
   <div class='ocr_carea' id='block_1_66' title="bbox 2478 2343 4002 2416">
    <p class='ocr_par' dir='ltr' id='par_1_66' title="bbox 2478 2343 4002 2416">
     <span class='ocr_line' id='line_1_66' title="bbox 2478 2343 4002 2416; baseline -0.001 -20"><span class='ocrx_word' id='word_1_462' title='bbox 2478 2365 2497 2396; x_wconf 83' lang='grc' dir='ltr'><strong>ι</strong></span> <span class='ocrx_word' id='word_1_463' title='bbox 2519 2345 2657 2399; x_wconf 75' lang='grc' dir='ltr'><strong>Τάδε</strong></span> <span class='ocrx_word' id='word_1_464' title='bbox 2707 2345 2854 2412; x_wconf 84' lang='grc' dir='ltr'>λέγει</span> <span class='ocrx_word' id='word_1_465' title='bbox 2903 2343 3110 2416; x_wconf 79' lang='grc' dir='ltr'>Κύριος</span> <span class='ocrx_word' id='word_1_466' title='bbox 3147 2362 3161 2374; x_wconf 92' lang='grc'><strong>·</strong></span> <span class='ocrx_word' id='word_1_467' title='bbox 3208 2345 3333 2399; x_wconf 68' lang='grc' dir='ltr'><strong>Ἐὰν</strong></span> <span class='ocrx_word' id='word_1_468' title='bbox 3363 2345 3422 2398; x_wconf 74' lang='grc' dir='ltr'>ἐν</span> <span class='ocrx_word' id='word_1_469' title='bbox 3454 2346 3565 2407; x_wconf 82' lang='grc' dir='ltr'>τοῖς</span> <span class='ocrx_word' id='word_1_470' title='bbox 3593 2344 3732 2406; x_wconf 68' lang='grc' dir='ltr'>ὁδοῖς</span> <span class='ocrx_word' id='word_1_471' title='bbox 3760 2361 3864 2412; x_wconf 86' lang='grc' dir='ltr'><strong>μου</strong></span> <span class='ocrx_word' id='word_1_472' title='bbox 3894 2361 4002 2395; x_wconf 73' lang='grc' dir='ltr'>πο-</span> 
     </span>
    </p>
   </div>
   <div class='ocr_carea' id='block_1_67' title="bbox 2408 2436 3994 2510">
    <p class='ocr_par' dir='ltr' id='par_1_67' title="bbox 2408 2436 3994 2510">
     <span class='ocr_line' id='line_1_67' title="bbox 2408 2436 3994 2510; baseline -0.002 -18"><span class='ocrx_word' id='word_1_473' title='bbox 2408 2440 2564 2510; x_wconf 77' lang='grc' dir='ltr'>ρεύῃ,</span> <span class='ocrx_word' id='word_1_474' title='bbox 2623 2439 2720 2492; x_wconf 77' lang='grc' dir='ltr'><strong>καὶ</strong></span> <span class='ocrx_word' id='word_1_475' title='bbox 2752 2440 2810 2492; x_wconf 82' lang='grc' dir='ltr'>ἐν</span> <span class='ocrx_word' id='word_1_476' title='bbox 2845 2440 2959 2501; x_wconf 84' lang='grc' dir='ltr'>τοῖς</span> <span class='ocrx_word' id='word_1_477' title='bbox 3012 2439 3406 2508; x_wconf 82' lang='grc' dir='ltr'>προστάγμασί</span> <span class='ocrx_word' id='word_1_478' title='bbox 3455 2456 3558 2508; x_wconf 85' lang='grc' dir='ltr'><strong>μου</strong></span> <span class='ocrx_word' id='word_1_479' title='bbox 3603 2436 3889 2507; x_wconf 70' lang='grc' dir='ltr'>φυλάσσῃ,</span> <span class='ocrx_word' id='word_1_480' title='bbox 3925 2440 3994 2489; x_wconf 60' lang='grc' dir='ltr'>σῦ</span> 
     </span>
    </p>
   </div>
   <div class='ocr_carea' id='block_1_68' title="bbox 2403 2527 3191 2604">
    <p class='ocr_par' dir='ltr' id='par_1_68' title="bbox 2403 2527 3191 2604">
     <span class='ocr_line' id='line_1_68' title="bbox 2403 2527 3191 2604; baseline -0.005 -19"><span class='ocrx_word' id='word_1_481' title='bbox 2403 2533 2705 2604; x_wconf 78' lang='grc' dir='ltr'>διακρινείς</span> <span class='ocrx_word' id='word_1_482' title='bbox 2733 2531 2825 2584; x_wconf 74' lang='grc' dir='ltr'><strong>τὸν</strong></span> <span class='ocrx_word' id='word_1_483' title='bbox 2846 2527 2995 2584; x_wconf 82' lang='grc' dir='ltr'>οἶκόν</span> <span class='ocrx_word' id='word_1_484' title='bbox 3020 2548 3144 2601; x_wconf 87' lang='grc' dir='ltr'>μου.</span> <span class='ocrx_word' id='word_1_485' title='bbox 3172 2549 3191 2581; x_wconf 80' lang='grc' dir='ltr'><strong>ι</strong></span> 
     </span>
    </p>
   </div>
   <div class='ocr_carea' id='block_1_69' title="bbox 2484 2621 4000 2694">
    <p class='ocr_par' dir='ltr' id='par_1_69' title="bbox 2484 2621 4000 2694">
     <span class='ocr_line' id='line_1_69' title="bbox 2484 2621 4000 2694; baseline -0.002 -19"><span class='ocrx_word' id='word_1_486' title='bbox 2484 2644 2502 2675; x_wconf 76' lang='grc' dir='ltr'><strong>ι</strong></span> <span class='ocrx_word' id='word_1_487' title='bbox 2544 2624 2842 2678; x_wconf 79' lang='grc' dir='ltr'><strong>’Δκούσατέ</strong></span> <span class='ocrx_word' id='word_1_488' title='bbox 2878 2640 3006 2694; x_wconf 87' lang='grc' dir='ltr'>μου,</span> <span class='ocrx_word' id='word_1_489' title='bbox 3032 2622 3131 2675; x_wconf 75' lang='grc' dir='ltr'><strong>καὶ</strong></span> <span class='ocrx_word' id='word_1_490' title='bbox 3156 2621 3399 2691; x_wconf 79' lang='grc' dir='ltr'>φάγεσθε</span> <span class='ocrx_word' id='word_1_491' title='bbox 3440 2621 3645 2690; x_wconf 74' lang='grc' dir='ltr'>ἀγαθὰ,</span> <span class='ocrx_word' id='word_1_492' title='bbox 3673 2623 3766 2675; x_wconf 76' lang='grc' dir='ltr'><strong>καὶ</strong></span> <span class='ocrx_word' id='word_1_493' title='bbox 3795 2623 4000 2690; x_wconf 70' lang='grc' dir='ltr'>ἐντρυ-</span> 
     </span>
    </p>
   </div>
   <div class='ocr_carea' id='block_1_70' title="bbox 2407 2711 3421 2784">
    <p class='ocr_par' dir='ltr' id='par_1_70' title="bbox 2407 2711 3421 2784">
     <span class='ocr_line' id='line_1_70' title="bbox 2407 2711 3421 2784; baseline -0.004 -18"><span class='ocrx_word' id='word_1_494' title='bbox 2407 2713 2604 2784; x_wconf 78' lang='grc' dir='ltr'>φηθείη</span> <span class='ocrx_word' id='word_1_495' title='bbox 2636 2715 2694 2767; x_wconf 83' lang='grc' dir='ltr'>ἐν</span> <span class='ocrx_word' id='word_1_496' title='bbox 2717 2711 2943 2779; x_wconf 78' lang='grc' dir='ltr'><strong>ἀγαθοῖς</strong></span> <span class='ocrx_word' id='word_1_497' title='bbox 2973 2715 3007 2782; x_wconf 81' lang='grc' dir='ltr'><strong>ή</strong></span> <span class='ocrx_word' id='word_1_498' title='bbox 3030 2711 3177 2780; x_wconf 78' lang='grc' dir='ltr'>ψυχὴ</span> <span class='ocrx_word' id='word_1_499' title='bbox 3202 2712 3377 2782; x_wconf 85' lang='grc' dir='ltr'>ὑμῶν.</span> <span class='ocrx_word' id='word_1_500' title='bbox 3401 2730 3421 2762; x_wconf 79' lang='grc' dir='ltr'><strong>ι</strong></span> 
     </span>
    </p>
   </div>
   <div class='ocr_carea' id='block_1_71' title="bbox 2479 2801 4002 2876">
    <p class='ocr_par' dir='ltr' id='par_1_71' title="bbox 2479 2801 4002 2876">
     <span class='ocr_line' id='line_1_71' title="bbox 2479 2801 4002 2876; baseline -0.002 -18"><span class='ocrx_word' id='word_1_501' title='bbox 2479 2806 2811 2876; x_wconf 75' lang='grc' dir='ltr'>«Κρείττων</span> <span class='ocrx_word' id='word_1_502' title='bbox 2869 2805 3188 2875; x_wconf 77' lang='grc' dir='ltr'><strong>ἡττώμενος</strong></span> <span class='ocrx_word' id='word_1_503' title='bbox 3241 2804 3302 2856; x_wconf 78' lang='grc' dir='ltr'>ἐν</span> <span class='ocrx_word' id='word_1_504' title='bbox 3361 2801 3575 2855; x_wconf 79' lang='grc' dir='ltr'><strong>συνέσει</strong></span> <span class='ocrx_word' id='word_1_505' title='bbox 3634 2801 3914 2872; x_wconf 75' lang='grc' dir='ltr'>ἔμφοϐος,</span> <span class='ocrx_word' id='word_1_506' title='bbox 3964 2803 4002 2872; x_wconf 71' lang='grc' dir='ltr'>ἦ</span> 
     </span>
    </p>
   </div>
   <div class='ocr_carea' id='block_1_72' title="bbox 2412 2894 3850 2970">
    <p class='ocr_par' dir='ltr' id='par_1_72' title="bbox 2412 2894 3850 2970">
     <span class='ocr_line' id='line_1_72' title="bbox 2412 2894 3850 2970; baseline -0.005 -19"><span class='ocrx_word' id='word_1_507' title='bbox 2412 2897 2753 2970; x_wconf 81' lang='grc' dir='ltr'>περισσεύων</span> <span class='ocrx_word' id='word_1_508' title='bbox 2779 2896 3078 2969; x_wconf 60' lang='grc' dir='ltr'>φρονήσει,</span> <span class='ocrx_word' id='word_1_509' title='bbox 3109 2895 3206 2948; x_wconf 81' lang='grc' dir='ltr'><strong>καὶ</strong></span> <span class='ocrx_word' id='word_1_510' title='bbox 3234 2894 3592 2964; x_wconf 76' lang='grc' dir='ltr'>παραϐαίνων</span> <span class='ocrx_word' id='word_1_511' title='bbox 3620 2894 3801 2962; x_wconf 81' lang='grc' dir='ltr'>νόμον.</span> <span class='ocrx_word' id='word_1_512' title='bbox 3829 2914 3850 2945; x_wconf 76' lang='grc' dir='ltr'><strong>ι</strong></span> 
     </span>
    </p>
   </div>
   <div class='ocr_carea' id='block_1_73' title="bbox 2499 3073 4003 3147">
    <p class='ocr_par' dir='ltr' id='par_1_73' title="bbox 2499 3073 4003 3147">
     <span class='ocr_line' id='line_1_73' title="bbox 2499 3073 4003 3147; baseline -0.005 -16"><span class='ocrx_word' id='word_1_513' title='bbox 2499 3098 2520 3131; x_wconf 76' lang='grc' dir='ltr'><strong>ι</strong></span> <span class='ocrx_word' id='word_1_514' title='bbox 2561 3077 2732 3132; x_wconf 76' lang='grc' dir='ltr'>Οὐδὲν</span> <span class='ocrx_word' id='word_1_515' title='bbox 2770 3076 3106 3147; x_wconf 82' lang='grc' dir='ltr'><strong>γλυκύτερον</strong></span> <span class='ocrx_word' id='word_1_516' title='bbox 3137 3073 3232 3128; x_wconf 78' lang='grc' dir='ltr'><strong>τοῦ</strong></span> <span class='ocrx_word' id='word_1_517' title='bbox 3271 3075 3560 3146; x_wconf 82' lang='grc' dir='ltr'>προσέχειν</span> <span class='ocrx_word' id='word_1_518' title='bbox 3605 3075 3848 3136; x_wconf 74' lang='grc' dir='ltr'><strong>ἐντολαῖς</strong></span> <span class='ocrx_word' id='word_1_519' title='bbox 3881 3073 4003 3125; x_wconf 77' lang='grc' dir='ltr'><strong>Κυ-</strong></span> 
     </span>
    </p>
   </div>
   <div class='ocr_carea' id='block_1_74' title="bbox 2418 3174 2604 3246">
    <p class='ocr_par' dir='ltr' id='par_1_74' title="bbox 2418 3174 2604 3246">
     <span class='ocr_line' id='line_1_74' title="bbox 2418 3174 2604 3246; baseline -0.011 -20"><span class='ocrx_word' id='word_1_520' title='bbox 2418 3174 2559 3246; x_wconf 84' lang='grc' dir='ltr'>ρίου.</span> <span class='ocrx_word' id='word_1_521' title='bbox 2585 3191 2604 3224; x_wconf 82' lang='grc' dir='ltr'><strong>ι</strong></span> 
     </span>
    </p>
   </div>
   <div class='ocr_carea' id='block_1_75' title="bbox 2486 3259 3786 3335">
    <p class='ocr_par' dir='ltr' id='par_1_75' title="bbox 2486 3259 3786 3335">
     <span class='ocr_line' id='line_1_75' title="bbox 2486 3259 3786 3335; baseline -0.005 -19"><span class='ocrx_word' id='word_1_522' title='bbox 2486 3285 2504 3316; x_wconf 79' lang='grc' dir='ltr'><strong>ι</strong></span> <span class='ocrx_word' id='word_1_523' title='bbox 2556 3265 2614 3318; x_wconf 86' lang='lat'><strong>&#39;0</strong></span> <span class='ocrx_word' id='word_1_524' title='bbox 2637 3262 2819 3335; x_wconf 77' lang='grc' dir='ltr'>ζητῶν</span> <span class='ocrx_word' id='word_1_525' title='bbox 2845 3263 3032 3334; x_wconf 83' lang='grc' dir='ltr'>νόμον,</span> <span class='ocrx_word' id='word_1_526' title='bbox 3064 3262 3521 3333; x_wconf 73' lang='grc' dir='ltr'><strong>ἐμπλησθήσεται</strong></span> <span class='ocrx_word' id='word_1_527' title='bbox 3546 3259 3734 3316; x_wconf 80' lang='grc' dir='ltr'><strong>αὐτοῦ.</strong></span> <span class='ocrx_word' id='word_1_528' title='bbox 3768 3278 3786 3309; x_wconf 81' lang='grc' dir='ltr'><strong>ι</strong></span> 
     </span>
    </p>
   </div>
   <div class='ocr_carea' id='block_1_76' title="bbox 2490 3445 4006 3518">
    <p class='ocr_par' dir='ltr' id='par_1_76' title="bbox 2490 3445 4006 3518">
     <span class='ocr_line' id='line_1_76' title="bbox 2490 3445 4006 3518; baseline 0.001 -19"><span class='ocrx_word' id='word_1_529' title='bbox 2490 3466 2508 3498; x_wconf 78' lang='grc' dir='ltr'><strong>ι</strong></span> <span class='ocrx_word' id='word_1_530' title='bbox 2547 3446 2652 3511; x_wconf 78' lang='grc' dir='ltr'><strong>Θὲς</strong></span> <span class='ocrx_word' id='word_1_531' title='bbox 2680 3449 2772 3500; x_wconf 79' lang='grc' dir='ltr'>τὸν</span> <span class='ocrx_word' id='word_1_532' title='bbox 2797 3445 3072 3518; x_wconf 75' lang='grc' dir='ltr'>θησαυρόν</span> <span class='ocrx_word' id='word_1_533' title='bbox 3129 3463 3226 3500; x_wconf 91' lang='grc' dir='ltr'><strong>σου</strong></span> <span class='ocrx_word' id='word_1_534' title='bbox 3285 3449 3408 3501; x_wconf 82' lang='grc' dir='ltr'><strong>κατ’</strong></span> <span class='ocrx_word' id='word_1_535' title='bbox 3455 3447 3677 3510; x_wconf 81' lang='grc' dir='ltr'>ἐντολὰς</span> <span class='ocrx_word' id='word_1_536' title='bbox 3711 3446 4006 3517; x_wconf 70' lang='grc' dir='ltr'>Ὑψίστου,</span> 
     </span>
    </p>
   </div>
   <div class='ocr_carea' id='block_1_77' title="bbox 2415 3537 3688 3609">
    <p class='ocr_par' dir='ltr' id='par_1_77' title="bbox 2415 3537 3688 3609">
     <span class='ocr_line' id='line_1_77' title="bbox 2415 3537 3688 3609; baseline -0.003 -17"><span class='ocrx_word' id='word_1_537' title='bbox 2415 3540 2508 3592; x_wconf 71' lang='grc' dir='ltr'><strong>καὶ</strong></span> <span class='ocrx_word' id='word_1_538' title='bbox 2535 3539 2867 3592; x_wconf 83' lang='grc' dir='ltr'>λυσιτελέσει</span> <span class='ocrx_word' id='word_1_539' title='bbox 2892 3555 2975 3592; x_wconf 89' lang='grc' dir='ltr'>σοι</span> <span class='ocrx_word' id='word_1_540' title='bbox 3009 3538 3220 3609; x_wconf 82' lang='grc' dir='ltr'>μᾶλλον</span> <span class='ocrx_word' id='word_1_541' title='bbox 3249 3539 3283 3609; x_wconf 81' lang='grc' dir='ltr'>ἢ</span> <span class='ocrx_word' id='word_1_542' title='bbox 3314 3539 3376 3591; x_wconf 82' lang='grc' dir='ltr'>τὺ</span> <span class='ocrx_word' id='word_1_543' title='bbox 3403 3537 3646 3609; x_wconf 83' lang='grc' dir='ltr'>χρυσίον.</span> <span class='ocrx_word' id='word_1_544' title='bbox 3667 3557 3688 3588; x_wconf 76' lang='grc' dir='ltr'><strong>ι</strong></span> 
     </span>
    </p>
   </div>
   <div class='ocr_carea' id='block_1_78' title="bbox 2488 3718 3999 3791">
    <p class='ocr_par' dir='ltr' id='par_1_78' title="bbox 2488 3718 3999 3791">
     <span class='ocr_line' id='line_1_78' title="bbox 2488 3718 3999 3791; baseline -0.003 -17"><span class='ocrx_word' id='word_1_545' title='bbox 2488 3741 2507 3774; x_wconf 78' lang='grc' dir='ltr'><strong>ι</strong></span> <span class='ocrx_word' id='word_1_546' title='bbox 2532 3723 2608 3775; x_wconf 80' lang='grc' dir='ltr'><strong>Οὐ</strong></span> <span class='ocrx_word' id='word_1_547' title='bbox 2634 3723 2744 3784; x_wconf 75' lang='grc' dir='ltr'>πᾶς</span> <span class='ocrx_word' id='word_1_548' title='bbox 2766 3721 2796 3772; x_wconf 81' lang='grc' dir='ltr'><strong>δ</strong></span> <span class='ocrx_word' id='word_1_549' title='bbox 2820 3721 2996 3788; x_wconf 82' lang='grc' dir='ltr'>λέγων</span> <span class='ocrx_word' id='word_1_550' title='bbox 3025 3739 3136 3791; x_wconf 84' lang='grc' dir='ltr'>μοι,</span> <span class='ocrx_word' id='word_1_551' title='bbox 3164 3719 3361 3788; x_wconf 81' lang='grc' dir='ltr'>Κύριε,</span> <span class='ocrx_word' id='word_1_552' title='bbox 3395 3721 3592 3789; x_wconf 78' lang='grc' dir='ltr'>Κύριε,</span> <span class='ocrx_word' id='word_1_553' title='bbox 3621 3718 3999 3773; x_wconf 61' lang='grc' dir='ltr'>εἰσελεύσεται</span> 
     </span>
    </p>
   </div>
   <div class='ocr_carea' id='block_1_79' title="bbox 2417 3809 4006 3884">
    <p class='ocr_par' dir='ltr' id='par_1_79' title="bbox 2417 3809 4006 3884">
     <span class='ocr_line' id='line_1_79' title="bbox 2417 3809 4006 3884; baseline -0.004 -17"><span class='ocrx_word' id='word_1_554' title='bbox 2417 3817 2496 3877; x_wconf 84' lang='grc' dir='ltr'><strong>εἰς</strong></span> <span class='ocrx_word' id='word_1_555' title='bbox 2546 3816 2645 3884; x_wconf 75' lang='grc' dir='ltr'>τὴν</span> <span class='ocrx_word' id='word_1_556' title='bbox 2698 3812 2980 3881; x_wconf 80' lang='grc' dir='ltr'>βασιλείαν</span> <span class='ocrx_word' id='word_1_557' title='bbox 3027 3812 3135 3863; x_wconf 86' lang='grc' dir='ltr'><strong>τῶν</strong></span> <span class='ocrx_word' id='word_1_558' title='bbox 3193 3810 3466 3881; x_wconf 82' lang='grc' dir='ltr'>οὐρανῶν,</span> <span class='ocrx_word' id='word_1_559' title='bbox 3524 3809 3641 3863; x_wconf 84' lang='grc' dir='ltr'>ἀλλ’</span> <span class='ocrx_word' id='word_1_560' title='bbox 3677 3811 3706 3861; x_wconf 80' lang='grc' dir='ltr'><strong><em>ὁ</em></strong></span> <span class='ocrx_word' id='word_1_561' title='bbox 3738 3810 3914 3860; x_wconf 79' lang='grc' dir='ltr'>ποιῶν</span> <span class='ocrx_word' id='word_1_562' title='bbox 3945 3811 4006 3861; x_wconf 70' lang='grc' dir='ltr'>το</span> 
     </span>
    </p>
   </div>
   <div class='ocr_carea' id='block_1_80' title="bbox 2418 3901 3998 3976">
    <p class='ocr_par' dir='ltr' id='par_1_80' title="bbox 2418 3901 3998 3976">
     <span class='ocr_line' id='line_1_80' title="bbox 2418 3901 3998 3976; baseline -0.004 -17"><span class='ocrx_word' id='word_1_563' title='bbox 2418 3907 2631 3976; x_wconf 81' lang='grc' dir='ltr'>Θέλημα</span> <span class='ocrx_word' id='word_1_564' title='bbox 2659 3903 2752 3957; x_wconf 79' lang='grc' dir='ltr'><strong>τοῦ</strong></span> <span class='ocrx_word' id='word_1_565' title='bbox 2785 3903 3000 3974; x_wconf 81' lang='grc' dir='ltr'>Πατρός</span> <span class='ocrx_word' id='word_1_566' title='bbox 3041 3921 3143 3972; x_wconf 85' lang='grc' dir='ltr'><strong>μου</strong></span> <span class='ocrx_word' id='word_1_567' title='bbox 3171 3901 3267 3954; x_wconf 82' lang='grc' dir='ltr'><strong>τοῦ</strong></span> <span class='ocrx_word' id='word_1_568' title='bbox 3299 3904 3357 3954; x_wconf 81' lang='grc' dir='ltr'>ἐν</span> <span class='ocrx_word' id='word_1_569' title='bbox 3379 3901 3649 3970; x_wconf 78' lang='grc' dir='ltr'>οὐρανοῖς.</span> <span class='ocrx_word' id='word_1_570' title='bbox 3683 3901 3798 3962; x_wconf 80' lang='grc' dir='ltr'>Πᾶς</span> <span class='ocrx_word' id='word_1_571' title='bbox 3853 3903 3998 3963; x_wconf 55' lang='grc' dir='ltr'>ὅστις</span> 
     </span>
    </p>
   </div>
   <div class='ocr_carea' id='block_1_81' title="bbox 2418 3997 4014 4072">
    <p class='ocr_par' dir='ltr' id='par_1_81' title="bbox 2418 3997 4014 4072">
     <span class='ocr_line' id='line_1_81' title="bbox 2418 3997 4014 4072; baseline -0.006 -16"><span class='ocrx_word' id='word_1_572' title='bbox 2418 4002 2610 4056; x_wconf 82' lang='grc' dir='ltr'>ἀκούει</span> <span class='ocrx_word' id='word_1_573' title='bbox 2645 4019 2750 4072; x_wconf 89' lang='grc' dir='ltr'><strong>μου</strong></span> <span class='ocrx_word' id='word_1_574' title='bbox 2775 4004 2904 4065; x_wconf 81' lang='grc' dir='ltr'>τοὺς</span> <span class='ocrx_word' id='word_1_575' title='bbox 2940 4001 3156 4069; x_wconf 80' lang='grc' dir='ltr'>λόγους,</span> <span class='ocrx_word' id='word_1_576' title='bbox 3193 4000 3286 4053; x_wconf 78' lang='grc' dir='ltr'><strong>καὶ</strong></span> <span class='ocrx_word' id='word_1_577' title='bbox 3340 4001 3483 4051; x_wconf 79' lang='grc' dir='ltr'>ποιεί</span> <span class='ocrx_word' id='word_1_578' title='bbox 3502 3997 3717 4060; x_wconf 73' lang='grc' dir='ltr'>αὐτοὺς,</span> <span class='ocrx_word' id='word_1_579' title='bbox 3747 3998 4014 4066; x_wconf 61' lang='lat' dir='ltr'><strong>dyon-33m</strong></span> 
     </span>
    </p>
   </div>
   <div class='ocr_carea' id='block_1_82' title="bbox 2417 4091 4006 4166">
    <p class='ocr_par' dir='ltr' id='par_1_82' title="bbox 2417 4091 4006 4166">
     <span class='ocr_line' id='line_1_82' title="bbox 2417 4091 4006 4166; baseline -0.005 -18"><span class='ocrx_word' id='word_1_580' title='bbox 2417 4096 2582 4149; x_wconf 79' lang='grc' dir='ltr'><strong>αὐτὸν</strong></span> <span class='ocrx_word' id='word_1_581' title='bbox 2613 4096 2768 4166; x_wconf 73' lang='grc' dir='ltr'>ἀνδρὶ</span> <span class='ocrx_word' id='word_1_582' title='bbox 2815 4095 3085 4165; x_wconf 76' lang='grc' dir='ltr'>φρονίμῳ,</span> <span class='ocrx_word' id='word_1_583' title='bbox 3121 4095 3273 4156; x_wconf 80' lang='grc' dir='ltr'>ὅστις</span> <span class='ocrx_word' id='word_1_584' title='bbox 3310 4091 3631 4162; x_wconf 76' lang='grc' dir='ltr'><strong>ᾠκοδόμησε</strong></span> <span class='ocrx_word' id='word_1_585' title='bbox 3657 4091 3755 4160; x_wconf 75' lang='grc' dir='ltr'>τὴν</span> <span class='ocrx_word' id='word_1_586' title='bbox 3821 4092 4006 4142; x_wconf 62' lang='grc' dir='ltr'>οἰκίαν</span> 
     </span>
    </p>
   </div>
   <div class='ocr_carea' id='block_1_83' title="bbox 2420 4181 3999 4258">
    <p class='ocr_par' dir='ltr' id='par_1_83' title="bbox 2420 4181 3999 4258">
     <span class='ocr_line' id='line_1_83' title="bbox 2420 4181 3999 4258; baseline -0.005 -18"><span class='ocrx_word' id='word_1_587' title='bbox 2420 4186 2587 4241; x_wconf 76' lang='grc' dir='ltr'>αὑτοῦ</span> <span class='ocrx_word' id='word_1_588' title='bbox 2635 4188 2730 4239; x_wconf 73' lang='grc' dir='ltr'><strong>ἐπὶ</strong></span> <span class='ocrx_word' id='word_1_589' title='bbox 2756 4187 2857 4256; x_wconf 82' lang='grc' dir='ltr'><strong>τὴν</strong></span> <span class='ocrx_word' id='word_1_590' title='bbox 2911 4188 3120 4258; x_wconf 78' lang='grc' dir='ltr'>πέτραν</span> <span class='ocrx_word' id='word_1_591' title='bbox 3161 4200 3176 4213; x_wconf 72' lang='grc' dir='ltr'><strong>ο</strong></span> <span class='ocrx_word' id='word_1_592' title='bbox 3225 4185 3320 4238; x_wconf 72' lang='grc' dir='ltr'><strong>καὶ</strong></span> <span class='ocrx_word' id='word_1_593' title='bbox 3354 4184 3617 4253; x_wconf 74' lang='grc' dir='ltr'><strong>κατέὸηὴ</strong></span> <span class='ocrx_word' id='word_1_594' title='bbox 3651 4181 3844 4252; x_wconf 76' lang='grc' dir='ltr'>βροχὴ,</span> <span class='ocrx_word' id='word_1_595' title='bbox 3905 4181 3999 4233; x_wconf 67' lang='grc' dir='ltr'><strong>καὶ</strong></span> 
     </span>
    </p>
   </div>
   <div class='ocr_carea' id='block_1_84' title="bbox 2419 4275 4000 4350">
    <p class='ocr_par' dir='ltr' id='par_1_84' title="bbox 2419 4275 4000 4350">
     <span class='ocr_line' id='line_1_84' title="bbox 2419 4275 4000 4350; baseline -0.006 -18"><span class='ocrx_word' id='word_1_596' title='bbox 2419 4275 2582 4350; x_wconf 83' lang='grc' dir='ltr'>ἦλθον</span> <span class='ocrx_word' id='word_1_597' title='bbox 2607 4281 2655 4331; x_wconf 81' lang='grc' dir='ltr'><strong>οἱ</strong></span> <span class='ocrx_word' id='word_1_598' title='bbox 2687 4279 2947 4348; x_wconf 81' lang='grc' dir='ltr'>ποταμοὶ,</span> <span class='ocrx_word' id='word_1_599' title='bbox 2975 4280 3071 4331; x_wconf 71' lang='grc' dir='ltr'><strong>καὶ</strong></span> <span class='ocrx_word' id='word_1_600' title='bbox 3095 4277 3368 4331; x_wconf 77' lang='grc' dir='ltr'>ἔπνευσαν</span> <span class='ocrx_word' id='word_1_601' title='bbox 3389 4277 3440 4328; x_wconf 87' lang='grc' dir='ltr'><strong>οἱ</strong></span> <span class='ocrx_word' id='word_1_602' title='bbox 3463 4277 3678 4344; x_wconf 82' lang='grc' dir='ltr'>ἄνεμοι,</span> <span class='ocrx_word' id='word_1_603' title='bbox 3699 4275 3795 4326; x_wconf 79' lang='grc' dir='ltr'><strong>καὶ</strong></span> <span class='ocrx_word' id='word_1_604' title='bbox 3830 4289 4000 4341; x_wconf 73' lang='grc' dir='ltr'>προσ-</span> 
     </span>
    </p>
   </div>
   <div class='ocr_carea' id='block_1_85' title="bbox 2422 4366 4002 4440">
    <p class='ocr_par' dir='ltr' id='par_1_85' title="bbox 2422 4366 4002 4440">
     <span class='ocr_line' id='line_1_85' title="bbox 2422 4366 4002 4440; baseline -0.006 -15"><span class='ocrx_word' id='word_1_605' title='bbox 2422 4371 2624 4425; x_wconf 74' lang='grc' dir='ltr'>έπεσαν</span> <span class='ocrx_word' id='word_1_606' title='bbox 2655 4372 2724 4440; x_wconf 81' lang='grc' dir='ltr'>τῇ</span> <span class='ocrx_word' id='word_1_607' title='bbox 2753 4371 2901 4440; x_wconf 75' lang='grc' dir='ltr'>οἰκία</span> <span class='ocrx_word' id='word_1_608' title='bbox 2951 4369 3160 4440; x_wconf 77' lang='grc' dir='ltr'>ἐκείνῃ,</span> <span class='ocrx_word' id='word_1_609' title='bbox 3211 4369 3308 4421; x_wconf 78' lang='grc' dir='ltr'><strong>καὶ</strong></span> <span class='ocrx_word' id='word_1_610' title='bbox 3347 4369 3449 4420; x_wconf 81' lang='grc' dir='ltr'><strong>οὐκ</strong></span> <span class='ocrx_word' id='word_1_611' title='bbox 3497 4367 3713 4420; x_wconf 69' lang='grc' dir='ltr'>ἔπεσεν.</span> <span class='ocrx_word' id='word_1_612' title='bbox 3760 4366 4002 4435; x_wconf 59' lang='lat' dir='ltr'><strong>T502315-</strong></span> 
     </span>
    </p>
   </div>
   <div class='ocr_carea' id='block_1_86' title="bbox 2423 4459 3152 4528">
    <p class='ocr_par' dir='ltr' id='par_1_86' title="bbox 2423 4459 3152 4528">
     <span class='ocr_line' id='line_1_86' title="bbox 2423 4459 3152 4528; baseline -0.005 -16"><span class='ocrx_word' id='word_1_613' title='bbox 2423 4459 2584 4513; x_wconf 88' lang='grc' dir='ltr'>λίωτο</span> <span class='ocrx_word' id='word_1_614' title='bbox 2621 4459 2731 4528; x_wconf 85' lang='grc' dir='ltr'>γὰρ</span> <span class='ocrx_word' id='word_1_615' title='bbox 2757 4461 2850 4511; x_wconf 73' lang='grc' dir='ltr'><strong>ἐπὶ</strong></span> <span class='ocrx_word' id='word_1_616' title='bbox 2873 4459 3102 4528; x_wconf 81' lang='grc' dir='ltr'>πέτραν.</span> <span class='ocrx_word' id='word_1_617' title='bbox 3133 4477 3152 4508; x_wconf 75' lang='grc' dir='ltr'><strong>ι</strong></span> 
     </span>
    </p>
   </div>
   <div class='ocr_carea' id='block_1_87' title="bbox 811 4542 2315 4624">
    <p class='ocr_par' dir='ltr' id='par_1_87' title="bbox 811 4547 2315 4624">
     <span class='ocr_line' id='line_1_87' title="bbox 811 4547 2315 4624; baseline -0.01 -8"><span class='ocrx_word' id='word_1_618' title='bbox 811 4561 1008 4616; x_wconf 84' lang='lat' dir='ltr'><strong>Matth.</strong></span> <span class='ocrx_word' id='word_1_619' title='bbox 1042 4576 1156 4624; x_wconf 88' lang='grc' dir='ltr'>χιι,</span> <span class='ocrx_word' id='word_1_620' title='bbox 1191 4557 1278 4613; x_wconf 87' lang='grc'><strong>50.</strong></span> <span class='ocrx_word' id='word_1_621' title='bbox 1309 4587 1380 4597; x_wconf 90' lang='grc'><strong><em>-</em></strong></span> <span class='ocrx_word' id='word_1_622' title='bbox 1415 4573 1434 4606; x_wconf 81' lang='grc' dir='ltr'><strong>ι</strong></span> <span class='ocrx_word' id='word_1_623' title='bbox 1471 4554 1799 4624; x_wconf 88' lang='lat' dir='ltr'><strong>Quicunque</strong></span> <span class='ocrx_word' id='word_1_624' title='bbox 1840 4547 2034 4606; x_wconf 82' lang='lat' dir='ltr'><strong>fecerit</strong></span> <span class='ocrx_word' id='word_1_625' title='bbox 2063 4549 2315 4603; x_wconf 80' lang='lat' dir='ltr'><strong>volunta-</strong></span> 
     </span>
    </p>
   </div>
   <div class='ocr_carea' id='block_1_88' title="bbox 2416 4542 4005 4624">
    <p class='ocr_par' dir='ltr' id='par_1_88' title="bbox 2503 4542 4005 4620">
     <span class='ocr_line' id='line_1_88' title="bbox 2503 4542 4005 4620; baseline -0.005 -18"><span class='ocrx_word' id='word_1_626' title='bbox 2503 4569 2522 4602; x_wconf 76' lang='grc' dir='ltr'><strong>ι</strong></span> <span class='ocrx_word' id='word_1_627' title='bbox 2563 4552 2660 4613; x_wconf 87' lang='grc' dir='ltr'>’ος</span> <span class='ocrx_word' id='word_1_628' title='bbox 2687 4551 2754 4603; x_wconf 84' lang='grc' dir='ltr'>ἂν</span> <span class='ocrx_word' id='word_1_629' title='bbox 2779 4551 2980 4620; x_wconf 77' lang='grc' dir='ltr'>ποιήσῃ</span> <span class='ocrx_word' id='word_1_630' title='bbox 3008 4549 3070 4602; x_wconf 83' lang='grc' dir='ltr'><strong>τὸ</strong></span> <span class='ocrx_word' id='word_1_631' title='bbox 3104 4547 3320 4618; x_wconf 77' lang='grc' dir='ltr'>θέλημα</span> <span class='ocrx_word' id='word_1_632' title='bbox 3348 4546 3439 4600; x_wconf 80' lang='grc' dir='ltr'><strong>τοῦ</strong></span> <span class='ocrx_word' id='word_1_633' title='bbox 3471 4546 3632 4611; x_wconf 81' lang='grc' dir='ltr'>Θεοῦ,</span> <span class='ocrx_word' id='word_1_634' title='bbox 3657 4542 3816 4608; x_wconf 73' lang='grc' dir='ltr'>οὗτος</span> <span class='ocrx_word' id='word_1_635' title='bbox 3846 4546 4005 4599; x_wconf 65' lang='grc' dir='ltr'>ἀδελ-</span> 
     </span>
    </p>
   </div>
   <div class='ocr_carea' id='block_1_89' title="bbox 737 4644 2314 4718">
    <p class='ocr_par' dir='ltr' id='par_1_89' title="bbox 737 4644 2314 4718">
     <span class='ocr_line' id='line_1_89' title="bbox 737 4644 2314 4718; baseline -0.007 -10"><span class='ocrx_word' id='word_1_636' title='bbox 737 4668 846 4710; x_wconf 89' lang='lat' dir='ltr'><strong>tem</strong></span> <span class='ocrx_word' id='word_1_637' title='bbox 876 4652 1060 4706; x_wconf 82' lang='lat' dir='ltr'><strong>Patris</strong></span> <span class='ocrx_word' id='word_1_638' title='bbox 1088 4651 1192 4705; x_wconf 91' lang='lat' dir='ltr'><strong>mei</strong></span> <span class='ocrx_word' id='word_1_639' title='bbox 1221 4649 1314 4718; x_wconf 89' lang='lat' dir='ltr'><strong>qui</strong></span> <span class='ocrx_word' id='word_1_640' title='bbox 1356 4650 1411 4702; x_wconf 89' lang='lat' dir='ltr'><strong>in</strong></span> <span class='ocrx_word' id='word_1_641' title='bbox 1439 4647 1597 4702; x_wconf 67' lang='lat' dir='ltr'><strong>caelia</strong></span> <span class='ocrx_word' id='word_1_642' title='bbox 1630 4654 1744 4709; x_wconf 87' lang='lat' dir='ltr'><strong>est,</strong></span> <span class='ocrx_word' id='word_1_643' title='bbox 1779 4644 1868 4699; x_wconf 87' lang='lat' dir='ltr'><strong>hic</strong></span> <span class='ocrx_word' id='word_1_644' title='bbox 1898 4644 2071 4698; x_wconf 82' lang='lat' dir='ltr'><strong>frater</strong></span> <span class='ocrx_word' id='word_1_645' title='bbox 2092 4656 2276 4714; x_wconf 46' lang='lat' dir='ltr'><strong>.meus</strong></span> <span class='ocrx_word' id='word_1_646' title='bbox 2299 4683 2314 4708; x_wconf 94' lang='lat'><strong>,</strong></span> 
     </span>
    </p>
   </div>
   <div class='ocr_carea' id='block_1_90' title="bbox 738 4746 1481 4808">
    <p class='ocr_par' dir='ltr' id='par_1_90' title="bbox 738 4746 1481 4808">
     <span class='ocr_line' id='line_1_90' title="bbox 738 4746 1481 4808; baseline -0.019 -5"><span class='ocrx_word' id='word_1_647' title='bbox 738 4755 795 4803; x_wconf 68' lang='grc' dir='ltr'><strong>(ξι</strong></span> <span class='ocrx_word' id='word_1_648' title='bbox 821 4759 1003 4808; x_wconf 77' lang='grc' dir='ltr'><strong>801³οΓ,</strong></span> <span class='ocrx_word' id='word_1_649' title='bbox 1033 4750 1088 4798; x_wconf 87' lang='lat' dir='ltr'><strong>et</strong></span> <span class='ocrx_word' id='word_1_650' title='bbox 1116 4750 1290 4796; x_wconf 88' lang='lat' dir='ltr'><strong>mater</strong></span> <span class='ocrx_word' id='word_1_651' title='bbox 1319 4746 1422 4795; x_wconf 71' lang='grc'><strong>881..</strong></span> <span class='ocrx_word' id='word_1_652' title='bbox 1461 4755 1481 4789; x_wconf 75' lang='grc' dir='ltr'><strong>ι</strong></span> 
     </span>
    </p>
   </div>
   <div class='ocr_carea' id='block_1_91' title="bbox 806 4826 2320 4902">
    <p class='ocr_par' dir='ltr' id='par_1_91' title="bbox 806 4826 2320 4902">
     <span class='ocr_line' id='line_1_91' title="bbox 806 4826 2320 4902; baseline -0.009 -9"><span class='ocrx_word' id='word_1_653' title='bbox 806 4838 969 4893; x_wconf 85' lang='lat' dir='ltr'><strong>Joan.</strong></span> <span class='ocrx_word' id='word_1_654' title='bbox 1007 4851 1101 4891; x_wconf 82' lang='grc' dir='ltr'>νιιι</span> <span class='ocrx_word' id='word_1_655' title='bbox 1124 4876 1139 4902; x_wconf 94' lang='grc'><strong>,</strong></span> <span class='ocrx_word' id='word_1_656' title='bbox 1166 4834 1254 4889; x_wconf 74' lang='grc' dir='ltr'><strong>ιτ.</strong></span> <span class='ocrx_word' id='word_1_657' title='bbox 1283 4863 1352 4873; x_wconf 91' lang='grc'><strong><em>-</em></strong></span> <span class='ocrx_word' id='word_1_658' title='bbox 1386 4849 1405 4883; x_wconf 83' lang='grc' dir='ltr'><strong>ι</strong></span> <span class='ocrx_word' id='word_1_659' title='bbox 1440 4829 1544 4896; x_wconf 91' lang='lat' dir='ltr'><strong>Qui</strong></span> <span class='ocrx_word' id='word_1_660' title='bbox 1593 4845 1660 4886; x_wconf 75' lang='lat' dir='ltr'><strong>ex</strong></span> <span class='ocrx_word' id='word_1_661' title='bbox 1707 4827 1818 4885; x_wconf 91' lang='lat' dir='ltr'><strong>Deo</strong></span> <span class='ocrx_word' id='word_1_662' title='bbox 1863 4836 1982 4897; x_wconf 88' lang='lat' dir='ltr'><strong>est,</strong></span> <span class='ocrx_word' id='word_1_663' title='bbox 2015 4827 2182 4883; x_wconf 86' lang='lat' dir='ltr'><strong>verba</strong></span> <span class='ocrx_word' id='word_1_664' title='bbox 2226 4826 2320 4880; x_wconf 87' lang='lat' dir='ltr'><strong>Dei</strong></span> 
     </span>
    </p>
   </div>
   <div class='ocr_carea' id='block_1_92' title="bbox 741 4931 966 4984">
    <p class='ocr_par' dir='ltr' id='par_1_92' title="bbox 741 4931 966 4984">
     <span class='ocr_line' id='line_1_92' title="bbox 741 4931 966 4984; baseline -0.022 0"><span class='ocrx_word' id='word_1_665' title='bbox 741 4931 911 4984; x_wconf 90' lang='lat' dir='ltr'><strong>audit.</strong></span> <span class='ocrx_word' id='word_1_666' title='bbox 946 4950 966 4979; x_wconf 71' lang='grc' dir='ltr'><strong>ι</strong></span> 
     </span>
    </p>
   </div>
   <div class='ocr_carea' id='block_1_93' title="bbox 810 5011 2319 5084">
    <p class='ocr_par' dir='ltr' id='par_1_93' title="bbox 810 5011 2319 5084">
     <span class='ocr_line' id='line_1_93' title="bbox 810 5011 2319 5084; baseline -0.006 -11"><span class='ocrx_word' id='word_1_667' title='bbox 810 5019 974 5074; x_wconf 79' lang='lat' dir='ltr'><strong>Joan.</strong></span> <span class='ocrx_word' id='word_1_668' title='bbox 1006 5035 1128 5084; x_wconf 80' lang='grc' dir='ltr'>χιν,</span> <span class='ocrx_word' id='word_1_669' title='bbox 1165 5018 1255 5072; x_wconf 80' lang='lat' dir='ltr'><strong>l5.</strong></span> <span class='ocrx_word' id='word_1_670' title='bbox 1282 5046 1347 5056; x_wconf 98' lang='lat'><strong>—</strong></span> <span class='ocrx_word' id='word_1_671' title='bbox 1375 5035 1392 5066; x_wconf 83' lang='grc' dir='ltr'><strong>ι</strong></span> <span class='ocrx_word' id='word_1_672' title='bbox 1423 5014 1482 5068; x_wconf 89' lang='lat' dir='ltr'><strong>Si</strong></span> <span class='ocrx_word' id='word_1_673' title='bbox 1511 5013 1740 5084; x_wconf 86' lang='lat' dir='ltr'><strong>diligitis</strong></span> <span class='ocrx_word' id='word_1_674' title='bbox 1771 5028 1879 5078; x_wconf 89' lang='lat' dir='ltr'><strong>me,</strong></span> <span class='ocrx_word' id='word_1_675' title='bbox 1910 5011 2169 5066; x_wconf 79' lang='lat' dir='ltr'><strong>mandata</strong></span> <span class='ocrx_word' id='word_1_676' title='bbox 2200 5025 2319 5065; x_wconf 87' lang='lat' dir='ltr'><strong>mea</strong></span> 
     </span>
    </p>
   </div>
   <div class='ocr_carea' id='block_1_94' title="bbox 742 5107 2318 5180">
    <p class='ocr_par' dir='ltr' id='par_1_94' title="bbox 742 5107 2318 5180">
     <span class='ocr_line' id='line_1_94' title="bbox 742 5107 2318 5180; baseline -0.009 -12"><span class='ocrx_word' id='word_1_677' title='bbox 742 5120 981 5168; x_wconf 82' lang='lat' dir='ltr'><strong>servate.</strong></span> <span class='ocrx_word' id='word_1_678' title='bbox 1005 5111 1062 5165; x_wconf 89' lang='lat' dir='ltr'><strong>Si</strong></span> <span class='ocrx_word' id='word_1_679' title='bbox 1093 5111 1220 5180; x_wconf 90' lang='lat' dir='ltr'><strong>quis</strong></span> <span class='ocrx_word' id='word_1_680' title='bbox 1245 5107 1422 5179; x_wconf 84' lang='lat' dir='ltr'><strong>diligit</strong></span> <span class='ocrx_word' id='word_1_681' title='bbox 1441 5122 1550 5172; x_wconf 88' lang='lat' dir='ltr'><strong>me,</strong></span> <span class='ocrx_word' id='word_1_682' title='bbox 1578 5119 1887 5161; x_wconf 88' lang='lat' dir='ltr'><strong>sermonem</strong></span> <span class='ocrx_word' id='word_1_683' title='bbox 1912 5117 2094 5157; x_wconf 88' lang='lat' dir='ltr'><strong>meum</strong></span> <span class='ocrx_word' id='word_1_684' title='bbox 2127 5117 2318 5157; x_wconf 87' lang='lat' dir='ltr'><strong>serva-</strong></span> 
     </span>
    </p>
   </div>
   <div class='ocr_carea' id='block_1_95' title="bbox 745 5195 2321 5270">
    <p class='ocr_par' dir='ltr' id='par_1_95' title="bbox 745 5195 2321 5270">
     <span class='ocr_line' id='line_1_95' title="bbox 745 5195 2321 5270; baseline -0.008 -11"><span class='ocrx_word' id='word_1_685' title='bbox 745 5207 843 5270; x_wconf 92' lang='lat' dir='ltr'><strong>bit,</strong></span> <span class='ocrx_word' id='word_1_686' title='bbox 867 5213 921 5259; x_wconf 90' lang='lat' dir='ltr'><strong>et</strong></span> <span class='ocrx_word' id='word_1_687' title='bbox 945 5203 1107 5257; x_wconf 85' lang='lat' dir='ltr'><strong>Pater</strong></span> <span class='ocrx_word' id='word_1_688' title='bbox 1131 5218 1286 5256; x_wconf 89' lang='lat' dir='ltr'><strong>meus</strong></span> <span class='ocrx_word' id='word_1_689' title='bbox 1308 5201 1496 5270; x_wconf 85' lang='lat' dir='ltr'><strong>diliget</strong></span> <span class='ocrx_word' id='word_1_690' title='bbox 1526 5205 1745 5260; x_wconf 85' lang='lat' dir='ltr'><strong>eum,et</strong></span> <span class='ocrx_word' id='word_1_691' title='bbox 1767 5195 1836 5248; x_wconf 87' lang='lat' dir='ltr'><strong>ad</strong></span> <span class='ocrx_word' id='word_1_692' title='bbox 1862 5211 1988 5249; x_wconf 90' lang='lat' dir='ltr'><strong>eum</strong></span> <span class='ocrx_word' id='word_1_693' title='bbox 2011 5196 2321 5258; x_wconf 80' lang='lat' dir='ltr'><strong>veniemus,</strong></span> 
     </span>
    </p>
   </div>
   <div class='ocr_carea' id='block_1_96' title="bbox 746 5284 1960 5362">
    <p class='ocr_par' dir='ltr' id='par_1_96' title="bbox 746 5284 1960 5362">
     <span class='ocr_line' id='line_1_96' title="bbox 746 5284 1960 5362; baseline -0.011 -10"><span class='ocrx_word' id='word_1_694' title='bbox 746 5307 796 5352; x_wconf 86' lang='lat' dir='ltr'><strong>et</strong></span> <span class='ocrx_word' id='word_1_695' title='bbox 855 5299 1198 5350; x_wconf 85' lang='lat' dir='ltr'><strong>mansionem</strong></span> <span class='ocrx_word' id='word_1_696' title='bbox 1258 5293 1398 5362; x_wconf 87' lang='lat' dir='ltr'><strong>apud</strong></span> <span class='ocrx_word' id='word_1_697' title='bbox 1456 5307 1581 5348; x_wconf 89' lang='lat' dir='ltr'><strong>eum</strong></span> <span class='ocrx_word' id='word_1_698' title='bbox 1617 5284 1905 5344; x_wconf 81' lang='lat' dir='ltr'><strong>faciemus.</strong></span> <span class='ocrx_word' id='word_1_699' title='bbox 1942 5307 1960 5339; x_wconf 82' lang='grc' dir='ltr'><strong>ι</strong></span> 
     </span>
    </p>
   </div>
   <div class='ocr_carea' id='block_1_97' title="bbox 821 5380 2323 5450">
    <p class='ocr_par' dir='ltr' id='par_1_97' title="bbox 821 5380 2323 5450">
     <span class='ocr_line' id='line_1_97' title="bbox 821 5380 2323 5450; baseline -0.005 -10"><span class='ocrx_word' id='word_1_700' title='bbox 821 5387 845 5440; x_wconf 89' lang='grc' dir='ltr'><strong>ι</strong></span> <span class='ocrx_word' id='word_1_701' title='bbox 878 5386 1004 5442; x_wconf 86' lang='lat' dir='ltr'><strong>Cor.</strong></span> <span class='ocrx_word' id='word_1_702' title='bbox 1031 5401 1106 5441; x_wconf 78' lang='lat' dir='ltr'><strong>vn</strong></span> <span class='ocrx_word' id='word_1_703' title='bbox 1131 5427 1145 5450; x_wconf 96' lang='lat'><strong>,</strong></span> <span class='ocrx_word' id='word_1_704' title='bbox 1177 5386 1264 5439; x_wconf 84' lang='lat' dir='ltr'><strong>l9.</strong></span> <span class='ocrx_word' id='word_1_705' title='bbox 1287 5413 1357 5423; x_wconf 92' lang='lat'><strong><em>—</em></strong></span> <span class='ocrx_word' id='word_1_706' title='bbox 1381 5403 1398 5434; x_wconf 83' lang='grc' dir='ltr'><strong>ι</strong></span> <span class='ocrx_word' id='word_1_707' title='bbox 1429 5383 1798 5436; x_wconf 80' lang='lat' dir='ltr'><strong>Circumcisio</strong></span> <span class='ocrx_word' id='word_1_708' title='bbox 1825 5380 1961 5432; x_wconf 83' lang='lat' dir='ltr'><strong>nihil</strong></span> <span class='ocrx_word' id='word_1_709' title='bbox 1993 5389 2113 5442; x_wconf 88' lang='lat' dir='ltr'><strong>est,</strong></span> <span class='ocrx_word' id='word_1_710' title='bbox 2146 5394 2323 5448; x_wconf 87' lang='lat' dir='ltr'><strong>neque</strong></span> 
     </span>
    </p>
   </div>
   <div class='ocr_carea' id='block_1_98' title="bbox 747 5470 2213 5548">
    <p class='ocr_par' dir='ltr' id='par_1_98' title="bbox 747 5470 2213 5548">
     <span class='ocr_line' id='line_1_98' title="bbox 747 5470 2213 5548; baseline -0.008 -17"><span class='ocrx_word' id='word_1_711' title='bbox 747 5481 1072 5548; x_wconf 71' lang='lat' dir='ltr'><strong>przeputium</strong></span> <span class='ocrx_word' id='word_1_712' title='bbox 1095 5517 1110 5543; x_wconf 96' lang='lat'><strong>,</strong></span> <span class='ocrx_word' id='word_1_713' title='bbox 1143 5477 1240 5533; x_wconf 80' lang='lat' dir='ltr'><strong>sed</strong></span> <span class='ocrx_word' id='word_1_714' title='bbox 1270 5476 1589 5530; x_wconf 81' lang='lat' dir='ltr'><strong>observatio</strong></span> <span class='ocrx_word' id='word_1_715' title='bbox 1624 5471 2012 5525; x_wconf 88' lang='lat' dir='ltr'><strong>mandatorum</strong></span> <span class='ocrx_word' id='word_1_716' title='bbox 2043 5470 2159 5523; x_wconf 87' lang='lat' dir='ltr'><strong>Dei.</strong></span> <span class='ocrx_word' id='word_1_717' title='bbox 2195 5489 2213 5520; x_wconf 73' lang='grc' dir='ltr'><strong>ι</strong></span> 
     </span>
    </p>
   </div>
   <div class='ocr_carea' id='block_1_99' title="bbox 715 5562 2320 5633">
    <p class='ocr_par' dir='ltr' id='par_1_99' title="bbox 715 5562 2320 5633">
     <span class='ocr_line' id='line_1_99' title="bbox 715 5562 2320 5633; baseline -0.006 -10"><span class='ocrx_word' id='word_1_718' title='bbox 715 5605 722 5615; x_wconf 65' lang='grc' dir='ltr'><strong>ν</strong></span> <span class='ocrx_word' id='word_1_719' title='bbox 823 5569 848 5622; x_wconf 89' lang='grc' dir='ltr'><strong>ι</strong></span> <span class='ocrx_word' id='word_1_720' title='bbox 881 5569 1039 5624; x_wconf 83' lang='lat' dir='ltr'><strong>Joan.</strong></span> <span class='ocrx_word' id='word_1_721' title='bbox 1069 5584 1160 5633; x_wconf 90' lang='grc' dir='ltr'>ιιι,</span> <span class='ocrx_word' id='word_1_722' title='bbox 1188 5569 1276 5621; x_wconf 68' lang='grc'><strong>14.</strong></span> <span class='ocrx_word' id='word_1_723' title='bbox 1311 5599 1372 5609; x_wconf 92' lang='lat'><strong>-—</strong></span> <span class='ocrx_word' id='word_1_724' title='bbox 1403 5585 1422 5618; x_wconf 79' lang='grc' dir='ltr'><strong>ι</strong></span> <span class='ocrx_word' id='word_1_725' title='bbox 1458 5566 1562 5631; x_wconf 85' lang='lat' dir='ltr'><strong>Qui</strong></span> <span class='ocrx_word' id='word_1_726' title='bbox 1592 5573 1774 5619; x_wconf 83' lang='lat' dir='ltr'><strong>servat</strong></span> <span class='ocrx_word' id='word_1_727' title='bbox 1810 5563 2067 5617; x_wconf 86' lang='lat' dir='ltr'><strong>mandata</strong></span> <span class='ocrx_word' id='word_1_728' title='bbox 2097 5563 2240 5631; x_wconf 77' lang='lat' dir='ltr'><strong>ejus,</strong></span> <span class='ocrx_word' id='word_1_729' title='bbox 2269 5562 2320 5615; x_wconf 94' lang='lat' dir='ltr'><strong>in</strong></span> 
     </span>
    </p>
   </div>
   <div class='ocr_carea' id='block_1_100' title="bbox 750 5661 1586 5730">
    <p class='ocr_par' dir='ltr' id='par_1_100' title="bbox 750 5661 1586 5730">
     <span class='ocr_line' id='line_1_100' title="bbox 750 5661 1586 5730; baseline -0.01 -13"><span class='ocrx_word' id='word_1_730' title='bbox 750 5663 844 5717; x_wconf 90' lang='lat' dir='ltr'><strong>illo</strong></span> <span class='ocrx_word' id='word_1_731' title='bbox 875 5669 1089 5726; x_wconf 88' lang='lat' dir='ltr'><strong>manet,</strong></span> <span class='ocrx_word' id='word_1_732' title='bbox 1121 5671 1176 5715; x_wconf 91' lang='lat' dir='ltr'><strong>et</strong></span> <span class='ocrx_word' id='word_1_733' title='bbox 1206 5662 1324 5730; x_wconf 87' lang='lat' dir='ltr'><strong>ipse</strong></span> <span class='ocrx_word' id='word_1_734' title='bbox 1361 5661 1414 5712; x_wconf 92' lang='lat' dir='ltr'><strong>in</strong></span> <span class='ocrx_word' id='word_1_735' title='bbox 1443 5675 1529 5712; x_wconf 89' lang='lat' dir='ltr'><strong>eo.</strong></span> <span class='ocrx_word' id='word_1_736' title='bbox 1568 5676 1586 5708; x_wconf 85' lang='grc' dir='ltr'><strong>ι</strong></span> 
     </span>
    </p>
   </div>
   <div class='ocr_carea' id='block_1_101' title="bbox 823 5748 2323 5824">
    <p class='ocr_par' dir='ltr' id='par_1_101' title="bbox 823 5748 2323 5824">
     <span class='ocr_line' id='line_1_101' title="bbox 823 5748 2323 5824; baseline -0.005 -15"><span class='ocrx_word' id='word_1_737' title='bbox 823 5754 884 5809; x_wconf 91' lang='lat' dir='ltr'><strong>S.</strong></span> <span class='ocrx_word' id='word_1_738' title='bbox 919 5753 1192 5824; x_wconf 77' lang='lat' dir='ltr'><strong>Cltrysost.</strong></span> <span class='ocrx_word' id='word_1_739' title='bbox 1220 5783 1288 5794; x_wconf 90' lang='lat'><strong>——</strong></span> <span class='ocrx_word' id='word_1_740' title='bbox 1317 5752 1477 5818; x_wconf 84' lang='lat' dir='ltr'><strong>Quod</strong></span> <span class='ocrx_word' id='word_1_741' title='bbox 1511 5767 1603 5806; x_wconf 85' lang='lat' dir='ltr'><strong>ars</strong></span> <span class='ocrx_word' id='word_1_742' title='bbox 1632 5753 1687 5805; x_wconf 91' lang='lat' dir='ltr'><strong>in</strong></span> <span class='ocrx_word' id='word_1_743' title='bbox 1717 5752 1946 5804; x_wconf 67' lang='lat' dir='ltr'><strong>citnara:</strong></span> <span class='ocrx_word' id='word_1_744' title='bbox 1979 5758 2144 5802; x_wconf 90' lang='lat' dir='ltr'><strong>cantu</strong></span> <span class='ocrx_word' id='word_1_745' title='bbox 2171 5786 2188 5812; x_wconf 91' lang='lat'><strong>,</strong></span> <span class='ocrx_word' id='word_1_746' title='bbox 2224 5748 2323 5802; x_wconf 80' lang='lat' dir='ltr'><strong>hoc</strong></span> 
     </span>
    </p>
   </div>
   <div class='ocr_carea' id='block_1_102' title="bbox 755 5844 1975 5918">
    <p class='ocr_par' dir='ltr' id='par_1_102' title="bbox 755 5844 1975 5918">
     <span class='ocr_line' id='line_1_102' title="bbox 755 5844 1975 5918; baseline -0.007 -18"><span class='ocrx_word' id='word_1_747' title='bbox 755 5848 807 5902; x_wconf 83' lang='lat' dir='ltr'><strong>in</strong></span> <span class='ocrx_word' id='word_1_748' title='bbox 843 5846 934 5902; x_wconf 87' lang='lat' dir='ltr'><strong>Dei</strong></span> <span class='ocrx_word' id='word_1_749' title='bbox 973 5847 1184 5918; x_wconf 80' lang='lat' dir='ltr'><strong>legibus</strong></span> <span class='ocrx_word' id='word_1_750' title='bbox 1213 5857 1296 5902; x_wconf 85' lang='lat' dir='ltr'><strong>est</strong></span> <span class='ocrx_word' id='word_1_751' title='bbox 1322 5844 1716 5900; x_wconf 84' lang='lat' dir='ltr'><strong>demonstratio</strong></span> <span class='ocrx_word' id='word_1_752' title='bbox 1746 5855 1975 5910; x_wconf 81' lang='lat' dir='ltr'><strong>operum</strong></span> 
     </span>
    </p>
   </div>
   <div class='ocr_carea' id='block_1_103' title="bbox 2421 4640 3635 4720">
    <p class='ocr_par' dir='ltr' id='par_1_103' title="bbox 2421 4640 3635 4720">
     <span class='ocr_line' id='line_1_103' title="bbox 2421 4640 3635 4720; baseline -0.012 -15"><span class='ocrx_word' id='word_1_753' title='bbox 2421 4647 2521 4718; x_wconf 81' lang='grc' dir='ltr'>φός</span> <span class='ocrx_word' id='word_1_754' title='bbox 2550 4666 2674 4720; x_wconf 84' lang='grc' dir='ltr'>μου,</span> <span class='ocrx_word' id='word_1_755' title='bbox 2707 4650 2802 4701; x_wconf 76' lang='grc' dir='ltr'><strong>καὶ</strong></span> <span class='ocrx_word' id='word_1_756' title='bbox 2821 4643 3050 4714; x_wconf 79' lang='grc' dir='ltr'>ἀδελφὴ,</span> <span class='ocrx_word' id='word_1_757' title='bbox 3081 4642 3174 4696; x_wconf 75' lang='grc' dir='ltr'><strong>καὶ</strong></span> <span class='ocrx_word' id='word_1_758' title='bbox 3207 4643 3398 4712; x_wconf 85' lang='grc' dir='ltr'>μήτηρ</span> <span class='ocrx_word' id='word_1_759' title='bbox 3420 4640 3588 4693; x_wconf 76' lang='grc' dir='ltr'>ἐστίν.</span> <span class='ocrx_word' id='word_1_760' title='bbox 3620 4659 3635 4690; x_wconf 87' lang='grc' dir='ltr'><strong>ι</strong></span> 
     </span>
    </p>
   </div>
   <div class='ocr_carea' id='block_1_104' title="bbox 2492 4821 3799 4895">
    <p class='ocr_par' dir='ltr' id='par_1_104' title="bbox 2492 4821 3799 4895">
     <span class='ocr_line' id='line_1_104' title="bbox 2492 4821 3799 4895; baseline -0.008 -14"><span class='ocrx_word' id='word_1_761' title='bbox 2492 4849 2511 4881; x_wconf 80' lang='grc' dir='ltr'><strong>ι</strong></span> <span class='ocrx_word' id='word_1_762' title='bbox 2553 4830 2612 4884; x_wconf 85' lang='lat'><strong>&#39;0</strong></span> <span class='ocrx_word' id='word_1_763' title='bbox 2643 4828 2720 4883; x_wconf 84' lang='grc' dir='ltr'>ὣν</span> <span class='ocrx_word' id='word_1_764' title='bbox 2749 4830 2812 4882; x_wconf 80' lang='grc' dir='ltr'><strong>ὲκ</strong></span> <span class='ocrx_word' id='word_1_765' title='bbox 2836 4827 2997 4890; x_wconf 81' lang='grc' dir='ltr'>Θεοῦ,</span> <span class='ocrx_word' id='word_1_766' title='bbox 3028 4825 3098 4878; x_wconf 74' lang='grc' dir='ltr'><strong>τὰ</strong></span> <span class='ocrx_word' id='word_1_767' title='bbox 3120 4825 3343 4895; x_wconf 75' lang='grc' dir='ltr'>ῥήματα</span> <span class='ocrx_word' id='word_1_768' title='bbox 3373 4823 3508 4875; x_wconf 81' lang='grc' dir='ltr'><strong>Θεοῦ</strong></span> <span class='ocrx_word' id='word_1_769' title='bbox 3537 4821 3746 4874; x_wconf 70' lang='grc' dir='ltr'><strong>ἀκούει.</strong></span> <span class='ocrx_word' id='word_1_770' title='bbox 3778 4840 3799 4871; x_wconf 75' lang='grc' dir='ltr'><strong>ι</strong></span> 
     </span>
    </p>
   </div>
   <div class='ocr_carea' id='block_1_105' title="bbox 2500 5002 4008 5078">
    <p class='ocr_par' dir='ltr' id='par_1_105' title="bbox 2500 5002 4008 5078">
     <span class='ocr_line' id='line_1_105' title="bbox 2500 5002 4008 5078; baseline -0.009 -16"><span class='ocrx_word' id='word_1_771' title='bbox 2500 5028 2518 5062; x_wconf 75' lang='grc' dir='ltr'><strong>ι</strong></span> <span class='ocrx_word' id='word_1_772' title='bbox 2571 5011 2696 5064; x_wconf 78' lang='grc' dir='ltr'><strong>Ἐάν</strong></span> <span class='ocrx_word' id='word_1_773' title='bbox 2725 5026 2810 5070; x_wconf 84' lang='grc' dir='ltr'><strong>τις</strong></span> <span class='ocrx_word' id='word_1_774' title='bbox 2837 5008 3028 5078; x_wconf 74' lang='grc' dir='ltr'><strong>ἁγαπᾷ</strong></span> <span class='ocrx_word' id='word_1_775' title='bbox 3059 5022 3147 5076; x_wconf 81' lang='grc' dir='ltr'><strong>με,</strong></span> <span class='ocrx_word' id='word_1_776' title='bbox 3181 5005 3269 5056; x_wconf 69' lang='grc' dir='ltr'>τὶν</span> <span class='ocrx_word' id='word_1_777' title='bbox 3315 5004 3472 5069; x_wconf 80' lang='grc' dir='ltr'>λόγον</span> <span class='ocrx_word' id='word_1_778' title='bbox 3502 5016 3601 5070; x_wconf 84' lang='grc' dir='ltr'><strong>μου</strong></span> <span class='ocrx_word' id='word_1_779' title='bbox 3626 5002 3883 5068; x_wconf 68' lang='grc' dir='ltr'>τηρήσει,</span> <span class='ocrx_word' id='word_1_780' title='bbox 3912 5003 4008 5051; x_wconf 45' lang='grc' dir='ltr'><strong>καὶ</strong></span> 
     </span>
    </p>
   </div>
   <div class='ocr_carea' id='block_1_106' title="bbox 2423 5092 3994 5174">
    <p class='ocr_par' dir='ltr' id='par_1_106' title="bbox 2423 5092 3994 5174">
     <span class='ocr_line' id='line_1_106' title="bbox 2423 5092 3994 5174; baseline -0.011 -16"><span class='ocrx_word' id='word_1_781' title='bbox 2423 5107 2451 5157; x_wconf 85' lang='grc' dir='ltr'>ὁ</span> <span class='ocrx_word' id='word_1_782' title='bbox 2479 5105 2668 5174; x_wconf 78' lang='grc' dir='ltr'>Πατήρ</span> <span class='ocrx_word' id='word_1_783' title='bbox 2705 5120 2808 5173; x_wconf 89' lang='grc' dir='ltr'><strong>μου</strong></span> <span class='ocrx_word' id='word_1_784' title='bbox 2838 5101 3113 5168; x_wconf 77' lang='grc' dir='ltr'><strong>ἀγαπήσει</strong></span> <span class='ocrx_word' id='word_1_785' title='bbox 3137 5098 3318 5157; x_wconf 79' lang='grc' dir='ltr'>αὐτὸν,</span> <span class='ocrx_word' id='word_1_786' title='bbox 3361 5097 3458 5147; x_wconf 74' lang='grc' dir='ltr'><strong>καὶ</strong></span> <span class='ocrx_word' id='word_1_787' title='bbox 3497 5093 3629 5161; x_wconf 72' lang='grc' dir='ltr'>πρὸς</span> <span class='ocrx_word' id='word_1_788' title='bbox 3665 5092 3829 5142; x_wconf 54' lang='grc' dir='ltr'>αὐτὸν</span> <span class='ocrx_word' id='word_1_789' title='bbox 3859 5092 3994 5141; x_wconf 43' lang='lat' dir='ltr'><strong>iis»</strong></span> 
     </span>
    </p>
   </div>
   <div class='ocr_carea' id='block_1_107' title="bbox 2426 5184 3723 5263">
    <p class='ocr_par' dir='ltr' id='par_1_107' title="bbox 2426 5184 3723 5263">
     <span class='ocr_line' id='line_1_107' title="bbox 2426 5184 3723 5263; baseline -0.014 -16"><span class='ocrx_word' id='word_1_790' title='bbox 2426 5194 2654 5263; x_wconf 78' lang='grc' dir='ltr'>σόμεθα,</span> <span class='ocrx_word' id='word_1_791' title='bbox 2684 5192 2781 5245; x_wconf 81' lang='grc' dir='ltr'><strong>καὶ</strong></span> <span class='ocrx_word' id='word_1_792' title='bbox 2809 5191 2978 5260; x_wconf 83' lang='grc' dir='ltr'>μονὴν</span> <span class='ocrx_word' id='word_1_793' title='bbox 3007 5189 3138 5256; x_wconf 71' lang='grc' dir='ltr'>παρ’</span> <span class='ocrx_word' id='word_1_794' title='bbox 3171 5185 3318 5254; x_wconf 77' lang='grc' dir='ltr'>αὐτῷ</span> <span class='ocrx_word' id='word_1_795' title='bbox 3352 5184 3673 5252; x_wconf 74' lang='grc' dir='ltr'>ποιήσομεν.</span> <span class='ocrx_word' id='word_1_796' title='bbox 3705 5199 3723 5230; x_wconf 81' lang='grc' dir='ltr'><strong>ι</strong></span> 
     </span>
    </p>
   </div>
   <div class='ocr_carea' id='block_1_108' title="bbox 2504 5362 4007 5444">
    <p class='ocr_par' dir='ltr' id='par_1_108' title="bbox 2504 5362 4007 5444">
     <span class='ocr_line' id='line_1_108' title="bbox 2504 5362 4007 5444; baseline -0.009 -18"><span class='ocrx_word' id='word_1_797' title='bbox 2504 5373 2832 5444; x_wconf 73' lang='grc' dir='ltr'><strong>ιΠεριτομὴ</strong></span> <span class='ocrx_word' id='word_1_798' title='bbox 2891 5371 3045 5424; x_wconf 73' lang='grc' dir='ltr'>οὐδέν</span> <span class='ocrx_word' id='word_1_799' title='bbox 3109 5371 3245 5433; x_wconf 76' lang='grc' dir='ltr'>ἐστι,</span> <span class='ocrx_word' id='word_1_800' title='bbox 3293 5368 3385 5419; x_wconf 74' lang='grc' dir='ltr'><strong>καὶ</strong></span> <span class='ocrx_word' id='word_1_801' title='bbox 3437 5362 3800 5434; x_wconf 72' lang='grc' dir='ltr'>ἀκροϐυστία,</span> <span class='ocrx_word' id='word_1_802' title='bbox 3871 5362 4007 5415; x_wconf 64' lang='lat' dir='ltr'><strong>ma</strong></span> 
     </span>
    </p>
   </div>
   <div class='ocr_carea' id='block_1_109' title="bbox 2425 5460 3133 5537">
    <p class='ocr_par' dir='ltr' id='par_1_109' title="bbox 2425 5460 3133 5537">
     <span class='ocr_line' id='line_1_109' title="bbox 2425 5460 3133 5537; baseline -0.011 -18"><span class='ocrx_word' id='word_1_803' title='bbox 2425 5469 2657 5537; x_wconf 74' lang='grc' dir='ltr'>τήρησις</span> <span class='ocrx_word' id='word_1_804' title='bbox 2681 5464 2909 5518; x_wconf 74' lang='grc' dir='ltr'>ἐντολῶν</span> <span class='ocrx_word' id='word_1_805' title='bbox 2930 5460 3087 5515; x_wconf 80' lang='grc' dir='ltr'><strong>Θεοῦ.</strong></span> <span class='ocrx_word' id='word_1_806' title='bbox 3115 5480 3133 5511; x_wconf 84' lang='grc' dir='ltr'><strong>ι</strong></span> 
     </span>
    </p>
   </div>
   <div class='ocr_carea' id='block_1_110' title="bbox 2504 5545 4003 5625">
    <p class='ocr_par' dir='ltr' id='par_1_110' title="bbox 2504 5545 4003 5625">
     <span class='ocr_line' id='line_1_110' title="bbox 2504 5545 4003 5625; baseline -0.01 -17"><span class='ocrx_word' id='word_1_807' title='bbox 2504 5577 2521 5608; x_wconf 81' lang='grc' dir='ltr'><strong>ι</strong></span> <span class='ocrx_word' id='word_1_808' title='bbox 2566 5557 2624 5609; x_wconf 84' lang='grc' dir='ltr'>ὐ</span> <span class='ocrx_word' id='word_1_809' title='bbox 2657 5555 2840 5625; x_wconf 78' lang='grc' dir='ltr'>τηρῶν</span> <span class='ocrx_word' id='word_1_810' title='bbox 2900 5555 2998 5624; x_wconf 76' lang='grc' dir='ltr'><strong>τὴν</strong></span> <span class='ocrx_word' id='word_1_811' title='bbox 3065 5551 3287 5620; x_wconf 68' lang='grc' dir='ltr'>ἐντολὴν</span> <span class='ocrx_word' id='word_1_812' title='bbox 3328 5547 3519 5611; x_wconf 83' lang='grc' dir='ltr'>αὑτοῦ,</span> <span class='ocrx_word' id='word_1_813' title='bbox 3550 5548 3608 5599; x_wconf 81' lang='grc' dir='ltr'>ὲν</span> <span class='ocrx_word' id='word_1_814' title='bbox 3641 5545 3791 5614; x_wconf 76' lang='grc' dir='ltr'><strong>αὑτῴ</strong></span> <span class='ocrx_word' id='word_1_815' title='bbox 3830 5545 4003 5613; x_wconf 68' lang='grc' dir='ltr'>μένει,</span> 
     </span>
    </p>
   </div>
   <div class='ocr_carea' id='block_1_111' title="bbox 2427 5646 3028 5716">
    <p class='ocr_par' dir='ltr' id='par_1_111' title="bbox 2427 5646 3028 5716">
     <span class='ocr_line' id='line_1_111' title="bbox 2427 5646 3028 5716; baseline -0.008 -14"><span class='ocrx_word' id='word_1_816' title='bbox 2427 5651 2520 5702; x_wconf 68' lang='grc' dir='ltr'><strong>καὶ</strong></span> <span class='ocrx_word' id='word_1_817' title='bbox 2549 5648 2709 5710; x_wconf 72' lang='grc' dir='ltr'>αὑτὸς</span> <span class='ocrx_word' id='word_1_818' title='bbox 2736 5649 2792 5698; x_wconf 80' lang='grc' dir='ltr'>ἐν</span> <span class='ocrx_word' id='word_1_819' title='bbox 2816 5646 2986 5716; x_wconf 78' lang='grc' dir='ltr'>αὐτῷ.</span> <span class='ocrx_word' id='word_1_820' title='bbox 3011 5664 3028 5696; x_wconf 88' lang='grc' dir='ltr'><strong>ι</strong></span> 
     </span>
    </p>
   </div>
   <div class='ocr_carea' id='block_1_112' title="bbox 2503 5727 4003 5810">
    <p class='ocr_par' dir='ltr' id='par_1_112' title="bbox 2503 5727 4003 5810">
     <span class='ocr_line' id='line_1_112' title="bbox 2503 5727 4003 5810; baseline -0.011 -16"><span class='ocrx_word' id='word_1_821' title='bbox 2503 5743 2680 5810; x_wconf 84' lang='grc' dir='ltr'>Ὅπερ</span> <span class='ocrx_word' id='word_1_822' title='bbox 2726 5740 2818 5791; x_wconf 75' lang='grc' dir='ltr'><strong>ἐπὶ</strong></span> <span class='ocrx_word' id='word_1_823' title='bbox 2863 5740 2963 5806; x_wconf 66' lang='grc' dir='ltr'>τῆς</span> <span class='ocrx_word' id='word_1_824' title='bbox 3011 5736 3341 5806; x_wconf 69' lang='grc' dir='ltr'>κιθαρῳδίας</span> <span class='ocrx_word' id='word_1_825' title='bbox 3374 5735 3408 5802; x_wconf 80' lang='grc' dir='ltr'>ἡ</span> <span class='ocrx_word' id='word_1_826' title='bbox 3437 5733 3638 5801; x_wconf 78' lang='grc' dir='ltr'>τέχνη,</span> <span class='ocrx_word' id='word_1_827' title='bbox 3698 5729 3859 5781; x_wconf 60' lang='lat' dir='ltr'><strong>toi-:9</strong></span> <span class='ocrx_word' id='word_1_828' title='bbox 3915 5727 4003 5780; x_wconf 62' lang='grc' dir='ltr'><strong>ἐπὶ</strong></span> 
     </span>
    </p>
   </div>
   <div class='ocr_carea' id='block_1_113' title="bbox 2429 5821 3900 5899">
    <p class='ocr_par' dir='ltr' id='par_1_113' title="bbox 2429 5821 3900 5899">
     <span class='ocr_line' id='line_1_113' title="bbox 2429 5821 3900 5899; baseline -0.01 -11"><span class='ocrx_word' id='word_1_829' title='bbox 2429 5836 2534 5888; x_wconf 74' lang='grc' dir='ltr'><strong>τῶν</strong></span> <span class='ocrx_word' id='word_1_830' title='bbox 2573 5832 2666 5885; x_wconf 72' lang='grc' dir='ltr'><strong>τοῦ</strong></span> <span class='ocrx_word' id='word_1_831' title='bbox 2698 5833 2832 5885; x_wconf 70' lang='grc' dir='ltr'><strong>θεοῦ</strong></span> <span class='ocrx_word' id='word_1_832' title='bbox 2862 5832 3040 5899; x_wconf 75' lang='grc' dir='ltr'>νόμων</span> <span class='ocrx_word' id='word_1_833' title='bbox 3065 5834 3097 5898; x_wconf 79' lang='grc' dir='ltr'>ὴ</span> <span class='ocrx_word' id='word_1_834' title='bbox 3128 5828 3215 5882; x_wconf 65' lang='grc' dir='ltr'><strong>διὰ</strong></span> <span class='ocrx_word' id='word_1_835' title='bbox 3247 5827 3350 5881; x_wconf 68' lang='grc' dir='ltr'>τῷν</span> <span class='ocrx_word' id='word_1_836' title='bbox 3381 5826 3560 5893; x_wconf 75' lang='grc' dir='ltr'>ἔργων</span> <span class='ocrx_word' id='word_1_837' title='bbox 3586 5821 3900 5892; x_wconf 31' lang='grc' dir='ltr'><strong>ἐπίδειξις..</strong></span> 
     </span>
    </p>
   </div>
  </div>
