4206 6442
210 402 230 461 3
251 398 328 460 1.3]

1449 388 1684 449 SACRA
1729 390 2184 452 PARALLELA.

3311 398 3445 461 1422

277 515 418 567 Ὅσα
458 510 778 585 προστάττει
828 504 962 577 ἡμῖν
992 502 1021 555 6
1066 520 1246 573 νυμος,
1295 502 1468 556 ταῦτα
1518 504 1596 556 δεῖ
1652 505 1769 556 κατ’

1942 507 2174 577 Evagrii.
2202 537 2267 547 —
2301 507 2654 578 Quaecunque
2684 509 2844 566 nobis
2872 510 2989 580 lege
3021 525 3439 583 praeeipiumur,

164 594 169 597 δ
202 610 451 678 ἀνάγκην
494 604 790 675 φυλάσσειν
816 617 830 630 ·
870 596 1043 653 ταῦτα
1059 596 1114 648 δὲ
1147 596 1313 667 φόρου
1354 596 1508 663 λόγον
1564 596 1768 665 ἐπέχει.

205 705 345 754 Ὅσα
377 700 435 752 δὲ
452 700 514 751 ἐκ
539 708 937 766 προαιρεσεως,
960 684 1070 743 οἷον
1092 687 1378 758 παρθενία,
1401 686 1768 758 ἀναχώρησις,

202 793 350 862 δῶρά
397 792 522 854 εἰσι,
579 787 673 841 καὶ
717 785 888 851 ξενίου
922 783 1080 847 λόγον
1123 780 1329 850 ἐπέχει,
1387 778 1570 830 Ξὲνιον
1619 777 1673 829 δὲ
1710 778 1771 829 οὐ

203 883 577 955 προσφέρεται
626 878 745 930 κατ’
778 877 1023 945 ἀνάγκην
1048 893 1061 905 ο
1108 875 1155 925 εί
1187 871 1244 924 δὲ
1295 870 1388 941 μὴ,
1419 871 1517 923 οὐκ
1545 869 1658 920 ἔστι
1688 867 1770 932 ξέ-

203 994 333 1029 νιον.

199 1178 385 1233 ΤΙΤΛ.
415 1177 489 1229 B'.
514 1206 583 1217 --
607 1172 744 1241 Περὶ
769 1167 1031 1225 ἐντολῶν
1048 1167 1218 1241 Θεοῦ,
1242 1165 1340 1218 καὶ
1367 1162 1486 1217 τῶν
1505 1163 1590 1233 μὴ
1611 1168 1764 1232 φυλ-

688 1237 1005 1295 ασσόντων
1043 1237 1250 1301 αὑτάς.

268 1362 287 1393 1
332 1340 626 1393 Ἐκάλεσεν
665 1339 692 1389 6
736 1333 869 1396 Θεὸς
897 1332 987 1385 τὸν
1028 1330 1219 1399 Ἀδὰμ,
1263 1330 1356 1381 καὶ
1404 1324 1557 1381 εἶπεν
1602 1325 1773 1396 αὐτῷ’

211 1436 411 1504 Ἀδάμ,
438 1430 539 1487 ποῦ
573 1425 653 1495 εἷ;
678 1424 841 1480 Εἶπεν
889 1422 1038 1493 αὐτῷ
1069 1422 1240 1492 Ἀδάμ
1273 1438 1287 1451 ο
1323 1422 1432 1491 Τῆς
1468 1419 1651 1490 φωνῆς
1680 1436 1771 1471 σου

198 1532 415 1599 ἥκουσα
463 1520 892 1595 περιπατοῦντος
924 1520 983 1570 ἐν
1017 1515 1095 1585 τῷ
1120 1513 1467 1584 παραδείσῳ,
1516 1515 1611 1566 καὶ
1651 1515 1773 1580 εφο-

198 1598 403 1689 ϐήϐην,
440 1618 521 1671 ὅτι
558 1612 761 1683 γυμνάς
805 1613 943 1680 εἰμι,
995 1607 1091 1661 καὶ
1140 1605 1398 1679 ὲκρύϐην.
1455 1605 1565 1657 Καὶ
1621 1598 1773 1656 εἶπεν

197 1711 351 1782 αὐτῷ
371 1727 384 1739 ·
414 1709 508 1773 Τίς
575 1701 864 1773 ἀνήγγειλε
923 1719 1004 1754 σοι
1025 1701 1106 1753 ὅτι
1137 1699 1345 1768 γυμνὸς
1380 1693 1447 1758 εἴ,
1477 1698 1526 1748 εἰ
1562 1697 1636 1765 μὴ
1668 1694 1774 1747 ἀπὸ

195 1805 293 1857 τοῦ
354 1802 513 1867 ξύλου
549 1793 610 1852 οῦ
636 1794 986 1864 ἐνετειλάμην
1040 1808 1121 1844 σοι
1186 1789 1259 1860 μὴ
1321 1789 1514 1857 φαγεῖν
1564 1787 1655 1839 ἀπ’
1680 1787 1775 1838 αὑ-

196 1893 317 1953 τοῦ,
351 1892 592 1961 ἕφαγες;
632 1907 649 1939 ι

270 2006 289 2038 ι
333 1986 463 2039 Ἐάν
499 1983 573 2054 μὴ
603 1979 873 2050 ἀκούσητε
904 1992 1024 2047 μου,
1054 1974 1189 2045 μηδὲ
1215 1974 1479 2042 ποιήσητε
1515 1968 1582 2023 τὰ
1608 1987 1775 2041 προσ-

194 2077 463 2149 τάγματά
513 2092 635 2145 μου,
666 2073 948 2157 ἐπιστήσω
974 2068 1057 2136 ἐφ’
1092 2068 1233 2136 ὑμᾶς
1257 2066 1354 2135 τὴν
1382 2063 1647 2134 ἀπορίαν,
1675 2064 1775 2133 τήν

194 2191 254 2226 τε
278 2172 479 2242 ψώραν
502 2170 597 2223 καὶ
619 2168 709 2221 τὸν
742 2167 974 2234 ἴκτερον,
1007 2159 1403 2230 σφακελίζοντα
1430 2156 1772 2223 τοὺςόφοα).-

199 2267 341 2335 μοῦς
376 2262 553 2333 ὑμῶν,
580 2261 674 2312 καὶ
703 2258 800 2328 τὴν
845 2257 1022 2325 ψυχὴν
1057 2253 1210 2325 ὑμῶν
1262 2253 1620 2323 ἐκτήκονσαν.
1669 2248 1778 2301 Καὶ

196 2359 461 2427 σπερεῐτε
487 2353 575 2406 διὰ
604 2351 765 2420 κενῆς
788 2350 856 2402 τά
886 2348 1176 2417 σπέρματα
1219 2344 1393 2415 ὑμῶν,
1436 2342 1529 2395 καὶ
1574 2341 1776 2394 ἔδονται

193 2452 244 2502 οἱ
314 2446 631 2501 ὑπεναντίοι
689 2442 860 2513 ὑμῶν,
910 2439 1003 2493 καὶ
1051 2434 1307 2489 πεσεῖσθε
1369 2433 1609 2486 ἐναντίον
1670 2432 1779 2483 τῶν

193 2542 423 2614 ἐχθρῶν
444 2538 595 2610 ὑμῶν
618 2551 633 2567 ⁸
668 2536 760 2589 καὶ
786 2531 1046 2604 φεύξεσθε
1064 2528 1276 2597 οὐδενὸς
1303 2526 1589 2586 διώκοντος
1613 2526 1641 2576 ὑ
1651 2526 1775 2594 μᾶς,

195 2641 298 2693 καὶ
344 2634 620 2707 συντρίψω
670 2632 767 2701 τὴν
816 2628 974 2700 ὓϐριν
1012 2627 1111 2697 τῆς
1163 2622 1539 2694 ὑπερηφανίας
1590 2619 1774 2691 ὑμῶν’

193 2733 297 2784 καὶ
334 2730 489 2800 θήσω
533 2727 621 2779 τὸν
645 2721 870 2794 οὐρανὸν
911 2717 1065 2790 ὑμῶν
1103 2713 1378 2786 σιδηροῦν,
1418 2715 1512 2765 καὶ
1546 2711 1644 2783 τὴν
1679 2710 1782 2778 γῆν

192 2822 361 2891 ὑμῶν
386 2821 461 2881 ὼς
489 2817 714 2887 χαλκῆν,
746 2813 840 2865 καὶ
872 2812 931 2863 οὑ
969 2809 1132 2862 δώσει
1164 2809 1196 2875 ή
1225 2807 1294 2873 γῆ
1330 2806 1419 2857 τὸν
1459 2802 1659 2857 σπόρον
1689 2801 1781 2853 αῦ-

192 2912 326 2980 τῆς,
364 2909 462 2961 καὶ
496 2907 556 2959 τὸ
583 2906 735 2970 ξύλον
768 2901 864 2956 τοῦ
924 2899 1096 2974 ἀγροῦ
1150 2898 1304 2967 ὑμῶν
1360 2895 1420 2947 οὐ
1468 2893 1629 2947 δωσει
1691 2892 1783 2945 τὸν

194 3004 426 3075 καρπὸν
455 3000 618 3055 αὑτοῦ
651 3014 666 3030 ο
698 2998 793 3051 καὶ
829 2994 1067 3067 φάγεσθε
1118 2993 1217 3055 τὰς
1260 2991 1469 3063 σάρκας
1507 2990 1615 3042 τῶν
1652 2986 1783 3040 υἱῶν

196 3096 365 3147 ὑμῶν
398 3095 494 3146 καὶ
521 3091 629 3143 τῶν
657 3088 991 3157 Θυγατέρων.
1020 3105 1038 3136 ι

276 3206 295 3237 ι
350 3184 781 3253 Ἐπικατάρατος
829 3180 1137 3248 ἄνθρωπος,
1189 3175 1248 3237 ὂς
1294 3174 1393 3226 οὐκ
1454 3169 1680 3242 ἐμμένει
1724 3171 1781 3222 ὲν

198 3283 346 3334 πᾶσι
374 3281 487 3339 τοῖς
522 3275 699 3342 λόγοις
726 3272 817 3325 τοῦ
848 3272 1013 3341 νόμου
1041 3268 1137 3322 τοῦ
1180 3268 1401 3338 ποιῆσαι
1426 3265 1623 3327 αὐτούς
1647 3280 1661 3294 ο
1692 3264 1785 3316 καὶ

196 3376 326 3432 ἐρεῖ
359 3372 468 3423 ’τᾶς
496 3371 524 3422 ὁ
548 3368 671 3429 λαός
700 3383 713 3396 ·
749 3365 981 3417 Γένοιτο.
1016 3382 1036 3414 ι

283 3486 302 3516 ε
363 3463 789 3531 Ἐπικατάρατος
816 3459 880 3510 σὺ
916 3461 972 3509 ἐν
1000 3458 1066 3526 τῇ
1100 3455 1270 3519 πόλει,
1315 3471 1411 3505 κα..
1444 3451 1780 3521 ὲπικατάρα-

197 3574 298 3620 τος
338 3556 405 3608 σὺ
440 3555 497 3605 ἐν
527 3550 699 3623 ἀγρῷ.
752 3548 1183 3619 Ἐπικατάρατος
1231 3547 1295 3598 σὺ
1337 3548 1395 3598 ὲν
1425 3546 1547 3606 ταῖς
1575 3543 1785 3613 ἀποϐή-

201 3664 343 3710 καις
394 3642 633 3705 σοι.›,καὶ¹
688 3638 757 3693 τὰ
810 3639 1314 3708 ἐγκαταλείμματα.
1376 3633 1785 3704 Ἐπικατάρατα

199 3739 279 3791 τὰ
311 3738 515 3804 ἔγγονα
542 3732 639 3801 τῆς
679 3731 884 3793 κοιλίας
918 3747 1036 3793 σου,
1068 3729 1162 3782 καὶ
1209 3726 1278 3779 τὰ
1323 3726 1640 3794 γεννήματα
1687 3722 1787 3791 τῆς

201 3834 317 3903 γῆς
353 3846 469 3890 σου,
499 3827 566 3878 τά
597 3824 849 3894 βουκόλια
872 3822 979 3873 τῶν
1018 3820 1156 3890 βοῶν
1184 3836 1300 3882 σου,
1337 3817 1429 3870 καὶ
1465 3817 1532 3869 τὰ
1560 3815 1787 3885 ποίμνια

201 3926 326 3977 τῶν
374 3920 661 3985 προὸἀτων
712 3933 825 3968 σου.
869 3914 1293 3981 Ἐπικατάρατος
1349 3912 1412 3963 σὺ
1456 3911 1512 3962 ἐν
1543 3909 1617 3977 τῷ
1674 3909 1786 3959 εἰσ-

205 4013 571 4085 πορεύεσθαι,
590 4012 682 4064 καὶ
699 4008 1096 4076 ὲπικατάρατος
1120 4006 1183 4057 σὺ
1199 4006 1256 4057 ἐν
1274 4003 1350 4073 τῷ
1372 4000 1784 4072 ἐκπορεύεσθαι.

219 4111 283 4161 Ἐ
293 4104 613 4171 ξαποστελεῖ
630 4118 710 4154 σοι
727 4099 924 4170 Κύριος
941 4096 1037 4167 τὴν
1056 4096 1281 4158 ἔνδειαν,
1298 4095 1389 4145 καὶ
1404 4094 1502 4162 τὴν
1520 4092 1632 4143 ἐκλι
1641 4092 1787 4160 μίαν,

206 4201 317 4253 καὶ
336 4199 434 4267 τὴν
450 4195 715 4249 ἀνάλωσιν
732 4191 826 4243 ἐπὶ
855 4190 1031 4242 πάντα
1048 4182 1109 4241 οὗ
1127 4188 1219 4238 ἐὰν
1246 4185 1507 4255 ἐπιϐάλῃς
1524 4183 1618 4253 τὴν
1634 4183 1792 4253 χεῖρά

211 4311 320 4345 σου
350 4291 437 4342 διὰ
455 4288 522 4340 τά
552 4284 759 4355 πονηρά
778 4279 1179 4351 ἐπιτηδεύματά
1200 4296 1314 4331 σου.
1343 4277 1576 4343 Πατάξει
1606 4294 1663 4327 σε
1688 4275 1794 4327 Κύ-

210 4401 343 4456 ριος
372 4379 596 4449 ἀπορία,
637 4376 729 4428 καὶ
777 4372 994 4445 πυρετῴ
1028 4373 1119 4425 καὶ
1152 4371 1319 4441 ῥίγει,
1367 4371 1457 4422 καὶ
1494 4367 1792 4439 ἐρεθισμῷ,

209 4477 324 4528 καὶ
351 4473 516 4540 φόνῳ,
541 4469 633 4521 καὶ
661 4463 1049 4535 άνεμοφθορίᾳ.
1089 4462 1197 4513 Καὶ
1227 4460 1377 4513 ἔσται
1410 4477 1491 4512 σοι
1514 4462 1541 4511 ὁ
1569 4458 1795 4527 οὐρανὸς

1873 613 1935 652 ea
1971 600 2193 668 exsequi
2228 616 2454 656 necesse
2484 611 2607 665 est;
2652 602 2874 673 haecque
2929 603 3124 658 tributi
3174 607 3445 660 rationem

1874 688 2093 745 habent.
2126 691 2258 756 Quae
2296 702 2476 746 autem
2525 693 2593 745 ab
2640 693 2962 749 inductione
3008 696 3177 749 animi
3224 699 3447 766 proﬁci-

1875 794 2128 847 scuntur,
2151 785 2318 838 veluti
2354 786 2664 855 virginitas,
2695 802 2950 843 secessus
2985 804 3015 842 a
3046 789 3272 852 mundo,
3299 791 3444 844 dona

1873 893 1935 931 ea
1967 889 2132 939 sunt,
2169 889 2224 932 et
2261 880 2407 932 xenii
2438 881 2702 933 rationem
2741 882 2960 936 habent.
2996 881 3233 937 Xenium
3274 899 3445 953 porro

1876 980 1983 1019 non
2032 969 2359 1022 necessitate
2386 968 2659 1023 oilertur:
2706 971 2913 1041 alioqui
2958 975 3182 1029 xenium
3236 990 3451 1044 nequa-

1873 1074 2056 1128 quam.

1876 1171 2010 1225 TIT.
2053 1172 2117 1227 ll.
2146 1202 2210 1212 —
2244 1173 2320 1226 De
2369 1173 2632 1226 mandatis
2671 1175 2818 1246 Dei,
2867 1184 2917 1228 et
2967 1176 3035 1229 iis
3090 1179 3181 1246 qui
3227 1195 3290 1231 ea
3343 1196 3448 1231 non

2493 1245 2818 1299 custodiunt.

1946 1334 2076 1391 Gen.
2112 1353 2203 1401 ιιι,
2236 1337 2385 1389 9-H.
2413 1365 2480 1375 —
2508 1354 2526 1386 ‹
2548 1335 2778 1391 Vocavit
2808 1336 2951 1394 Deus
2979 1338 3154 1393 Adam
3174 1380 3189 1404 ,
3222 1348 3278 1394 et
3308 1339 3451 1393 dixit

1873 1444 1923 1483 ei
1953 1447 1967 1481 :
2002 1428 2209 1489 Adam.
2245 1429 2333 1481 ubi
2365 1429 2462 1482 es?
2490 1426 2595 1494 Qui
2631 1429 2708 1482 ait
2742 1448 2755 1483 :
2808 1427 3008 1484 Vocem
3055 1442 3205 1484 tuam
3256 1430 3446 1485 audivr

1874 1519 2275 1573 deambulantis
2307 1520 2360 1572 in
2392 1519 2679 1587 paradiso,
2710 1526 2765 1572 et
2811 1521 2969 1574 timui
3000 1562 3013 1585 ,
3051 1537 3117 1575 eo
3147 1520 3295 1590 quod
3340 1537 3449 1575 nu-

1874 1616 1976 1668 dus
2008 1628 2204 1674 essem,
2240 1614 2292 1666 et
2323 1611 2580 1666 abscondi
2615 1627 2720 1667 me.
2755 1612 2820 1666 Et
2849 1612 2988 1667 dixit
3016 1613 3104 1668 ei:
3139 1613 3275 1679 Quis
3310 1630 3451 1668 nun-

1875 1707 2030 1759 tiavit
2074 1706 2173 1760 tibi
2223 1704 2369 1774 quod
2402 1706 2584 1759 nudus
2632 1720 2819 1771 esses,
2868 1707 2976 1761 nisi
3027 1708 3174 1773 quod
3207 1708 3272 1762 de
3300 1707 3449 1777 ligno

1875 1802 1943 1852 de
1972 1813 2078 1866 quo
2108 1812 2469 1867 praeceperam
2497 1797 2596 1851 tibi
2627 1812 2693 1851 ne
2722 1798 3077 1863 comederes,
3123 1814 3191 1854 ex
3237 1815 3302 1854 eo
3348 1814 3450 1855 co-

1878 1890 2093 1945 medisti
2118 1891 2139 1941 ?
2171 1911 2186 1941 ρ

1947 1981 2109 2037 Levii.
2147 1999 2273 2036 τινι
2298 2023 2313 2048 ,
2349 1983 2514 2037 1446
2537 2024 2551 2048 ,
2595 1983 2658 2039 l9
2681 2025 2695 2049 ,
2730 1984 2818 2051 20,
2845 1983 2934 2039 29.
2966 2016 3034 2023 -
3069 2003 3087 2036 ι
3123 1983 3180 2038 Si
3212 2000 3318 2038 non
3352 2000 3453 2040 au-

1877 2074 2091 2130 dieritis
2119 2090 2241 2142 me,
2275 2090 2451 2146 neque
2480 2074 2720 2130 feceritis
2755 2087 3026 2146 praecepta
3057 2092 3175 2131 mea
3205 2116 3221 2140 ,
3250 2078 3455 2131 immit-

1878 2177 1987 2223 tam
2024 2170 2074 2221 in
2103 2185 2199 2223 vos
2230 2169 2554 2223 anxietatem
2575 2211 2589 2235 ,
2622 2177 2677 2223 et
2708 2169 2977 2231 scabiem,
3024 2180 3079 2223 et
3106 2170 3414 2241 aurigiuem
3435 2213 3451 2238 ,

1878 2278 1998 2332 quae
2024 2263 2319 2317 conﬁciant.
2353 2262 2548 2316 oculos
2580 2273 2817 2327 vestros,
2849 2270 2903 2317 et
2933 2262 3114 2317 anima
3152 2273 3337 2320 vestra
3369 2275 3454 2318 ta-

1879 2357 2059 2409 beliet.
2092 2354 2157 2409 Et
2184 2355 2380 2411 seretis
2409 2356 2461 2409 in
2488 2369 2690 2409 vanum
2721 2355 2931 2409 semina
2958 2365 3179 2421 vestra,
3210 2364 3265 2410 et
3292 2358 3457 2412 edent

1881 2448 2175 2502 adversarii
2207 2445 2411 2512 vestri,
2445 2457 2501 2501 et
2530 2446 2741 2501 cadetis
2770 2461 2956 2500 coram
2994 2447 3329 2503 adversariis
3364 2466 3455 2502 ve-

1883 2541 2033 2604 stris,
2053 2540 2406 2610 t'ugietisque,
2439 2541 2659 2594 nemine
2682 2554 2781 2593 vos
2813 2549 3198 2610 persequente.
3235 2542 3299 2594 Et
3326 2557 3444 2597 eou-

1886 2642 2055 2686 tcram
2084 2632 2455 2700 arrogantiam
2481 2630 2756 2699 superbiae
2787 2639 2982 2684 vestrae
3001 2668 3016 2692 ,
3051 2642 3106 2685 et
3134 2631 3331 2685 cmlum
3362 2648 3459 2684 vo-

1885 2724 1968 2777 bis
1994 2739 2187 2790 pouani
2223 2723 2460 2777 ferreum
2482 2763 2497 2785 ,
2530 2731 2585 2777 et
2617 2731 2821 2777 terram
2852 2730 3090 2777 vestram
3123 2722 3270 2777 velut
3293 2722 3456 2795 457

1883 2831 2087 2870 aeneam
2106 2858 2121 2880 ,
2145 2826 2198 2870 et
2228 2831 2337 2870 non
2374 2815 2521 2870 dabit
2548 2826 2691 2869 terra
2721 2830 2906 2871 semen
2939 2831 3099 2871 suum
3122 2858 3137 2882 ,
3167 2823 3220 2871 et
3250 2817 3459 2887 lignum

1885 2911 1998 2980 agri
2032 2910 2197 2963 vestri
2232 2923 2343 2963 non
2376 2908 2528 2963 dabit
2562 2907 2800 2963 fructum
2833 2924 3031 2973 suum,
3062 2920 3112 2962 et
3150 2911 3457 2965 comedetis

1886 3015 2079 3057 carnes
2108 3002 2341 3055 ﬁliorum
2371 3008 2679 3056 vestrorum
2726 3012 2779 3055 et
2810 3000 3069 3056 ﬁliarum.
3100 3020 3119 3052 ι

1962 3176 2115 3237 Deut,
2150 3192 2295 3230 xxvii
2321 3216 2335 3238 ,
2368 3176 2460 3230 26.
2484 3206 2553 3215 —
2580 3194 2599 3227 ι
2628 3176 2960 3231 Maledictus
3001 3177 3168 3232 homo
3206 3178 3303 3249 qui
3337 3194 3459 3235 non

1887 3267 2255 3337 permanserit
2289 3268 2343 3320 in
2378 3267 2642 3321 omnibus
2682 3268 3039 3323 sermonibus
3076 3268 3247 3340 legis,
3280 3277 3337 3324 ut
3376 3268 3464 3323 fa-

1884 3360 1997 3413 ciat
2023 3375 2084 3413 ea
2112 3377 2126 3422 ;
2158 3369 2214 3413 et
2239 3358 2389 3413 dicet
2419 3359 2602 3414 omnis
2636 3359 2873 3428 populus
2902 3377 2915 3413 :
2950 3360 3093 3416 Fiat.
3124 3380 3143 3411 ι

1958 3448 2109 3501 Deut.
2155 3464 2358 3510 xxvm,
2401 3447 2467 3501 16
2520 3464 2658 3518 seqq.
2692 3476 2762 3487 —
2795 3466 2815 3498 ς
2863 3447 3191 3505 Maledictus
3230 3453 3343 3507 eris
3403 3453 3463 3506 in

1885 3541 2142 3604 civitate,
2185 3549 2239 3594 et
2283 3540 2615 3595 nialedictus
2653 3540 2708 3593 in
2747 3555 2900 3609 agro.
2946 3540 3267 3599 Maledictus
3307 3555 3363 3598 tu
3404 3546 3461 3600 in

1885 3633 2102 3687 horreis
2135 3634 2278 3692 tuis.
2310 3643 2363 3685 et
2394 3632 2645 3702 reliquiae
2676 3643 2803 3687 tuae.
2837 3632 3109 3689 Maledicti
3142 3635 3291 3692 fetus
3322 3653 3459 3692 ven-

1888 3726 1987 3779 tris
2043 3726 2158 3789 tui,
2202 3736 2258 3779 et
2306 3726 2582 3795 genimina
2623 3734 2784 3780 terrae
2824 3736 2961 3793 tuae,
3004 3738 3251 3785 armenta
3292 3731 3459 3786 boum

1889 3827 2145 3879 tuorum,
2188 3826 2242 3869 et
2280 3830 2472 3885 greges
2516 3816 2699 3870 ovium
2743 3824 2984 3870 tuarum.
3028 3817 3357 3876 Maledictus
3398 3830 3457 3874 tu

1889 3910 1945 3961 in
1982 3908 2366 3976 ingrediendo,
2398 3918 2451 3960 et
2485 3906 2817 3962 maledictus
2854 3908 2909 3961 in
2943 3909 3298 3977 egrediendo.
3335 3911 3458 3967 Mit-

1890 4008 1964 4053 tet
1996 4000 2093 4053 tibi
2129 3998 2393 4052 Dominus
2426 4008 2721 4066 egestatem
2744 4041 2757 4063 ,
2790 4008 2844 4053 et
2877 4000 3074 4056 famem
3112 4018 3333 4073 gravem
3355 4042 3372 4068 ,
3403 4014 3459 4060 et

1890 4093 2367 4161 consumplionem
2412 4092 2465 4143 iu
2508 4093 2693 4144 omnia
2733 4093 2798 4146 ad
2835 4109 2957 4162 qua:
2988 4096 3307 4151 extenderis
3339 4113 3454 4151 ma-

1892 4201 2019 4239 uum
2060 4194 2242 4251 tuam,
2277 4192 2497 4253 propter
2531 4185 2950 4239 adinventiones
2990 4194 3114 4242 tuas
3152 4189 3452 4258 pessimae.

1894 4277 2169 4331 Percutiet
2208 4286 2260 4331 te
2300 4276 2441 4330 Deus
2481 4286 2756 4344 egestate,
2801 4289 2855 4331 et
2895 4278 3087 4345 febre,
3118 4289 3174 4334 et
3211 4281 3453 4352 frigore,

1894 4381 1947 4421 et
1975 4368 2289 4423 corrosione
2309 4408 2323 4429 ,
2351 4379 2404 4421 et
2432 4368 2579 4421 caede
2601 4409 2614 4430 ,
2644 4376 2697 4421 et
2728 4368 3021 4423 adustione
3050 4372 3195 4424 venti
3225 4390 3238 4437 ;
3272 4383 3326 4425 et
3357 4375 3461 4427 erit

1895 4462 2093 4514 coelum
2131 4460 2275 4529 quod
2318 4475 2483 4528 supra
2526 4468 2575 4511 te
2614 4468 2727 4520 est,
2769 4475 3019 4524 mneum,
3060 4469 3115 4515 et
3157 4472 3299 4516 terra
3343 4480 3463 4532 qnze

208 4572 242 4620 ὁ
267 4563 419 4632 ὑπὲρ
453 4559 692 4628 κεφαλῆς
722 4575 815 4610 σου
846 4553 1104 4625 χαλκοῦς,
1151 4553 1244 4605 καὶ
1283 4554 1315 4622 ὴ
1363 4552 1434 4620 γῆ
1466 4552 1498 4620 ἡ
1538 4549 1787 4601 ὑποκάτω

1897 4558 1981 4604 est
2020 4549 2160 4603 infra
2196 4560 2282 4615 te,
2325 4549 2521 4602 ferrea.
2568 4549 2666 4602 Det
2710 4549 2971 4603 Dominus
3013 4553 3244 4607 imbrem
3303 4564 3463 4608 terra:

211 4676 328 4711 σου
369 4654 581 4723 σιδηρᾶ.
610 4651 694 4720 Δῴ
731 4648 932 4719 Κύριος
964 4647 1055 4699 τὸν
1088 4645 1239 4698 ὑετὸν
1279 4644 1376 4713 τῆς
1416 4644 1516 4713 γῆς
1563 4659 1655 4694 σου
1707 4658 1799 4693 κο-

214 4746 474 4816 νιορτόν·
508 4744 602 4796 καὶ
630 4742 730 4814 ἔσῃ
764 4742 821 4792 ὲν
867 4739 1137 4807 διασπορᾷ
1163 4739 1218 4789 ἐν
1252 4736 1453 4796 πάσαις
1482 4736 1599 4794 ταῖς
1647 4733 1799 4800 βασι-

217 4843 402 4900 λείαις
456 4838 552 4905 τῆς
598 4835 721 4903 γῆς.
776 4832 1009 4894 Πατάξει
1055 4848 1114 4881 σε
1175 4828 1377 4897 Κύριος
1423 4823 1797 4894 παραπληξίᾳ,

216 4931 485 5003 ἀορασίᾳ,
514 4929 765 4981 ἐκστάσει
811 4924 1067 4987 διανοίας,
1117 4923 1210 4975 καὶ
1254 4921 1350 4990 ἔσῃ
1395 4916 1661 4987 ψηλαφῶν
1701 4933 1799 4983 μεν

215 5025 531 5094 σημόρίας,
583 5021 657 5082 ὡς
712 5018 1021 5088 ψηλαφήσει
1069 5017 1097 5067 6
1138 5013 1332 5081 τυφλὸς
1380 5014 1435 5063 ἐν
1483 5008 1559 5079 τῷ
1596 5009 1797 5069 σκότει,

214 5121 329 5173 καὶ
357 5118 455 5168 οὐκ
494 5112 745 5167 εὐοδώσει
800 5110 897 5172 τάς
934 5108 1086 5169 ὁδούς
1138 5124 1252 5159 σου.
1288 5107 1396 5157 Καὶ
1446 5103 1544 5173 ἔσῃ
1594 5100 1800 5153 ἀδικού-

222 5228 395 5281 μενος
428 5209 520 5260 καὶ
550 5205 947 5277 ἁρπαζόμενος,
990 5202 1086 5254 καὶ
1139 5201 1235 5252 οὐκ
1275 5198 1427 5250 ἔσται
1454 5213 1535 5248 σοι
1566 5194 1794 5263 βοηθῶν.

221 5304 475 5357 Γυναῖκα
536 5297 699 5369 λήψῃ,
756 5297 849 5348 καὶ
892 5295 1031 5363 ἀνὴρ
1081 5294 1264 5361 ἕτερος
1311 5290 1540 5359 λήψεται
1589 5287 1795 5355 αὑτήιν

222 5392 413 5446 οἰκίαν
443 5389 838 5458 οἱκοδομήσεις,
877 5387 967 5438 καὶ
996 5385 1093 5437 οὐκ
1122 5384 1387 5453 οἰκήσεις.
1426 5400 1443 5430 ι

313 5501 332 5532 ι
366 5480 499 5534 Eia-.5
550 5479 799 5548 Σαμουὴλ
834 5479 969 5548 πρὸς
1028 5475 1236 5528 Σαοῦλο
1272 5475 1406 5542 Οὐχ).
1465 5472 1660 5542 μικρὸς
1712 5471 1798 5530 σὺ,

224 5578 334 5631 καὶ
364 5573 547 5643 ἐχρισέ
583 5590 641 5625 σε
675 5573 877 5641 Κύριος
909 5571 989 5631 εἰς
1026 5568 1249 5637 βασιλέα
1280 5569 1374 5619 ἐπὶ
1416 5564 1663 5634 Ἱσραήλς
1695 5564 1806 5614 Καὶ

227 5665 529 5722 απὲστειλέ
560 5682 619 5717 σε
646 5663 848 5733 Κύριος
869 5664 925 5715 ὲν
945 5660 1069 5730 ὁδῷ,
1096 5663 1188 5713 καὶ
1211 5657 1332 5711 εἶπέ
1358 5675 1460 5721 σοι,
1480 5654 1803 5727 Πορεύθητι,

226 5758 619 5827 ὲξολόθρευσον
657 5760 748 5808 τὸν
797 5752 1061 5824 Ἀμαλὴκ,
1109 5752 1203 5803 καὶ
1236 5753 1359 5812 τοὺς
1394 5748 1806 5820 ἁμαρτάνοντας

229 5854 320 5913 εἰς
371 5850 500 5919 ἐμέο
551 5849 643 5902 καὶ
696 5847 1029 5917 πολεμήσεις
1076 5845 1272 5905 αὐτοὺς
1329 5842 1430 5904 ἕως
1487 5839 1809 5911 συντελέσῃς

1903 4651 2009 4696 tua:
2048 4643 2345 4709 pulverem.
2386 4640 2450 4693 Et
2480 4642 2590 4696 eris
2628 4642 2683 4695 in
2716 4643 3061 4711 dispersione
3103 4644 3158 4696 in
3200 4647 3463 4700 omnibus

1902 4738 2083 4804 regnis
2115 4744 2293 4788 terrae.
2328 4732 2608 4786 Percutict
2648 4743 2701 4787 te
2744 4732 2889 4789 Deus
2927 4736 3204 4801 amentia,
3249 4739 3464 4792 caecita-

1902 4838 1983 4888 te,
2013 4826 2227 4889 insania
2256 4825 2453 4878 mentis
2474 4866 2488 4889 ,
2522 4833 2576 4878 et
2600 4824 2711 4878 eris
2740 4825 2969 4894 palpans
2998 4827 3049 4880 in
3080 4829 3306 4883 meridie
3326 4871 3341 4895 ,
3384 4835 3461 4885 si-

1901 4929 1996 4970 cut
2037 4918 2257 4987 palpare
2296 4916 2434 4969 solet
2470 4930 2647 4969 erecus
2684 4916 2737 4969 in
2772 4917 3051 4983 tenebris,
3089 4927 3145 4972 et
3176 4935 3286 4973 nou
3318 4920 3459 4974 diri-

1904 5020 1990 5081 get
2025 5012 2141 5064 vias
2178 5020 2316 5062 tuas.
2355 5006 2422 5061 Et
2455 5009 2565 5062 eris
2601 5007 2931 5061 calumniam
2968 5010 3282 5075 sustinens,
3317 5021 3372 5065 et
3405 5016 3459 5066 in

1904 5102 2269 5170 direptionem
2294 5141 2309 5165 ,
2342 5111 2395 5155 et
2427 5115 2536 5154 non
2565 5100 2669 5153 erit
2704 5100 2796 5168 qui
2838 5101 3043 5153 auxilio
3083 5101 3155 5155 sit
3183 5120 3198 5166 ;
3236 5118 3461 5157 uxorem

1906 5196 2075 5248 duces
2100 5234 2113 5257 ,
2149 5201 2204 5247 et
2238 5192 2379 5246 alius
2413 5192 2644 5260 accipiet
2673 5206 2794 5245 eam
2828 5207 2841 5256 ;
2878 5190 3096 5245 domum
3126 5193 3459 5258 azdiiicabis,

1907 5296 1959 5338 et
2000 5301 2109 5338 non
2149 5282 2422 5337 habitabis
2463 5284 2517 5335 in
2546 5296 2629 5335 ea.
2671 5299 2688 5330 ι

1982 5461 2011 5515 I
2046 5462 2169 5532 Reg.
2197 5478 2288 5524 xv,
2313 5460 2477 5513 17-19
2497 5499 2511 5521 ,
2539 5458 2702 5511 24..--
2726 5475 2743 5507 ι
2775 5455 2919 5508 Dixit
2945 5453 3162 5508 Samuel
3193 5452 3259 5507 ad
3289 5450 3418 5506 Saui
3444 5464 3475 5504 :‘

1909 5556 2101 5611 Nonne
2125 5570 2247 5608 cum
2274 5554 2536 5622 parvulus
2558 5566 2731 5615 esses,
2756 5549 2910 5602 unxit
2934 5558 2986 5602 te
3003 5546 3263 5599 Dominus
3280 5561 3462 5614 regem

1911 5664 2074 5718 super
2102 5645 2303 5700 Israel?
2335 5643 2399 5696 Et
2429 5643 2575 5698 misit
2604 5651 2657 5697 te
2685 5640 2946 5695 Dominus
2975 5640 3027 5691 in
3055 5638 3228 5701 viam,
3261 5645 3315 5689 et
3343 5636 3421 5688 ait
3447 5654 3458 5688 :

1915 5742 2085 5803 Vade,
2113 5749 2167 5794 et
2198 5740 2318 5793 dele
2348 5737 2600 5791 Amalech
2624 5775 2638 5799 ,
2673 5744 2720 5789 et
2749 5734 2840 5804 qui
2870 5740 3231 5803 peccaverunt
3259 5731 3311 5782 in
3344 5744 3462 5790 me;

1920 5844 1972 5893 et
2006 5831 2274 5901 pugnabis
2310 5838 2499 5885 contra
2539 5843 2669 5893 eos,
2704 5841 2876 5881 usoue
2908 5824 2974 5880 ad
3010 5822 3461 5879 internecionem.
