4206 6442
722 405 860 468 14ὶῖ
1823 410 1884 466 S.
1927 407 2247 467 JOANNIS
2286 406 2311 464 Ι

2401 406 2719 467 MASCENI

3828 405 3847 466 ι
3858 404 3966 468 ιει

715 523 776 577 Et
817 537 988 594 quare
1025 538 1135 577 non
1182 522 1386 577 audisti
1428 537 1620 575 vocem
1665 521 1922 585 Domini,
1959 521 2055 575 sed
2097 534 2294 574 versus

2401 519 2613 582 αὐτούς.
2647 516 2758 572 Καὶ
2785 519 2871 570 ἵνα
2903 517 2956 570 τί
2984 518 3090 571 οὐκ
3116 518 3357 588 ἡκούσας
3377 519 3558 590 φωνῆς
3581 520 3808 589 Κυρίου,
3841 521 3965 574 ἀλλ’

712 616 774 670 ad
812 615 1048 685 praedam
1075 630 1169 677 es,
1191 622 1258 684 iet
1285 612 1466 667 fecisti
1494 612 1696 665 malum
1730 613 1784 665 in
1813 613 1990 666 oculis
2029 609 2292 666 Domini?

2401 609 2657 680 ὥρμησας
2700 610 2794 663 ἐπὶ
2820 608 2890 662 τὰ
2917 609 3111 677 σκύλα,
3159 611 3257 663 καὶ
3307 611 3568 682 ἐποίησας
3619 611 3684 664 τὸ
3727 612 3968 682 πονηρὸν

713 710 773 759 lit
815 705 956 761 dixit
984 707 1114 760 Saal
1147 724 1160 760 :
1199 706 1339 772 Qum
1371 705 1558 759 audivi
1593 705 1876 774 papulum.
1911 695 1938 756 ι’

790 889 950 944 Zach.
991 907 1062 944 vn
1085 929 1100 952 ,
1138 891 1221 945 15.
1251 919 1315 930 -
1353 908 1372 940 ι
1407 889 1523 942 Erit
1558 891 1704 943 sicut
1731 889 1873 944 dixit
1906 887 2206 954 Dominus,
2237 897 2292 944 et

717 999 822 1036 non
850 983 1151 1036 audierunt
1181 998 1304 1036 eum
1333 999 1346 1043 ;
1383 981 1465 1034 sic
1496 981 1852 1045 clamabunt,
1889 987 1944 1035 et
1972 995 2081 1034 non
2118 996 2290 1035 exau-

718 1075 865 1128 diam
900 1091 1032 1137 eos,
1060 1075 1195 1128 dicit
1223 1074 1513 1128 Dominus.
1549 1092 1568 1124 ι

794 1191 810 1218 «1
839 1167 1071 1224 Factum
1105 1178 1192 1222 est
1229 1182 1418 1221 semeu
1451 1165 1891 1222 iuohedientium‘
1933 1165 1989 1220 in
2029 1165 2292 1236 perditio-

717 1278 868 1314 Ilelll.
905 1281 922 1311 ι

789 1350 904 1404 Ιεα.
953 1367 1116 1405 xum
1140 1391 1154 1412 ,
1191 1350 1278 1405 l2.
1304 1381 1373 1392 -—
1401 1370 1419 1402 ι
1451 1351 1508 1404 Si
1537 1352 1812 1406 audiisses
1844 1351 2100 1406 mandata
2132 1367 2251 1407 mea
2275 1395 2289 1418 ,

720 1443 863 1497 facta
902 1443 1098 1498 fuisset
1130 1445 1230 1497 tihi
1264 1445 1404 1498 sicut
1437 1443 1590 1497 ﬂuvii
1645 1459 1749 1514 pax
1791 1453 1918 1509 tua,
1974 1452 2030 1500 et
2074 1444 2291 1516 justitia

720 1547 809 1589 tua
846 1537 991 1590 sicut
1023 1535 1224 1590 ﬂuctus
1257 1536 1448 1590 maris.
1483 1555 1502 1586 ι

801 1625 912 1679 lsa.
949 1643 1111 1689 xuv,
1149 1628 1235 1680 l6.
1284 1657 1355 1667 —
1389 1645 1407 1678 ι
1442 1625 1637 1681 Dicent
1668 1646 1682 1681 :
1721 1625 1814 1681 Va:
1843 1627 2292 1697 praevaricatori-

722 1723 820 1774 bos
845 1739 856 1773 :
885 1721 979 1788 qui
1011 1719 1446 1788 praevaricamini
1473 1720 1685 1792 legem;
1713 1721 1901 1784 timor,
1927 1729 1983 1776 et
2010 1721 2167 1777 fovea
2238 1731 2293 1777 et

721 1819 948 1879 laqueus
978 1828 1146 1881 super
1176 1826 1298 1866 vos.
1332 1832 1349 1865 ι

791 1874 983 1958 .llauh.
1015 1874 1087 1958 Vll
1113 1944 1128 1967 ,
1157 1903 1258 1966 26,
1284 1904 1376 1960 27.
1400 1931 1469 1943 -—
1495 1923 1512 1955 ι
1545 1904 1738 1960 Omnis
1771 1909 1865 1975 qui
1901 1907 2055 1960 audit
2086 1907 2253 1960 verba
2279 1947 2296 1971 ,
2329 1874 2374 1934 Β

719 2004 771 2045 et
805 2010 916 2047 non
954 1991 1088 2047 facit
1120 2009 1183 2047 ca
1209 2033 1224 2059 ,
1262 1994 1466 2048 similis
1499 1995 1608 2048 erit
1645 1994 1764 2048 viro
1800 1997 2007 2061 stulto,
2039 1997 2134 2065 qui
2165 1997 2298 2052 ardi—

724 2087 903 2140 licavit
947 2086 1166 2140 domum
1203 2100 1357 2140 suam
1389 2101 1555 2155 super
1585 2101 1810 2142 arenam
1840 2105 1854 2153 ;
1909 2099 1966 2144 et
2013 2089 2301 2146 descendit

721 2181 899 2248 pluvia
926 2199 941 2245 ;
976 2189 1032 2233 et
1061 2190 1325 2233 venerunt
1351 2179 1578 2235 flumina
1601 2222 1616 2246 ,
1647 2190 1702 2236 et
1731 2181 2001 2237 [laverunt
2027 2193 2176 2239 venti
2201 2225 2215 2246 ,
2244 2193 2301 2238 et

724 2275 1005 2325 irrueruut
1055 2271 1110 2324 iu
1160 2272 1384 2324 domum
1438 2271 1628 2340 illam,
1683 2281 1738 2327 et
1794 2274 2044 2342 cecidit;
2089 2284 2143 2332 et
2196 2275 2303 2331 fuit

725 2363 879 2415 ruina
915 2362 1064 2416 illius
1093 2376 1315 2432 magna.
1348 2381 1366 2412 ι

798 2450 945 2505 Boni.
991 2468 1063 2517 ιι,
1103 2452 1162 2505 Η
1190 2492 1205 2515 ,
1249 2452 1334 2505 19..
1363 2483 1432 2493 -—
1465 2471 1485 2504 ι
1519 2453 1847 2528 Quicunque
1877 2459 1996 2513 sine
2027 2459 2148 2530 lege
2177 2475 2300 2532 pec-

725 2553 1022 2605 caverunt,
1082 2545 1200 2599 sine
1247 2545 1367 2616 lege
1413 2548 1713 2618 peribunt;
1767 2559 1818 2605 et
1871 2554 2190 2624 quicunque
2242 2555 2298 2610 in

729 2642 844 2707 lege
897 2647 1304 2707 peccaverunt,
1338 2656 1435 2710 per
1485 2641 1660 2713 legent
1708 2641 2133 2712 iudicabuntur.
2179 2648 2299 2703 Non

727 2731 874 2783 enim
929 2729 1212 2786 auditores
1263 2731 1399 2800 legis
1427 2733 1567 2803 justi
1610 2745 1742 2792 sunt
1779 2738 1922 2808 apud
1955 2739 2125 2797 Deum
2151 2780 2167 2806 ,
2205 2742 2300 2798 sed

733 2825 971 2875 factores
1003 2823 1140 2890 legis
1167 2823 1643 2889 justificahuutur.
1680 2847 1700 2880 ι

801 2912 923 2964 Jac.
957 2931 1004 2975 ι,
1029 2914 1220 2970 228$.
1248 2945 1317 2954 —
1346 2935 1363 2965 ι
1394 2915 1583 2972 Estote
1610 2917 1851 2977 factores
1877 2923 2030 2978 verbi
2055 2965 2070 2988 ,
2105 2932 2160 2979 et
2191 2941 2300 2981 non

733 3003 1016 3090 auditores
1058 3014 1300 3070 tantum,
1344 3008 1599 3064 fallentes
1636 3013 2048 3084 vosmetipsos:
2086 3019 2215 3086 quia
2251 3020 2301 3073 si

733 3097 859 3165 quis
897 3098 1115 3152 auditor
1143 3108 1229 3152 est
1261 3100 1430 3170 legis,
1466 3109 1520 3154 et
1558 3117 1668 3157 non
1708 3101 1908 3170 factor,
1962 3106 2054 3162 hic
2102 3108 2302 3166 similis

2391 703 2636 757 ἐναντίον
2668 703 2912 774 Κυρίου;
2946 703 3059 757 Καὶ
3095 698 3220 757 εἷπε
3264 703 3469 758 Σαούλ·
3510 703 3611 757 Διά
3645 703 3707 756 τὸ
3728 702 3970 756 ἀκοῦσαί

2394 815 2461 868 με
2483 797 2577 849 τὸν
2602 797 2751 851 λαόν.
2796 816 2816 848 ι

2467 909 2486 941 ι
2532 890 2725 943 Ἔσται
2781 890 2842 942 ὂν
2889 888 3094 959 τρόπον
3130 884 3255 942 εἶπε
3294 887 3532 960 Κύριος,
3571 889 3667 942 καὶ
3712 889 3815 944 οὐκ
3851 892 3970 943 εισ-

2392 981 2634 1043 ἡκουσαν
2672 981 2861 1048 αὑτοῦ,
2898 980 3074 1045 οὕτως
3112 981 3494 1052 κεκράξονται,
3529 982 3624 1035 καὶ
3650 982 3711 1035 ού
3749 981 3825 1052 μὴ
3851 984 3970 1035 εἰσ-

2392 1073 2700 1144 ακούσομαι
2725 1073 2926 1136 αὐτῶν,
2955 1073 3104 1140 λέγει
3128 1073 3352 1144 Κύριος.
3385 1091 3406 1123 ι

2465 1183 2486 1216 ι
2530 1164 2797 1236 Ἐγενήθη
2821 1164 2883 1218 τὸ
2916 1166 3139 1236 σπέρμα
3182 1181 3291 1218 των
3328 1161 3699 1219 ἀπειθούντων
3740 1165 3823 1228 είς
3867 1164 3976 1217 ἀπο

2390 1257 2608 1312 ὠλειαν.
2646 1276 2666 1309 ι

2468 1374 2488 1406 ι
2528 1355 2592 1408 ΕΞ
2617 1355 2857 1426 ἡκουσας
2899 1354 3010 1408 τῶν
3059 1353 3292 1407 ἐντολῶν
3344 1368 3469 1424 μου,
3513 1350 3735 1418 ἐγένετο
3782 1350 3853 1404 ἀν
3893 1349 3977 1412 ὡς

2392 1445 2630 1517 ποταμοὶ
2651 1449 2684 1517 ή
2703 1447 2894 1517 εἰρήνη
2922 1462 3040 1501 σου.
3073 1445 3221 1517 καὶή
3243 1442 3557 1514 δικαιοσύνη
3589 1460 3684 1497 σου
3711 1443 3788 1508 ὡς
3815 1443 3976 1512 κῦμα

2393 1536 2692 1607 θαλάσσης.
2742 1556 2760 1588 ι

2469 1649 2489 1681 ι
2534 1629 2818 1701 Ἐροῦσιν,
2872 1628 3012 1682 Οὐαὶ
3062 1629 3178 1691 τοῖς
3248 1626 3563 1681 ἀθετοῦσιν·
3616 1626 3667 1680 οἱ
3710 1624 3977 1680 ἀθετοῦν-

2393 1739 2484 1786 τες
2524 1723 2618 1776 τὸν
2660 1723 2856 1792 νόμον,
2913 1719 3079 1790 φόϐος
3126 1719 3222 1774 καὶ
3277 1719 3496 1791 βόθυνος
3533 1721 3631 1774 καὶ
3677 1720 3848 1788 παγὶς
3886 1719 3980 1786 ἐφ’

2397 1811 2576 1884 ὑμῶν.
2619 1831 2637 1864 ι

2477 1935 2488 1948 ε.
2527 1909 2643 1972 Πᾶς
2688 1909 2718 1961 ό
2760 1906 2976 1961 ἀκούων
3011 1923 3114 1976 μου
3161 1905 3288 1970 τοὺς
3332 1905 3543 1975 λόγους,
3575 1903 3774 1973 καὶμὴ
3803 1902 3984 1955 ποιῶν

2397 2001 2616 2066 αὐτοὺς,
2645 1999 3040 2072 ὁμοιωθήσεται
3069 1997 3225 2069 ἀνδρὶ
3255 1997 3442 2070 μωρῷ,
3476 1999 3624 2062 ὅστις
3653 1997 3982 2068 ᾠκοδόμησε

2396 2093 2497 2163 τὴν
2547 2094 2722 2147 οίκίαν
2781 2092 2944 2146 αὑτοῦ
2993 2091 3088 2145 ἐπὶ
3135 2091 3236 2163 τὴν
3280 2091 3487 2162 ἄμμον.
3536 2091 3648 2143 Καὶ
3691 2089 3899 2159 κατέϐη
3942 2091 3981 2159 ἡ

2400 2183 2589 2256 βροχὴ.
2623 2186 2717 2239 καὶ
2743 2180 2906 2256 ἦλθον
2938 2184 2988 2236 ol
3019 2183 3287 2254 παταμοὶ,
3317 2183 3417 2237 καὶ
3445 2182 3716 2238 ἔπνευσαν
3752 2182 3804 2236 οἱ
3849 2184 3985 2236 ius-

2401 2294 2510 2348 μοι,
2544 2277 2640 2328 καὶ
2681 2275 3029 2347 προσέκοψαν
3076 2276 3144 2345 τῇ
3192 2273 3343 2345 οἰκία
3386 2273 3595 2345 ἐκείνῃ,
3627 2273 3721 2326 καὶ
3754 2272 3960 2326 ἔπεσεν

2397 2370 2509 2423 Καὶ
2525 2363 2594 2440 ἦν
2624 2371 2658 2441 ﬂ
2689 2367 2894 2431 πτῶσις
2917 2368 3089 2436 αὐτῆς
3115 2366 3349 2438 μεγάλη.
3387 2384 3408 2418 ι

2476 2481 2496 2514 ι
2535 2462 2692 2515 Ὅσοι
2744 2461 2964 2532 ἀνόμως
3019 2460 3288 2530 ἥμαρτον,
3344 2459 3563 2528 ἀνόμως
3607 2457 3941 2514 ἀπολοῦνται
3968 2477 3985 2491 ·

2399 2555 2495 2608 καὶ
2533 2555 2650 2607 ὅσοι
2695 2555 2753 2608 ἐν
2794 2554 2945 2624 νόμῳ
2976 2553 3251 2623 ἥμαρτον,
3281 2551 3368 2605 διά
3395 2553 3564 2623 νόμου
3597 2552 3986 2625 κριθήσονται.

2400 2644 2476 2696 Οὐ
2526 2645 2636 2714 γὰρ
2675 2645 2724 2696 οἱ
2774 2643 3043 2713 ἀκροαταὶ
3088 2641 3184 2695 τοῦ
3232 2643 3396 2711 νόμου
3446 2642 3647 2696 δίκαιοι
3698 2645 3850 2714 παρά
3897 2644 3992 2713 τῷ

2398 2733 2538 2805 Θεῷ,
2583 2733 2701 2788 ἀλλ’
2745 2737 2792 2788 οἱ
2842 2734 3063 2806 ποιηταὶ
3094 2733 3188 2788 τοῦ
3232 2735 3398 2805 νόμου
3439 2724 3914 2807 δικαιωθήσονται.
3962 2756 3985 2787 ι

2476 2934 2494 2967 ι
2535 2916 2753 2970 Γίνεσθε
2781 2917 3007 2988 ποιηταὶ
3032 2917 3221 2988 νόμου,
3256 2917 3351 2971 καὶ
3392 2917 3470 2988 μὴ
3499 2917 3659 2987 μόνον
3684 2919 3987 2987 ἀκροαταὶ,

2403 3009 2894 3080 παραλογιζόμενοι
2940 3011 3199 3074 ἑαυτούς·
3234 3009 3315 3062 ὅτι
3356 3009 3410 3061 εῐ
3446 3026 3531 3072 τις
3577 3010 3852 3080 ἀκροατὴς
3887 3011 3988 3062 v6-

2405 3118 2506 3171 μου
2557 3101 2699 3165 ἐστὶ,
2731 3102 2826 3154 καὶ
2849 3101 2911 3154 οὐ
2937 3102 3189 3172 ποιητὴς,
3225 3096 3378 3165 οὗτος
3415 3102 3589 3154 ἔοικεν
3623 3101 3779 3172 ἀνδρὶ
3805 3120 3987 3155 κατα-

735 3198 816 3240 est
867 3190 986 3241 viro
1038 3189 1414 3245 consideranti
1469 3193 1682 3247 vultum
1733 3196 2044 3254 nativitatis
2093 3214 2210 3254 suae
2244 3203 2298 3254 in

2402 3191 2610 3244 νοοῦντι
2635 3191 2698 3244 τὸ
2720 3192 3011 3263 πρόσωπον
3035 3193 3133 3264 τῆς
3153 3193 3420 3261 γενέσεως
3434 3192 3598 3246 αὐτοῦ
3623 3196 3678 3247 ὲν
3702 3195 3985 3266 ἐσόπτρῳ,

736 3281 977 3345 Speculo.
1005 3281 1392 3337 Consideravit
1425 3285 1574 3338 enim
1607 3301 1701 3352 se,
1733 3296 1788 3342 et
1823 3289 1990 3352 abiit,
2024 3298 2081 3346 et
2114 3293 2300 3348 statim

2408 3287 2500 3338 ml.
2531 3284 2731 3349 εὐθέως
2765 3284 3064 3339 ἐπελάθετο
3093 3285 3277 3348 ὁποῖός
3296 3287 3434 3338 ἐστι.
3473 3305 3493 3334 ι

735 3373 938 3426 oblitus
969 3384 1049 3427 est
1080 3375 1261 3442 qualis
1289 3376 1380 3429 sit.
1412 3393 1429 3425 ι

805 3463 862 3518 S.
895 3464 1068 3518 Basil.
1113 3465 1250 3520 hom.
1295 3468 1324 3520 7
1365 3468 1416 3520 in
1461 3467 1719 3523 Hexaem.
1745 3499 1814 3510 —
1844 3472 1968 3527 Vidi
2015 3473 2132 3530 hac
2165 3491 2303 3546 ego,

737 3553 942 3624 Deique
991 3555 1043 3608 in
1097 3557 1356 3612 omnibus
1413 3557 1740 3627 sapientiam
1782 3558 1949 3631 458
1995 3562 2303 3619 admiratus

736 3662 879 3699 sum.
916 3649 1249 3718 Atqui,cum
1287 3648 1445 3703 bruta
1475 3664 1540 3703 ea
1578 3649 1842 3706 facultate
1873 3653 2106 3723 prmdita
2146 3657 2297 3718 sint,

735 3756 841 3808 qua
882 3741 984 3794 sibi
1025 3741 1357 3809 consulant,
1409 3756 1682 3812 suamque
1728 3743 1964 3800 salutem
2015 3755 2300 3811 tueantur,

639 3815 650 3825 ’
736 3847 799 3886 ac
832 3833 1000 3902 piscis
1032 3834 1199 3887 etiam
1234 3835 1478 3900 noverit,
1510 3834 1641 3906 quid
1677 3836 2015 3906 amplexari,
2044 3839 2178 3908 quid
2211 3839 2298 3896 fu-

734 3939 864 3992 gere
896 3925 1129 3979 debeat:
1163 3925 1298 3996 quid
1326 3925 1714 3983 dicemusnos
1736 3971 1750 3995 ,
1787 3930 1879 3999 qui
1906 3971 1920 3995 ,
1953 3947 2081 3985 cum
2121 3934 2301 3989 ornati

733 4018 979 4082 ratione,
1012 4032 1077 4072 ac
1115 4018 1285 4088 legem
1319 4017 1504 4074 edocti
1529 4061 1546 4085 ,
1585 4021 1913 4094 incitatique
1946 4025 2303 4094 pollicitatio-

733 4109 928 4175 nibus,
955 4117 1010 4163 et
1037 4125 1069 4164 a
1099 4108 1309 4181 Spiritu
1337 4111 1540 4166 eruditi
1577 4113 1792 4184 simus,
1837 4115 2086 4186 piscibus
2114 4126 2300 4174 tamen

730 4205 960 4259 rationis
987 4208 1304 4274 expertibus
1329 4207 1557 4263 stultius
1582 4224 1671 4265 res
1695 4221 1919 4268 nostras
1944 4212 2300 4272 administra-

730 4297 901 4352 mus?
934 4297 1166 4363 Quando
1203 4298 1280 4352 illi
1317 4299 1537 4368 quidem
1581 4298 1754 4357 futuri
1790 4306 2086 4374 quamdam
2124 4308 2301 4363 ratio-

730 4406 852 4444 nem
879 4390 1081 4444 habent
1100 4430 1114 4452 ,
1144 4405 1244 4445 nos
1272 4400 1458 4445 autem
1492 4407 1586 4460 per
1617 4394 1952 4464 voluptatem
1980 4398 2146 4452 vitam
2181 4415 2304 4469 quae

730 4481 1034 4549 pecudibus
1061 4491 1328 4554 congruat
1357 4498 1774 4541 consumamus.
1805 4485 1984 4543 Piscis
2019 4497 2100 4543 tot
2129 4493 2304 4546 maria

2477 3465 2630 3521 Εἶδον
2669 3465 2844 3520 ταῦτα
2888 3464 3032 3533 ἐγὼ,
3092 3467 3182 3519 καὶ
3231 3464 3330 3537 τὴν
3381 3468 3473 3520 ἐπὶ
3524 3468 3659 3520 πᾶσι
3699 3467 3794 3521 τοῦ
3840 3469 3986 3524 Θεοῦ

2407 3559 2598 3628 σοφίαν
2630 3558 2938 3628 ἐθαύμασα.
2974 3559 3037 3610 Εἰ
3081 3558 3150 3611 τὰ
3190 3558 3362 3626 ἄλογα
3401 3560 3721 3629 ἑπινοητικὰ
3750 3565 3851 3614 καὶ
3881 3581 3986 3630 φυ-

2405 3649 2637 3704 λακτικά
2667 3650 2767 3720 τῆς
2821 3649 2958 3712 ἰδίας
3002 3648 3184 3702 αὐτῶν
3232 3649 3506 3719 σωτηρίας
3555 3650 3690 3711 ἐστὶ,
3732 3652 3832 3704 καὶ
3870 3649 3984 3705 οἶδε

2401 3739 2465 3792 τὸ
2501 3737 2722 3810 αἱρετὸν
2751 3737 2914 3792 αὐτοῦ
2949 3738 3130 3791 καὶτὸ
3156 3739 3387 3808 φευκτὸν
3436 3739 3606 3810 ἰχθὺς,
3646 3741 3702 3793 τί
3742 3744 3988 3812 ἐροῦμεν

2403 3834 2583 3903 ἡμεῖς,
2627 3834 2677 3885 οἱ
2725 3832 2870 3902 λόγῳ
2927 3833 3305 3903 τετιμημένοι,
3351 3832 3444 3885 καὶ
3485 3832 3632 3904 νόμῳ
3689 3837 3988 3890 πεπαιδευ·

2405 3927 2577 3998 μένοι,
2638 3925 2974 3995 ἐπαγγελίας
3036 3925 3470 3997 προτραπέντες,
3528 3926 3805 3996 πνεύματι
3891 3947 3985 3982 σο-

2401 4018 2706 4089 φισθὲντες,
2748 4019 2798 4072 οἱ
2856 4018 2966 4070 τῶν
3004 4019 3214 4086 ἀλόγων
3285 4017 3486 4088 ἰχθύων
3534 4018 3875 4091 ἀλογώτερον
3923 4022 3987 4073 τὸ

2400 4111 2522 4167 κατ’
2563 4112 2790 4174 ἑαυτοὺς
2842 4111 3251 4182 διατιθέμενοις
3295 4110 3554 4182 Ἐπείπερ
3592 4112 3642 4163 οἱ
3693 4111 3795 4182 μὲν
3834 4115 3983 4165 ἴσασι

2398 4204 2492 4258 τοῦ
2551 4203 2838 4273 μέλλοντός
2889 4220 3012 4256 τινα
3077 4203 3350 4256 ποιεῖσθαι
3393 4203 3672 4273 πρόνοιαν,
3720 4205 3890 4275 ἡμεῖς
3931 4207 3986 4259 δὲ

2399 4295 2467 4348 δι’
2506 4295 2702 4366 ἡδονῆς
2744 4296 3199 4366 βοσκηματώδους
3258 4295 3356 4366 τὴν
3399 4294 3545 4367 ζωὴν
3595 4295 3985 4368 ἀναλίσκομεν.

2413 4389 2587 4458 ’ἰχθὺς
2607 4387 2828 4440 τοιαῦτα
2860 4387 3128 4458 διαμείόει
3158 4387 3369 4458 πελάγη
3399 4388 3539 4458 ὑπὲρ
3573 4386 3668 4440 τοῦ
3712 4387 3990 4460 εὕρασθαί

2402 4499 2521 4534 τινα
2547 4480 2834 4548 ὠφέλειαν.
2860 4480 2924 4532 Τί
2946 4482 3090 4550 ἐρεῖς
3121 4481 3186 4532 σὺ
3215 4483 3244 4532 δ
3271 4482 3339 4550 τῇ
3373 4481 3544 4552 ἀργίᾳ
3571 4480 3748 4544 συζῶν
3772 4498 3787 4543 ;
3816 4483 3989 4550 ἀργία

730 4585 986 4643 peragrat
1008 4613 1022 4635 ,
1062 4581 1124 4626 ut
1154 4573 1407 4628 nonnihil
1443 4576 1700 4632 utilitatis
1729 4579 2092 4634 nanciscatur
2126 4599 2140 4635 :
2172 4583 2303 4652 quid

2409 4574 2518 4644 γὰρ
2559 4573 2899 4644 κακουργίας
2948 4575 3112 4644 ἀρχή.
3168 4574 3372 4644 Μηδεὶς
3423 4574 3644 4642 ἄγνοιαν
3705 4591 3988 4645 προσαπε-

729 4673 787 4718 ιιι
818 4664 1073 4719 dicturus
1106 4680 1200 4725 es.
1233 4666 1328 4734 qui
1367 4666 1538 4720 vitam
1591 4667 1705 4722 otio
1753 4670 2067 4740 transigis?
2116 4672 2302 4728 Otium

729 4754 873 4810 enim
913 4755 1101 4824 llagitii
1137 4755 1356 4808 initium
1385 4766 1493 4811 est.
1531 4755 1645 4812 Nec
1683 4774 1815 4813 vero
1846 4769 1932 4815 est
1965 4766 2116 4831 quod
2151 4766 2305 4834 quis-

730 4861 896 4914 quam
932 4844 1228 4898 amentiam
1270 4853 1551 4901 causetur.
1589 4843 1877 4904 Naturalis
1917 4851 2125 4920 quippe
2163 4856 2306 4906 ratio

731 4937 894 4992 nobis
927 4938 1093 4990 insita
1123 4944 1242 5002 est,
1271 4952 1394 5006 qua
1423 4946 1540 4993 tum
1571 4939 2024 5009 conjunctionem
2051 4958 2179 4998 cum
2209 4944 2306 4998 bo~

733 5044 839 5093 uo,
872 5037 988 5082 tum
1021 5029 1371 5083 aversionem
1412 5029 1482 5083 ab
1521 5029 1590 5085 iis
1627 5046 1749 5101 qua:
1787 5033 2104 5102 perniciosa
2137 5047 2303 5102 sunt,

730 5121 993 5174 ostendit.
1043 5119 1228 5174 Pisces
1283 5119 1388 5191 legi
1439 5121 1530 5175 Dei
1586 5123 1810 5176 minime
1843 5127 2213 5190 reluctantur,
2245 5145 2307 5182 ac

734 5228 835 5265 nos
868 5211 1120 5264 homines
1146 5210 1414 5264 salutaria
1437 5211 1766 5266 documenta
1796 5230 1907 5266 non
1939 5216 2307 5273 sustinemus.

2411 4664 2605 4728 ζέσθω.
2632 4665 2864 4728 Φυσικὸς
2900 4665 3058 4732 λόγος
3086 4664 3360 4717 οἰκείωσιν
3389 4667 3519 4735 ἡμῖν
3541 4665 3635 4719 τοῦ
3667 4667 3862 4729 καλοῦ,
3894 4671 3989 4721 καὶ

2410 4757 2763 4829 ἀλλοτρίωσιν
2823 4757 2931 4810 ἀπὸ
2990 4756 3099 4810 τῶν
3163 4756 3440 4827 βλαϐερῶν
3510 4757 3835 4823 ὑποδεικνὺς
3894 4762 3988 4828 ἑγ-

2412 4847 2809 4916 κατέσπαρται.
2851 4845 3052 4915 ’ἰχθύες
3098 4848 3198 4900 οὐκ
3243 4847 3583 4914 ἀντιλέγουσι
3632 4849 3787 4919 νόμῳ
3826 4851 3988 4911 Θεοί,

2413 4941 2507 4994 καὶ
2548 4937 2824 5007 ἄνθρωποι
2874 4939 3161 5009 σωτηρίων
3203 4937 3588 5007 διαταγμάτων
3627 4943 3727 4992 ουκ
3791 4943 3990 5011 ἀνεχόο

2419 5030 2577 5103 μεθα.
2601 5030 2692 5099 Μὴ
2725 5031 3059 5099 καταφρόνει
3087 5030 3195 5082 τῶν
3227 5031 3444 5100 ἰχθύων,
3475 5031 3663 5100 ἐπειδὴ
3691 5031 3871 5100 ἄλογα
3899 5036 3995 5086 καὶ

2417 5127 2606 5195 ἄφωνα
2639 5122 2954 5185 παντελῶς·
3003 5121 3137 5175 ἀλλά
3177 5124 3270 5177 καὶ
3311 5123 3515 5176 τούτων
3547 5123 3890 5194 ἀλογώτερος
3924 5121 3992 5180 εἷ,

2417 5220 2485 5287 τῇ
2511 5213 2752 5278 διατάξει
2771 5213 2865 5266 τοῦ
2897 5214 3198 5276 κτίσαντος
3219 5214 3628 5284 ἀνθιστάμενος.

733 5309 812 5361 Ne
843 5322 908 5359 eo
941 5307 1165 5359 nomine
1205 5305 1383 5373 pisces
1423 5316 1748 5362 contemnas
1772 5351 1787 5371 ,
1838 5310 1985 5378 quod
2032 5312 2255 5367 ratione
2279 5355 2295 5380 ,
2329 5310 2474 5377 quod
2510 5325 2645 5364 voce
2677 5314 2924 5363 careant.
2968 5305 3049 5360 Tu
3084 5308 3231 5361 enim
3289 5307 3373 5362 his
3422 5324 3640 5379 quoque
3688 5309 3990 5365 irrationa-

736 5401 900 5453 '-i|ior
936 5414 1032 5459 es,
1069 5397 1164 5466 qui
1199 5395 1482 5453 Creatoris
1517 5397 1695 5452 edicto
1729 5400 2056 5454 adverseris.

809 5490 1044 5561 lmpium
1098 5499 1188 5544 est
1240 5489 1487 5558 profiteri
1543 5493 1911 5561 impossibilia
1967 5509 2127 5560 esse,
2187 5513 2312 5566 qua:

738 5586 986 5654 Spiritus
1023 5583 1293 5653 praecipit.

809 5676 868 5730 S.
911 5675 1067 5744 (ἔτερ.
1109 5673 1272 5742 Nysa.
1303 5704 1373 5716 —
1401 5673 1712 5729 Admistum
1744 5684 1955 5730 natura:
1991 5678 2193 5731 malum
2229 5690 2314 5734 cst

2497 5494 2720 5553 Ἀσεῦὲς
2750 5492 2811 5544 τὸ
2835 5490 3013 5559 λέγειν
3039 5489 3272 5543 ἀδύνατα
3296 5489 3365 5542 τά
3396 5489 3490 5542 τοῦ
3508 5490 3829 5560 Πνεύματος
3855 5509 3992 5564 παρα

2417 5591 2758 5660 αγγέλματα.

2501 5684 2890 5751 Ἀνακέκραται
2921 5679 2983 5731 τὸ
3024 5678 3192 5731 κακὸν
3249 5677 3386 5746 πρὸς
3423 5678 3521 5750 τὴν
3563 5682 3726 5747 φύσιν
3759 5679 3850 5733 διὰ
3885 5683 3992 5733 τῶν

743 5787 840 5840 per
869 5784 965 5822 eos
990 5767 1083 5837 qui
1112 5767 1180 5819 ah
1214 5768 1373 5821 initio
1406 5768 1602 5822 vitium
1639 5769 2018 5834 admiserunt,
2048 5773 2178 5827 dum
2218 5789 2311 5842 per

2419 5775 2480 5840 ἐξ
2502 5775 2675 5844 ἀρχῆς
2702 5771 3164 5842 παραδεξαμένων
3188 5769 3248 5821 τὸ
3266 5768 3460 5835 πάθος,
3479 5769 3591 5823 τῶν
3613 5771 3702 5825 διά
3720 5771 3819 5841 τῆς
3855 5789 3991 5838 πιο-

742 5858 1221 5929 ἰτιοιιευιιιιειιιίςιιθ
1254 5858 1464 5913 aditum
1499 5860 1691 5914 morbo
1727 5872 2081 5930 aperuerunt.

2423 5864 2588 5932 ἀκοῆς
2615 5862 3058 5932 εἰσοικισαμένων
3096 5862 3192 5931 τὴν
3214 5861 3386 5915 νόσον.
