4206 6442
236 429 365 494 1⁸425

1479 433 1717 493 SACRA
1758 434 2220 495 PARALLEIA.

3335 442 3468 504 1426

300 555 449 606 Πᾶσα
470 552 504 622 ἡ
524 549 787 622 κτίσιςτῷ
806 550 1299 623 προστάγματιτοῦ
1320 551 1456 605 Θεοῦ
1480 552 1798 623 πειθαρχεῖ·
1835 556 1877 607 Δ

1835 556 1877 607 Δ
1980 553 2087 609 lies
2123 569 2316 608 omnes
2350 555 2587 609 condita:
2618 555 2714 610 Dei
2743 567 3015 629 praecepto
3048 565 3241 628 parent
3269 577 3284 614 :
3317 561 3468 617 solus

226 651 252 701 ό
282 647 337 701 δὲ
363 646 649 718 ἄνθρωπος
694 647 854 718 μόνος
887 646 1123 713 ἀπειθεῖ,
1157 645 1223 700 δι’
1253 647 1313 699 ὃν
1356 647 1448 699 καὶ
1486 646 1675 714 γέγονε
1722 646 1790 698 τὰ

228 740 421 792 πάντα.

290 832 412 883 Τῶν
444 831 535 885 τὸν
561 832 775 903 πατέρα
806 831 882 902 μὴ
913 830 1267 902 μιμουμένων
1301 830 1329 882 ὁ
1356 831 1541 901 πατὴρ
1578 830 1790 895 πατέρα

228 922 534 977 καλούντων
555 925 656 978 οὐκ
690 924 1043 979 ἐπακούεται.
1072 923 1227 978 Μετὰ
1255 922 1324 976 τὰ
1349 922 1460 976 τῶν
1482 921 1793 993 γνωρισμὰο

225 1032 330 1068 των
385 1015 480 1070 οὖν
535 1016 800 1089 πρόσελθε
857 1015 935 1087 τῷ
996 1016 1265 1089 Δεσπότῃ,
1320 1016 1418 1069 καὶ
1477 1015 1554 1080 ὡς
1602 1015 1793 1069 τέκνον

223 1109 530 1164 ἀσπάσεται
562 1128 643 1164 σε.

293 1203 421 1265 Τοῖς
479 1204 577 1274 μὲν
627 1203 763 1257 Θεοῦ
810 1202 1003 1274 γνώμῃ
1032 1202 1543 1268 κατακολουθοῦσιν,
1590 1202 1683 1255 καὶ
1724 1219 1794 1254 τα

224 1292 406 1355 καλῶς
468 1293 901 1364 νομοθετηθέντα
966 1293 1042 1364 μὴ
1106 1293 1344 1363 τολμῶσι
1409 1292 1791 1363 παραϐαίνειν,

222 1386 404 1438 πάντα
445 1384 836 1456 κατορθοῦνται
888 1386 1041 1455 παρὰ
1088 1384 1341 1446 πίστεως,
1374 1384 1468 1437 καὶ
1494 1385 1664 1456 γέρας
1702 1386 1792 1438 εὑ-

217 1477 510 1548 δαιμονίας
557 1481 845 1549 πρόκειται
877 1477 1030 1549 παρὰ
1069 1478 1224 1532 Θεοῦ.
1272 1477 1411 1531 Καθ’
1456 1479 1580 1532 ὅσον
1615 1478 1672 1531 δὲ
1723 1477 1792 1533 αῦ

219 1570 504 1623 ἀποστῶσι
548 1572 648 1641 τῆς
687 1572 891 1629 τούτων
915 1575 1176 1648 ἀκριϐοῦς
1222 1577 1558 1648 ἐπιμελείας,
1610 1577 1793 1649 ἄπορα

226 1662 323 1714 μὲν
364 1664 671 1730 γίνεταιτὰ
698 1666 929 1737 πόριμα,
979 1669 1237 1740 τρέπεται
1276 1670 1333 1722 δὲ
1382 1671 1461 1732 εἰς
1508 1671 1795 1740 συμφορὰς

223 1754 564 1824 ἀνηκέστους
615 1755 645 1809 ὃ
673 1773 726 1810 τι
760 1756 881 1810 ποτ’
930 1758 998 1813 ἂν
1050 1759 1126 1824 ὡς
1158 1760 1359 1828 ἀγαθὸν
1398 1761 1533 1832 δρᾷν
1560 1760 1792 1814 σπουδά-

220 1858 392 1895 σωσιν

1900 643 2068 695 homo
2103 644 2263 713 cujus
2295 659 2464 699 causa
2496 654 2699 701 cuncta
2729 645 2876 701 facta
2909 655 3074 712 sunt,
3106 663 3169 705 se
3199 648 3471 705 refracta-

1896 734 2040 789 rium
2077 735 2302 805 pratbet.

1974 826 2033 883 S.
2068 826 2346 899 Chrysost.
2372 860 2440 869 —
2462 830 2565 896 Qui
2598 838 2810 901 patrem
2856 845 2965 886 non
2994 846 3087 886 ‘im
3113 841 3327 898 tantur,
3375 848 3471 886 eos

1902 921 1993 976 ille
2027 937 2154 976 cum
2190 929 2409 991 patrem
2442 932 2673 987 vocant,
2707 923 2933 978 minime
2980 923 3226 979 exaudit.
3281 922 3471 993 Itaque

1919 1014 2248 1068 eertiscum
2288 1014 2435 1068 nolis
2466 1015 2530 1068 ad
2581 1014 2878 1069 Dominum
2913 1014 3148 1081 accede,
3199 1023 3362 1086 teque
3411 1024 3471 1070 ut

1898 1101 2067 1157 ﬁlium
2108 1104 2527 1174 amplexabitur.

1967 1193 2206 1265 Iosephi.
2250 1226 2322 1237 —-
2364 1197 2468 1263 Qui
2508 1196 2601 1251 Dei
2633 1198 2972 1253 voluntatem
3003 1207 3335 1269 sequuntur,
3367 1213 3468 1253 nec

1899 1302 1964 1342 ca
1995 1303 2119 1357 quae
2147 1289 2409 1359 pmclare
2440 1291 2653 1345 sancita
2681 1299 2845 1359 sunt,
2874 1291 3085 1346 violare
3113 1292 3353 1355 audent,
3386 1291 3470 1344 his

1903 1378 2089 1433 omnia
2145 1395 2214 1435 ex
2269 1383 2548 1436 sententia
2601 1382 2942 1449 succedunt,
2996 1398 3061 1438 ac
3113 1383 3468 1439 beatitudinis

1903 1472 2191 1535 prazmium
2218 1488 2249 1527 a
2275 1471 2387 1529 Deo
2416 1475 2769 1544 proponitur.
2797 1475 3077 1542 Quantum
3109 1484 3292 1530 autem
3326 1491 3357 1528 a
3386 1474 3471 1529 di-

1902 1564 2091 1635 ligenti
2131 1579 2324 1619 eorum
2360 1579 2495 1619 cura
2524 1580 2585 1620 se
2616 1575 2941 1631 removent,
2991 1575 3206 1622 tantum
3251 1579 3469 1636 quoque

1899 1657 1984 1710 eis
2021 1656 2270 1711 diﬂicilia
2307 1656 2485 1721 ﬁunt,
2539 1674 2660 1727 quae
2706 1660 2862 1729 prius
2910 1658 3100 1713 facilia
3156 1669 3346 1723 erant,
3402 1672 3468 1712 ac

1898 1751 2170 1822 quidquid
2196 1753 2320 1807 boni
2352 1752 2787 1810 iacere-student
2806 1794 2822 1819 ,
2850 1755 2904 1810 in
2930 1755 3182 1810 exitiales
3211 1754 3347 1824 ipsis
3377 1768 3472 1808 ca-

1901 1846 2177 1902 lamitates
2206 1848 2459 1903 vertitur.

218 1955 403 2037 TITA_.
427 1956 522 2037 ul”.
552 1988 618 2037 —_
645 1962 802 2037 ΔΙζερὶ
835 1961 1217 2037 εὐδαιμονίας
1257 1967 1355 2020 καί
1378 1967 1759 2037 μακαρισμοῦ
1777 1982 1791 1995 ⁸
1824 1924 1867 1980 Β

1824 1924 1867 1980 Β
1900 1958 2034 2014 ΤΙΤ.
2073 1958 2162 2014 111.
2191 1990 2261 2000 -—
2298 1960 2371 2014 De
2412 1961 2663 2037 felicitate
2692 1979 2712 2013 :
2745 1968 2795 2015 et
2822 1962 2959 2037 quod
2993 1979 3141 2016 nemo
3172 1971 3292 2016 ante
3325 1978 3469 2015 mor-

283 2028 387 2080 καὶ
417 2028 509 2083 ὅτι
534 2032 607 2085 οὐ
634 2031 725 2086 δεῖ
741 2028 864 2102 ήπρὸ
891 2028 1175 2102 τελευτῆς
1192 2028 1553 2105 ξιιακαρίζειιὲ
1570 2028 1720 2092 τιῦά.

295 2136 315 2169 ι
342 2119 472 2189 Πρὸι
494 2122 748 2194 τελευτῆς
792 2124 866 2195 μὴ
900 2125 1174 2199 μακάριζε
1216 2128 1448 2198 μηδένα.
1494 2129 1586 2200 Μὴ
1618 2147 1792 2200 μακα-

215 2211 379 2282 ρίζῃς
407 2213 579 2286 ἄνδρα
598 2215 706 2288 πρὸ
724 2217 824 2288 τῆς
844 2219 1105 2291 τελευτῆς
1124 2220 1309 2275 αὐτοῦ.
1350 2244 1368 2274 ι

299 2399 360 2453 ’0
408 2400 513 2470 μέν
565 2403 625 2455 ἐν
667 2403 746 2476 τῷ
794 2405 893 2477 βίῳ
932 2407 1237 2478 τυγχάνων,
1279 2408 1432 2463 οὔπω
1464 2412 1796 2482 μακαριστὸς

207 2491 301 2545 διὰ
323 2493 389 2546 τὸ
420 2494 618 2565 ἄδηλον
643 2498 744 2567 τῆς
778 2499 1080 2566 ἐκϐάσεως.
1115 2502 1173 2557 Ὀ
1201 2504 1257 2558 δέ
1294 2505 1701 2577 συμπληρώσας
1728 2508 1795 2561 τὰ

209 2585 603 2652 ἐπιϐάλλοντα,
656 2592 751 2645 καὶ.
795 2592 1174 2666 ἀναντιρῤήτῳ
1213 2596 1355 2650 τέλει
1386 2597 1486 2669 τὴν
1519 2598 1663 2669 ζωὴν
1694 2616 1795 2653 κα·-

208 2676 537 2744 τακλείσας,
572 2674 726 2747 οὗτος
746 2683 845 2757 ἤδη
874 2686 1132 2755 ἀσφαλῶς
1165 2689 1543 2759 μακαρίξεται.

207 2858 606 2940 ιγξηᾷέςνμένᾳ
626 2865 802 2940 signi;
823 2866 1100 2921 εὐπλοῶν
1128 2870 1242 2937 πρὸ
1267 2874 1614 2940 πείσματος.

204 2932 487 3013 ἔουξμξοζς
501 2934 649 3000 πρὸς
673 2932 857 3013 ὅρμοις
873 2932 1183 3013 εὐπλοοῦνῖ
1206 2940 1313 2995 ἔδυ
1342 2932 1596 3013 σκάφος,

204 3002 449 3055 Πολλοὶ
470 3002 1019 3075 προσωρμίσθησαν
1046 3010 1114 3065 ἐκ
1143 3002 1476 3081 τρικυμίαςξ

558 3187 735 3245 ΤΙΤΛ.
766 3194 841 3247 Δ’.
862 3222 933 3232 -
954 3195 1093 3261 Περὶ
1134 3196 1453 3250 ἐνυπνίων.

284 3316 306 3350 ι
363 3300 633 3354 Ἐνύπνια
678 3303 1075 3376 ἁναπτεροῦσιν
1118 3308 1377 3379 ἄφρονας.
1436 3311 1524 3376 Ὠς
1561 3315 1589 3367 ὁ
1624 3314 1788 3384 δρασ-

203 3391 449 3459 σόμενος
487 3394 643 3455 σκιᾶς
687 3395 780 3447 καὶ
808 3396 1017 3451 διώκων
1053 3401 1308 3471 ἀνέμους,
1357 3404 1529 3466 οὕτως
1569 3407 1598 3458 ὁ
1624 3423 1790 3476 προσ-

199 3480 354 3549 έχων
413 3482 724 3545 ἐνυπνίοις,
767 3486 862 3538 καὶ
906 3487 981 3551 ὡς
1033 3489 1297 3545 ὠδίνουσα
1350 3495 1679 3562 φαντάζεται
1720 3500 1786 3569 τῇ

200 3574 442 3644 καρδίᾳ.
486 3575 611 3629 Ἐὰν
659 3577 735 3649 μὴ
780 3578 934 3649 παρὰ
973 3579 1227 3651 Ὑψίστου
1263 3587 1539 3659 ἀποσταλῇ
1571 3589 1627 3643 ἐν
1672 3592 1790 3642 ἐπι-

200 3668 423 3737 σκοπῇ,
458 3668 535 3738 μὴ
564 3668 757 3734 δώσεις
799 3673 875 3736 εἰς
930 3674 1070 3728 αὐτὰ
1118 3677 1344 3745 καρδίαν
1393 3696 1509 3735 σου.
1556 3682 1788 3747 Πολλοὺς

198 3757 320 3825 γὰρ
347 3758 671 3832 ὲπλάνησαν
695 3763 763 3817 τὰ
795 3764 1041 3832 ἐνύπνια,
1090 3770 1190 3824 καϊ
1226 3771 1530 3843 ήσθένησαν
1556 3776 1604 3827 οἱ
1637 3775 1789 3829 ἐλπί-

196 3850 409 3914 ζοντες
436 3852 519 3916 εἰς
543 3853 697 3908 αὐτά.
724 3855 986 3913 Mai/retu
1014 3859 1111 3915 καὶ
1128 3863 1429 3935 οίωνισμοὶ,
1452 3867 1543 3919 καὶ
1565 3866 1788 3923 ἐνύπνια

198 3942 474 4022 εἱμαρτξα
501 3949 645 4007 tati:
672 3966 693 4005 ι

277 4136 583 4203 Πεφύκασί
613 4154 729 4200 πως
770 4138 825 4190 αἱ
881 4138 1001 4192 καθ’
1046 4139 1213 4193 ὕπνον
1254 4145 1566 4211 φαντασίαι,
1613 4144 1687 4207 ὡς
1723 4146 1794 4198 τὰ

200 4228 394 4279 πολλὰ
431 4230 788 4298 αποιχήματα
810 4225 949 4284 εἶναι
994 4231 1106 4284 τῶν
1152 4232 1535 4305 καθημερινῶν
1580 4238 1792 4307 φροντί-

196 4321 339 4373 δων.
387 4321 586 4374 Ὀποῖα
624 4321 731 4392 γὰρ
845 4323 914 4376 τὰ
963 4324 1103 4377 κατὰ
1149 4325 1239 4378 τὸν
1274 4327 1387 4397 βίον
1416 4328 1573 4397 ἡμῶν
1601 4330 1790 4401 ἐπιτη-

196 4412 301 4465 δεύ
311 4429 497 4482 ματα,
523 4413 745 4468 τοιαῦτα
772 4415 985 4485 ἀνάγκη
1013 4411 1153 4470 εἶναι
1184 4419 1277 4470 καὶ
1314 4418 1380 4471 τὰ
1414 4419 1657 4474 ἐνύπνια.

2290 2041 2390 2085 tem
2427 2032 2610 2086 beatus
2648 2033 2845 2086 censeri
2874 2032 3079 2087 debeat.

1969 2123 2139 2180 Eccli.
2177 2141 2229 2179 ιι
2253 2165 2268 2190 ,
2309 2125 2400 2179 50.
2432 2155 2500 2165 -
2536 2145 2555 2177 ι
2585 2124 2728 2181 Ante
2758 2133 2988 2182 mortem
3023 2141 3091 2180 nc
3126 2126 3346 2179 beatum
3387 2124 3471 2178 di-

1900 2217 2046 2273 xeris
2069 2234 2427 2288 quemquam.
2449 2215 2527 2272 Ne
2549 2218 2767 2274 beatum
2792 2219 2969 2273 virum
2994 2219 3148 2274 dicas
3171 2227 3297 2272 ante
3323 2233 3472 2272 mor-

1896 2318 2003 2365 tem
2034 2309 2231 2380 ipsius.
2262 2330 2280 2362 ι

1969 2401 2026 2456 8.
2069 2401 2285 2455 Basilii.
2310 2433 2385 2457 .—
2413 2401 2516 2468 Qui
2565 2401 2619 2456 in
2665 2400 2805 2456 vivis
2837 2410 3107 2467 versatur,
3144 2402 3194 2456 is
3225 2400 3468 2456 nondum

1898 2490 2092 2545 beatus
2123 2491 2513 2561 praedicamus
2546 2500 2671 2557 est,
2706 2492 2837 2562 quia
2876 2491 3001 2563 quis
3036 2492 3216 2547 exitus
3245 2492 3365 2561 ejus
3395 2492 3466 2545 sit

1897 2583 2155 2649 iuturus,
2206 2599 2316 2640 non
2367 2592 2455 2640 est
2507 2585 2879 2656 exploratum.
2938 2583 3044 2651 Qui
3086 2599 3214 2639 vero
3244 2600 3470 2639 munere

1896 2691 1999 2731 suo
2031 2674 2193 2747 plene
2222 2674 2550 2747 perfunctus
2582 2688 2705 2746 est,
2735 2685 2790 2733 et
2837 2678 3313 2749 irrepreliensibili
3362 2677 3471 2733 ﬁne

1895 2768 2065 2822 \iitam
2092 2769 2332 2832 clausit,
2367 2770 2462 2824 ille
2492 2768 2715 2825 demum
2747 2777 2867 2824 tuto
2896 2769 3091 2826 beatus
3122 2770 3347 2824 dicitur.

2071 2858 2155 2913 Ne
2182 2870 2229 2914 te
2258 2870 2381 2914 ante
2409 2859 2580 2928 jacles
2605 2899 2620 2924 ,
2650 2876 2811 2929 quam
2841 2860 3021 2929 funem
3058 2861 3325 2931 ligaveris.

2074 2932 2282 3002 [feriere
2316 2931 2471 2983 multi
2498 2932 2615 2999 jam
2648 2932 2927 3002 propinqui
2962 2931 3129 2984 liuori
3154 2948 3191 2997 ες

2071 2999 2291 3056 Subiere
2324 3013 2536 3069 portum
2569 2999 2774 3055 turbine
2807 2999 2911 3055 acti
2941 3002 3180 3069 plurimi.

2770 3072 2875 3143 (S.
2911 3070 3064 3141 (ἔνθα.
3104 3082 3223 3126 tctr.
3260 3072 3350 3125 27.
3381 3078 3393 3130 )

2285 3184 2421 3241 TIT.
2463 3187 2550 3243 IV.
2578 3218 2644 3226 —
2677 3187 2751 3241 De
2790 3189 3084 3241 insommis.

1972 3300 2136 3357 Eccli.
2171 3317 2361 3366 xxxrv,
2391 3308 2415 3355 1
2443 3341 2457 3364 ,
2486 3307 2541 3355 ‘2.
2566 3334 2634 3340 ——
2664 3321 2681 3353 ι
2713 3301 2937 3357 Somnia
2965 3303 3235 3359 extollunt
3281 3318 3465 3373 mpru-

1895 3394 2137 3449 dentem.
2168 3394 2339 3460 Quasi
2372 3395 2466 3464 qui
2500 3395 2867 3465 apprehendit
2900 3396 3164 3459 umbras,
3198 3403 3253 3449 et
3284 3410 3464 3465 perse-

1896 3489 2084 3558 quitur
2145 3496 2376 3551 ventos,
2436 3487 2518 3541 sic
2575 3486 2668 3557 qui
2727 3486 2962 3540 attendit
3019 3486 3356 3553 insomniis;
3410 3496 3465 3540 et

1895 3580 2359 3650 quemadmodum
2402 3579 2763 3648 parturientis
2803 3595 2903 3635 cor
2950 3582 3274 3652 phantasnas
3324 3598 3459 3651 pau-

1896 3678 2008 3725 tur.
2045 3670 2160 3725 Nisi
2191 3673 2260 3726 ab
2286 3672 2577 3726 Altissimo
2604 3672 2814 3727 fuerint
2843 3673 3012 3730 missa
3041 3674 3096 3728 in
3126 3676 3458 3739 visitationc,

1896 3778 1965 3817 ne
1995 3762 2061 3816 ad
2093 3763 2187 3816 illa
2219 3764 2495 3832 adieceris
2529 3778 2625 3818 cor
2660 3763 2823 3835 459
2857 3774 3032 3821 tuum.
3062 3767 3262 3824 Multos
3312 3772 3457 3823 enim

1896 3870 2084 3911 errare
2119 3855 2370 3912 fecerunt
2395 3858 2704 3923 insomnia,
2732 3868 2788 3913 et
2820 3861 3143 3915 exciderunt
3175 3875 3460 3931 sperantes

1899 3948 1952 4001 in
1984 3964 2068 4003 ea.
2099 3948 2510 4015 Divinationes,
2541 3958 2593 4006 et
2621 3952 2849 4022 auguria
2873 3991 2888 4016 ,
2917 3961 2974 4009 et
3004 3955 3273 4011 insomnia
3295 3996 3310 4021 ,
3336 3972 3462 4026 pec-

1897 4052 2075 4096 catum
2112 4050 2259 4095 sunt.
2295 4060 2314 4093 ι

1968 4132 2029 4187 S.
2054 4133 2223 4187 Basil.
2250 4135 2307 4187 in
2344 4133 2404 4189 S.
2451 4134 2700 4189 Julit.—
2732 4136 2925 4190 Solent
2965 4138 3285 4207 plerumque
3336 4156 3457 4208 spc-

1899 4226 2011 4281 cies
2066 4228 2171 4281 illa:
2234 4243 2356 4298 quae
2388 4228 2528 4283 inter
2556 4230 2935 4285 dormiendum
2996 4232 3192 4299 animis
3252 4234 3460 4287 nostris

1900 4321 2286 4389 obversantur,
2330 4323 2652 4378 diurnarum
2716 4339 2972 4379 curarum
3009 4326 3255 4395 reliquiae
3319 4342 3458 4381 esse.

1899 4412 2031 4467 Nam
2058 4416 2243 4485 qualia
2275 4417 2401 4471 vitae
2443 4427 2645 4471 nostrae
2692 4419 2873 4473 studia
2911 4418 3137 4485 fuerint,
3166 4420 3296 4472 talia
3328 4435 3463 4489 quo-

1900 4524 2007 4578 que
2041 4523 2163 4564 esse
2184 4510 2399 4565 somnia
2440 4511 2812 4567 necessarium
2840 4521 2944 4566 est.
3114 4504 3125 4512 ’

198 4620 410 4709 TiIA.
446 4618 517 4671 E’.
548 4622 782 4709 ‘—‘H£’pl
814 4622 1090 4709 ἐλπίιξοςς
1127 4624 1367 4709 ὀςιτινχρὴ
1400 4628 1486 4692 είς
1529 4629 1676 4683 Θεὸν
1693 4631 1801 4709 ’ἐλ-
1830 4635 1859 4695 ιζ

1830 4635 1878 4695 υ
1903 4621 2041 4676 ΤΙΤ.
2108 4622 2174 4677 V.
2203 4655 2272 4664 ——
2308 4624 2378 4679 De
2408 4643 2495 4708 spe
2525 4645 2544 4709 ί
2595 4628 2736 4709 quod.
2784 4628 3095 4709 Pollae-auida
3126 4630 3179 4681 in
3214 4629 3321 4683 Deo
3372 4632 3462 4691 sit,

195 4688 441 4751 πίζῖετν,
465 4690 561 4742 καὶ
577 4691 661 4759 μὴ
684 4688 770 4757 εὶς
788 4693 891 4757 τὰς
920 4692 1038 4745 τῶν
1058 4688 1380 4763 ἀνθρώἇῖωῶ·
1402 4688 1795 4765 προστασίας.

284 4797 307 4829 ι
361 4777 431 4832 Ὀ
463 4779 735 4843 πεποιθὼς
761 4783 853 4834 ἐπὶ
876 4784 1101 4854 Κύριον,
1136 4784 1458 4856 σωθήσεται.
1496 4808 1513 4838 ι

287 4982 308 5014 ι
350 4961 836 5031 Εὐφρανθὴτωσαν
869 4964 1067 5029 πάντες
1097 4968 1146 5019 oi
1186 4968 1497 5034 ἐλπίζοντες
1547 4972 1639 5025 ἐπὶ
1692 4975 1796 5037 σοὶ,

193 5059 289 5119 εἰς
315 5053 527 5116 αἰῶνα,
564 5072 581 5105 ι
619 5055 711 5107 καὶ
742 5054 810 5107 τὰ
836 5054 1017 5112 λοιπά.

289 5186 312 5218 ι
364 5167 822 5239 ’Υπεραςπιστὴς
853 5170 947 5221 ἐπὶ
977 5169 1194 5225 πάντων
1220 5172 1330 5227 τῶν
1355 5174 1684 5240 ἐλπιζόντων
1713 5180 1782 5231 ἐπ

194 5262 419 5317 αὐτόν.
462 5278 481 5310 ι

289 5393 312 5424 ι
362 5367 530 5425 Οὗτοι
558 5374 614 5425 ἐν
648 5374 880 5443 ἅρμασι,
906 5375 1000 5427 καὶ
1029 5368 1172 5429 οὗτοι
1212 5379 1268 5430 ὲν
1305 5378 1515 5443 ἵπποις’
1556 5382 1717 5451 ἡμεῖς
1745 5384 1801 5436 δὲ

194 5471 265 5520 ἐν
290 5465 558 5532 ὀνόματι,
600 5482 619 5515 ι
654 5466 747 5518 καὶ
776 5466 845 5518 τὰ
870 5466 1050 5520 λοιπά.

283 5598 310 5631 ς
382 5580 511 5631 Ἐπί
556 5580 640 5632 σοὶ
684 5580 921 5651 ἧλπισαν
960 5584 1010 5635 oi
1050 5585 1285 5657 πατέρες
1327 5588 1503 5658 ἡμῶν,
1539 5589 1795 5660 ἧλπισαν,

193 5673 313 5726 καὶ
352 5670 596 5741 ἐρῤὑσω.
639 5691 658 5723 ι

295 5804 319 5835 σ
364 5786 435 5835 Οἱ
462 5785 732 5857 ὀφθαλμοί
760 5806 860 5859 μου
908 5791 995 5843 διὰ
1042 5792 1241 5856 παντὲς
1273 5796 1409 5865 πρὸς
1452 5797 1542 5851 τὸν
1571 5798 1773 5870 Κύριον

203 5881 309 5932 ’ὁτι
346 5876 541 5946 αὐτὸς,
577 5898 593 5931 ι
624 5882 716 5934 καὶ
741 5882 809 5936 τὰ
838 5882 1016 5939 λοιπά.

2299 4714 2401 4751 non
2432 4702 2485 4751 in
2516 4699 2763 4751 humanis
2795 4700 3080 4765 prasidiis.
3168 4724 3173 4731 -

1966 4791 2067 4846 Job
2107 4809 2239 4858 xm,
2276 4792 2329 4846 8.
2362 4823 2429 4831 -—
2472 4812 2488 4842 ι
2522 4792 2623 4856 Qui
2678 4791 2901 4844 conlidit
2941 4792 2992 4844 in
3057 4772 3283 4845 Domino
3363 4794 3465 4845 sal-

1900 4901 1998 4939 vus
2034 4886 2157 4939 erit.
2192 4903 2210 4935 )

2001 4977 2153 5031 Psal.
2194 4995 2244 5041 v,
2282 4978 2368 5032 12.
2401 5009 2467 5018 -——
2500 4998 2517 5026 ι
2546 4978 2821 5031 Lmtentur
2873 4994 3063 5033 onmcs
3118 4995 3212 5049 qu,
3246 4987 3475 5047 sperant

1902 5069 1953 5121 in
1989 5080 2060 5133 te,
2091 5070 2145 5123 in
2178 5078 2461 5129 :eternuiu,
2503 5087 2522 5119 ι
2560 5080 2668 5124 etc.

1982 5179 2133 5233 Psai.
2176 5194 2309 5243 xvii,
2342 5180 2433 5234 51.
2459 5211 2527 5220 -—
2569 5201 2587 5232 ι
2624 5185 2911 5237 Protector
2938 5193 3024 5238 est
3060 5184 3305 5237 omnium
3348 5199 3471 5252 spe-

1901 5272 2139 5326 rantium
2169 5272 2221 5325 in
2253 5288 2332 5327 se.
2367 5293 2383 5323 ι

1975 5384 2128 5437 Psal.
2165 5400 2278 5449 XIX,
2316 5384 2371 5438 5.
2398 5415 2467 5424 --
2506 5406 2523 5437 ι
2564 5385 2629 5439 1ιί
2662 5387 2715 5439 in
2742 5388 3019 5449 currious,
3041 5394 3095 5441 et
3126 5387 3177 5440 hi
3199 5390 3469 5456 inequis;

1905 5490 2006 5529 nos
2033 5489 2212 5531 autem
2248 5477 2300 5529 in
2333 5480 2574 5542 nomine,
2615 5498 2632 5528 ι
2661 5487 2768 5533 etc.

1972 5587 2122 5644 Psal.
2156 5606 2271 5649 λιιι,
2307 5591 2359 5644 5.
2394 5623 2464 5631 -
2501 5613 2518 5643 ι
2552 5591 2612 5645 1η
2666 5603 2717 5648 te
2754 5604 3114 5659 speraverant
3156 5606 3343 5665 patres
3366 5611 3470 5650 no-

1903 5683 2025 5748 stri,
2059 5698 2413 5739 sneraverunt
2469 5695 2522 5740 et
2555 5686 2797 5743 liberast:
2832 5703 2947 5743 eos.
2991 5709 3008 5739 ι

1986 5799 2137 5854 Psal.
2179 5816 2324 5864 xxiv,
2360 5802 2447 5859 15.
2475 5832 2541 5840 ——
2568 5822 2586 5854 ι
2616 5804 2774 5860 Oculi
2800 5806 2913 5883 mei
2955 5821 3165 5877 semper
3193 5806 3466 5877 adnomi-

1908 5895 2335 5963 num,quoniam
2369 5895 2502 5963 ipse,
2537 5915 2553 5947 ι
2590 5904 2692 5951 etc.
