4206 6442
231 404 362 469 1429

233 626 392 667 ριν.»

302 707 590 779 Πείσωμεν
622 712 871 775 ι-αυτοὺς,
903 711 1145 780 ἀδελφοὶ,
1179 715 1236 766 ὲν
1272 713 1448 784 καιρῷ
1481 713 1805 786 πειρασμοῦ,

227 801 303 868 μὴ
330 801 469 872 πρὸς
505 802 853 872 ἀνθρωπίνας
900 804 1121 868 ἐλπίδας
1165 806 1514 876 ἀποτρέχειν,
1560 808 1652 860 καὶ
1679 808 1809 860 ὲαυ·

223 893 338 954 τοῖς
377 893 476 954 τὰς
529 892 782 964 βοηθείας
828 893 1122 965 θηρᾶσθαι,
1167 896 1280 948 ἀλλ’
1327 899 1384 949 ἐν
1443 899 1675 968 δάκρυσι
1717 899 1811 950 καὶ

229 987 581 1052 στεναγμοῖς,
619 987 714 1038 καὶ
747 986 1020 1057 φιλοπόνῳ
1063 991 1364 1060 προσευχῇ,
1407 991 1502 1042 καὶ
1535 991 1812 1061 ἀγρυπνίᾳ

226 1076 436 1145 εῦτόνῳ
467 1077 564 1140 τὰς
587 1078 804 1148 δεήσεις
847 1080 1138 1136 ποιεῖσθαι.
1173 1080 1362 1142 Οὕτως
1397 1083 1504 1153 γὰρ
1546 1082 1810 1151 λαμϐάνει

229 1168 490 1238 βοήθειαν
542 1171 606 1224 ἐκ
654 1171 908 1242 θλίψεως,
945 1175 973 1226 6
1014 1175 1112 1242 τῆς
1150 1174 1500 1246 ἀνθρωπίνης
1556 1173 1810 1246 βοηθείας

227 1257 304 1322 ὡς
351 1262 592 1328 ματαίας
622 1264 1003 1334 καταφρονῶν.

312 1353 620 1422 ’Λμήχανὸν
662 1355 780 1406 ἐστι
817 1355 912 1407 τοῦ
957 1356 1144 1420 τέλους
1169 1358 1423 1410 ἐκπεσεῖν
1449 1357 1541 1410 τὸν
1567 1357 1663 1428 ὅλῃ
1693 1358 1808 1411 δια-

229 1443 350 1513 νοίᾳ
399 1445 479 1508 είς
525 1445 614 1497 τὸν
657 1445 790 1499 Θεὸν
815 1447 1123 1512 ἐλπίζοντα,
1175 1451 1270 1502 καὶ
1309 1449 1378 1502 τά
1433 1450 1560 1520 παρ’
1617 1449 1811 1503 ἑαυτοῦ

232 1533 413 1586 πάντα
461 1529 804 1606 εἰσφέροντα·
859 1537 1120 1594 ἀδύνατόν
1161 1557 1283 1594 τινα
1331 1542 1532 1611 σπουδῇ
1591 1541 1811 1612 χρώμε-

230 1642 342 1688 νον,
368 1626 462 1678 καὶ
493 1629 844 1698 μεριμνῶντα
875 1631 1014 1701 ὑπὲρ
1040 1632 1137 1699 τῆς
1165 1633 1357 1686 ἑαυτοῦ
1387 1633 1684 1704 σωτηρίας,
1718 1636 1812 1686 καὶ

230 1716 299 1768 τά
342 1720 474 1787 παρ’
511 1719 703 1771 ἑαυτοῦ
755 1721 934 1774 πάντα
983 1723 1449 1795 ἐπιδεικνύμενον,
1492 1726 1812 1792 ἐγκαταλει-

232 1810 439 1879 φθῆναί
498 1829 625 1864 ποτε
685 1812 790 1865 ὑπὸ
839 1814 934 1867 τοῦ
966 1815 1124 1868 Θεοῦ.
1160 1816 1326 1869 Ὅταν
1368 1817 1677 1888 μηδαμόθεν
1720 1819 1815 1871 ἀν-

231 1901 516 1972 θρωπίνης
551 1903 800 1975 βοηθείας
844 1906 1000 1970 ἐλπὶς
1057 1909 1190 1979 ἡμῖν
1250 1909 1493 1981 ὑπάρχῃ,
1551 1909 1624 1979 μὴ
1674 1911 1812 1963 ἀπο-

233 1997 476 2065 γνῶμεν,
533 1998 608 2070 μὴ
662 2001 1034 2070 ἀτονήσωμεν,
1075 2001 1211 2055 ἀλλά
1253 2003 1352 2074 τὴν
1417 2005 1664 2074 ἄγκυραν
1714 2005 1815 2075 τῆς

235 2090 472 2152 πίστεως
524 2092 955 2163 ἀναρπάσωμεν.
1005 2093 1278 2164 Ῥίψωμεν
1309 2095 1369 2148 τὸ
1404 2096 1687 2164 ἐργαλεῖον
1714 2098 1814 2165 τῆς

233 2181 468 2243 ἐλπίδος,
509 2181 582 2250 μὴ
614 2183 694 2245 εἰς
724 2182 1022 2247 θάλασσαν,
1053 2185 1168 2238 ἀλλ’
1198 2188 1278 2249 εἰς
1306 2186 1398 2239 τὸν
1435 2187 1683 2257 οὐρανὸν,
1719 2190 1813 2241 καὶ

234 2273 292 2325 τὸ
352 2274 750 2346 χειμαζόμενον
792 2279 998 2347 σκάφος
1034 2277 1146 2331 τῶν
1191 2279 1450 2332 κινδύνων
1496 2281 1813 2352 ἀπαλλαγή·-

235 2383 414 2419 σεται.

303 2458 405 2524 Μὴ
447 2461 759 2514 πεποίθετε
787 2461 879 2515 ἐπ’
907 2463 1235 2532 ἄρχοντας’
1275 2465 1349 2536 μὴ
1382 2466 1676 2537 ἐπαίρεσθε
1718 2469 1813 2521 ἐπὶ

234 2551 470 2602 πλούτου
505 2552 820 2623 ἀδηλότητι·
871 2554 946 2625 μὴ
983 2559 1232 2625 φρονεῖτε
1285 2559 1380 2610 ἐπὶ
1427 2558 1654 2628 δυνάμει
1709 2559 1813 2612 σώ-

236 2657 436 2709 ματος’
510 2641 584 2710 μὴ
631 2642 731 2710 τῆς
780 2643 1126 2716 ἀνθρωπίνης
1179 2646 1338 2715 δόξης
1393 2648 1454 2699 τὸ
1518 2649 1813 2719 περιφανὲς

231 2729 482 2784 διώκετε.
517 2731 686 2786 Οὐδὲν
735 2735 944 2788 τούτων
994 2737 1176 2801 σώζει.
1235 2737 1418 2791 Πάντα
1463 2739 1809 2810 πρόσκαιραο

233 2825 414 2877 πάντα
457 2825 745 2896 ἀπατηλάο
801 2827 898 2895 μία
941 2828 1232 2900 καταφυγὴ
1263 2831 1290 2884 6
1321 2830 1474 2895 Θεός.
1515 2829 1808 2886 Ἐπικατά-

234 2935 421 2986 ρατος,
451 2918 509 2980 ὃς
529 2918 626 2988 τὴν
655 2919 844 2972 ἐλπίδα
866 2919 978 2991 ἔχει
1006 2922 1094 2974 ἐπ’
1115 2921 1400 2977 ἄνθρωπον

307 3103 485 3154 ’Ὀταν
517 3103 574 3154 ὲν
607 3105 728 3166 ταῖς
755 3104 1000 3174 θλίψεσιν
1041 3098 1211 3176 ὦμεν,
1256 3109 1350 3161 ἐπὶ
1383 3110 1558 3163 πάντα
1609 3111 1808 3182 μᾶλλον

1488 423 1715 480 SACRA
1754 421 2214 481 PARALLEIA.

303 537 321 568 ι
359 519 596 584 Τελείως
636 521 894 578 ἐλπίσατε
943 525 1036 579 ἐπὶ
1088 526 1187 581 τὺν
1216 528 1515 600 δεδομένην
1551 530 1682 600 ὑμῖν
1721 530 1815 598 χά·
1846 531 1891 586 Δ

3354 414 3376 477 1
3391 415 3484 481 £30

1994 530 2020 583 1
2049 530 2198 585 Pctr.
2259 542 2298 593 ι,
2333 529 2413 582 i5.
2449 557 2518 566 —
2552 544 2568 576 ι
2600 523 2848 580 Perferle
2889 534 3107 594 sperate
3131 524 3184 578 in
3223 539 3343 579 eam
3369 540 3490 594 qua:

1915 623 2079 676 datur
2109 621 2264 675 vobis
2291 620 2544 690 gratiam.
2588 637 2606 669 ι

1992 715 2050 770 S.
2089 715 2258 769 Basil.
2286 716 2336 766 in
2369 713 2518 768 Psal.
2548 728 2664 767 LIX.
2691 741 2761 752 —
2791 710 2905 766 lloc
2964 713 3128 769 nobis
3157 712 3490 784 persuadea-

1915 824 2059 868 mus.
2097 807 2318 866 fratres,
2370 813 2427 858 ut
2468 804 2792 860 tcntationis
2833 813 3079 875 tempore
3117 805 3183 858 ad
3221 805 3490 858 humanas

1916 917 2042 969 spes
2076 899 2300 952 minime
2327 896 2736 968 confugiamus,
2768 897 3009 967 hincque
3044 897 3210 950 nobis
3241 896 3488 950 subsidia

1912 1006 2194 1056 venemur,
2225 990 2319 1045 sed
2352 1006 2478 1044 cum
2516 990 2769 1060 lacrymis
2793 1000 2846 1044 et
2867 990 3180 1060 gemitibus,
3215 1004 3279 1042 ac
3301 988 3490 1042 sedula

1914 1083 2187 1148 oratione,
2247 1083 2592 1150 intentisque
2646 1081 2851 1150 vigiliis
2902 1089 3029 1135 vota
3074 1080 3360 1135 faciamus.
3397 1080 3488 1133 Sic

1913 1175 2060 1228 enim
2091 1174 2357 1226 auxilium
2385 1172 2453 1226 de
2484 1172 2844 1226 tribulatione
2867 1172 3092 1240 accipit,
3111 1185 3271 1241 opem
3294 1172 3488 1223 huma-

1915 1282 2063 1329 nam,
2098 1267 2176 1319 uti
2215 1279 2430 1320 cassam
2465 1272 2814 1333 aspernatur.

1989 1356 2050 1410 S.
2083 1355 2360 1427 Chrysost.
2388 1383 2459 1395 ——
2486 1353 2628 1409 Fieri
2667 1370 2774 1409 non
2808 1362 2992 1425 potest
3023 1363 3084 1407 ut
3108 1353 3358 1422 Optatois
3388 1369 3485 1407 ex-

1915 1448 2062 1502 cidat
2091 1447 2218 1513 fine,
2254 1447 2349 1518 qui
2382 1455 2494 1501 tota
2536 1457 2716 1500 mente
2747 1448 2800 1500 in
2828 1445 2935 1500 Deo
2955 1455 3161 1516 sperat.
3187 1453 3240 1498 et
3273 1460 3334 1499 ea
3366 1459 3486 1513 qua!

1915 1555 2140 1592 suorum
2179 1549 2309 1594 sunt
2341 1541 2578 1608 partium
2601 1539 2764 1592 obeat
2811 1537 2948 1592 Fieri
2976 1555 3083 1592 non
3109 1545 3286 1606 potest
3310 1537 3482 1605 utqui

1915 1632 2154 1688 studium
2186 1641 2240 1686 et
2266 1631 2611 1701 diligentiam
2635 1630 2948 1684 adhibendo
2974 1630 3170 1684 salutis
3198 1646 3311 1684 sua:
3333 1630 3486 1684 solli-

1915 1725 2062 1777 citus
2084 1733 2188 1787 est,
2226 1738 2289 1776 ac
2325 1722 2506 1775 omnia
2541 1727 2765 1791 praestat
2800 1737 2921 1790 qua:
2945 1720 3190 1774 muneris
3223 1720 3306 1773 sui
3333 1727 3486 1778 sunt,

1917 1831 1945 1869 a
1982 1816 2086 1871 Deo
2118 1830 2358 1885 unquam
2393 1813 2706 1869 deseratur.
2734 1811 2834 1868 Ubi
2869 1811 3093 1867 humani
3124 1809 3325 1866 auxilii
3358 1827 3487 1880 spes

1917 1907 2067 1960 nulla
2117 1919 2185 1959 ex
2219 1916 2373 1974 parte
2405 1903 2569 1957 nobis
2625 1901 2870 1973 affulget,
2901 1917 2968 1957 ne
3006 1911 3291 1971 propterea
3334 1915 3484 1969 spem

1916 1999 2265 2068 abjiciamus,
2329 1995 2642 2064 animisque
2677 1993 2996 2064 fraugamur
3033 2004 3086 2046 et
3111 1991 3487 2054 deliilitemur,

1915 2104 2102 2143 verum
2162 2089 2283 2144 fidei
2335 2087 2640 2141 anchoram
2694 2085 3054 2156 arripiamus.
3123 2083 3486 2154 Projiciamus

1917 2184 2342 2238 instrumentum
2376 2181 2514 2251 spei,
2551 2197 2660 2236 non
2706 2181 2760 2236 in
2812 2195 2984 2245 mare,
3019 2180 3114 2234 sed
3157 2180 3211 2232 in
3249 2181 3480 2241 cceliun;

1915 2291 1979 2330 ac
2041 2278 2243 2345 scapha
2275 2283 2488 2337 nostra,
2542 2289 2667 2344 qua:
2705 2279 3033 2343 tempestate
3055 2271 3316 2341 jactatur,
3340 2287 3369 2323 ο
3395 2286 3485 2340 [ιον

1915 2368 2102 2422 riculis
2129 2375 2398 2437 emerget.

1988 2460 2266 2529 Ejusdem.
2290 2490 2360 2498 —
2385 2457 2564 2513 Nolite
2583 2458 2844 2527 conﬁdere
2888 2457 2940 2510 in
2957 2456 3311 2526 principibusf
3333 2455 3481 2510 Psal.

1912 2571 2070 2615 θην,
2100 2554 2135 2605 ‘2
2156 2556 2202 2622 );
2236 2551 2402 2606 nolite
2459 2552 2528 2606 ob
2558 2551 2796 2606 incertas
2857 2566 2989 2622 opes
3019 2549 3219 2604 animis
3256 2549 3436 2603 extolli
3464 2568 3478 2611 ;

1913 2647 1982 2700 ob
2008 2646 2152 2700 vires
2191 2644 2445 2713 corporis
2503 2643 2670 2697 nolite
2699 2643 2989 2713 magnifice
3011 2642 3081 2698 de
3103 2643 3260 2698 vobis
3292 2644 3484 2697 existi-

1913 2753 2104 2802 mare;
2160 2737 2413 2790 humana:
2457 2735 2643 2806 gloriae
2692 2734 3036 2805 splendorem
3073 2735 3240 2789 nolite
3289 2750 3484 2788 conse-

1910 2831 2073 2884 ctari.
2117 2827 2262 2881 Nihil
2324 2828 2518 2880 borum
2561 2827 2796 2881 salutem
2829 2825 3012 2881 affert.
3045 2824 3242 2880 Omnia
3271 2826 3479 2880 caduca

1911 2929 2074 2985 sunt,
2110 2919 2322 2973 fallacia
2355 2919 2559 2974 omnia.
2593 2917 2827 2973 Unicum
2861 2917 3170 2988 perfugium
3207 2916 3348 2973 Deus
3372 2928 3478 2974 est.

1914 3013 2236 3068 Maledictus
2265 3013 2426 3067 hamo
2458 3013 2552 3082 qui
2575 3029 2726 3083 spem
2756 3013 2808 3066 in
2842 3013 3067 3066 homine
3102 3013 3262 3066 fixam
3290 3013 3474 3068 habet.

1974 3105 2246 3175 Ejusdem.
2269 3136 2338 3144 —-
2368 3107 2503 3160 Cum
2535 3106 2590 3159 in
2623 3105 3036 3160 calamitatibus
3070 3121 3375 3167 versamur,
3409 3106 3478 3160 ail

232 3196 524 3264 τρέχομεν,
553 3195 586 3266 ἦ
613 3196 707 3248 τὸν
740 3196 895 3250 Θεόν.
923 3197 1090 3251 Νοσεῖ
1122 3198 1182 3251 τὸ
1214 3200 1461 3266 παιδίον;
1487 3201 1583 3255 xa‘t
1623 3203 1686 3256 σὺ
1718 3203 1809 3258 τὸν

1911 3200 2134 3269 quidvis
2208 3200 2392 3266 potius
2425 3214 2588 3269 quam
2616 3197 2684 3252 ad
2742 3197 2910 3253 Deum
2962 3200 3264 3256 currimus.
3307 3199 3474 3271 .Eger

231 3287 480 3356 ὲπαῳδὸν
520 3292 894 3357 περισκοπεῖς,
943 3289 976 3358 ἦ
1015 3290 1107 3344 τὸν
1155 3291 1284 3354 τοὺς
1341 3295 1668 3363 περιεργοῦς
1713 3314 1813 3366 χας

236 3379 514 3446 ρακτῆρας
538 3381 646 3440 τοῖς
674 3379 965 3449 τραχήλοις
982 3383 1088 3434 τῶν
1111 3382 1369 3438 ἀναιτίων
1399 3386 1626 3439 παιδίων
1652 3404 1811 3458 περι-

230 3467 453 3521 τιθέντα
486 3509 500 3530 ,
539 3468 570 3537 ἢ
614 3470 675 3522 τὸ
715 3471 1020 3526 τελευταῖον
1069 3475 1162 3526 ἐπὶ
1199 3477 1289 3527 τὸν
1344 3475 1529 3546 ἰατρὸν
1556 3476 1710 3550 ἔρχῃ,
1741 3478 1811 3532 τὰ

231 3559 504 3628 φάρμακα
539 3560 634 3613 τοῦ
679 3561 982 3632 δυναμένου
1023 3563 1217 3629 σώζειν
1249 3568 1656 3637 καταμελήσας.
1691 3571 1810 3623 Κᾶν

229 3651 484 3704 ἐνύπνιόν
539 3668 597 3704 σε
641 3651 946 3726 ὲκταράξῃ,
981 3655 1119 3727 πρὸς
1149 3657 1238 3710 τὸν
1267 3659 1642 3729 ὀνειροκρίτην
1681 3663 1806 3732 τρέ-

231 3759 370 3810 χεις.
399 3741 516 3796 Κᾶν
545 3744 789 3815 φοϐηθῇς
819 3745 1032 3818 ἐχθρὸν,
1085 3750 1396 3819 προστάτην
1429 3750 1521 3803 ἕνα
1569 3752 1673 3804 τῶν
1719 3753 1810 3804 ἀνο

231 3833 468 3904 θρώπων
521 3841 828 3906 περινοεῖς·
882 3840 976 3892 καὶ
1029 3839 1166 3904 ὅλως
1219 3843 1302 3910 ἐφ’
1355 3844 1589 3912 ἑκάστης
1619 3843 1809 3912 χρείας

230 3926 461 3996 ἐλέγχῃ,
500 3926 705 3996 ῥήματι
744 3927 846 3995 μὲν
878 3929 1162 3998 ὀνομάζων
1192 3931 1282 3983 τὸν
1309 3931 1442 3984 Θεὸν
1465 3934 1808 4004 καταφυγὴν,

232 4017 382 4085 ἔργῳ
408 4016 583 4086 δὲτὴν
607 4019 671 4069 ἐκ
696 4017 804 4070 τῶν
833 4019 1124 4088 ἀνωφελῶν
1153 4023 1246 4074 καὶ
1278 4023 1521 4093 ματαίων
1557 4024 1811 4094 βοήθειαν

232 4106 643 4177 ἐπισπώμενος.
681 4111 836 4162 Ἐστι
877 4111 934 4164 δὲ
966 4111 1046 4182 τῷ
1077 4112 1268 4184 δικαίῳ
1318 4115 1545 4186 ἀληθινὴ
1587 4116 1807 4188 βοήθεια

229 4201 257 4252 6
304 4200 462 4262 θεὸς,
511 4200 700 4270 ὥσπερ
750 4219 837 4264 τις
884 4205 1193 4274 στρατηγὸς
1238 4206 1516 4261 ὁπλιτικὸν
1563 4211 1806 4276 γενναῖον

231 4291 622 4362 ἐξηρτημένος,
643 4294 858 4364 ἕτοιμος
888 4296 975 4348 ἀεὶ
1005 4297 1220 4368 βοηθεῖν
1244 4299 1323 4370 τῷ
1347 4303 1808 4372 καταπονουμένῳ

234 4386 416 4454 μέρει,
437 4384 611 4449 οὕτως
629 4388 658 4439 6
681 4386 813 4451 Θεὸς
841 4389 1034 4458 βοηθὸς
1057 4390 1216 4461 ἡμῶν
1258 4395 1425 4446 ἐστιν.

1914 3294 2212 3349 cstfilius?
2263 3295 2662 3349 incantatorem
2723 3289 3176 3357 circumlustras,
3230 3301 3326 3347 aut
3353 3310 3478 3348 cum

1914 3387 2006 3456 qni
2042 3403 2213 3440 vanos
2248 3389 2513 3456 quosdam
2545 3387 2900 3440 characteres
2933 3386 3308 3440 innocentium
3344 3401 3477 3455 pue-

1913 3495 2101 3533 rorum
2153 3479 2312 3533 collis
2365 3479 2629 3548 imponat,
2680 3486 2774 3532 aut
2798 3479 2990 3533 saltem
3019 3478 3088 3531 ad
3120 3477 3392 3533 medicum
3427 3487 3481 3530 et

1913 3573 2199 3640 pliarmaca
2228 3587 2487 3642 properas
2520 3591 2532 3624 :
2570 3571 2816 3641 neglecto
2848 3571 3064 3626 interim
3119 3586 3186 3624 eo
3209 3572 3301 3641 qui
3335 3571 3482 3625 salu-

1912 3669 1980 3717 tis
2013 3664 2328 3718 asserenda:
2359 3671 2682 3732 potestatem
2726 3662 2915 3716 habet.
2949 3661 3005 3716 Si
3064 3663 3399 3718 insomnium
3431 3676 3483 3718 te

1907 3755 2182 3825 quoddam
2208 3755 2584 3819 conturbavit,
2642 3753 2708 3807 ad
2745 3755 3089 3808 somniorum
3127 3755 3483 3824 interpretem

1910 3853 1962 3899 te
1994 3844 2235 3899 confers.
2271 3842 2326 3897 Si
2361 3843 2572 3897 hostem
2628 3842 2997 3914 pertimescis,
3033 3844 3274 3899 hominis
3309 3845 3484 3899 alicu-

1907 3937 1998 4005 jus
2028 3935 2403 4004 patrocinium
2433 3935 2664 4004 cogitas.
2697 3934 2896 4004 Atque,
2931 3944 2990 3988 ιιι
3022 3937 3212 4004 paucis
3243 3938 3484 4006 complc-

1912 4039 2052 4088 ctar,
2110 4027 2163 4082 iu
2229 4023 2474 4096 qualibet
2525 4027 2857 4082 necessitate
2900 4028 3267 4097 compereris,
3318 4031 3486 4082 verbo

1912 4120 2134 4190 quidem
2172 4118 2338 4173 Deum
2363 4119 2671 4189 perfugium
2697 4127 2849 4173 tuum
2873 4120 3174 4189 appellare,
3213 4136 3273 4176 re
3300 4127 3483 4175 autem

1915 4212 2027 4280 ipsa
2060 4226 2320 4264 vanarum
2352 4219 2406 4265 et
2437 4210 2718 4264 inutilium
2752 4227 2934 4267 rerum
2969 4212 3068 4265 tibi
3099 4212 3364 4265 auxilium
3393 4227 3485 4266 ac-

1913 4321 2146 4362 cersere.
2185 4306 2251 4359 At
2306 4321 2436 4360 vero
2481 4304 2631 4376 Iusto
2689 4307 2898 4361 homini
2935 4308 3231 4361 .auxilium
3286 4323 3482 4361 verum

1918 4395 2058 4451 Deus
2092 4407 2197 4452 est.
2237 4397 2398 4451 Velut
2429 4400 2593 4453 enim.
2615 4399 2916 4469 imperator
2949 4401 3225 4454 exercitus
3245 4398 3481 4469 egregiis

234 4478 406 4533 armis
463 4480 787 4546 instructus,
840 4497 1056 4554 semper
1085 4494 1283 4554 praesto
1321 4493 1406 4540 est
1457 4486 1719 4541 auxilium
1753 4486 1897 4543 ferre
1944 4505 2281 4558 suppresso,
2346 4489 2426 4543 sic
2488 4504 2708 4558 quoque
2760 4489 2900 4544 Deus
2957 4490 3114 4544 nobis
3167 4490 3482 4560 adjumento

231 4583 338 4626 cst.

307 4665 524 4729 Νοπεῖςς
549 4667 912 4737 εῦθὺμει.⁹“ον
933 4671 1256 4740 γὰρ’ἀγαπᾷ
1276 4675 1506 4740 Κύριος,
1523 4674 1806 4728 παιδεύει.
1843 4680 1886 4733 D

232 4757 576 4826 Πτωχεύεις;
617 4761 934 4828 εὐφραίνου,
986 4762 1068 4814 ὃτι
1123 4763 1376 4832 Λαζάρου
1417 4781 1475 4816 σε
1512 4767 1581 4818 τὰ
1625 4765 1805 4833 ἀγαθά

229 4849 548 4910 διαδέξεται.
590 4851 856 4922 Ἀτιμάζῃ
899 4852 990 4905 διά
1023 4854 1083 4906 τὸ
1113 4855 1285 4924 ὄνομα
1321 4856 1557 4926 Χριστοῦ
1587 4873 1600 4921 ;
1632 4859 1807 4928 μακά-

233 4958 348 5010 ριος
382 4939 448 5004 εἷ,
479 4943 558 4994 ὅτι
587 4960 668 4994 σοι
698 4944 729 5013 ἡ
765 4944 993 5014 αἰσχύνη
1047 4948 1127 5010 εἰς
1176 4949 1332 5011 δόξαν
1379 4949 1612 5016 ἀγγέλου
1647 4968 1806 5020 μετα-

232 5031 583 5102 ϐληθήσεται.

305 5220 444 5280 Κᾶν,
490 5221 566 5285 ῶς
596 5225 726 5292 φὴς,
751 5225 1070 5295 τελευτῆσαι
1097 5223 1249 5290 οὗτος
1285 5230 1314 5281 6
1357 5228 1599 5299 πάτρων,
1647 5231 1804 5282 πάλιν

231 5312 420 5380 ἕτερον
450 5313 710 5383 πάτρωνά
730 5333 813 5369 σοι
837 5319 1182 5390 ἀγαθώτερον
1208 5321 1420 5385 τούτου,
1452 5321 1546 5373 καὶ
1573 5321 1804 5389 μεγαλο-

230 5402 529 5473 ψυχότερον
560 5408 588 5459 6
613 5407 816 5477 Κύριος
856 5410 1104 5479 παρέξει,
1153 5411 1248 5465 ἐὰν
1287 5413 1385 5482 τὴν
1440 5415 1621 5465 πίστιν
1666 5415 1802 5484 πρὸς

232 5493 397 5545 αὑτὸν
429 5493 576 5566 ἔχῃς.

317 5585 374 5636 Ὀ
415 5586 501 5638 ἐπ’
530 5587 815 5642 ἄνθρωπον
842 5591 1095 5655 ἐλπίζων,
1119 5595 1150 5664 ἢ
1178 5596 1248 5645 επ
1290 5595 1415 5646 ἄλλο
1439 5613 1490 5646 τι
1521 5594 1629 5646 τῶν
1659 5597 1798 5648 κατά

237 5677 348 5744 βίον
401 5684 876 5750 μετεωριζόμενος,
943 5681 1052 5736 οἷον
1103 5687 1197 5737 ἐπὶ
1239 5686 1554 5739 δυναστείαν
1597 5686 1797 5757 ἢχρή-

238 5788 404 5837 ματα,
457 5774 488 5823 ᾖ
540 5791 591 5825 τι
649 5777 757 5827 τῶν
808 5778 956 5833 παρᾶ
1021 5779 1228 5844 πολλοῖς
1260 5779 1630 5849 νομιζομένων
1662 5786 1798 5832 εἶναι

237 5866 525 5934 λαμπρῶν.
581 5869 639 5918 οῦ
701 5869 922 5924 δύναται
966 5875 1164 5924 εἰπεῖν’
1238 5874 1365 5926 Ἐπὶ
1433 5874 1538 5928 (νέ.
1601 5874 1793 5940 Κύριε,

1984 4675 2040 4727 S.
2095 4676 2307 4729 Basilii.
2331 4707 2399 4716 -——
2430 4675 2620 4728 Morbo
2676 4675 2931 4729 laboras?
2975 4690 3136 4743 aequo
3165 4675 3352 4728 animo
3381 4677 3478 4729 sis.

1913 4767 2078 4832 Quem
2101 4768 2239 4820 enim
2274 4766 2414 4818 Deus
2446 4766 2640 4835 diligit,
2675 4767 2811 4819 hunc
2858 4767 3110 4835 castigat.
3147 4765 3345 4830 (Hebr.
3383 4783 3478 4828 xu.

1909 4859 1940 4911 6
1970 4859 2010 4922 ).
2044 4859 2300 4929 Egestatc
2331 4860 2637 4928 premeris?
2661 4857 2862 4928 gaude,
2885 4859 3013 4927 quia
3045 4869 3096 4912 te
3118 4855 3310 4911 Lazari
3338 4858 3483 4912 bona

1909 4959 2208 5019 exceptura
2240 4963 2390 5005 sunt.
2429 4949 2732 5020 Ignominia
2769 4950 2840 5003 ob
2869 4950 3076 5004 Christi
3105 4965 3301 5004 nomen
3359 4950 3479 5004 affi-

1911 5043 2092 5096 ceris?
2115 5043 2307 5096 beatus
2338 5056 2399 5098 es
2431 5059 2443 5094 :
2477 5043 2610 5110 quia
2643 5041 2943 5112 ignominia
2974 5050 3066 5095 tua
3094 5043 3147 5096 in
3175 5043 3478 5112 angelicam

1911 5134 2136 5203 gloriam
2164 5142 2533 5188 convertctur.

1981 5221 2036 5273 S.
2083 5218 2221 5273 Nili.
2244 5250 2310 5262 -—
2342 5220 2628 5287 Quamvis,
2672 5233 2731 5276 ut
2783 5223 2889 5286 ais,
2925 5233 3186 5292 patronus
3215 5225 3318 5279 iste
3347 5232 3474 5280 tuus

1906 5323 2081 5367 morte
2141 5315 2304 5367 vitam
2358 5315 2730 5377 commutat-it,
2788 5331 2981 5370 rursus
3025 5323 3210 5370 tamen
3242 5319 3475 5370 alterum

1909 5406 2004 5459 tibi
2037 5415 2329 5474 patronum
2387 5407 2479 5461 illo
2519 5408 2805 5462 meliorem
2837 5409 3479 5479 magnificentioremque

1904 5497 2171 5552 Dominus
2197 5498 2479 5564 praebebit,
2507 5500 2552 5554 si
2581 5499 2739 5553 fidem
2773 5499 2826 5552 in
2856 5500 3038 5570 ipsum
3074 5500 3302 5556 habeas.

1971 5590 2127 5662 461
2159 5591 2412 5646 S.Basil.
2452 5591 2507 5644 in
2564 5591 2718 5646 Psal.
2778 5608 2873 5646 vu.
2919 5621 2986 5634 --
3021 5591 3125 5658 Qui
3160 5593 3214 5647 in
3255 5592 3475 5649 homine

1903 5700 2054 5754 spem
2094 5686 2327 5739 collocat
2368 5699 2547 5749 suam,
2576 5685 2661 5739 vel
2687 5684 2758 5739 ob
2795 5686 2959 5739 ullam
2999 5701 3114 5741 rem
3169 5687 3330 5740 aliam
3371 5688 3472 5740 hu-

1899 5780 2055 5848 jusce
2092 5779 2219 5832 vita:
2247 5778 2497 5842 cncrtur,
2531 5787 2656 5847 puta
2707 5778 2776 5832 ob
2821 5779 3142 5849 potentiam,
3192 5788 3285 5833 aut
3313 5794 3468 5849 opes.

1905 5884 1994 5926 aut
2031 5873 2324 5942 quidquam
2341 5887 2527 5929 corutn
2559 5889 2676 5943 quae
2729 5873 2890 5941 vulgo
2936 5873 3199 5942 praeclara
3236 5888 3469 5930 censen-
