4206 6442
219 415 342 482 1433

1454 417 1690 479 SACRA
1730 417 1875 476 PAR
1885 416 2191 478 ALLELA.

3286 406 3425 473 1434

277 550 292 580 ι
328 529 649 602 Εὐφράνθην
681 530 774 583 ἐπὶ
800 533 914 594 τοῖς
932 531 1179 604 είρηκύσι
1220 549 1332 603 μοι,
1361 533 1452 596 Et;
1473 526 1620 586 οἷκον
1646 532 1761 584 Κυ-

1936 528 2087 584 Psal.
2125 545 2271 593 cm,
2323 534 2377 586 l.
2446 561 2514 573 —
2571 551 2590 585 ι
2631 531 2871 587 Lanatus
2928 542 3049 582 sum
3105 526 3159 580 in
3192 526 3260 583 iis
3303 542 3424 597 quae

215 622 318 691 ρίου
347 622 740 691 πορευσόμεθα.
778 643 797 675 ι

276 731 293 764 ι
328 712 523 782 Κύριος
542 714 600 765 έν
614 713 725 783 ναῷ
752 714 891 784 ἁγίῳ
914 714 1100 778 αὐτοῦ,
1124 712 1453 768 εὐλαϐείσθω
1471 713 1580 767 ἀπὸ
1594 730 1761 783 προσ-

211 803 344 857 ώπου
374 804 536 858 αὐτοῦ
555 807 703 858 πᾶσα
732 808 764 878 η
790 807 878 877 γῆ.
909 826 928 858 ι

277 913 295 946 ι
356 896 585 966 Μεγάλη
652 898 804 951 ἔσται
858 901 893 969 ή
956 898 1083 963 δόξα
1129 898 1319 953 τούτου
1369 896 1463 951 τοῦ
1522 898 1673 952 οῐκου
1725 897 1759 966 ή

208 985 400 1056 ἐσχάτη
459 987 597 1057 ὑπὲρ
650 987 751 1057 τὴν
783 987 1025 1060 πρώτην,
1078 988 1229 1057 λέγει
1273 987 1533 1059 Κύριοςό
1561 1003 1761 1043 παντο·

208 1093 439 1147 κρατωρ.
472 1097 491 1129 ι

278 1187 297 1219 ι
326 1168 483 1222 Δεῦττ
513 1211 528 1232 ,
592 1172 882 1243 ἀναδῶμεν
945 1175 1026 1238 είς
1091 1173 1154 1226 τὸ
1202 1174 1327 1243 ὅρος
1377 1159 1617 1243 Κυρίου,
1663 1172 1762 1224 καὶ

206 1263 282 1326 είς
310 1264 397 1318 τὸν
428 1262 578 1318 οἶκον
637 1265 731 1318 τοῦ
768 1265 903 1320 Θεοῦ
956 1267 1170 1321 Ἰακώϐ.
1213 1268 1461 1336 Ἀγγελεῖ
1496 1270 1626 1339 ἡμῖν
1660 1269 1761 1338 τὴν

204 1356 316 1409 ὁδὸν
335 1358 519 1411 αὐτοῦ.
550 1378 569 1412 ι

275 1470 295 1503 ι
342 1453 400 1505 '0
424 1448 573 1517 οἶκός
607 1472 708 1524 μου
747 1450 897 1518 οἶκος
931 1454 1239 1524 προσευχῆς
1264 1453 1599 1524 κληθήσεται
1629 1456 1760 1508 πᾶσι

202 1544 309 1605 τοῖς
335 1542 565 1598 ἔθνεσιν.
602 1564 620 1596 ι
1006 1543 1017 1555 ’

272 1651 291 1684 ι
341 1634 428 1696 Ὠς
489 1636 664 1705 μέγας
696 1638 724 1689 ὀ
754 1631 902 1700 οἶκος
934 1636 1027 1689 τοῦ
1082 1636 1242 1703 Θεοῦ,
1299 1638 1393 1691 καὶ
1438 1638 1685 1708 εὐμήκης
1730 1639 1760 1692 ὁ

197 1729 359 1789 τόπος
395 1728 495 1797 τῆς
531 1728 761 1797 κτίσεως
789 1730 984 1782 αὐτοῦι
1036 1730 1247 1798 Μέγας,
1275 1730 1369 1783 καὶ
1403 1731 1505 1782 οὐκ
1526 1731 1639 1800 ἔχει
1669 1748 1757 1783 τε-

196 1818 390 1887 λευτήν
408 1836 420 1848 ·
452 1820 654 1889 ὑψηλὸς
679 1822 772 1873 καὶ
791 1822 1118 1892 ἀμέτρητος.
1157 1841 1174 1872 ι

270 1930 289 1963 ‹
329 1913 399 1964 Συ
432 1907 483 1965 εἷ
506 1912 734 1985 Πέτρος,
785 1914 879 1966 καὶ
910 1914 1003 1966 ἐπὶ
1034 1914 1209 1986 ταύτῃ
1237 1917 1302 1986 τῇ
1347 1914 1524 1985 πέτρᾳ
1553 1914 1758 1967 οἰκοδο-

197 2004 357 2075 μήσω
389 2021 491 2074 μου
524 2003 623 2076 τὴν
659 2005 1009 2076 Ἐκκλησίαν,
1064 2005 1156 2058 καὶ
1184 2005 1346 2059 πύλαι
1376 2006 1503 2077 ᾇδου
1542 2006 1604 2059 οὐ
1632 2023 1761 2059 κατ-

194 2097 510 2168 ισχύσουσιν
535 2097 730 2167 αὐτῆς.

317 2190 582 2261 Είσηλθεν
636 2192 665 2244 ὁ
727 2190 937 2262 Ἰησοῦς
986 2194 1067 2255 εἰς
1118 2189 1179 2244 τὸ
1209 2190 1374 2261 ἱερὸν,
1411 2190 1507 2243 καὶ
1534 2188 1758 2253 ἐξέϐαλε

188 2282 398 2344 πάντας
415 2284 540 2345 τοὺς
558 2282 873 2347 πωλοῦντας
890 2284 982 2337 καὶ
1010 2284 1379 2354 ἀγοράζοντας
1417 2285 1476 2336 ὲν
1498 2282 1578 2353 τῷ
1608 2281 1757 2354 ἱερῷ,

183 2378 283 2430 καὶ
316 2376 418 2440 τὰς
439 2376 718 2447 τραπέζας
748 2376 858 2430 τῶν
908 2377 1274 2430 κολλυὸιστῶν
1312 2376 1629 2449 ἀνέτρεψεν,
1663 2376 1761 2429 καὶ

184 2472 283 2535 τὰς
306 2472 585 2542 καθέδρας
616 2471 726 2524 τῶν
756 2471 1064 2524 πολούντων
1117 2471 1217 2533 τὰς
1263 2472 1615 2541 περιστεράς.
1652 2470 1760 2522 Καὶ

179 2566 332 2634 λέγει
363 2566 546 2628 αὐτοῖς
566 2585 582 2598 ·
608 2565 947 2633 Γέγραπται,
1005 2564 1063 2617 '0
1091 2559 1238 2626 οἶκός
1275 2582 1377 2635 μου
1417 2560 1567 2629 οἶκος
1593 2581 1762 2635 προσ-

180 2658 354 2728 ευχῆς
414 2656 778 2727 κληθήσεταιο
837 2657 995 2727 ὑμεῖς
1056 2657 1112 2709 δὲ
1157 2658 1451 2728 ἐποιήσατε
1494 2657 1761 2728 σπήλαιον

176 2756 421 2828 λῃστῶν.
458 2775 479 2809 ι

255 2866 278 2902 ι
309 2851 405 2918 Μὴ
446 2849 625 2913 οἰκίας
662 2849 762 2902 οὐκ
808 2848 964 2919 ἔχετε
995 2850 1074 2911 είς
1098 2850 1157 2902 τὸ
1204 2848 1406 2901 ἐσθίειν
1434 2850 1528 2902 καὶ
1552 2848 1759 2914 πίνειν;

173 2943 209 3014 ἢ
238 2943 342 3012 τῆς
392 2942 716 3011 Ἐκκλησίας
728 2940 823 2994 τοῦ
838 2940 973 2995 Θεοῦ
992 2941 1420 3011 καταφρονεῖτεξ
1459 2940 1763 2995 Ἐπαινέσω

175 3037 367 3105 ὑμᾶς
404 3037 465 3089 ὲν
490 3035 701 3099 τούτοις
722 3036 823 3089 οὐκ
842 3036 1070 3090 ἐπαινῶ.
1112 3055 1131 3088 ι

250 3130 558 3193 Εὐσεῦείας
611 3132 857 3200 σημεῖον,
896 3131 958 3184 τὸ
1007 3130 1207 3200 συνεχῆ
1244 3132 1466 3203 μνήμην
1491 3130 1762 3184 ποιεῖσθαι

1862 625 2122 679 dixerunt
2147 625 2279 678 mihi
2309 642 2320 677 ε
2369 624 2421 677 In
2454 624 2681 678 domum
2704 622 2919 677 Domini
2957 621 3179 674 ibimus.
3208 638 3226 672 ι

1934 721 2139 773 Habac.
2167 734 2224 780 ιι,
2256 717 2339 771 10.
2380 748 2449 759 --
2476 736 2493 768 ι
2530 716 2800 772 Dominus
2860 717 2915 769 in
2973 714 3175 783 templo
3234 722 3431 769 sancto

1862 828 1984 875 suo,
2017 814 2206 866 timeat
2234 828 2262 865 a
2297 811 2437 865 facie
2469 810 2589 880 ejus
2627 809 2807 865 omnis
2842 817 3009 864 terra.
3050 826 3070 860 ι

1938 903 2098 974 462
2127 902 2254 972 Agg.
2313 917 2374 963 ιι,
2401 902 2455 955 9.
2480 930 2547 940 —-
2580 919 2597 951 ι
2634 900 2822 971 Magna
2874 908 2960 954 est
3011 899 3182 968 gloria
3232 899 3431 955 domus

1862 996 2023 1050 istius
2041 996 2345 1051 novissima
2381 1008 2546 1064 super
2576 996 2831 1064 primum,
2869 991 3006 1046 dicit
3029 990 3292 1048 Dominus
3312 1007 3430 1047 om-
3472 990 3479 996 ’

1860 1089 2139 1157 nipotens.
2183 1105 2201 1138 ι
2875 1097 2881 1103 ·

1935 1179 2069 1233 ιιαὲ.
2102 1165 2236 1245 ιιξὲ.
2260 1210 2327 1219 --
2353 1196 2371 1228 ι
2413 1176 2607 1233 Venite
2678 1178 3043 1233 ascendamus
3098 1178 3151 1231 in
3186 1184 3427 1232 montem

1861 1273 2099 1336 Domini,
2132 1284 2187 1328 et
2208 1273 2273 1328 ad
2306 1273 2529 1327 domum
2587 1270 2679 1326 Dei
2719 1270 2911 1327 Jacob.
2948 1271 3215 1326 lndicabit
3272 1271 3429 1325 nobis

1858 1366 2004 1421 viam
2035 1380 2210 1420 suam.
2248 1384 2266 1416 ι

1932 1458 2129 1514 Jerem.
2161 1476 2256 1524 vn,
2291 1459 2377 1513 Η.
2404 1488 2473 1500 --
2510 1476 2528 1509 ι
2561 1445 2771 1513 Domus
2811 1473 2955 1515 mea.
3001 1457 3199 1513 domus
3223 1458 3431 1511 oratio-

1866 1551 1954 1606 nis
1979 1550 2268 1604 vocabitur
2301 1535 2522 1603 cunctis
2545 1549 2824 1619 gentibus.
2858 1567 2877 1601 ι
2972 1548 2981 1559 ⁸
3424 1608 3429 1609 ί

1933 1642 2143 1697 Baruch
2177 1644 2254 1697 m‘
2323 1643 2396 1697 24
2557 1660 2576 1693 ι
2617 1641 2793 1708 Quam
2851 1656 3053 1713 magna
3110 1653 3196 1697 est
3234 1642 3432 1697 domus

1865 1738 1982 1801 Dei,
2006 1744 2062 1792 et
2097 1738 2293 1807 ingens
2352 1736 2508 1790 locus
2574 1736 2947 1806 possessionis
2977 1734 3135 1806 ejusl
3180 1735 3431 1806 Magnus.

1859 1840 1915 1885 et
1940 1844 2053 1885 non
2081 1830 2249 1885 habet
2278 1829 2462 1897 finem,
2504 1830 2764 1885 excelsus
2792 1838 2847 1885 et
2880 1830 3203 1886 immensus.

1930 1921 2124 1977 Matth.
2171 1938 2288 1986 xvr,
2330 1922 2418 1976 l7.
2464 1951 2531 1961 —
2587 1941 2606 1974 ι
2648 1921 2728 1976 Τιι
2771 1937 2831 1977 es
2885 1922 3106 1989 Petrus,
3161 1932 3215 1979 et
3265 1938 3434 1993 super

1863 2016 2005 2070 hanc
2036 2023 2251 2085 petram
2285 2014 2571 2070 aediﬁcabo
2608 2013 2910 2069 Ecclesiam
2939 2029 3149 2080 meam;
3182 2008 3241 2069 et
3264 2025 3434 2086 portae

1862 2108 2020 2162 inferi
2060 2122 2168 2161 non
2209 2107 2585 2177 praavalebunt
2617 2107 2888 2161 adversus
2913 2121 3056 2161 eam.
3103 2126 3121 2158 ι

1932 2202 2103 2257 Matth
2144 2219 2259 2269 xu,
2303 2202 2564 2257 15.14.—
2590 2221 2607 2252 ι
2638 2200 2922 2271 Ingressus
2946 2200 3207 2257 estJesus
3244 2213 3433 2256 ntem-

1862 2299 2034 2367 plum,
2064 2302 2120 2349 et
2152 2294 2313 2364 ejecit
2342 2309 2537 2349 omnes
2559 2292 2858 2348 vendentes
2872 2302 2923 2348 et
2944 2302 3190 2349 ementes
3221 2296 3274 2348 in
3296 2303 3434 2349 tem-

1862 2390 1953 2458 plo
1982 2404 1995 2439 :
2025 2394 2081 2441 et
2118 2400 2337 2441 mensas
2377 2384 2876 2439 nummulariorum
2906 2385 3122 2449 evertit,
3162 2394 3216 2438 et
3245 2384 3435 2440 cathe-

1861 2482 1988 2537 dras
2017 2479 2373 2537 vendentium
2405 2478 2712 2534 columbas.
2742 2476 2964 2532 Etdixit
2996 2477 3078 2533 eis
3106 2496 3119 2533 :
3154 2476 3431 2552 Scriptum

1860 2579 1947 2627 est
1976 2591 1990 2627 :
2028 2570 2232 2626 Domus
2254 2585 2397 2634 mea,
2433 2569 2633 2624 domus
2670 2570 2939 2623 orationis
2985 2568 3289 2623 vocabitur.
3324 2566 3435 2625 Vos

1860 2673 2041 2721 autem
2070 2664 2281 2721 fecistis
2304 2679 2427 2719 eam
2457 2663 2778 2734 speluncam
2801 2661 3095 2716 latronum.
3131 2681 3150 2714 ι

1933 2756 1962 2811 1
1994 2756 2116 2812 Cor.
2152 2773 2212 2821 ιι,
2238 2756 2329 2810 22.
2355 2788 2423 2800 -—
2463 2774 2484 2807 ι
2518 2753 2780 2826 Nunquid
2839 2754 3032 2809 domos
3074 2768 3185 2808 non
3220 2753 3436 2809 habetis

1863 2851 1930 2905 ad
1977 2850 2421 2905 manducandum
2472 2847 2888 2905 et.bibendum
2920 2848 2943 2901 ?
2981 2855 3077 2899 aut
3126 2845 3435 2902 Ecclesiam

1863 2944 1957 3003 Dei
1982 2944 2379 3000 contemnitis?
2404 2940 2663 2997 Laudabo
2687 2940 2822 2997 vos?
2847 2942 2901 2994 in
2936 2940 3041 2995 hoc
3074 2956 3184 2995 non
3212 2940 3431 2996 laudo.)

1936 3129 1993 3183 S.
2030 3128 2301 3199 Chrysost.
2338 3158 2405 3167 —
2435 3126 2664 3181 Pietatis
2690 3136 3070 3196 argumentum
3089 3134 3192 3185 est,
3219 3125 3437 3180 assidue

170 3224 290 3278 τῶν
349 3224 640 3297 θειοτέρων
696 3224 900 3285 τόπων,
948 3225 1042 3275 καὶ
1086 3221 1145 3274 τὸ
1184 3225 1418 3286 πυκναῖς
1447 3222 1756 3288 ἐντεύξεσιν

1867 3230 2046 3279 sancta
2095 3223 2221 3276 loca
2248 3220 2510 3274 memoria
2559 3233 2806 3281 versare,
2840 3227 2895 3272 et
2926 3218 3137 3271 crebris
3182 3218 3437 3287 precibus

170 3318 530 3385 ὲξιλεοῦσθαι
579 3317 668 3369 τὸν
727 3315 879 3368 Θεόν.
943 3313 1201 3367 Βούλεται
1236 3314 1345 3384 γάρ
1378 3316 1507 3378 τοὺς
1549 3311 1761 3383 ἀνθρώ-

1867 3314 2033 3369 Deum
2067 3314 2305 3381 placare.
2337 3310 2468 3364 Vult
2507 3311 2653 3365 enim
2710 3310 2855 3365 Deus
2904 3309 3157 3365 homines
3203 3309 3270 3361 ad
3303 3317 3439 3362 tem-

172 3428 323 3472 πους
371 3411 401 3463 ό
452 3408 584 3470 Θεὸς
633 3406 765 3478 περὶ
811 3406 940 3467 τοὺς
981 3405 1091 3458 τῶν
1151 3404 1322 3473 ἀγίων
1346 3403 1511 3457 οἴκων
1535 3403 1762 3471 λιμένας

1867 3408 2081 3479 plorum
2125 3414 2321 3476 portus
2357 3405 2708 3460 continenter
2740 3403 3036 3474 appellere.

168 3500 645 3572 καθορμίζεσθαι.

249 3595 333 3647 Τὸ
370 3592 757 3663 θυσιαστήριον
786 3590 1037 3661 οὐράνιός
1071 3593 1187 3644 ἐστι
1224 3589 1496 3662 τράπεζα,
1552 3592 1621 3645 τὰ
1654 3590 1763 3645 ἀπὸ

166 3683 287 3753 γῆς
320 3682 635 3752 δεχόμενον,
696 3682 793 3733 καὶ
843 3680 1060 3750 οὐρανῷ
1105 3679 1491 3750 παραπέμπων
1516 3695 1527 3707 ·
1570 3678 1632 3730 τὸ
1667 3677 1763 3730 ἀπ’

168 3776 440 3847 οὐρανῶν
463 3775 773 3845 δεχόμενον,
840 3774 935 3827 καὶ
982 3775 1049 3844 τῇ
1094 3770 1489 3843 γῇχορηγοῦνο
1531 3771 1623 3823 ἐπὶ
1661 3770 1765 3838 γῆς

167 3868 615 3939 ἑρηρεισμένον,
647 3866 742 3919 καὶ
762 3864 840 3934 τῷ
866 3866 978 3920 ἄνω
1012 3862 1416 3935 παρακείμενον
1435 3862 1632 3933 θρόνῳ.
1656 3862 1765 3913 Θυ-

170 3958 515 4027 σιαστήριον
547 3955 657 4028 γὰρ
708 3956 894 4017 αὐτοῖς
952 3953 1182 4023 φοϐερὸν
1214 3955 1325 4015 τοῖς
1354 3952 1627 4020 ἀγγέλοις,
1653 3953 1767 4014 τοῖς

162 4052 283 4123 τὴν
311 4048 569 4121 οὐράνιον
609 4045 1076 4118 ὐπερπετομένοις
1101 4044 1284 4114 ἁψῖδα.

265 4141 413 4194 Ἀπὸ
440 4140 539 4208 τῆς
562 4140 806 4209 πλευρᾶς
831 4138 941 4209 ἄρα
972 4138 1073 4207 τὴν
1115 4134 1446 4205 Ἐκκλησίαν
1474 4132 1766 4204 ἐδημιούρο

164 4250 365 4305 γησεν
400 4233 429 4284 ό
460 4232 715 4301 Χριστὸς,
767 4230 1022 4298 καθάπερ
1079 4226 1191 4281 ἀπὸ
1239 4228 1341 4296 τῆς
1395 4225 1635 4295 πλευρᾶς
1671 4224 1766 4277 τοῦ

181 4329 380 4396 Ἀδὰμ
404 4326 503 4395 τὴν
537 4320 680 4377 Εὕαν
710 4322 989 4391 ἐποίησεν.
1010 4319 1111 4372 Διά
1139 4317 1299 4372 τοῦτο
1321 4316 1535 4379 "usus;
1562 4331 1729 4385 φησιν
1748 4330 1762 4345 ·

181 4422 305 4473 Ἐκ
339 4414 453 4484 τῆς
477 4416 703 4482 σαρκὸς
733 4411 940 4477 αὑτοῦ,
969 4409 1067 4462 καὶ
1092 4409 1161 4462 ἐκ
1183 4406 1301 4461 τῶν
1327 4404 1555 4460 ὀστέων
1582 4404 1767 4459 αὐτοῦ

1868 4417 1946 4470 ait
1980 4434 1993 4470 :
2031 4413 2117 4468 Ea;
2149 4431 2308 4469 carne
2338 4415 2474 4481 eius,
2497 4426 2546 4468 et
2569 4430 2634 4468 ea:
2656 4415 2860 4469 ossibus
2876 4415 2989 4481 eius
3012 4431 3194 4469 sumus
3224 4414 3437 4483 (Ep/tes.

164 4513 408 4579 ἐσμεν,
432 4508 530 4576 τὴν
556 4504 801 4575 πλευρὰν
829 4500 1220 4570 αἰνιττόμενος.
1254 4499 1472 4568 Ὥσπερ
1504 4498 1614 4566 γὰρ
1646 4495 1767 4549 τότε

1870 4525 1929 4573 ν,
1990 4507 2107 4577 '50).
2154 4508 2299 4562 latus
2350 4506 2608 4561 videlicet
2659 4506 3046 4561 subindicans.
3101 4504 3236 4558 Nam
3294 4506 3441 4560 velut

166 4602 361 4658 ἔλαϐε
394 4600 493 4670 τὴν
518 4598 758 4669 πλευρὰν
802 4598 830 4648 ὁ
857 4595 1009 4656 Θεὸς,
1035 4593 1131 4646 καὶ⁵
1155 4591 1357 4644 ἔπλασε
1390 4589 1489 4659 τὴν
1511 4590 1763 4656 γυναῖκα,

1872 4612 2004 4655 tunc
2037 4598 2178 4655 Deus
2236 4609 2447 4653 costam
2502 4598 2758 4668 sumpsit,
2788 4612 2853 4651 ac
2897 4598 3154 4651 feminam
3191 4596 3437 4663 ellinxit;

162 4699 372 4757 οὕτως
426 4692 625 4746 ἔδωκεν
675 4691 809 4759 ἡμῖν
872 4681 1013 4757 αἷμα
1058 4686 1153 4738 xal.
1180 4684 1324 4753 ὓδωρ
1350 4684 1416 4736 ὲκ
1454 4682 1555 4750 τῆς
1598 4680 1768 4734 αὐτοῦ

163 4790 465 4859 πλευρᾶς,
506 4788 601 4838 καὶ
632 4784 907 4837 ἀνέπλασε
929 4782 1029 4853 τὴν
1074 4779 1425 4849 Ἐκκλησίαν.
1448 4776 1554 4830 Ka‘
1580 4776 1769 4845 ὥσπερ

163 4885 316 4937 τότε
358 4884 415 4931 ὲν
464 4877 720 4932 ἐκστάσει
774 4875 931 4928 ἔλαϐε
978 4874 1077 4944 τὴν
1125 4870 1366 4940 πλευρὰν
1417 4869 1770 4930 καθεύδοντος

160 4975 283 5030 τοῦ
334 4972 529 5041 Ἀδὰμ,
562 4970 704 5022 οὓτω
737 4969 830 5022 καὶ
858 4966 954 5019 νῦν
1002 4964 1138 5035 μετὰ
1165 4962 1392 5016 θάνατον
1418 4963 1478 5015 τὸ
1506 4956 1646 5030 αἷμα
1675 4961 1771 5012 καὶ

158 5072 237 5123 τὸ
276 5067 437 5135 ὕδωρ
474 5063 731 5127 δέδωκεν,
762 5060 857 5113 καὶ
885 5060 1022 5129 ὅπερ
1050 5057 1171 5111 τότε
1198 5056 1453 5119 ἔκστασις
1491 5051 1579 5124 ἦν,
1611 5053 1772 5106 τοῦτο

159 5164 284 5218 νῦν
314 5160 570 5221 θάνατος.
1255 5194 1266 5202 .

253 5251 540 5323 Καθάπερ
569 5249 793 5319 λιμένας
843 5250 902 5301 ἐν
944 5248 1195 5315 πελάγει,
1238 5245 1381 5301 οὕτω
1426 5246 1525 5319 τὰς
1575 5245 1773 5316 ἐκκλη-

161 5351 326 5409 σίας
364 5348 424 5399 ὲν
477 5346 698 5397 πόλεσιν
746 5343 945 5411 ἔπηξεν
978 5345 1007 5395 ὁ
1031 5342 1185 5404 Θεὸς,
1215 5341 1301 5393 ἵνα
1338 5338 1448 5393 ἀπὸ
1475 5342 1574 5409 τῆς
1602 5337 1771 5408 ζάλης

157 5443 308 5496 τῶν
346 5431 614 5508 βιωτικῶν
643 5437 984 5506 πραγμάτων
1006 5433 1239 5489 ἐνταῦθα
1263 5433 1575 5504 φεύγοντες,
1605 5430 1773 5500 γαλή-

157 5550 291 5600 νης
328 5528 691 5596 ἀπολαύωμεν
743 5525 879 5579 Οὐδὲ
906 5525 1017 5595 γὰρ
1051 5526 1309 5594 κυμάτων
1354 5524 1501 5577 ἔστιν
1539 5519 1773 5575 ἐνταῦθα

161 5619 614 5687 καταφυγόντες
668 5618 838 5671 δεῖσαι
882 5615 1262 5687 καταδρομὴν,
1329 5617 1389 5670 ού
1449 5614 1772 5685 κακουργῶν

160 5714 415 5782 ἔφοδον,
465 5712 524 5765 οὐ
577 5711 905 5781 πνευμάτων
962 5710 1102 5780 βίας,
1148 5710 1209 5762 ού
1249 5708 1455 5779 θηρίων
1489 5708 1771 5770 ἐπιϐολάς.

159 5806 388 5875 Λιμὴν
410 5806 519 5875 γάρ
544 5807 659 5858 ὲστι
700 5804 905 5858 τούτων
944 5804 1161 5858 πάντων
1202 5804 1639 5872 ἀπηλλαγμένος.
1680 5801 1775 5853 Δι-

172 5898 322 5971 μὴν
354 5897 459 5950 άοα
507 5898 627 5951 ἐστὶ
684 5895 872 5967 ψυχῶν
922 5898 954 5966 ἡ
1004 5895 1315 5954 Ἐκκλησία.
1345 5898 1525 5951 Πάντα
1557 5898 1662 5966 γὰρ
1688 5896 1773 5949 διὰ

1936 3590 2211 3660 Ejusdem.
2234 3619 2304 3631 --
2337 3589 2527 3643 Altare
2576 3589 2835 3665 ctelestls'
2854 3594 2939 3643 est
2992 3603 3209 3651 mensa,
3242 3588 3298 3642 in
3327 3604 3436 3658 quo

1864 3692 2081 3738 terrena
2105 3683 2246 3736 dona
2301 3682 2666 3750 recipiuntur,
2724 3689 2779 3734 et
2816 3681 2870 3733 in
2911 3680 3113 3735 caelum
3147 3667 3437 3735 transmit-

1866 3785 2058 3829 tuutnr
2082 3794 2097 3842 ;
2123 3775 2373 3829 caelestia
2407 3790 2649 3843 superne
2676 3774 3012 3845 suscipiens,
3037 3780 3093 3826 et
3123 3780 3281 3843 terra:
3304 3773 3437 3829 sub-

1868 3868 2191 3923 ministrans
2226 3884 2239 3918 :
2272 3867 2327 3921 in
2367 3876 2517 3921 terra
2551 3868 2740 3930 fixum,
2772 3874 2827 3921 et
2866 3866 3079 3920 caelesti
3121 3869 3322 3920 throno
3345 3868 3439 3919 ad-

1864 3956 2078 4026 jaceus.
2106 3958 2294 4012 Altare
2321 3959 2464 4012 enim
2522 3958 2727 4026 angelis
2768 3958 2923 4027 ipsis,
2985 3958 3077 4027 qui
3116 3974 3279 4027 supra
3314 3957 3439 4012 coeli

1867 4064 2022 4103 axem
2054 4051 2266 4115 volant,
2293 4048 2642 4103 formidabile
2676 4058 2782 4103 est.

1939 4140 2218 4211 Ejusdem,
2244 4141 2428 4194 homil.
2463 4140 2531 4193 ad
2589 4140 2826 4210 neophyt.
2847 4171 2913 4179 —-
2947 4140 3205 4195 Christus
3242 4141 3309 4194 de
3336 4156 3439 4194 suo

1869 4232 2039 4286 latere
2083 4230 2383 4286 Ecclesiam
2426 4229 2697 4291 condidit,
2753 4230 3215 4299 quemadmodum
3275 4230 3437 4283 Evam

1870 4695 1952 4750 sic
1980 4693 2140 4749 nobis
2174 4691 2497 4762 sanguinem
2532 4698 2587 4744 et
2619 4704 2814 4759 aquam
2835 4689 2985 4743 dedit
3016 4705 3080 4744 ex
3123 4689 3292 4744 latere
3315 4705 3437 4753 suo,
3504 4718 3511 4729 ι

1870 4794 1924 4842 et
1976 4785 2281 4840 Ecclesiam
2334 4781 2614 4838 formavit.
2674 4782 2739 4835 Et
2786 4783 3247 4851 quemadmodum
3310 4792 3438 4838 tunc

1871 4886 2082 4934 costam
2134 4878 2191 4931 in
2248 4877 2340 4931 illo
2374 4891 2575 4945 sopore
2614 4875 2940 4929 dormientis
2972 4875 3143 4927 Adam
3170 4874 3435 4945 accepit':

1870 4970 1947 5025 ita
1969 4984 2117 5024 nunc
2146 4984 2367 5038 quoque
2393 4976 2521 5039 post
2544 4976 2771 5021 mortem
2795 4967 3118 5038 sanguinem
3148 4975 3201 5020 et
3242 4983 3437 5036 aquam

1871 5062 2039 5117 dedit.
2088 5060 2223 5115 Nam
2267 5061 2414 5130 quod
2438 5069 2574 5115 tunc
2604 5074 2773 5129 sopor
2794 5068 2935 5124 erat,
2972 5059 3075 5113 hoc
3099 5060 3151 5112 in
3182 5062 3437 5128 praesenti

1872 5169 2021 5207 11101⁵8
2050 5159 2156 5207 εει.

1944 5243 2218 5313 Ejusdem.
2260 5273 2330 5283 —
2360 5242 2830 5308 Quemadmodum
2873 5239 3237 5310 portusjuxta
3264 5254 3434 5307 mare,

1873 5430 2075 5484 tiorum
2103 5430 2333 5501 hujusce
2384 5428 2510 5482 vita:
2560 5427 2818 5480 fluetibus
2883 5425 2990 5478 huc
3033 5425 3435 5495 confugientes,

1872 5524 2276 5593 tranquillitate
2328 5524 2697 5593 perfruamur.
2758 5523 2947 5594 Neque
3003 5525 3147 5578 enim
3211 5522 3282 5579 iis
3342 5524 3437 5593 qui

1874 5618 2008 5672 illuc
2044 5617 2423 5686 confugerint,
2464 5616 2725 5673 ﬂuctuum
2767 5618 3005 5687 impetus
3040 5617 3432 5687 pertimescen-

1873 5711 1975 5766 dus
2031 5720 2138 5776 est,
2184 5726 2292 5765 non
2338 5710 2660 5780 pratdonum
2699 5711 2963 5774 assultus,
2994 5725 3100 5763 non
3125 5710 3209 5764 vis
3241 5718 3435 5763 vento—

1874 5818 2019 5863 rum,
2042 5819 2153 5855 non
2188 5802 2523 5855 belluarum.
2546 5799 2745 5855 Portus
2775 5801 2974 5871 quippe
3004 5809 3086 5855 est
3113 5800 3181 5854 ab
3203 5798 3295 5854 his
3318 5814 3436 5852 om-

1876 5897 2040 5951 nibus
2074 5896 2350 5951 immuuis.
2408 5893 2544 5949 Nam
2590 5902 2785 5963 portus
2834 5893 3140 5949 animorum
3185 5889 3449 5971 Ecclesia

1867 4340 1932 4380 ex
1985 4324 2157 4377 latere
2196 4322 2369 4376 Adam
2423 4322 2812 4399 fabricaverat.
2846 4320 3000 4376 Unde
3043 4331 3206 4376 etiam
3239 4321 3439 4378 Paulus
3544 4379 3557 4387 ,

1872 5338 2035 5394 sicin
2080 5337 2312 5393 urbibus
2362 5335 2641 5391 Ecclesias
2680 5334 2873 5390 statuit
2918 5334 3085 5395 Deus,
3118 5340 3237 5385 uta
3274 5349 3440 5405 nego-
3542 5380 3556 5393 ,
