4206 6442
209 444 229 507 .1
242 444 337 507 437

1441 443 1677 505 SACRA
1708 443 2142 504 PARALLELA
2156 492 2168 505 .

3294 438 3447 519 143s;

332 544 588 619 Ὄρθριζε
618 545 753 619 πρὸς
787 548 989 621 Κύριον
1022 550 1433 623 παντοκράτορα
1487 554 1757 616 δεόμενος.

1934 551 2033 606 Job
2092 568 2205 615 VIII.
2232 552 2284 606 5.
2316 581 2387 592 —
2413 570 2432 603 ι
2469 549 2719 606 Diluculo
2748 566 3016 621 consurge
3047 551 3112 604 ad
3147 548 3435 607 Dominum

203 642 264 698 Ei
288 638 523 709 καθαρὸς
550 633 603 692 εἷ
632 639 724 692 καὶ
780 639 1049 708 ἀληθινὸς,
1103 643 1469 699 ἐπακούσεται
1509 645 1609 716 τῆς
1639 646 1762 716 δεη-

205 751 337 796 σεως
369 748 487 785 σου.
533 750 552 783 t
1249 797 1256 808 Ι

274 848 292 880 ι
328 825 502 881 Θύσον
552 826 629 898 τῷ
663 826 791 898 Θεῷ
817 828 1006 885 θυσίαν
1020 830 1302 897 αἰνέσεως,
1335 833 1427 885 καὶ
1455 832 1652 895 ἀπόδος
1683 832 1761 903 τῷ

213 918 447 989 Ὑψίστῳ
482 920 580 983 τὰς
614 921 779 991 εὐχάς
814 939 924 977 σου.
970 942 990 975 ι

270 1032 289 1064 ι
329 1011 442 1077 Τὰς
489 1014 651 1083 εὐχάς
702 1033 806 1085 μου
863 1015 941 1088 τῷ
987 1017 1178 1089 Κυρίῳ
1219 1018 1485 1074 ἀποδώσω
1518 1019 1760 1074 ἐναντίον

200 1108 396 1170 παντὸς
417 1107 512 1161 τοῦ
545 1108 676 1162 λαοῦ
703 1110 888 1164 αὑτοῦ.
914 1130 933 1161 ι

270 1218 289 1251 ι
317 1199 700 1270 Προσεύξασθε
729 1202 870 1275 πρός
900 1221 990 1273 με,
1020 1205 1115 1260 καὶ
1150 1206 1540 1278 είσακούσομαι
1583 1206 1756 1279 ὑμῶν,

197 1291 287 1345 καὶ
310 1293 649 1364 ὲκζητήσατέ
678 1311 746 1366 με
768 1297 827 1349 ὲν
871 1297 965 1369 ὅλῃ
996 1298 1194 1371 καρδίᾳ
1223 1300 1397 1369 ὑμῶν,
1431 1303 1525 1355 καὶ
1554 1302 1759 1370 ἐπιφα-

194 1383 385 1454 νοῦμαι
415 1384 563 1453 ὑμῖν.
596 1403 615 1436 ι

267 1494 287 1527 ι
320 1476 497 1547 Κύριε
548 1480 926 1553 παντοκράτορ
983 1484 1012 1537 ὁ
1063 1483 1196 1547 Θεὸς
1249 1484 1671 1557 ἰσραήλ·ψυχὴ
1700 1485 1759 1537 ὲν

190 1567 539 1635 στεναγμοῖς,
565 1569 659 1621 καὶ
686 1568 905 1642 πνεῦμα
941 1572 1181 1643 ἀκηδιῶν
1218 1572 1481 1646 ὲκέκραξε
1501 1573 1639 1646 πρὸς
1673 1574 1757 1631 σέ.

192 1654 484 1721 Ἄκουσον,
499 1656 694 1728 Κύριε,
725 1660 967 1732 ἐλέησον,
1001 1664 1082 1718 ὅτι
1123 1664 1256 1728 Θεὸς
1287 1665 1537 1736 ὲλέημων
1563 1660 1633 1731 εἳ,
1661 1665 1758 1718 καὶ

188 1746 309 1818 ἰλέη
318 1764 430 1803 σον.
472 1768 492 1801 ι

260 1858 278 1890 ι
325 1841 414 1893 Ἐν
464 1841 613 1914 ψυχῇ
654 1846 1126 1919 συντετριμμένῃ,
1188 1848 1282 1901 καὶ
1338 1846 1614 1918 πνεύματι
1662 1867 1760 1904 τα-

1860 646 2311 727 .omnipotentem
2333 660 2500 700 orans
2538 664 2550 700 :
2591 645 2638 701 si
2666 659 2843 713 purus
2868 653 2921 698 et
2951 660 3113 699 verus
3140 660 3221 708 es.
3252 645 3439 699 audiet

1874 740 2179 793 orationem
2209 745 2379 791 tuam.
3349 800 3354 805 ν

1930 831 2084 885 Ρεαι.
2120 847 2267 894 xux,
2298 830 2476 884 ιι.-
2502 850 2520 882 ι
2551 829 2774 885 lmmola
2803 829 2914 885 Deo
2948 828 3280 885 sacriﬁcium
3315 828 3437 882 lau-

1861 923 1972 987 dis.
2008 934 2072 994 et
2095 924 2261 979 redde
2290 923 2577 979 Altissimo
2605 933 2728 977 vota
2757 932 2871 986 tua.
2912 941 2931 974 ι
2971 931 3062 977 etc

1941 1018 2089 1072 Psal.
2123 1033 2248 1079 cxv.
2292 1018 2375 1071 14.
2401 1046 2471 1056 -
2508 1036 2524 1066 ι
2566 1013 2703 1069 Vota
2746 1030 2865 1070 mea
2935 1013 3162 1070 reddam
3206 1011 3436 1068 Domino

1860 1124 2043 1165 coram
2074 1108 2226 1162 omni
2265 1108 2465 1179 populo
2503 1111 2645 1177 ejus.
2692 1125 2711 1158 ι
2826 1101 2833 1111 ’

1929 1200 2127 1257 Jerem.
2156 1216 2304 1261 XXIX.
2343 1200 2425 1256 12.
2456 1230 2522 1241 -
2555 1218 2573 1251 ι
2610 1199 2774 1255 Orate
2823 1199 2888 1253 ad
2922 1214 3028 1266 me,
3068 1208 3120 1253 et
3144 1212 3245 1268 ego
3270 1211 3442 1254 exau-

1859 1295 2005 1350 diam
2048 1308 2168 1358 vos,
2205 1306 2260 1349 et
2303 1294 2535 1363 quaerite
2565 1308 2651 1347 rue
2701 1292 2757 1346 in
2795 1299 2913 1345 toto
2960 1290 3127 1347 corde
3151 1301 3360 1355 vestro,
3386 1302 3440 1347 et

1860 1386 2132 1457 apparebo
2159 1386 2332 1441 vobis.
2375 1405 2393 1438 ›

1935 1478 2151 1533 Baruch
2209 1495 2292 1543 ιιι,
2322 1480 2374 1546 1,
2403 1479 2457 1532 2.
2483 1510 2547 1516 —
2579 1497 2597 1529 ι
2633 1478 2862 1533 Domine
2913 1478 3257 1548 omnipotens
3301 1476 3442 1532 Deus

1860 1572 2052 1633 Israel.
2088 1572 2271 1627 anima
2301 1572 2356 1626 in
2390 1574 2677 1642 angustiis,
2715 1580 2768 1627 et
2820 1571 3051 1641 spiritus
3083 1571 3281 1625 anxius
3331 1572 3441 1624 cla-

1861 1673 1974 1718 mat
2012 1662 2080 1717 ad
2129 1671 2199 1718 te.
2237 1662 2403 1728 Audi,
2457 1661 2707 1725 Domine.
2752 1662 2916 1735 564
2967 1664 3262 1729 miserere;
3313 1663 3440 1732 quia

1861 1753 2005 1809 Deus
2041 1754 2362 1809 misericors
2388 1768 2471 1813 es.
2508 1763 2562 1808 et
2590 1754 2856 1807 miserere
2886 1754 3081 1807 nostri.
3110 1772 3129 1803 ι

1934 1846 2075 1901 Dan.
2102 1863 2183 1910 Ill,
2214 1847 2302 1903 '59.
2331 1876 2402 1887 —
2427 1865 2447 1899 ι
2484 1845 2541 1900 In
2589 1848 2781 1899 animo
2826 1846 3088 1907 contrito,
3133 1852 3189 1899 et
3242 1843 3441 1913 spiritu

188 1933 505 1998 πεινώσεως
535 1937 1022 2009 προσδεχθείημεν,
1055 1909 1129 2003 ῶς
1153 1942 1212 1995 ὲν
1238 1909 1705 2014 ὁλοκαυτῶμασιν.
1738 1964 1758 1997 ι

1868 1936 2198 1993 humilitatis
2244 1937 2642 2007 suscipiamur,
2692 1936 2837 1991 sicut
2894 1937 2951 1990 in
3001 1936 3367 1989 bolocausu‘s.
3416 1953 3436 1987 ι

260 2044 279 2077 ε
314 2025 411 2096 Μὴ
438 2027 842 2102 ὀλιγοψυχήσῃς
875 2033 934 2084 ὲν
970 2035 1038 2104 τῇ
1081 2038 1354 2105 προσευχῇ
1388 2053 1513 2089 σουο
1549 2036 1625 2108 μὴ
1664 2038 1763 2107 ἐμ·-

184 2116 411 2189 ποδίσῃς
445 2121 543 2171 τοῦ
577 2120 868 2175 ἀποδοῦναι
894 2123 1061 2195 εὐχὴν
1087 2124 1145 2176 ἐν
1176 2124 1372 2196 καιρῷ.
1408 2146 1428 2179 ι

260 2228 279 2261 ι
313 2210 489 2264 Ὅταν
504 2212 801 2284 προσεύχῃ,
834 2216 935 2269 οὐκ
966 2217 1067 2289 ἔσῃ
1095 2217 1283 2289 ῶσπερ
1314 2218 1605 2290 ὑποκριταὶ
1634 2235 1764 2272 σκυ-

185 2298 422 2371 θρωποὶ,
472 2303 557 2355 ὃτι
608 2305 854 2372 φιλοῦσιν
910 2311 968 2361 ὲν
1012 2311 1135 2371 ταῖς
1188 2315 1530 2379 συναγωγαῖς
1573 2314 1668 2365 καὶ
1705 2313 1764 2365 ὲν

178 2395 298 2457 ταῖς
334 2396 565 2463 γωνίαις
596 2396 707 2450 τῶν
771 2399 1043 2455 πλατειῶν
1084 2403 1318 2468 ἑστῶτες
1341 2404 1759 2476 προσεύχεσθαι,

179 2485 333 2551 ὅπως
381 2487 602 2556 φανῶσι
650 2492 767 2555 τοῖς
822 2493 1152 2566 ἀνθρώποις.
1198 2495 1369 2568 Ἀμὴν
1399 2497 1543 2565 λέγω
1592 2499 1717 2569 ὑμῖν
1744 2512 1758 2527 ·

174 2578 453 2649 ἀπέχουσι
481 2580 574 2635 τὸν
611 2584 802 2653 μισθὸν
831 2586 1028 2642 αὐτῶν.
1071 2588 1142 2641 Σὺ
1185 2590 1241 2643 δὲ
1291 2590 1422 2644 ὅταν
1461 2591 1760 2663 προσεύχῃ,

175 2670 391 2726 εἴσελθε
448 2677 534 2739 είς
581 2675 643 2730 τὸ
689 2680 912 2750 ταμεῖόν
942 2699 1059 2735 σου.
1120 2682 1550 2755 Προσευχόμενοι
1578 2683 1657 2750 δὲ,
1688 2684 1763 2755 μὴ

177 2762 648 2838 βαττολογήσητε,
680 2769 868 2842 ὥσπερ
910 2774 960 2826 οἱ
1020 2774 1222 2829 ἐθνικοί
1244 2792 1259 2806 ·
1300 2776 1516 2830 δοκοῦσι
1543 2776 1653 2847 γὰρ
1681 2778 1762 2831 ὅτι

176 2856 235 2908 ὲν
264 2860 332 2930 τῇ
375 2859 677 2933 πολυλογίᾳ
711 2864 889 2919 αὐτῶν
942 2867 1479 2940 εἰσακουσθήσονται.
1530 2870 1622 2941 Μὴ
1670 2863 1762 2925 οὖν

172 2947 495 3021 ὀμοιώθητε
544 2952 749 3015 αὐτοῖς.
812 2950 933 3008 Οἷδὲ
975 2956 1083 3029 γὰρ
1124 2958 1152 3011 ὁ
1213 2958 1401 3030 Πατὴρ
1457 2960 1634 3030 ὑμῶν,
1686 2954 1760 3014 ὧν

172 3041 370 3108 χρείαν
403 3043 583 3113 ἔχετε,
638 3048 744 3121 πρὸ
775 3048 870 3102 τοῦ
917 3052 1063 3122 ὑμᾶς
1108 3053 1331 3123 αἰτῆσαι
1361 3054 1544 3108 αὐτόν.
1569 3053 1759 3119 Οὕτως

170 3126 265 3184 οὖν
328 3136 712 3207 προσεύχεσθε
764 3142 959 3210 ὑμεῖς·
1013 3144 1193 3215 Πάτερ
1242 3145 1433 3214 ὑμῶν,
1485 3165 1503 3197 ι
1552 3146 1644 3200 καὶ
1689 3147 1759 3200 τὰ

174 3224 302 3254 35:-

172 3226 324 3296 ἑξῆς-

248 3334 269 3367 σ
301 3316 551 3378 Αἰτεῖτε,
585 3317 679 3370 καὶ
710 3317 995 3387 δοθήσεται
1034 3340 1188 3392 υμων
1209 3341 1223 3354 ⁸
1274 3326 1507 3395 ζητεῖτε,
1544 3328 1637 3381 καὶ
1664 3331 1757 3382 εὑ-

172 3409 382 3477 ρήσετε
407 3426 421 3439 ·
462 3408 712 3480 κρούετε,
755 3411 851 3465 καὶ
911 3414 1261 3485 ἀνοιγήσεται
1309 3418 1457 3489 ὑμῖν.
1503 3421 1617 3484 Πᾶς
1648 3421 1757 3491 γὰρ

169 3500 341 3553 αἰτῶν
358 3499 655 3569 λαμσάνει.
695 3518 714 3551 ι

247 3610 265 3642 ι
309 3590 723 3662 Προσελθόντες
747 3590 797 3642 οἱ
832 3590 1072 3661 μαθηταὶ
1116 3592 1193 3663 τῷ
1229 3594 1403 3664 Ἰησοῦ
1448 3597 1565 3648 κατ’
1599 3596 1751 3662 ἰδίαν,

168 3678 328 3735 εἶπον
350 3699 363 3712 ·
400 3681 509 3735 Διά
538 3682 590 3734 τί
650 3681 750 3734 οὐκ
804 3681 1147 3753 ἐδυνήθημεν
1196 3684 1446 3738 ἐκϐαλεῖν
1481 3687 1650 3751 αὑτός
1700 3689 1756 3742 ’0

168 3773 225 3825 δὲ
264 3773 494 3843 Ἰησοῦς
530 3768 682 3825 εἶπεν
740 3773 923 3836 αὐτοῖς
950 3792 965 3805 ·
1016 3774 1115 3827 Διά
1163 3773 1261 3846 τὴν
1295 3777 1552 3829 ἀπιστίαν
1581 3779 1751 3847 ὑμῶν.

181 3864 362 3935 ’Δμὴν
388 3866 508 3936 γὰρ
537 3864 681 3932 λέγω
730 3866 857 3934 ὑμῖν
876 3882 889 3895 ⁸
932 3867 1026 3920 ἐὰν
1057 3866 1217 3937 ἔχητε
1248 3868 1428 3920 πίστιν
1457 3869 1532 3932 ὡς
1559 3870 1756 3923 κόκκον

170 3958 485 4022 σινάπεως,
514 3959 689 4025 ἐρεῖτε
715 3956 793 4027 τῷ
816 3958 934 4029 ὄρει
963 3960 1166 4029 τούτῳ·
1192 3960 1475 4030 Μετάϐηθι
1506 3962 1755 4014 ἐντεῦθεν

165 4050 305 4109 ἐκεῖ,
342 4053 445 4104 καὶ
482 4050 875 4120 μεταϐήσεται,
916 4051 1009 4104 καὶ
1059 4051 1210 4105 οὐδὲν
1251 4052 1570 4123 ἀδυνατήσει
1605 4053 1755 4123 ὑμῖν.

166 4142 347 4195 Τοῦτο
383 4142 447 4195 δὲ
478 4142 712 4210 τὸγένος
742 4144 843 4196 οὐκ
868 4144 1282 4214 ὲκπορεύσεται,
1315 4147 1364 4198 εί
1398 4148 1472 4219 μὴ
1506 4150 1563 4200 ὲν
1593 4166 1758 4214 προσ-

164 4231 304 4301 ευχῇ
325 4231 426 4282 καὶ
444 4230 690 4301 νηστείᾳ.
713 4249 732 4283 ι

243 4342 263 4373 1
302 4325 677 4395 Γρηγορεῖτε,
715 4326 810 4378 καὶ
838 4328 1230 4399 προσεύχεσθε,
1254 4330 1339 4385 ἵνα
1373 4330 1448 4403 μὴ
1478 4332 1757 4405 εἰσέλθητε

164 4417 249 4479 εἰς
276 4416 629 4488 πειρασμόν.
655 4435 673 4466 ι

245 4550 263 4581 ι
314 4532 530 4602 Ἀμὴν,
570 4531 717 4602 ἀμὴν
764 4531 909 4601 λέγω
950 4535 1096 4603 ὑμῖν,
1127 4535 1156 4587 ὅ
1193 4552 1245 4587 τι
1290 4533 1356 4588 ἂν
1384 4534 1633 4594 αἰτήσετε
1655 4532 1760 4603 ιτὸν

162 4622 402 4694 Πατέρα
432 4625 499 4676 ὲν
528 4624 604 4693 τῷ
625 4625 850 4690 ὀνόματί
875 4644 999 4697 μου,
1027 4627 1188 4680 δώσει
1212 4628 1359 4698 ὑμῖν.
1398 4647 1416 4680 ι

245 4758 265 4789 ‹
300 4739 517 4807 Ἔλεγε
541 4741 863 4813 παραϐολὴν
917 4746 1101 4807 αυτοῖς
1132 4745 1269 4816 πρὸς
1298 4745 1360 4797 τὸ
1394 4746 1503 4798 δεῖν
1535 4748 1764 4800 πάντοτε

162 4830 615 4901 προσεύχεσθαι,
654 4834 746 4886 καὶ
783 4834 858 4905 μὴ
891 4836 1167 4892 ὲκκακεῖν.
1201 4840 1416 4901 Κριτής
1445 4856 1527 4903 τις
1556 4838 1613 4892 ἔν
1656 4858 1764 4893 τινι

164 4928 352 4991 πόλει,
399 4947 420 4980 ι
452 4944 509 4982 κ.
538 4945 590 4981 τ.
616 4930 661 4983 ὲ.

245 5057 266 5090 ι
326 5040 699 5108 Ἀγρυπνείτε
728 5040 787 5092 ὲν
814 5040 975 5092 παντὶ
1012 5038 1187 5108 καιρῷ
1223 5038 1484 5107 δεόμενοι,
1518 5038 1602 5091 ἵνα
1635 5055 1764 5091 κατ-

163 5127 463 5196 αξιωθῆτε
494 5130 753 5196 ἐκφυγεῖν
780 5131 957 5183 πάντα
979 5130 1045 5183 τὰ
1081 5129 1344 5199 μέλλοντα
1366 5129 1629 5193 γίνεσθαι,
1668 5147 1687 5179 ι

246 5356 266 5385 ε
310 5335 627 5403 Γενόμενος
655 5336 748 5389 ἐπὶ
772 5336 865 5390 τοῦ
904 5337 1093 5401 τόπου,
1130 5334 1284 5391 εἶπεν
1333 5338 1549 5400 αὐτοῖς·
1599 5339 1765 5407 Προσ-

160 5428 415 5497 εύχεσθε
473 5428 546 5498 μὴ
599 5427 861 5481 εἰσελθεῖν
934 5430 1013 5492 είς
1069 5429 1390 5499 πειρασμόν.
1439 5430 1547 5482 Kal.
1602 5431 1763 5494 αὐτὸς

162 5518 518 5587 ἀνεσπάσθη
566 5520 660 5572 ἀπ’
713 5520 891 5573 αὐτῶν
949 5521 1080 5573 ὡσεὶ
1129 5520 1277 5573 λίθου
1313 5519 1491 5591 βολήν,
1532 5522 1625 5574 καὶ
1649 5521 1764 5585 θεὶς

161 5611 233 5662 τὰ
274 5610 505 5677 γόνατα
562 5610 925 5680 προσηύξατο,
957 5610 1165 5678 λέγων⁸
1211 5611 1412 5681 Πάτερ,
1455 5614 1503 5664 εξ
1561 5612 1761 5679 βούλει,

166 5700 509 5768 παρένεγκε
539 5701 599 5753 τὸ
624 5703 879 5770 ποτήριον
903 5702 1061 5755 τοῦτο
1104 5703 1198 5754 ἀπ’
1231 5701 1385 5770 ἐμοῦ.
1424 5704 1570 5772 Πλὴν
1607 5703 1679 5773 μὴ
1704 5706 1764 5756 τὸ

163 5792 407 5861 θέλτμα
439 5792 501 5843 τὸ
526 5794 678 5863 ἐμὸν,
704 5793 838 5852 ἀλλὰ
866 5797 927 5847 τὸ
948 5796 1037 5847 σὺν
1056 5797 1315 5864 γενέσθω.
1345 5797 1453 5850 Καὶ
1482 5797 1648 5850 ἐλθὼν
1672 5800 1762 5850 ἐτιί

165 5900 305 5944 τους
351 5882 638 5955 μαθητὰς,
669 5889 825 5959 eopse
853 5889 1047 5951 αὐτοὺς
1081 5886 1453 5955 καθεύδοντας,
1484 5892 1573 5945 καὶ
1613 5887 1762 5944 εἶπεν

1939 2029 2105 2084 Eccli.
2142 2046 2218 2095 ιν,
2247 2029 2335 2084 56.
2365 2060 2436 2071 --
2477 2049 2495 2080 ‹
2534 2028 2612 2084 Ne
2655 2028 2859 2099 pusillo
2893 2027 3078 2081 animo
3105 2028 3182 2081 sis
3236 2028 3287 2080 in
3320 2040 3443 2079 ora-

1865 2123 2012 2179 tione
2046 2133 2157 2188 tua.
2195 2137 2296 2176 nec
2327 2122 2512 2176 tardes
2544 2122 2777 2176 reddere
2809 2128 2994 2173 votum
3020 2120 3075 2172 in
3110 2128 3377 2187 tempore.
3417 2138 3438 2169 ›

1935 2213 2130 2268 Matth.
2168 2230 2240 2275 vr.
2271 2213 2387 2269 5-9.
2414 2243 2484 2253 --
2516 2234 2533 2265 ι
2560 2213 2697 2266 Cum
2724 2212 2990 2271 oraveris.
3023 2225 3130 2264 non
3166 2212 3278 2263 eris
3300 2212 3443 2263 sicut

1868 2305 2163 2376 hypocrita:
2194 2304 2404 2359 tristes.
2452 2303 2591 2370 Quia
2627 2311 2817 2356 amant
2858 2303 2914 2354 in
2960 2300 3257 2372 synagogis
3298 2308 3353 2353 et
3387 2301 3441 2353 in

1865 2400 2081 2471 angulis
2116 2399 2421 2468 platearum
2457 2406 2669 2451 stantes
2707 2408 2889 2460 orare,
2936 2402 2998 2446 ut
3044 2392 3337 2447 videantur
3372 2391 3445 2445 ab

1866 2491 2208 2547 hominibus.
2262 2491 2436 2545 Amen
2487 2490 2614 2543 dico
2665 2488 2853 2551 vobis,
2924 2486 3054 2557 quin
3108 2492 3442 2554 receperunt

1865 2583 2169 2640 mercedem
2195 2598 2378 2638 suam.
2411 2582 2492 2637 Tu
2544 2588 2729 2637 autem
2758 2595 2882 2635 cum
2938 2577 3208 2641 oraveris,
3264 2580 3441 2645 ingre-

1864 2677 1991 2732 dere
2016 2676 2069 2730 in
2097 2675 2414 2730 cubiculum
2443 2682 2623 2737 tuum,
2662 2680 2768 2729 etc.
2806 2670 3042 2726 Orantes
3072 2679 3250 2724 autem
3274 2669 3441 2723 nolite

1864 2770 2093 2824 multum
2137 2768 2315 2838 loqui,
2358 2768 2505 2823 sicut
2560 2766 2766 2821 ethnici
2803 2783 2817 2820 :
2861 2773 3059 2836 putant
3115 2764 3259 2818 enim
3296 2761 3441 2831 qttml

1863 2862 1917 2916 in
1945 2859 2297 2931 multiloquio
2336 2875 2440 2914 suo
2478 2858 2869 2913 exaudiantur.
2914 2854 3099 2910 Nolite
3131 2870 3263 2924 ergo
3301 2856 3431 2907 assi-

1861 2954 2042 3009 milari
2075 2954 2175 3008 eis.
2213 2953 2329 3007 Scit
2365 2952 2511 3008 enim
2567 2948 2730 3005 Pater
2791 2956 2979 3003 vester
3028 2947 3162 3018 quid
3207 2961 3350 3016 opus
3374 2946 3441 2999 sit

1859 3046 2039 3109 vobis.
2062 3054 2353 3115 antequam
2393 3043 2594 3114 petatis
2633 3057 2779 3099 eum.
2840 3041 2932 3097 Sic
2970 3056 3104 3112 ergo
3132 3026 3235 3094 vos
3255 3047 3439 3093 orate:

1864 3142 2027 3195 "ater
2054 3148 2241 3196 noster
2307 3159 2327 3193 ι
2359 3146 2465 3195 etc.

1930 3323 2253 3389 Nulluvn,
2314 3325 2367 3379 7.
2415 3355 2484 3367 —-
2530 3344 2549 3376 ι
2594 3324 2790 3389 Petite,
2847 3329 2901 3379 et
2956 3321 3184 3375 dabitur
3240 3317 3435 3373 vobis:

1858 3419 2104 3489 quaerite,
2140 3425 2194 3473 et
2228 3417 2569 3473 invenietis:
2605 3418 2845 3486 pulsate.
2872 3424 2926 3470 et
2948 3413 3230 3484 aperietur
3259 3412 3433 3467 vobis.

1858 3512 2049 3567 Omnis
2082 3511 2227 3566 enim
2264 3511 2358 3580 qui
2389 3510 2544 3579 petit.
2579 3509 2800 3578 accipit.
2836 3527 2853 3558 ι
2898 3516 3006 3561 etc.

1928 3603 2126 3659 Natth.
2164 3620 2296 3666 xvu.
2360 3601 2549 3657 18-20.
2583 3633 2649 3642 -—
2682 3620 2701 3653 ι
2740 3602 3113 3655 Accesserunt
3167 3595 3429 3665 discipuli

1857 3698 1925 3753 ad
1953 3696 2137 3753 Jesum
2167 3702 2406 3758 secreto,
2462 3702 2517 3749 et
2563 3693 2825 3747 dixerunt
2852 3709 2865 3746 :
2889 3692 3069 3757 Quare
3100 3705 3207 3743 non
3246 3689 3398 3759 potui

1811 3800 1816 3813 ‘
1856 3806 1979 3845 mus
2004 3790 2204 3857 ejicere
2255 3788 2457 3843 illum?
2512 3785 2660 3841 Dixit
2692 3785 2803 3840 illis
2841 3783 3005 3839 Jesus
3038 3799 3051 3835 :
3089 3781 3322 3851 Pr0pter
3354 3781 3434 3834 in-

1858 3880 2239 3935 credulitatem
2264 3885 2531 3932 vestram.
2562 3876 2736 3931 Amen
2786 3877 2990 3945 quippe
3015 3872 3141 3927 dico
3168 3873 3344 3935 vobis.
3381 3871 3424 3925 si

1859 3971 2159 4027 habueritis
2185 3970 2342 4025 Iidem
2364 3969 2511 4023 sicut
2529 3983 2759 4039 granum
2788 3967 3017 4033 sinapis,
3041 3966 3238 4020 dicetis
3257 3968 3427 4021 monti
3526 3954 3529 3961 ’

1859 4065 1987 4118 huic
2022 4083 2035 4116 :
2068 4062 2269 4117 Transi
2305 4063 2433 4117 hinc
2459 4061 2612 4124 illuc,
2644 4071 2700 4115 et
2726 4058 3023 4123 transibit;
3060 4065 3115 4111 et
3148 4056 3285 4110 nihil
3323 4056 3426 4108 im-

1859 4155 2123 4227 possibile
2142 4156 2249 4209 erit
2284 4154 2457 4209 vobis.
2496 4153 2609 4207 Hoc
2623 4159 2802 4206 autem
2829 4166 3003 4220 genus
3031 4147 3429 4205 daemoniorum

1858 4262 1965 4302 non
1998 4245 2274 4315 ejicietur.
2314 4245 2423 4299 nisi.
2455 4244 2511 4297 in
2542 4244 2794 4298 oratione
2827 4248 2881 4296 et
2910 4240 3149 4311 jejunio.
3189 4259 3208 4291 ›

1930 4336 2124 4391 Halth.
2153 4353 2301 4400 xxvr,
2338 4336 2431 4391 41.
2466 4365 2537 4375 —
2564 4353 2582 4385 ‹
2621 4332 2879 4404 Vigilate,
2920 4339 2977 4386 et
3020 4338 3197 4388 orate.
3232 4340 3288 4381 ut
3318 4344 3429 4381 nou

1860 4432 2079 4487 intretis
2107 4430 2163 4484 in
2194 4429 2578 4485 tentationetn.
2616 4446 2633 4478 ι

1929 4540 2088 4598 Ιοιη.
2120 4558 2235 4606 xu,
2263 4542 2355 4597 23.
2389 4572 2459 4582 —
2488 4560 2506 4593 ι
2540 4542 2713 4595 Amen
2748 4539 2873 4593 dico
2924 4538 3082 4593 vobis
3115 4555 3130 4590 :
3162 4536 3427 4606 quidquid

1787 4616 2130 4705 Dpetieritis
2156 4633 2370 4689 l’atrem
2402 4634 2459 4687 in
2511 4632 2732 4688 nomine
2782 4644 2928 4694 meo.
2987 4629 3141 4684 dabit
3188 4627 3364 4683 vobis.
3404 4646 3421 4677 ι

1940 4746 2066 4802 Luc.
2092 4764 2245 4814 xvut,
2282 4748 2338 4814 1,
2369 4748 2426 4801 2.
2462 4776 2530 4786 —
2571 4765 2589 4797 ι
2630 4746 2857 4801 Dicebat
2915 4746 2980 4799 ad
3039 4744 3163 4799 illos
3199 4743 3438 4813 parabo-

1865 4839 1995 4902 lam,
2025 4840 2286 4909 quoniam
2342 4847 2560 4908 oportet
2595 4852 2813 4907 semper
2850 4851 3031 4901 orare,
3066 4843 3257 4890 etnon
3298 4834 3436 4889 deﬁ-

1865 4950 2010 4990 cere.
2039 4934 2211 4989 Judex
2238 4931 2467 5003 quidam
2498 4940 2621 4987 erat
2655 4932 2710 4984 in
2740 4930 2973 4999 quadam
2998 4927 3239 4990 civitate,
3272 4944 3293 4979 ι
3317 4934 3425 4981 etc-

1936 5047 2061 5101 Luc.
2097 5063 2210 5109 nl,
2248 5046 2337 5100 56.
2362 5077 2431 5086 ——
2459 5064 2479 5096 ι
2509 5030 2742 5115 Vigilate
2765 5042 2818 5096 in
2836 5041 3245 5109 omnitempore
3271 5053 3422 5093 oran-

1863 5151 1971 5207 tes,
2002 5151 2061 5197 ut
2089 5140 2241 5211 digni
2262 5139 2575 5196 liabeamini
2611 5135 2799 5207 fugere
2833 5135 3018 5191 omnia
3049 5148 3169 5206 quae
3204 5144 3436 5192 ventura

1864 5244 2013 5299 sunt,
2043 5254 2061 5286 ι
2093 5241 2200 5289 etc.
2764 5240 2767 5245 ‘

1934 5349 2061 5402 Luc.
2087 5364 2220 5411 xm.
2278 5346 2450 5402 40-42
2478 5374 2573 5395 .-—-
2603 5363 2621 5395 ι
2660 5345 2727 5399 Ει
2790 5359 2913 5399 cum
2973 5343 3314 5411 pervenisset
3364 5346 3428 5398 ad

1858 5440 2065 5503 locum,
2138 5438 2239 5492 ixit
2274 5437 2432 5491 illis:
2468 5433 2723 5503 Vigilate,
2783 5448 2851 5486 ne
2906 5431 3124 5485 intretis
3172 5432 3225 5483 in
3256 5438 3436 5482 tenta-

1865 5534 2087 5585 tionem.
2110 5527 2175 5582 Et
2202 5529 2320 5600 ipse
2347 5527 2572 5581 avulsus
2597 5535 2681 5581 est
2740 5526 2807 5578 ab
2837 5527 2921 5580 eis
2960 5532 3223 5591 quantum
3253 5522 3433 5591 jactus

1863 5630 1947 5677 est
1977 5621 2204 5692 lapidis;
2263 5630 2318 5676 ct
2381 5619 2576 5690 positis
2638 5617 2869 5685 genibus
2912 5617 3157 5679 orabat,
3191 5615 3420 5672 dicens:

1864 5718 2045 5781 Pater,
2086 5715 2133 5769 si
2156 5714 2261 5778 vis.
2294 5711 2530 5767 transfer
2560 5712 2786 5765 calicem
2820 5710 2991 5763 istum
3024 5704 3424 5759 ame.Verum~

1866 5818 2043 5861 tamen
2088 5821 2207 5863 non,
2252 5818 2378 5859 mea
2430 5802 2706 5865 voluntas,
2754 5799 2847 5853 sed
2889 5807 2978 5852 tua
3044 5798 3155 5850 liat.
3197 5794 3262 5848 Et
3305 5809 3426 5848 cum

1866 5900 2103 5977 venisset
2133 5914 2197 5954 au
2242 5897 2551 5971 liscipulos,
2586 5892 2798 5949 invenit
2831 5908 2931 5948 eos
2961 5890 3291 5947 dormientes
3319 5901 3430 5958 pm:
