4206 6442
759 411 896 478 1439

1959 427 2018 485 S.
2054 425 2376 487 JOANNIS
2419 427 2848 487 DAMASCENI

3841 421 3978 488 1440

758 531 1003 587 tristitia.
1039 534 1104 588 Et
1136 535 1211 589 ait
1237 535 1344 590 illis
1385 538 1611 601 :Oratc,
1666 555 1733 592 ne
1791 541 2009 595 intretis
2051 541 2108 594 iu
2140 550 2316 595 tenta-
2359 553 2404 608 Α

2314 572 2316 579 ·
2359 553 2404 608 Α
2432 544 2611 606 αὐτοῖς
2636 561 2650 574 ⁴
2719 541 3110 616 Προσεύχεσθε,
3166 543 3253 594 ῖνα
3300 540 3376 612 μὴ
3432 539 3710 610 εἰσέλθητε
3747 540 3829 602 είς
3859 555 3975 589 πεισ

757 621 985 674 tiouem.
1026 641 1046 672 ι

828 709 1000 765 Marc.
1033 729 1107 780 ιι,
1139 716 1330 772 ⁸23οὲ5.
1352 749 1420 760 ——
1449 739 1468 770 ι
1497 721 1670 776 Amen
1695 722 1817 775 dico
1843 725 2021 784 vobis,
2046 726 2138 793 qtti
2172 726 2319 779 dixe-

759 802 981 858 ritlmic
1013 811 1184 862 monti
1222 830 1233 864 :
1269 811 1509 879 Tollere,
1556 824 1609 868 et
1673 815 1820 882 iacta
1869 825 1922 870 te
1961 819 2015 870 in
2057 834 2227 879 mare.
2265 828 2320 872 et

760 910 865 946 non
892 895 1224 955 haesitavcrit
1263 904 1314 956 in
1349 907 1512 960 corde
1533 907 1681 970 'suo,
1721 907 1811 961 ﬁet
1837 909 1890 961 ei
1921 909 2064 979 quod
2095 910 2318 964 dixerit.

759 985 892 1038 Cum
925 991 1148 1047 stabilis
1175 996 1240 1048 ad
1267 998 1557 1061 orandum,
1579 1000 1839 1054 dimittite
1867 1002 1914 1054 si
1942 1001 2076 1071 quid
2107 1003 2322 1058 habetis

759 1079 1024 1138 adversus
1052 1085 1314 1155 aliquem,
1349 1100 1407 1143 ut
1445 1101 1499 1145 et
1529 1090 1690 1146 Pater
1718 1102 1920 1156 vester,
1952 1094 2044 1164 qui
2080 1096 2134 1148 in
2165 1096 2323 1150 catlis

756 1179 861 1231 est.
895 1173 1134 1230 dimittat
1165 1180 1322 1234 vobis
1345 1181 1543 1236 delicta
1579 1193 1786 1248 vestra.
1827 1203 1845 1235 ι

831 1266 947 1318 Act.
1003 1284 1040 1332 I,
1080 1269 1166 1324 M.
1197 1303 1264 1313 —
1303 1291 1322 1324 ‹
1359 1273 1526 1328 Erant
1572 1275 1627 1328 hi
1669 1292 1862 1330 omnes
1910 1286 2324 1346 perseverantes

763 1360 1095 1416 unanimiter
1129 1364 1184 1418 in
1220 1367 1468 1435 oratione
1498 1376 1553 1421 et
1580 1369 1987 1423 obsecratione.
2033 1388 2052 1420 ι

834 1449 949 1504 Act.
1009 1469 1084 1515 XI,
1124 1454 1342 1510 2-4.—
1413 1479 1430 1508 ι
1493 1458 1559 1512 Et
1601 1470 1972 1517 convocantes
2035 1462 2323 1516 duodecim

765 1542 1172 1600 multitudinem
1230 1550 1650 1618 discipulorum,
1705 1553 1964 1608 dixerunt
2008 1571 2023 1607 :
2071 1553 2190 1608 Non
2243 1563 2330 1609 est

763 1649 981 1701 aequum
1040 1639 1430 1710 derelinquere
1475 1645 1700 1699 verbum
1757 1647 1874 1710 Dei,
1907 1657 1960 1700 et
2011 1649 2330 1704 ministrare

764 1727 988 1782 mensis.
1017 1731 1374 1788 Considerate
1428 1750 1582 1805 ergo,
1617 1735 1843 1801 fratres,
1886 1739 2035 1794 viros
2063 1755 2130 1794 ex
2172 1741 2328 1796 vobis

763 1814 889 1868 boni
930 1820 1235 1876 testimonii
1285 1834 1520 1892 septem,
1573 1828 1765 1896 plenos
1805 1827 2014 1899 Spiritu
2046 1839 2240 1886 sancto
2273 1841 2329 1887 et

2457 648 2646 693 ασμον.
2697 658 2714 688 ι

2424 659 2737 798 “illam;
2799 726 2942 793 λέγω
2988 725 3136 793 ὑμῖν,
3164 723 3224 786 ὃς
3250 721 3317 776 ἂν
3355 723 3482 792 εἴπῃ
3515 720 3590 791 τῷ
3620 720 3736 792 δρει
3756 719 3937 788 τούτῳ
3957 734 3973 749 ο

2426 819 2678 890 Ἄρθητι,
2708 819 2798 870 καὶ
2825 816 3049 886 βλήθητι
3072 815 3153 878 είς
3181 813 3280 883 τὴν
3309 813 3604 872 θάλασσαν.
3641 812 3732 865 καὶ
3757 811 3833 882 μὴ
3853 811 3976 864 δια-

2422 914 2586 985 κριθῇ
2610 915 2668 964 ὲν
2702 915 2766 982 τῇ
2785 910 2980 982 καρδίᾳ
3034 907 3219 970 αὑτοῦ,
3275 906 3429 960 ἔσται
3455 905 3608 976 αύτῷ
3632 907 3661 960 δ
3694 906 3788 960 ἑάν
3820 907 3972 979 εῖπῃ.

2424 1007 2592 1059 Ὅταν
2616 1003 2850 1072 στήκητε
2901 1000 3347 1072 προσευχόμενοι,
3408 1001 3600 1068 ἀφίετε
3648 1000 3702 1052 ετ
3736 1018 3791 1054 τι
3821 1001 3976 1071 ἔχετε

2423 1095 2564 1148 κατά
2585 1111 2748 1158 τινος,
2771 1093 2858 1144 ἵνα
2887 1093 2982 1145 καὶ
3012 1093 3042 1145 ὁ
3069 1091 3259 1160 Πατὴρ
3288 1089 3442 1160 ὑμῶν
3462 1093 3491 1143 ό
3519 1092 3576 1143 ὲν
3602 1094 3714 1155 τοῖς
3735 1092 3986 1164 οὖρανοξ

2424 1185 2533 1254 ἀφῇ
2561 1184 2690 1253 ὑμῖν
2710 1182 2780 1236 τά
2804 1183 3230 1254 παραπτώματα
3262 1183 3434 1252 ὑμῶν.
3456 1201 3474 1233 ι

2500 1295 2518 1327 ι
2556 1271 2716 1330 Οῦτοι
2745 1275 2949 1338 πάντες
2970 1269 3113 1345 ἦσαν
3135 1273 3674 1346 προσκαρτεροῦντες
3705 1275 3986 1347 όμοθυμαυ

2426 1372 2515 1424 δὸν
2537 1373 2600 1441 τῇ
2628 1372 2901 1441 προσευχῇ
2926 1369 3019 1423 καὶ
3039 1372 3106 1439 τῇ
3130 1369 3332 1437 δεήσει.
3383 1387 3401 1418 ι

2507 1480 2525 1513 t
2564 1461 2674 1514 Καὶ
2695 1458 3202 1530 προσκαλεσάμενοι
3235 1459 3285 1509 oi
3329 1457 3535 1511 δώδεκα
3562 1459 3624 1510 τὸ
3652 1458 3856 1526 πλῆθος
3883 1458 3997 1510 τῶν

2431 1553 2686 1624 μαθητῶν
2731 1548 2914 1607 εἶπονο
2962 1553 3076 1606 Οὐκ
3133 1553 3362 1624 ἀρεστόν
3399 1555 3515 1606 ἐστι
3561 1552 3996 1611 καταλείποντας

2429 1649 2576 1717 ἡμᾶς
2598 1646 2691 1700 τὸν
2719 1646 2877 1715 λόγον
2899 1645 2995 1700 τοῦ
3010 1645 3169 1712 Θεοῦ,
3200 1646 3465 1700 διακονεῖν
3493 1646 3811 1716 τραπέζαις.
3844 1645 3995 1697 Ἐπιο·

2432 1738 2704 1808 σκέψασθε
2730 1739 2844 1805 οῦν,
2877 1739 3115 1806 ἀδελφοὶ,
3163 1740 3363 1807 ἄνδρας
3393 1738 3451 1803 ἐξ
3481 1738 3632 1808 ὑμῶν
3678 1754 3981 1808 μαρτυρου-

2433 1833 2627 1903 μένους
2662 1833 2821 1895 ἑπτὰ,
2875 1832 3108 1902 πλήρεις
3152 1832 3469 1901 Πνεύματος
3513 1832 3610 1883 καὶ
3651 1831 3871 1900 σοφίας,
3903 1830 3997 1897 οῦς

761 1908 1046 1976 sapientia,
1089 1929 1228 1984 quos
1289 1920 1688 1976 constituamus
1736 1922 2044 1988 superhoc
2083 1925 2324 1993 negotio.
2357 1901 2402 1962 Β

2357 1901 2402 1962 Β
2431 1901 2846 1993 καταστήσομεν
2890 1901 3003 1976 tut
3031 1924 3131 1989 τῆς
3177 1923 3367 1993 χρείας
3410 1923 3637 1992 ταύτης.
3704 1925 3902 1993 Ἡμεῖς
3942 1923 4002 1974 δὲ

755 1997 869 2073 Nos
899 2010 1080 2057 autem
1105 2007 1346 2062 orationi
1407 2019 1462 2066 et
1494 2011 1808 2068 ministerio
1851 2014 2008 2068 verbi
2060 2014 2329 2072 instantes

757 2105 1026 2146 erimus.»

831 2180 993 2253 465
1039 2187 1158 2241 Act.
1221 2206 1277 2253 ι,
1331 2191 1551 2246 ini.—
1589 2212 1609 2246 ι
1662 2195 1758 2250 Vir
1808 2197 2036 2266 quidam
2093 2209 2216 2256 erat
2271 2204 2327 2256 in

762 2273 1012 2332 Caesarea
1067 2282 1289 2337 nomine
1335 2285 1655 2352 Cornelius,
1693 2292 1951 2346 centurio
1999 2307 2065 2347 ex
2101 2294 2328 2350 cohorte

763 2383 886 2434 quae
943 2371 1148 2426 dicitur
1200 2373 1410 2442 Italica,
1463 2381 1760 2450 religiosus
1785 2397 1853 2437 ac
1901 2384 2105 2440 timens
2161 2385 2330 2440 Deum

763 2477 890 2513 cum
926 2464 1077 2518 omni
1108 2465 1276 2520 domo
1308 2484 1428 2534 sua,
1467 2470 1678 2527 faciens
1708 2475 2092 2546 elccmosynas
2129 2481 2332 2536 multas

767 2554 820 2606 in
849 2555 1027 2624 plebe,
1082 2566 1137 2612 et
1197 2560 1501 2628 deprecans
1558 2563 1727 2619 Deum
1784 2582 2023 2636 semper.
2072 2567 2225 2624 Vidit
2275 2571 2330 2626 in

765 2648 886 2701 visu
921 2649 1216 2706 manifeste
1246 2655 1399 2730 [circa
1443 2657 1634 2710 horam
1671 2657 1778 2714 diei
1826 2675 2026 2721 nonam
2076 2664 2332 2732 angelum

769 2740 861 2794 Dei
901 2743 1273 2802 introeuntem
1306 2748 1373 2800 ad
1415 2765 1495 2812 se,
1527 2760 1584 2804 et
1615 2750 1890 2806 dicentem
1915 2753 2021 2808 sibi
2048 2772 2064 2807 :
2090 2754 2330 2811 Corneli.

767 2835 835 2885 At
868 2834 958 2889 ille
984 2835 1204 2892 intuens
1236 2839 1289 2892 in
1322 2855 1471 2902 eum,
1505 2849 1559 2894 t-t
1593 2843 1788 2898 timore
1817 2853 2130 2914 correptus,
2169 2847 2330 2902 dixit:

763 2926 908 2990 Quid
942 2937 1049 2995 est,
1082 2931 1348 2988 Domine?
1388 2934 1532 2987 Dixit
1564 2944 1745 2989 autem
1780 2936 1833 2991 ei
1863 2956 1876 2990 :
1908 2938 2201 2993 Orationes
2230 2949 2335 2993 tua:

768 3027 821 3070 et
881 3020 1244 3094 eleemosyna:
1312 3035 1423 3080 tuae
1472 3028 1849 3083 ascenderunt
1913 3029 1969 3084 in
2031 3040 2332 3101 conspectu

771 3109 886 3164 Dei.
929 3130 948 3162 ι

843 3202 1031 3260 Enhes.
1067 3221 1142 3273 vr,
1192 3208 1278 3262 18.
1331 3240 1395 3253 —
1443 3228 1462 3261 ι
1510 3209 1611 3264 Per
1673 3226 1890 3265 omnem
1929 3213 2239 3266 orationem
2279 3222 2403 3303 etc

767 3298 1206 3354 obsecrationem
1262 3311 1487 3357 orantes
1538 3303 1687 3356 omni
1731 3312 1980 3372 tempore
2025 3304 2082 3357 in
2114 3304 2332 3373 spiritu,

769 3398 823 3441 et
848 3389 899 3443 in
934 3391 1052 3458 ipso
1087 3393 1377 3462 vigilantes
1412 3396 1465 3448 iu
1505 3396 1656 3448 omni
1693 3395 1956 3450 instantia
1988 3406 2043 3451 et
2073 3397 2337 3452 obsecra-

768 3481 921 3534 tione
949 3497 1048 3550 pro
1080 3485 1338 3537 omnibus
1369 3486 1605 3550 sanctis,
1634 3495 1690 3539 et
1718 3501 1819 3556 pro
1854 3502 1960 3542 mc.
1997 3505 2015 3538 ι

842 3572 868 3625 1
897 3571 1034 3625 Tim.
1075 3589 1134 3635 tt,
1182 3575 1235 3634 1,
1269 3575 1321 3628 8.
1351 3606 1418 3614 -
1445 3594 1465 3626 ι
1523 3575 1768 3631 Obsecro
1799 3578 2040 3645 primum
2093 3580 2338 3635 omnium

774 3663 890 3715 ﬁeri
915 3663 1353 3726 obsecrationes.
1402 3667 1708 3733 orationes,
1743 3668 2172 3736 postulationes,
2210 3686 2340 3740 gra-

773 3756 971 3806 tiurum
1007 3756 1256 3810 actiones
1307 3772 1404 3825 pro
1433 3759 1693 3814 omnibus
1724 3759 2078 3828 hominibus;
2115 3778 2214 3831 pro
2255 3779 2341 3818 rc-

773 3849 1026 3915 gibus,et
1055 3850 1314 3904 oumibus
1347 3849 1441 3918 qui
1474 3851 1527 3903 in
1561 3851 1902 3906 sublimitate
1931 3862 2063 3907 sunt
2092 3863 2152 3908 ut
2181 3856 2340 3923 quie-

777 3950 886 3991 tam
917 3949 968 3992 et
1001 3942 1351 4008 tranquillam
1381 3944 1550 3996 vitam
1584 3958 1813 4009 agamus
1858 3944 1910 3999 in
1943 3948 2093 4000 omni
2135 3949 2342 4017 pietate

775 4041 830 4084 et
858 4034 1134 4086 castitate.
1161 4032 1274 4084 Hoc
1306 4035 1450 4087 enim
1480 4035 1682 4088 bonum
1707 4046 1791 4090 est
1819 4051 2004 4091 coram
2036 4037 2166 4093 Deo.
2208 4039 2340 4094 Volo

778 4123 926 4176 viros
979 4139 1139 4177 orare
1197 4127 1250 4178 in
1298 4127 1445 4180 omni
1477 4127 1623 4190 loco,
1659 4109 1904 4183 levantes
1941 4144 2107 4197 puras
2139 4146 2338 4186 manus

776 4215 899 4268 sine
926 4215 1006 4268 ira
1035 4225 1089 4270 et
1118 4216 1544 4286 disceptatione.
1579 4216 1869 4284 Similiter,
1908 4228 1963 4273 et
1993 4221 2271 4286 mulieres,
2315 4243 2335 4274 ι

776 4315 883 4361 ctc.

847 4397 970 4452 Jac.
1005 4416 1056 4462 v,
1093 4400 1178 4465 13,
1214 4400 1297 4464 14,
1329 4400 1414 4453 15.
1443 4431 1513 4440 ——
1545 4420 1562 4451 ι
1597 4401 1875 4456 Tristatur
1895 4404 2019 4471 quis
2053 4405 2108 4458 in
2145 4405 2342 4459 vobis?

777 4503 921 4545 oret.
963 4491 1146 4560 aliquo
1187 4494 1370 4546 animo
1419 4493 1554 4547 est?
1591 4495 1808 4564 psallat.
1866 4495 2180 4550 lnﬁrmatur
2219 4499 2343 4566 quis

2430 2018 2712 2086 προσευχῇ
2747 2015 2842 2069 καὶ
2869 2018 2935 2086 τῇ
2965 2015 3212 2086 διακονίᾳ
3237 2015 3331 2068 τοῦ
3365 2016 3523 2083 λόγου
3551 2015 3793 2085 ἐσόμεθα
3819 2031 3995 2085 προσ-

2431 2124 2501 2160 κα
2510 2105 2844 2177 ρτεροῦντες.
2882 2125 2902 2158 ι

2507 2219 2525 2250 ‹
2573 2200 2737 2269 ’Δνήρ
2759 2217 2842 2262 τις
2873 2195 2942 2270 ἦν
2969 2199 3028 2252 ἐν
3057 2196 3368 2268 Καισαρείᾳ
3386 2239 3401 2261 ,
3424 2196 3648 2263 ὀνόματι
3673 2194 4002 2264 Κορνήλιος,

2429 2292 2853 2362 ἑκατοντάρχης,
2874 2292 2939 2344 ὲκ
2959 2291 3190 2362 σπείρης
3217 2291 3316 2358 τῆς
3343 2288 3683 2358 καλουμένης
3709 2287 4004 2354 Ἰταλικῆς.

2431 2383 2683 2455 εὐσεϐὴς,
2721 2384 2816 2436 καὶ
2854 2383 3192 2454 φοϐούμενος
3234 2382 3368 2434 Θεὸν
3399 2382 3497 2434 σὺν
3545 2381 3704 2433 παντὶ
3752 2378 3833 2448 τῷ
3865 2379 4005 2439 οἴκῳ

2431 2474 2619 2540 αὐτοῦ,
2663 2475 2834 2530 ποιῶν
2882 2474 3252 2546 ἐλεημοσύνας
3282 2473 3484 2536 πολλὰς
3527 2474 3586 2524 ἐν
3613 2471 3692 2542 τῷ
3733 2471 3873 2540 λαῷ,
3908 2475 3999 2526 Li

2431 2568 2683 2638 δεόμενος
2713 2567 2849 2622 Θεοῦ
2887 2568 2977 2621 διά
3018 2565 3241 2631 παντός.
3278 2563 3428 2620 Εἷδεν
3461 2568 3520 2618 ἐν
3556 2567 3794 2636 ὁράματι
3837 2582 4004 2633 φανε-

2436 2662 2562 2734 ρῶς,
2601 2662 2677 2723 ὡς
2707 2661 2838 2732 περὶ
2881 2660 3030 2731 ὥραν
3077 2661 3306 2732 ὲννάτην
3347 2661 3448 2729 τῆς
3489 2659 3723 2728 ἡμέρας,
3768 2657 4010 2725 ἄγγελον

2432 2754 2526 2807 τοῦ
2553 2754 2688 2807 Θεοῦ
2714 2752 3027 2807 εἰσελθόντα
3062 2753 3200 2822 πρὸς
3226 2752 3411 2816 αὑτὸν,
3449 2753 3545 2805 καὶ
3571 2751 3796 2803 εἰπόντα
3825 2750 3997 2817 αύτῷ.

2434 2845 2720 2915 Κορνήλιε.
2760 2845 2820 2898 '0
2860 2845 2919 2898 δὲ
2961 2845 3215 2905 ἀτενίσας
3252 2843 3420 2914 αὐτῷ,
3451 2845 3545 2896 καὶ
3582 2842 3820 2912 ἔμφοϐος
3846 2844 4006 2909 γενό-

2437 2955 2625 3006 μενος.
2675 2933 2830 2990 εἴπεο
2862 2937 2928 2989 Τί
2981 2938 3130 3001 ἐστι,
3158 2937 3347 3005 κύριε;
3393 2931 3527 2989 Εἷπε
3575 2934 3632 2987 δὲ
3687 2934 3874 3004 αύτῷ·
3938 2931 4010 2987 Αἱ

2437 3029 2736 3100 προσευχαί
2774 3047 2870 3084 σου
2919 3032 3014 3084 καὶ
3050 3031 3414 3101 ἐλεημοσύναι
3463 3047 3558 3082 σου
3607 3028 3883 3099 ἀνέϐησαν
3920 3029 4013 3081 ἐν·

2435 3121 2606 3175 ώπιον
2633 3122 2728 3174 τοῦ
2757 3123 2914 3178 Θεοῦ.
2946 3141 2965 3175 ι

2512 3231 2530 3262 ι
2563 3211 2664 3264 Διὰ
2700 3213 2880 3281 πάσης
2909 3213 3076 3284 εὐχῆς
3099 3213 3194 3266 καὶ
3230 3214 3467 3283 δεήσεως
3494 3212 3924 3284 προσευχόμενοι
3949 3213 4004 3266 ὲκ.

2440 3303 2602 3355 παντὶ
2626 3303 2804 3373 καιρῷ
2831 3305 2889 3356 ὲν
2908 3304 3199 3372 πνεύματι,
3224 3307 3318 3357 καὶ
3338 3307 3419 3368 εἰς
3443 3305 3574 3357 αὐτὸ
3594 3306 4004 3376 ἀγρυπνοῦντες

2439 3393 2498 3444 ὲν
2541 3392 2692 3465 πάσῃ
2740 3395 3236 3464 προσκαρτερήσει,
3269 3395 3364 3448 καὶ
3394 3396 3574 3465 δεήσει
3623 3397 3753 3466 περὶ
3784 3397 4006 3451 πάντων

2440 3481 2548 3534 τῶν
2576 3482 2770 3549 ἁγίων,
2793 3484 2887 3536 καὶ
2917 3483 3057 3554 ὑπὲρ
3086 3485 3245 3553 ἐμοῦ.
3277 3503 3296 3536 ι

2521 3591 2539 3623 ι
2581 3574 2888 3642 Παρακαλῶ
2942 3575 3050 3644 πρὸ
3103 3575 3330 3636 ,πάντων
3360 3615 3376 3639 ,
3423 3576 3697 3630 ποιεῖσθαι
3751 3578 4004 3648 δεήσεις,

2441 3663 2772 3734 προσευχὰς,
2805 3665 3097 3729 ἐντεύξεις,
3129 3667 3478 3736 εὐχαριστίας
3498 3668 3634 3737 ὑπὲρ
3660 3670 3881 3722 πάντων
3913 3675 4002 3724 άν-

2442 3753 2694 3823 θρώπων,
2714 3757 2854 3826 ὑπὲρ
2882 3755 3166 3825 βασιλέων,
3185 3759 3278 3811 καὶ
3302 3760 3518 3812 πάντων
3540 3761 3646 3812 τῶν
3672 3761 3730 3812 ὲν
3757 3761 4006 3832 ὑπεροχῇ

2440 3846 2631 3910 ὄντων,
2664 3848 2730 3900 ἶν’
2782 3849 2990 3919 ήρεμον
3043 3851 3137 3903 καὶ
3192 3851 3412 3920 ἡσύχιον
3445 3851 3560 3920 βίον
3610 3853 3893 3922 διάγωμεν
3950 3856 4012 3906 ἐν

2442 3940 2588 4010 πάσῃ
2637 3939 2888 4010 εὐσεϐείᾳ
2950 3941 3045 3993 καὶ
3104 3942 3415 4010 σεμνότητι.
3467 3942 3636 3995 Τοῦτο
3682 3945 3794 4014 γὰρ
3839 3946 4004 3998 καλδτ

2443 4029 2673 4084 ἐνώπιον
2697 4031 2792 4084 τοῦ
2836 4033 2995 4085 Θεοῦ.
3029 4032 3300 4103 Βούλομαι
3331 4035 3730 4104 προσεύχεσθαι
3758 4039 3893 4100 τοὺς
3918 4043 4002 4093 ἁν-

2441 4122 2572 4194 δρας
2609 4123 2666 4175 ἐν
2686 4125 2851 4177 παντὶ
2874 4125 3043 4197 τόπῳ,
3075 4126 3393 4196 ἐπαίροντες
3421 4127 3573 4189 ὁσίας
3598 4131 3806 4198 χεῖρας,
3837 4134 4001 4198 χωρὶς

2441 4214 2612 4284 ὀργῆς
2642 4216 2735 4268 καὶ
2766 4215 3136 4286 διαλογισμοῦ.
3173 4217 3444 4280 Ὡσαύτως
3466 4221 3558 4271 καὶ
3590 4225 3879 4288 γυναῖκας.
3913 4242 3932 4273 ι

2519 4415 2538 4447 ι
2566 4397 2884 4452 Κακοπαθεί
2907 4417 2992 4462 τις
3013 4399 3087 4468 {Av
3119 4399 3283 4470 ύμῖν;
3318 4402 3724 4471 προσευχέσθω.
3766 4404 4007 4473 [εὐθυμεῖ

2444 4502 2560 4552 τις;
2584 4487 2852 4555 ψαλλέτω.
2890 4490 3130 4542 Ἀσθενεῖ
3156 4508 3237 4553 τις
3264 4493 3320 4542 ἐν
3353 4493 3512 4561 ὑμῖν;
3537 4494 4006 4562 προσκαλεσάσθω

780 4584 835 4635 in
867 4583 1069 4637 vobis?
1107 4583 1330 4636 inducat
1382 4584 1731 4654 presbyteros
1775 4587 2058 4651 Ecclesim,
2097 4600 2151 4642 et
2181 4599 2342 4644 orent
2371 4592 2419 4651 D

2337 4606 2342 4642 μ
2371 4592 2419 4651 D
2446 4579 2566 4639 τοὺς
2598 4578 3002 4650 πρεσϐυτέρους
3039 4581 3140 4650 τῆς
3175 4582 3529 4652 Ἐκκλησίας,
3563 4587 3652 4636 καὶ
3711 4589 3998 4654 προσεύξα-

781 4688 946 4739 super
978 4688 1127 4734 eum,
1175 4681 1443 4740 ungentes
1490 4690 1614 4727 cum
1643 4676 1764 4731 oleo
1805 4686 1998 4730 sancto
2032 4678 2085 4731 in
2121 4680 2345 4734 nomine

782 4763 995 4836 Domini
1025 4781 1038 4828 ;
1069 4771 1124 4817 ct
1163 4763 1342 4818 oratio
1375 4764 1502 4819 ﬁdei
1547 4768 1780 4821 salvabit
1831 4769 2130 4836 inﬁrmum,
2179 4789 2198 4824 ι
2231 4779 2341 4827 etc.

855 4944 881 4998 1
913 4944 1057 4998 l’etr.
1113 4963 1186 5010 tv,
1214 4950 1267 5000 7.
1297 4977 1368 4988 —-
1400 4967 1418 4999 ι
1458 4947 1648 5005 Estote
1679 4934 1998 5020 prudentes,
2043 4962 2098 5010 et
2125 4955 2346 5024 vigilate

784 5036 840 5089 iu
865 5040 1235 5094 orationibus.
1277 5059 1296 5090 ι

856 5129 913 5182 S.
949 5128 1170 5200 Gregor.
1205 5131 1348 5188 Naz.
1374 5163 1445 5174 -—
1492 5133 1571 5190 Ne
1631 5135 1810 5206 exigui
1844 5138 2050 5206 ingenii
2076 5151 2343 5206 taxemur,

784 5235 953 5288 parva
987 5222 1241 5277 videlicet
1267 5225 1620 5291 postulando,
1656 5241 1719 5279 ac
1749 5226 1992 5282 donante
2029 5229 2273 5298 indigna.

863 5311 919 5365 S.
953 5312 1175 5382 (ἕτερον.
1226 5313 1400 5384 Nysa.
1425 5348 1492 5356 —
1524 5317 1736 5373 Sonora
1763 5329 1850 5373 est
1884 5337 1945 5374 ea
1985 5338 2089 5375 vox
2126 5339 2246 5391 quae
2276 5323 2344 5378 ad

791 5403 1009 5458 divinas
1037 5419 1199 5460 aures
1248 5407 1495 5460 ascendit
1529 5426 1541 5460 :
1582 5424 1685 5460 non
1720 5409 1925 5463 clamor
1966 5411 2052 5464 ille
2086 5413 2179 5480 qui
2219 5428 2345 5466 cum

794 5498 975 5565 aliqua
1027 5502 1374 5553 contentione
1439 5501 1640 5566 editur,
1697 5502 1796 5555 sed
1840 5503 2102 5570 cogitatio
2151 5521 2272 5573 quae
2317 5520 2348 5558 a

794 5605 930 5657 pura
961 5591 1300 5644 conscientia
1340 5591 1638 5644 emittitur.

871 5681 1060 5750 Ejuad.
1095 5692 1235 5736 crat.
1277 5683 1299 5734 1
1337 5685 1390 5734 in
1425 5684 1577 5737 Orat.
1635 5682 1848 5737 Domin.
1903 5715 1966 5723 —
2031 5683 2349 5755 Sejungitur

799 5792 831 5830 a
865 5773 972 5830 Deo
996 5777 1087 5846 qui
1117 5778 1358 5845 scipsum
1408 5776 1457 5828 ei
1502 5792 1596 5845 per
1644 5768 1952 5833 orationem
2000 5777 2109 5833 miu
2137 5794 2224 5833 me
2255 5793 2349 5833 co—

802 5871 977 5940 pulat.
1025 5871 1207 5939 Itaque
1243 5869 1374 5923 illud
1403 5870 1634 5937 primum
1663 5885 1725 5924 ex
1764 5868 2047 5924 Scriptura
2075 5871 2348 5925 discamus

2450 4668 2666 4722 σθωσαν
2705 4671 2792 4722 ἐπ’
2833 4672 3014 4736 αὑτὸν,
3047 4673 3365 4742 ἀλείψαντες
3399 4676 3555 4728 αὑτὸν
3589 4677 3753 4743 ἐλαίῳ
3802 4680 3861 4729 ἐν
3895 4681 3982 4730 tv;

2450 4776 2582 4829 ματι
2624 4759 2720 4813 τοῦ
2755 4761 2996 4832 Κυρίου·
3043 4763 3136 4816 καὶ
3186 4766 3220 4834 ή
3255 4764 3388 4834 εὐχὴ
3423 4765 3518 4834 τῆς
3553 4765 3793 4827 πίστεως
3847 4768 4011 4819 σώσει

2445 4850 2536 4902 τὸν
2559 4850 2855 4920 κάμνοντα.
2895 4870 2914 4902 ι

2523 4961 2541 4992 ι
2574 4941 2989 5011 Σωφρονήσατε,
3025 4945 3119 4994 καὶ
3145 4943 3349 5013 νήψατε
3375 4945 3451 5005 εἰς
3481 4942 3811 5012 προσευχάς.
3845 4963 3862 4996 ι

2522 5127 2613 5197 Μὴ
2665 5105 3019 5197 μικρολογίαν
3075 5124 3580 5194 καταγωσθῶμεν,
3616 5128 3673 5180 ἐν
3722 5129 3801 5200 τῷ
3839 5139 4010 5200 μικρὰ

2451 5223 2624 5275 αἰτεῖν
2660 5221 2830 5291 ήμᾶς,
2861 5221 2956 5275 καὶ
2983 5219 3077 5272 τοῦ
3110 5220 3340 5282 διδόντος
3371 5219 3582 5284 ἀνάξια.

2519 5312 2728 5382 Εύηχός
2785 5312 2935 5364 ἐστιν
2994 5310 3175 5380 ἐκείνη
3227 5312 3261 5380 ή
3306 5311 3490 5380 φωνὴ,
3549 5311 3641 5364 καὶ
3698 5312 3860 5381 μέχρι
3914 5314 4016 5380 τῆς

2453 5404 2604 5467 θείας
2636 5403 3003 5456 ἀναϐαίνουσα
3056 5402 3246 5470 ἀκοῆς,
3275 5403 3371 5471 οὐχ
3398 5402 3431 5470 ή
3464 5401 3602 5470 μετά
3643 5418 3787 5464 τινος
3819 5403 4013 5455 διατά-

2452 5515 2588 5559 σεως
2615 5495 2873 5566 γινομένη
2923 5496 3158 5564 κραυγὴ,
3184 5492 3297 5546 ἀλλ’
3327 5496 3359 5562 ή
3398 5494 3504 5546 ἀπὸ
3548 5495 3798 5565 καθαρᾶς
3835 5513 4000 5546 euut-

2449 5591 2511 5658 δή
2523 5606 2656 5646 seu);
2684 5587 3121 5656 ἀναπεμπομένη
3151 5585 3464 5653 ὲνθύμησις.

2523 5682 2835 5751 Χωρίζεται
2866 5677 3024 5740 Θεοῦ,
3045 5679 3075 5730 ό
3107 5677 3180 5746 μὴ
3208 5678 3491 5728 συνάπτων
3515 5676 3708 5729 ἑαυτὸν
3734 5675 3820 5728 διά
3850 5693 4024 5744 προσ-

2454 5772 2615 5840 ευχῆς
2647 5771 2722 5840 τῷ
2757 5769 2893 5823 Θεῶ.
2933 5766 3144 5822 Οὐκοῦν
3183 5764 3339 5818 τοῦτο
3391 5770 3493 5836 χρή
3548 5768 3815 5838 πρότερον
3863 5769 4018 5835 ἡμᾶς

2453 5867 2763 5935 διδαχθῆναί
2800 5855 2876 5934 τῷ
2900 5863 3060 5932 λόγῳ,
3089 5865 3168 5916 ὅτι
3210 5867 3292 5923 δεῖ
3327 5866 3551 5920 πάντοτε
3588 5861 4008 5932 προσεύχεσθαι,
