4206 6442
193 367 321 434 1441

1435 359 1673 418 SACRA
1719 359 1910 418 PARA
1920 360 2180 420 LLELn.

3271 357 3413 422 1442

193 485 279 538 καὶ
311 480 386 552 μὴ
426 477 706 533 ἐκκακεῖν.
740 475 836 528 Ἐκ
875 475 984 544 γὰρ
1017 472 1111 525 τοῦ
1154 473 1550 544 προσεύχεσθαι
1593 492 1749 544 περι-

1855 484 2108 541 oportere
2173 488 2390 542 semper
2447 489 2640 535 orare,
2710 490 2810 529 nec
2867 490 3113 546 unquam
3181 475 3415 533 deﬁcere

196 580 393 645 γίνεται
441 573 502 627 τὺ
547 571 685 642 μετὰ
733 587 826 622 του
875 568 1010 621 Θεοῦ
1045 564 1216 620 εἶναι·
1252 570 1281 619 6
1311 569 1367 621 δὲ
1422 569 1556 636 μετὰ
1606 568 1743 621 Θεου

191 671 279 735 ὢν,
314 668 411 721 τοῦ
441 663 822 734 ἀντικειμένου
857 660 1211 731 κεχώρισται.

256 850 543 924 Προσευχὴ
574 848 653 919 τῷ
687 849 786 919 μὲν
818 847 974 917 Ἰωνᾷ
1005 846 1066 899 τὸ
1103 845 1268 916 κῆτος
1297 839 1444 898 οἷκον
1469 846 1746 917 ἐποίησεν,

187 949 275 1000 τὸν
304 946 362 998 δὲ
404 942 652 1008 Ἐζεκίαν
696 943 761 995 ἐκ
805 941 916 994 τῶν
951 937 1134 992 πυλῶν
1193 937 1289 991 τοῦ
1333 938 1564 991 θανάτου
1613 937 1749 1008 πρὸς

185 1036 331 1109 ζωὴν
363 1036 702 1106 ἐπανήγαγε,
758 1035 871 1094 τοῖς
924 1032 979 1084 δὲ
1023 1031 1172 1102 τρισὶ
1224 1029 1363 1105 νέοις
1413 1032 1492 1093 εἰς
1533 1028 1751 1099 πνεῦμα

187 1129 457 1202 δροσῶδες
483 1128 584 1197 τὴν
612 1126 785 1196 φλόγα
816 1124 1061 1194 ἔτρεψεν.

264 1221 326 1273 '0
357 1221 418 1272 ἐν
445 1217 624 1288 καιρῴ
654 1215 959 1288 προσευχῆς
991 1214 1066 1284 μή
1101 1212 1238 1282 πρὸς
1272 1210 1340 1264 τὰ
1370 1211 1753 1264 λυσιτελοῦντα

184 1316 250 1384 τῇ
273 1313 423 1383 ψυχῇ
446 1311 757 1381 τεταμένος,
783 1306 918 1361 ἀλλὰ
941 1305 1076 1378 πρὸς
1099 1306 1197 1367 τὰς
1227 1304 1493 1374 ἐμπαθεῖς
1517 1304 1614 1373 τῆς
1641 1304 1755 1358 διαο

186 1405 335 1467 νοίας
368 1403 613 1473 κινήσεις
639 1396 1066 1453 συνδιατίθεσθα.
1094 1397 1186 1448 τὸν
1214 1393 1348 1446 Θεὸν
1375 1393 1563 1459 ἀξιῶν,
1590 1393 1756 1464 λῆρός

186 1496 269 1556 τίς
292 1497 444 1546 ἐστιν
465 1496 538 1555 ὡς
561 1491 801 1560 ἀληθῶς,
819 1488 916 1540 καὶ
948 1484 1293 1556 βαττολόγος,
1320 1483 1415 1537 καὶ
1445 1482 1755 1552 φληνάφης,

185 1591 282 1640 καὶ
313 1585 577 1656 φλυαρὸς,
603 1584 696 1636 καὶ
723 1583 776 1634 εἴ
801 1598 852 1633 τι
896 1579 1023 1633 ἄλλο
1050 1577 1150 1647 τῆς
1188 1575 1444 1644 τοιαύτης
1479 1575 1756 1646 σημασίας

185 1677 325 1730 ἐστί.
359 1675 523 1746 Παρὰ
554 1675 647 1725 σοῦ
683 1689 772 1742 μοι
805 1670 940 1741 ζωὴ,
976 1668 1127 1739 παρά
1183 1668 1276 1721 σοῦ
1308 1666 1553 1736 γενέσθω
1590 1667 1687 1720 καὶ
1723 1668 1758 1737 ή

183 1768 325 1840 πρὸς
350 1767 416 1820 τὸ
442 1766 541 1836 ζῇν
566 1764 813 1834 ἀφορμή.

1845 567 1984 635 (Luc
2045 583 2198 630 mu,
2233 567 2323 635 1).
2357 567 2641 637 Siquidem
2677 581 2772 636 per
2802 570 3110 623 orationem
3157 569 3261 624 hoc
3289 558 3416 638 quis

1849 659 2233 729 consequitur,
2272 668 2331 712 ut
2359 674 2487 712 cum
2520 660 2628 713 [leo
2656 669 2766 726 snt;
2804 661 2898 728 qui
2925 669 3109 715 autem
3143 677 3270 716 cum
3309 662 3418 716 Deo

1847 760 1952 815 cst,
1990 753 2058 803 ab
2088 752 2410 805 adversario
2442 753 2666 806 avulsus
2694 759 2801 806 est.

1921 842 2067 897 Ibid.
2099 845 2372 897 —Uratio
2402 841 2553 897 Jonae
2585 845 2803 913 quidem
2836 855 3018 900 cetum
3043 846 3267 901 domum
3295 862 3420 903 esse

1850 934 2024 1004 ipsius
2068 936 2321 1004 paravit;
2387 935 2675 990 Ezechiam
2732 952 2862 991 vero
2908 953 2973 992 ex
3015 938 3190 1007 portis
3222 941 3422 993 mortis

1851 1026 1923 1081 ad
1955 1028 2124 1080 vitam
2155 1027 2406 1094 redunt;
2441 1029 2622 1084 tribus
2663 1030 3114 1086 adolescentibus
3140 1030 3420 1085 ﬂammam

1853 1119 1907 1173 iu
1939 1121 2214 1174 roscidam
2248 1137 2436 1175 auram
2464 1123 2762 1176 convertit.

1927 1207 2067 1263 Ibid.
2093 1241 2161 1250 —
2193 1211 2298 1276 Qui
2325 1212 2380 1265 in
2406 1222 2649 1281 tempore
2681 1212 2954 1268 orationis
2985 1229 3093 1267 non
3121 1213 3187 1267 ad
3211 1229 3272 1268 ea
3303 1230 3425 1283 quae

1855 1304 2050 1357 animae
2096 1305 2435 1368 conducunt,
2477 1314 2714 1360 mentem
2772 1305 3033 1369 attend’t,
3069 1306 3164 1359 sed
3206 1307 3430 1360 vitiosis

1855 1395 2212 1468 cegitattonis
2247 1413 2363 1452 sua:
2396 1398 2633 1453 motibus
2668 1398 2837 1452 Deum
2882 1399 3112 1468 obsequi
3157 1401 3424 1469 postulat,

1858 1486 1946 1542 hic
2009 1497 2245 1558 nugator
2291 1489 2450 1558 plane
2498 1500 2552 1543 et
2607 1490 2907 1544 blaterator
2949 1501 3060 1556 est,
3093 1507 3155 1545 ac
3184 1492 3428 1544 multilo-

1857 1594 2024 1647 quus,
2071 1587 2126 1633 et
2162 1594 2207 1633 sn
2245 1580 2391 1648 ,quid
2456 1580 2602 1634 aliud
2663 1580 2910 1634 eamdem
2965 1582 3427 1652 signiﬁcationem

1861 1669 2001 1723 habe
2035 1712 2042 1714 .
2083 1670 2195 1724 Abs
2227 1679 2279 1722 te
2324 1671 2455 1724 mihi
2510 1674 2622 1724 vita
2655 1681 2740 1726 est
2768 1690 2780 1726 :
2827 1672 2926 1726 abs
2954 1680 3007 1726 te
3038 1687 3261 1743 quoque
3289 1672 3428 1732 mihi

1861 1762 1934 1817 sit
1958 1761 2085 1815 vitae
2112 1761 2416 1816 subsidium

275 1859 508 1930 Ἐπειδὴ
534 1858 634 1928 τῆς
663 1857 757 1909 τοῦ
787 1852 996 1923 ἀγαθοῦ
1025 1852 1260 1925 κρίσεως
1286 1851 1643 1922 ἀπεπλανηθη
1672 1850 1760 1904 διὰ

1933 1852 2126 1927 Ejusd.
2159 1865 2300 1907 orat.
2332 1856 2385 1908 5.
2419 1885 2490 1927 -_—
2512 1853 2785 1920 Quoniam
2823 1872 2917 1926 per
2947 1856 3150 1910 diaboli
3186 1856 3436 1911 fraudem

184 1958 288 2027 τῆς
314 1953 594 2024 ἀπάτηςή
629 1948 945 2021 ἀνθρωπίνη
972 1947 1158 2017 φύσις,
1200 1945 1297 2000 καὶ
1327 1945 1463 2016 πρὸς
1492 1946 1552 1998 τὸ
1582 1947 1762 2016 χεῖρον

185 2050 219 2118 ή
273 2045 394 2116 ζωὴ
444 2045 556 2097 τῶν
589 2041 893 2114 ἀνθρώπων
940 2038 1349 2110 κατεκρατήθη,
1382 2039 1559 2101 καλῶς
1609 2036 1761 2107 εὐχό-

184 2137 331 2208 μεθα
366 2137 468 2189 τοῦ
506 2133 643 2187 Θεοῦ
685 2132 783 2198 τὴν
818 2130 1097 2201 βασιλείαν
1133 2130 1332 2184 ἐλθεῖν.
1375 2131 1448 2183 Οὐ
1481 2130 1589 2201 γὰρ
1614 2129 1764 2182 ἔστιν

179 2228 367 2292 ἄλλως
400 2226 621 2280 ἐκδῦναι
662 2223 760 2296 τήν
789 2223 1034 2294 πονηρὰν
1055 2223 1156 2292 τῆς
1189 2222 1393 2293 φθορᾶς
1425 2222 1760 2284 δυναστείαν,

183 2322 262 2391 μὴ
297 2321 403 2389 τῆς
435 2316 699 2382 ζωοποιοῦ
738 2315 1020 2385 δυνάμεως
1061 2314 1145 2383 ἐφ’
1181 2314 1336 2385 ἡμῶν
1367 2313 1765 2384 ἀπιλαῦούσης

177 2410 244 2463 τὸ
285 2411 516 2480 κράτος.
565 2408 690 2460 Ἐὰν
719 2403 811 2460 οὖν
841 2405 1292 2478 προσευξώμεθα,
1323 2408 1497 2476 ταύτῃ
1524 2409 1588 2476 τῇ
1615 2405 1768 2457 δυνά-

184 2520 280 2573 μει
307 2501 406 2555 τὸν
434 2501 567 2553 Θεὸν
591 2500 945 2570 ίκετεύωμεν·
991 2498 1383 2567 Ἀπαλλαγείην
1413 2500 1514 2568 τῆς
1538 2499 1766 2569 φθορᾶς·

182 2592 627 2664 ἐλευθερωθείην
647 2593 741 2646 τοῦ
768 2591 997 2645 θανάτου
1022 2607 1037 2623 ·
1075 2591 1275 2662 μηκέτι
1308 2607 1412 2642 κατ
1461 2590 1596 2661 ἐμοῦ
1621 2590 1769 2661 βασι-

179 2688 405 2740 λευέτω
444 2687 513 2739 τὰ
579 2685 674 2739 νῦν
727 2681 1129 2753 ἐπικρατοῦντα
1180 2681 1358 2751 πάθη,
1401 2682 1534 2752 μηδὲ
1591 2684 1770 2750 ἀγέτω

184 2795 254 2850 με
285 2781 316 2832 6
352 2778 617 2846 πολέμιος
661 2776 748 2828 διὰ
779 2777 880 2845 τῆς
924 2773 1198 2844 ἁμαρτίας
1246 2772 1621 2843 αἰχμάλωτονο
1652 2773 1767 2827 ἀλλ’

179 2868 398 2923 ἐλθέτω
432 2868 518 2920 ἐπ’
551 2867 650 2938 ἐμὲ
699 2869 734 2938 ή
784 2865 1030 2936 βασιλεία
1077 2882 1193 2931 σου,
1226 2865 1313 2917 ἵνα
1357 2866 1693 2936 ἀποχωρήσῃ
1736 2867 1769 2936 ή

179 2961 284 3014 τοῦ
321 2959 575 3013 ἐναντίου
610 2958 882 3028 τυραννίς.
928 2956 1003 3010 Οὐ
1040 2956 1150 3027 γὰρ
1179 2957 1439 3027 ὑπομένει
1468 2959 1529 3010 τὸ
1579 2958 1770 3020 σκότος

181 3051 288 3124 τὴν
329 3049 434 3103 τοῦ
478 3048 653 3118 φωτὸς
692 3046 1020 3116 παρουσίαν,
1061 3047 1122 3100 οὺ
1154 3047 1307 3110 νόσος
1357 3047 1547 3114 ὑγείας
1591 3044 1773 3098 ἐπιλα-

1863 1959 1893 1998 a
1921 1943 2049 1998 boui
2096 1946 2458 2001 aestimatione
2490 1946 2736 2001 humana
2774 1957 2976 2002 natura
3008 1950 3306 2013 aberravit,
3346 1959 3435 2002 at-

1864 2050 1972 2106 que
2003 2051 2031 2088 a
2067 2036 2200 2090 vitio
2232 2037 2340 2091 vita
2374 2045 2563 2092 nostra
2608 2049 2866 2109 superata
2915 2048 3022 2101 est,
3065 2048 3214 2094 recte
3243 2055 3437 2108 preca-

1865 2143 1990 2184 mur
2025 2136 2085 2182 ut
2133 2145 2362 2200 regnum
2414 2129 2506 2184 Dei
2566 2132 2770 2185 veniat.
2807 2129 3000 2201 Neque
3029 2133 3181 2184 enim
3209 2135 3316 2186 alia
3351 2149 3440 2185 ra-

1867 2221 2016 2275 tione
2081 2236 2112 2274 a
2163 2236 2331 2290 prava
2396 2221 2776 2291 corruptionis
2831 2222 3209 2276 dominatione
3271 2224 3440 2278 eximi

1868 2326 2186 2380 possumus,
2227 2311 2331 2366 nisi
2385 2312 2601 2366 viviﬁca
2640 2313 2886 2383 potentia
2932 2313 3223 2382 imperium
3252 2315 3306 2367 in
3338 2330 3444 2370 nos

1867 2404 2186 2474 arripiente.
2228 2403 2500 2470 Quocirca
2552 2420 2678 2459 cum
2726 2405 3031 2468 orabimus,
3090 2405 3193 2460 hac
3244 2408 3444 2461 verbo-

1868 2509 1992 2548 rum
2026 2496 2078 2548 vi
2126 2494 2296 2550 Deum
2343 2511 2646 2568 rogemus:
2702 2496 2950 2562 Eximar,
3005 2513 3215 2566 quteso,
3249 2514 3279 2552 a
3325 2514 3446 2553 cor-

1869 2588 2156 2658 ruptione;
2191 2588 2396 2643 liberer
2429 2587 2597 2660 466
2634 2603 2662 2641 a
2696 2596 2902 2654 morte;
2941 2605 3047 2642 non
3083 2590 3136 2643 in
3175 2605 3261 2644 me
3287 2591 3445 2646 dein-

1830 2694 1997 2748 .ceps
2055 2687 2288 2749 regnent
2339 2680 2471 2733 vitia
2501 2694 2625 2748 quae
2676 2679 2841 2733 modo
2895 2680 3026 2734 mihi
3061 2681 3440 2745 dominantur,

1873 2788 1973 2828 nec
1998 2789 2085 2828 me
2117 2775 2295 2830 hostis
2328 2789 2421 2842 per
2459 2784 2744 2844 peccatum
2793 2775 2848 2828 in
2896 2775 3282 2844 captivitatem
3333 2787 3448 2829 tra-

1871 2864 1997 2930 hat;
2029 2880 2223 2920 verum
2270 2867 2457 2920 veniat
2509 2867 2564 2919 in
2608 2880 2694 2920 me
2727 2880 2958 2934 regnum
3007 2875 3185 2932 tuum,
3218 2883 3330 2936 quo
3362 2868 3427 2922 ad

1873 2957 2099 3011 versarii
2151 2959 2400 3029 tyrannis
2452 2958 2735 3014 abscedat.
2779 2957 2897 3011 Non
2951 2960 3098 3012 enim
3141 2961 3284 3015 lucis
3322 2977 3453 3030 pra!-

1875 3050 2108 3102 sentiam
2158 3050 2334 3119 caligo
2387 3050 2671 3113 sustinet;
2727 3065 2835 3103 non
2889 3050 3117 3105 morbus
3170 3052 3454 3106 oboriente

181 3143 403 3212 εούσης
435 3140 672 3202 ἵσταται,
705 3139 808 3190 οὐκ
836 3139 1047 3207 ἐνεργεῖ
1073 3136 1142 3189 τὰ
1174 3136 1344 3204 πάθη,
1379 3135 1481 3206 τῆς
1501 3135 1770 3198 ἀπαθείας

1876 3141 2111 3195 sanitate
2150 3143 2448 3208 consnstit;
2516 3158 2625 3196 non
2673 3143 2817 3197 vires
2850 3157 2983 3197 suas
3037 3154 3299 3197 exserunt
3329 3162 3454 3215 per-
3489 3204 3501 3212 r

182 3235 513 3305 παρούσης.
541 3230 773 3302 Φροῦδος
797 3231 825 3282 6
857 3228 1108 3293 θάνατος,
1125 3227 1337 3298 ἀφανὴς
1358 3229 1392 3298 ἡ
1423 3226 1619 3297 φθορὰ,
1652 3229 1780 3279 ὅταν

1883 3231 2257 3298 turbationes,
2295 3234 2424 3288 dum
2459 3235 2840 3304 tranquillitas
2875 3235 3057 3289 adest.
3089 3234 3236 3290 Mors
3269 3238 3456 3294 inanis

184 3331 248 3381 ἐν
283 3330 431 3398 ἡμῖν
466 3323 721 3393 βασιλεύῃ
747 3323 781 3392 ή
819 3319 953 3391 ζωὴ,
985 3321 1079 3373 καὶ
1110 3322 1143 3390 ἡ
1173 3321 1452 3390 ἀφθαοσία
1489 3322 1549 3373 τὸ
1578 3322 1780 3390 κράτος

185 3423 321 3492 ἔχῃ.

256 3442 578 3584 ἶίὲνηθήτω
604 3515 660 3566 ἐν
688 3513 814 3584 ἐμοὶ
847 3513 908 3564 τὸ
937 3509 1151 3581 θέλημά
1185 3525 1302 3570 σου,
1333 3507 1420 3560 ἵνα
1455 3505 1656 3576 σϐεσθῇ
1681 3505 1779 3558 τοῦ

183 3610 459 3664 διαϐόλου
479 3608 539 3659 τὸ
564 3605 1011 3674 θέλημα.Ὤσπερ
1029 3601 1140 3671 γὰρ
1171 3603 1229 3652 ἐν
1247 3602 1359 3662 τοῖς
1390 3597 1654 3666 ζοφώδεσι
1674 3597 1782 3649 τῶν

187 3703 501 3773 σπηλαίων
541 3699 711 3768 φωτὸς
737 3695 1174 3766 είσκομισθέντος
1202 3695 1230 3744 ὁ
1255 3691 1415 3761 ζόφος
1438 3689 1780 3758 ἀφανίζεται,

185 3798 347 3851 οὕτω
375 3793 478 3849 τοῦ
511 3792 604 3845 σοῦ
633 3792 937 3860 θελήματος
968 3789 1026 3840 ἐν
1053 3787 1178 3855 ἐμοὶ
1209 3784 1526 3853 γενομένου,
1568 3784 1715 3835 πᾶσα
1749 3784 1783 3852 ἡ

187 3888 434 3961 πονηρὰ
461 3886 556 3939 καὶ
600 3885 801 3945 ἄτοπος
831 3883 928 3951 τῆς
966 3879 1339 3951 προαιρέσεως
1367 3876 1580 3944 κίνησις
1610 3876 1689 3937 είς
1723 3873 1785 3926 τὸ

189 3985 277 4058 μὴ
301 3984 372 4036 ὃν
404 3980 778 4052 περιΐσταται..
810 3976 1034 4046 Θέλημα
1073 3974 1179 4043 γάρ
1217 3989 1311 4024 σου
1342 3972 1374 4040 ή
1410 3969 1651 4040 σωτηρία
1679 3967 1787 4021 τῶν

187 4079 301 4133 ἀνθ
311 4076 529 4148 ρώπων
557 4070 728 4126 ἐστίν.
989 4139 996 4147 .

279 4173 349 4225 ‘0
379 4167 484 4221 τοῦ
510 4162 751 4234 πονηροῦ
778 4160 1041 4235 ρυσθῆναι
1070 4156 1382 4228 εὐχόμενος,
1413 4154 1518 4218 ἔξω
1540 4153 1650 4207 τῶν
1681 4170 1792 4206 πει-

191 4257 456 4332 ρασμῶν
491 4252 743 4323 γενέσθαι
778 4248 1109 4321 παρακαλεῖ.

271 4350 470 4402 Ὅταν
498 4345 566 4398 δι’
606 4344 770 4413 εὐχῆς
811 4338 1165 4411 αίτησώμεθά
1195 4355 1248 4390 τι
1278 4335 1369 4390 τὸν
1392 4335 1687 4406 Δεσπότην,
1719 4335 1794 4406 μὴ

187 4438 435 4510 ταχέως
474 4434 916 4503 ἐξατονήσωμεν,
952 4428 1091 4483 ἀλλὰ
1121 4428 1182 4480 τὸ
1223 4427 1445 4496 συνεχὲς
1475 4425 1574 4496 τῆς
1601 4427 1796 4478 ἀποτυ-

190 4536 335 4606 χίας
370 4533 448 4602 τῇ
482 4527 736 4598 συνεχείᾳ
763 4528 860 4596 τῆς
886 4523 1156 4594 αἰτήσεως
1187 4520 1585 4590 ἐκνικήσωμεν.

286 4720 394 4772 Ἐν
429 4717 550 4777 ταῖς
598 4710 883 4772 ἀναϐολαῖς
918 4709 1012 4761 καὶ
1047 4708 1166 4769 ταῖς
1197 4703 1528 4775 ὑπερθέσεσι
1567 4701 1676 4756 τῶν
1704 4701 1802 4754 δω-

197 4812 363 4884 ρεῶν
416 4807 512 4859 τοῦ
560 4805 694 4857 Θεοῦ
746 4803 820 4871 μὴ
875 4799 1274 4869 προκὰμωμεν,
1314 4795 1449 4865 μηδὲ
1504 4793 1803 4864 προαναπί-

191 4917 477 4971 πτωμεν.
527 4895 791 4957 Πολλάκις
839 4893 948 4961 γὰρ
985 4893 1013 4944 6
1056 4888 1331 4958 Δεσπότης
1373 4887 1473 4956 τὴν
1533 4884 1800 4938 δοκοῦσαν

191 4994 502 5064 ἀναϐολὴν
523 4997 603 5054 είς
642 4989 875 5051 πίστεως
903 4983 1207 5056 γυμνασίαν
1235 4981 1518 5052 παρέλκει.

283 5089 489 5145 Καλὸν
514 5087 743 5139 πάντοτε
771 5081 859 5134 διὰ
886 5079 1194 5153 προσευχῆς
1225 5076 1433 5146 ὁμιλεῖν
1459 5075 1536 5146 τῷ
1564 5076 1700 5146 Θεῷ.
1740 5076 1803 5128 El

197 5189 330 5260 γὰρ
367 5179 635 5248 συντυχία
677 5174 868 5247 ἀνδρὸς
890 5172 1096 5242 ἀγαθοῦ
1140 5170 1339 5241 βελτιοῖ
1367 5168 1458 5221 τὸν
1508 5169 1808 5238 συντυγχά-

198 5293 425 5334 νοντα,
470 5272 618 5338 πόσῳ
672 5268 872 5340 μᾶλλον
923 5265 1016 5319 καὶ
1070 5266 1128 5318 ἐν
1175 5262 1355 5333 ήμέρᾳ
1400 5261 1496 5314 καὶ
1542 5263 1600 5313 ἐν
1650 5262 1802 5314 νυκτὶ

201 5365 599 5443 προσομιλεῖν
620 5362 699 5432 τῷ
726 5359 865 5431 Θεῷ.

283 5554 476 5619 Μέγα
504 5549 707 5617 ἀγαθὸν
740 5548 894 5617 εὐχὴ,
925 5544 1019 5598 ἐὰν
1053 5544 1189 5614 μετὰ
1220 5543 1456 5604 διανοίας
1493 5543 1810 5612 εύχαριστου

204 5647 495 5716 γένηται,
533 5640 627 5692 ἐὰν
661 5638 1043 5705 παιδεύσωμεν
1077 5635 1326 5697 ἑαυτοὺς,
1360 5633 1433 5702 μὴ
1471 5632 1628 5702 μόνον
1669 5631 1810 5699 λαμι

1879 3334 1983 3389 est,
2017 3334 2305 3394 corruptio
2336 3327 2515 3381 oculis
2565 3342 2678 3380 non
2720 3328 3046 3397 percipitur,
3092 3328 3312 3397 quando
3345 3332 3454 3384 vita

1881 3426 2074 3487 regnat
2105 3418 2156 3471 in
2189 3418 2376 3484 nobis,
2413 3427 2466 3473 et
2506 3420 2856 3489 incorruptio
2883 3421 3175 3490 imperium
3213 3431 3383 3484 tenet.

1953 3509 2146 3579 Ejusd.
2195 3525 2335 3566 orat.
2377 3513 2433 3567 4.
2513 3510 2682 3565 -Fiat
2727 3512 2780 3565 in
2827 3529 2912 3566 me
2945 3513 3202 3568 voluntas
3241 3526 3354 3579 tua,
3398 3526 3456 3570 ut

1885 3602 2086 3656 diaboli
2127 3604 2384 3658 voluntas
2416 3607 2822 3673 exstinguatur.
2857 3604 3015 3669 Nam,
3051 3608 3197 3660 sicut
3230 3609 3281 3661 in
3317 3609 3455 3661 cali-

1886 3688 2096 3756 ginosis
2152 3691 2328 3748 antris
2381 3693 2532 3745 illata
2597 3693 2720 3748 luce
2774 3694 3018 3749 tenebrae
3061 3696 3456 3765 dispelluntur,

1887 3781 1984 3848 ita,
2017 3783 2062 3835 si
2115 3784 2374 3838 voluntas
2419 3796 2510 3839 tua
2547 3786 2598 3839 in
2635 3801 2720 3841 me
2767 3787 2913 3840 facta
2947 3789 3039 3854 sit,
3081 3792 3262 3845 omnis
3294 3808 3457 3860 prava

1890 3884 1945 3929 et
1972 3885 2307 3945 prmpostera
2345 3879 2650 3935 voluntatis
2682 3879 2911 3949 agitatio
2943 3881 2996 3934 in
3039 3883 3272 3936 nihilmn
3316 3886 3462 3938 redi-

1889 3966 2059 4034 gitur.
2120 3966 2236 4021 Tua
2297 3969 2570 4038 siquidem
2632 3970 2887 4026 voluntas
2939 3975 3252 4027 mortalium
3313 3978 3460 4032 salus

1889 4069 1993 4114 εει.

1964 4147 2025 4204 8.
2057 4147 2332 4219 Chrysost.
2460 4149 2563 4216 Qui
2614 4159 2876 4220 precatur
2924 4160 2983 4204 ut
3018 4166 3047 4204 a
3085 4153 3229 4206 malo
3263 4153 3401 4208 liber
3437 4185 3466 4198 -

1893 4250 2002 4306 tur,
2043 4241 2145 4294 hoc
2176 4241 2450 4310 postulat,
2484 4252 2544 4296 ut
2572 4257 2600 4295 a
2634 4243 3033 4298 tentationibus
3061 4244 3360 4299 eximatur.

1968 4329 2246 4400 Ejusdem.
2369 4329 2603 4397 Quando
2643 4333 2928 4403 quidpiam
2981 4335 3191 4388 orando
3240 4337 3469 4404 petieri-

1896 4440 2018 4480 mus
2059 4440 2089 4477 a
2155 4423 2411 4489 Domino,
2471 4440 2539 4479 ne
2595 4426 2792 4479 statim.
2833 4427 3323 4495 elanguescamus;
3375 4431 3468 4483 sed

1821 4558 1869 4615 Β
1898 4517 2132 4587 repulsa:
2172 4517 2576 4582 assiduitatem,
2629 4518 2956 4574 assrduitate
2989 4520 3279 4588 petitionis
3311 4537 3472 4591 supe-

1904 4628 2110 4668 remus.

1977 4704 2253 4773 Ejusdem.
2286 4703 2514 4758 —Cunt
2561 4705 2707 4758 Deus
2757 4704 3021 4758 beneﬁcia
3054 4705 3261 4776 differt,
3306 4713 3476 4777 atque

1905 4799 1960 4852 in
1991 4798 2209 4866 longius
2247 4797 2537 4866 protrahit,
2569 4814 2639 4851 ne
2672 4796 2995 4866 frangantur
3038 4798 3260 4861 animis,
3295 4814 3478 4867 neque

1907 4891 2280 4945 concidamus.
2313 4891 2468 4958 Sazpe
2507 4892 2651 4944 enim
2707 4888 2973 4943 Dominus
3015 4890 3337 4945 dilationem
3371 4890 3481 4946 ltu—

1905 4982 2145 5053 jusmodi
2186 4980 2253 5035 ad
2287 4981 2608 5035 exercitium
2645 4981 2769 5035 ﬁdei
2805 4981 3084 5050 producit.

1985 5073 2260 5142 Ejusdem.
2291 5103 2360 5113 -—-
2399 5073 2728 5127 Praeclarum
2774 5087 2859 5128 est
2905 5090 3029 5127 cum
3087 5073 3196 5128 Deo
3260 5088 3480 5144 semper

1911 5185 2000 5241 per
2056 5167 2358 5223 orationem
2415 5165 2874 5221 consuetudinem
2940 5165 3166 5219 habere.
3231 5163 3370 5219 Nam
3435 5169 3479 5220 si

1913 5275 2249 5332 congressus
2287 5273 2414 5312 cum
2446 5258 2566 5310 viro
2601 5258 2746 5310 bono
2779 5257 3057 5310 meliorem
3113 5257 3294 5312 reddit
3327 5258 3479 5311 illum

1913 5355 2166 5424 quicum
2225 5367 2289 5405 eo
2339 5349 2713 5420 congreditur,
2749 5355 2957 5414 quanto
3010 5349 3186 5417 magis
3237 5349 3378 5403 idem
3432 5350 3478 5403 ei

1914 5447 2256 5511 usuvenerit,
2313 5445 2404 5514 qui
2450 5443 2544 5496 diu
2593 5452 2863 5510 nocthue
2893 5456 3020 5494 cum
3055 5440 3166 5496 Deo
3193 5445 3477 5496 versatur!

1988 5539 2260 5608 Ejusdem.
2284 5535 2622 5604 —.Hagnum
2655 5534 2860 5588 bonum
2901 5543 2987 5586 est
3022 5534 3219 5597 oratio,
3254 5535 3300 5588 si
3328 5545 3483 5604 grato

1919 5636 2103 5688 animo
2139 5634 2251 5698 ﬁat,
2294 5646 2506 5701 nosque
2552 5629 2704 5698 ipsos
2753 5629 2827 5680 ita
2875 5628 3217 5690 erudiamus,
3271 5635 3331 5680 ut
3367 5627 3483 5681 sive

206 5740 536 5797 ϐάνοντας,
567 5732 702 5786 ἀλλὰ
739 5731 832 5784 καὶ
863 5725 1332 5794 ἀποτυγχάνοντας
1370 5725 1710 5795 εὐχαριστεῖν
1739 5742 1781 5774 τι

1919 5735 2169 5781 votorum
2199 5734 2482 5795 compotes
2530 5722 2723 5786 simus,
2759 5721 2872 5775 sive
2900 5719 3176 5789 repulsam
3221 5718 3484 5783 feramus,

203 5833 381 5898 Θεῷ.
425 5830 534 5883 Καὶ
563 5829 671 5892 γὰο
702 5829 831 5883 ποτέ
873 5827 969 5882 μὲν
1010 5824 1213 5893 δίδωσι,
1245 5823 1373 5874 ποτέ
1404 5821 1460 5874 δὲ
1487 5823 1546 5874 οὐ
1579 5819 1813 5889 δίδωσιν,

1925 5820 2034 5877 Deo
2089 5821 2294 5892 gratias
2343 5832 2594 5875 agamus.
2641 5815 2853 5869 Etenim
2890 5816 3224 5883 quandoque
3253 5813 3489 5883 largitur
