4206 6442
782 395 916 460 114Γί
1932 390 1993 449 S.
2035 385 2355 449 JOANNIS
2381 386 2443 445 Di

2381 380 2811 445 DAMASCENI
3023 424 3031 430 -
3880 378 4018 444 1444

776 503 1105 575 quandoque
1135 516 1327 557 rursus
1367 511 1532 571 negat
1561 520 1573 556 :
1614 510 1911 570 utrumque
1960 498 2190 553 utiliter.
2225 496 2337 550 lta-
2369 500 2416 554 A

2369 500 2416 554 Α
2441 497 2726 568 ἀμφότερα
2777 494 3085 566 χρησίμως.
3123 493 3284 547 ’Ὥστε
3319 494 3423 548 κᾶν
3455 491 3645 566 λάϐῃς,
3681 491 3784 546 κᾶν
3816 493 3893 564 μὴ
3924 493 4015 545 λά-

775 611 904 662 que,
935 594 1156 649 etiamsi
1200 607 1309 647 non
1357 592 1626 662 accipias,
1685 607 1793 645 non
1831 590 2153 660 accipiendo
2191 602 2347 642 acce-

2450 591 2575 661 ϐῃς,
2632 589 2823 652 ἔλαϐες
2853 589 2911 640 ὲν
2935 587 3014 658 τῷ
3038 586 3113 659 μὴ
3145 588 3441 641 ἀπολαϐεῖν
3465 606 3479 618 ·
3504 586 3608 640 κᾶν
3633 586 3707 658 μὴ
3732 587 4017 655 ἐπιτύχῃς,

775 688 935 757 pisti;
965 686 1187 741 etiamsi
1215 685 1362 755 quod
1398 683 1699 753 optaveris,
1745 683 1974 737 minime
2010 688 2347 737 consecutus

2448 684 2710 754 ἐπέτυχες
2737 685 2795 736 ὲν
2833 682 2914 752 τῷ
2949 681 3026 754 μὴ
3061 683 3358 753 ἐπιτυχεῖν.
3387 682 3543 735 Ἐστι
3574 681 3684 753 γάρ
3725 681 3815 733 ὅτε
3856 680 3919 732 τό
3945 678 4018 749 μὴ

774 779 876 840 sis,
908 792 1018 831 non
1071 776 1471 847 consequendo
1533 784 1867 831 consecutus
1924 788 2009 829 es.
2064 772 2345 826 Interdum

2446 776 2631 830 λαϐεῖν
2673 776 2810 847 ὅπερ
2850 774 3143 846 αἰτοῦμεν,
3178 774 3271 829 τοῦ
3322 774 3508 828 λαϐεῖν
3549 772 4015 842 λυσιτελέστερον.

770 873 918 923 cnim
972 885 1082 924 non
1139 871 1391 939 accipere
1445 868 1592 939 quod
1644 867 2010 936 postulamus,
2048 864 2225 919 satius
2262 871 2348 919 est

2445 870 2511 925 Εἰ
2545 869 2653 941 γὰρ
2684 868 2963 942 συμφέρον
2993 871 3126 939 ἡμῖν
3168 868 3427 933 πολλάκις
3453 869 3513 922 τὸ
3559 868 3762 931 λαϐεῖν,
3796 865 4019 927 πάντως

772 977 939 1030 quam
992 964 1268 1031 accipere.
1330 960 1463 1013 Nam
1504 960 1553 1015 si
1605 958 1743 1013 utile
1793 963 1942 1012 esset
1985 955 2257 1025 accipere,
2291 952 2347 1007 id

2445 962 2645 1016 ἔδωκεν
2673 962 2760 1017 ἄν.
2796 961 2872 1014 Τὸ
2896 961 2953 1015 δὲ
2983 962 3368 1033 συμφερόντως
3399 961 3711 1032 ἀποτυχεῖν,
3738 957 4017 1027 ἐπιτυχεῖν

774 1072 1003 1125 prorsus
1036 1056 1303 1110 dedisset.
1364 1052 1541 1108 Porro
1595 1060 1690 1106 tuo
1743 1050 1892 1105 bono
1925 1062 2039 1105 non
2078 1046 2347 1117 consequi
2446 1054 2580 1107 ἐστι.

771 1147 916 1215 quod
953 1154 1124 1216 petas,
1168 1144 1271 1198 hoc
1308 1144 1472 1213 plane
1497 1141 1771 1211 consequi
1802 1148 1909 1196 est.

858 1237 1134 1307 Ejusdem.
1164 1267 1234 1275 —
1259 1237 1457 1308 Ingens
1479 1244 1762 1290 armatura
1795 1241 1878 1288 est
1910 1232 2112 1293 oratio,
2151 1230 2345 1301 ingens
2516 1241 2519 1292 ;

2516 1237 2675 1306 Μέγα
2706 1239 2872 1293 ὅπλον
2907 1238 3064 1310 εὐχὴ,
3104 1237 3276 1310 μέγας
3326 1237 3549 1309 κόσμος,
3586 1236 3797 1307 μεγάλη
3838 1235 4015 1304 ἀσφά-

770 1340 1176 1396 ornameutum,
1207 1329 1524 1401 praesidium
1573 1328 1787 1399 ingens.
1830 1324 1966 1381 Nam
1999 1341 2125 1380 eum
2157 1325 2343 1380 homi-

2445 1332 2581 1386 λεια.
2647 1331 2976 1404 Ἀνθρὼπων
3012 1329 3112 1401 μὲν
3156 1331 3267 1403 γὰρ
3297 1331 3572 1402 δεόμενοι,
3627 1330 3724 1384 καὶ
3767 1328 4016 1398 δαπάνης

771 1438 868 1477 nes
902 1436 1151 1485 oramus,
1217 1420 1532 1490 sumptibus
1592 1426 1650 1474 et
1698 1417 1947 1488 pecuniis
1984 1431 2126 1487 opus
2173 1416 2345 1471 habe-

2444 1425 2539 1478 καὶ
2582 1424 2881 1496 χρημάτων
2934 1420 3203 1492 δεόμεθα.
3256 1424 3350 1476 καὶ
3402 1421 3690 1485 κολακείας
3721 1420 4017 1491 δουλοπρε-

770 1529 916 1571 mus.
972 1512 1273 1582 servilique
1326 1511 1727 1574 assentatione,
1771 1516 1826 1563 et
1861 1523 2059 1579 magno
2106 1507 2344 1561 circuitu

2446 1514 2604 1579 ποῦς,
2658 1516 2756 1569 καὶ
2808 1514 3010 1584 πολλῆς
3050 1514 3301 1586 περιόδου
3341 1513 3435 1566 καὶ
3486 1511 3891 1585 πραγματείας.
3938 1510 4014 1562 υὺ

769 1616 835 1656 ac
888 1604 1286 1673 negotiatione.
1348 1599 1541 1671 Neque
1595 1602 1743 1655 enim
1778 1612 2160 1669 saepenumero
2215 1596 2346 1651 licet

2444 1608 2554 1679 γὰρ
2584 1608 2644 1675 ἐξ
2669 1607 2889 1672 εὐθείας
2935 1609 3116 1672 αὐτοῖς
3154 1609 3268 1671 τοῖς
3300 1605 3511 1676 κύριοις
3560 1604 3656 1658 τοῦ
3701 1603 3888 1657 δοῦναι
3912 1601 4017 1675 τὴν

770 1710 871 1749 eos
901 1705 1049 1751 recta
1095 1694 1323 1764 alloqui,
1367 1708 1536 1763 penes
1572 1709 1712 1764 quos
1741 1691 1909 1747 dandi
1946 1700 2190 1761 potestas
2218 1697 2343 1755 est;

2445 1704 2602 1775 χάριν
2647 1703 2727 1756 ἔνι
2764 1701 3113 1772 διαλεχθῆναι
3170 1699 3453 1764 πολλάκις,
3489 1698 3603 1753 ἀλλ’
3632 1699 3848 1769 ἀνάγκη
3875 1697 4015 1767 πρό-

771 1802 959 1841 vermn
1008 1788 1167 1857 prius
1205 1786 1444 1841 famulos
1481 1800 1700 1850 eorum,
1754 1790 2261 1854 procuratoresque
2288 1788 2344 1836 et

2443 1811 2603 1865 τερον
2639 1794 2945 1857 διακόνους,
2972 1794 3067 1848 καὶ
3086 1792 3403 1862 οἰκονόμους
3429 1792 3633 1859 αὐτῶν,
3668 1793 3764 1846 καὶ
3792 1791 4019 1862 ἐπιτρό-

768 1878 1277 1945 administratores,
1325 1887 1442 1932 tum
1486 1877 1760 1946 pecuniis,
1811 1885 1927 1931 tuin
1965 1874 2336 1941 sermonibus,
2375 1874 2419 1930 Β

2375 1874 2419 1930 Β
2447 1904 2601 1951 πους,
2632 1887 2879 1958 χρήμασι
2917 1885 3013 1939 καὶ
3071 1886 3302 1957 ῥήμασι,
3340 1886 3435 1939 καὶ
3478 1886 3642 1938 παντὶ
3674 1883 4017 1956 θεραπεῦσαι

768 1983 932 2039 atque
960 1971 1111 2026 omni
1154 1985 1361 2042 genere
1393 1969 1555 2024 ollicii
1596 1968 1862 2025 demereri
1899 1982 2191 2024 necessum
2220 1975 2338 2035 est;

2441 1978 2654 2049 τρόπῳ,
2686 1976 2783 2029 καί⁵
2818 1976 2941 2029 τότε
2966 1977 3034 2030 δι’
3069 1975 3295 2029 ἐκείνων
3327 1976 3428 2046 τὴν
3467 1976 3684 2045 αἴτησιν
3723 1973 4017 2046 δυνηθῆναι

768 2078 830 2117 ac
890 2071 1004 2118 ttun
1055 2079 1247 2118 eorum
1309 2077 1482 2132 opera
1555 2061 1701 2133 quod
1759 2062 2000 2132 petimus
2047 2062 2343 2131 impetrare

2441 2069 2651 2124 λαϐεῖν.
2684 2069 2808 2122 Ἐπὶ
2839 2068 2898 2122 δὲ
2927 2066 3063 2121 Θεοῦ
3091 2068 3192 2121 οὐκ
3217 2066 3362 2121 ἔστιν
3386 2065 3577 2131 οὕτως.
3605 2068 3681 2121 oo
3705 2066 3817 2138 γὰρ
3845 2066 4019 2120 δεῖται

768 2171 949 2223 posse.
982 2156 1051 2208 At
1081 2156 1135 2208 in
1184 2154 1297 2210 Deo
1331 2171 1497 2212 secus
1529 2171 1590 2212 se
1622 2169 1711 2211 res
1753 2155 1937 2210 habet.
1972 2152 2163 2224 Neque
2193 2152 2341 2209 enim

2445 2162 2688 2233 μεσιτῶν
2708 2160 2924 2215 ἐπὶτῶν
2943 2159 3259 2228 ἀξιούντων,
3277 2161 3399 2215 οὐδὲ
3422 2159 3593 2225 οῦτως
3608 2160 3677 2215 δι’
3696 2158 3785 2213 ἑτέ
3794 2177 3906 2232 ρων
3922 2176 4021 2213 πα-

768 2249 1230 2305 iutcrcessoribus
1273 2251 1500 2321 indiget,
1557 2265 1653 2319 per
1703 2266 1845 2320 quos
1885 2249 1992 2305 sibi
2028 2265 2219 2320 preces
2262 2247 2343 2305 fe-

2446 2253 2682 2325 ρακαλού
2692 2270 2873 2324 μενος,
2899 2252 2974 2317 ὡς
2994 2253 3061 2307 δι’
3091 2252 3251 2324 ἡμῶν
3269 2252 3449 2307 αὐτῶν
3474 2254 3582 2306 τῶν
3608 2252 3882 2323 δεομένων
3899 2252 4020 2305 ἐπι-

768 2352 981 2403 runtur,
1048 2357 1150 2396 nec
1202 2349 1313 2395 tam
1372 2357 1469 2411 per
1504 2343 1644 2397 alios
1696 2356 1861 2411 quam
1905 2356 2002 2411 per
2054 2356 2158 2396 nos
2193 2341 2343 2410 ipsos

2443 2345 2586 2400 νεύει
2615 2349 2682 2417 τῇ
2712 2346 2917 2416 χάριτι.
2940 2345 3052 2398 Καὶ
3076 2342 3314 2399 ἐνταῦθα
3342 2344 3464 2415 μὲν,
3486 2345 3582 2398 καὶ
3615 2344 4016 2413 λαμϐάνοντας,

765 2445 1049 2495 exoratus,
1083 2434 1152 2489 ad
1204 2434 1467 2490 beneﬁcia
1518 2434 1699 2489 danda
1756 2434 2022 2502 proclivis
2060 2441 2167 2490 est.
2196 2433 2341 2499 Quin

2443 2438 2537 2492 καὶ
2556 2441 2630 2509 μὴ
2644 2438 3022 2509 λαμϐάνοντας
3036 2436 3150 2491 ἔστι
3168 2437 3491 2509 κερδαίνειν,
3506 2438 3598 2491 ἐπὶ
3613 2437 3667 2490 δὲ
3686 2437 3796 2490 τῶν
3814 2435 4022 2508 ἀνθρώ-

766 2525 937 2579 cthie
987 2525 1246 2595 quidem,
1305 2526 1423 2581 sive
1478 2525 1845 2595 accipiamus,
1896 2526 2013 2581 sive
2063 2526 2339 2595 repulsam

2443 2548 2561 2584 πων
2584 2531 2640 2584 ὲν
2656 2530 2817 2584 ἑκατὲ
2826 2548 2903 2601 ρῳ
2921 2530 3183 2594 πολλάκις
3201 2530 3401 2601 ἐϐλάϐη
3410 2548 3528 2600 μεν.
3546 2531 3700 2584 Ἐπεὶ
3717 2525 3813 2584 οῦν
3835 2529 4021 2601 μεῖζον

767 2619 1061 2687 patiamur,
1111 2626 1377 2690 quaestum
1430 2615 1618 2675 facere
1671 2619 1824 2673 licet.
1866 2616 2029 2687 Apud
2082 2616 2342 2673 homines

2441 2622 2502 2675 τὸ
2525 2622 2736 2692 κέρδος,
2761 2624 2858 2677 καὶ
2898 2621 3100 2676 πλείων
3125 2622 3158 2692 ἡ
3189 2620 3410 2675 εὐκολία
3436 2622 3549 2685 τοῖς
3573 2620 3651 2692 τῷ
3682 2621 3805 2692 Θεῴ
3845 2638 4018 2692 προσ-

768 2727 896 2767 vero
930 2711 1254 2783 frequenter
1286 2711 1489 2768 accidit
1519 2723 1577 2769 ut
1630 2725 1929 2782 utrumque
1970 2711 2135 2768 nobis
2170 2712 2342 2767 detri-

2447 2715 2606 2781 ιοῦσι,
2635 2715 2711 2787 μὴ
2741 2715 3170 2787 καταφρονῶμεν
3196 2714 3379 2785 εὐχῆς.
3406 2715 3539 2767 Τότε
3569 2715 3679 2785 γάρ
3706 2732 3788 2768 σοι
3819 2712 4019 2783 μᾶλλον

766 2814 1012 2859 mentum
1077 2803 1292 2859 afferat.
1356 2803 1629 2872 Quoniam
1687 2805 1854 2877 igitur
1902 2804 1971 2861 iis
2016 2803 2113 2875 qui
2166 2802 2339 2861 Deum

2442 2806 2658 2860 δίδωσιν
2688 2806 2723 2861 ἃ
2766 2808 2962 2871 αἰτεῖς,
2995 2806 3062 2861 ἂν
3105 2807 3169 2861 σὺ
3203 2806 3291 2861 διὰ
3326 2806 3556 2861 σεαυτοῦ
3599 2808 3779 2877 αἰτῇς,
3814 2806 3911 2859 ἐὰν
3945 2805 4020 2876 μὴ

780 2897 1008 2961 adeunt,
1037 2904 1153 2950 tum
1178 2895 1343 2968 467
1380 2898 1594 2952 lucrum
1636 2897 1814 2967 majus
1848 2905 1951 2961 est,
2005 2902 2123 2950 tum
2165 2895 2343 2965 major

2444 2895 2740 2966 παρέργως
2755 2897 2936 2966 αἰτῇς,
2964 2894 3102 2967 ὅπερ
3132 2895 3376 2949 ποιοῦσιν
3405 2897 3455 2949 οἰ
3477 2896 3681 2948 πολλοί.
3717 2896 3780 2948 Ἠ
3797 2893 4020 2963 γλῶσσα

777 2989 1017 3044 facilitas
1052 2990 1401 3043 :oratiouem
1436 3004 1568 3059 ergo
1595 3003 1664 3043 ne
1704 2996 2150 3043 contemnamus.
2186 2985 2343 3044 Tunc

2446 2989 2547 3060 μὲν
2567 2988 2716 3057 λέγει
2744 2990 2813 3043 τά
2834 2989 3075 3059 ῥήματα,
3097 2989 3132 3058 ἡ
3164 2986 3222 3040 δὲ
3247 2985 3393 3058 ψυχὴ
3421 2985 3522 3057 τῆς
3547 2986 3723 3048 οἰκίας
3748 2984 3781 3056 ἦ
3813 2985 4017 3054 ἀγορᾶς

765 3081 913 3134 enim
965 3080 1061 3134 tibi
1121 3080 1427 3150 proclivius
1458 3080 1551 3135 dat
1588 3094 1712 3150 quae
1744 3079 1993 3150 postulas
2021 3119 2037 3144 ,
2092 3095 2218 3134 cum
2245 3096 2341 3150 per

2442 3080 2541 3145 τὰς
2584 3079 2737 3142 ὁδοὺς
2771 3078 3143 3150 περιέρχεται.
3182 3077 3353 3131 Τοῦτο
3386 3077 3443 3130 δὲ
3495 3076 3617 3131 ὃλον
3644 3075 3737 3129 τοῦ
3768 3073 4018 3128 διαϐόλου

767 3173 1005 3239 teipsum
1036 3175 1315 3243 postulas;
1369 3172 1537 3227 modo
1583 3181 1767 3226 tamen
1823 3186 1932 3226 nou
1967 3171 2342 3240 perfunctorie
2368 3214 2411 3273 ο

2368 3214 2411 3273 c
2442 3172 2503 3226 τὸ
2552 3171 3011 3243 κατασκεύασμα.
3070 3170 3289 3242 Ἐπειδὴ
3338 3169 3449 3241 γάρ
3511 3166 3651 3223 οἶδεν
3699 3170 3846 3239 ἡμᾶς
3899 3166 4016 3220 κατ’

766 3264 1013 3333 postules
1039 3280 1054 3317 :
1080 3263 1132 3319 id
1166 3265 1314 3335 quod
1353 3264 1603 3336 plerique
1644 3264 1883 3318 faciunt.
1920 3262 2193 3317 Nimirum
2230 3264 2341 3317 lin-
2372 3259 2411 3273 “”

2372 3259 2411 3273 “”
2443 3266 2653 3317 ἐκεῖνον
2692 3264 2783 3317 τὸν
2824 3264 3015 3333 καιρὸν
3060 3263 3406 3333 διαλεχθῆναι
3438 3262 3574 3332 πρὸς
3616 3262 3710 3314 τὸν
3747 3259 3905 3324 Θεὸν,
3939 3259 4021 3314 ὃτι

768 3370 875 3425 gua
910 3355 1131 3424 quidem
1190 3356 1353 3410 verba
1405 3355 1758 3426 pronuntiat;
1820 3355 2040 3409 animus
2094 3369 2226 3410 vero
2257 3355 2346 3411 vel

2442 3354 2724 3425 δυνάμεθα
2770 3353 2867 3408 καὶ
2922 3354 3174 3424 ἀφέσεως
3205 3355 3622 3425 ἁμαρτημάτων
3649 3355 3859 3423 τυχεῖν,
3896 3350 4012 3421 βου-

769 3448 992 3512 domus,
1052 3448 1138 3502 vel
1193 3446 1297 3501 fori
1346 3447 1465 3502 vias
1538 3446 1924 3503 circumvadit.
1974 3444 2093 3501 Hoc
2160 3454 2343 3503 autem

2342 3492 2343 3498 η
2444 3447 2672 3516 λόμενος
2698 3447 2830 3516 ἡμῖν
2862 3445 2955 3499 τὸν
2984 3445 3087 3516 τῆς
3116 3446 3281 3516 εὐχῆς
3316 3443 3634 3515 προσχῶσαι
3664 3444 4003 3515 λιμένα,κατ

768 3548 941 3592 totum
973 3539 1177 3593 diaboli
1207 3545 1580 3593 commentum
1618 3548 1723 3592 est.
1770 3537 1907 3591 Nam
1956 3538 2220 3608 quoniam
2246 3552 2343 3594 ex-

2446 3540 2611 3593 αὐτὸν
2638 3538 2917 3593 ἐνίσταται
2947 3538 3036 3591 τὸν
3061 3538 3272 3609 καιρὸν,
3296 3536 3572 3608 ἐκκρούων
3593 3535 3749 3607 ἡμῶν
3783 3536 3886 3607 τὴν
3907 3534 4020 3589 διά-

769 3631 1043 3700 ploratum
1074 3631 1260 3696 habet,
1291 3645 1413 3695 nos,
1442 3643 1555 3700 quo
1582 3636 1829 3699 tempore
1865 3644 1991 3684 cum
2026 3628 2133 3685 Deo
2156 3630 2337 3684 collo-

2444 3647 2596 3684 νοιαν
2623 3628 2731 3682 τῶν
2757 3627 3087 3699 λεγομένων,
3115 3626 3257 3681 ὥστε
3290 3625 3672 3697 ζημιωθέντας
3700 3625 3853 3696 ἡμᾶς
3886 3623 4020 3694 μάλα

767 3725 1010 3794 quimur,
1062 3732 1415 3793 peccatorum
1449 3721 1666 3777 veniam
1716 3722 2013 3790 impetrare
2052 3736 2238 3791 posse,
2274 3730 2337 3776 ut

2443 3720 2534 3774 λον
2568 3720 2602 3790 ἢ
2635 3720 3037 3790 κερδαίνοντας,
3066 3716 3344 3773 ἀπελθεῖν.
3377 3715 3563 3771 Ταῦτα
3589 3712 3682 3769 οὖν
3716 3714 3898 3777 εἰδὼς,
3926 3713 4020 3766 άν-

769 3817 931 3871 uohis
960 3817 1236 3870 orationis
1265 3825 1480 3885 portum
1521 3814 1671 3869 velut
1719 3822 1940 3886 aggesta
1978 3820 2126 3868 terra
2160 3813 2338 3869 inter-

2444 3812 2655 3882 θρωπε,
2688 3813 2817 3865 ὅταν
2848 3811 3081 3883 προσίῃς
3112 3809 3255 3880 Θεῷ.
3284 3810 3537 3863 ἑννόσρσον
3571 3808 3680 3861 τίνι
3710 3807 4017 3878 προσέρχῃ,

767 3907 975 3967 cludat,
1043 3915 1176 3960 tunc
1225 3906 1281 3959 in
1342 3906 1447 3959 hoc
1498 3903 1787 3968 incumbit,
1821 3918 1932 3974 quo
1967 3913 2205 3959 mentem
2241 3919 2339 3960 no-

1506 3903 1787 3968 incumbit,
1821 3918 1932 3974 quo
1967 3913 2205 3959 mentem
2241 3919 2339 3960 no-
2447 3907 2546 3961 καὶ
2572 3907 2735 3976 ἀρκεῖ
2766 3921 2850 3957 σοι
2882 3904 2963 3964 εἰς
2985 3901 3167 3974 νῆψιν.

768 4007 940 4052 stram
976 3998 1046 4051 ab
1085 3999 1154 4051 iis
1187 4011 1312 4067 qua:
1361 3995 1808 4065 pronuntiamus,
1860 3995 2081 4061 avellat,
2118 3995 2195 4050 uti
2247 3996 2457 4065 majore
2488 3996 3027 4064 detrimento,quam
3077 3991 3366 4048 commodo
3420 3990 3599 4047 affecti
3664 3992 4017 4047 recedamus.

768 4090 894 4145 llaec
929 4090 1095 4159 igitur
1144 4088 1368 4159 quando
1403 4095 1686 4158 comperta
1735 4096 1867 4142 sunt
1907 4086 2031 4151 tibi,
2078 4100 2114 4141 ο
2161 4087 2349 4153 homo,
2391 4088 2521 4143 dum
2555 4086 2776 4143 accedis
2820 4085 2889 4141 ad
2941 4084 3135 4154 Deum,
3184 4084 3477 4141 considera
3510 4083 3578 4139 ad
3637 4099 3803 4152 quem
3857 4101 4015 4143 accc.

765 4184 897 4239 das:
954 4181 1170 4253 hocque
1224 4180 1323 4235 tibi
1374 4180 1440 4234 ad
1488 4178 1843 4251 vigilantiam
1898 4178 2326 4249 comparandam
2367 4181 2622 4236 suﬂiciat.

836 4277 1113 4347 Ejusdem,
1168 4258 1356 4332 homil.
1391 4276 1453 4340 7,
1503 4273 1567 4329 de
1622 4275 1816 4329 divers.
1868 4275 2074 4343 spuria.
2143 4305 2199 4314 —
2238 4273 2340 4330 Se-

2529 4273 2783 4346 Ἐξῆλθεν
2804 4275 2833 4327 ό
2873 4271 3080 4344 Ἰησοῦς
3107 4275 3188 4337 εἰς
3225 4274 3295 4327 τά
3326 4273 3467 4344 μέρη
3502 4272 3682 4343 Τύρου
3722 4272 3823 4327 καὶ
3853 4274 4019 4326 Σιδῶ-

764 4372 933 4426 cessit
961 4368 1122 4426 Jesus
1152 4370 1207 4423 in
1235 4377 1420 4439 partes
1448 4366 1579 4439 Tyri
1602 4373 1656 4422 et
1685 4365 1928 4431 Sidonis,
1960 4375 2015 4421 et
2050 4380 2181 4422 ecce
2222 4380 2343 4420 mu-

2447 4384 2555 4430 νος,
2585 4366 2680 4419 καὶ
2713 4365 2822 4419 ἰδοὺ
2851 4363 3011 4436 γυνὴ,
3040 4364 3101 4416 τὸ
3150 4363 3380 4417 παλαιὸν
3410 4362 3573 4417 ὅπλον
3615 4362 3710 4417 τοῦ
3738 4364 4017 4431 διαϐόλου,

764 4463 890 4527 lier,
939 4462 1144 4517 diaboli
1189 4471 1345 4515 vetus
1384 4470 1680 4521 armatura,
1732 4472 1852 4527 qua:
1898 4472 1983 4513 me
2021 4472 2053 4512 e
2085 4457 2341 4527 paradiso
2370 4500 2422 4560 Β

2370 4500 2422 4560 D
2446 4458 2480 4528 ἡ
2505 4459 2599 4511 τοῦ
2620 4456 2950 4527 παραδείσου
2988 4473 3055 4527 με
3085 4455 3411 4520 ἐκϐαλοῦσα,
3433 4458 3467 4527 ἡ
3500 4456 3683 4528 μήτηρ
3705 4458 3806 4528 τῆς
3840 4475 4020 4529 παρα-

756 4555 995 4629 _expulit,
1029 4564 1200 4609 mater
1235 4549 1733 4623 praevaricationis,
1764 4549 1921 4619 origo
1962 4548 2189 4618 peccati,
2230 4548 2346 4603 haec
2370 4547 2416 4560 “’

2370 4547 2416 4560 ⁷
2446 4550 2663 4620 νομίας,
2694 4551 2729 4620 ἡ
2769 4548 3039 4619 ἀρχὴτῆς
3071 4548 3344 4619 ἁμαρτίας
3366 4563 3384 4581 ο
3423 4547 3561 4619 αὑτὴ
3603 4547 3790 4618 ἐκείνη
3821 4551 3855 4619 ἡ
3880 4552 4018 4621 γυνὴ

764 4649 856 4702 illa
898 4648 1092 4701 mulier
1131 4647 1299 4699 venit.
1344 4643 1494 4697 Nova
1525 4658 1612 4697 res
1664 4650 1720 4696 et
1762 4639 2120 4696 admiranda!
2172 4639 2342 4694 Judaei

2444 4640 2684 4712 ἔρχεται.
2726 4639 2928 4693 Καινὸν
2978 4641 3212 4710 πρᾶγμα
3260 4640 3354 4692 καὶ
3390 4639 3724 4710 παράδοξονί
3768 4641 4018 4696 Ἰουδαῖοι

764 4739 1003 4807 fugiunt,
1032 4738 1231 4791 mulier
1255 4742 1629 4791 consectatur.
1672 4732 1907 4802 Haecque
1935 4732 2164 4802 rogabat
2191 4748 2339 4796 eum,

2444 4733 2741 4802 φεύγουσι,
2801 4732 2894 4785 καὶ
2939 4731 3078 4802 γυνὴ
3127 4730 3476 4785 καταδιώκει.
3537 4733 3648 4787 Καὶ
3712 4736 4020 4804 παρεκάλει

762 4829 956 4883 dicens
980 4846 994 4881 :
1021 4828 1266 4890 Domine,
1286 4826 1397 4880 Fili
1418 4825 1609 4884 David.
1632 4826 1880 4879 miserere
1900 4825 1999 4877 mei
2018 4824 2233 4896 (Matth.
2250 4838 2341 4886 xv,

2443 4824 2606 4878 αὑτὸν
2661 4823 2927 4893 λέγουσα·
2973 4825 3183 4890 Κύριε,
3229 4824 3325 4878 Υἱὲ
3353 4824 3560 4889 Audio,
3610 4824 3879 4891 ἐλέησόν
3920 4844 4015 4896 με.

759 4922 873 4989 ‘22).
910 4920 1254 4990 Evangelista
1283 4919 1481 4973 mulier
1509 4918 1766 4981 edicitur,
1801 4932 2043 4986 unaque,
2070 4926 2188 4972 tum
2227 4916 2345 4971 dei-

2443 4914 2882 4985 Εὐαγγελίστρια
2931 4915 3139 4983 γίνεται
3181 4916 3217 4985 ἡ
3271 4915 3431 4986 γυνὴ,
3482 4916 3578 4969 καὶ
3624 4915 3727 4986 τὴν
3760 4917 4017 4989 θεότητα,

762 5023 956 5075 tatem,
987 5024 1103 5066 tum
1137 5012 1389 5065 humana:
1427 5011 1611 5065 carnis
1644 5011 2082 5079 assumptionem
2115 5010 2344 5064 conﬁte—

2443 5008 2538 5061 acati.
2566 5008 2667 5077 τὴν
2693 5008 3006 5076 οἰκονομίαν
3033 5007 3314 5078 ὁμολογεῖ·
3349 5010 3546 5075 Κύριε,
3572 5010 3667 5062 καὶ
3698 5008 3800 5081 τὴν
3819 5011 4021 5063 δεσπο-

761 5114 896 5160 tur:
938 5103 1173 5157 dicendo
1223 5104 1504 5165 nimirum,
1559 5100 1813 5165 Domine,
1871 5100 2339 5167 dominationem;

2443 5099 2593 5152 τείαν
2614 5113 2627 5126 ’
2667 5097 2763 5151 Υἰὲ
2788 5097 2988 5165 Δαϐἰδ,
3017 5100 3116 5169 τῆς
3135 5099 3338 5168 σαρκὸς
3362 5100 3460 5168 τὴν
3487 5100 3778 5170 ἀνάληψιν.
3819 5103 4021 5168 Ἐλέιιο

762 5194 996 5247 dicendo
1022 5208 1267 5256 rursum,
1301 5191 1412 5244 Fili
1458 5189 1647 5254 David,
1697 5190 2129 5259 assumptiouem
2158 5191 2341 5245 carnis

2444 5192 2561 5245 σόν
2576 5207 2674 5260 με.
2705 5191 2819 5244 Οὐκ
2842 5189 2949 5260 ἔχω
2974 5191 3310 5263 κατόρθωμα
3346 5194 3460 5263 βίου
3480 5209 3495 5226 ·
3526 5194 3623 5263 οὐχ
3660 5193 3770 5263 ἔχω
3796 5197 4021 5265 παρῥη-

764 5280 1048 5350 praedicat.
1084 5279 1336 5335 Miserere
1357 5281 1477 5333 mei.
1513 5280 1758 5340 Nullum,
1795 5280 1994 5349 inquit,
2018 5281 2341 5350 praeclarum

2446 5283 2565 5335 σίαν
2612 5282 2908 5365 πολιτεία.
2946 5283 3071 5337 Ἐπὶ
3114 5283 3262 5337 ἔλεον
3306 5283 3638 5353 καταφύγω,
3685 5285 3818 5337 ὅπου
3853 5286 4020 5351 ἀνεξ-

767 5374 983 5428 facinus
1003 5373 1203 5437 habeo,
1236 5374 1441 5427 nullam
1465 5389 1530 5427 ex
1564 5374 1732 5441 proba
1755 5374 2176 5427 conversatione
2207 5373 2342 5427 lidu-

2444 5375 2669 5438 έταστος
2711 5375 2974 5445 σωτηρία.
3012 5376 3122 5429 Καὶ
3164 5378 3217 5428 τί
3253 5372 3388 5439 εἶδες
3427 5376 3589 5439 οὓτω,
3625 5377 3840 5446 πονηρά
3876 5375 4018 5432 οὖσα

766 5464 928 5518 ciam.
966 5464 1049 5518 Ad
1077 5463 1512 5519 misericordiam
1539 5461 1820 5531 confugio,
1852 5464 1943 5517 ubi
1978 5464 2129 5518 salus
2158 5478 2188 5517 a
2217 5479 2345 5518 cen-

2444 5467 2540 5520 καί
2583 5467 2934 5537 παράνομος;
2961 5467 3085 5532 Πῶς
3130 5469 3431 5539 ἐτόλμησας
3490 5468 3843 5537 προσελθεῖν;
3908 5471 4023 5523 Καὶ

767 5570 895 5611 sura
918 5558 1088 5609 libera
1112 5564 1217 5610 est.
1255 5554 1321 5611 Et
1350 5564 1408 5609 tu
1442 5555 1685 5625 quidem,
1716 5569 1844 5609 cum
1879 5556 2125 5625 improba
2156 5564 2209 5610 et
2246 5554 2345 5609 lla-

2443 5558 2545 5629 ὅρα
2588 5557 2843 5625 γυναικὸς
2877 5556 3218 5626 φιλοσοφίαν.
3250 5558 3325 5610 Οὐ
3374 5558 3687 5628 παρακαλεῖ
3716 5558 3984 5612 Ἰάκωϐον
4006 5577 4017 5589 ·

767 5649 964 5718 gitiosa
985 5664 1159 5711 esses,
1186 5663 1299 5718 qua
1334 5646 1512 5703 fronte
1535 5650 1800 5703 accedere
1834 5663 1967 5703 ausa
1994 5648 2092 5702 es?
2122 5647 2201 5702 Ac
2222 5647 2345 5702 vide

2444 5648 2503 5701 οὐ
2535 5647 2713 5701 δέεται
2753 5649 3024 5715 Ἰωάννου,
3064 5649 3189 5702 οὐδὲ
3215 5650 3579 5720 προσέρχεται
3612 5650 3839 5721 Πέτρον,
3878 5653 4020 5705 ἀλλά

767 5742 1016 5795 mulieris
1053 5740 1480 5811 philosophiam.
1534 5740 1651 5795 Non
1709 5750 1865 5812 rogat
1905 5739 2193 5807 Jacobutn,
2232 5756 2341 5795 non

2444 5739 2660 5809 διέτεμε
2703 5739 2795 5792 τὸν
2843 5740 3022 5810 χορόν.
3055 5741 3168 5794 Οὐκ
3224 5741 3333 5812 ἔχω
3366 5740 3590 5811 μεσίτου
3628 5743 3840 5811 χρείαν,
3878 5744 4018 5797 ἀλλὰ

767 5839 890 5884 orat
917 5828 1202 5885 Joannem.
1238 5845 1345 5886 nou
1370 5830 1481 5885 adit
1517 5831 1766 5897 Petrum;
1800 5833 1892 5887 sed
1926 5833 2154 5887 chorum
2192 5832 2340 5887 illum

2446 5832 2685 5887 λαϐοῦσα
2718 5832 2816 5903 τὴν
2848 5834 3139 5903 μετάνοιαν
3184 5836 3516 5905 συνήγορον,
3560 5835 3699 5909 αὐτῇ
3736 5839 3803 5908 τῇ
3863 5844 4016 5911 πηγῇ
