4206 6442
254 354 383 419 1445

1483 356 1719 416 SACRA
1755 355 2213 418 PARALLELA.

3353 354 3489 419 1446

246 472 636 543 προσέρχομαι.
672 471 771 524 Διά
808 469 968 524 τοῦτο
1015 470 1217 542 κατέϐη
1240 513 1254 535 ,
1304 470 1395 524 διὰ
1426 472 1584 524 τοῦτο
1630 472 1785 542 σάρκι

1910 473 2173 541 pervasit.
2208 470 2351 535 Non,
2406 472 2608 539 inquit,
2656 468 2922 523 mediator
2969 468 3103 522 mihi
3132 476 3255 536 est;
3290 486 3482 525 verum

242 564 516 626 ἀνέλαϐεν,
554 561 639 614 ἵνα
668 560 777 629 ἐγὼ
806 562 953 632 αὑτῷ
977 562 1263 633 διαλεχθῶ.
1309 564 1456 616 Ἀνω
1506 564 1574 616 τά
1605 565 1809 633 Χερου-

242 659 340 729 ϐὶμ
371 655 533 710 αὑτὸν
564 658 855 726 τρέμουσι,
882 656 977 709 καὶ
1004 656 1154 710 κάτω
1178 657 1328 728 αὑτῷ
1368 657 1539 728 πόρνη
1568 657 1810 724 διαλέγε-

238 766 343 802 ται.
385 746 671 815 Ἐλέησόν
695 765 773 817 με
792 764 807 777 ⁶
836 747 992 817 ψιλὸν
1021 750 1195 818 ῥῆμα,
1231 750 1325 802 καὶ
1349 748 1588 816 πέλαγος
1611 749 1810 818 ᾁχανές

243 840 533 911 σωτηρίας.
578 838 870 906 Ἐλέησόν
892 857 969 908 με
992 857 1004 870 ·
1039 841 1126 894 διὰ
1168 840 1327 895 τοῦτο
1364 842 1687 913 παρεγένου,
1721 841 1807 895 διὰ

238 932 393 983 τοῦτο
429 932 609 1003 σάρκα
635 931 920 994 ἁνέλαϐες,
952 931 1041 984 διὰ
1084 931 1242 984 τοῦτο
1272 932 1459 1000 ἐγένου
1488 933 1624 1003 ὅπερ
1669 932 1804 1002 είμί.

241 1025 386 1075 Ἀνω
414 1023 640 1093 τρόμος,
682 1024 779 1076 καὶ
825 1023 975 1075 κάτω
1023 1022 1327 1095 παρρησία.
1371 1023 1661 1091 Ἐλέησόν
1687 1039 1803 1093 με·

235 1112 288 1165 τί
314 1113 454 1183 ἔχεις
470 1131 488 1176 ;
524 1113 712 1168 Ἔλεον
735 1113 902 1185 ζητῶ.
931 1113 997 1165 Τί
1018 1115 1279 1185 πάσχεις;
1318 1116 1387 1170 Ἠ
1404 1116 1664 1186 θυγάτηρ
1685 1134 1805 1185 μου

235 1202 429 1269 κακῶς
457 1203 871 1273 δαιμονίζεται.
930 1205 995 1258 Ἡ
1037 1204 1349 1276 συμπαθεία
1380 1209 1737 1277 γυμνάζεται,
1768 1212 1799 1281 ἡ

235 1294 395 1364 φύσις
447 1295 817 1364 βασανίζεται.
877 1295 1097 1367 Ἑξῆλθε
1149 1299 1444 1367 συνήγορος
1494 1296 1587 1349 τοῦ
1639 1298 1802 1367 θυγα-

230 1388 408 1457 τρίου·
431 1388 490 1440 οὑ
525 1388 681 1459 φέρει
708 1387 806 1458 τὴν
837 1388 1119 1451 νοσοῦσαν,
1140 1388 1275 1443 ἀλλὰ
1301 1389 1571 1461 φέρειτὴν
1598 1389 1798 1445 πίστιν.

205 1480 360 1541 ιΘεός
394 1482 511 1533 ἐστι
543 1480 735 1533 καὶτὰ
780 1480 960 1535 πάντα
1012 1481 1222 1551 βλέπει.
1274 1481 1336 1536 Ἠ
1386 1480 1649 1552 θυγάτηρ
1679 1500 1798 1551 μου

227 1572 423 1636 κακῶς
451 1572 864 1642 δαιμονίζεται.
901 1572 1106 1636 Πένθος
1162 1574 1399 1643 χαλεπὸν
1423 1614 1438 1637 ,
1482 1574 1543 1627 τὸ
1575 1578 1798 1646 κέντρον

225 1664 323 1734 τῆς
356 1664 597 1730 φύσεως,
638 1665 738 1736 τὴν
775 1667 991 1736 μήτραν
1036 1665 1322 1736 διεσχίζει,
1366 1664 1655 1718 κλυδώνιον
1683 1668 1799 1727 τοῖς

226 1757 560 1828 σπλάγχνοις
583 1756 904 1827 εἰργάσατο.
941 1757 1006 1809 Τί
1027 1758 1268 1827 ποιήσω;
1306 1758 1656 1828 Ἀπόλλυμαι.
1686 1758 1794 1809 Καὶ

1910 572 2198 633 patronam
2261 564 2640 634 paenitentiam
2701 574 2880 627 nacta,
2921 562 2987 615 ad
3040 561 3248 615 fontem
3301 562 3483 631 ipsum

1909 656 2133 711 accedo.
2194 655 2490 726 Propterea
2544 655 2855 719 descendit,
2912 663 3204 723 propterea
3261 667 3484 706 carnem

1909 747 2229 815 assumpsit,
2264 758 2321 797 ut
2358 761 2455 814 ego
2495 746 2674 813 ipsum
2712 744 3041 811 alioquerer.
3074 742 3312 797 Sursum
3340 740 3487 794 Che-

1907 840 2083 893 ruhim
2146 855 2268 894 eum
2323 846 2730 908 expavescunt;
2792 836 2935 890 infra
2992 838 3253 890 meretrix
3305 835 3485 904 ipsum

1906 930 2181 984 convenit.
2246 928 2501 982 Miserere
2554 930 2653 981 mei
2697 943 2714 979 :
2753 927 2989 995 simplex
3025 928 3275 991 verbum,
3319 926 3487 995 idque

1904 1022 2231 1089 immensum
2280 1022 2476 1075 salutis
2520 1021 2766 1089 pelagus.
2804 1019 3057 1072 Miserere
3088 1020 3207 1071 mei.
3246 1018 3375 1071 Eam
3412 1019 3485 1070 ob

1904 1130 2127 1170 causam
2150 1113 2460 1178 acceSsisti,
2494 1111 2701 1166 idcirco
2739 1128 2961 1165 carnem
2989 1110 3241 1173 induisti,
3277 1111 3483 1163 ideirco

1902 1207 2082 1261 factus
2132 1222 2191 1261 es
2234 1207 2285 1261 id
2319 1206 2467 1276 quod
2514 1221 2660 1260 sum.
2723 1205 2814 1258 Sir.
2862 1206 3114 1258 videlicet
3165 1211 3377 1257 tremor
3426 1203 3482 1255 in

1903 1298 2157 1367 supernis
2190 1306 2297 1361 est,
2325 1298 2379 1352 in
2407 1296 2761 1351 inferioribus
2804 1296 2939 1351 locis
2976 1295 3197 1352 ﬁducia.
3232 1294 3481 1349 Miserere

1900 1392 2020 1445 mei.
2051 1392 2189 1457 Quid
2222 1390 2436 1446 habes?
2481 1390 2919 1444 misericordiam
2951 1404 3154 1457 quaaro.
3188 1386 3328 1452 Quid
3383 1403 3480 1456 pa-

1900 1480 2077 1535 teris?
2118 1479 2269 1533 Filia
2313 1496 2428 1533 mea
2460 1496 2494 1532 a
2538 1478 2800 1531 dcentonio
2835 1478 2974 1531 male
3008 1487 3229 1531 vexatur
3260 1474 3476 1547 (Ibid.).

1898 1571 2410 1625 tlommiserationis
2437 1569 2497 1623 ﬁt
2530 1570 2886 1635 exercitatio;
2941 1577 3139 1621 natura
3187 1568 3481 1621 excrucia~

1898 1671 2009 1716 tur.
2038 1661 2183 1715 Exiit
2216 1662 2339 1715 tiliae
2369 1670 2599 1730 patrona
2636 1680 2650 1713 :
2695 1675 2804 1713 non
2838 1659 3061 1728 quidem
3120 1664 3478 1727 aegrotantem

1900 1762 2105 1827 gestat,
2132 1754 2226 1809 sed
2262 1753 2443 1808 ﬁdem.
2469 1752 2610 1807 Deus
2632 1760 2737 1819 est,
2770 1761 2930 1822 atque
2955 1754 3143 1806 omnia
3166 1739 3476 1805 contuetur.

222 1849 309 1901 διά
338 1850 391 1901 τί
425 1850 528 1902 οὑκ
555 1845 729 1915 εἶπεν,
776 1849 1024 1918 Ἐλέησον
1043 1847 1141 1919 τὴν
1171 1847 1446 1920 θυγατέρα
1478 1866 1602 1920 μου,
1631 1848 1785 1912 ἀλλὰ,

1898 1848 2047 1902 Filia
2076 1863 2192 1901 mea
2224 1864 2255 1899 a
2280 1848 2543 1899 daemonio
2570 1844 2708 1898 male
2742 1852 2982 1897 vexatur.
3022 1844 3230 1897 Luctus
3267 1843 3473 1910 gravis,

233 1940 538 2007 Ἐλέησόν
547 1956 660 2010 ys;
690 1941 870 2011 ἐκείνη
893 1941 1001 2011 γὰρ
1020 1942 1077 1993 ἐν
1101 1940 1353 2011 ἀσθενείᾳ
1372 1941 1483 2011 ἔχει
1510 1940 1570 1993 τὸ
1603 1942 1792 2005 πάθος.

219 2034 334 2086 Οὲικ
357 2028 467 2085 οἶδε
495 2033 546 2085 τί
587 2033 809 2104 πάσχει,
842 2035 939 2086 καὶ
968 2033 1068 2087 οὐκ
1108 2033 1428 2087 αἰσθάνεται
1450 2034 1549 2104 τῆς
1581 2034 1793 2105 ἡδονῆς,

219 2123 634 2192 παραπέτασμα
682 2123 782 2192 τῆς
837 2124 1126 2193 συμφορᾶς
1181 2122 1379 2193 ἔχουσα
1410 2123 1473 2176 τὸ
1522 2124 1791 2191 ἀνόδυνον,

220 2214 426 2283 μᾶλλον
457 2215 514 2268 δὲ
542 2215 604 2267 τὸ
635 2214 981 2286 ἀναίσθητον.
1020 2216 1149 2286 Ἐμὲ
1175 2214 1233 2268 δὲ
1263 2215 1505 2288 ἐλέησον,
1530 2219 1628 2288 τὴν
1659 2218 1794 2271 θεω-

218 2308 312 2379 ρὸν
336 2308 449 2360 τῶν
477 2308 861 2380 καθημερινῶν
884 2308 1091 2361 κακῶν.
1114 2307 1354 2379 Θέατρον
1376 2310 1484 2380 ἔχω
1511 2313 1794 2381 συμφορᾶς

215 2398 275 2448 ἐν
309 2401 376 2469 τῇ
408 2400 579 2470 οἰκία.
613 2399 723 2453 Ποῦ
770 2398 1021 2465 άπέλθω;
1049 2401 1127 2463 είς
1159 2400 1259 2469 τὴν
1294 2400 1537 2471 ἑρημονς
1580 2401 1695 2453 ἀλλ’
1730 2403 1791 2454 οὐ

212 2489 402 2559 τολμῶ
436 2492 608 2559 αὑτὴν
654 2490 975 2545 καταλιπεῖν
1016 2494 1204 2562 μόνην.
1260 2493 1400 2544 Ἀλλ’
1440 2496 1519 2556 εἰς
1572 2494 1669 2564 τὴν
1710 2497 1794 2547 οἰ-

215 2580 381 2646 κίαν;
411 2579 527 2633 ἀλλ’
554 2580 795 2650 εὑρίσκω
822 2582 913 2635 τὸν
936 2582 1170 2653 πόλεμον
1199 2582 1367 2651 ἔνδον,
1399 2585 1467 2637 τά
1494 2584 1711 2656 κύματα
1736 2587 1794 2640 ἐν

212 2668 292 2738 τῷ
319 2669 525 2739 λιμένι.
545 2671 609 2724 Τί
640 2672 811 2743 αὐτὴν
832 2671 1082 2737 καλέσω;
1113 2675 1350 2745 νεκράν;
1378 2674 1514 2728 ἀλλά
1542 2678 1791 2731 κινεῖται.

224 2761 392 2816 Ἀλλά
436 2763 655 2829 ζῶσαν;
707 2764 823 2816 ἀλλ’
872 2766 971 2817 οὑκ
1007 2762 1117 2818 οἶδε
1160 2767 1213 2818 τί
1251 2767 1475 2835 πάσχει.
1508 2768 1622 2821 Οὑκ
1678 2764 1794 2824 οἶδα

211 2852 399 2922 εὑρεῖν
429 2855 599 2924 ὄνομα
651 2856 953 2926 ἐρμηνεῦον
985 2856 1046 2907 τὸ
1093 2856 1286 2919 πάθος.
1329 2857 1462 2926 Ἐμὲ
1510 2859 1789 2926 ἐλέησον.

209 2944 277 2995 Εἰ
303 2944 564 3015 τεθνήκει
595 2944 658 2999 τὺ
685 2946 979 3017 θυγάτριόν
1009 2964 1131 3017 μου,
1168 2949 1267 3001 οὑκ
1300 2948 1367 3002 ἂν
1395 2950 1620 3003 τοιαῦτα
1657 2952 1793 3003 ἔπα-

211 3033 327 3089 θον.
362 3037 662 3107 Παρέδωκα
696 3037 764 3091 ἂν
795 3039 858 3091 τὸ
902 3038 1065 3109 σῶμα
1106 3044 1222 3103 τοῖς
1265 3041 1489 3106 κόλποις
1536 3043 1637 3113 τῆς
1668 3044 1791 3111 γῆς,

208 3127 307 3178 καὶ
334 3127 419 3198 τῷ
448 3129 628 3199 χρόνῳ
655 3130 753 3200 τὴν
775 3130 966 3201 ιλήθην
1006 3133 1323 3203 εἰσήγαγον,
1353 3136 1449 3187 καλ⁵
1488 3134 1788 3206 διεφόρησα

206 3219 271 3271 τὸ
300 3220 484 3284 ἕλκος.
532 3223 646 3275 Νῦν
680 3223 736 3276 δὲ
772 3224 963 3294 νεκρὸν
1006 3224 1117 3293 ἔχω
1155 3225 1380 3293 διηνεκῆ
1430 3244 1522 3295 μοι
1554 3227 1789 3299 θεωρίαν

206 3316 605 3387 ἐργαζόμενον,
639 3314 934 3384 ὑφαίνοντά
965 3334 1056 3386 μοι
1096 3316 1166 3370 τὰ
1202 3317 1516 3387 τραύματα,
1561 3320 1787 3375 πλεονά-

207 3406 380 3471 ζοντά
413 3424 505 3477 μοι
551 3408 611 3460 τὸ
644 3406 822 3470 ἕλκος.
860 3407 985 3470 Πῶς
1014 3403 1154 3460 εἶδον
1195 3408 1509 3478 ὀφθαλμοὺς
1534 3410 1786 3481 διαστρε-

204 3500 506 3568 φομένους,
535 3502 722 3569 χεῖρας
755 3499 1293 3569 στραγγαλουμένας,
1327 3500 1643 3571 πλοκάμους
1664 3503 1788 3557 λυο-

209 3592 436 3661 μένους,
473 3592 646 3663 ἀφρὸν
689 3592 1046 3662 προϊεμένην,
1078 3591 1168 3643 τὸν
1203 3592 1394 3661 δήμιον
1446 3592 1594 3648 ἔνδον
1636 3595 1785 3661 δντα,

205 3685 306 3736 καὶ
371 3684 448 3753 μή
508 3683 831 3754 φαινόμενον
858 3721 875 3746 ,
932 3683 1034 3746 τὰς
1096 3685 1368 3755 μάστιγας
1422 3685 1782 3755 φαινομέναςς

206 3777 468 3846 Ἔστηκα
498 3777 701 3846 θεωρὸς
730 3776 838 3829 τῶν
866 3776 1164 3845 ἀλλοτρίων
1208 3776 1418 3842 κακῶν,
1445 3778 1547 3847 τῆς
1575 3778 1785 3847 φύσεώς

208 3884 281 3937 με
333 3866 751 3935 κεντριζοὺσης.
812 3865 1105 3933 Ἐλέησόν
1131 3882 1225 3933 με.
1270 3866 1521 3921 Χαλεπὸν
1541 3869 1615 3921 ιτὸ
1660 3876 1786 3921 κλυ-

203 3958 427 4023 δώνιον,
464 3957 635 4019 πάθος
671 3956 765 4009 καὶ
806 3955 989 4023 φόϐος.
1024 3956 1204 4018 Πάθος
1234 3956 1468 4024 φύσεως,
1502 3959 1595 4010 καὶ
1626 3959 1787 4026 φόϐος

201 4049 489 4117 δαίμονος.
520 4046 864 4117 Προσελθεῖν·
911 4046 973 4098 οὑ
1019 4045 1280 4115 δύναμαι,
1321 4046 1442 4098 οὐδὲ
1473 4051 1782 4117 κατασχεῖν.

218 4140 375 4193 Ὠθεῖ
433 4155 499 4208 με
549 4138 611 4191 τὸ
668 4137 859 4201 πάθος,
906 4137 1000 4189 καὶ
1045 4135 1395 4205 διακρούεταί
1431 4154 1498 4205 με
1529 4140 1557 4190 δ
1597 4138 1784 4207 φόϐος.

215 4236 530 4302 Ἐλέησόν
555 4251 649 4302 με.
690 4233 831 4286 Ἀλλ’
862 4234 1117 4300 ἐννόησον
1154 4232 1411 4300 γυναικὸς
1444 4232 1781 4302 φιλοσοφίαν.

202 4330 328 4381 Οὑκ
369 4326 579 4397 ἀπῆλθε
614 4326 752 4396 πρὸς
796 4326 1038 4394 μάντεις·
1069 4326 1127 4377 οὐ
1176 4326 1456 4394 περίαπτα
1493 4326 1780 4395 ἐποίησενο

200 4423 270 4475 οὐ
308 4419 751 4488 μαγγανιστρίας
782 4420 1048 4485 γυναῖκας
1077 4415 1439 4487 ἐμισθώσατο,
1466 4418 1663 4480 ταύτας
1689 4419 1785 4482 τὰς

1895 1937 2159 1992 Stimulus
2201 1942 2413 1989 naturte
2470 1942 2780 1989 maternum
2812 1940 3029 1985 uterum
3081 1931 3476 1989 diverberavit.

1895 2036 2061 2105 inque
2083 2029 2390 2088 visceribus
2424 2028 2599 2098 ipsius
2629 2035 3006 2097 tempestatem
3025 2026 3306 2079 excitavit.
3336 2024 3477 2090 Q‘uid

1897 2128 2135 2184 faciam?
2168 2125 2361 2181 Pereo.
2403 2123 2515 2177 Cur
2563 2137 2695 2175 vero
2748 2136 2856 2175 non
2912 2121 3008 2182 ait,
3046 2120 3308 2174 Miserere
3354 2119 3477 2171 tilia:

1896 2234 2049 2275 mem.
2086 2217 2203 2281 sed,
2239 2214 2488 2269 Miserere
2517 2214 2661 2267 mei?
2692 2212 2988 2277 Quoniam,
3024 2211 3223 2279 inquit,
3248 2209 3477 2262 morbus

1895 2312 2066 2381 ipsam
2104 2310 2157 2363 in
2191 2308 2511 2362 inﬁrmitate
2558 2305 2789 2359 detinet.
2841 2302 3029 2356 Nescit
3060 2302 3189 2372 quid
3228 2303 3475 2371 patitur;

1894 2420 2003 2457 non
2051 2403 2222 2457 sentit
2268 2416 2381 2470 quo
2430 2399 2485 2452 in
2539 2397 2733 2452 dolore
2767 2406 3045 2462 versetur;
3081 2403 3143 2449 ut
3178 2411 3299 2462 qua:
3328 2396 3478 2449 velut

1893 2495 2167 2568 quoddam
2226 2492 2560 2548 calamitatis
2609 2490 2791 2544 velum
2841 2489 3203 2543 indolentiam
3255 2488 3472 2553 habeat,

1895 2591 1977 2647 vel
2034 2589 2220 2659 potius
2255 2595 2562 2657 stuporem.
2596 2583 2673 2638 Te
2711 2598 2843 2637 vero
2885 2584 2987 2636 mei
3019 2580 3471 2650 quotidianarum

1894 2685 2159 2740 malorum
2202 2678 2552 2751 spectatricis
2579 2678 2858 2733 misereat.
2890 2674 3278 2744 Spectaculum
3320 2675 3470 2730 cala-

1893 2777 2102 2833 mitatis
2126 2775 2274 2831 domi
2306 2774 2503 2829 habeo.
2532 2773 2653 2839 Quo
2694 2787 2779 2826 me
2830 2768 3158 2825 conferam?
3188 2768 3240 2821 in
3270 2768 3472 2823 solitu—

1894 2870 2122 2923 dinem?
2166 2879 2221 2921 at
2250 2882 2367 2921 eam
2420 2867 2596 2921 solam
2658 2866 2970 2932 relinquere
3027 2878 3134 2915 non
3195 2863 3468 2917 sustineo.

1895 2960 2236 3014 Domumne?
2281 2967 2336 3011 at
2377 2960 2529 3012 intus
2562 2957 2762 3010 bellum
2809 2957 3058 3020 invenio,
3096 2965 3149 3009 et
3174 2954 3375 3011 ﬂuctus
3414 2958 3467 3008 in

1895 3062 2073 3124 portu.
2104 3051 2377 3117 Quidnam
2418 3065 2547 3103 vero
2584 3065 2703 3104 eam
2761 3048 2981 3102 dicam?
3039 3046 3351 3102 mortuam?
3399 3048 3468 3100 At

1894 3150 2045 3195 motu
2076 3142 2336 3210 agitatur.
2367 3138 2597 3191 Vivam?
2636 3137 2770 3207 quid
2806 3136 2973 3208 468
3019 3151 3151 3191 vero
3204 3138 3465 3205 patiatur,

1894 3232 2241 3302 exploratum
2291 3245 2401 3283 non
2448 3228 2633 3282 habet.
2694 3228 2903 3282 Nomen
2963 3228 3209 3281 invenire
3249 3240 3467 3296 nequeo

1892 3324 2039 3394 quod
2069 3320 2384 3391 hujusmodi
2410 3321 2779 3374 calamitatem
2797 3321 3054 3389 explicet.
3074 3319 3180 3373 Mei
3196 3321 3461 3374 miserere.

1891 3416 1947 3470 Si
1989 3415 2098 3469 ﬁlia
2129 3428 2245 3468 mea
2285 3430 2314 3467 e
2353 3414 2465 3465 vita
2499 3412 2854 3475 excessissa,
2890 3427 3013 3465 cum
3060 3413 3227 3466 tantis
3258 3410 3465 3466 dolori-

1888 3509 1992 3564 bus
2026 3522 2132 3563 non
2171 3504 2541 3560 conﬁictarer.
2596 3504 2731 3557 Nam
2780 3519 2985 3574 corpus
3037 3512 3201 3559 terra:
3250 3506 3463 3575 gremio

1888 3598 2261 3660 tradidissem,
2297 3611 2361 3650 ac
2408 3611 2505 3664 per
2552 3596 2813 3664 temporis
2866 3596 3283 3651 diuturnitatem
3321 3596 3464 3651 obli-

1886 3689 2047 3741 vione
2081 3694 2390 3750 contracta,
2440 3686 2601 3740 ulcus
2660 3680 3073 3742 discussissém.
3130 3685 3288 3740 Nunc
3329 3703 3462 3741 vero

1886 3780 2119 3834 cadaver
2153 3778 2349 3842 habeo,
2375 3776 2520 3847 quod
2550 3787 2869 3849 perpetuum
2917 3779 3050 3832 milii
3082 3780 3459 3850 spectaculum

1885 3872 2113 3942 praebet,
2163 3871 2308 3941 quod
2358 3871 2589 3925 vulnera
2640 3871 2774 3925 mihi
2834 3870 3053 3941 inﬂigit,
3101 3873 3461 3944 doloremque

1886 3964 2121 4019 subinde
2158 3978 2339 4017 meum
2394 3963 2697 4017 exulcerat.
2753 3962 2999 4029 Quonam
3062 3974 3220 4033 pacto
3275 3966 3461 4022 videre

1885 4071 2079 4126 queam
2117 4065 2459 4110 transversos
2492 4057 2713 4119 oculos,
2761 4056 3025 4110 distortas
3056 4073 3273 4117 manus.
3305 4058 3457 4112 solu-

1886 4160 1972 4203 tos
2031 4150 2283 4218 capillos,
2343 4163 2592 4218 spumam
2652 4164 2746 4202 ore
2796 4149 3080 4215 emissam,
3134 4150 3458 4204 intestinum

1885 4241 2219 4306 carniﬁcem,
2251 4256 2349 4295 nec
2374 4241 2754 4310 conspicuum,
2801 4242 3088 4310 perspicua
3122 4253 3303 4295 autem
3332 4256 3458 4297 ver-

1886 4329 2056 4386 bera?
2087 4332 2222 4385 Asto
2272 4331 2540 4383 malorum
2582 4331 2885 4384 alienorum
2917 4331 3243 4400 spectatrix,
3282 4332 3467 4411 lancis

1886 4434 2052 4476 nante
2086 4438 2173 4478 me
2202 4430 2256 4476 et
2290 4431 2566 4491 pungente
2595 4433 2813 4475 natura.
2848 4422 3100 4477 Miserere
3134 4425 3255 4478 mei.
3288 4423 3454 4479 Tem-

202 4511 602 4583 γυμναζοὺσας
627 4511 753 4572 τοὺς
779 4509 1057 4579 δαίμονας,
1087 4510 1182 4562 καὶ
1211 4507 1479 4572 αὑξοὺσας
1505 4510 1567 4562 τὸ
1604 4510 1781 4576 ἕλκος,

1898 4526 2067 4584 pestas
2103 4514 2313 4582 gravis,
2344 4512 2562 4566 aﬂ'ectio
2588 4522 2642 4567 et
2692 4515 2874 4567 timor.
2918 4513 3146 4569 Aﬂ‘cctio
3187 4516 3452 4570 nimirum

199 4607 331 4661 ἀλλ’
367 4606 548 4675 ἀφῆκε
586 4601 681 4655 τοῦ
710 4602 957 4655 διαϐόλου
981 4602 1040 4654 τὸ
1061 4603 1458 4673 ἐργαστήριον.
1494 4601 1783 4669 Ἐλέησόν

194 4714 309 4767 με·
366 4698 405 4763 ἡ
452 4694 712 4763 θυγάτηρ
763 4711 882 4762 μου
930 4691 1127 4758 κακῶς
1170 4692 1579 4761 δαιμονίζεται.
1630 4695 1782 4748 Ὅσοι

201 4788 453 4856 πατέρες
497 4783 746 4851 ἐγένεσθε
773 4823 788 4848 ,
838 4782 1135 4852 βοηθήσατε
1176 4781 1255 4851 τῷ
1304 4784 1482 4853 λόγῳ,
1519 4784 1613 4836 καὶ
1658 4784 1779 4837 ὅσαι

206 4878 455 4946 μητέρες
490 4874 985 4944 κατεσκευάσθητε.
1029 4873 1103 4925 Οὑ
1155 4874 1393 4942 δύναμαι
1439 4872 1779 4943 ἑρμηνεῦσαι

197 4972 302 5021 τὸν
329 4968 574 5037 χειμῶνα
604 4968 663 5019 ὃν
696 4967 957 5036 ὑπέμεινε
987 4966 1049 5018 τὸ
1073 4968 1313 5033 γυναῖον.
1331 4962 1487 5027 Εἶδες
1510 4968 1610 5037 τὴν
1644 4983 1780 5036 καρ-

196 5059 431 5128 τερίαν,
488 5058 585 5123 τὴν
650 5055 937 5126 ἀνδρείαν,
970 5056 1071 5125 τὴν
1118 5056 1412 5126 ὑπομονήν.
1451 5056 1511 5109 '0
1551 5056 1621 5108 δὲ
1664 5059 1778 5111 οὐκ

197 5149 507 5213 ἀπεκρίθη
534 5144 687 5211 αὐτῇ
726 5145 931 5213 λόγον.
961 5144 1140 5197 Καινά
1179 5144 1249 5196 τὰ
1289 5144 1629 5216 πράγματαί
1662 5145 1777 5197 Πα-

202 5238 471 5309 ρακαλεϊ,
506 5237 705 5301 δέεται,
754 5236 931 5289 κλαίει
972 5235 1071 5307 τὴν
1114 5236 1429 5305 συμφοράν’
1478 5236 1633 5302 αὑξει
1679 5238 1778 5307 τὴν

199 5327 522 5401 τραγῳδίαν
546 5344 558 5357 ³
594 5328 861 5396 διηγεῖται
895 5327 958 5379 τὸ
987 5326 1179 5391 πάθος,
1215 5328 1307 5381 καὶ
1337 5329 1365 5381 ό
1401 5327 1778 5398 φιλάνθρωπος

196 5423 315 5473 οὐκ
354 5420 733 5489 ἀποκρίνεται,
760 5420 789 5471 ό
816 5418 983 5487 Λόγος
1032 5421 1179 5489 σιγᾷ,
1228 5422 1261 5489 ἡ
1296 5422 1446 5491 πηγὴ
1489 5421 1778 5473 ἀποκλείε-

198 5529 328 5574 ται,
356 5513 384 5561 ό
426 5512 606 5580 ἰατρὸς
637 5511 704 5562 τά
742 5511 1006 5581 φάρμακα
1038 5512 1335 5568 συστέλλει.
1375 5513 1438 5565 Τί
1469 5513 1528 5566 τὸ
1551 5514 1774 5580 καινόν;

196 5606 260 5655 τί
312 5602 371 5652 τὸ
424 5600 759 5671 παράδοξον;
793 5604 1006 5665 Ἀλλοις
1058 5605 1388 5674 ἐπιτρέχεις,
1434 5609 1527 5660 καὶ
1573 5609 1778 5677 ταύτην

199 5696 608 5765 ἐπιτρέχουσαν
646 5696 988 5758 ἀπελαύνεις.
1019 5697 1155 5749 Ἀλλ’
1194 5699 1445 5768 ἐννόησον
1470 5700 1561 5752 τοῦ
1593 5700 1775 5771 ἰατροῦ

196 5791 317 5858 τὴν
347 5791 559 5847 σοφίαν.
624 5794 667 5842 0
698 5789 767 5843 δὲ
802 5793 911 5845 οὐκ
949 5790 1311 5859 ἀπεκρίνατο
1367 5792 1520 5861 αὐτῇ
1564 5794 1771 5863 λόγον.

1882 4616 2111 4670 natura},
2138 4613 2193 4659 et
2219 4606 2387 4657 timor
2415 4605 2700 4661 daemonis.
2747 4604 3023 4660 Accedere
3052 4622 3161 4660 non
3201 4622 3450 4676 possum,

1881 4712 1982 4753 nec
2026 4714 2113 4753 me
2145 4698 2445 4752 continere.
2490 4695 2652 4766 Urget
2688 4712 2775 4751 me
2822 4697 3075 4764 aﬂ‘ectio;
3110 4709 3165 4751 at
3196 4700 3451 4769 propellit

1882 4790 2067 4844 timor.
2101 4789 2350 4841 Miserere
2379 4789 2498 4841 mei.
2536 4788 2737 4842 Verum
2790 4789 2879 4843 hic
2919 4790 3330 4845 animadvertas
3360 4808 3450 4843 ve-

1878 4883 1974 4937 lim
1992 4882 2238 4937 mulieris
2266 4881 2694 4961 pliilOSOpliiam.
2714 4880 2828 4935 Non
2847 4883 2912 4935 ad
2937 4882 3157 4935 divinos
3180 4885 3445 4951 perrexit;

1878 4990 1989 5028 non
2033 4973 2269 5028 amuleta
2320 4962 2578 5042 appendit
2622 4970 2784 5033 ﬁliae,
2837 4988 2947 5026 non
3004 4975 3447 5043 praastigiatrices

1878 5064 2229 5121 mulierculas
2274 5065 2581 5129 conduxit;
2620 5078 2735 5128 eas,
2784 5064 3033 5132 inquam,
3089 5080 3210 5132 qua:
3245 5066 3447 5118 dmino-

1878 5172 1977 5213 nes
2004 5164 2283 5219 exercent,
2342 5166 2396 5208 et
2444 5154 2642 5209 vulnus
2676 5154 3054 5223 ainplilicant:
3098 5154 3194 5207 sed
3236 5155 3442 5210 diaboli

1877 5245 2148 5301 oﬁicinam
2183 5244 2366 5300 valere
2395 5244 2586 5314 jussit.
2639 5242 2892 5297 Miserere
2939 5246 3062 5307 mei,
3099 5244 3215 5313 filia
3265 5263 3378 5297 mea
3410 5264 3442 5299 a

1877 5340 2132 5394 darmonio
2163 5337 2301 5391 male
2345 5347 2583 5390 vexatur.
2613 5337 2941 5405 Quicunque
2986 5345 3241 5407 parentes
3268 5336 3441 5389 exsti-

1877 5433 2049 5496 tistis,
2076 5447 2232 5501 opem
2272 5433 2407 5485 meis
2439 5431 2785 5484 sermonibus
2818 5430 3006 5485 ali'erte
3043 5449 3057 5484 :
3095 5443 3441 5499 quaecunque

1878 5524 2003 5576 item
2036 5530 2260 5575 matres.
2288 5520 2476 5589 Neque
2507 5524 2649 5574 enim
2681 5522 2807 5574 huic
2837 5523 3106 5590 procellae,
3136 5536 3295 5590 quam
3323 5538 3440 5573 iuu—

1879 5615 1975 5668 lier
2002 5628 2257 5682 perpessa
2297 5622 2400 5676 est,
2435 5613 2773 5681 explicanda:
2808 5630 2905 5683 par
2931 5630 3075 5668 sum.
3104 5612 3265 5666 Vides
3313 5628 3439 5681 per-

1876 5703 2277 5766 severantiam,
2340 5702 2771 5771 magnitudinem
2825 5702 3033 5764 animi,
3093 5702 3431 5771 patientiam.

1878 5793 1979 5848 Ille
2019 5804 2191 5847 autem
2250 5809 2351 5845 non
2394 5794 2659 5861 respondit
2710 5797 2757 5848 ei
2816 5794 3023 5848 verbum
3084 5792 3261 5861 (Ibid.
3308 5793 3432 5864 ‘25).
