4206 6442
242 372 379 439 1449

1503 387 1743 447 SACRA
1784 387 2225 446 PARALLELA
2239 435 2251 447 .

3365 411 3500 476 1450

227 494 326 546 Διὰ
386 493 551 546 τοῦτο
586 494 931 567 ἀνεϐαλόμην
965 497 1064 567 τὴν
1114 499 1283 566 δόσιν,
1318 500 1406 555 ἵνα
1434 502 1593 569 δείξω
1622 508 1787 558 αὐτοῖς

264 585 277 603 ι
401 586 445 603 ,κ
581 581 654 603 τη
739 587 751 603 .
905 588 1107 603 ο...
1244 587 1414 603 ρ...
1771 600 1781 603 _

1911 502 2095 554 casti?
2129 504 2326 557 micam
2356 506 2491 560 mth
2542 512 2745 570 tribue.
2784 515 3044 576 Petitioni
3078 541 3209 580 mem
3233 535 3349 584 tute
3381 532 3499 603 ipse

225 585 324 658 τὴν
350 586 562 640 πίστιν.
581 581 655 640 Ὦ
683 587 877 656 γύναι.
903 588 1033 651 Θεὸς
1051 588 1219 659 λέγει,
1244 587 1319 647 Ὦ
1345 595 1520 662 γύναι
1534 597 1554 648 !
1592 598 1811 651 Ἀκουέ-

224 695 407 732 τωσαν
437 680 491 731 οἱ
546 680 834 751 εὐχόμενοι
882 683 1023 751 μετὰ
1069 682 1392 751 βαναυσίας.
1438 687 1610 741 Ὅταν
1641 690 1805 756 εἴπω,

224 773 623 842 Παρακάλεσον
680 773 775 826 τὸν
813 772 970 836 Θεὸν,
1027 774 1245 846 δεήθητι
1289 778 1480 844 αὐτοῦ,
1527 782 1809 839 ἱκέτευσον

224 863 425 916 αὐτόν·
467 864 637 932 λέγει,
674 865 1032 934 Παρεκάλεσα
1070 866 1222 932 ἅπαξ
1250 870 1344 922 καὶ
1373 869 1648 943 δεύτερον,
1685 873 1807 943 τρί-

220 969 334 1017 τον,
368 954 625 1022 δέκατον,
657 956 751 1008 καὶ
782 958 882 1010 οὐκ
903 957 1117 1012 ἔλαϐον.
1143 958 1235 1029 Μὴ
1275 962 1541 1034 ἀποστῇς,
1574 965 1679 1028 ἕως
1711 966 1807 1020 ἐὰν

219 1043 419 1115 λάϐῃς.
448 1047 587 1099 ἰ’ὁτε
626 1047 899 1119 άπόστηθι
928 1051 1056 1102 ὅταν
1089 1049 1287 1122 λάϐῃς·
1319 1053 1520 1121 μᾶλλον
1555 1055 1611 1108 δὲ
1644 1057 1767 1109 τότε
1788 1074 1801 1088 ο

216 1136 357 1189 ἀλλὰ
392 1140 493 1191 καὶ
523 1138 645 1191 τότε
674 1139 980 1209 παράμενε.
1010 1141 1129 1194 Κᾶν
1161 1142 1355 1215 λάϐῃς,
1384 1146 1527 1199 αἴτει
1547 1164 1558 1177 ·
1589 1147 1720 1201 ὅταν
1746 1150 1805 1201 δὲ

217 1228 414 1301 λάϐῃς,
465 1232 887 1303 εὐχαρίστησον,
922 1235 1003 1287 ὅτι
1040 1234 1251 1298 ἔλαϐες,
1284 1236 1642 1308 Εἰσέρχονται
1674 1242 1806 1294 πολ--

217 1320 301 1374 λοι
325 1323 411 1383 είς
459 1322 559 1392 τὴν
601 1324 946 1393 Ἐκκλησίαν,
1008 1327 1103 1380 καὶ
1158 1328 1526 1398 ἀπαρτίζουσι
1575 1332 1803 1401 μυρίους

216 1412 441 1482 στίχους
500 1416 686 1485 εὐχῆς,
738 1417 831 1468 καὶ
883 1415 1219 1490 ἐξέρχονται.
1276 1420 1369 1489 Μὴ
1422 1420 1531 1491 γὰρ
1590 1422 1801 1476 πολλῶν

212 1503 408 1571 χρείαν
436 1504 550 1573 ἔχει
577 1507 604 1558 6
633 1504 767 1568 Θεὸς
792 1506 1001 1574 λόγων;
1028 1508 1128 1578 τῆς
1158 1509 1325 1579 εὐχῆς
1355 1527 1451 1563 σου
1488 1511 1647 1580 μόνον
1674 1514 1802 1583 χρῄ-

212 1592 317 1655 ζει.
363 1597 480 1647 Καὶ
523 1596 598 1658 τί,
633 1597 801 1666 φησί·
842 1597 1050 1663 έκλινα,
1090 1600 1184 1653 καὶ
1209 1599 1508 1671 ηὐξάμην;
1543 1603 1801 1667 Ἐκλινας

211 1683 279 1734 τὰ
316 1684 547 1750 γόνατα,
573 1686 687 1739 ἀλλ’
713 1687 975 1756 ήδιάνοιά
1008 1705 1101 1741 σου
1128 1689 1232 1755 ἔξω
1263 1692 1516 1746 ὲπέτατο.
1545 1694 1585 1744 Τ
1588 1693 1615 1744 ὸ
1640 1693 1800 1763 σῶμά

213 1792 306 1826 σου
342 1774 479 1836 ἔσω,
506 1778 598 1829 καὶ
623 1779 653 1846 ἡ
682 1778 826 1848 ψυχή
861 1796 954 1832 σου
984 1779 1103 1844 ἔξω.
1146 1782 1219 1834 Τὸ
1251 1783 1427 1853 στόμα
1465 1800 1557 1836 σου
1590 1784 1794 1853 ἔλεγεν,

1919 595 2299 660 patrocinatus
2330 612 2427 666 es;
2483 599 2571 655 fac
2626 604 2683 658 in
2738 608 3029 681 largiendo
3072 595 3419 676 annuentem-
3448 635 3501 679 te

1918 683 2182 752 praebeas.
2212 685 2419 754 Etiam,
2462 690 2689 749 Domine
2722 714 2739 751 :
2773 716 2899 755 nam
2933 713 2983 758 et
3013 710 3193 763 catelli
3225 714 3499 769 comedunt

1915 775 1979 830 de
2012 776 2164 831 micis
2198 795 2313 847 quae
2346 782 2545 838 cadunt
2576 786 2640 840 de
2670 806 2847 846 mensa
2884 795 3221 855 dominorum
3258 821 3497 861 suorum.

1915 868 2057 934 Quid
2098 871 2266 941 igitur
2298 874 2390 928 ille
2432 878 2528 946 qui
2590 885 2908 951 recusabat,
2951 891 3045 959 qui
3096 893 3373 965 abigebat,
3405 902 3497 970 qui

1914 963 2135 1020 dicebat
2164 984 2180 1022 ;
2219 966 2344 1023 Non
2374 981 2451 1024 est
2478 972 2671 1029 bonum
2705 994 2910 1036 sumere
2937 1000 3124 1053 panem
3154 963 3412 1058 ﬁliorum,
3449 1006 3499 1048 et

1912 1056 2043 1108 dare
2072 1057 2290 1113 canibus
2314 1063 2341 1116 ll
2379 1063 2473 1131 qui
2514 1066 2734 1123 dicebat
2767 1089 2780 1125 :
2819 1071 2945 1127 Non
2981 1092 3098 1131 sum
3139 1083 3358 1151 missus,
3394 1088 3497 1140 nisi

1913 1145 1984 1195 ad
2031 1161 2149 1198 oves
2200 1165 2317 1217 qua:
2371 1154 2640 1218 perierunt
2678 1161 2866 1216 domus
2922 1163 3141 1222 Israel?
3188 1145 3492 1236 Quid'ait:

1915 1232 1960 1288 0
1994 1234 2183 1289 mulier
2214 1237 2383 1305 (Ibid.
2403 1242 2495 1313 28)
2521 1245 2532 1296 !
2563 1244 2703 1310 Quid
2732 1259 2816 1306 est
2837 1253 2975 1309 hoc?
2998 1232 3251 1313 laudator
3270 1262 3497 1318 eﬂ‘eetus

1911 1324 2016 1378 es?
2057 1328 2345 1386 mulierem
2373 1337 2684 1403 praedicas?
2716 1356 2787 1395 an
2836 1360 2946 1401 non
2995 1364 3115 1404 eam
3155 1355 3372 1421 probris
3408 1359 3494 1411 in-

1910 1416 2214 1472 cessebas?
2247 1436 2319 1475 an
2362 1439 2469 1479 non
2528 1428 2938 1490 insectabaris?
2993 1416 3231 1508 idcirco,
3292 1446 3492 1516 inquit,

1909 1508 2246 1566 insectabar.
2283 1513 2419 1570 Nam
2459 1519 2506 1573 si
2546 1524 2737 1577 statim
2784 1541 2903 1582 eam
2939 1532 3167 1591 missam
3214 1538 3487 1606 fecissem,

1909 1599 2081 1669 ipsius
2142 1603 2300 1659 tidem
2364 1610 2593 1667 minime
2655 1630 2999 1688 perspectam
3056 1627 3376 1690 hah‘uisses.
3434 1599 3491 1690 Si

1905 1692 2089 1780 statim
2120 1696 2445 1763 accepisset,
2477 1703 2668 1769 pedem
2696 1709 2997 1779 retulisset,
3037 1730 3137 1773 nec
3168 1721 3488 1780 thesaurum

1904 1779 2079 1874 ipsius
2129 1787 2501 1853 cognovisses.
2559 1792 2685 1848 ldeo
2741 1797 2873 1855 dare
2924 1802 3153 1874 distuli,
3215 1822 3271 1865 ut
3330 1779 3486 1869 [idem

209 1882 306 1918 και
343 1867 376 1934 ἡ
401 1866 615 1920 διάνοια
645 1884 739 1919 σου
771 1868 997 1939 ἠρίθμει
1039 1870 1166 1933 τοὺς
1206 1870 1425 1936 τόκους,
1465 1872 1787 1942 συμϐόλαια,

1902 1868 2077 1938 ipsius
2147 1885 2512 1935 ostentarem.
2545 1883 2610 1938 .0
2646 1888 2870 1944 mulier!
2912 1893 3054 1951 Deus
3088 1866 3221 1955 dicit
3255 1922 3267 1957 :
3304 1906 3349 1961 0
3372 1924 3489 1961 mu-

211 1956 664 2025 συναλλάγματα,
697 1960 896 2029 χωρία,
957 1961 1235 2031 κτήματα.
1286 1964 1345 2015 '0
1404 1964 1511 2035 γὰρ
1551 1964 1796 2028 διάϐολος

208 2051 451 2120 πονηρὸς
497 2049 593 2116 ὢν,
625 2053 719 2104 καὶ
748 2051 905 2115 εἰδὼς
937 2053 1020 2106 ὅτι
1051 2055 1109 2105 ἐν
1156 2055 1335 2126 καιρῷ
1368 2057 1535 2126 εὐχῆς
1580 2056 1797 2125 μεγάλα

206 2140 470 2210 ἀνύομεν,
503 2142 624 2195 τότε
655 2144 967 2213 ἐπέρχεται.
1007 2143 1273 2207 Πολλάκις
1315 2144 1551 2215 κείμεθα
1583 2145 1791 2211 ὕπτιοι,

207 2233 303 2284 καὶ
332 2233 489 2287 οὐδὲν
521 2233 871 2305 λογιζόμεθα,
915 2236 1009 2289 καὶ
1039 2239 1065 2288 ὁ
1108 2235 1231 2299 νοῦς
1267 2238 1484 2307 ἠρεμεῖ.
1518 2237 1794 2307 ’Ἢλθομεν

203 2323 492 2389 εὔξασθαι,
519 2326 612 2379 καὶ
637 2327 819 2397 μυρίοι
852 2327 1108 2396 λογισμοὶ
1134 2328 1487 2399 ἐπέρχονται,
1520 2328 1605 2382 ἵνα
1640 2331 1792 2398 ἡμᾶς

200 2415 417 2488 ἐκϐάλῃ
450 2416 662 2480 κενούς.
684 2417 870 2474 Ταῦτα
903 2416 1061 2481 είδὼς
1091 2420 1150 2472 ἐν
1174 2422 1294 2482 ταῖς
1318 2420 1527 2489 εὐχαῖς,
1553 2421 1790 2489 γίνωσκε

203 2506 302 2575 τὴν
334 2507 675 2562 Χαναναίαν.
738 2507 875 2562 Ἀλλ’
908 2507 1008 2560 οὐκ
1053 2506 1199 2577 ἔχεις
1236 2508 1509 2579 θυγατέρα
1541 2510 1789 2579 δαιμονι-

203 2597 464 2669 ζομένην.
520 2599 585 2651 Τί
618 2594 771 2651 εἷπεν
819 2600 1197 2669 ήΧαναναία;
1257 2601 1553 2668 Ἐλέησόν
1589 2618 1703 2672 με·
1751 2604 1788 2672 ἡ

203 2689 470 2758 θυγάτηρ
498 2709 619 2761 μου
650 2691 849 2758 κακῶς
884 2692 1301 2762 δαιμονίζεται.
1362 2694 1556 2762 Μέγας
1604 2697 1631 2748 6
1678 2695 1787 2748 δαί-

205 2798 345 2851 μων,
382 2784 633 2855 ἁμαρτία
654 2802 668 2816 ·
694 2786 723 2838 6
777 2785 1074 2855 δαιμονιῶν
1107 2786 1360 2847 ὲλεεῖται,
1389 2788 1417 2839 ὁ
1456 2788 1785 2857 ἁμαρτάνων

205 2878 467 2941 μισεῖται.
508 2877 745 2941 Ἐκεῖνος
763 2877 1100 2948 συγγνώμην
1132 2878 1269 2948 ἔχει,
1302 2873 1458 2942 οὗτος
1484 2879 1785 2948 ἀπολογίας

202 2967 517 3036 ἐστέρηται.
567 2967 857 3035 Ἐλέησόν
897 2986 975 3037 με
1003 2987 1015 2999 ·
1043 2972 1218 3040 βραχὺ
1252 2970 1314 3021 τὸ
1358 2972 1528 3041 ῥῆμα,
1561 2971 1657 3024 καὶ
1691 2971 1785 3024 πέ-

200 3057 368 3125 λαγος
429 3059 865 3130 φιλανθρωπίας.
905 3064 1080 3115 Ὅπου
1121 3064 1231 3133 γὰρ
1262 3062 1432 3126 ἕλεος,
1489 3064 1667 3115 πάντα
1715 3063 1783 3115 τὰ

201 3148 406 3217 ἀγαθά.
443 3150 562 3205 Κᾶν
594 3149 700 3215 ἔξω
734 3149 821 3224 ᾖς,
853 3154 1025 3223 κράζε
1069 3155 1163 3208 καὶ
1197 3155 1345 3222 λέγε,
1395 3154 1651 3223 Ἐλέησόν
1676 3172 1741 3224 με
1764 3172 1776 3183 °

1903 1959 2037 2013 tier!
2061 1964 2291 2020 audiant
2315 1972 2409 2038 qui
2450 1973 2711 2031 illiberali
2760 1982 2945 2037 animo
2994 1959 3483 2053 precanturaCrn—r—u

1900 2050 2110 2121 dixero,
2142 2057 2314 2113 Deum
2350 2078 2504 2134 roga,
2539 2084 2633 2122 ora
2666 2086 2817 2137 eum,
2852 2081 3103 2147 supplica
3132 2086 3220 2152 ei;
3256 2103 3487 2160 respon-

1897 2144 1988 2199 det
2013 2147 2143 2203 ille:
2188 2151 2367 2208 Semel
2411 2165 2576 2226 atque
2628 2164 2850 2230 iterum,
2895 2144 3171 2243 tertioque
3206 2144 3277 2234 ac
3304 2144 3485 2240 decies

1896 2238 2110 2304 rogavi,
2163 2256 2265 2295 nec
2322 2249 2525 2315 accepi.
2564 2252 2633 2303 At
2692 2256 2848 2309 velim
2914 2275 2981 2313 ne
3018 2262 3262 2331 desinas,
3310 2270 3484 2326 donec

1896 2333 2196 2399 acceperis.
2248 2333 2405 2393 Tune
2442 2340 2662 2396 demum
2701 2347 2939 2417 absiste,
2988 2366 3114 2407 cum
3159 2362 3481 2429 acceperis;

1895 2421 2005 2475 imo
2045 2439 2114 2478 ne
2149 2432 2263 2481 tum
2321 2430 2572 2499 quidem,
2626 2436 2723 2490 sed
2768 2442 2946 2510 magis
3003 2445 3169 2506 etiam
3219 2452 3479 2519 persiste.

1894 2511 2019 2568 Sive
2052 2532 2161 2571 nun
2196 2520 2459 2591 accipias,
2492 2533 2647 2594 pete;
2681 2528 2800 2585 sive
2838 2534 3110 2606 accipias,
3148 2542 3354 2610 gratias
3383 2560 3483 2615 age

1891 2603 2037 2671 quod
2068 2611 2368 2679 acceperis.
2402 2612 2667 2670 Permulti
2715 2603 3018 2677 Ecclesiain
3067 2603 3478 2697 ingrediuntur.

1888 2702 1944 2749 et
2007 2698 2332 2757 innumeros
2392 2710 2775 2773 preeationum
2835 2716 3145 2773 versiculos
3197 2725 3478 2787 evolvunt,

1888 2793 2054 2853 atque
2086 2787 2160 2841 ita
2191 2792 2489 2847 excedunt.
2541 2794 2805 2869 Nunquid
2845 2801 2993 2860 Deus
3025 2809 3319 2866 verborum
3353 2832 3479 2885 pm-

1890 2878 2101 2934 lixitate
2149 2897 2290 2951 opus
2340 2885 2555 2943 habet?
2594 2895 2971 2961 precationem
3007 2908 3158 2955 tuam
3209 2878 3479 2963 duntaxat

1886 2978 2100 3040 quaerit.
2135 2976 2368 3045 Ecquid,
2399 2981 2497 3045 ait,
2541 2983 2803 3041 inclinavi
2836 3004 2945 3053 me,
2975 2998 3031 3045 et
3054 2996 3249 3049 oravi?
3288 2998 3478 3053 Genua

1885 3062 2126 3131 ﬂexisti;
2166 3082 2322 3122 meus
2348 3086 2475 3124 vero
2504 3080 2597 3126 tua
2625 3084 2779 3130 extra
2814 3080 3039 3137 volavit.
3075 3084 3289 3155 Corpus
3324 3099 3474 3143 tuum

1886 3152 2037 3208 intus
2059 3165 2198 3220 erat,
2219 3160 2438 3212 animus
2462 3160 2620 3217 furis.
2639 3163 2713 3219 Os
2744 3176 2898 3223 tuum
2937 3152 3297 3241 loquebatur;
3325 3194 3476 3233 meus

201 3243 273 3311 μὴ
309 3244 481 3294 κινῶν
505 3243 571 3295 τά
596 3222 773 3313 χείλη,
811 3222 948 3298 ἀλλὰ
972 3249 1039 3316 τῇ
1082 3247 1295 3315 διανοίᾳ
1326 3246 1496 3315 βοῶν’
1528 3222 1622 3298 καὶ
1656 3222 1784 3299 σιω-

2938 3222 3475 3241 ,-1_-__-..-,....,..-

1892 3260 2024 3298 vero
2085 3238 2313 3313 fenora,
2374 3262 2733 3324 conti-actus,
2796 3266 3170 3331 commercia,
3247 3271 3475 3338 praedia,

197 3334 428 3387 πὼντων
454 3335 645 3387 ἀκούει
667 3339 694 3387 6
713 3336 866 3399 Θεὸς.
894 3337 968 3388 Οὐ
1000 3336 1247 3407 ζητεῖται
1271 3337 1454 3400 τόπος,
1480 3337 1597 3390 ἀλλ’
1623 3340 1788 3408 ἀρκεῖ

196 3427 419 3495 τρόπος.
462 3426 519 3480 Ὀ
570 3426 843 3497 Ἱερεμίας
894 3430 953 3480 ὲν
1013 3428 1260 3498 βορϐόρῳ
1288 3426 1378 3498 ἦν,
1415 3431 1507 3482 καὶ
1533 3428 1625 3482 τὸν
1651 3430 1783 3482 Θεὸν

194 3517 571 3570 ἐπεσπάσατο.
616 3517 675 3569 Ὀ
708 3517 909 3587 Δανιὴλ
940 3519 997 3569 ἐν
1030 3518 1219 3588 λάκκῳ
1263 3518 1521 3583 λεόντων,
1553 3520 1650 3572 καὶ
1691 3522 1781 3573 τὸν

194 3607 328 3660 Θεὸν
380 3608 800 3678 ὲξευμενίσατο’
834 3610 883 3661 οἱ
931 3612 1082 3680 τρεῖς
1113 3611 1304 3672 παῖδες
1352 3612 1410 3663 ἐν
1463 3613 1528 3681 τῇ
1563 3613 1780 3681 καμίνῳ

194 3699 357 3773 ἦσαν,
396 3704 601 3756 καὶτὸν
630 3704 764 3757 Θεὸν
810 3704 1194 3773 ὲδυσώπησαν.
1241 3705 1297 3755 'U
1324 3705 1529 3775 λῃστὴς
1577 3707 1777 3757 ὲσταυο

195 3795 368 3866 ρώθη,
401 3798 495 3848 καὶ
520 3799 548 3848 ὁ
573 3796 806 3865 σταυρὸς
832 3797 933 3847 οὐκ
955 3794 1253 3857 ἐκώλυσεν,
1280 3795 1414 3848 ἀλλὰ
1444 3794 1775 3865 παράδεισον

193 3887 424 3955 ἤνοιξεν.
487 3887 542 3939 ’0
586 3886 706 3938 Ἰὼϐ
756 3887 813 3937 ἔν
865 3886 1069 3956 κοπρίᾳ⁹
1096 3882 1184 3956 ἦν,
1227 3887 1319 3938 καὶ
1352 3886 1445 3938 τὸν
1465 3886 1601 3938 Θεὸν
1635 3888 1775 3938 item:

193 3980 614 4034 κατεσκεύασεν.
659 3982 834 4033 Ὅπου
870 3981 967 4033 ἐὰν
1010 3977 1097 4054 ᾗς,
1150 3980 1330 4049 εὔχου.
1388 3982 1508 4032 Κάν
1541 3980 1771 4051 δικαστῇ

190 4076 507 4146 παραστῇς,
565 4071 745 4142 εὔχου.
805 4073 973 4125 Ὅταν
1017 4073 1308 4143 ὀργίξηταί
1361 4089 1442 4123 σοι
1483 4072 1769 4143 δικαστὴς,

188 4164 370 4235 εὔχου.
404 4165 661 4217 Θάλασσα
686 4160 754 4233 ἦν
777 4162 1108 4233 ἔμπροσθεν,
1137 4161 1362 4215 ὄπισθεν
1386 4164 1436 4215 οί
1481 4162 1769 4230 Αἰγύπτιοι

189 4257 430 4319 ἐδίωκον,
465 4256 627 4323 μέσος
656 4255 683 4306 6
719 4255 944 4323 Μωσῆς.
978 4253 1155 4324 Πολλὴ
1201 4254 1334 4325 εὐχὴ
1372 4257 1428 4307 ἐν
1475 4259 1541 4326 τῇ
1588 4274 1768 4309 στενο-

188 4347 383 4418 χωρίᾳο
412 4346 546 4399 ἀλλὰ
589 4349 735 4416 μέγα
764 4346 824 4398 τὸ
876 4346 1114 4412 πέλαγος
1150 4345 1250 4413 τῆς
1291 4347 1478 4415 εὐχῆς.
1502 4348 1766 4400 Ὅπισθεν

181 4443 232 4492 οἱ
262 4440 552 4508 Αἰγύπτιοι
590 4441 837 4503 ἐδίωκον,
880 4439 975 4493 καί
1017 4440 1156 4509 μέση
1188 4441 1219 4508 ή
1254 4440 1409 4509 εὐχή.
1445 4442 1553 4493 Καὶ
1611 4443 1764 4495 οὐδὲν

1891 3336 2157 3402 pecunias
2193 3342 2537 3397 numerabat.
2567 3344 2831 3403 Diabolus
2865 3352 3163 3421 siquidem,
3195 3336 3322 3425 quia
3359 3376 3475 3411 nia-

1889 3424 2070 3494 lignus
2100 3438 2206 3494 est,
2263 3446 2481 3504 nesque
2509 3438 2654 3491 inter
2696 3442 2969 3497 orandum
3003 3447 3176 3500 multa
3212 3450 3474 3517 perlicere

1885 3518 2059 3584 novit,
2104 3528 2238 3576 tunc
2282 3524 2337 3578 in
2376 3542 2473 3581 nos
2527 3529 2759 3587 invadit.
2791 3532 2988 3603 Supini
3029 3552 3172 3607 stepe
3198 3539 3469 3608 iacemus,

1883 3618 1938 3662 et
1975 3612 2113 3667 nihil
2156 3617 2471 3685 cogitando,
2515 3626 2810 3692 tranquilla
2863 3639 3044 3682 mente
3085 3632 3464 3688 consistimus.

1881 3701 2235 3760 Accessimus
2264 3712 2498 3773 oraturi,
2536 3716 2834 3784 statimque
2871 3732 3143 3774 sexcenta:
3175 3724 3468 3792 cogitatio-

1878 3805 1979 3844 nes
2010 3792 2295 3862 ingruunt,
2333 3808 2393 3850 ut
2423 3814 2523 3854 nos
2548 3802 2640 3854 ille
2668 3818 2871 3859 vacuos
2898 3810 3156 3876 expellat.
3192 3810 3317 3867 Haec
3338 3829 3464 3867 cum

1880 3878 1989 3933 tuis
2030 3880 2083 3933 in
2114 3886 2457 3940 orationibus
2508 3892 2738 3954 sentias,
2803 3894 3022 3950 intuere
3068 3898 3461 3958 Chananzram.

1873 3971 1974 4025 Ast
2022 3972 2184 4027 ﬁliam
2228 3992 2255 4029 a
2308 3978 2559 4035 daemone
2613 3997 2868 4037 vexatam
2911 4003 3018 4041 non
3073 3990 3263 4047 habes.
3321 3994 3461 4059 Quid

1873 4062 2012 4117 dixit
2036 4065 2384 4125 Cbanamea?
2423 4072 2675 4130 Miserere
2723 4081 2823 4132 mei
2865 4094 2884 4132 :
2933 4084 3052 4149 filia
3105 4099 3219 4137 mea
3267 4088 3460 4141 malea

1872 4158 2133 4211 dwmonio
2166 4160 2330 4232 470
2359 4174 2650 4234 torquetur.
2673 4168 2904 4240 Magnus
2929 4172 3140 4229 daemon
3162 4183 3247 4232 est
3269 4193 3455 4249 pecca-

1869 4259 2007 4303 tum.
2045 4250 2147 4315 Qui
2199 4253 2489 4308 obsidetur
2539 4272 2567 4309 a
2619 4260 2892 4327 dtemone,
2951 4265 3298 4322 miserationi
3347 4280 3455 4334 est,

1870 4343 2014 4407 odio,
2051 4344 2145 4413 qui
2182 4356 2392 4414 peccat.
2436 4352 2530 4405 llle
2567 4355 2780 4408 veniam
2811 4357 3049 4422 obtinet,
3093 4360 3184 4414 hic
3229 4376 3458 4418 excusa-

1868 4435 2016 4488 tione
2064 4445 2238 4491 caret.
2294 4438 2549 4496 Miserere
2598 4445 2716 4499 mei.
2765 4446 3033 4519 Exiguum
3078 4452 3347 4520 verbum;
3399 4467 3455 4510 at

184 4535 363 4587 ἐλάλει
382 4534 588 4603 Μωσῆς
605 4550 617 4562 ·
645 4533 741 4585 καὶ
765 4531 911 4595 λέγει
940 4531 1090 4605 αὐτῴ
1109 4532 1136 4584 ὁ
1170 4532 1322 4594 Θεὸς,
1354 4532 1413 4584 Τί
1431 4530 1588 4600 βοᾷς
1610 4536 1762 4602 πρός

1884 4527 2226 4597 seniguitatis
2280 4543 2362 4584 est
2392 4534 2641 4604 pelagus.
2696 4535 2794 4593 Ubi
2843 4542 2988 4595 enim
3046 4544 3448 4613 misericordia,

178 4642 279 4693 ps;
317 4626 436 4680 Κᾶν
470 4627 529 4677 τὸ
582 4627 762 4695 στόμα
813 4642 908 4677 σου
975 4626 1133 4696 σιγᾷ,
1184 4623 1363 4693 ἀλλ’ἢ
1418 4626 1617 4695 καρδία
1664 4643 1757 4680 σου

185 4722 300 4793 βοᾷ.
344 4723 455 4775 Καὶ
488 4722 556 4774 σὺ
580 4723 711 4775 ὅταν
766 4723 1056 4791 παραστῇς
1084 4721 1314 4790 δικαστῇ
1355 4720 1628 4789 μεμηνότι
1665 4722 1759 4774 καὶ

181 4813 555 4883 τυραννοῦντι,
588 4813 680 4865 καὶ
718 4812 804 4863 ἐπ’
836 4812 1015 4864 αὐτῶν
1052 4812 1163 4864 τῶν
1210 4812 1439 4880 δημίων,
1472 4810 1638 4880 εὐχου
1679 4812 1758 4882 τῷ

181 4904 318 4973 Θεῷ.
348 4903 655 4973 Εὐχομένου
689 4903 748 4955 δέ
780 4920 899 4965 σου,
934 4903 1003 4957 τὰ
1048 4902 1270 4971 κύματα
1303 4901 1753 4958 καταστέλλεται.

190 4998 247 5049 Ὀ
269 4998 531 5064 δικαστὴς
558 4997 648 5046 ἐπὶ
679 4994 736 5047 σέ
763 5012 775 5058 ;
801 4995 938 5063 πρὸς
961 4994 1051 5047 τὸν
1074 4993 1209 5046 Θεὸν
1238 4992 1406 5063 φεῦγε
1430 4999 1441 5011 ⁵
1486 4994 1544 5045 '0
1569 4994 1754 5064 ἄρχων

177 5085 408 5153 πλησίον
445 5102 571 5153 σου;
630 5088 693 5139 σὺ
729 5088 818 5139 τὸν
866 5085 1141 5153 Δεσπότην
1198 5082 1606 5154 παρακάλεσον.
1660 5086 1752 5154 Μὴ

88 5222 93 5231 .
176 5177 282 5246 γὰρ
317 5176 604 5245 ἄνθρωπός
626 5179 812 5243 ἐστιν;
846 5179 933 5231 ἀεὶ
960 5176 1131 5243 ἐγγύς
1160 5178 1301 5240 ἐστι,
1336 5174 1432 5226 καὶ
1467 5175 1748 5243 πανταχοῦ

176 5271 310 5329 ἐστι,
341 5270 436 5321 καὶ⁵
483 5270 661 5321 πάντα
708 5269 922 5339 πληροῖ.
974 5268 1100 5321 Ἐὰν
1155 5266 1315 5336 θέλῃς
1363 5267 1749 5337 παρακαλέσαι

173 5357 481 5429 ἄνθρωπον,
515 5361 607 5411 καὶ
658 5359 854 5429 μαθεῖν
888 5360 939 5411 τί
972 5360 1133 5422 ποιεῖ,
1174 5357 1441 5411 διακονῶν
1470 5358 1569 5411 οὐκ
1613 5358 1748 5410 ἀπο-

174 5451 437 5520 κρίνεται.
482 5452 607 5504 Ἐπὶ
654 5453 711 5504 δὲ
743 5452 833 5503 τοῦ
882 5450 1020 5504 Θεοῦ
1074 5450 1226 5503 οὐδὲν
1271 5450 1534 5503 τοιοῦτον.
1570 5451 1744 5503 Ὅπου

172 5543 213 5593 δ’
247 5542 314 5596 ἂν
342 5542 582 5613 ἀπέλθῃς
615 5545 711 5595 καὶ
746 5546 937 5613 καλῇς,
986 5542 1196 5596 ἀκούει.
1227 5542 1306 5594 Οὐ
1342 5540 1607 5612 θυρωρὸς,
1645 5542 1745 5594 οὐκ

171 5636 469 5703 οἰκονόμος,
526 5636 588 5687 οὐ
624 5636 870 5704 μεσίτης.
903 5636 965 5687 οὐ
1014 5636 1285 5696 διάκονος,
1317 5634 1470 5686 οὐδὲν
1511 5636 1739 5687 τούτων.

172 5728 325 5779 Eius“
362 5726 658 5792 Ἐλέησόν
689 5744 779 5791 με,
828 5728 922 5779 καὶ
972 5729 998 5778 6
1037 5726 1168 5787 Θεὸς
1201 5727 1587 5795 παραγίνεται.
1622 5727 1741 5777 Ἔτι

169 5815 455 5880 λαλοῦντός
506 5833 599 5869 σου
650 5820 795 5885 ἐρεῖ·
852 5816 983 5868 Ἰδοὺ
1025 5816 1277 5886 πάρειμι.
1316 5811 1383 5865 Ὦ
1425 5816 1576 5884 ῥῆμα
1606 5818 1739 5884 ἡμε-

488 5909 761 5968 ΡΑτιιοι..
810 5909 927 5969 GR.
977 5908 1161 5968 XCV.

1866 4616 1978 4669 illic
1997 4618 2181 4673 omnia
2213 4618 2355 4673 bona
2390 4632 2539 4676 sunt.
2565 4624 2675 4680 Etsi
2701 4637 2855 4680 extra
2890 4630 3153 4698 templum
3186 4635 3444 4695 versaris,

1860 4709 2228 4766 nihilominus
2247 4713 2443 4780 clama,
2462 4725 2515 4769 et
2537 4703 2626 4769 die
2658 4735 2670 4770 :
2704 4717 2962 4774 Miserere
2985 4722 3120 4788 mei;
3157 4738 3267 4777 non
3296 4724 3445 4779 labra

1861 4817 2108 4864 movens,
2146 4803 2242 4857 sed
2292 4815 2479 4861 mente
2527 4809 2873 4866 clamitans:
2913 4827 3040 4867 nam
3094 4826 3148 4868 et.
3198 4824 3444 4872 tacentes

1860 4894 2013 4947 audit
2066 4894 2232 4949 Deus.
2282 4895 2399 4951 Non
2449 4900 2713 4968 quaeritur
2768 4902 2942 4968 locus,
2988 4904 3183 4961 modus
3219 4906 3440 4962 sullicit.

1858 4982 2125 5039 Jeremias
2176 4988 2230 5039 in
2280 5003 2443 5043 emno
2492 5002 2629 5052 erat,
2671 5005 2723 5046 et
2759 4992 2905 5049 Deus
2964 4996 3142 5063 ipsum
3180 4998 3441 5050 extraxit.

1856 5076 2047 5131 Daniel
2080 5078 2133 5130 in
2167 5078 2288 5132 lacu
2325 5081 2573 5143 leonum,
2632 5093 2684 5136 et
2745 5083 2915 5139 Deum
2968 5087 3204 5156 placavit
3260 5105 3274 5141 :
3327 5097 3442 5144 tres

1856 5167 2011 5237 pueri
2071 5170 2127 5222 in
2187 5168 2411 5225 fornace
2470 5182 2648 5236 erant,
2701 5182 2755 5227 et
2818 5175 2984 5231 Deum
3040 5186 3435 5231 exoraverunt.

1854 5259 2021 5312 Latro
2057 5259 2109 5312 in
2142 5274 2368 5314 crucem
2410 5272 2568 5317 actus
2622 5272 2762 5328 erat,
2798 5280 2896 5318 nec
2936 5273 3119 5319 tamen
3162 5281 3298 5319 crux
3335 5267 3438 5319 im-

1850 5350 2166 5420 pedimento
2191 5351 2312 5418 fuit,
2335 5353 2466 5421 quin
2496 5356 2677 5422 potius
2719 5356 3037 5425 paradisum
3075 5358 3314 5427 aperuit.
3334 5356 3435 5411 Job

1851 5440 1906 5493 in
1941 5442 2287 5511 sterquilinio
2329 5442 2589 5507 sedebat,
2644 5445 2928 5513 Deumque
2967 5448 3070 5501 sibi
3100 5448 3431 5517 .propitium

1849 5533 2108 5591 reddidit.
2146 5532 2473 5603 Ubicunque
2500 5534 2696 5597 fueris,
2739 5552 2855 5590 ora.
2892 5537 3005 5593 Etsi
3039 5554 3225 5592 coram
3248 5539 3434 5608 judice

1845 5629 2079 5691 sistcris,
2119 5640 2236 5680 ora.
2271 5624 2389 5679 Etsi
2432 5627 2597 5693 judex
2643 5628 2923 5687 irascitur.
2974 5644 3092 5683 ora.
3150 5630 3195 5682 Α
3253 5633 3431 5683 t‘ronte

1846 5726 1964 5772 erat
1997 5731 2164 5778 mare,
2196 5730 2223 5767 a
2261 5724 2413 5784 tergo
2446 5715 2693 5786 Aigyptii
2737 5720 3172 5797 insequebantur
3207 5740 3219 5774 :
3254 5721 3429 5773 inter-

1851 5810 2061 5865 medius
2093 5805 2307 5875 Moyses
2339 5815 2479 5861 erat.
2508 5809 2687 5863 Multa:
2714 5826 2905 5879 preces
2938 5812 2991 5864 in
3025 5811 3299 5877 angustia,
3331 5810 3428 5867 sed
