4206 6442
758 352 886 418 1451

1927 350 1987 409 8.
2028 346 2348 409 JOANNIS
2370 344 2809 409 DAMASCENI

3879 343 3994 408 1452

749 476 939 543 ingens
977 479 1061 526 est
1095 467 1473 540 precationum
1507 465 1750 537 pelagus.
1783 465 1824 519 Α
1855 475 2011 536 tergo
2049 466 2326 522 instabant

2440 465 2667 536 ρότητος
2701 465 2908 536 γέμον,
2957 462 3058 516 οὐκ
3101 460 3373 533 ἀναμένον
3411 459 3636 514 τελέσαι
3693 459 3798 531 τὴν
3830 460 3995 531 εὐχήν.

746 561 1012 633 IEgyptii,
1029 561 1266 615 medium
1285 559 1465 613 locum
1488 555 1732 628 precatio
1751 555 2053 612 obtinebat.
2074 556 2219 622 Quin
2242 569 2341 610 nec

746 656 970 708 verbum
1008 653 1178 708 ullum
1213 665 1310 704 ore
1327 648 1540 720 Moyses
1565 647 1872 718 promebat,
1906 655 1961 702 et
1992 655 2176 702 tamen
2194 645 2340 702 Deus

744 744 963 798 dicebat
989 761 1002 797 :
1026 741 1166 807 Quid
1188 741 1392 794 clamas
1415 738 1486 792 ad
1511 755 1591 792 me
1619 736 1818 808 (Exod.
1846 754 1953 802 xlv,
1985 738 2112 808 l5)?
2133 737 2248 792 Etsi
2277 753 2341 794 os

744 847 897 889 tuum
911 833 1312 898 silet,attamen
1335 846 1432 886 cor
1465 838 1618 884 tuum
1642 827 1995 884 vociferatur.
2017 827 2098 882 Tu
2120 844 2340 899 quoque

742 926 962 982 tametsi
987 939 1175 979 coram
1193 923 1376 995 iudice
1408 925 1622 977 I'urente
1652 929 1710 978 et
1731 922 1936 976 crudeli
1958 922 2203 987 sistaris,
2229 921 2338 978 imo

739 1019 950 1073 etinter
964 1016 1252 1072 carniﬁces
1272 1015 1531 1078 versaris,
1551 1012 1720 1068 Deum
1743 1027 1861 1066 ora.
1884 1011 1959 1067 Te
1975 1013 2121 1066 enim
2143 1024 2337 1070 orante

741 1110 936 1177 (luctus
963 1105 1429 1177 comprimuntur.
1451 1101 1626 1159 iudex
1656 1104 1826 1158 instat
1849 1102 1874 1156 i
1897 1103 1963 1156 ad
1991 1101 2161 1158 Deum
2187 1103 2331 1176 fuge.

742 1200 993 1254 imminet
1009 1195 1327 1268 praefectus?
1344 1203 1403 1249 tu
1426 1193 1718 1250 Dominum
1737 1209 1888 1266 roga.
1914 1194 2169 1266 Nunquid
2189 1198 2333 1252 enim

743 1290 904 1341 homo
916 1288 1034 1342 est?
1051 1303 1263 1357 semper
1282 1300 1454 1357 prope
1469 1295 1573 1350 est,
1588 1285 1790 1354 ubique
1809 1286 2109 1352 est,omnia
2124 1288 2331 1358 implet.

741 1381 798 1433 Si
834 1381 917 1434 vis
959 1379 1238 1434 hominem
1273 1395 1490 1452 rogare,
1517 1379 1726 1449 etquid
1752 1394 1940 1434 rerum
1977 1387 2102 1451 agat
2136 1395 2330 1448 nosse;

730 1473 994 1528 minister
1020 1488 1131 1528 non
1192 1471 1508 1544 respondet.
1539 1473 1608 1524 At
1645 1472 1704 1526 in
1755 1471 1865 1527 Deo
1902 1472 2041 1527 nihil
2079 1473 2189 1527 tale
2223 1479 2330 1528 est.

739 1564 1078 1636 Quocuuque
1103 1566 1248 1621 enim
1307 1565 1536 1630 abieris,
1588 1575 1642 1620 et
1697 1581 1822 1620 eum
1877 1566 2122 1630 invoccs,
2152 1564 2326 1618 audit.

737 1653 856 1708 Non
889 1655 1116 1725 janitor,
1151 1669 1257 1709 non
1307 1661 1660 1723 procurator,
1709 1669 1820 1707 non
1872 1660 2182 1722 sequester,
2218 1668 2326 1710 non

741 1747 980 1802 famulus
1032 1746 1190 1802 adest
1223 1762 1240 1802 :
1272 1746 1408 1800 nihil
1463 1746 1715 1802 istorum.
1759 1744 1875 1812 Dic,
1913 1744 2164 1800 Miserere
2201 1748 2324 1809 mei,

2441 555 2670 609 Οὐδέπω
2697 553 2877 618 τελεῖς
2903 554 3004 626 τὴν
3035 553 3229 623 εὐχὴν,
3260 551 3356 605 καὶ
3383 551 3687 622 λαμϐάνεις
3721 550 3822 620 τὴν
3851 549 3996 604 δόσιν.

2456 647 2753 714 Ἐλέησόν
2768 663 2844 717 με
2867 664 2880 677 ο
2917 646 3126 716 ταύτην
3159 643 3535 716 μιμησώμεθα
3554 642 3653 714 τὴν
3688 641 3998 696 Χαναναίαν.

2455 740 2753 809 Ἐλέησόν
2767 757 2845 808 με
2865 757 2878 772 ·
2906 741 2944 809 ἠ
2963 738 3228 809 θυγάτηρ
3241 756 3361 808 μου
3383 735 3580 801 κακῶς
3610 735 3999 812 δαιμονίζεται.

2440 836 2552 888 Καὶ
2581 834 2633 888 τί
2655 835 2895 906 ἧκουσεν
2919 849 2934 899 ;
2962 828 3038 887 Ὦ
3082 832 3282 902 γύναι,
3307 828 3542 900 μεγάλη
3573 842 3690 881 σου
3717 827 3758 894 ἡ
3784 828 3999 894 πίστις·

2437 926 2743 996 γενηθήτω
2790 943 2891 981 σοι
2928 925 3009 992 ὡς
3036 925 3250 990 θέλεις.
3313 921 3716 994 Ἐξηπορήθης,
3757 917 4004 990 ὑϐρίσθης

2438 1021 2570 1090 παρ’
2601 1017 2759 1091 ἐμοῦ.
2794 1016 3102 1081 ῗΔπεδίωξᾶ
3127 1033 3209 1090 σε,
3229 1015 3327 1069 καὶ
3353 1014 3456 1068 οὐκ
3483 1013 3859 1084 ἀνεχώρησας,
3881 1010 4002 1064 ἀλλά

2439 1110 2803 1182 παρέμεινας.
2851 1109 3118 1180 Ἀληθῶς,
3161 1103 3238 1161 Ὦ
3291 1107 3489 1176 γύναι,
3537 1102 3768 1174 μεγάλη
3812 1116 3925 1156 σου
3965 1101 3998 1168 si

2435 1203 2659 1267 πίστις.
2710 1201 3010 1254 ’Λπὲθανεν
3043 1202 3076 1271 ὴ
3103 1199 3262 1270 γυνὴ,
3290 1197 3385 1252 καὶ
3416 1197 3477 1249 τὺ
3525 1194 3804 1265 ἐγκώμιον
3847 1191 4003 1260 αὐτῆς

2437 1293 2589 1362 μένει
2609 1293 2942 1364 διαδήματος
2969 1290 3354 1361 λαμπρότερον
3392 1288 3472 1350 είς
3505 1287 3638 1355 ὅσην
3670 1284 3823 1356 ἥλιος
3845 1283 4001 1352 ἐφορᾷ

2432 1388 2556 1458 γῆν.
2595 1388 2844 1452 Ἀκούεις
2866 1386 2962 1441 τοῦ
2997 1384 3238 1458 Χριστοῦ
3264 1383 3536 1452 λέγοντος·
3569 1377 3638 1433 Ὦ
3672 1380 3870 1448 rem...
3899 1379 4001 1431 Ms-

2433 1477 2586 1548 τάλη
2625 1495 2741 1532 σου
2769 1480 2807 1548 ἠ
2839 1478 3048 1544 πίστις
3107 1476 3414 1546 miserim
3436 1491 3536 1529 σοι
3565 1475 3646 1539 ὼς
3676 1472 3872 1536 θέλεις
3905 1471 3998 1524 σύ.

2432 1567 2543 1620 Καὶ
2570 1566 2758 1636 ἐξῆλθε
2782 1567 2843 1620 τὸ
2861 1566 3162 1637 δαιμόνιον,
3182 1568 3276 1620 καὶ
3301 1565 3436 1633 ἰάθη
3465 1567 3497 1632 ἠ
3521 1563 3784 1632 θυγάτηρ
3802 1558 3999 1625 αὺτῆςι

2431 1655 2569 1708 Πότε
2594 1673 2608 1720 ;
2642 1655 2762 1709 ά.τύ
2785 1655 2942 1725 ὥρας
2965 1657 3226 1722 ἐκείνης.
3257 1655 3373 1708 Οὐκ
3403 1651 3462 1717 ἐξ
3482 1647 3548 1724 ἧς
3577 1647 3742 1722 ἦλθεν
3773 1651 3808 1719 ἢ
3833 1652 4002 1719 μήτηρ

2429 1745 2624 1816 αὐτῆς,
2657 1746 2775 1799 ἀλλ’
2810 1745 2871 1811 ἐξ
2898 1742 2966 1819 ἦς
2995 1748 3201 1817 ἢκουσε
3237 1746 3387 1814 παρὰ
3421 1743 3516 1796 τοῦ
3547 1741 3799 1810 Σωτῆρος
3835 1739 4001 1808 ἡμῶν,

735 1848 788 1891 et
827 1841 967 1894 Deus
997 1847 1202 1909 prmsto
1223 1847 1329 1894 est.
1360 1839 1552 1892 Adhuc
1583 1838 1842 1906 loquente
1871 1847 1923 1892 te
1957 1837 2104 1893 dicet
2133 1858 2147 1893 :
2184 1839 2325 1896 Ecce

2426 1831 2502 1892 Ὦ
2520 1839 2720 1908 γύναι,
2747 1840 2982 1910 μεγάλη
3009 1854 3127 1893 σου
3151 1839 3188 1907 ἠ
3221 1838 3448 1906 πίστις·
3476 1834 3779 1905 γενηθήτω
3806 1847 3902 1885 σοι
3931 1832 4005 1894 ὡς

736 1929 951 1986 adsum.
1019 1929 1063 1984 Ο
1130 1944 1317 1985 vocem
1392 1925 1840 1984 mansuetudinis
1898 1929 2150 1999 plenam!
2211 1947 2320 1986 non

2426 1931 2640 1998 θέλεις.
2666 1932 2776 1985 Καὶ
2805 1931 2994 1986 λοιπὸν
3025 1927 3190 2003 ἦλθεν
3213 1926 3592 2000 προσδοκοῦσα
3611 1927 3795 1995 εὑρεῖν
3821 1925 4001 1991 δαιμο-

733 2029 1017 2090 exspectat
1067 2021 1195 2074 dum
1240 2019 1546 2073 orationem
1602 2019 1930 2074 absolveris.
1975 2018 2218 2074 Necdum
2257 2019 2320 2074 ll-

737 2112 906 2174 niisti.
941 2120 994 2165 et
1024 2111 1227 2166 donum
1263 2111 1494 2180 accipis.
1517 2108 1766 2166 Miserere
1793 2111 1929 2164 mei:
1951 2107 2316 2164 Chananazam

2426 2022 2736 2094 νιζομένην,
2765 2026 2861 2077 καὶ
2879 2019 3040 2096 εὗρεν
3063 2022 3433 2093 ὑγιαίνουσαν,
3457 2019 3534 2090 τῷ
3556 2017 3824 2089 θελήματι
3844 2017 4004 2086 αὐτῆς

2429 2114 2871 2185 θεραπευθεῖσαν
2900 2116 3044 2169 κατά
3065 2117 3165 2186 τὴν
3193 2115 3446 2169 κέλευσιν
3480 2111 3574 2164 τοῦ
3606 2109 3906 2163 Δεσπότου.

737 2209 876 2256 hanc
913 2203 1209 2256 imitemur.
1237 2198 1493 2255 Miserere
1527 2201 1664 2264 mei;
1704 2201 1820 2271 ﬁlia
1852 2217 2017 2254 mean
2047 2199 2310 2255 dwiiwnio
2351 2203 2489 2258 male
2529 2215 2822 2276 torquetur.
2857 2205 2922 2261 Ει
2945 2207 3077 2277 quid
3122 2207 3211 2261 illa
3255 2205 3501 2261 audivit?
3554 2202 3775 2271 Mulier,
3821 2211 4008 2271 magna

735 2304 808 2346 est
842 2292 974 2362 ﬁdes
1010 2301 1101 2344 tua
1127 2307 1146 2345 :
1176 2291 1272 2360 ﬁat
1308 2290 1403 2345 tibi
1451 2291 1588 2346 sicut
1622 2291 1700 2346 vis
1736 2289 1958 2360 (Matth.
1993 2307 2082 2353 xv,
2142 2291 2257 2363 28).
2319 2292 2378 2348 In
2421 2309 2638 2350 summa
2676 2297 2852 2352 animi
2892 2300 3170 2354 anxietate
3220 2296 3395 2360 fuisti,
3436 2297 3581 2350 male
3630 2310 3659 2350 a
3706 2308 3793 2348 tne
3825 2294 4006 2347 habita

733 2401 826 2452 cs;
855 2385 1009 2454 abegi
1043 2393 1115 2449 te,
1145 2399 1245 2440 nec
1269 2384 1574 2449 recessisti,
1599 2384 1695 2440 sed
1734 2385 2115 2456 permansisti.
2149 2383 2311 2448 Vere,
2357 2386 2402 2443 0
2428 2390 2642 2447 mulier.
2681 2408 2876 2462 magna
2895 2401 2974 2447 est
3005 2391 3136 2462 ﬁdes
3169 2402 3282 2445 tua.
3303 2389 3533 2445 Mortem
3587 2387 3726 2442 obiit
3789 2386 4005 2451 mulier,

733 2488 787 2532 et
837 2478 955 2532 laus
997 2477 1172 2546 ipsius
1213 2484 1400 2532 manet
1436 2475 1752 2532 diademate
1795 2477 1996 2547 quovis
2030 2476 2322 2542 illustrior.
2359 2496 2808 2553 quaquaversum
2835 2485 2918 2540 sol
2949 2493 3158 2540 terram
3194 2482 3440 2550 inspicit.
3510 2479 3685 2535 Audis
3727 2477 4010 2533 Christum

734 2573 1004 2626 dicentem
1035 2587 1048 2623 :
1093 2569 1138 2624 0
1167 2570 1359 2625 mulier
1403 2571 1644 2642 lmagna
1670 2581 1746 2624 est
1777 2571 1910 2640 ﬁdes
1951 2580 2043 2625 tua
2076 2587 2093 2623 :
2138 2573 2237 2641 ﬁat
2272 2572 2368 2627 tibi
2404 2575 2540 2630 sicut
2564 2578 2662 2632 eis.
2692 2579 2840 2632 Exiit
2884 2577 3125 2633 subinde
3175 2575 3530 2634 daemonium,
3585 2580 3884 2640 sanataque
3935 2579 4011 2622 est

734 2663 849 2730 ﬁlia
884 2663 1076 2732 ipsius.
1109 2662 1465 2728 Quando‘lex
1491 2662 1588 2715 illa
1608 2664 1740 2716 liora
1773 2660 1988 2732 (Ibid.).
2018 2661 2135 2717 Non
2164 2679 2229 2718 ex
2262 2679 2326 2719 ea
2368 2664 2504 2720 hora
2536 2662 2644 2738 qua
2693 2679 2871 2724 mater
2894 2669 3157 2732 accessit,
3195 2665 3292 2722 sed
3323 2680 3391 2719 ex
3423 2678 3487 2718 ea
3514 2677 3624 2733 qua
3684 2675 3717 2716 ι
3784 2659 4012 2713 Domino

735 2759 1020 2814 Salvatore
1051 2767 1242 2813 nostro
1274 2758 1484 2814 audivit
1516 2776 1530 2812 :
1562 2757 1607 2814 0
1635 2758 1862 2812 mulier!
1893 2773 2086 2828 magna
2115 2768 2191 2811 est
2213 2759 2347 2826 ﬁdes
2385 2769 2476 2814 tua
2501 2778 2518 2816 :
2543 2763 2640 2831 ﬁat
2674 2762 2770 2816 tibi
2805 2764 2945 2818 sicut
2975 2765 3072 2818 vis.
3126 2764 3206 2816 Ac
3252 2762 3512 2830 deinceps
3567 2759 3795 2813 domum
3841 2755 4010 2816 venit,

733 2851 1054 2906 existimans
1087 2848 1204 2905 fore
1245 2858 1303 2904 ut
1336 2850 1502 2904 tiliam
1553 2849 1734 2904 adhuc
1768 2863 2084 2919 possessam
2163 2865 2191 2903 a
2241 2851 2492 2908 daemone
2557 2853 2896 2920 offenderet;
2953 2865 3118 2923 atque
3171 2854 3508 2907 incolumem
3587 2864 3709 2906 eam
3785 2848 4011 2916 reperit,

732 2943 1031 2994 voluntatis
1060 2941 1320 2994 nimirum
1356 2954 1470 2994 sua:
1517 2953 1686 3009 opera
1740 2939 2038 2993 secundum
2096 2937 2311 2993 Domini
2347 2942 2564 3009 jussum
2602 2945 2826 2998 sanitati
2863 2947 3197 2999 restitutam.

808 3029 866 3087 S.
891 3029 1080 3102 Cyrill.
1105 3055 1173 3071 -ι
1197 3029 1414 3098 Oportet
1445 3044 1648 3098 semper
1678 3044 1836 3082 orare
1859 3026 2016 3098 (Luc.
2049 3044 2207 3093 xvttt,
2240 3029 2312 3099 ι),
2343 3048 2386 3105 c

735 3124 837 3177 hoc
860 3130 965 3189 est,
995 3130 1051 3177 et
1082 3129 1210 3175 ante
1235 3120 1559 3186 certamina,
1590 3126 1644 3174 et
1671 3118 1727 3172 in
1767 3119 2021 3188 ipsismet
2054 3119 2316 3174 certami-

735 3213 934 3277 nibus;
971 3226 1034 3264 ac
1074 3210 1294 3265 cmlitus
1326 3208 1590 3262 auxilium
1625 3222 1948 3276 exposcere.

807 3302 994 3356 Euseb.
1034 3330 1104 3341 —
1134 3299 1242 3354 Pro
1288 3298 1569 3354 communi
1606 3299 1892 3352 hominum
1922 3296 2106 3352 salute
2135 3296 2312 3367 prius,

735 3409 847 3452 tum
887 3395 1083 3452 deinde
1118 3409 1218 3463 pro
1245 3407 1344 3448 sua
1371 3391 1609 3462 quisque
1632 3389 1796 3447 debet
1837 3404 2018 3446 orare.
2057 3391 2116 3444 In
2136 3391 2321 3446 socie-

734 3502 898 3545 tatem
928 3489 1075 3543 enim
1109 3485 1241 3539 facti
1278 3499 1507 3548 sumus;
1542 3490 1597 3536 et
1629 3481 1725 3552 qui
1753 3496 1876 3536 eam
1908 3481 2151 3552 propriis
2198 3481 2320 3537 suis

733 3576 1036 3635 commodis
1091 3573 1338 3645 praefert,
1388 3571 1478 3626 ille
1532 3571 1829 3626 admodum
1879 3579 2147 3642 acceptus
2205 3571 2319 3627 Deo

735 3671 922 3726 fuerit.

800 3761 961 3834 47],
1001 3761 1057 3818 8.
1099 3758 1237 3813 Nili.
1263 3790 1331 3800 —
1355 3756 1651 3828 Imperavit
1690 3754 1981 3821 Dominus,
2021 3764 2083 3810 ut
2137 3755 2316 3825 ipsum

733 3857 956 3910 invoces
988 3856 1043 3908 in
1097 3855 1186 3909 die
1235 3850 1623 3907 tribulationis.
1676 3847 1860 3915 Quare
1905 3848 2159 3902 cunctari
2209 3863 2317 3902 non

733 3948 1020 4011 debemus,
1066 3947 1161 4002 scd
1201 3960 1326 4000 cum
1384 3959 1601 4014 semper
1649 3942 1819 4006 alias,
1853 3949 1968 3995 tum
2013 3942 2315 4010 praesertim

731 4039 1043 4095 alllictionis
1092 4047 1340 4106 tempore
1374 4035 1618 4088 divinam
1656 4046 1814 4102 opem
1848 4031 2174 4100 implorare;
2209 4045 2318 4098 quo

737 4133 1084 4204 perspicuum
1113 4129 1363 4184 hostibus
1385 4125 1660 4180 faciamus
1683 4122 1908 4177 minime
1943 4136 2046 4176 nos
2071 4121 2319 4175 adversis

735 4225 900 4280 rebus
928 4226 1220 4292 absorptos
1247 4235 1390 4285 esse,
1416 4218 1512 4273 sed
1548 4216 1732 4271 tldeuti
1782 4215 1966 4269 animo
1999 4227 2222 4269 sursum
2247 4209 2318 4266 ad

738 4322 906 4374 Deum
937 4315 1131 4370 oculos
1165 4311 1446 4382 conjectos
1481 4308 1704 4364 habere.

2502 3032 2610 3084 Ἁεί
2651 3033 3106 3101 προσεύχεσθαι
3145 3031 3256 3096 δεῖ,
3313 3029 3408 3083 καὶ
3449 3031 3557 3101 πρὸ
3610 3029 3719 3083 τῶν
3758 3028 4012 3098 ἀγώνων,

2427 3123 2520 3174 καὶ
2547 3126 2604 3176 ὲν
2637 3124 2823 3186 αὐτοῖς
2846 3126 2964 3187 τοῖς
3009 3125 3212 3191 ἀγῶσι,
3263 3127 3358 3176 καὶ
3387 3122 3488 3196 τὴν
3529 3125 3739 3178 ἀνωθεν
3777 3126 4012 3177 ἐπικου-

2427 3213 2550 3285 ρίαν
2581 3215 2774 3268 αἰτεῖν.

2507 3305 2683 3375 ’Υπὲρ
2712 3307 2813 3376 τῆς
2871 3307 3060 3376 κοινῆς
3089 3305 3200 3358 τῶν
3221 3305 3552 3377 ἀνθρώπων,
3594 3308 3701 3378 χρὴ
3752 3307 4015 3379 εὔχεσθαι

2425 3396 2693 3467 πρότερον
2739 3396 3041 3469 σωτηρίας,
3067 3391 3171 3450 εἷθ’
3202 3397 3376 3462 οὕτως
3411 3399 3553 3469 ὑπὲρ
3603 3401 3840 3454 ἑαυτῶν.
3887 3403 4018 3455 Ἐπὶ

2425 3487 2534 3559 γὰρ
2559 3487 2849 3540 κοινωνίαν
2889 3489 3224 3560 γεγόναμεν,
3260 3490 3356 3543 καὶ
3407 3491 3618 3561 ταύτην
3647 3493 3676 3545 δ
3719 3495 4018 3562 προτιμῶν

2423 3578 2519 3630 τοῦ
2577 3577 2700 3632 καθ’
2748 3579 2941 3632 ἑαυτὸν
2992 3581 3146 3647 ίδίου,
3198 3582 3438 3652 μάλιστα
3482 3585 3572 3654 εἴη
3612 3583 3732 3656 Θεῷ
3787 3603 4022 3655 κεχαρι-

2427 3671 2644 3741 σμένος.

2411 3815 2422 3821 ,
2496 3763 2807 3832 Προσέταξε
2837 3764 3066 3833 Κύριος,
3101 3765 3187 3818 ἵνα
3209 3765 3514 3836 ὲπικαλέσῃ
3546 3767 3710 3820 αὐτὸν
3740 3768 3802 3820 ὲν
3824 3769 4022 3839 ἡμέρᾳ

2425 3854 2678 3924 θλίψεως.
2703 3855 2795 3908 Διὸ
2815 3857 2877 3909 οὐ
2898 3856 3005 3928 χρὴ
3023 3863 3332 3921 κατοκνεῖν,
3361 3849 3499 3912 ἀλλά
3519 3859 3686 3912 παντὶ
3710 3861 3811 3930 μὲν
3834 3864 4026 3931 καιρῷ

2423 3947 2803 4001 ἐπικαλεῖσθαι
2840 3947 2931 4001 τὸν
2964 3947 3117 4014 Θεὸν,
3151 3949 3394 4020 μάλιστα
3434 3949 3493 4002 δὲ
3527 3951 3587 4002 ἐν
3639 3954 3754 4014 τοῖς
3797 3958 4025 4024 καιροῖς

2424 4041 2531 4093 τῶν
2554 4039 2807 4110 θλίψεων,
2839 4041 2926 4093 ἴνα
2956 4040 3222 4112 δείξωμεν
3250 4045 3366 4106 τοῖς
3391 4043 3628 4112 ἐχθροῖς,
3659 4044 3741 4096 ὅτι
3768 4049 4027 4098 κατεπό-

2425 4131 2598 4204 θημεν
2633 4131 2740 4185 ὑπὸ
2775 4132 2886 4184 τῶν
2934 4133 3342 4203 περιστάσεων,
3377 4135 3516 4188 ἀλλά
3552 4135 3691 4205 μετά
3739 4138 4026 4207 πεποιθή-

2427 4241 2566 4287 σεως
2598 4225 2736 4295 πρὸς
2755 4224 2847 4278 τὸν
2877 4223 3010 4278 Θεὸν
3045 4225 3159 4279 ἀνω
3182 4224 3474 4296 βλέπομεν.

811 4408 1003 4478 Ejusd.
1031 4436 1102 4448 —
1130 4405 1266 4460 Cum
1299 4415 1679 4472 saepenumero
1719 4397 1890 4454 Deum
1915 4406 2174 4468 precatus
2202 4395 2322 4451 iue-

2498 4404 2824 4467 Πλειστάκις
2849 4401 3084 4472 δεηθεὶς,
3109 4403 3208 4455 καὶ
3232 4402 3547 4472 ἀποτυχὼν,
3581 4404 3657 4473 μὴ
3683 4404 4027 4476 ἀποκάμῃς,

737 4503 838 4568 ris,
867 4514 968 4556 nec
992 4496 1393 4569 impetraveris,
1412 4508 1480 4548 ne
1504 4501 1790 4564 propterea
1817 4489 2179 4560 desponderis
2208 4489 2324 4542 aui-

738 4609 886 4648 mum
919 4610 935 4647 :
967 4592 1102 4664 quin
1142 4589 1327 4660 potius
1363 4585 1640 4656 supplices
1665 4583 1733 4638 ad
1763 4583 1945 4649 ipsum
1984 4581 2202 4637 libellos
2236 4595 2323 4636 re-

735 4699 968 4750 novans,
997 4685 1345 4753 impudenter
1375 4677 1593 4732 accede.
1619 4674 1756 4730 Nam
1790 4677 1846 4729 iu
1877 4674 2110 4729 summis
2137 4688 2322 4728 rerum

733 4775 1144 4832 tliﬂicultatibus
1171 4771 1380 4844 pudore
1410 4767 1752 4839 impudentia
1783 4766 1960 4835 potior
1990 4773 2096 4820 est.
2116 4762 2320 4831 Quem-

733 4867 1026 4923 admodum
1053 4867 1201 4921 enim
1237 4862 1504 4916 Dominus
1530 4859 1666 4913 dicit
1703 4875 1717 4912 :
1751 4857 1984 4911 Dabitur
2011 4857 2060 4910 ei
2105 4866 2321 4925 propter

735 4960 1163 5016 inuerecundiam
1192 4955 1450 5028 quidquid
1478 4953 1704 5008 uoluerit
1739 4950 1895 5022 (Luc.
1928 4966 2006 5014 ιι,
2037 4948 2114 5019 8).

808 5053 998 5122 Ejusd.
1031 5081 1100 5091 —
1128 5048 1308 5105 Veluti
1343 5047 1621 5117 respirare
1650 5057 1934 5114 nunquam
1975 5041 2318 5112 intempesti-

735 5163 864 5204 vum
891 5152 995 5210 est,
1032 5143 1112 5198 sic
1145 5155 1244 5196 nec
1271 5139 1502 5210 mystica
1534 5152 1765 5192 munera
1797 5151 1829 5189 a
1861 5134 2099 5188 Domino
2127 5143 2320 5203 postu-

737 5241 874 5302 larc,
899 5237 964 5288 ad
995 5243 1298 5289 extremum
1318 5243 1495 5300 usque
1525 5229 1802 5299 spiritum.

808 5326 875 5382 In
905 5327 1012 5390 die,
1050 5323 1248 5393 inquit,
1295 5319 1546 5384 clamavi,
1592 5328 1642 5373 et
1685 5326 1838 5372 nocte
1882 5333 2064 5371 coram
2105 5326 2172 5382 te,
2207 5315 2316 5373 Do-

736 5421 874 5472 mine
904 5417 1044 5470 Deus
1079 5428 1225 5466 meus
1266 5409 1442 5477 (Psal.
1473 5425 1718 5476 unm,
1747 5408 1830 5479 2).
1862 5406 2030 5463 Vides
2054 5409 2318 5479 quemad-

737 5509 961 5566 modum
983 5509 1206 5564 tlivinus
1239 5505 1332 5560 ille
1365 5503 1534 5559 David
1568 5503 1730 5559 nobis
1759 5504 1815 5557 in
1862 5503 2174 5572 exemplum
2208 5508 2315 5567 cst,

738 5612 796 5658 ut
841 5603 960 5656 sine
1009 5601 1420 5654 intermissione
1457 5612 1704 5660 oremus,
1740 5611 1842 5651 nec
1896 5596 1951 5650 in
1996 5596 2315 5664 languorem

739 5711 802 5752 ac
831 5695 1052 5751 taedium
1087 5691 1483 5749 devolvamur?

2429 4496 2567 4569 μηδὲ
2611 4497 2944 4567 ἀπελπίσῃς,
2983 4492 3123 4548 ἀλλά
3179 4494 3540 4558 ἀνακαινίσας
3588 4497 3716 4558 τοὺς
3753 4497 3905 4568 πρὸς
3932 4498 4030 4551 τὸν

2424 4588 2557 4643 Θεὸν
2577 4588 2878 4652 λιεέλλους,
2906 4587 3068 4643 πάλιν
3089 4586 3358 4662 πρόσελθε
3387 4585 3622 4650 ἀναιδῶς
3647 4586 3727 4656 τῷ
3743 4587 4027 4660 δεσπότῃ.

2424 4683 2767 4755 Προτιμᾶται
2795 4682 2905 4753 γὰρ
2935 4683 2992 4734 ὲν
3009 4685 3131 4744 ταῖς
3147 4681 3420 4749 ἀνάγκαις
3446 4678 3549 4746 τῆς
3577 4677 3762 4739 αίδοῦς
3793 4679 3828 4748 ἡ
3857 4679 4028 4730 ἀναί-

2421 4775 2560 4830 δεια.
2622 4774 2727 4829 Διὰ
2748 4775 2858 4844 γὰρ
2919 4773 3034 4840 τὴν
3087 4772 3400 4828 ἀναίδειαν
3443 4769 3630 4824 αὐτοῦ
3679 4768 4031 4839 δοθήσεται

2420 4867 2582 4933 αὐτῷ
2606 4865 2760 4922 ὅσον
2779 4865 2962 4932 θέλει,
3002 4864 3189 4928 καθὼς
3219 4859 3376 4916 εἷπεν
3404 4863 3434 4915 ὁ
3464 4859 3690 4930 Κύριος.

2493 5046 2709 5116 ’Ὥσπερ
2738 5044 2799 5098 τὸ
2820 5044 3082 5098 ἀναπνεῖν
3112 5040 3372 5095 οὐδέποτε
3402 5039 3655 5108 ἄκαιρον,
3689 5036 3877 5101 οὕτως
3897 5038 4029 5090 οὐδὲ

2418 5139 2480 5190 τὸ
2503 5137 2773 5191 αἰτεῖσθαι
2795 5136 2944 5206 παρά
2972 5133 3178 5205 Κυρίου
3200 5132 3271 5185 τὰ
3299 5131 3580 5202 αίτήματα
3609 5130 3888 5198 μυστικὰ,
3928 5128 4031 5198 μέ-

2420 5247 2542 5302 χρις
2581 5229 2818 5300 ἐσχάτης
2850 5225 3144 5294 ἀναπνοῆς.

2501 5321 2766 5391 Ἡμέρας,
2797 5319 2981 5391 φησὶν,
3028 5315 3348 5385 ἐκέκραξα,
3383 5313 3478 5368 καὶ
3503 5312 3576 5366 ἐν
3599 5311 3774 5366 νυκτί
3828 5311 4026 5363 ἐναν-

2422 5415 2552 5469 τίον
2577 5429 2716 5478 σου,
2740 5415 2917 5481 Κύριε
2959 5414 2992 5465 ό
3041 5409 3184 5475 Θεός
3223 5426 3364 5478 μου.
3417 5407 3580 5478 Ὁρᾷς
3607 5404 3723 5466 πῶς
3775 5402 3963 5455 Δαᾶδ
3996 5405 4026 5452 ὁ

2420 5508 2709 5570 θεσπέσιος
2747 5504 3097 5566 ὑποτύπωσις
3148 5501 3278 5571 ὑμῖν
3321 5499 3532 5568 γίνεται
3583 5495 3722 5566 πρὸς
3748 5495 3809 5548 τὸ
3847 5493 4023 5548 ἀδια-

2419 5599 2654 5661 λείπτως
2677 5596 2954 5668 εὔχεσθαι,
2981 5595 3075 5649 καὶ
3097 5593 3173 5664 μὴ
3197 5587 3608 5664 καταφέρεσθαι
3628 5589 3707 5649 εἰς
3740 5584 4020 5660 exesas».
