4206 6442
239 364 373 429 Η53

1485 376 1728 437 SACRA
1766 378 2239 439 PARALLELA.

3352 378 3489 445 1454

297 480 360 534 Εἰ
403 477 695 545 πλεονάκις
748 479 1113 554 ὼςρελήθημεν
1166 482 1325 556 ἀνδρὶ
1371 484 1566 556 ἀγαθῷ
1597 504 1798 540 συντυ-

1974 488 2034 543 Si
2071 504 2140 545 ex
2180 488 2341 559 probi
2385 489 2486 543 viri
2530 503 2834 560 congressu
2889 503 3138 561 μετεωρο
3191 491 3487 548 utilitatem

227 570 431 642 χόντες,
455 571 663 643 πηλίκα
678 573 1051 644 κερδανοῦμεν
1078 574 1202 630 καθ’
1227 575 1443 649 ἡμέραν
1463 578 1560 631 καὶ
1583 578 1801 649 νύκτωρ

226 663 742 734 προσδιαλεγόμενοι
772 664 841 718 δι’
879 666 1072 736 εὐχῆς,
1104 669 1201 722 καὶ
1232 667 1556 741 ψαλμῳδίας
1592 669 1672 741 τῷ
1700 673 1798 723 Δε-

225 756 396 825 σπότῃ
418 755 529 807 τῶν
558 757 731 810 ὃλωνί

292 847 366 898 Οὐ
398 848 461 899 τὸ
488 848 651 918 τυχὸν
680 849 907 919 ἀγαθὸν,
937 852 1072 907 ἀλλὰ
1103 854 1197 908 καὶ
1220 842 1388 924 dydv-
1400 854 1545 925 μέγα
1570 856 1633 909 τὸ
1662 857 1799 911 πάν-

220 954 340 990 τοτε
364 937 455 991 διὰ
482 938 583 1009 τῆς
610 941 845 1007 ἱκετείας
874 944 1103 1009 ἑαυτοὺς
1142 945 1221 1017 τῷ
1252 947 1529 1018 κρείττονι
1562 951 1802 1020 παρατί-

220 1028 432 1085 θεσθαι.

290 1122 366 1175 06
399 1122 599 1195 μικρὸν
644 1128 756 1189 τοίς
803 1126 1107 1197 ἐλαχίστοις
1159 1130 1347 1184 καὶτὸ
1393 1132 1526 1203 μίαν
1564 1132 1802 1205 βαθμίδα

217 1214 317 1285 τῆς
351 1215 469 1270 τῶν
499 1217 710 1287 ἀρετῶν
745 1218 1014 1290 κλίμακος
1046 1222 1334 1293 ἀναθῆναι,
1372 1226 1468 1278 καὶ
1496 1227 1633 1291 τέως
1690 1228 1803 1283 ἄνω

218 1306 479 1373 γενέσθαι
514 1308 614 1377 τῆς
641 1310 765 1380 γῆς.

286 1398 578 1471 Τόλμησον
608 1403 930 1472 προσελθεῖν
966 1405 1111 1475 μετὰ
1153 1407 1439 1479 κλαυθμοῦ
1461 1410 1539 1481 τῷ
1563 1411 1804 1483 οὐρανίῳ

215 1489 506 1563 ἀρχιάτρῳ
548 1492 744 1564 Ἰησοῦ,
773 1496 869 1548 καὶ
913 1497 1093 1549 πάντα
1122 1500 1222 1569 τῆς
1258 1498 1440 1571 ψυχῆς
1471 1502 1805 1572 ἀπογυμνῶο

216 1595 311 1633 σαι
337 1580 410 1635 τά
432 1582 747 1653 τραύματα.
777 1584 945 1638 Οὐδὲν
975 1588 1085 1658 γάρ
1122 1588 1190 1669 ἂν
1216 1590 1302 1659 εἴη
1333 1590 1527 1656 πάθος,
1554 1593 1692 1665 ὅπερ
1725 1594 1802 1665 μὴ

217 1669 397 1739 ίσχύει
420 1671 763 1744 θεραπεῦσαι
788 1675 1024 1746 Χριστὸς
1055 1679 1084 1730 6
1124 1679 1663 1750 φιλανθρωπότατος.

1903 581 2244 650 accepimus,
2288 589 2555 650 quantum
2599 582 2820 637 tandem
2867 592 3145 655 quaestum
3201 585 3488 650 faciemus,

1904 681 2071 726 noctu
2105 672 2311 743 diuque
2343 689 2440 743 per
2472 675 2782 732 orationem
2837 684 2895 731 et
2953 677 3317 748 psalmodiam
3363 694 3490 734 cum

1903 760 2017 817 Deo
2055 764 2434 834 colloquentes
2454 768 2466 819 !

1972 851 2093 909 Non
2137 857 2381 927 vulgare,
2432 857 2529 913 sed
2588 873 2946 931 permagnum
3010 860 3213 916 bonum
3267 870 3355 918 est
3399 876 3495 932 per

1903 948 2208 1004 orationem
2238 947 2350 1004 Deo
2375 964 2593 1021 semper
2624 964 2686 1006 se
2721 951 3132 1007 commendare.

1978 1118 2094 1173 Non
2153 1135 2379 1190 parvum
2434 1130 2523 1177 est
2572 1121 2777 1179 inﬁmis
2830 1124 3148 1179 hominibus
3198 1125 3285 1180 vel
3323 1140 3492 1180 unum

1907 1213 2099 1269 saltem
2130 1215 2357 1285 gradum
2413 1215 2573 1270 scalae
2618 1217 2888 1271 virtutum
2938 1216 3284 1282 ascendisse.
3327 1226 3496 1289 atque

1907 1306 1982 1360 ita
2015 1321 2180 1377 supra
2212 1316 2413 1363 terram
2447 1324 2507 1363 se
2535 1310 2853 1365 suStulisse.

1977 1397 2117 1453 Cum
2150 1400 2300 1455 luctu
2348 1408 2403 1455 et
2436 1402 2700 1474 lacrymts
2733 1403 2798 1456 ad
2841 1403 3126 1459 caelestem
3164 1404 3314 1458 illum
3340 1418 3496 1459 sum-

1908 1503 2171 1559 mumque
2223 1491 2498 1545 medicum
2560 1488 2751 1546 Jesum
2806 1506 2876 1546 ne
2922 1492 3141 1549 dubites
3195 1493 3493 1554 accedere,

1906 1584 2203 1655 omniaque
2236 1585 2342 1657 ipsi
2370 1587 2572 1643 animae
2601 1596 2710 1642 tuae
2756 1588 2988 1643 vulnera
3034 1590 3276 1660 aperire.
3311 1587 3495 1659 Neque

1906 1670 2052 1726 enim
2080 1674 2307 1729 morbus
2339 1674 2485 1729 ullus
2514 1690 2639 1731 esse
2655 1685 2844 1746 queat,
2868 1689 3030 1747 quem
3057 1677 3495 1734 humanissimus

1910 1761 2000 1817 ille
2029 1762 2283 1820 Llirtstus
2319 1778 2430 1820 non
2461 1765 2744 1836 dispellat.

285 1850 433 1915 Τοὺς
463 1852 752 1921 σκώληκας
776 1853 876 1923 τῆς
913 1853 1153 1919 διανοίας
1205 1857 1552 1927 ἐξαφανίζειν
1603 1859 1805 1915 σπεῦδε

1983 1852 2215 1910 Vermes
2245 1856 2415 1911 animi
2446 1873 2546 1927 per
2579 1859 2889 1915 orationem
2916 1868 2970 1915 et
3005 1859 3281 1930 jejunium
3309 1860 3495 1917 inten-

208 1936 281 1990 δι’
314 1940 512 2009 εὐχῆς,
540 1941 637 1993 καὶ
660 1942 939 2011 νηστείας,
966 1944 1059 1997 καὶ
1089 1944 1403 2015 ἀγρυπνίας
1433 1949 1673 2005 εὐτόνου.

284 2030 363 2084 Εὖ
407 2030 545 2098 ῐσθι,
577 2033 673 2086 καὶ
696 2035 776 2097 είς
807 2033 867 2087 τὸ
902 2038 1079 2105 γῆρας
1112 2038 1243 2094 αὐτὸ
1280 2039 1619 2111 ἐληλακότας
1653 2046 1805 2109 τινὰς

208 2120 493 2193 ἔγνωμεν,
524 2125 592 2177 δι’
619 2126 783 2199 εὐχῆς
810 2132 903 2184 καὶ
937 2131 1153 2195 ἐλπίδος
1186 2131 1447 2201 μέγιστον
1476 2133 1806 2206 λελογχότας

209 2212 554 2285 ἐπουρανίου
584 2213 953 2290 χαρίσματος.

286 2308 466 2361 Οὐδὲν
494 2312 775 2375 παντελῶς
808 2314 1201 2380 ἀντιτάξασθαι
1237 2315 1461 2372 δύναται
1487 2320 1563 2391 τῷ
1591 2323 1803 2394 Κυρίῳ,

1913 1952 2132 2016 tamque
2164 1947 2408 2018 vigiliam
2440 1949 2635 2006 tollere
2665 1950 2735 2006 de
2776 1951 2958 2007 medio
2992 1951 3247 2008 festines.

1980 2036 2097 2094 Hoc
2140 2041 2348 2096 rescias
2381 2042 2566 2106 velim,
2605 2058 2693 2099 me
2737 2043 3008 2112 quosdam
3041 2045 3112 2099 ad
3153 2052 3494 2100 senectutem

1910 2148 2087 2203 usque
2119 2142 2410 2204 provectos
2440 2150 2628 2200 nosse,
2657 2136 2751 2207 qui
2789 2152 2885 2208 per
2918 2139 3230 2194 orationem
3249 2128 3318 2193 ὀι
3334 2126 3495 2208 spem

1909 2225 2079 2280 robur
2107 2227 2404 2281 maximum
2441 2228 2707 2283 divinitus
2741 2230 3022 2285 consecuti
3055 2241 3206 2287 sunt.

1980 2317 2125 2372 Nihil
2170 2333 2399 2387 prorsus
2425 2318 2539 2376 Deo
2585 2322 2849 2376 reluctari
2882 2330 3080 2392 potest,
3111 2336 3223 2377 non
3253 2329 3490 2392 tempus.

204 2401 270 2453 οὐ
306 2402 530 2473 χρόνος,
564 2405 624 2457 οὐ
658 2406 845 2472 τόπος,
893 2409 952 2460 οὺ
985 2411 1243 2479 πρᾶγμα,
1292 2411 1352 2464 οὐ
1396 2412 1643 2479 διάὸολος
1681 2415 1808 2489 βρέ-

209 2509 357 2561 μων,
386 2498 455 2548 οὐ
482 2497 737 2568 δαίμονες
771 2499 1161 2571 πολεμοῦντες,
1186 2503 1287 2557 οὐκ
1324 2505 1576 2560 ἀσθένεια
1598 2508 1807 2583 ψυχικὴ

204 2589 239 2655 ἢ
272 2591 597 2662 σωματικὴ,
625 2594 689 2645 οὐ
727 2594 1005 2665 λογισμῶν
1030 2596 1372 2668 στειρώσεις,
1400 2600 1462 2652 οὐ
1492 2602 1659 2673 νόμος
1705 2623 1805 2674 με-

204 2679 321 2732 λῶν
354 2685 564 2753 σαριιός
592 2703 651 2739 τε
678 2687 772 2740 καὶ
796 2688 1048 2757 αἵματος,
1076 2682 1153 2744 ὧν
1200 2696 1619 2764 κατακαυχᾶται
1646 2696 1675 2748 6
1698 2699 1806 2751 Σα-

1910 2420 2019 2461 non
2057 2407 2231 2471 locus,
2266 2422 2375 2462 non
2415 2410 2693 2479 negotium
2734 2412 2929 2476 ullum,
2958 2427 3068 2466 non
3111 2412 3352 2468 fremens
3372 2413 3495 2467 dia-

1910 2496 2088 2561 bolus,
2133 2513 2242 2553 non
2281 2501 2668 2571 belligerantes
2708 2502 3009 2568 daemones,
3046 2518 3157 2557 non
3201 2503 3497 2558 inﬁrmitas

1911 2592 2080 2646 animi
2112 2593 2195 2648 vel
2235 2595 2508 2665 corporis,
2544 2611 2653 2651 non
2688 2597 2920 2653 rationis
2951 2598 3214 2668 privatio,
3268 2610 3378 2651 non
3410 2596 3495 2652 lex

1910 2686 2093 2741 carnis
2122 2694 2177 2740 et
2209 2688 2602 2752 membrorum,
2659 2689 2859 2758 quibus
2908 2691 3132 2761 gloriari
3165 2690 3305 2745 solet
3339 2689 3499 2745 Sata-

200 2773 383 2834 τανᾶς
408 2774 507 2825 καὶ
541 2774 775 2844 δράκων,
805 2778 833 2827 ὀ
861 2778 962 2847 τὴν
1010 2778 1165 2847 ίσχὺν
1221 2778 1311 2831 ἐπ’
1361 2779 1565 2850 ὀσφύος
1597 2801 1801 2855 κεκτη-

205 2863 407 2932 μένος,
443 2864 542 2936 τὴν
571 2866 627 2918 δέ
652 2866 883 2938 δύναμιν
908 2869 1075 2923 αὐτοῦ
1094 2870 1192 2939 τὴν
1217 2872 1423 2943 μεστὴν
1449 2872 1801 2944 βδελυγμίας,

202 2957 297 3009 ἐπ’
351 2959 608 3028 ὀμφαλοῦ
646 2961 743 3029 τῆς
775 2964 1013 3031 γαστρός
1034 2981 1048 2994 ·
1084 2964 1183 3035 οὐχ
1227 2963 1342 3028 ἕξις
1371 2967 1605 3038 κακίστη
1639 2971 1805 3022 πολυ-

202 3046 403 3117 παθής
430 3064 445 3079 ο
477 3050 539 3101 οὐ
572 3052 831 3122 συνήθεια
860 3056 1130 3125 πολυετὴς
1167 3073 1227 3110 τε
1261 3059 1354 3112 καὶ
1387 3057 1624 3128 χρόνιος.

278 3141 362 3191 Οὐ
409 3144 794 3210 περιποιητέον
817 3146 948 3215 ἡμῖν
969 3147 1093 3209 τοὺς
1118 3146 1452 3216 ἀρέσκοντας
1473 3149 1550 3218 τῷ
1571 3150 1803 3223 διαϐόλῳ
1834 3189 1876 3247 C

199 3230 537 3302 λογισμοὺς,
568 3235 705 3288 ἀλλὰ
739 3237 1058 3305 ἀναιρετέον
1090 3241 1155 3307 τῇ
1186 3238 1283 3291 τοῦ
1313 3240 1461 3293 θείου
1490 3240 1654 3309 λόγου
1698 3260 1803 3296 πα·-

200 3322 487 3394 ραξιφίδι.

291 3420 357 3473 Ἡ
390 3420 564 3489 ψυχὴ
605 3420 792 3489 ἡμῶν,
840 3422 1028 3491 φησὶν,
1058 3423 1139 3488 ὡς
1187 3422 1512 3491 στρουθίον
1539 3425 1803 3494 ἑῤῥύσθη

197 3511 274 3564 ἐκ
299 3511 425 3580 τῆς
457 3512 708 3583 παγίδος
741 3513 862 3566 τῶν
880 3516 1256 3583 θηρευόντων
1277 3516 1568 3587 δαιμόνων.
1597 3519 1806 3591 Ὠσπερ

198 3603 323 3673 γὰρ
346 3603 422 3655 τὰ
451 3603 713 3674 στρουθία
742 3604 831 3656 διὰ
858 3606 955 3674 τῆς
976 3605 1088 3658 τῶν
1116 3607 1335 3675 πτερῶν
1376 3607 1645 3679 κινήσεως
1675 3627 1804 3679 μετ-

198 3693 392 3763 άρσια
425 3692 633 3760 γίνεται
685 3693 798 3747 ἄνω
832 3695 933 3765 τῆς
985 3695 1109 3765 γῆς,
1162 3694 1308 3750 οὕτω
1340 3698 1434 3750 καὶ
1474 3700 1502 3750 6
1546 3697 1807 3771 θεοσεϐὴς

199 3783 515 3855 ἄνθρωπος
558 3786 665 3839 ἀπὸ
695 3786 804 3838 τῶν
836 3787 1099 3855 ἐπιγείων
1130 3789 1269 3859 πρὸς
1294 3790 1364 3843 τὰ
1389 3791 1688 3861 ἐπουράνια
1720 3793 1807 3846 διὰ

198 3876 543 3948 προσευχῶν
572 3879 928 3950 μετατίθησιν
959 3882 1171 3935 ἑαυτόν.

283 3971 409 4035 Τὴν
438 3969 665 4039 δύναμιν
696 3970 968 4042 πληροῦτε
999 3972 1101 4042 τῆς
1138 3976 1473 4046 προσευχῆς.
1527 3979 1666 4033 Εἴτε
1698 3981 1806 4050 γάρ

193 4061 475 4126 ἐσθίετε,
505 4065 689 4134 φησιν,
717 4065 772 4116 ετ
778 4081 836 4118 τε
858 4066 1083 4127 πίνετε,
1112 4066 1232 4119 alte
1255 4069 1310 4120 τί
1339 4071 1578 4135 ποιεῖτε,
1614 4072 1810 4127 πάντα

193 4158 300 4222 εὶς
327 4155 523 4219 δόξαν
542 4157 690 4210 Θεοῦ
712 4158 953 4211 ποιεῖτε.
972 4159 1358 4229 Καθεζόμενος
1383 4162 1476 4213 ἐπὶ
1499 4162 1807 4232 τραπέζης,

196 4246 562 4318 προσεύχου·
595 4251 1042 4319 προσφερόμενος
1077 4250 1170 4303 τὸν
1216 4251 1405 4320 ἄρτον,
1442 4254 1520 4324 τῷ
1551 4255 1804 4307 δεδωκότι

194 4340 317 4408 τὴν
348 4340 510 4409 χάριν
538 4339 882 4409 ἀποπλήρου.
918 4342 1203 4412 Παρῆλθεν
1252 4345 1283 4413 ἠ
1317 4344 1476 4414 χρεία
1507 4346 1614 4398 τῆν
1664 4346 1806 4417 βρω-

198 4430 415 4501 μάτων
446 4450 458 4495 ;
493 4432 524 4499 ἡ
561 4434 746 4499 μέντοι
790 4434 981 4505 μνήμη
1014 4434 1107 4487 τοῦ
1161 4438 1455 4508 εὐεργέτου
1492 4438 1565 4507 μὴ
1593 4456 1795 4509 παρερ-

1912 2791 2012 2831 nas
2041 2786 2097 2831 et
2141 2778 2327 2843 draco,
2379 2782 2535 2851 cujus
2568 2782 2714 2837 vires
2749 2783 2804 2837 in
2854 2782 3061 2838 lumbis
3107 2782 3229 2838 sitae
3257 2782 3398 2848 sint,
3442 2792 3498 2839 et

1911 2870 2083 2927 robur
2120 2872 2528 2927 abominatione
2566 2876 2793 2943 plenum
2833 2875 2887 2929 iu
2939 2875 3204 2930 umbilico
3242 2874 3498 2941 ventris;

1911 2980 2021 3019 non
2056 2980 2273 3019 rursum
2310 2966 2546 3021 vitiosus
2588 2968 2974 3037 multiplicium
3012 2967 3367 3023 aﬁ'ectionum
3400 2968 3500 3022 ha-

1913 3057 2082 3121 bitus,
2116 3073 2222 3111 non
2258 3058 2518 3112 diuturna
2554 3068 2723 3128 atque
2773 3059 3077 3113 inveterata
3126 3059 3497 3114 consuetudo.

1984 3148 2172 3217 Ejusd.
2195 3178 2257 3189 —-
2295 3147 2649 3218 Nequaquam
2674 3150 2832 3205 nobis
2867 3149 3111 3205 fovenda:
3134 3150 3497 3221 cogitationes

1912 3248 2042 3294 sunt
2074 3255 2194 3309 qua:
2224 3239 2443 3294 diabolo
2472 3242 2744 3310 placeant,
2780 3241 2871 3296 sed
2900 3240 3071 3295 divini
3115 3242 3268 3297 verbi
3311 3241 3508 3312 gladio

1909 3328 2276 3398 amputandas.

1983 3419 2169 3488 Ejusd.
2195 3451 2265 3460 —
2301 3422 2494 3475 Anima
2525 3430 2714 3477 nostra
2766 3423 2903 3476 sicut
2937 3439 3124 3491 passer
3169 3432 3353 3490 erepta
3392 3433 3491 3488 est,

1909 3513 2104 3581 inquit,
2139 3514 2203 3567 de
2236 3514 2423 3583 laqueo
2474 3514 2773 3568 venantium
2806 3514 2982 3582 (Psal.
3025 3528 3220 3578 cum,
3258 3513 3311 3584 7)
3336 3555 3352 3581 ,
3384 3514 3496 3568 daa-

1907 3618 2128 3657 monum
2164 3604 2394 3659 scilicet.
2421 3603 2579 3659 Velut
2617 3604 2762 3658 enim
2804 3618 3058 3672 passeres
3088 3604 3205 3658 alas
3233 3604 3495 3673 agitando

1909 3709 2075 3764 supra
2109 3702 2313 3749 terram
2350 3710 2411 3751 se
2461 3695 2731 3757 eﬁerunt;
2796 3695 2877 3749 sic
2935 3708 3158 3763 quoque
3199 3694 3493 3763 religiosus

1911 3786 2071 3841 homo
2102 3786 2195 3855 qui
2231 3784 2323 3841 Dei
2360 3786 2540 3841 cultor
2578 3794 2681 3851 est,
2716 3800 2814 3855 per
2860 3785 3141 3840 orationes
3176 3799 3207 3839 a
3257 3787 3493 3842 terrenis

1908 3876 1973 3930 ad
2007 3878 2252 3932 coelestia
2286 3893 2344 3933 se
2378 3875 2664 3932 transfert.
3524 3946 3528 3951 θ

1981 3970 2039 4025 8.
2079 3970 2251 4024 Basil.
2281 3969 2469 4024 homil.
2497 3971 2552 4023 in
2598 3970 2655 4023 S.
2688 3968 2848 4023 Julit.
2873 3968 3065 4023 -—Vim
3096 3969 3363 4024 orationis
3391 3985 3492 4025 ex-

1910 4061 2067 4129 plete.
2111 4058 2232 4114 Sive
2260 4060 2407 4115 enim
2431 4061 2733 4123 comeditis,
2765 4060 2964 4127 inquit,
3005 4060 3110 4114 sive
3136 4059 3340 4126 bibitis,
3385 4061 3494 4114 sive

1908 4150 2033 4220 quid
2069 4150 2224 4204 aliud
2254 4152 2460 4219 facitis,
2492 4153 2672 4205 omnia
2698 4150 2862 4223 472
2894 4152 2948 4204 in
2991 4150 3221 4222 gloriam
3265 4151 3365 4206 Dei
3404 4152 3493 4219 [ac

1911 4239 2011 4292 cile
2045 4238 2099 4308 (Ι
2130 4239 2328 4305 Com,
2358 4242 2469 4308 51).
2503 4243 2636 4295 Cum
2670 4243 2830 4296 sedes
2860 4241 2912 4294 in
2946 4256 3162 4306 mensa,
3193 4257 3329 4307 ora;
3361 4257 3488 4296 cum

1910 4348 2105 4402 panem
2137 4334 2329 4399 sumis,
2377 4335 2582 4403 gratias
2613 4350 2709 4405 age
2739 4335 2815 4389 illi
2844 4335 2935 4402 qui
2970 4335 3212 4402 largitus
3243 4343 3347 4391 est.
3378 4334 3489 4390 Ne-

1913 4425 2142 4479 cessitas
2173 4425 2421 4482 ciborum
2450 4426 2716 4481 transiit?
2746 4434 2800 4479 at
2831 4424 3086 4479 beneﬁcii
3119 4427 3195 4480 tui
3224 4428 3488 4482 memoria

192 4522 420 4592 χέσθω.
452 4521 558 4573 Τὸν
595 4522 799 4592 χιτῶνα
838 4524 1177 4594 ἐνδυόμενος,
1245 4526 1560 4596 εὐχαρίστει
1606 4527 1681 4595 τῷ
1727 4528 1805 4579 δε-

1915 4534 2022 4573 non
2053 4529 2318 4575 transeat.
2345 4522 2476 4575 Cum
2512 4522 2750 4575 tunicam
2793 4520 2997 4583 induis,
3022 4518 3273 4575 donatori
3306 4532 3491 4591 grates

187 4614 436 4667 δωκότι.
466 4614 539 4663 Τὸ
564 4614 777 4682 ἱμάτιον
810 4614 1292 4685 περιϐαλλόμενος,
1318 4617 1555 4686 αὔξησον
1586 4621 1686 4687 τὴν
1718 4621 1797 4682 εἰς

190 4708 353 4759 Θεὸν
381 4705 626 4775 ἀγάπην,
656 4707 713 4769 ὃς
760 4709 852 4760 καὶ
896 4711 1144 4779 χειμῶνι,
1184 4712 1277 4762 καὶ
1311 4711 1461 4781 θέρει
1514 4712 1800 4784 ἐπιτήδεια

194 4802 352 4869 ἡμῖν
401 4799 766 4870 σκεπάσματα
814 4802 1129 4872 ἐχαρίσατο,
1189 4804 1289 4870 τήν
1346 4821 1403 4855 τε
1440 4803 1585 4872 ζωὴν
1643 4804 1799 4873 ἡμῶν

197 4892 618 4961 σιντηροῦντα,
641 4897 733 4945 καί
756 4894 823 4945 τὸς
842 4894 1088 4963 ἄσχημον
1108 4894 1553 4964 περιστέλλοντα.
1602 4897 1801 4966 Ἑπλη-

199 4987 373 5060 ρώοη
406 4989 436 5057 ὴ
474 4987 688 5058 ἡμέρας
718 4987 1031 5056 εὐχαρίστει
1063 4988 1140 5057 τῷ
1175 4989 1265 5041 τὸν
1302 4989 1455 5058 ἣλιον
1484 4991 1564 5052 είς
1592 4990 1803 5061 ὑπηρε-

194 5082 346 5135 σίαν
371 5080 480 5132 τῶν
501 5080 776 5152 ἡμερινῶν
802 5080 977 5149 ἔργων
1010 5082 1363 5152 χαρισαμὲνῳ
1403 5084 1557 5152 ἡμῖν,
1593 5083 1703 5152 πῦρ
1743 5082 1800 5133 δὲ

195 5172 629 5245 παρασχομένῳ
655 5173 748 5224 τοῦ
785 5172 1041 5239 φωτίζειν
1072 5173 1169 5243 τὴν
1201 5172 1395 5235 νύκτα,
1422 5174 1516 5224 καὶ
1554 5176 1673 5235 ταῖς
1697 5172 1804 5225 λοι-

195 5268 352 5327 παῖς
385 5266 594 5333 χρείαις
640 5267 758 5325 ταῖς
794 5263 934 5316 κατὰ
967 5264 1057 5317 τὸν
1110 5264 1224 5333 βίον
1279 5265 1593 5333 ὑπηρετεῖν.
1630 5265 1801 5318 ’Ὅταν

195 5354 531 5424 ἀναϐλέψῃς
564 5356 699 5423 πρὸς
729 5354 975 5423 οὐρανὸν,
1008 5355 1103 5405 καὶ
1131 5354 1269 5423 πρὸς
1301 5354 1368 5406 τά
1404 5354 1513 5405 τῶν
1552 5353 1801 5423 ἀστέρων

196 5449 538 5516 ὲνατενίσῃς
569 5447 760 5516 κάλλη,
796 5447 1099 5515 προσεύχου
1139 5446 1215 5516 τῷ
1245 5447 1493 5518 Δεσπότῃ
1516 5445 1627 5498 τῶν
1662 5449 1803 5517 ὁρω-

202 5540 422 5611 μένων,
458 5542 551 5591 καὶ
599 5539 892 5603 προσκύνει
933 5539 1023 5590 τὸν
1080 5539 1473 5609 ἀριστοτέχνην
1520 5539 1629 5591 τῶν
1658 5538 1799 5592 ὅλων

193 5633 374 5696 Θεὸν,
414 5632 471 5695 ὃς
500 5634 556 5684 ὲν
580 5649 739 5700 cost;
766 5633 831 5683 τά
864 5632 1036 5684 πάντα
1060 5631 1336 5699 ἐποίησεν.

289 5823 461 5873 Ὅταν
500 5822 627 5883 περί
651 5835 793 5876 τινος
827 5813 1030 5881 ἁγαθῶ
1076 5811 1464 5882 παρακαλέσῃς
1501 5808 1590 5862 τὸν
1637 5808 1793 5874 Θεὸν,

1904 4612 2065 4665 habe.
2094 4611 2227 4666 Cum
2260 4624 2309 4668 te
2341 4622 2490 4668 veste
2536 4612 2766 4682 oblegis,
2818 4611 2902 4665 fac
2948 4622 3075 4667 tuus
3121 4627 3249 4681 erga
3301 4612 3472 4668 Deum

1904 4716 2058 4757 amor
2089 4714 2322 4769 crescat,
2374 4706 2464 4774 qui
2502 4705 2822 4758 indumenta
2883 4712 2936 4757 et
2968 4704 3169 4768 mstati,
3211 4711 3267 4757 et
3311 4704 3476 4761 hiemi

1903 4800 2313 4853 accommodata
2336 4798 2495 4852 nobis
2517 4796 2765 4865 praebuit,
2794 4797 2995 4865 quibus
3016 4810 3140 4849 cum
3164 4795 3273 4849 vita
3294 4805 3476 4849 nostra

1904 4897 2277 4952 conservatur,
2324 4900 2437 4942 tum
2486 4888 2794 4943 obscenitas
2856 4898 3046 4940 nostra
3100 4886 3318 4955 tegitur.
3357 4882 3487 4938 Dies

1906 4998 2042 5051 pene
2087 4980 2304 5035 illuxit?
2344 4980 2391 5033 ei
2427 4980 2656 5049 gratiam
2697 4977 2836 5031 habe
2866 4976 2961 5044 qui
3001 4975 3183 5038 nobis,
3213 4982 3267 5029 ct
3315 4974 3483 5029 solem

1905 5074 1968 5125 ad
2008 5072 2328 5124 diurnorum
2362 5084 2587 5139 operum
2616 5068 3005 5127 ministerium,
3034 5074 3087 5119 et
3129 5066 3329 5134 ignem,
3366 5072 3480 5117 tum

1907 5163 1969 5216 ad
2003 5161 2382 5216 illustrandam
2420 5168 2659 5224 noctem,
2687 5166 2803 5211 tum
2844 5158 2908 5210 ad
2960 5156 3200 5224 reliquas
3233 5156 3357 5209 vitae
3388 5172 3483 5209 ue.-

1904 5255 2192 5310 ccssitates
2245 5252 2546 5322 explendas
2587 5250 2881 5305 concessit.
2937 5246 3054 5301 Nox
3093 5263 3287 5302 rursus
3343 5248 3482 5300 alias

1905 5344 2162 5416 precandi
2197 5345 2455 5399 materias
2486 5343 2813 5413 suppeditet.
2843 5339 2978 5394 Cum
3013 5339 3067 5393 in
3105 5339 3302 5393 caelum
3346 5353 3481 5393 ocu-

1908 5440 1989 5492 los
2020 5438 2244 5503 attollis,
2290 5452 2354 5491 ac
2384 5436 2622 5490 siderum
2653 5431 3114 5503 pulchritudinem
3151 5430 3355 5494 cernis,
3381 5445 3479 5483 ora

1908 5530 2193 5585 Dominum
2242 5544 2431 5585 eorum
2481 5542 2603 5598 quae
2654 5523 2951 5588 conlueris,
2984 5531 3037 5577 et
3092 5522 3471 5593 prmstautissi-

1907 5637 2052 5674 mum
2106 5621 2346 5675 omnium
2404 5633 2583 5673 rerum
2621 5615 2880 5670 artiﬁcem
2919 5613 3112 5676 Deum,
3164 5610 3254 5680 qui
3291 5610 3478 5663 omnia

1908 5716 2182 5783 sapienter
2216 5712 2477 5775 condidit,
2521 5710 2708 5764 adora.

1980 5805 2037 5860 S.
2071 5804 2208 5859 Nili.
2245 5834 2313 5845 -—
2351 5802 2488 5858 Cum
2535 5798 2664 5856 boni
2716 5794 3020 5866 cujuspiam
3080 5804 3245 5846 causa
3303 5788 3473 5844 Deum
