4206 6442
232 398 363 466 145⁸1

306 534 324 568 ι
378 517 435 571 Ὀ
463 517 673 583 δίκαιος
697 520 979 590 οἱκτείρει,
1012 518 1101 572 καὶ
1127 518 1328 573 δίδωσι.
1380 541 1398 573 ι

299 711 316 743 ι
351 694 645 765 Μακάριος
678 697 706 748 6
735 694 1075 762 συνιὼνηὲπὶ
1110 697 1328 767 πτωχὸν
1377 699 1472 752 καὶ
1507 700 1738 771 πένητα.
1786 722 1804 753 ι

297 890 315 920 ι
344 873 600 943 Χρηστδς
627 873 766 945 ἀνὴρ
796 876 826 927 6
850 876 1138 944 οἰκτείρων
1182 883 1276 932 καὶ
1318 883 1524 952 κιχρῶν
1551 900 1563 912 ·
1616 886 1809 957 ἐσκόρ-

220 978 398 1026 πισεν,
432 963 655 1027 ἔδωκεν,
698 986 717 1018 ι
744 966 839 1020 καὶ
864 967 932 1020 τὰ
957 968 1138 1022 λοιπά.

292 1072 311 1104 ι
348 1054 750 1127 Ἑλεημοσύναι
777 1060 869 1114 καὶ
910 1059 1096 1124 πίστις
1135 1061 1210 1133 μὴ
1255 1062 1666 1122 ἑκλειπετωσάν
1709 1087 1805 1123 σε·

216 1142 424 1213 ἔφαψαι
464 1146 523 1200 δὲ
539 1148 710 1212 αὐτὰς
735 1150 828 1204 ἐπὶ
851 1150 929 1219 σῷ
959 1153 1236 1224 τραχήλῳ,
1270 1155 1368 1209 καὶ
1398 1158 1657 1229 εὑρήσεις
1707 1163 1806 1231 χά-

218 1254 321 1306 ριν.
347 1238 441 1309 Μὴ
465 1240 684 1313 ἀπόσχῃ
707 1242 945 1296 εὐποιεῖν
971 1244 1162 1306 ἐνδεεῖ,
1199 1246 1361 1317 ἡνίκα
1385 1248 1452 1303 ἂν
1497 1251 1596 1324 ἔχῃ
1622 1256 1654 1324 ἡ
1681 1255 1804 1326 χείρ

216 1343 309 1379 σου
339 1326 579 1399 βοηθεῖν.
603 1330 694 1398 Μὴ
726 1332 888 1404 εἴπῃς
909 1350 923 1363 ”
961 1334 1238 1389 Ἀπελθὼν
1274 1337 1544 1409 ἐπανῆκε,
1567 1345 1660 1398 καὶ
1705 1346 1802 1399 αῦ-

213 1417 538 1507 ριον-δὼσω,
565 1421 795 1476 δυνατοῦ
831 1441 926 1478 σου
939 1424 1102 1490 ’ὄντος
1131 1428 1393 1485 εὐποιεῖν.
1414 1432 1490 1486 Οὐ
1518 1434 1627 1507 γὰρ
1654 1433 1801 1503 οἶδας

207 1502 260 1555 τί
290 1504 513 1569 τέξεται
542 1509 574 1578 ἡ
603 1510 851 1565 ὲπιουσα.
883 1531 901 1565 ι

281 1699 299 1731 ι
322 1680 560 1782 fidi-.0765:
591 1688 672 1751 είς
698 1690 942 1763 κεφαλὴν
978 1694 1073 1748 τοῦ
1106 1692 1499 1769 μεταδιδόντος.
1541 1707 1619 1779 Τῇ
1649 1708 1793 1782 ψυχῇ

203 1770 374 1828 αὐτοῦ
399 1775 728 1845 ἀγαθοποιεῖ
751 1783 891 1856 ἀνὴρ
923 1784 1193 1859 ἐλεήμων.
1227 1810 1244 1843 ι

280 1969 298 2001 ι
330 1953 545 2027 Δύτρον
572 1958 751 2031 ψυχῆς
782 1963 996 2035 ἀνδρὸς,
1028 1968 1057 2021 6
1092 1970 1227 2036 ἴδιος
1277 1973 1523 2041 πλοῦτος.
1581 1978 1795 2036 Δίκαιοι

199 2040 535 2115 οἰκτείρουσι
576 2051 670 2104 καὶ
700 2052 961 2113 ἐλεοῦσιν.
990 2077 1009 2111 ι

275 2238 294 2271 ι
347 2221 407 2275 Ὀ
426 2223 595 2279 ἐλεῶν
629 2231 868 2302 πτωχὸν,
898 2240 1261 2306 μακαριστός.
1306 2261 1323 2293 ι

193 2420 305 2547 1‘;
339 2403 715 2547 ‘lflsqpoodvn
743 2412 837 2466 καὶ
862 2414 1110 2472 πίστεσιν
1125 2420 1787 2504 ἁποκαΟαίρονταιὰμαρ-

269 2606 288 2639 ι
326 2588 386 2643 '0
411 2592 911 2667 σπλαγχνιζόμενος
943 2603 1316 2677 ὲλεηθήσεται.
1346 2633 1366 2664 ι

268 2788 287 2821 ι
333 2769 393 2824 '0
451 2773 618 2827 ἐλεῶν
672 2780 919 2850 πτωχὸν,
976 2782 1213 2849 δανείζει
1255 2789 1411 2862 Θεῷ·
1443 2797 1582 2851 κατά
1632 2800 1687 2853 δὲ
1722 2804 1781 2856 τὸ

191 2860 331 2930 δόμα
348 2863 519 2917 αὐτοῦ
541 2867 912 2925 ἀνταποδώσει
945 2874 1113 2945 αὐτῷ.
1156 2897 1174 2929 ›

266 2954 453 3009 «Ὅσοι
483 2956 685 3013 διδοῦσι
716 2964 974 3033 πτωχοῖς,
1008 2966 1107 3020 οὐκ
1137 2969 1574 3045 ἐνδεηοὴσονται.
1611 3000 1628 3033 ι

264 3148 281 3231 ι
347 3128 911 3231 Ὀδρςμδικαιοσὺνης
964 3143 1058 3197 καὶ
1117 3146 1490 3224 ὲλεημοσύνης
1552 3158 1770 3231 εὑρήσει

186 3217 329 3289 ζωὴν
360 3220 459 3273 καὶ
489 3220 667 3288 δόξαν.
713 3244 731 3274 ι

258 3330 275 3359 ι
310 3312 517 3383 Ἄνδρα
554 3315 735 3387 ἱλαρὸν
762 3320 858 3374 καὶ
887 3322 1046 3394 δότην
1069 3325 1259 3400 ἀγαπᾷ
1289 3332 1318 3384 6
1352 3333 1505 3397 Θεός.
1546 3356 1563 3387 ι

261 3509 277 3539 ι
300 3491 429 3587 ’Πᾶν
462 3492 491 3546 ὃ
527 3494 623 3547 ἐὰν
656 3495 794 3570 εὕρῃ
817 3500 938 3573 χείρ
972 3520 1065 3557 σου
1088 3505 1182 3560 τοῦ
1236 3510 1482 3581 ποιῆσαι,
1541 3515 1639 3587 ὅση
1686 3516 1769 3570 δύ-

181 3580 344 3650 ναμίς
373 3598 468 3635 σου
492 3587 719 3656 ποίησον
779 3608 797 3640 ι
1249 3591 1258 3603 ’

247 3762 271 3774 ⁸
314 3673 664 3774 ᾜγνωνηὸτι
721 3680 821 3734 οὐκ
856 3681 1005 3737 ἔστιν
1042 3687 1247 3755 ἀγαθὸν
1280 3693 1340 3745 ὲν
1368 3695 1572 3760 αὐτοῖς,
1605 3701 1654 3753 εί
1690 3702 1764 3774 μὴ

181 3766 273 3869 τοῦ
306 3766 825 3866 εὐφρανθῆναι,καὶ
864 3776 959 3829 τοῦ
1000 3780 1223 3851 ποιῆσαι
1274 3785 1479 3852 ἀγαθὸν
1542 3791 1600 3844 ἐν

180 3872 366 3911 αυτου.
410 3878 427 3909 ι

251 3967 270 3999 ι
309 3950 387 4001 Τὸ
409 3953 585 4021 κρῖμά
604 3971 707 4024 μου
735 3956 812 4020 ὠς
842 3959 976 4027 φλὸξ
1020 3962 1385 4033 ἐξελεύσεται,
1435 3972 1568 4026 διότι
1616 3972 1763 4030 ἔλεον

178 4036 333 4104 Θέλω,
370 4041 466 4092 καὶ
482 4042 543 4094 οὐ
569 4042 784 4099 Θυσίαν.
816 4064 835 4097 ι

248 4239 267 4269 ι
298 4221 610 4293 Διὰορυπτε
658 4226 918 4281 πεινῶντι
964 4230 1057 4285 τὸν
1095 4233 1280 4302 τᾶρτον
1317 4253 1435 4303 σου,
1474 4239 1569 4293 καὶ
1618 4260 1762 4296 πτω-

171 4314 297 4381 χοὺς
329 4315 600 4383 ἀστέγους
624 4319 891 4389 εἰσάγαγε
916 4324 996 4387 είς
1022 4326 1115 4379 τὸν
1142 4323 1291 4382 οἶκόν
1316 4348 1431 4385 σου.
1479 4332 1609 4387 Ἐὰν
1646 4337 1759 4406 ἴδῃς

168 4425 192 4474 χ
212 4410 399 4474 ἀμνὸν,
427 4410 712 4480 περίϐαλε.
742 4414 866 4469 Ἐὰν
894 4415 1002 4486 δῷς
1026 4420 1284 4475 πεινῶντι
1329 4422 1423 4487 τὸν
1468 4426 1633 4497 ἄρτον
1664 4446 1757 4482 σου

166 4499 229 4595 εκ
257 4499 459 4595 ψυχῆς,
480 4502 779 4595 καὶὴψυχὴν
807 4511 1281 4583 τεταπεινωμένην
1302 4514 1608 4588 ὲμπλήσῃς,
1637 4519 1758 4573 τότε
1791 4536 1833 4591 ι)

166 4590 415 4644 ἀνατελεῖ
440 4593 498 4645 ἐν
533 4593 612 4663 τῷ
634 4596 817 4650 σκότει
844 4598 906 4650 τὸ
931 4598 1046 4667 φῶς
1068 4617 1183 4667 σου,
1214 4604 1309 4656 καὶ
1330 4605 1391 4658 τὸ
1420 4607 1611 4672 σκότος
1658 4628 1753 4663 σου

164 4680 239 4744 ὡς
296 4684 639 4757 μεσημϐρία,
669 4689 767 4743 καὶ
796 4689 948 4744 ἔσται
976 4693 1004 4745 6
1024 4693 1155 4757 Θεὸς
1186 4697 1323 4766 μετὰ
1352 4699 1447 4751 σοῦ
1492 4700 1582 4753 διὰ
1627 4721 1757 4757 παν-

164 4785 272 4833 τες.
306 4792 325 4823 ι

236 4880 255 4912 ι
286 4864 543 4931 Βασιλεῦ,
586 4870 618 4939 ή
651 4870 814 4941 βουλή
851 4890 954 4943 μου
987 4875 1243 4945 ἀρεσόιτω
1274 4896 1355 4933 σοι
1390 4898 1403 4912 ·
1438 4882 1537 4945 τὰς
1567 4883 1749 4958 ἀμαρ-

162 4953 286 5018 τίας
313 4972 407 5009 σου
438 4960 495 5011 ὲν
521 4960 915 5033 ὲλεημοσύναις
937 4968 1235 5039 λύτρωσαι,
1267 4975 1362 5027 καὶ
1386 4976 1486 5040 τὰς
1516 4977 1751 5050 ἀνομίας

163 5058 279 5103 σου.
317 5044 376 5096 ὲν
397 5049 702 5120 οἱκτιρμοίς
734 5057 1004 5125 πενήτων.
1046 5077 1065 5109 ι

238 5154 256 5185 ι
298 5136 503 5203 Παντὸς
536 5140 883 5216 δυνατωτέρα
915 5150 1115 5223 ὲστὶνή
1141 5153 1412 5211 εὐσέϐεια.
1450 5179 1467 5208 ι

230 5353 251 5386 ι
281 5335 412 5433 ’Πῦρ
436 5339 836 5433 ςλογιζόμενον
861 5350 1191 5406 κατασϐέσει
1231 5352 1396 5427 ὕδωρ,
1449 5359 1542 5411 καὶ
1594 5361 1746 5433 ἐλεη-

161 5426 365 5497 μοσύνη
399 5429 672 5494 ἐξιλάσκει
703 5437 1000 5509 ἁμαρτίας.
1040 5459 1058 5493 ι

230 5536 249 5616 ι
289 5517 513 5616 Τέκνον,
540 5524 639 5616 τὴν
670 5527 817 5599 ζωὴν
848 5531 943 5584 τοῦ
970 5532 1191 5604 πτωχοῦ
1226 5538 1301 5609 μὴ
1330 5543 1738 5616 ἀποστερήσῃς,

154 5605 247 5658 καὶ
285 5610 361 5708 gi]
396 5613 751 5709 παρῗλδῗύσῃς
785 5622 1102 5693 ὀφθαλμοὺς
1133 5605 1236 5680 ἐπὶ*
1262 5605 1477 5695 ἐνδεεῖς.

156 5705 433 5796 πεινῶσαν
469 5705 543 5775 μὴ
592 5706 864 5781 λυπήσῃς,
908 5716 1007 5767 καὶ
1064 5717 1138 5787 μὴ
1191 5724 1543 5796 παρελκύσῃς
1592 5729 1736 5783 δόσιν

1505 398 1742 473 SACRA
1782 413 2247 472 PARALLELA.

1837 528 1880 581 A

3365 399 3501 464 1458

1982 519 2138 573 Psal.
2174 533 2359 581 xxxvi,
2400 516 2491 570 21.
2522 544 2594 556 —
2625 534 2643 567 ‹
2688 514 2896 571 Justus
2930 513 3245 581 miseretur,
3290 522 3347 571 et
3395 512 3499 567 tri-

1918 610 2058 666 lmit.
2100 629 2117 661 ι

1985 702 2136 755 Ρεαι.
2192 719 2279 768 xL,
2346 703 2496 756 1.-
2528 720 2547 753 ι
2611 698 2815 755 Beatus
2867 701 2963 770 qui
3015 696 3299 771 intelligit.
3330 713 3496 770 super

1914 811 2149 866 egenum
2180 804 2235 852 et
2262 809 2583 866 pauperem.
2622 813 2641 845 ι

1983 888 2135 943 Ρδαι.
2166 904 2248 953 ιιι,
2278 889 2367 943 15.
2388 917 2461 933 —-
2492 906 2511 939 ι
2549 885 2839 942 Jucundus
2878 885 3044 940 homo
3077 885 3169 953 qui
3202 886 3497 941 miseretur

1912 986 1967 1031 et
1998 978 2349 1045 commodat;
2404 976 2687 1047 dispersit,
2734 975 2888 1030 dedit
2920 973 3287 1045 pauperibus,
3320 991 3339 1025 ι
3376 982 3487 1028 etc.

1985 1066 2144 1122 Prov.
2176 1083 2256 1132 ιιι,
2290 1070 2344 1135 5,
2377 1069 2433 1132 4,
2461 1067 2552 1132 27,
2586 1065 2679 1121 28.
2711 1096 2780 1109 -
2815 1085 2833 1117 ι
2866 1065 3246 1136 Eleemosynae
3274 1072 3329 1119 et
3361 1062 3493 1119 lides

1910 1167 1964 1213 te
1995 1173 2105 1213 non
2133 1160 2395 1214 deserant
2427 1175 2441 1213 :
2476 1158 2641 1226 alliga
2679 1171 2777 1211 eas
2810 1157 2954 1210 collo
2996 1164 3116 1220 tuo,
3148 1164 3205 1211 et
3244 1154 3493 1209 invenies

1907 1252 2164 1321 gratiam.
2215 1249 2294 1306 Ne
2338 1250 2565 1307 desinas
2617 1246 2948 1305 benefacere
2975 1246 3266 1315 indigenti,
3307 1260 3485 1316 quan-

1907 1341 2004 1395 diu
2030 1349 2215 1411 potest
2258 1355 2455 1395 manus
2490 1347 2586 1394 tua
2639 1337 2898 1393 auxiliari
2930 1338 3001 1393 ei.
3041 1335 3121 1391 Ne
3156 1334 3310 1391 dicas
3334 1336 3355 1391 ι’
3380 1330 3484 1388 Re-

1878 1432 2065 1487 .diens
2120 1440 2425 1499 revertere,
2481 1440 2537 1485 et
2591 1446 2717 1486 cras
2772 1430 2917 1485 dabo
2965 1428 3087 1492 tibi,
3133 1443 3258 1483 cum
3292 1428 3483 1481 statim

1902 1524 2087 1594 possis
2121 1524 2469 1580 benefacere.
2502 1522 2622 1579 Non
2656 1523 2804 1578 enim
2841 1523 2954 1578 scis
2987 1522 3121 1593 quid
3177 1533 3482 1592 superven-

1904 1624 2026 1671 tura
2064 1616 2242 1685 pariet
2274 1617 2410 1672 dies.
2449 1634 2468 1668 ι
3259 1686 3263 1691 ε

1975 1707 2135 1764 Prov.
2190 1726 2267 1775 χι,
2312 1708 2404 1774 26,
2460 1708 2546 1761 17.
2574 1736 2646 1748 —-
2677 1724 2696 1759 ι
2754 1704 3069 1761 Benedictio
3116 1717 3280 1774 super
3306 1710 3483 1775 caput

1900 1800 2053 1856 illius
2079 1802 2171 1872 qui
2217 1799 2614 1855 communicat.
2670 1796 2885 1852 Anima:
2930 1811 3047 1851 suae
3095 1792 3369 1851 benefacit
3397 1793 3482 1846 vir

1901 1892 2243 1948 misericors.
2295 1912 2314 1944 ι

1972 1984 2135 2038 Prov.
2196 1994 2316 2047 xm,
2383 1982 2434 2036 8.
2461 2010 2529 2022 —
2567 2001 2584 2032 ι
2629 1978 2962 2049 Redemptio
3008 1976 3206 2031 animae
3234 1974 3359 2042 viri,
3392 1973 3478 2028 di-

1897 2074 2049 2128 vitiae
2080 2089 2219 2130 suae.
2255 2072 2401 2128 Justi
2440 2079 2801 2133 miserantur,
2844 2077 2901 2126 et
2930 2068 3333 2137 eleemosynam
3364 2073 3477 2119 lar-

1935 2167 2139 2221 iuntur.
2180 2186 2199 2219 ι

1936 2184 2139 2221 runtur.
2180 2186 2199 2219 ι

1897 2184 1929 2238 Β
1965 2255 2129 2312 Prov.
2197 2272 2311 2321 xlv,
2375 2256 2614 2312 ll.——t
2684 2252 2787 2318 Qui
2842 2253 3134 2307 miseretur
3193 2246 3473 2318 pauperis,

1894 2348 2089 2405 beatus
2120 2347 2384 2404 dicendus
2418 2359 2522 2403 est.
2561 2365 2582 2398 ι

1964 2441 2126 2497 Prov.
2165 2458 2257 2507 xv,
2294 2440 2378 2494 l7.
2407 2469 2476 2479 —-
2507 2458 2525 2490 ‹
2565 2434 2945 2493 Misericordia
2976 2442 3029 2488 et
3051 2430 3156 2487 [ide
3184 2429 3468 2485 redimun-

1889 2545 1980 2590 tur
2016 2542 2265 2605 peccata.
2299 2552 2317 2584 ι

1957 2625 2119 2680 Prov.
2168 2640 2306 2690 xvu,
2356 2623 2410 2677 5.
2444 2653 2513 2663 —
2544 2640 2561 2673 ι
2607 2619 2711 2687 Qui
2772 2618 3087 2679 miseratur,
3145 2611 3465 2668 misexlcor-

1885 2720 2031 2776 diam
2066 2728 2463 2789 consequetur.
2500 2737 2517 2769 ι

1954 2812 2113 2866 Prov.
2140 2828 2255 2879 xix,
2292 2811 2452 2866 l7.-—
2477 2828 2495 2862 ι
2527 2808 2635 2865 Deo
2670 2808 2952 2862 feneratur
2997 2802 3095 2874 qui
3165 2801 3466 2856 miseretur

1881 2905 2180 2975 pauperis;
2213 2914 2265 2959 et
2299 2905 2461 2972 juxta
2492 2902 2702 2957 donum
2740 2914 2904 2957 suum
2952 2894 3228 2952 retribuet
3260 2895 3332 2949 ei.
3369 2910 3391 2944 ι

1952 2995 2107 3050 Prov.
2154 3012 2351 3060 xxvm,
2399 2997 2490 3051 17.
2518 3027 2589 3038 -
2622 3015 2640 3047 ι
2673 2995 3003 3065 Quicunque
3038 2990 3175 3046 dant
3203 2987 3462 3061 pauperi-

1876 3087 2003 3150 bus,
2035 3101 2149 3141 non
2185 3086 2527 3156 indigebunt.
2561 3106 2580 3139 ι

1799 3204 1844 3266 C
1951 3176 2110 3230 Prov.
2143 3193 2257 3239 xxi,
2309 3176 2399 3229 il.
2431 3207 2501 3223 -η
2536 3195 2554 3228 ι
2589 3174 2689 3229 Via
2721 3174 2954 3246 iustitia:
2991 3180 3047 3229 et
3064 3167 3456 3228 misericordia

1874 3266 2114 3323 inveniet
2143 3268 2312 3323 vitam
2346 3276 2401 3324 et
2430 3268 2685 3340 gloriam.
2726 3286 2746 3319 ›

1942 3354 2100 3410 Prov.
2152 3372 2291 3421 χιιι,
2342 3356 2395 3410 8.
2427 3386 2501 3397 -
2536 3376 2555 3408 ι
2595 3354 2787 3411 Virum
2842 3354 3073 3410 hilarem
3113 3359 3169 3409 et
3198 3351 3445 3407 datorem

1869 3444 2053 3515 diligit
2082 3444 2252 3501 Deus.
2294 3466 2312 3495 ι

1939 3536 2116 3591 Eccle.
2148 3553 2223 3604 Ix,
2252 3538 2339 3592 10.
2374 3568 2443 3578 —
2479 3556 2498 3588 ι
2537 3537 2920 3607 Quodcunque
2945 3533 3220 3590 invenerit
3248 3545 3459 3587 manus.

1868 3634 1960 3680 tua
1991 3627 2057 3681 ad
2090 3626 2431 3694 faciendum,
2466 3643 2567 3698 pro
2605 3629 2753 3683 virili
2784 3629 2972 3683 facito.
3006 3646 3026 3680 ι

1940 3717 2113 3774 Eccle.
2151 3736 2236 3785 ιιι,
2269 3720 2356 3774 12.
2384 3751 2453 3760 -—
2491 3739 2511 3774 ι
2552 3720 2795 3791 Cognovi
2824 3720 2975 3790 quod
3022 3734 3133 3774 non
3165 3730 3313 3777 esset
3342 3722 3439 3777 bo-

1866 3826 1993 3864 num
2023 3812 2079 3865 in
2120 3811 2250 3876 illis,
2299 3812 2405 3866 nisi
2437 3814 2635 3877 laetari,
2684 3818 2740 3866 et
2773 3810 2953 3867 facere
2993 3811 3199 3866 bonum
3234 3812 3288 3866 in
3323 3812 3437 3867 vita

1866 3915 1983 3956 sua.
2016 3920 2037 3953 ι

1937 3994 2069 4047 Osee
2120 4009 2193 4059 vr,
2229 3995 2283 4047 6.
2318 4023 2384 4032 —
2415 4012 2432 4044 ι
2471 3992 2748 4048 Judicium
2785 4008 2981 4049 meum
3028 3995 3176 4050 sicut
3218 3994 3434 4049 ﬂamma

1863 4085 2184 4155 egredietur
2215 4104 2228 4139 :
2263 4085 2531 4155 quoniam
2568 4085 3016 4142 misericordiam
3054 4087 3199 4151 volo,
3244 4096 3299 4141 et
3320 4103 3428 4142 non

1861 4176 2220 4232 sacriﬁcium.
2259 4195 2276 4228 ι

1934 4268 2050 4323 Isa.
2104 4285 2257 4335 Lvm,
2307 4269 2363 4335 7,
2397 4269 2451 4324 8.
2488 4283 2599 4318 -ι
2638 4266 2853 4339 Frange
2903 4270 3175 4325 esurienti
3230 4284 3429 4339 panem

1862 4370 2037 4424 tuum,
2098 4367 2153 4414 et
2204 4373 2409 4427 egenos
2467 4359 2587 4414 sine
2630 4364 2779 4413 tecto
2825 4357 3081 4413 introduc
3116 4359 3171 4414 in
3203 4360 3428 4414 domum

1864 4462 2034 4506 tuam.
2085 4450 2142 4505 Si
2195 4452 2401 4507 videris
2452 4450 2683 4513 nudum,
2734 4453 2886 4519 operi
2933 4466 3082 4506 eum.
3117 4450 3177 4506 Si
3207 4450 3427 4506 dederis

2182 4557 2374 4611 panem
2410 4550 2566 4595 tuum
2601 4526 2671 4593 ex.
2698 4540 2908 4606 animo,
2940 4550 3000 4598 et
3040 4543 3278 4596 animam
3319 4542 3428 4596 hu-

1860 4633 2125 4687 miliatam
2180 4634 2472 4689 satiaveris
2519 4654 2531 4689 :
2595 4645 2729 4690 tunc
2780 4634 2996 4689 orietur
3058 4634 3115 4687 in
3177 4632 3425 4687 tenebris

1858 4723 2041 4778 lumen
2106 4733 2281 4790 tuum,
2318 4733 2372 4778 et
2406 4725 2649 4780 tenebrae
2695 4734 2804 4779 tuae
2851 4726 2996 4780 sicut
3039 4725 3322 4790 meridies,
3375 4733 3441 4781 et-

1858 4814 2210 4870 Deu-svtecum
2246 4818 2350 4871 erit
2376 4825 2665 4885 perpetuo.
2697 4836 2715 4869 ι

1925 4906 2065 4963 Dan.
2100 4924 2173 4973 tv,
2200 4902 2384 4960 24.-’
2405 4927 2423 4960 ι
2462 4908 2601 4972 Rex,
2630 4908 2927 4966 consilium
2978 4923 3158 4964 meum
3188 4908 3281 4963 tibi
3309 4909 3425 4977 pla-

1853 5008 1974 5049 ceat
1995 5014 2008 5050 :
2030 4997 2391 5069 eleemosynis
2420 5007 2642 5067 peccata
2667 5006 2757 5051 tua
2785 4998 3011 5065 redime,
3031 5006 3085 5052 et
3105 4996 3426 5068 iniquitates

1854 5100 1977 5148 tuas
2014 5094 2066 5147 in
2104 5095 2561 5150 miserationibus
2598 5110 2925 5165 pauperum.
2968 5115 2985 5147 ι

1919 5185 2083 5257 474
2128 5186 2255 5255 Sap.
2319 5204 2373 5253 ς,
2420 5187 2507 5241 12.
2540 5216 2610 5227 -——
2659 5205 2678 5238 ε
2714 5187 2922 5253 Quavis
2971 5202 3029 5242 re
3091 5186 3286 5243 fortior
3337 5197 3432 5242 est

1848 5280 2037 5347 pietas.
2082 5295 2101 5329 ι

1922 5370 2086 5424 Ercli.
2124 5387 2203 5435 ιιι,
2258 5372 2347 5426 50.
2376 5400 2446 5413 —--
2476 5389 2494 5422 ι
2528 5369 2714 5441 Ignem
2767 5371 3051 5426 ardentem
3107 5374 3413 5443 exstinguit

1846 5479 1987 5531 aqua
2024 5482 2035 5517 :
2073 5474 2125 5518 et
2160 5464 2509 5534 elcemnsyna
2544 5465 2731 5533 expiat
2768 5472 3017 5533 peccata.
3058 5483 3075 5517 ι

1920 5554 2085 5609 Eccli.
2117 5572 2190 5620 ιν,
2230 5558 2279 5621 l,
2308 5556 2363 5617 2,
2395 5558 2449 5619 5,
2482 5558 2609 5610 8,—-
2639 5575 2656 5607 ι
2694 5554 2825 5622 Fili,
2847 5558 3015 5613 vitam
3053 5558 3314 5628 pauperis
3348 5576 3413 5613 nc

1843 5646 2176 5713 defraudes;
2222 5658 2274 5701 et
2323 5648 2516 5702 oculos
2556 5658 2679 5702 tuos
2714 5663 2781 5702 ne
2829 5656 3173 5705 transvertas
3214 5663 3245 5702 ιι
3278 5664 3412 5719 [ιιιιιοο

1841 5752 1990 5805 perc.
2048 5738 2300 5791 Animam
2365 5740 2699 5794 esurientem
2754 5754 2821 5793 ne
2858 5740 3181 5812 contristes,
3233 5761 3410 5815 neque

1840 5828 2131 5888 abstrahas
2188 5833 2393 5889 donum
2450 5835 2749 5907 indigenti.
2817 5837 2895 5895 Ne
2948 5847 3167 5897 avertas
3220 5842 3414 5899 oculos
