4206 6442
226 415 353 482 1461

1487 407 1727 471 SACRA
1766 403 2227 467 PARALLELA.

3349 397 3486 466 1462

219 528 328 599 γάρ
347 527 499 580 ἑστιν
524 526 552 581 ί
577 523 850 598 θησαυρδς
877 522 1054 597 ὑμῶν,
1071 523 1191 577 hct!
1209 521 1303 577 καὶ
1334 521 1365 593 ἠ
1422 519 1617 593 καρδία
1654 517 1793 590 ὐμῶι

1914 513 2141 583 rumpit.
2196 508 2302 566 Ubi
2357 506 2508 565 enim
2571 505 2867 564 thesaurus
2909 512 3090 562 vester
3146 514 3252 574 est,
3308 506 3383 565 ibi
3436 519 3488 567 et

217 618 577 776 ιςιῖειὶίελεγεν
620 708 650 761 6
680 705 887 778 Κύριος
931 704 1009 776 τῷ
1053 703 1345 775 κεκληκότι
1374 702 1535 758 αὐτόν
1567 718 1582 736 ·
1635 702 1804 755 Ὅταν

214 801 373 870 ποιῇς
397 797 681 869 ἀριστονῆ
710 797 945 863 δεῖπνον,
982 797 1056 868 μὴ
1075 796 1241 865 φώνει
1284 796 1411 859 τοὺς
1450 795 1636 864 φίλους
1684 810 1800 858 σου,

213 890 346 961 μηδὲ
375 890 629 958 γείτονας
676 888 984 954 πλουσίους,
1034 889 1169 958 μηδὲ
1210 890 1336 951 τοὺς
1366 890 1645 955 συγγενεῖς
1684 904 1800 949 σου,

198 983 342 1053 μηδὲ
376 982 508 1046 τοὺς
540 980 802 1049 ἀδελφούς
832 998 945 1043 σου,
1001 981 1211 1051 μήποτε
1251 981 1344 1033 καὶ
1372 979 1525 1032 αὐτοί
1563 996 1621 1031 σε
1651 976 1829 1033 ἀντι-’

209 1072 505 1135 καλέσωσι,
536 1070 631 1125 καὶ
661 1070 947 1141 γενήσεταί
980 1087 1061 1125 σοι
1088 1071 1457 1138 ἀνταπόδομα.
1503 1069 1645 1123 Ἀλλ’
1673 1070 1800 1124 ὅταν

208 1162 363 1233 ποιῇς
391 1163 581 1234 δοχὴν,
616 1164 771 1217 κάλει
804 1164 1071 1233 πτωχοὺς,
1100 1164 1437 1235 ἀναπήρους,
1468 1162 1677 1234 χολοὺς,
1707 1182 1799 1217 τυ-

208 1251 372 1321 φλούς
397 1268 415 1287 ο
452 1255 549 1307 καὶ
572 1255 841 1325 μακάριος
862 1256 981 1326 ἔσῃ,
1007 1255 1088 1308 ὅτι
1115 1256 1214 1309 οὐκ
1234 1254 1445 1325 ἔχουσιν
1466 1256 1798 1310 ἀνταποδοῦ-

204 1344 290 1397 ναί
317 1362 422 1399 σοι.
457 1347 975 1418 Ἀνταποδοθήσεται
1025 1348 1132 1419 γάρ
1177 1364 1257 1402 σοι
1292 1351 1351 1403 ἐν
1378 1353 1443 1420 τῇ
1502 1350 1798 1405 ἀναστάσει

204 1436 313 1490 τῶν
337 1436 588 1496 δικαίων.
620 1457 640 1491 ι

277 1547 297 1580 ι
333 1530 503 1583 Αὐτοὶ
521 1528 841 1597 γινώσκετε,
880 1530 963 1584 ὄτι
1010 1531 1129 1594 ταῖς
1151 1532 1359 1600 χρείαις
1408 1551 1527 1602 μου,
1566 1537 1794 1599 καὶτοῖς

202 1616 320 1674 οὖσι
354 1621 477 1690 μετ’
528 1622 664 1691 ἐμοῦ
699 1622 1052 1693 ὑπηρέτησαν
1105 1624 1161 1676 αἱ
1210 1625 1393 1693 χεῖρές
1448 1642 1572 1693 μου.
1612 1627 1795 1680 Πάντα

202 1712 463 1779 ὑπέδειξα
502 1715 651 1785 ὑμῖν,
683 1715 764 1767 ὅτι
801 1715 973 1778 οὑτως
1006 1716 1312 1780 κοπιῶντας
1349 1716 1431 1770 δεῖ
1458 1718 1794 1789 ἀντιλαμδά-

199 1806 386 1860 νεσθαι
412 1806 526 1859 τῶν
559 1806 943 1866 ἀσθενούντων.
1000 1808 1359 1879 μνημονεύειν
1402 1810 1458 1863 δὲ
1483 1812 1589 1865 τῶν
1620 1813 1793 1881 Λόγων
1831 1846 1870 1900 Β

198 1895 293 1949 τοῦ
324 1897 535 1969 Κυρίου
554 1936 567 1961 ,
617 1898 698 1951 ὅτι
730 1899 890 1962 αὐτὸς
924 1894 1044 1951 εῐπε
1077 1915 1091 1931 ο
1123 1900 1408 1972 Μακάριόν
1436 1904 1552 1956 ἐστι
1593 1905 1793 1975 μᾶλλον

198 1989 422 2057 διδόναι,
455 1990 489 2061 ἦ
516 1991 831 2060 λαμϐάνειν.
873 2010 892 2044 ι

274 2186 292 2219 ι
335 2167 396 2221 ’0
424 2167 738 2239 μεταδιδοὺς
786 2170 845 2223 έν
891 2170 1154 2245 ἁπλότητι
1179 2190 1194 2206 ο
1227 2175 1256 2228 6
1283 2178 1681 2249 προϊστάμενος
1731 2182 1790 2235 έν

200 2258 426 2328 σπουδῇ·
455 2261 484 2311 6
510 2258 680 2313 ἐλεῶν
706 2262 764 2314 έν
796 2260 1091 2332 ίλαρότητι.
1131 2282 1150 2313 ι

271 2452 291 2485 ι
327 2434 389 2488 '0
423 2436 666 2508 σπείρων
695 2437 1050 2509 φειδομένως,
1079 2440 1410 2511 φειδομένως
1443 2444 1538 2497 καὶ
1557 2444 1784 2515 θερίσει·

197 2526 227 2579 6
260 2527 504 2599 σπείρων
532 2530 555 2581 έ
610 2536 613 2541 '
647 2529 738 2582 εὐλ
773 2531 940 2598 γίαις,
997 2532 1084 2584 ἐπ’
1110 2532 1387 2600 εὐλογίαις
1421 2534 1516 2588 καλ⁵
1556 2536 1782 2607 θερίσει.

200 2618 469 2683 Ἕκαστος
494 2620 571 2684 ὡς
602 2625 939 2692 προαιρεῖται
977 2627 1044 2695 τῇ
1072 2625 1288 2697 καρδίᾳ,
1327 2627 1402 2700 μὴ
1433 2631 1498 2682 ὲκ
1521 2629 1720 2701 λύπης,
1751 2633 1784 2703 ἢ

198 2710 258 2775 ἐξ
277 2710 547 2781 ἀνάγκης.
586 2712 792 2784 Ἱλαρὸν
814 2716 924 2784 γὰρ
951 2715 1110 2787 δότην
1140 2718 1333 2790 ἀγαπᾷ
1360 2722 1388 2773 6
1419 2720 1571 2785 Θεός.
1598 2725 1785 2778 Πᾶσαν

197 2798 532 2871 αὐτάρκειαν
562 2802 794 2873 ἔχοντες,
826 2821 1189 2876 περισσευητε
1220 2810 1301 2872 είς
1328 2813 1437 2865 πᾶν
1463 2813 1621 2885 ἔργον
1650 2814 1786 2883 ἀγα-

199 2889 311 2957 θὸν,
374 2891 560 2957 καθὼς
615 2896 962 2967 γέγραπται*
1012 2899 1391 2973 Ἐσκόρπισεν,
1449 2905 1617 2960 ἔδωκε
1671 2909 1784 2972 τοῖς

199 2981 421 3052 πένησι.
460 3002 482 3035 ι

270 3175 290 3207 ι
327 3157 451 3212 Τῶν
478 3162 729 3231 πτωχῶν,
762 3164 847 3217 ῐνα
877 3168 1327 3239 μνημονεύωμεν.
1364 3190 1383 3221 ›

268 3330 456 3426 ιῇΤοῖς
482 3333 755 3400 πλουσίοις
784 3338 843 3391 ὲν
870 3339 948 3409 τῷ
997 3340 1095 3395 νῦν
1137 3343 1296 3399 αἰῶνι
1330 3348 1650 3416 έπαγγέλλω
1704 3355 1778 3426 μὴ

192 3420 631 3513 ὑψηλοφρονεῖνθ
659 3426 734 3497 μὴ
761 3427 1003 3494 ἐλπίζειν
1050 3434 1145 3487 ἐπὶ
1196 3434 1425 3490 πλούτου
1466 3420 1776 3513 ἀδηλότητι,

191 3511 307 3564 ἀλλ’
325 3513 421 3565 ἐπὶ
451 3513 527 3584 τῷ
557 3515 675 3587 Θεῷ
721 3518 798 3589 τῷ
827 3522 1121 3592 παρέχοντι
1158 3526 1336 3582 πάντα
1378 3511 1648 3598 πλουσίως
1690 3511 1779 3601 εἰς

190 3603 513 3658 ἀπόλαυσιν
553 3607 930 3683 ἀγαθωργείν,
974 3615 1222 3672 πλουτεῖν
1250 3621 1308 3675 έν
1345 3622 1528 3692 ἔργοις
1568 3628 1775 3693 καλοῖς,

190 3697 584 3768 εὐμεταδότους
634 3700 793 3770 εἶναι,
824 3713 1202 3779 κοινωνικοὺς,
1234 3716 1778 3791 ἀποθησαυρίζοντας

190 3789 404 3853 ἑαυτοῖς
438 3791 681 3863 θεμέλιον
719 3797 881 3854 καλὸν
909 3803 989 3866 είς
1009 3803 1071 3856 τὺ
1095 3804 1308 3875 μέλλον.
1339 3827 1358 3861 ι

262 3899 281 3932 ι
321 3881 531 3953 Ὑμεῖς,
569 3884 804 3956 ἀδελφοὶ,
855 3890 929 3963 μὴ
971 3893 1255 3950 ἔκκακεττε
1284 3899 1721 3970 καλοποιοῦντες.
1750 3926 1769 3960 ι

230 4034 280 4113 ιι
314 4061 430 4132 Τῆς
456 4064 704 4131 εὐποιίας
730 4069 825 4123 καὶ
862 4068 963 4139 τῆς
983 4075 1265 4143 κοινωνίας
1308 4080 1384 4152 μὴ
1416 4082 1773 4141 ἐπιλανθάνε-

190 4151 302 4210 σθε.
335 4153 630 4221 Τοιαύιαις
652 4159 761 4229 γὰρ
793 4160 1005 4229 θυσίαις
1027 4151 1402 4240 εὐαρεστεῖται
1431 4175 1460 4228 ό
1480 4174 1635 4241 Θεός.
1668 4197 1687 4230 ι

260 4348 287 4382 ι.
319 4331 745 4406 Κατακαυχᾶται
774 4334 922 4406 ἔλεος
945 4343 1198 4414 κρίσεως.
1231 4365 1251 4400 ι

261 4508 580 4617 «Inferi-aid;
603 4511 772 4617 ἔστιν.
791 4513 999 4617 ἐκεῖνος
1050 4516 1079 4571 6
1110 4519 1337 4589 πολλοὺς
1363 4524 1552 4595 ἐλεῶν,
1616 4533 1711 4588 καὶ
1739 4539 1767 4591 6
1796 4561 1841 4617 ι)

184 4601 323 4693 κατὰ
352 4600 735 4693 Θεούῗμίμησιν
755 4605 972 4672 ἐπιδοὺς
1001 4609 1062 4676 ἐξ
1079 4608 1154 4666 ὧν
1172 4611 1305 4685 ἔχει.
1331 4616 1464 4683 Θεὸς
1487 4621 1596 4693 γὰρ
1626 4642 1761 4681 παν-

183 4691 419 4745 τάπασιν
448 4691 645 4747 ἔδωκεν
675 4696 739 4749 ἐκ
773 4696 883 4750 τῶν
923 4699 1089 4755 αὐτοῦ
1112 4707 1449 4774 κτισμάτων.
1478 4691 1675 4768 Σύνετε
1694 4716 1758 4788 δὴ

183 4781 446 4849 πλούσιοι,
470 4783 551 4836 ὅτι
581 4785 847 4840 διακονεῖν
865 4790 1130 4859 ὀφείλετε,
1162 4794 1418 4863 λαῦόντες
1440 4802 1663 4860 πλείονα
1684 4781 1760 4863 ὧν

181 4872 337 4925 αὐτοὶ
366 4873 595 4969 χρῇζετε
628 4877 889 4969 ομμάθετε
918 4881 1001 4934 ὅτι
1051 4883 1262 4955 ἑτέροις
1300 4888 1479 4943 λείπει
1521 4894 1589 4949 τὰ
1629 4898 1760 4969 ὑμῖν

183 4961 598 5030 περισσεύοντα.
646 4965 982 5037 Αίσχύνθητε
1037 4972 1357 5042 κατέχοντες
1385 4980 1452 5033 τὰ
1481 4961 1755 5056 ἀλλότρια⁶

183 5055 497 5124 μιμήσασθε
531 5056 751 5126 ἰσότητα
774 5058 936 5123 Θεοῦ,
968 5063 1062 5115 καὶ
1088 5064 1263 5128 οὐδεὶς
1284 5067 1435 5124 ἔσται
1460 5055 1651 5143 πένης.

182 5146 508 5251 Erubescite
572 5147 666 5218 qui
725 5165 816 5205 res
873 5151 1083 5208 alienas
1142 5155 1436 5226 retinetis,
1490 5164 1763 5238 vobisque
1810 5176 2124 5244 aequitatem
2189 5175 2282 5231 Dei
2349 5146 2675 5233 imitandam
2730 5146 3079 5251 proponite;

181 5257 392 5311 pauper
424 5240 550 5296 erit.

249 5334 503 5404 Μίμησαι
556 5333 657 5404 τὴν
684 5334 808 5405 γῆν,
866 5336 1141 5408 ἄνθρωπε,
1199 5346 1622 5417 καρποφόρησον
1683 5354 1758 5416 ὡς

181 5425 384 5493 ἐκείνη.
409 5424 499 5496 Μὴ
530 5424 729 5495 χείρων
773 5429 947 5497 φανῇς
973 5430 1075 5500 τῆς
1116 5432 1345 5504 ἀψύχου.
1390 5437 1602 5510 Ἐκείνη
1655 5444 1757 5512 μὲν

181 5516 287 5586 γὰρ
309 5516 436 5577 τοὺς
463 5516 711 5585 καρποὺς
742 5517 841 5571 οὐκ
865 5520 944 5581 είς
969 5522 1167 5594 έαυτῆς
1192 5527 1513 5594 ἀπόλαυσιν,
1541 5532 1656 5586 ἀλλ’
1678 5538 1757 5599 είς

181 5607 279 5676 τὴν
309 5606 409 5675 σὴν
440 5606 743 5677 ὑπηρεσίαν
777 5609 1083 5681 ἐξέθρεψεν·
1134 5616 1206 5669 Σὺ
1234 5616 1289 5670 δὲ
1329 5620 1388 5672 ὃν
1420 5623 1485 5674 ἂν
1513 5624 1756 5699 ἐπιδείξῃ

181 5699 278 5768 τῆς
307 5698 550 5762 εὐποιῒας
580 5699 811 5770 καρπὸν,
851 5704 1060 5774 σεαυτῷ
1086 5706 1272 5762 τοῦτον
1313 5713 1582 5780 συνάγεις.
1610 5698 1754 5773 Διότι

182 5792 289 5845 τῶν
324 5790 542 5860 ἀγαθῶν
563 5792 741 5864 ἔργων
762 5795 818 5848 αἱ
846 5794 1065 5868 χάριτες
1096 5799 1189 5853 ἐπὶ
1222 5804 1345 5866 τοὺς
1380 5806 1619 5871 διδόντας
1659 5812 1755 5864 ἐπ-

1908 618 2008 660 οοι·
2038 610 2285 658 vestrum
2322 600 2449 657 erit.
2487 617 2507 653 ι

1976 693 2142 768 4⁵15
2188 692 2319 748 Luc.
2354 708 2471 757 xw,
2498 689 2693 746 12-14.
2724 717 2793 730 —
2829 707 2847 742 ι
2885 688 3109 746 Dicebat
3140 686 3412 749 Dominus
3437 689 3487 746 ei

1905 784 1999 854 qui
2034 799 2095 840 se
2132 783 2459 838 invitaverat
2488 800 2501 837 :
2548 780 2687 836 Cum
2722 779 2861 836 facis
2911 782 3203 851 prandium
3242 790 3338 837 aut
3368 796 3486 837 cas-

1906 889 2056 935 nam,
2084 873 2201 928 noli
2232 886 2433 927 vocare
2455 870 2665 925 amicos
2706 878 2856 934 tuos,
2892 885 3073 940 neque
3111 872 3327 928 vicinos
3362 881 3487 925 tuos

1904 948 2127 1027 divites,
2182 978 2359 1033 neque
2404 970 2687 1032 cognatos,
2739 977 2919 1031 neque
2964 960 3165 1019 fratres
3212 973 3373 1027 tuos;
3419 976 3486 1016 ne

1902 1054 2049 1111 forte
2094 1065 2148 1111 et
2182 1054 2287 1124 ipsi
2318 1061 2374 1109 te
2435 1052 2755 1115 reinvitent,
2793 1063 2849 1107 et
2886 1053 2993 1108 erit
3022 1053 3122 1109 tibi
3169 1055 3481 1110 retributio.

1904 1144 2016 1203 Sed
2053 1160 2178 1201 cum
2216 1145 2357 1205 facis
2406 1144 2766 1226 convivium,
2808 1160 2944 1200 voca
2983 1160 3283 1216 pauperes,
3323 1146 3479 1201 debi-

1901 1240 2005 1306 les,
2043 1239 2302 1305 claudos,
2337 1252 2551 1305 caecos;
2598 1245 2653 1292 et
2680 1236 2882 1293 beatus
2905 1239 3043 1304 eris,
3078 1240 3207 1309 quia
3239 1255 3348 1297 non
3386 1240 3485 1294 ba-

1900 1330 2034 1387 bent
2072 1329 2383 1385 retribuere
2415 1327 2536 1382 tibi.
2569 1326 2933 1383 Retribuetur
2969 1329 3118 1384 enim
3163 1331 3262 1385 tibi
3304 1331 3360 1386 in
3388 1346 3481 1386 re-

1854 1456 1859 1461 -
1899 1419 2256 1477 surrectione
2289 1418 2594 1487 iustorum.
2630 1436 2650 1471 ι

1959 1510 2087 1565 Ἀει.
2136 1526 2234 1577 xx,
2286 1508 2389 1576 ⁸54,
2421 1508 2512 1564 35.
2550 1537 2621 1547 —
2654 1526 2672 1559 ι
2711 1508 2820 1579 Ipsi
2864 1510 3018 1566 scitis
3088 1509 3353 1580 quoniam
3409 1509 3480 1566 ad

1895 1616 1960 1656 ea
1987 1616 2116 1672 qua:
2159 1601 2293 1655 mihi
2331 1614 2473 1669 opus
2516 1609 2699 1664 erant,
2731 1608 2785 1654 et
2830 1600 2898 1655 iis
2924 1600 3021 1670 qui
3055 1615 3271 1654 mecum
3309 1608 3477 1665 sunt,

1897 1691 2367 1748 ministraverunt
2394 1690 2753 1746 manusistaz.
2796 1687 2993 1746 Omnia
3035 1689 3256 1744 ostendi
3280 1690 3474 1756 .vobis,

1895 1783 2157 1853 quoniam
2207 1782 2291 1837 sic
2335 1782 2657 1837 laborantes
2704 1787 2922 1852 oportet
2972 1779 3260 1848 suscipere
3320 1780 3477 1834 infir-

1899 1894 2066 1945 mos;
2112 1877 2432 1934 meminisse
2476 1885 2660 1931 autem
2707 1876 3003 1931 verborum
3055 1874 3274 1931 Domini
3319 1872 3472 1940 Iesu,

1897 1970 2028 2040 quia
2083 1969 2201 2040 ipse
2252 1969 2437 2025 dixit:
2495 1967 2718 2024 Bestius
2767 1974 2853 2023 est
2900 1967 3054 2033 dare,
3109 1981 3275 2037 qttam
3327 1967 3477 2023 acci-

1896 2074 2043 2130 pere.
2085 2077 2103 2110 ι
3039 2117 3042 2121 ,

1963 2150 2117 2205 Rom.
2171 2166 2245 2206 xu
2271 2191 2286 2215 ,
2321 2150 2374 2205 8.
2406 2181 2477 2192 —
2526 2169 2544 2203 ι
2581 2148 2685 2217 Qui
2730 2149 2927 2205 tribuit
2974 2150 3029 2204 in
3062 2149 3421 2220 simplicitate
3454 2169 3469 2205 :

1890 2242 1987 2313 qui
2055 2252 2251 2313 praeest
2320 2245 2376 2297 in
2433 2242 2862 2299 sollicitudine:
2921 2242 3016 2314 qui
3068 2243 3369 2298 miseretur
3416 2244 3470 2298 iu

1890 2333 2190 2390 bilaritate.
2233 2353 2252 2385 ι
2935 2408 2939 2413 ν

1963 2423 2029 2478 II
2059 2425 2187 2480 Cor.
2224 2442 2298 2490 is,
2336 2424 2453 2482 6-9.
2479 2453 2551 2467 —-
2591 2444 2610 2477 ι
2651 2423 2756 2492 Qui
2799 2441 2966 2497 parce
2996 2427 3262 2490 seminat,
3308 2441 3471 2497 parce

1888 2524 1943 2572 et
1986 2528 2156 2573 metet
2199 2539 2210 2574 :
2245 2528 2299 2574 et
2330 2522 2425 2589 qui
2472 2520 2712 2576 seminat
2752 2521 2807 2574 in
2853 2518 3358 2579 benedictionibus.
3403 2520 3470 2573 de

1889 2608 2369 2667 benedictionibus
2446 2620 2503 2668 et
2575 2620 2762 2668 metet.
2834 2610 3224 2683 Unusquisque
3302 2622 3469 2683 prout

1886 2701 2184 2758 destinavit
2225 2705 2282 2759 in
2317 2702 2489 2759 corde
2529 2720 2650 2767 suo,
2704 2718 2816 2760 non
2858 2720 2925 2760 ex
2979 2704 3228 2771 tristitia,
3260 2711 3355 2758 aut
3400 2720 3465 2760 es

1887 2794 2237 2849 necessitate.
2298 2792 2538 2849 Hilarem
2575 2794 2724 2851 enim
2776 2795 3029 2851 datorem
3064 2794 3247 2863 diligit
3299 2793 3464 2850 Deus.

1885 2883 2114 2940 Omnem
2146 2884 2532 2941 sufﬁcientiam
2568 2886 2859 2952 habentes,
2889 2887 3189 2943 abundetis
3217 2888 3271 2941 in
3304 2902 3467 2942 omne

1883 2991 2025 3046 opus
2053 2976 2280 3042 bonum,
2328 2977 2474 3033 sicut
2502 2979 2773 3050 scriptum
2806 2987 2891 3035 est
2929 2997 2941 3034 :
2989 2978 3283 3051 Disperstt,
3316 2979 3464 3036 dedit

1884 3066 2240 3136 pauperibus,
2286 3086 2305 3119 ι
2335 3075 2444 3123 etc.
3356 3064 3359 3067 ’

1958 3156 2137 3213 ϐαίαι.
2187 3174 2259 3222 ιι,
2316 3159 2404 3214 10.
2441 3188 2512 3200 -—
2547 3179 2565 3211 ι
2622 3158 2933 3233 Pauperum
2973 3169 3032 3216 ut
3078 3176 3353 3218 memores
3385 3163 3462 3218 si-

1885 3262 2030 3303 mus.
2074 3269 2092 3301 ι

1980 3338 2009 3393 1
2048 3339 2184 3394 Tim.
2218 3357 2302 3407 v1,
2338 3342 2427 3408 17,
2460 3342 2548 3398 18.
2587 3372 2659 3383 —
2694 3362 2713 3396 ι
2769 3343 3036 3401 Divitibus
3067 3345 3233 3413 hujus
3278 3347 3460 3403 saeculi

1881 3432 2133 3502 praecipe,
2186 3448 2294 3487 non
2335 3434 2569 3490 sublime
2612 3450 2825 3507 sapere,
2862 3451 2964 3490 nec
3004 3451 3227 3507 sperare
3285 3438 3340 3493 in
3372 3440 3458 3493 in-

1881 3531 2032 3576 certo
2075 3522 2423 3589 divitiarum,
2471 3524 2567 3581 sed
2595 3526 2650 3579 in
2710 3525 2823 3581 Deo
2871 3526 2968 3595 qui
3023 3535 3249 3597 praestat
3299 3526 3459 3584 nobis

1879 3614 2062 3667 omnia
2095 3613 2312 3669 abunde
2359 3615 2426 3671 ad
2475 3614 2795 3683 fruendum,
2847 3617 2990 3673 bene
3034 3633 3219 3689 agere,
3260 3619 3466 3675 divites.

1881 3705 1996 3761 ﬁeri
2028 3707 2082 3761 in
2125 3708 2386 3777 operibus
2439 3709 2622 3775 bonis,
2660 3708 2822 3765 facile
2879 3710 3149 3774 tribuere,
3183 3711 3459 3767 thesauri-

1879 3812 2006 3853 zare
2031 3799 2135 3854 sibi
2170 3798 2585 3855 fundamentum
2631 3802 2834 3857 bonum
2866 3802 2922 3857 in
2956 3802 3225 3858 futurum.
3272 3823 3292 3856 ι

1949 3887 2012 3943 II
2047 3889 2229 3945 Thess.
2259 3908 2337 3954 ιιι,
2362 3893 2444 3947 1'5.
2464 3923 2534 3933 —
2558 3912 2576 3945 ι
2614 3892 2744 3961 Vos,
2778 3894 3003 3967 fratres,
3026 3898 3198 3956 nolite
3226 3897 3456 3956 deficere

1876 3979 2300 4037 benefacientes.
2343 4003 2362 4035 ›

1948 4069 2113 4127 Hebr.
2153 4088 2288 4139 xm,
2332 4075 2418 4130 16.
2445 4107 2511 4133 .—
2551 4096 2573 4129 ι
2610 4076 2996 4136 Βειιοιιοειιιίιιι
3023 4089 3079 4137 ει
3106 4081 3452 4139 communio-

1875 4164 1962 4219 nis
1993 4164 2165 4219 nolite
2204 4164 2478 4223 oblivisci.
2539 4167 2768 4225 Talibus
2815 4171 2963 4227 enim
2999 4172 3198 4231 hostiis
3236 4188 3454 4246 prome-

1872 4266 2027 4312 retur
2050 4257 2217 4315 Deus.
2246 4277 2265 4311 ι

1938 4348 2062 4404 Jac.
2106 4366 2181 4416 ιι,
2213 4351 2302 4407 15.
2336 4381 2404 4393 —
2443 4372 2461 4405 ι
2503 4352 2892 4426 Superexaltat
2923 4358 3314 4415 misericordia
3358 4357 3450 4430 ju-

1868 4439 2096 4496 dicium.
2131 4461 2149 4494 ι

1941 4530 2028 4586 Ea:
2078 4532 2323 4588 doctrina
2368 4535 2536 4591 Petri.
2565 4567 2634 4579 —
2664 4537 2827 4595 Dives
2867 4549 2953 4597 est
3002 4540 3097 4612 qui
3143 4541 3445 4597 multorum

1872 4625 2181 4691 miseretur,
2219 4633 2273 4681 et
2301 4627 2395 4696 qui
2440 4626 2611 4684 Deum
2663 4629 2951 4695 imitando,
2995 4647 3061 4688 ex
3107 4632 3176 4687 iis
3201 4648 3323 4703 quas
3352 4633 3447 4689 ha-

1870 4716 1981 4783 bet,
2018 4718 2281 4787 impcrtit.
2318 4719 2461 4777 Deus
2505 4721 2653 4776 enim
2683 4736 2775 4777 res
2819 4736 2849 4775 a
2881 4737 2940 4779 se
2974 4724 3225 4781 conditas
3270 4726 3449 4780 omni-

1871 4813 2033 4867 mode
2085 4814 2247 4870 nobis
2295 4814 2605 4870 distribuit.
2662 4815 2937 4881 Quocirca
2990 4818 3097 4873 hoc
3145 4819 3445 4882 noveritis,

1869 4904 1964 4973 qui
2004 4904 2202 4959 divites
2249 4906 2402 4970 estis,
2453 4906 2652 4963 debere
2690 4925 2788 4965 vos
2828 4911 3141 4967 ministrare
3181 4920 3282 4966 :ct
3320 4928 3444 4966 cum

1869 4996 2023 5064 plura
2052 5013 2174 5065 qua:
2218 5013 2359 5067 opus
2414 5009 2545 5054 sunt
2601 5002 2780 5068 vobis,
2838 5004 3185 5073 acceperitis,
3242 5001 3446 5059 discite

1869 5086 2088 5141 tandem
2120 5087 2244 5142 aliis
2274 5103 2336 5141 ea
2385 5088 2579 5144 deesse
2626 5107 2749 5160 qua:
2784 5093 2942 5148 vobis
2984 5090 3259 5163 superﬂua
3288 5099 3441 5147 sunt.-

3140 5197 3205 5236 ac
3284 5197 3443 5236 1181110

1938 5352 1997 5408 S.
2030 5354 2201 5410 Basil.
2231 5358 2287 5410 in
2314 5355 2449 5409 iltud
2474 5373 2493 5411 :
2527 5376 2546 5409 ι
2589 5357 2881 5413 Destruam
2916 5360 3110 5416 horrea
3137 5376 3275 5417 mea.
3316 5382 3334 5414 ι
3370 5393 3442 5404 —-

1867 5446 2089 5503 imitare
2135 5457 2356 5515 terram,
2408 5464 2441 5504 o
2485 5449 2684 5517 homo;
2722 5451 2808 5505 fac
2840 5452 3026 5523 fruges
3059 5454 3206 5509 feras
3236 5456 3436 5510 ut’illa.

1864 5536 1941 5592 Ne
1998 5554 2027 5593 e
2074 5540 2384 5596 leteriorem
2422 5556 2487 5597 ea
2530 5544 2780 5611 praebeas
2836 5560 2961 5615 quae
2991 5545 3190 5601 animae
3224 5555 3313 5602 est
3340 5564 3438 5602 ex-

1865 5646 2011 5699 pers.
2060 5629 2150 5684 Illa
2197 5647 2345 5687 enim
2385 5632 2622 5699 fructus,
2677 5650 2789 5690 non
2832 5636 3034 5705 quibus
3083 5644 3290 5704 utatur,
3342 5642 3437 5695 sed

1867 5722 1931 5775 :ul
1970 5722 2342 5780 ministerium
2390 5736 2542 5781 tuum
2576 5722 2758 5784 aluit":
2796 5738 2855 5783 tu
2898 5744 3029 5785 vero
3072 5747 3236 5801 quem
3269 5733 3438 5787 benc-

1870 5817 2098 5874 tircntia:
2132 5818 2370 5876 fructum
2402 5819 2662 5889 edideris,
2712 5821 2860 5878 hunc
2891 5822 2992 5878 tibi
3025 5824 3128 5895 ipsi
3152 5826 3425 5881 cumulas.
