4206 6442
749 397 769 458 Ῑ
788 398 883 460 ἑὸ3

1935 404 1995 461 S.
2028 404 2350 463 JOANNIS
2391 406 2823 467 DAMASCENI

3889 410 4017 475 1464

742 510 1012 576 Quoniam
1065 511 1332 564 bonorum
1383 527 1612 580 operum
1658 513 1849 581 gratiee
1898 515 1965 568 ad
2027 515 2317 581 largitores

2438 520 2874 589 ιναστρέφουσιν.
2903 520 3148 584 Ἐδωκας
3172 521 3249 590 τῷ
3268 521 3543 586 πεινῶντι,
3565 523 3658 576 καὶ
3691 523 3784 575 σὺν
3813 525 4017 592 γίνεται

743 604 995 657 redeunt.
1031 602 1232 656 Dedisti
1265 604 1556 666 esurienti,
1597 603 1843 673 illudque
1875 616 2028 660 tuum
2062 607 2318 670 cﬂicitur,

744 695 810 749 ad
863 704 917 750 te
961 712 1086 749 cum
1135 695 1326 749 fenore
1373 697 1611 751 rediens.
1657 695 1728 752 Ut
1778 698 1926 752 enim
1981 699 2318 754 frumentum

747 786 799 839 in
855 798 1061 840 terram
1103 787 1313 856 lapsum
1347 788 1394 840 ei
1429 806 1457 842 a
1491 805 1602 852 quo
1649 791 1957 858 projectum
1991 801 2074 846 cst
2106 792 2322 845 etnolu-

745 888 987 931 mentum
1037 879 1214 941 affert,
1246 881 1436 934 eodem
1485 882 1651 934 modo
1686 883 1842 952 panis
1893 885 1944 935 in
1987 886 2319 938 esurientem

743 969 1011 1036 dejectus,
1049 971 1270 1025 uberem
1301 972 1356 1024 in
1400 982 1684 1042 posterum
1735 974 2034 1027 utilitatem
2077 983 2319 1043 praestat.

744 1063 818 1114 Ac
854 1061 1083 1130 proinde
1118 1062 1185 1114 da
1211 1076 1436 1130 operam
1485 1072 1544 1117 ut
1572 1063 1924 1132 agriculturae
1956 1062 2118 1127 ﬁnis,
2155 1079 2324 1135 egen-

745 1155 894 1209 tibus
938 1154 1426 1217 comnmnicando,
1475 1155 1549 1210 sit
1601 1155 1696 1210 tibi
1749 1155 1995 1212 emlestis
2055 1157 2325 1212 sementis

745 1246 982 1298 initium.
1028 1244 1297 1299 Semiualc
1333 1245 1478 1299 enim
1520 1244 1686 1308 vobis,
1711 1246 1888 1316 inquit
1919 1247 2033 1311 ille,
2073 1249 2143 1302 ad
2165 1249 2346 1326 justi:

747 1338 879 1390 (iam
905 1337 1062 1403 (Osee
1107 1355 1164 1400 ι,
1198 1338 1312 1407 12).
1344 1337 1458 1391 Cur
1485 1353 1619 1405 ergo
1649 1339 1833 1392 animo
1863 1338 2093 1394 delicis?
2116 1356 2216 1394 cur
2245 1355 2326 1394 te-

746 1429 924 1497 ipsum
966 1429 1173 1495 tundis,
1204 1429 1332 1483 dum
1365 1444 1497 1496 opes
1533 1430 1649 1483 luto
1671 1439 1726 1483 et
1751 1430 2016 1486 lateribus
2047 1432 2328 1486 includere

747 1519 974 1574 studes?
1021 1519 1211 1573 Melius
1258 1530 1338 1573 est
1391 1537 1579 1574 nomen
1639 1521 1863 1586 bonum,
1914 1539 2073 1593 quam
2123 1524 2326 1579 divitia

746 1615 930 1664 multis
957 1610 1142 1681 (Prov.
1174 1628 1286 1666 χιιι
1307 1653 1322 1672 .
1352 1613 1426 1681 1).
1457 1613 1616 1677 Quod
1654 1615 1700 1669 si
1740 1616 2003 1682 pecunias
2033 1615 2104 1669 ob
2135 1630 2324 1671 earum

747 1703 982 1770 pretium
1030 1701 1201 1774 476
1230 1703 1495 1773 suspicis,
1557 1706 1686 1761 vide
1731 1716 1938 1776 quanto
1967 1696 2037 1761 ad
2095 1709 2325 1777 gloriam

746 1781 940 1846 utilius
967 1793 1042 1846 sit
1083 1801 1469 1849 sescentorum
1509 1795 1748 1850 filiorum
1786 1805 1996 1867 patrem
2038 1799 2323 1869 appellari,

2426 611 2489 664 τὸ
2520 611 2676 664 δοθὲν
2713 613 2851 682 μετὰ
2889 612 3212 684 προσθήκης
3244 614 3563 667 ὲπανελθόν.
3614 615 3829 684 Ὥσπερ
3860 617 3969 685 γὰρ
3994 619 4020 670 ὁ

2430 705 2577 756 σῖτος
2605 703 2790 756 πεσὼν
2832 706 2913 768 είς
2945 705 3046 776 τὴν
3073 706 3200 776 γῆν,
3235 705 3425 777 κέρδος
3476 706 3557 777 τῷ
3589 708 3904 778 προιεμένῳ
3935 709 4019 775 γε-

2429 813 2600 861 νεται,
2622 796 2792 860 οὕτως
2835 800 2866 851 ὁ
2897 799 3060 868 ἄρτος
3087 801 3168 862 είς
3202 799 3295 853 τὴν
3326 799 3601 853 πεινῶντα
3630 799 4020 869 καταϐληθεὶς,

2430 887 2700 957 πολύχουν
2729 889 2830 958 τὴν
2851 888 3124 957 ὠφέλειαν
3139 890 3220 952 εἱς
3243 888 3470 959 ὕστερον
3488 887 3831 943 ἀναδίδωσιν.
3842 890 4024 942 Ἔστω

2431 977 2525 1034 οὖν
2558 999 2639 1034 σοι
2667 981 2728 1034 τὸ
2753 981 2931 1053 πέρας
2949 983 3052 1051 τῆς
3077 983 3356 1052 γεωργίας
3374 981 3464 1036 διὰ
3489 983 3590 1052 τῆς
3620 982 3730 1035 τῶν
3750 981 4024 1052 δεομένων

2436 1067 2790 1140 μεταλήψεως
2823 1067 2967 1141 ἀρχὴ
2993 1071 3095 1140 τῆς
3112 1069 3436 1139 ἐπουρανίου
3472 1071 3702 1140 σπορᾶς.
3735 1070 4026 1139 Σπειρατε

2432 1161 2541 1232 γὰρ
2568 1161 2827 1226 ἑαυτοῖς,
2861 1160 3048 1232 φησὶν,
3075 1162 3164 1226 εις
3194 1160 3614 1229 δικαιοσύνην.
3677 1162 3744 1215 Τί
3768 1157 3866 1215 οὖν
3896 1162 4024 1228 ἀδη-

2437 1256 2652 1322 μονεῖς;
2684 1252 2737 1305 τί
2777 1252 3292 1329 κόπτειςνσεαυτδν,
3320 1252 3480 1324 πηλῷ
3507 1255 3602 1306 καὶ
3649 1253 3896 1316 πλίνθοις
3937 1255 4024 1305 τὸν

2434 1342 2663 1396 πλοῦτον
2691 1343 3016 1398 ἀποκλεῖσαι
3058 1343 3418 1413 φιλονεικῶν;
3483 1343 3785 1414 Κρεῖσσον
3839 1344 4025 1412 ὄνομα

2435 1437 2630 1491 καλὸν
2661 1435 2815 1505 ὑπὲρ
2839 1436 3114 1491 πλοῦτον
3160 1439 3384 1491 πολύν.
3418 1437 3482 1489 Εἰ
3525 1437 3582 1490 δὲ
3626 1435 3932 1506 θαυμάζεις
3959 1438 4026 1490 τὰ

2435 1531 2699 1602 χρήματα
2735 1529 2824 1582 διὰ
2854 1528 2956 1600 τὴν
2988 1529 3172 1583 αὐτῶν
3213 1530 3403 1600 τιμὴν,
3451 1528 3647 1584 σκόπει
3690 1531 3862 1584 πόσον
3892 1530 4027 1601 πρὸς

2433 1619 2592 1684 δόξαν
2619 1619 3058 1690 λυσιτελέστερον
3104 1619 3317 1690 μυρίων
3347 1620 3554 1674 παίδων
3583 1621 3802 1691 πατέρα
3853 1639 4025 1690 προσ·

2435 1713 2872 1786 αγορεύεσθαι,ἢ
2907 1715 3139 1788 μυρίους
3166 1713 3442 1784 στατῆρας
3473 1713 3617 1784 ἔχειν
3640 1715 3701 1767 ἐν
3729 1714 4022 1786 βαλαντίῳ.

2435 1808 2519 1860 Τὰ
2548 1808 2647 1877 μὲν
2706 1808 2817 1880 γὰρ
2847 1810 3108 1880 χρήματα
3138 1811 3490 1881 καταλείψεις
3542 1812 3779 1866 ἐνταῦθα
3824 1815 3922 1867 καὶ
3955 1814 4028 1882 μὴ

745 1898 910 1953 quam
935 1893 1228 1938 sexcentos
1255 1893 1494 1941 stateres
1521 1887 1574 1941 in
1607 1903 1867 1942 crumena
1892 1888 2117 1943 habere.
2150 1888 2329 1944 Pecu-

2438 1897 2778 1970 βουλόμενος,
2811 1900 2911 1972 τὴν
2945 1902 3002 1955 δὲ
3033 1903 3126 1956 ἐπὶ
3171 1905 3286 1968 τοῖς
3313 1903 3542 1972 ἀγαθοῖς
3599 1903 3786 1976 ἔργοις
3820 1906 4029 1975 φιλοτι-

747 1977 870 2031 nias
900 1975 1171 2046 siquidem
1215 1979 1419 2034 invitus
1457 1981 1622 2033 etiam
1670 1980 1760 2034 hic
1787 1980 2088 2034 relicturus
2129 1995 2189 2036 es
2222 1998 2237 2033 :
2270 1990 2329 2035 at

747 2066 970 2122 laudem
1007 2083 1082 2147 ex.
1109 2070 1271 2125 bonis
1321 2072 1581 2140 omribtis
1615 2073 1902 2129 collectam
1934 2073 2002 2128 ad
2033 2073 2328 2127 Dominum

750 2159 1008 2217 deferes:
1052 2177 1179 2216 cum
1213 2163 1473 2219 nimirum
1506 2166 1715 2236 ingenti
1751 2167 1914 2221 turba
1964 2181 2152 2222 coram
2180 2181 2332 2221 com-

749 2255 902 2307 nmni
943 2251 1131 2322 judice
1164 2254 1562 2323 circumfusus,
1612 2259 1681 2313 ab
1714 2259 1817 2325 eis,
1867 2268 1924 2314 et
1974 2261 2238 2326 nutritor,
2277 2272 2333 2318 et

750 2341 1090 2410 benefuCtor,
1114 2358 1170 2403 et
1203 2349 1402 2419 quovis
1434 2350 1655 2405 tandem
1685 2353 1793 2407 alio
1822 2353 2192 2413 humanitatis
2228 2374 2328 2414 no-

749 2437 900 2490 mine
934 2436 1316 2508 appcllaberis.
1356 2441 1500 2498 Deus
1539 2443 1800 2500 virtutem
1851 2454 2002 2502 tuam
2055 2451 2330 2520 probabit.

752 2525 1059 2585 laudabunt
1107 2533 1325 2602 angeli;
1378 2534 1630 2591 homines
1679 2553 1894 2601 omnes.
1944 2543 2039 2608 qui
2083 2547 2155 2599 ab
2205 2548 2338 2600 orbe

2441 1993 2569 2064 μίαν
2601 1994 2962 2065 ἀποκομίσεις
3011 1995 3148 2068 πρὸς
3197 1996 3290 2050 τὸν
3316 1997 3636 2070 Δεσπότην,
3679 1999 3812 2053 ὅταν
3858 1999 4030 2069 δῆμος

2436 2088 2556 2152 ὅλος
2584 2088 2677 2141 ἐπὶ
2691 2088 2785 2142 τοῦ
2813 2089 2997 2143 κοινοῦ
3021 2092 3211 2161 κριτοῦ
3235 2093 3595 2162 περιστάντες
3621 2110 3680 2146 σε
3706 2094 3918 2164 τροφέα
3937 2094 4031 2146 καὶ

2437 2180 2752 2250 εὐεργέτην,
2784 2183 2877 2235 καὶ
2907 2182 3085 2236 πάντα
3115 2182 3186 2236 τὰ
3236 2186 3336 2252 τῆς
3362 2184 3780 2256 φιλανθρωπίας
3813 2187 4030 2238 ἀποκα-

2437 2269 2604 2323 λῶσιν
2629 2270 2888 2340 ὀνόματα.
2917 2272 3050 2335 Θεός
3089 2274 3296 2334 ἐστιν,ὁ
3330 2275 3731 2346 ἀποδεχόμενος
3759 2293 3773 2307 '
3808 2276 4030 2345 ἄγγελοι

2436 2362 2835 2433 εὐφημοῦντες,
2867 2366 2917 2418 of
2967 2365 3075 2420 ἀπὸ
3123 2367 3356 2432 κτίσεως
3385 2369 3666 2439 ἅνθρωποι
3695 2369 4030 2440 μακαρεζον-

2439 2471 2552 2517 τες·
2579 2454 2708 2520 δόξα
2733 2455 2984 2523 αἰώνιος,
3041 2460 3300 2528 στέφανοι
3351 2463 3725 2535 δικαιοσύνης,
3783 2464 4034 2534 βασιλεία

2443 2546 2554 2599 τῶν
2582 2547 2831 2616 οὐρανῶν
2853 2542 2994 2604 ἆθλά
3019 2565 3104 2603 σοι
3137 2550 3314 2605 ἔσται.

749 2623 980 2676 condito
1039 2625 1409 2691 exstiterunt,
1476 2629 1697 2686 beatum
1771 2640 1824 2686 te
1898 2635 2285 2704 praedicabunt
2325 2637 2542 2709 :gloria
2591 2641 2954 2710 sempiterna,
3018 2657 3224 2700 corona
3302 2645 3552 2716 iustitia,
3608 2647 3876 2702 caelorum
3945 2663 4033 2702 re.

749 2729 916 2782 gnum
943 2715 997 2770 in
1035 2719 1314 2783 prmminm
1352 2721 1450 2776 tibi
1487 2737 1714 2780 cessura
1749 2735 1902 2781 sunt.

822 2802 882 2855 S.
899 2801 1073 2858 Basil.
1093 2805 1456 2864 ibid.—Putei
1501 2827 1624 2866 cum
1650 2813 2077 2884 exhauriuntur,
2102 2822 2332 2879 uberius

2508 2825 2593 2880 Τὰ
2614 2827 2827 2898 φρέατα
2853 2827 3279 2906 ὲξαντλούμενα,
3327 2829 3641 2902 εὐροὼτερα
3675 2833 3918 2900 γίνεται·
3946 2836 4032 2888 ὲν-

751 2893 966 2958 ﬁuunt;
1016 2897 1145 2951 dum
1181 2910 1366 2955 autem
1411 2904 1793 2975 negliguntur,
1822 2921 2174 2978 putrescunt.
2231 2917 2334 2970 Eo-

2439 2893 2712 2994 αφιέμενα
2739 2923 2796 2977 δὲ
2824 2893 3226 2997 κατασήπεται,
3261 2893 3357 2981 καὶ
3391 2893 3646 2991 πλούτου,
3768 2926 3886 2996 μὲν·
3909 2926 4034 2979 στά-

751 2987 876 3040 dem
914 2987 1077 3043 modo
1120 2991 1350 3047 Stabiles
1389 3011 1614 3064 quoque
1653 2999 1862 3056 divitiae
1893 3003 2116 3064 inutiles
2149 3010 2285 3064 liunt
2319 3030 2334 3065 :

2442 2987 2602 3085 σι’μον
2633 3015 2928 3085 ἄχρηστον,
2958 2987 3109 3070 τὸ’δὲ
3140 2987 3463 3087 κινούμενόν
3487 3037 3547 3072 τε
3579 2987 3677 3072 καὶ
3708 2987 4034 3089 μεταϐαῖνον

753 3095 874 3148 qua:
902 3095 1032 3134 vero
1064 3091 1358 3138 moventur
1391 3095 1446 3140 et
1477 3089 1588 3144 alio
1635 3093 1897 3162 migrant,
1933 3098 1986 3152 in
2039 3114 2334 3159 commune

2441 3107 2768 3174 κοινωφελὲς
2810 3108 2904 3160 καὶ
2932 3107 3231 3177 εὔκαρπον.
3261 3110 3360 3173 Δὸς
3410 3108 3570 3180 χάριν
3621 3110 3700 3179 τῷ
3731 3109 4029 3181 εὐεργέτῃ,

753 3168 1070 3224 conducunt
1125 3181 1179 3226 et
1225 3172 1530 3231 fructiferae
1584 3192 1738 3238 sunt.
1795 3185 2020 3245 Gratias
2087 3206 2186 3262 age
2224 3196 2334 3250 Deo

2440 3199 2521 3251 ὅτι
2544 3168 2667 3268 οὐχὶ¹
2695 3168 2861 3262 αὐτὸς
2889 3168 3119 3268 διοχλείς
3158 3168 3589 3270 θύρας-ἐτέρων,
3636 3168 3771 3255 ἀλλὰ
3938 3168 4033 3263 οἷς

753 3261 900 3326 quod
937 3257 993 3312 tu
1027 3260 1171 3316 fores
1197 3264 1429 3319 aliorum
1475 3285 1582 3324 non
1614 3275 1821 3340 pulses,
1854 3281 1947 3334 sed
1982 3281 2048 3333 ad
2079 3257 2200 3337 tu'as
2241 3286 2333 3339 alii

2442 3290 2592 3344 ἄλλοι
2619 3291 3148 3360 καταλαμϐάνουσιν.

742 3365 814 3430 se
845 3351 1154 3408 conferant.

825 3442 1017 3513 Ejusd.
1049 3450 1231 3506 homil.
1264 3454 1333 3506 ad
1356 3456 1560 3512 divites.
1584 3489 1650 3497 —-
1678 3457 1910 3531 Pauperi
1945 3464 2101 3524 dives
2131 3469 2336 3526 fenera.

755 3535 1039 3593 Concrede
1073 3539 1207 3609 Deo,
1256 3547 1351 3615 qui
1398 3547 1666 3617 beneficia
1712 3554 1801 3607 illa
1856 3573 1983 3626 qua:
2026 3559 2080 3613 in
2115 3579 2341 3633 oppres-

758 3641 880 3681 sum
909 3630 1298 3700 conferuntur,
1324 3640 1474 3694 velut
1501 3641 1557 3698 in
1599 3645 1843 3714 seipsum
1881 3651 2078 3704 collata
2118 3630 2338 3725 accipit,

757 3727 926 3788 atque
948 3723 1065 3792 ipse
1094 3728 1324 3796 gratiam
1355 3735 1630 3800 rependit.
1675 3734 1952 3809 Locuples
1974 3754 2059 3798 est
2082 3723 2338 3814 sponsor,

756 3811 849 3879 qui
886 3813 1091 3884 ubique
1151 3825 1422 3875 terrarum
1467 3840 1531 3880 ac
1592 3829 1825 3884 marium
1889 3811 2168 3903 expansos
2221 3840 2341 3894 the-

757 3919 956 3960 sauros
991 3909 1210 3965 habeat.

829 3995 971 4052 Ibid.
1005 4029 1073 4040 --
1101 4005 1332 4071 Divitiis,
1377 4025 1488 4076 quo
1542 4023 1702 4080 pacto
1742 4014 2006 4074 Dominus
2055 4022 2373 4092 praecipit”

758 4087 1040 4159 dispersa,
1108 4111 1431 4164 permanere
1481 4105 1660 4160 solent
1713 4125 1728 4163 :
1783 4117 2012 4165 retenta;
2058 4125 2239 4169 autem
2287 4127 2342 4171 rt

759 4183 1012 4239 coercita;
1062 4189 1401 4247 alienantur.
1445 4195 1501 4248 Si
1543 4212 1638 4252 eas
1697 4202 2017 4274 custodias,
2050 4205 2166 4275 jam
2233 4225 2338 4262 non

760 4274 932 4328 habes
973 4295 986 4330 :
1025 4279 1070 4331 si
1121 4295 1372 4352 spargas,
1423 4303 1530 4341 non
1564 4293 1808 4346 amittes.
1846 4274 2140 4365 Dispersil,
2197 4301 2340 4354 dedit

757 4366 1078 4432 pauperibus
1103 4385 1122 4423 :
1137 4370 1360 4438 ⁸ᾔιιιιιίιὶα
1387 4376 1504 4444 ejus
1542 4391 1722 4435 manet
1770 4384 1826 4438 in
1865 4388 2119 4441 naculum
2155 4393 2341 4445 saeculi

760 4453 937 4520 (Psal.
960 4456 1164 4526 cxt,9).

828 4545 971 4601 Ibid.
1005 4581 1074 4591 —
1132 4549 1195 4608 In
1251 4555 1515 4614 nundinis
1561 4576 1722 4616 nemo
1766 4545 1996 4619 moleste
2035 4565 2158 4629 fert.
2207 4567 2337 4623 dum

761 4654 883 4709 qua:
922 4642 979 4696 in
1029 4646 1282 4703 manibus
1323 4657 1454 4702 sunt
1509 4651 1679 4717 veluti
1739 4655 1980 4724 proiicit,
2035 4669 2090 4711 et
2143 4676 2332 4714 earnm

766 4731 890 4786 loco
916 4748 980 4787 ea
1023 4736 1128 4789 sibi
1164 4747 1444 4807 comparat
1493 4742 1697 4810 quibus
1727 4759 1867 4814 opus
1908 4747 2070 4802 habet
2105 4772 2116 4804 ;
2153 4767 2340 4806 verum

769 4841 880 4893 quo
911 4827 1113 4882 minori
1148 4830 1323 4898 pretio
1361 4846 1423 4885 ea
1461 4848 1584 4902 quae
1610 4837 1792 4905 magni
1829 4839 2089 4905 aestimat,
2126 4829 2338 4908 emerit,

760 4930 827 4969 eo
883 4916 1090 4984 niajore
1153 4920 1431 4989 voluptate
1480 4921 1737 4989 amcitnr,
1787 4937 2046 4998 tauquam
2094 4934 2344 4991 videlicet

761 5007 1029 5074 praeclara
1060 5009 1166 5064 sibi
1202 5013 1497 5080 negotiatio
1534 5016 1838 5073 exstiterit.
1888 5020 1967 5074 Tu
2001 5036 2133 5077 vero
2171 5026 2343 5081 mole-

761 5097 923 5150 stiam
958 5099 1233 5169 concipis,
1273 5117 1398 5156 cum
1428 5117 1624 5158 aurum
1670 5115 1724 5161 et
1771 5120 2084 5180 argenturm,
2123 5116 2228 5172 hoc
2255 5128 2338 5174 est

761 5188 1044 5256 pulverem
1079 5193 1310 5259 praabes,
1345 5203 1405 5246 ut
1435 5195 1649 5249 beatam
1686 5202 1855 5255 vitam
1888 5206 2170 5274 acquiras.

831 5275 974 5330 Ibid.
1009 5306 1078 5318 —-
1111 5278 1298 5336 Funus
1334 5290 1488 5336 tuum
1523 5300 1809 5353 praverte.
1856 5293 2129 5349 Eximium
2173 5300 2341 5356 funus

763 5378 846 5423 est
874 5372 1069 5438 pietas.
1129 5372 1222 5426 Sic
1261 5374 1518 5438 abscede,
1566 5391 1625 5431 ut
1659 5382 1846 5436 omnia
1890 5393 2073 5440 tecum
2115 5389 2336 5446 efferas.

702 5475 709 5482 ·
763 5459 874 5512 Fac
905 5468 963 5513 ut
991 5476 1124 5532 opes
1167 5471 1274 5518 tua:
1321 5466 1418 5520 tibi
1461 5481 1791 5528 ornamento
1825 5475 1952 5531 sint.
2016 5479 2124 5534 Eas
2157 5491 2339 5537 tecum

764 5551 924 5605 habe.
965 5551 1114 5607 Bono
1163 5557 1508 5624 consiliario,
1567 5563 1671 5617 hoc
1731 5574 1816 5619 est
1874 5566 2118 5633 Christo,
2181 5573 2340 5629 ﬁdem

764 5645 1151 5712 accommoda;
1179 5650 1272 5719 qui
1297 5648 1490 5704 dilexit
1529 5662 1602 5719 te,
1632 5665 1687 5710 et
1713 5667 1904 5714 nostra
1933 5677 2097 5717 causa
2137 5681 2342 5734 egenus

763 5734 941 5792 iactus
957 5745 1059 5803 est,
1091 5745 1150 5790 ut
1174 5738 1350 5809 ipsius
1376 5751 1620 5812 egestate
1649 5746 2052 5810 ditesceremus
2086 5756 2175 5826 (11
2208 5760 2332 5814 Cor.

2973 3373 2994 3402 φ

2514 3473 2773 3526 Δάνεισον
2799 3475 2829 3526 ὀ
2857 3473 3114 3537 πλούσιος
3137 3474 3216 3544 τῷ
3245 3475 3458 3544 ἀπόρῳ.
3493 3471 3614 3543 Θεῷ
3643 3475 3938 3527 πίστευσον
3960 3472 4035 3542 τῷ

2445 3563 2533 3615 ἀεὶ
2565 3565 2646 3626 είς
2669 3565 2964 3633 πρόσωπον
2991 3565 3122 3618 ἴδιον
3160 3565 3300 3636 ὑπὲρ
3331 3565 3432 3619 τοῦ
3471 3564 3794 3636 θλιϐομένου
3820 3565 4033 3635 λαμϐά-

2442 3672 2610 3717 νοντι,
2633 3655 2725 3709 καὶ
2753 3655 2965 3709 οἴκοθεν
3006 3657 3309 3711 ἀποδιδόντι
3343 3658 3442 3728 τὴν
3465 3655 3648 3728 χάριν.
3698 3656 4033 3722 Ἀξιόπιστος

2443 3746 2738 3816 ἐγγυητὴς,
2782 3747 3057 3816 πανταχοῦ
3095 3749 3202 3818 γῆς
3227 3749 3322 3802 καὶ
3359 3747 3638 3818 θαλάσσης
3675 3747 4033 3819 ήπλωμένους

2444 3841 2582 3910 ἔχων
2606 3841 2732 3904 τοὺς
2765 3839 3098 3911 θησαυρούς.

2516 4029 2949 4101 Σκορπιζόμενος
2972 4031 3001 4082 ὁ
3042 4030 3292 4095 πλοῦτος,
3321 4031 3445 4084 καθ’
3474 4031 3533 4084 ὃν
3563 4032 3591 4085 ὁ
3621 4031 3825 4099 Κύριος
3853 4029 4031 4085 {mati-

2444 4122 2595 4176 Oant
2620 4123 2823 4194 τρόπον
2841 4165 2857 4190 ,
2893 4124 3108 4190 πέφυκε
3137 4127 3487 4194 παραμένειν
3507 4140 3521 4155 ·
3568 4124 3932 4193 συνεχόμενος
3957 4123 4030 4183 δὲ,

2445 4216 2845 4284 ἀλλοτριοῦται.
2893 4217 3020 4271 Ἐὰν
3050 4215 3354 4288 φυλάσσῃς,
3387 4218 3492 4271 οὐκ
3518 4215 3664 4287 ἕχεις
3692 4234 3708 4248 ·
3735 4218 3836 4270 ἐὰν
3873 4235 4032 4286 σκορ-

2445 4310 2750 4380 πίςῃ;,οὐκ
2787 4309 3097 4374 ἀπολέσεις.
3162 4312 3610 4378 Ἐσκόρπισεν,
3666 4310 3860 4364 ἔδωκε
3913 4313 4034 4375 τοῖς

2444 4402 2727 4468 πένησιν,
2753 4404 2792 4470 ὴ
2813 4402 3171 4471 δικαιοσύνη
3207 4403 3394 4458 αὐτοῦ
3411 4404 3582 4474 μένει
3606 4407 3696 4470 εις
3720 4407 3829 4458 τὸν
3850 4405 4034 4458 abin-ct

2442 4491 2548 4544 τοῦ
2575 4491 2809 4558 αἰῶνος.

2528 4586 2615 4637 Ἐν
2650 4585 2956 4658 πανηγύρει
2983 4586 3157 4650 οὐδεὶς
3195 4587 3444 4641 λυπεῖται
3479 4589 3804 4658 προῖέμενος
3831 4590 3901 4642 τὰ
3931 4607 4030 4641 πα-

2444 4674 2623 4742 ρόντα,
2652 4675 2745 4727 καὶ
2776 4676 3176 4746 ἁντικτὼμενος
3208 4675 3278 4729 τὰ
3307 4675 3518 4736 δέοντα,
3549 4677 3664 4729 ἀλλ’
3694 4678 3923 4748 ὅσῳπερ
3972 4678 4031 4730 ἂν

2442 4766 2725 4831 ἐλάττονος
2776 4767 2945 4838 τιμῆς
2977 4768 3047 4820 τὰ
3084 4767 3429 4838 πολυτίμητα
3478 4769 3730 4838 πρίηται,
3789 4770 4031 4838 τοσούτῳ

2442 4858 2646 4928 χαίρει,
2679 4858 2754 4920 ὡς
2780 4857 3041 4928 λαμπροῦ
3081 4859 3248 4912 αὐτοῦ
3278 4859 3373 4912 τοῦ
3402 4860 3861 4930 συναλλάγματος
3891 4879 4032 4930 γενου

2446 4947 2632 5015 μένου.
2665 4940 2739 5000 Σῦ
2763 4947 2820 5000 δὲ
2841 4950 2986 5018 λυπῇ
3015 4949 3239 5018 χρυσίον
3257 4952 3349 5003 καὶ
3365 4951 3627 5021 ἀργύριον
3649 4951 3853 5018 διδοὺς,
3877 4970 4031 5006 τουτ-

2445 5038 2558 5088 έστι
2590 5036 2718 5106 χοῦν
2768 5039 3168 5109 παρεχόμενος,
3220 5040 3307 5092 ἵνα
3379 5044 3552 5111 κτήσῃ
3600 5042 3703 5112 τὴν
3751 5045 4031 5115 μακαρίαν

2445 5126 2612 5198 ζωὴν.

2516 5307 2814 5375 Προλαϐὼν
2841 5310 3163 5379 ὲνταφίασον
3195 5315 3439 5368 σεαυτόν.
3483 5314 3663 5367 Καλὸν
3701 5315 3960 5384 ἐντάφιον
3995 5317 4022 5383 η

2446 5396 2716 5450 εὐσέϐεια.
2775 5399 2959 5452 Πάντα
3002 5400 3466 5473 περιϐαλλόμενος
3529 5402 3758 5458 ἄπελθε.
3817 5408 4026 5458 υίκεῐον

2450 5490 2654 5559 κόσμον
2681 5489 2771 5542 τὸν
2799 5491 3026 5545 πλοῦτον
3055 5494 3299 5564 ποίησον.
3340 5496 3468 5566 Ἔχε
3499 5497 3666 5550 αὐτὸν
3694 5499 3836 5568 μετᾶ
3871 5516 4024 5551 σεαυ-

2449 5583 2565 5639 τοῦ,
2616 5576 2890 5654 Πείσθητι
2925 5585 3076 5660 καλῷ
3105 5587 3415 5660 συμϐούλῳ,
3446 5590 3522 5660 τῷ
3572 5593 3926 5663 ἀγαπήσαντί
3970 5607 4022 5642 σε

2449 5675 2691 5745 Χριστῷ,
2718 5677 2795 5746 τῷ
2825 5677 2892 5729 δι’
2935 5680 3086 5749 ἡμᾶς
3111 5682 3502 5753 πτωχεύσαειτι,
3537 5686 3625 5738 ἰνα
3675 5684 3774 5756 τὴν
3821 5687 4017 5740 ἐκεί-ιο.

2449 5770 2718 5831 πτωγείαν
2743 5773 3159 5846 πλουτήσωμεν.
