4206 6442
241 410 375 475 1465

1530 412 1771 473 SACBA
1811 412 2275 473 PARALLELA.

3365 403 3501 471 1463

305 523 476 575 Ὅταν
510 521 711 591 πτωχῷ
747 520 1011 591 παρέχειν
1068 520 1265 593 μέλλῃς
1314 519 1405 574 διὰ
1453 521 1545 575 τὸν
1598 521 1794 593 Κύριον

1898 574 1901 579 ,
2001 523 2064 576 S.
2097 522 2268 578 Basil.
2300 522 2440 576 liam.
2474 522 2530 574 in
2572 522 2871 590 fenerat.-
2888 516 3027 573 Cum
3059 525 3279 587 propter
3329 515 3509 569 Domi-

238 613 389 667 τοῦτο
408 615 504 667 καὶ
537 614 710 684 δῶρόν
730 616 868 676 ἐστι,
898 613 993 665 καὶ
1022 613 1290 681 δάνεισμα
1316 628 1329 640 ·
1362 612 1535 682 δῶρον
1570 612 1690 681 μὲν,
1738 613 1828 665 διὰ

231 702 328 774 τὴν
354 703 711 758 ἀνελπιστίαν
736 705 835 773 τῆς
886 702 1240 766 ἀπολαύσεως
1274 717 1286 730 ·
1325 702 1590 772 δάνεισμα
1633 703 1689 756 δὲ
1738 704 1828 757 διὰ

229 794 326 866 τὴν
358 796 778 867 μεγαλοδωρεὰν
805 796 901 849 τοῦ
940 795 1325 859 ἀποτιννύντος
1354 795 1495 866 ὑπὲρ
1526 795 1716 856 αὑτοῦ,
1767 797 1826 861 ὃς

234 890 404 958 μικρὰ
452 888 639 942 λαϐὼν
664 888 750 942 διὰ
779 888 874 943 τοῦ
904 888 1160 960 πένητος,
1218 888 1439 958 μεγάλα
1481 887 1623 959 ὑπὲρ
1657 889 1823 943 αὑτοῦ

226 980 503 1034 ἀποδώσει
533 962 555 1013 ί
588 980 647 1036 Ὅ
678 982 788 1054 γὰρ
816 980 982 1036 ἐλεῶν
1011 980 1249 1053 πτωχὸν,
1279 980 1403 1052 Θεῷ
1421 980 1676 1049 δανείζει,
1720 1000 1825 1053 φη·

228 1068 330 1123 σίν.

299 1243 361 1298 ’0
382 1245 649 1317 χρήματα
693 1245 889 1313 διδοὺς,
928 1248 1301 1321 ἐλεημοσύνην
1330 1253 1474 1305 alni
1520 1251 1671 1323 παρὰ
1725 1251 1820 1306 σοῦ

221 1334 308 1388 διὰ
348 1336 450 1406 τῆς
482 1337 669 1409 χειρὸς
688 1337 799 1391 τῶν
826 1341 1100 1411 πενήτων,
1158 1342 1265 1396 κᾶν
1293 1342 1432 1412 λάϐῃ
1487 1343 1556 1396 τὰ
1601 1342 1817 1407 ἑαυτοῦ,

219 1427 494 1499 ἀκεραίαν
520 1446 604 1483 σοι
632 1430 731 1502 τὴν
756 1431 918 1503 χάριν
960 1431 1036 1496 ὠς
1056 1434 1267 1487 οἰκείαν
1291 1435 1621 1507 ἀποπληροῖ.

288 1624 309 1658 ο
359 1606 420 1660 ’0
445 1608 708 1685 πλούσιος
737 1610 892 1665 οὔπω
921 1611 1165 1684 ζηλωτός
1191 1616 1308 1670 ἔστι
1339 1615 1431 1670 διὰ
1451 1614 1542 1671 τδν
1564 1615 1812 1671 πλοῦτον·

218 1698 319 1769 ούχ
371 1699 706 1774 όπδυνάστης
735 1704 823 1757 διὰ
852 1705 944 1759 τὸν
988 1706 1154 1775 ὄγκον
1180 1708 1277 1761 τοῦ
1310 1708 1643 1778 ἀξιώματος.
1684 1712 1816 1782 ’ορ-

207 1804 354 1857 ¹γανῖι
382 1791 498 1861 γάρ
534 1793 652 1847 ἑστι
684 1792 859 1849 ταῦτα
889 1796 989 1867 τῆς
1014 1797 1210 1870 λοιπῆς
1241 1799 1445 1871 ἀρετῆς
1472 1804 1584 1864 τοίς
1629 1800 1812 1865 καλῶς

1931 629 2061 667 num
2113 614 2343 683 pauperi
2398 611 2588 682 largiri
2622 624 2802 681 paras,
2840 612 2945 665 hoc
2977 608 3142 666 simul
3184 616 3239 662 et
3280 609 3509 670 donum,

1928 716 1981 762 et
2015 706 2175 760 fenus
2224 715 2357 760 est:
2411 705 2642 769 donum,
2700 703 2952 772 inquam,
3020 699 3152 770 quia
3211 698 3507 766 recipiendi

1930 798 2077 852 nulla
2131 812 2259 865 spes
2298 796 2548 865 aiiulget;
2598 795 2758 850 fenus
2803 803 3010 860 autem,
3053 794 3125 847 ob
3166 792 3291 860 ejus
3318 792 3411 860 qui
3446 791 3510 843 il—

1927 886 2035 941 lius
2062 886 2286 941 nomine
2315 885 2616 955 persolvit,
2647 882 3120 950 muniﬁcentiam;
3147 884 3240 953 qui
3260 897 3385 938 eum
3411 897 3508 951 per

1926 991 2220 1047 pauperem
2256 976 2514 1046 exiguum
2548 975 2681 1045 quid
2717 976 3016 1045 acceperit,
3057 974 3298 1044 iugentia
3321 988 3423 1044 pro
3442 989 3510 1030 eo

1924 1069 2207 1139 rependat.
2252 1068 2396 1123 Nam
2455 1068 2549 1139 qui
2626 1069 2919 1125 miseretur
2985 1068 3269 1137 pauperis,
3332 1067 3509 1139 inquit

1924 1159 2037 1224 ille,
2078 1159 2365 1215 feneratur
2394 1158 2627 1215 Domino
2653 1158 2839 1230 (Prov.
2879 1175 2999 1221 ιιι,
3025 1160 3134 1229 17).

1994 1248 2275 1319 Ejusdem.
2301 1278 2370 1290 —-
2402 1249 2509 1315 Qui
2557 1250 2654 1304 tibi
2701 1265 2836 1320 opes
2871 1249 3043 1313 dedit,
3084 1250 3201 1317 ipse
3234 1263 3333 1318 per
3374 1263 3479 1317 pau

1921 1355 2112 1411 perum
2144 1356 2343 1397 manus
2371 1342 2777 1413 eleemosynam
2818 1342 2918 1396 ahs
2951 1349 3005 1394 te
3028 1343 3226 1410 poscit.
3275 1339 3431 1405 Quod
3446 1342 3502 1393 “si

1919 1419 2044 1502 quae
2075 1445 2174 1485 sua
2224 1440 2355 1487 sunt
2402 1432 2660 1503 accipiat,
2698 1431 2965 1503 integram
3018 1432 3272 1501 gratiam,
3303 1445 3368 1487 ac
3392 1431 3438 1487 si
3470 1446 3504 1487 a

1918 1532 1972 1580 te
1994 1525 2268 1581 benelicio
2303 1532 2504 1579 auctus
2529 1533 2697 1587 esset,
2729 1521 3015 1592 persolvit.

1991 1616 2183 1688 Ejusd.
2223 1617 2369 1670 hom.
2400 1616 2465 1670 de
2492 1615 2658 1671 invid.
2692 1645 2763 1656 -
2789 1614 2895 1680 Qui
2922 1614 3076 1669 dives
3104 1624 3211 1680 est,
3234 1631 3344 1672 non
3372 1632 3501 1688 pro-

1917 1711 2063 1764 tinus
2104 1710 2177 1764 ob
2207 1710 2428 1765 divitias
2458 1708 2801 1763 aemulandus
2830 1715 2917 1762 est
2946 1726 2959 1761 :
3009 1722 3121 1763 non
3164 1708 3293 1763 item
3319 1708 3389 1764 ob
3414 1709 3501 1764 di-

1913 1801 2144 1873 gnitatis
2180 1799 2599 1870 amplitudinem
2632 1797 2680 1851 is
2727 1798 2823 1866 qui
2855 1800 3102 1868 potentia
3157 1790 3334 1857 ﬂoret.
3372 1799 3500 1857 [iac

209 1880 603 1955 κεχρημένοις,
660 1886 763 1940 οὐκ
793 1886 936 1942 αὐτὰ
976 1889 1035 1941 ἐν
1065 1890 1281 1953 ἑαυτοῖς
1304 1890 1502 1967 ,ἔχοντα
1524 1892 1584 1947 τὸ
1627 1894 1794 1963 μακά-

1911 1892 2060 1947 enim
2121 1892 2354 1960 reliqua:
2404 1876 2626 1947 virtutis
2687 1889 3060 1945 instrumenta
3105 1900 3236 1946 sunt
3288 1892 3357 1947 iis
3402 1891 3497 1961 qui

216 1991 350 2045 ριον.
379 1976 443 2029 ’0
481 1977 580 2047 μὲν
604 1976 698 2031 οὖν
733 1978 922 2043 κακῶς
951 1980 1136 2043 αὐτοῖς
1176 1983 1520 2052 κεχρημένος
1554 1984 1804 2050 ἐλεεινὸς,

211 2067 287 2131 ὡς
314 2066 343 2119 δ
362 2067 444 2136 τῷ
474 2068 620 2138 ξίφει
653 2069 682 2122 ὃ
703 2068 898 2123 ἔλαϐεν
920 2071 1059 2142 πρὸς
1097 2073 1197 2143 τὴν
1231 2073 1340 2126 τῶν
1363 2074 1638 2145 πολεμίων
1663 2077 1807 2147 ἄμυ-

211 2174 327 2223 ναν,
364 2158 544 2230 τούτῳ
575 2161 838 2226 ἑκουσίως
880 2162 1071 2216 ἑαυτὸν
1118 2164 1600 2235 κατατιτρώσκων.
1648 2170 1712 2222 Εἰ
1750 2168 1805 2223 δὲ

203 2234 415 2314 καλῶς,
449 2252 705 2307 καὶκατὰ
728 2252 821 2305 τὸν
850 2253 1009 2323 ὀρθὸν
1038 2255 1216 2323 λόγον,
1247 2258 1338 2310 τὸν
1370 2258 1612 2328 παρόντα
1640 2277 1807 2328 μεταο

209 2341 535 2412 χαρίζεται,
566 2342 663 2397 καὶ
694 2344 973 2414 οἰκονόμος
1001 2345 1122 2397 ἐστὶ
1144 2345 1253 2398 τῶν
1285 2346 1433 2418 παρὰ
1460 2346 1594 2400 Θεοῦ
1620 2348 1802 2401 δοθένο

202 2448 335 2497 των,
365 2434 712 2491 ἐπαινεῖσθαι
744 2435 841 2488 καὶ
884 2436 1205 2504 ἀγαπᾶσθαι
1261 2439 1289 2491 ὁ
1317 2438 1557 2502 τοιοῦτος
1593 2439 1805 2505 δίκαιός

207 2525 322 2579 ἐστι
352 2526 445 2580 διὰ
469 2527 531 2579 τὸ
551 2526 878 2597 φιλάδελφον
908 2528 1003 2582 καὶ
1036 2531 1357 2583 κοινωνικὸν
1381 2531 1472 2583 τοῦ
1502 2532 1732 2603 τρόπου.

272 2700 464 2767 Γενοῦ,
501 2704 780 2774 ἄνθρωπε,
842 2708 974 2761 ὡσεὶ
1031 2708 1188 2762 ἐλαία
1234 2710 1592 2781 κατάκαρπος
1640 2715 1698 2766 ὲν
1724 2714 1802 2785 τῷ

203 2790 337 2859 οῐκῳ
364 2792 461 2845 τοῦ
494 2793 653 2856 Θεοῦ,
689 2796 958 2866 μηδέποτε
994 2798 1373 2868 γυμνούμενος
1402 2803 1503 2867 τῆς
1559 2801 1796 2868 ἐλπίδος,

204 2878 318 2933 ἀλλ’
350 2881 433 2933 ἀεὶ
469 2880 771 2936 Θάλλουσαν
823 2885 963 2955 έχων
1012 2889 1140 2958 περὶ
1200 2894 1425 2943 σεαυτὸν
1457 2895 1556 2962 τὴν
1593 2895 1679 2948 διὰ
1710 2896 1800 2946 πί-

206 2987 378 3034 στεως
409 2975 705 3045 σωτηρίαν,
740 2976 885 3029 οὓτω
920 2979 1017 3032 καὶ
1060 2980 1121 3032 τὸ
1149 2981 1432 3047 ἀειθαλλὲς
1462 2984 1557 3038 τοῦ
1598 2985 1797 3054 φύλλου

208 3065 444 3136 μιμησῃ,
504 3066 601 3120 καὶ
654 3068 714 3119 τὺ
778 3070 1131 3141 πολύκαρπον
1178 3074 1235 3126 δὲ
1296 3076 1462 3129 αὐτοῦ
1509 3078 1792 3147 ζηλώσεις,

203 3151 434 3219 ἄφθονον
460 3153 561 3225 τὴν
594 3156 964 3230 ἐλεημοσύνην
993 3162 1155 3215 παντὶ
1193 3164 1371 3233 καιρῷ
1401 3169 1791 3238 παρεχόμενος.

263 3330 377 3382 Οὐκ
400 3328 579 3400 οἱμαι,
606 3331 683 3402 τῷ
713 3333 864 3404 πόσῳ
888 3335 985 3403 τῆς
1009 3336 1294 3407 διδομένης
1319 3340 1450 3412 ῦλης
1474 3341 1640 3414 οὔσης
1666 3346 1796 3411 ἕξω-

203 3419 314 3486 θεν,
367 3426 493 3485 ταις
524 3424 581 3476 δὲ
635 3427 1077 3497 προσφερούσαις
1132 3430 1381 3500 γνώμαις
1438 3436 1637 3503 μᾶλλον
1700 3440 1794 3493 καὶ

202 3515 556 3584 προαιρέσεσι
584 3516 682 3585 τὴν
716 3517 1025 3587 φιλοτιμίαν
1058 3512 1279 3593 καὶτὴν
1312 3526 1791 3598 μεγαλοπρέπειαν

198 3604 224 3655 ὁ
246 3604 389 3675 ίερὸς
424 3606 581 3674 λόγος
605 3607 994 3678 ἑσταθμίσατο.

265 3785 456 3838 Οὐδενὶ
483 3787 590 3838 τῶν
611 3790 828 3841 πάντων
858 3789 1031 3854 οὕτως
1061 3793 1137 3857 ὡς
1171 3794 1307 3863 ἐλέῳ
1333 3795 1463 3863 Θερς
1486 3798 1788 3868 θεραπεύε-

193 3893 222 3927 τ
264 3892 302 3937 ι,
333 3878 419 3929 ὅτι
452 3879 585 3947 μηδὲ
614 3882 941 3953 οἰκειότερον
970 3885 1099 3939 ἄλλο
1148 3886 1338 3940 τούτου
1364 3889 1503 3960 Θεῷ,
1530 3884 1591 3943 οὖ
1637 3894 1788 3956 ἕλεος

195 3967 282 4019 καὶ
314 3968 545 4037 ἀλήθεια
607 3973 1060 4043 προπορεύονται.
1122 3979 1215 4031 καὶ
1243 3973 1287 4046 ᾧ
1313 3983 1663 4050 προσοιστέον
1695 3985 1786 4037 τὸν

193 4058 337 4113 ἔλεον
369 4060 475 4129 πρὸ
500 4061 599 4129 τῆς
632 4064 883 4133 κρίσεως.
906 4067 1039 4120 Οὐδὲ
1062 4068 1170 4136 γὰρ
1195 4070 1339 4142 ἄλλῳ
1367 4075 1472 4125 τινὶ
1494 4073 1569 4137 ώς
1594 4075 1784 4143 φιλαν-

195 4146 410 4219 θρωπίᾳ
435 4150 495 4201 τὸ
544 4151 922 4223 φιλάνθρωπον
982 4158 1307 4213 ἀντιδίδοτιι
1363 4164 1511 4231 παρὰ
1552 4164 1646 4217 τοῦ
1701 4166 1782 4217 δι-

187 4241 364 4316 καίως
418 4243 868 4315 ἀντιμετροῦντος
931 4248 989 4300 ὲν
1047 4248 1199 4322 ζυγῷ
1257 4254 1351 4306 καὶ
1400 4255 1625 4327 σταθμῷ
1689 4258 1780 4311 τὸν

193 4330 364 4385 ἔλεον.
968 4355 978 4372 =

1911 1985 2054 2040 bene
2068 1978 2338 2049 utuntur,
2373 1998 2483 2038 non
2518 1990 2701 2037 autem
2729 1982 2844 2050 ipsa
2877 1983 2934 2037 in
2958 1999 3019 2039 se
3047 1983 3363 2039 felicitatem
3399 1985 3498 2038 ha-

1908 2080 2061 2134 bent.
2107 2075 2298 2146 itaque
2333 2076 2503 2133 miser
2534 2086 2618 2130 est
2668 2075 2762 2144 qui
2797 2075 2883 2133 his
2917 2076 3060 2130 male
3110 2075 3307 2137 utitur.
3350 2076 3493 2131 haud

1907 2186 2066 2227 secus
2125 2185 2191 2225 ac
2243 2170 2335 2226 ille
2365 2171 2456 2239 qui
2511 2170 2717 2240 gladio,
2754 2184 2917 2239 quem
2972 2171 3038 2226 ad
3091 2169 3496 2240 prepulsandos

1906 2264 2090 2319 hostes
2119 2262 2356 2333 accepit,
2401 2262 2647 2333 seipsum
2700 2265 3081 2319 convulnerat.
3123 2264 3195 2318 At
3241 2263 3284 2318 si
3320 2272 3492 2327 recte,

1905 2365 2068 2428 atque
2115 2368 2176 2412 ut
2229 2357 2429 2412 rationi
2480 2365 2919 2413 consentaneum
2973 2364 3102 2418 est,
3146 2354 3311 2427 477
3362 2369 3494 2426 opes

1903 2447 2274 2516 administrat,
2319 2456 2375 2505 et
2418 2463 2482 2503 ea
2510 2464 2634 2520 qua:
2668 2447 2812 2504 Deus
2850 2447 2955 2503 sibi
2995 2446 3231 2514 dederit,
3265 2446 3491 2519 dispen-

1903 2547 2007 2603 sat,
2040 2539 2086 2594 is
2114 2540 2274 2609 plane
2330 2548 2553 2610 pr0pter
2605 2539 2932 2594 charitatem
2980 2546 3034 2594 et
3068 2538 3487 2623 liberalitatem,

1902 2630 2061 2685 laude
2090 2640 2144 2683 et
2177 2632 2562 2685 benevolentia
2594 2630 2793 2700 dignus
2836 2638 2945 2687 est.

1971 2719 2246 2788 Ejusdem.
2268 2752 2336 2762 —
2363 2720 2438 2774 Da
2462 2736 2711 2791 operam,
2742 2736 2775 2775 ο
2806 2721 2993 2787 homo,
3027 2728 3086 2779 ut
3112 2721 3192 2778 sis
3223 2731 3488 2793 tanquam

1900 2810 2043 2864 oliva
2116 2810 2408 2867 fructifera
2458 2812 2510 2865 in
2556 2812 2722 2867 domo
2772 2807 2901 2877 Dei;
2935 2811 3200 2865 nituirum
3230 2821 3291 2867 ut
3334 2828 3487 2883 spem

1902 2903 2227 2971 eutiquam
2259 2903 2516 2972 abjicias,
2548 2903 2642 2957 sed
2674 2902 2933 2967 salutem,
2965 2916 3090 2972 qua
3121 2901 3229 2956 llde
3260 2917 3492 2972 compa-

1900 3002 2072 3058 ratur,
2102 2976 2250 3048 eirea
2294 3004 2349 3051 te
2385 3010 2606 3066 semper
2642 2995 2914 3050 virentem
2952 2994 3178 3049 habeas.
3212 2993 3305 3050 Sic
3332 3010 3490 3048 nem-

1899 3102 1964 3154 pe
1992 3095 2046 3140 et
2081 3095 2345 3156 perpetuo
2382 3090 2619 3144 virorem
2651 3089 2819 3142 olivae
2885 3085 3236 3153 imitaberis;
3266 3086 3399 3157 quin
3432 3096 3489 3141 et
3566 3096 3568 3098 '

1900 3179 2242 3235 feracitatem
2302 3182 2676 3248 a-mulaberis,
2732 3186 2954 3237 uberem
3027 3182 3177 3237 omni
3247 3188 3491 3248 tempore

1901 3272 2149 3341 praebens
2178 3271 2608 3341 elcemosynam.

1968 3360 2027 3416 S.
2083 3359 2240 3431 Greg.
2301 3362 2529 3417 Tlmum.
2582 3362 2659 3417 De
2702 3364 2907 3419 laudib.
2961 3362 3278 3434 0rigen.—
3316 3362 3485 3420 Sacra

1896 3452 2173 3517 doctrina,
2200 3461 2258 3507 ut
2300 3456 2431 3507 mihi
2481 3454 2703 3525 quidem
2745 3456 2985 3523 videtur,
3027 3472 3138 3512 non
3167 3467 3280 3513 tam
3311 3466 3487 3514 mate-

1896 3544 1992 3597 riae
2015 3544 2156 3599 datae
2188 3548 2523 3615 quantitate,
2558 3554 2617 3600 ut
2641 3563 2763 3617 qua:
2796 3557 3021 3603 externa
3050 3549 3144 3614 sit,
3164 3563 3329 3618 quam
3352 3548 3484 3604 offe-
3534 3544 3535 3547 “

1895 3635 2139 3686 rentium
2204 3635 2571 3690 voluntateet
2634 3637 2925 3702 instituto,
2974 3637 3365 3701 liberalitatem
3426 3648 3480 3712 et

1892 3723 2332 3778 munificentiam
2369 3727 2711 3795 ponderat-it.

1960 3812 2019 3869 S.
2051 3812 2267 3884 Cregor.
2290 3815 2558 3871 Nazianz.
2589 3827 2732 3873 orat.
2760 3819 2848 3874 15.
2885 3851 2953 3864 —-
2980 3819 3140 3877 Nulla
3170 3838 3230 3878 re
3250 3823 3477 3878 omnino

1887 3902 2113 3972 perinde
2145 3919 2208 3957 ac
2238 3906 2624 3962 misericordia
2658 3908 2804 3964 Deus
2830 3912 3186 3980 conciliatur,
3221 3914 3475 3984 quando-

1886 3996 2106 4065 quidem
2142 4013 2243 4052 nec
2278 4000 2429 4053 aliud
2478 4002 2782 4072 quidquam
2835 4003 2948 4059 Deo
2974 4008 3149 4077 magis
3184 4014 3469 4079 proprium

1884 4095 1970 4141 est
2015 4107 2027 4143 :
2062 4090 2272 4159 quippe
2336 4108 2502 4162 quem
2554 4095 2939 4151 misericordia
2982 4106 3038 4153 et
3079 4102 3287 4156 veritas
3329 4119 3471 4172 prae-

1883 4180 2115 4247 cedunt,
2144 4193 2197 4236 et
2225 4184 2313 4237 cui
2358 4186 2751 4242 misericordia
2794 4198 2921 4243 ante
2986 4190 3260 4260 judicium
3307 4194 3470 4249 debet

1879 4270 2086 4327 oil'erri.
2116 4273 2305 4345 Neque
2332 4292 2479 4331 enim
2514 4278 2624 4334 ulla
2663 4296 2725 4335 re
2751 4282 2879 4347 alia,
2912 4282 3020 4338 nisi
3058 4285 3468 4350 misericordia,

1891 4364 2281 4421 misericordia
2341 4370 2409 4423 ab
2444 4386 2511 4424 eo
2546 4373 2896 4442 rependitur,
2958 4376 3053 4445 qui
3115 4378 3293 4446 juste,
3323 4386 3380 4434 et
3412 4380 3472 4435 in

1879 4456 2143 4522 pondere,
2171 4466 2225 4512 et
2245 4475 2507 4515 mensura
2571 4464 3017 4520 misericordiam
3044 4471 3359 4525 remetitur.

254 4524 353 4585 Δός
376 4540 430 4575 τι
459 4523 580 4595 Θεῷ
629 4529 1004 4601 χαριστήριον,
1030 4532 1110 4584 ὅτι
1140 4533 1249 4586 τῶν
1272 4535 1515 4589 εὐποιεῖν
1543 4537 1773 4610 δυναμέ-

264 4616 470 4636 ,.ι,-ι,
590 4618 883 4636 μη.-
989 4622 1001 4636 .
1098 4626 1276 4636 -_-
1396 4629 1406 4636 .
1572 4632 1593 4636 _
1751 4633 1760 4636 _

1958 4544 2100 4599 Ibid.
2142 4578 2213 4587 -—
2240 4547 2408 4604 Grato
2437 4552 2628 4608 animo
2665 4556 2875 4626 aliquid
2934 4556 3046 4613 Deo
3080 4561 3289 4626 tribue,
3333 4523 3465 4636 quia

184 4612 292 4669 νων
321 4616 532 4684 ἐγένου,
577 4618 693 4672 ἀλλ’
726 4620 787 4673 ού
816 4621 923 4675 τῶν
952 4622 1208 4678 εὐπαθεῖν
1249 4626 1537 4696 δεομένων,
1568 4632 1649 4683 ὅτι
1703 4633 1777 4703 μὴ

190 4707 409 4776 βλέπεις
432 4711 513 4771 είς
542 4709 828 4782 ἀλλοτρίας
856 4717 1063 4786 χεῖρας,
1087 4718 1201 4771 ἀλλ’
1224 4721 1304 4781 είς
1334 4720 1428 4783 τὰς
1449 4719 1546 4784 σὰς
1576 4723 1772 4795 ἕτεροι.

188 4801 494 4871 Πλούτησον
516 4803 590 4875 μὴ
620 4807 938 4875 περιουσίαν
970 4809 1151 4879 μόνον,
1188 4812 1325 4865 ἀλλὰ
1344 4814 1436 4866 καὶ
1465 4818 1771 4871 ευσέδειαν·

189 4893 260 4963 μὴ
298 4894 459 4964 μόνον
485 4896 547 4949 τὸ
592 4898 834 4967 χρυσίον,
879 4901 1016 4954 ἀλλὰ
1070 4905 1164 4956 καὶ
1208 4906 1309 4977 τὴν
1339 4909 1560 4983 ἀρετήν.
1608 4915 1647 4965 Γ
1650 4914 1770 4967 ενοῦ

184 4985 275 5037 τοῦ
309 4987 539 5057 πλησίον
567 4989 913 5061 τιμιώτερος,
941 4993 1000 5045 ἐν
1017 4995 1093 5065 τῷ
1124 4999 1357 5067 φανῆναι
1380 5004 1766 5073 χρηστότερος.

186 5074 349 5128 Γενοῦ
372 5076 449 5147 τῷ
479 5078 767 5149 ἀτυχοῦντι
807 5081 961 5149 Θεὸς,
995 5084 1085 5137 τὸν
1131 5086 1281 5141 ἔλεον
1329 5090 1464 5144 Θεοῦ
1495 5094 1769 5164 μιμούμε-

186 5184 291 5229 νος.
326 5169 493 5223 Οὐδὲν
526 5172 633 5244 γὰρ
668 5171 838 5237 οὕτως
864 5174 942 5239 ὡς
975 5176 1035 5229 τὸ
1056 5179 1296 5235 εύποιεῖν
1341 5181 1629 5256 ἄνθρωπος
1654 5187 1767 5257 ἔχει

184 5259 337 5315 θεοῦ.

245 5517 365 5575 οίει
390 5520 467 5591 μὴ
490 5521 738 5596 ἀνάγκην
785 5521 926 5582 εἷναί
953 5546 1038 5585 σοι
1065 5532 1165 5602 τῆς
1223 5536 1566 5608 εὐεργεσίας,
1625 5543 1762 5599 ἀλλὰ

182 5611 537 5681 προαίρεσιν;
573 5614 783 5686 Σφόδρα
813 5620 909 5673 καὶ
967 5623 1130 5683 αὐτὸς
1162 5625 1484 5700 ἐϐουλόμην,
1531 5636 1623 5687 καὶ
1658 5638 1759 5691 ύπ-

180 5700 484 5797 ελάμϐανον
544 5705 691 5797 Ῠάλλὰ
724 5711 882 5779 φοϐεῖ
934 5731 1001 5784 με
1032 5718 1064 5785 ἡ
1124 5722 1389 5794 ἀριστερά
1432 5726 1553 5797 χεὶρ
1586 5731 1678 5782 καὶ
1710 5734 1757 5785 οξ

180 5794 375 5864 ἔριφοι,
407 5797 501 5851 καὶ
531 5796 566 5852 ἃ
598 5802 747 5871 παρὰ
778 5804 869 5858 τοῦ
898 5808 1193 5878 στήσαντος
1245 5815 1614 5887 ὀνειδίζονται,
1660 5823 1755 5895 οὐχ

1881 4646 1939 4691 ιιι
1974 4654 2037 4692 ex
2070 4655 2261 4694 eorum
2328 4658 2566 4699 numero
2599 4660 2662 4701 es
2694 4648 2790 4717 qui
2822 4649 2961 4704 bene
2985 4651 3054 4706 de
3082 4653 3207 4710 aliis
3260 4659 3463 4713 mereri

1880 4731 2118 4798 possint.
2156 4748 2262 4785 non
2314 4734 2409 4802 qui
2442 4734 2726 4791 beneficiis
2754 4739 2989 4794 aliorum
3017 4757 3160 4812 opus
3192 4744 3459 4803 habeant:

1875 4837 2000 4875 cum
2028 4822 2081 4876 in
2121 4825 2330 4878 alienas
2366 4841 2567 4882 manus
2619 4844 2729 4883 non
2780 4830 3074 4897 intuearis,
3106 4837 3202 4891 sed
3232 4837 3286 4892 in
3336 4848 3463 4897 tuas

1874 4914 1986 4966 alii.
2019 4912 2109 4969 Sis
2158 4930 2269 4968 non
2304 4917 2503 4985 opibus
2525 4927 2581 4973 et
2613 4918 2973 4979 facultatibus
3015 4926 3202 4992 modo,
3266 4946 3459 4986 verum

1872 5012 1929 5056 et
1974 5004 2171 5072 pietate
2199 5004 2355 5060 dives
2392 5022 2539 5062 :non
2585 5020 2794 5064 tantum
2837 5028 3000 5079 auro,
3025 5016 3123 5070 sed
3145 5019 3457 5075 etiam'rir-

1873 5102 2010 5149 tute.
2068 5092 2461 5166 Sis.proxitno
2511 5108 2607 5153 tuo
2656 5101 2761 5157 hoc
2798 5106 3022 5161 nomine
3073 5118 3451 5178 praestantior.

1869 5186 2011 5255 quod
2046 5186 2309 5254 majorem
2333 5189 2725 5259 benignitatem
2758 5195 3039 5263 praaferas.
3077 5198 3165 5253 Sis
3217 5204 3451 5259 calami-

1867 5284 1986 5329 toso
2018 5273 2182 5339 Deus,
2210 5275 2303 5331 Dei
2338 5280 2773 5337 misericordiam
2810 5285 3097 5343 imitando.
3128 5290 3272 5345 Nihil
3298 5294 3447 5348 enim

1867 5374 1976 5419 tam
2014 5367 2263 5420 divinum
2306 5369 2472 5424 habet
2504 5372 2689 5441 homo,
2717 5392 2885 5447 quant
2917 5380 3060 5437 bene
3083 5383 3151 5439 de
3175 5383 3305 5440 aliis
3324 5401 3441 5441 me-

1863 5457 2022 5511 rendi
2063 5457 2405 5515 facultatem.

1934 5548 2213 5618 Ejusdem.
2273 5579 2341 5591 -—
2400 5553 2485 5607 An
2522 5562 2579 5609 tu
2616 5556 3047 5615 beneficentiam
3099 5563 3317 5619 arbitrii
3358 5570 3437 5622 tui

1860 5655 1986 5696 csse
2017 5649 2200 5711 putas,
2235 5656 2346 5695 non
2379 5646 2739 5702 necessitatis
2771 5648 2796 5701 ἳ
2834 5649 3012 5716 Quam
3043 5653 3161 5722 ipse
3215 5671 3437 5727 quoque

1860 5735 2053 5789 vellem
2094 5735 2170 5788 ita
2222 5744 2392 5803 esset,
2438 5745 2601 5807 atque
2659 5740 2828 5795 etiam
2882 5744 3283 5802 existimarem.
3325 5748 3432 5805 Sed

1860 5828 1991 5883 mihi
2023 5836 2222 5883 metum
2260 5829 2487 5886 sinistra
2527 5831 2616 5886 illa
2654 5831 2882 5902 incutit,
2913 5843 2967 5891 et
2990 5838 3163 5907 haedi,
3206 5847 3262 5895 ct
3292 5855 3428 5913 pro-
