4206 6442
226 418 357 483 1469

1495 421 1736 482 SACRA
1772 416 1971 478 PARA
1984 417 2244 481 LLELA.

3353 411 3490 476 M70

224 527 556 601 ραχαράττει
583 530 708 592 τοὺς
747 530 969 598 νόμους.
1014 530 1263 601 Δέχεται,
1316 532 1410 585 καὶ
1432 533 1555 585 ἀντὶ
1604 530 1796 584 δικαίοι

1919 527 2010 581 ille
2043 544 2274 583 munera
2310 534 2402 581 tua
2435 542 2535 597 per
2564 540 2687 579 eum
2720 524 2943 592 accipit,
2978 532 3033 577 et
3073 524 3221 593 leges
3276 525 3491 580 adnite-

218 621 601 690 φιλάνθρωπος
632 623 862 691 γίνεται.
891 624 1138 693 Δέχεται,
1169 629 1265 678 καλ.
1283 626 1381 695 τῆς
1402 624 1660 691 ἀληθείας
1681 642 1811 694 προ-

217 710 397 762 τάττει
426 711 520 763 τὸν
554 710 721 774 ἔλεον,
753 712 848 764 καὶ¹
879 714 943 781 τῇ
997 712 1296 781 πλάστιγγι
1320 714 1429 765 τῶν
1470 714 1809 783 ἁμαρτημά-

214 817 319 852 των
342 801 656 873 άντικρεμᾷ
692 802 790 873 τὴν
812 805 971 872 χεῖρα
1001 803 1095 856 τοῦ
1127 806 1376 874 πένητος.
1402 837 1471 845 —
1500 807 1669 857 Ὅταν
1698 806 1811 859 δια-

216 889 417 963 θρέψῃς
434 893 528 945 τὸν
547 892 775 963 πένητα,
795 896 991 949 σαυτὸν
1017 896 1206 968 νόμιζε
1235 900 1806 969 διατρέφειν.Τοιαύτη

212 983 319 1052 γάρ
354 985 386 1053 ἡ
419 982 519 1036 τοῦ
574 986 902 1055 πράγματος
956 988 1137 1056 φύσις.
1207 990 1297 1056 Ἐξ
1343 993 1499 1061 ήμῶν
1531 994 1613 1054 είς
1663 993 1809 1061 ἡμᾶς

216 1075 630 1144 μεταχωρείτά
671 1076 945 1146 διδόμενα.
984 1080 1043 1132 '0
1084 1080 1193 1152 γὰρ
1224 1081 1605 1152 φιλάνθρωπος
1650 1081 1806 1151 ἡμῶν

210 1163 479 1235 δεσπότης
505 1166 567 1220 τὸ
601 1167 871 1239 ἡμέτερον
912 1170 1113 1223 ἐπιδὼν
1145 1171 1502 1242 μικρόψυχον,
1528 1175 1605 1234 εἰς
1631 1174 1803 1241 ὑπερ·-

210 1255 372 1327 6ολὴν
393 1260 636 1329 ἄμετρον
666 1258 984 1328 ἀναπέμπει
1007 1262 1070 1315 τὸ
1096 1262 1278 1332 ἔργον,
1307 1264 1402 1317 καὶ
1428 1265 1620 1317 ἑαυτὸν
1640 1266 1807 1336 χρεώ-

210 1364 342 1417 στην
375 1350 479 1416 τῆς
501 1350 875 1423 ἐλεημοσύνης
906 1354 1079 1406 καλεῖ’
1108 1355 1245 1407 Θεοῦ
1271 1356 1536 1426 δάνεισμα
1570 1356 1668 1427 τὴν
1715 1358 1804 1410 εὑ-

209 1438 393 1490 ποιῖαν
434 1436 861 1511 προᾱαγορεύει.
914 1439 984 1495 Ὠ
1016 1444 1155 1514 πόση
1210 1444 1312 1513 τῆς
1358 1446 1727 1517 ἐλεημοσύνης
1766 1450 1798 1517 ἡ

206 1527 475 1599 δύναμιςί
528 1534 663 1603 μόνη
694 1534 754 1585 τὸ
809 1533 952 1587 θεῖον
1010 1537 1393 1607 ὑπεισέρχεται
1426 1540 1798 1609 δικαστήριον.

204 1622 295 1693 Μὴ
330 1624 666 1694 φοϐηθῶμεν
702 1624 966 1696 δικαστὴν
1022 1629 1126 1697 πρὸ
1178 1628 1268 1681 τοῦ
1316 1630 1668 1701 δικαστηρίου
1700 1633 1800 1703 τὴν

203 1716 361 1785 χεῖρα
425 1716 804 1785 προτείνοντα.
853 1718 943 1787 Μὴ
988 1720 1323 1791 φοϐηθῶμεν
1372 1723 1639 1793 δικαστὴν
1698 1726 1800 1778 οὐκ

202 1807 541 1877 ἀρνούμενον
565 1808 659 1861 τοῦ
683 1808 971 1865 ).α6εῖν.-
988 1811 1237 1874 Καθίσας
1261 1814 1289 1865 ὁ
1320 1813 1524 1882 Ἰησοῦς
1540 1814 1798 1867 ἀπέναντι

200 1899 291 1951 τοῦ
321 1899 748 1969 γαζοφυλακίου,
808 1901 1034 1975 ἐθεώρει
1073 1905 1189 1965 πῶς
1214 1907 1263 1957 oi
1314 1905 1498 1977 ὅκχλοι
1539 1906 1798 1976 βάλλουσι

201 1992 423 2062 χαλκόν.
501 1994 886 2066 Παραδραμὼν
914 1996 975 2049 τὸ
1010 1997 1395 2068 θυσιαστήριον
1448 1997 1525 2067 τῷ
1560 1999 1801 2068 γαζοφυ-

200 2081 373 2153 λακίῳ
404 2085 757 2155 προστρέχει.
797 2086 1181 2157 Παραδραμὼν
1210 2092 1339 2149 τοὺς
1369 2086 1595 2150 θύοντας
1618 2089 1709 2141 ἐπὶ
1738 2090 1798 2142 τὸ

200 2178 296 2244 τῆς
313 2177 565 2241 εὐποιίας
596 2178 900 2246 ἐπιγίνεται
926 2180 1152 2251 θέατρον
1180 2196 1192 2208 ·
1220 2180 1439 2242 δεικνὺς
1458 2181 1545 2233 διὰ
1574 2180 1681 2233 τῶν
1703 2181 1796 2252 ἔρ-

201 2280 310 2331 γων
360 2265 545 2319 αὐτῶν
606 2267 688 2320 ὅτι
722 2267 868 2337 μόνῳ
918 2268 1049 2332 Θεὸς
1101 2267 1278 2340 τούτῳ
1318 2269 1673 2341 ἐπιτέρπεται
1719 2270 1797 2341 τῷ

202 2352 441 2423 θεάματι
472 2372 486 2385 ·
512 2356 728 2419 δεικνὺς
755 2358 836 2410 ὅτι
865 2358 957 2411 τὸν
982 2358 1127 2411 θεῖον
1158 2357 1441 2429 ὀφθαλμὸν
1472 2360 1662 2414 τούτου
1700 2363 1797 2432 μό-

199 2462 289 2498 νου
318 2446 546 2501 δυνατὸν
581 2449 981 2520 ἀφομοιοῦσθαι
1013 2451 1091 2522 τῷ
1141 2452 1427 2506 πλάσαντι·
1451 2454 1665 2519 δεικνὺς
1714 2456 1795 2508 ὅτι

198 2538 356 2591 τοῦτο
412 2541 576 2609 μόνον
610 2541 900 2611 ἄνθρωπον
952 2542 1212 2595 συνάπτει
1256 2543 1376 2614 Θεῷ
1404 2559 1417 2572 '
1454 2544 1668 2609 δεικνὺς
1712 2547 1794 2600 ὅτι

199 2631 354 2685 τοῦτο
410 2633 573 2703 μόνον
616 2632 709 2687 τὸν
776 2635 945 2704 πηλδν
995 2635 1364 2706 προσπελάζει
1422 2636 1499 2707 τῷ
1556 2637 1789 2710 πλάστῃ.

198 2724 453 2778 Γίνεσθε
481 2727 609 2797 γαρ,
644 2726 799 2797 φησὶ,
833 2728 1223 2795 οίκτίρμονες,
1245 2729 1325 2794 ὠς
1350 2732 1383 2782 ὀ
1399 2730 1601 2797 Πατὴρ
1626 2731 1793 2800 ὑμῶν

196 2816 535 2883 όοὺρὰνιος
573 2819 889 2886 οἰκτίρμων
926 2819 1120 2873 ἐστίν.
1184 2820 1299 2873 Μία
1358 2821 1467 2891 γάρ
1524 2823 1639 2875 ἐστι
1691 2822 1791 2892 τῆς

197 2906 345 2970 θείας
371 2910 694 2975 συγγενείας
720 2910 924 2974 είσοδος
949 2913 981 2979 ἡ
1012 2911 1250 2967 εὐποιία.
1285 2941 1343 2950 -
1376 2914 1441 2964 Ὠ
1472 2913 1571 2983 τῆς
1607 2913 1791 2983 φιλαν-

195 2994 410 3068 θρώπου
434 2999 615 3069 ψυχῆς
642 3002 654 3053 !
682 3000 728 3053 ὣ
748 3001 848 3071 τῆς
880 3002 1171 3072 ὲλεήμονος
1196 3001 1454 3074 γνὼμηςί
1493 3006 1593 3058 οὐκ
1618 3004 1789 3070 ἑξέτε-

1916 628 2004 673 rat
2032 636 2186 674 suas.
2234 621 2475 690 Accipit,
2524 619 2771 687 inquam,
2824 626 2989 686 atque
3019 632 3085 671 ex
3133 616 3285 685 justo
3329 618 3489 671 beni-

1915 729 2056 782 gnus
2098 712 2353 766 emi-itur.
2416 712 2652 779 Accipit,
2691 717 2745 762 et
2775 710 2995 763 veritati
3049 707 3488 764 misericordiam

1913 806 2225 874 anteponit,
2256 813 2312 858 et
2346 820 2472 858 cum
2508 808 2871 873 peccatorum
2901 800 3059 873 lance
3082 800 3348 870 pauperis
3379 814 3484 853 ina-

1913 910 2042 947 num
2082 904 2276 948 contra
2309 894 2623 964 perpendit.
2648 920 2721 934 —-
2748 890 2886 945 Cum
2919 904 3222 960 pauperem
3264 889 3491 954 alis,sic

1912 987 2176 1041 existima
2212 987 2451 1055 teipsum
2483 986 2576 1039 ali.
2614 984 2690 1038 Ea
2718 985 2864 1038 enim
2902 990 2988 1036 est
3026 982 3261 1051 hujusce
3290 983 3367 1037 rei
3394 996 3492 1035 na-

1912 1087 2058 1139 tura,
2104 1085 2163 1131 ut
2200 1092 2325 1145 quae
2360 1076 2583 1139 damus,
2616 1093 2646 1131 a
2678 1076 2841 1132 nobis
2874 1074 2939 1127 ad
2974 1088 3079 1127 nos
3103 1075 3353 1131 redeant.
3398 1072 3488 1129 Si-

1909 1168 2131 1239 quidem
2165 1170 2442 1224 humanus
2469 1178 2521 1223 et
2558 1167 2738 1225 facilis
2785 1177 2981 1224 noster
3037 1167 3330 1233 Dominus,
3360 1181 3488 1221 cum

1913 1260 2085 1313 animi
2136 1261 2311 1315 nostri
2367 1271 2721 1335 perspectam
2777 1261 3216 1315 imbecillitatem
3265 1258 3484 1320 habeat,

1907 1350 1973 1404 ad
2001 1351 2328 1405 immensam
2360 1351 2781 1420 amplitudinem
2814 1366 2931 1405 rem
2966 1351 3107 1404 hanc
3159 1349 3398 1413 extollit,
3431 1358 3487 1403 et

1906 1442 2150 1511 seipsum
2189 1443 2557 1513 eleemosynae
2591 1443 2897 1498 debitorem
2946 1454 3105 1497 vocat
3141 1462 3155 1497 :
3200 1440 3294 1495 Dei
3326 1440 3487 1496 fenus

1904 1532 2323 1588 beneﬁcentiam
2354 1535 2617 1604 appellat.
2649 1534 2694 1589 0
2741 1534 3080 1602 singularem
3114 1534 3226 1587 vim
3257 1532 3487 1588 eleemo-

1905 1639 2055 1695 syna:
2088 1627 2101 1678 l
2132 1626 2250 1679 sola
2283 1626 2350 1679 ad
2380 1626 2639 1680 divinum
2673 1626 2921 1681 tribunal
2955 1625 3179 1695 irrepit.
3205 1624 3283 1680 Ne
3332 1624 3485 1694 judi-

1902 1730 2024 1771 cem
2059 1723 2390 1779 metuamus,
2422 1716 2518 1786 qui
2559 1724 2689 1771 ante
2733 1716 3017 1785 protendit
3053 1730 3275 1779 manus,
3308 1729 3485 1785 quam

1833 1808 2065 1919 Bjudex
2091 1810 2295 1865 sedeat.
2338 1808 2418 1863 Ne
2454 1809 2697 1878 judicem
2744 1823 3057 1872 vereamur,
3100 1809 3196 1877 qui
3244 1822 3305 1862 se
3326 1821 3483 1862 acce-

1946 1903 1981 1919 .,
2038 1918 2043 1919 ν
2124 1903 2159 1919 κ.
2214 1903 2224 1911 .
2304 1901 2630 1919 _
2775 1899 2839 1919 π,
3295 1908 3477 1919 η-,μ

1906 1903 2056 1973 pisse
2089 1903 2324 1957 minime
2352 1901 2654 1957 inﬁciatur.
2687 1899 2845 1954 —Et
2870 1900 3071 1956 sedens
3096 1898 3260 1955 Jesus
3288 1908 3483 1954 contra

1903 1990 2385 2061 gazophylacium,
2418 1990 2727 2061 aspiciebat
2773 1990 3051 2059 quomodo
3106 1988 3283 2044 turba:
3312 1987 3487 2057 jacie-

1901 2086 2035 2139 hant
2063 2099 2159 2138 a-s.
2188 2080 2480 2137 Praeterito
2513 2082 2675 2135 altari
2708 2081 2775 2135 ad
2805 2082 3487 2153 gazOphylaciumaccur-

1900 2174 1992 2227 rit.
2054 2171 2359 2228 Praeteritis
2447 2171 2901 2227 sacriﬁcantibus
2962 2170 3028 2224 ad
3103 2170 3481 2226 beneﬁcentia

1899 2268 2173 2322 theatrum
2247 2263 2457 2334 pergit,
2512 2264 2681 2333 gestis
2749 2264 2867 2319 suis
2932 2263 3231 2317 ostendens
3308 2262 3478 2318 Deum

1898 2360 2003 2415 hoc
2080 2360 2200 2414 solo
2263 2357 2581 2428 spectaculo
2634 2356 2893 2411 delectari
2945 2373 2959 2410 :
3006 2356 3303 2411 ostendens
3333 2398 3349 2422 ,
3397 2357 3484 2411 in-

1896 2467 2083 2522 quam,
2112 2450 2360 2505 divinum
2421 2448 2647 2502 oculum
2684 2448 2787 2501 hac
2838 2447 3117 2501 duntaxat
3164 2448 3389 2504 ratione
3412 2448 3482 2503 ad

1898 2545 2107 2601 lictoris
2138 2544 2225 2601 sui
2252 2541 2679 2599 similitudinem
2747 2555 2915 2611 posse
2941 2541 3210 2595 accedere
3244 2556 3259 2595 :
3286 2552 3479 2597 osten-

1895 2640 2033 2693 dens
2072 2636 2240 2691 etiam
2276 2649 2445 2688 unum
2508 2632 2614 2685 hoc
2655 2646 2779 2686 esse
2822 2630 2969 2701 quod
3028 2629 3306 2683 hominem
3351 2647 3477 2686 cum

1895 2729 2009 2786 Deo
2048 2727 2319 2797 copulet:
2373 2724 2678 2780 ostendens
2732 2723 2977 2793 denique
3011 2723 3065 2778 id
3120 2726 3302 2779 solum
3349 2740 3475 2781 esse

1894 2822 2039 2895 quod
2088 2821 2313 2891 ﬁgulum
2370 2819 2485 2872 luto
2531 2818 2755 2886 propius
2801 2816 3014 2886 jungat.
3077 2815 3246 2889 479
3290 2819 3477 2874 Εειοιε

1890 2917 2038 2971 enim
2079 2910 2472 2976 misericordes,
2513 2910 2713 2978 inquit,
2743 2909 2880 2962 sicut
2913 2920 2962 2962 et
2994 2908 3158 2962 Pater
3174 2918 3344 2964 vester
3370 2926 3474 2965 cae—

1903 3007 2051 3063 lestis
2075 3006 2377 3059 misericors
2432 3005 2577 3071 est.(
2612 2999 2743 3055 Luc.
2785 3016 2860 3066 vr,
2896 3001 3024 3073 56).
3084 3001 3214 3056 Sola
3264 3005 3466 3074 quippe

196 3108 293 3157 μεν
332 3093 365 3161 η
396 3094 639 3162 πτωχεία
670 3093 732 3145 τὸ
766 3094 866 3163 τῆς
900 3096 1279 3166 προαιρέσεως
1306 3096 1615 3166 συμπαθές.
1670 3099 1783 3152 Οὐκ

1890 3099 2275 3162 beneﬁcentia,
2305 3096 2490 3151 aditus
2518 3094 2583 3148 ad
2611 3093 2857 3148 divinam
2885 3094 3271 3165 cognationem
3304 3110 3470 3165 para-

192 3182 480 3253 ἐξήλεγξεν
510 3186 542 3254 ἡ
571 3185 811 3255 πτωχεία
853 3186 914 3238 τὸ
956 3187 1054 3255 τῆς
1088 3188 1315 3257 γνώμης
1360 3189 1660 3260 φιλότιμον.
1703 3192 1777 3245 Οὐ

1890 3202 1997 3249 tur.
2030 3222 2101 3235 -—-
2145 3190 2190 3246 0
2227 3189 2521 3259 benignam
2551 3186 2790 3241 animam
2825 3186 2839 3239 !
2873 3202 2907 3241 ο
2932 3195 3170 3241 mentem
3204 3187 3271 3242 ad
3306 3190 3477 3244 mise-

192 3277 528 3329 συνέστειλεν
550 3280 583 3347 ὴ
613 3276 791 3330 ἔνδεια
815 3277 877 3330 τὸ
897 3279 995 3347 τῆς
1016 3280 1198 3350 ψυχῆς
1230 3280 1471 3350 δαψιλές.

1890 3282 2191 3340 ricordiam
2253 3280 2558 3349 proclivem
2617 3279 2631 3333 !
2688 3277 2862 3331 animi
2929 3279 3471 3336 commiserationem

192 3382 482 3441 paupertas
517 3386 625 3426 non
654 3372 880 3428 excidit.
943 3372 1256 3431 Muniticam
1292 3379 1625 3435 voluntatem
1657 3391 1876 3454 egestas
1902 3397 2013 3438 non
2042 3375 2388 3447 compressit.
2465 3372 2652 3426 Animi
2676 3371 3057 3427 liberalitatem
3085 3373 3315 3443 penuria
3348 3390 3456 3429 non

191 3465 496 3520 restrinxit.

256 3560 333 3628 (1)
372 3560 446 3612 Τὸ
475 3560 575 3629 τῆς
603 3562 981 3633 ἑλεημοσύνης
1022 3566 1211 3637 χρῆμα
1244 3568 1540 3641 διασμήχει
1583 3573 1767 3644 ἁμαρ-

186 3649 323 3713 τίας.
353 3654 775 3723 κατακαυχᾶται
805 3656 1063 3725 κρίσεως,
1101 3661 1306 3731 ἡμεροῖ
1338 3661 1437 3731 τὴν
1464 3664 1563 3733 τῆς
1607 3665 1771 3718 κολά-

189 3758 323 3805 σεως
346 3743 547 3811 φλόγα,
571 3745 817 3798 δυσωπεῖ
840 3747 933 3801 τὸν
976 3748 1291 3815 δικάζοντα,
1331 3753 1532 3822 μᾶλλον
1556 3754 1611 3808 δὲ
1643 3772 1770 3808 συν-

185 3832 343 3886 άπτει
377 3834 518 3905 Θεῷ,
544 3838 657 3899 τοῖς
691 3837 801 3891 τῶν
834 3840 1008 3906 ἀγίων
1034 3844 1567 3916 χοροῖςοὲναρίθμιον
1595 3848 1770 3920 ἀπερ-

184 3922 413 3990 γάζεται
436 3940 450 3955 °
485 3926 752 3996 ἀποφέρει
797 3928 853 3981 δὲ
894 3931 989 3983 καὶ
1019 3934 1096 3995 εἰς
1125 3934 1228 4005 τὴν
1255 3934 1370 3988 ἀνω
1400 3937 1577 4001 πόλιν,
1620 3939 1772 4008 βασι-

1890 3934 2103 3993 :horos.
2138 3931 2193 3983 in
2251 3941 2551 3993 supernam
2590 3927 2869 3981 civitatem
2929 3928 3152 3992 attollit,
3185 3929 3453 3983 cmloruin

183 4015 333 4069 λείαν
374 4018 623 4088 οὐρανῶν
659 4020 937 4090 προξενεῖ,
984 4023 1141 4087 δόξαν
1184 4028 1523 4098 ἀμάραντον,
1576 4031 1766 4084 ἐλπίδα

1890 4038 2104 4093 'egnum
2142 4023 2423 4086 conciliat,
2454 4024 2685 4092 gloriam
2721 4020 3262 4083 immarcescibilem,
3293 4036 3447 4089 Spem

183 4106 409 4176 βεϐαίαν
463 4110 561 4162 καὶ
614 4112 982 4184 ἑρηρειμένην
1011 4132 1025 4145 ο
1067 4118 1161 4169 καὶ
1200 4120 1253 4170 τί
1307 4120 1446 4190 γάρ;
1488 4121 1608 4191 οὐχὶ
1652 4123 1761 4175 τῶν

1890 4117 2076 4169 irmam
2118 4122 2170 4168 et
2211 4114 2471 4168 stabilem
2512 4129 2524 4165 :
2558 4129 2623 4167 ac
2651 4113 2782 4181 quid
2811 4127 2919 4165 non
2946 4110 3207 4165 demum?
3233 4126 3300 4165 an
3343 4128 3449 4166 non

180 4199 533 4253 τελειοῦντων
573 4204 654 4265 είς
701 4202 999 4274 ἀκλόνητον
1029 4207 1325 4276 εὐθυμίαν;
1354 4238 1425 4253 -ο
1468 4211 1524 4265 Ὀ
1556 4216 1665 4278 τοῖς
1698 4216 1758 4268 ἐν

1893 4220 1921 4258 a
1960 4220 2083 4274 qua:
2115 4211 2458 4259 constantem
2490 4203 2819 4257 hilaritatem
2855 4202 3152 4272 praesmnt?
3182 4230 3247 4241 --
3285 4200 3449 4266 Quis-

179 4292 357 4364 ἐνδείᾳ
389 4294 485 4347 καλ⁸
523 4297 961 4367 πτωχευομὲνοις
989 4298 1081 4351 τὸν
1124 4298 1254 4352 ἴδιον
1282 4299 1551 4369 διανέμων
1586 4302 1752 4355 πλοῦ-

1896 4296 1980 4351 uis
2060 4304 2382 4367 paupertate
2420 4303 2475 4350 et
2532 4295 2717 4365 inopia
2770 4294 3149 4348 laborantibus
3179 4310 3308 4364 opes
3342 4294 3445 4346 iiu-

176 4401 286 4451 τον,
319 4384 383 4439 οὐ
429 4386 700 4455 πτωχεύει
732 4388 885 4443 ποτέ.
931 4389 990 4443 '0
1034 4390 1147 4461 γάρ
1179 4390 1346 4445 ἰλεῶν
1391 4393 1607 4464 πτωχὸν
1636 4394 1754 4465 Θεῷ

1890 4389 2022 4443 ertit
2064 4404 2219 4454 suas,
2288 4402 2570 4456 nunquam
2644 4402 2851 4456 pauper
2905 4387 3034 4440 erit.
3088 4384 3303 4439 Etenim
3346 4387 3440 4454 qui

175 4476 433 4543 δανείζει,
463 4479 651 4550 φησίν.
702 4479 1032 4551 ’Δξιόχρεως
1058 4482 1087 4534 ὁ
1130 4482 1529 4554 δανειζόμενος,
1562 4486 1753 4552 πιστὸς

1890 4495 2151 4551 auperum
2214 4480 2543 4545 miseretur,
2604 4478 2814 4534 fenerat
2862 4478 3007 4541 Deo,
3055 4479 3234 4547 inquit
3283 4476 3441 4531 Scri-

174 4570 203 4621 ὁ
231 4568 547 4640 δεχόμενος.
573 4565 731 4625 Οἶδεν
761 4572 976 4628 ἐκτίσαι
1005 4574 1103 4627 σὺν
1133 4575 1280 4646 τόκῳ
1301 4574 1362 4629 τὸ
1380 4575 1553 4631 δοθέν.
1581 4578 1753 4632 Πλού-

1890 4570 2362 4641 tura(Prov.xtx,
2395 4571 2515 4637 17).
2570 4570 2842 4626 Solvendo
2908 4578 2994 4625 est
3051 4569 3141 4625 hic
3192 4570 3433 4625 debitor.
3502 4594 3511 4601 -

176 4677 286 4725 σιος
322 4662 417 4715 καὶ
451 4661 758 4731 φιλότιμος,
787 4664 817 4718 ὁ
839 4664 939 4735 τὴν
970 4662 1065 4718 τοῦ
1092 4664 1532 4738 φιλοικτίρμονος
1563 4683 1749 4739 παρα-

1890 4661 2049 4717 idelis
2068 4670 2155 4717 est
2196 4660 2289 4731 qui
2318 4659 2543 4730 accipit.
2568 4660 2731 4715 Novit
2794 4660 2939 4715 enim
2982 4660 3034 4714 id
3070 4658 3217 4729 quod
3248 4658 3435 4712 datum

1777 4760 1941 4828 Dest
1993 4768 2121 4810 cum
2190 4751 2385 4807 tenore
2442 4751 2770 4807 dissolvere.
2844 4750 3009 4806 Dives
3069 4749 3435 4820 liberalisque

1856 4842 2070 4914 est,qui
2096 4842 2340 4898 hominis
2370 4843 2439 4897 ad
2483 4840 2925 4898 misericordiam
2958 4840 3217 4913 propensi
3251 4840 3425 4910 depo-

1854 4932 2026 4988 situm
2065 4930 2301 4999 accepit.

233 5009 328 5082 Μὴ
357 5011 658 5087 ἀναμείνῃς
686 5014 940 5082 γενέσθαι
973 5017 1228 5089 χρηστὸς,
1257 5017 1377 5073 ἀλλ’
1416 5017 1517 5089 ήδη
1559 5018 1741 5087 γενοῦ.

1924 5022 1981 5076 S.
2002 5020 2155 5091 Greg.
2184 5019 2331 5075 Naz.
2361 5030 2505 5075 orat.
2531 5020 2589 5075 9.
2612 5048 2683 5061 -—
2710 5019 2786 5073 Ne
2817 5020 3001 5075 bonus
3035 5029 3160 5076 esse
3182 5018 3429 5086 diﬂ’eras,

162 5103 285 5157 Οὐκ
316 5104 582 5172 ὁφθήσῃ,
631 5109 788 5177 φησὶ,
835 5109 1012 5175 κενὸς
1053 5108 1313 5164 ἐνώπιόν
1349 5128 1490 5179 μου.
1535 5109 1744 5181 Μηδεὶς

1890 5110 1944 5165 εει
1970 5111 2082 5182 jam
2104 5111 2338 5168 eliicere.
2380 5110 2505 5166 Non
2528 5110 2824 5179 opparebis.
2843 5110 3045 5181 inquit,
3069 5111 3122 5164 in
3148 5121 3426 5179 conspectu

165 5189 308 5243 ὶστω
336 5191 515 5257 κενὸς,
544 5195 680 5263 μηδὲ
705 5197 734 5249 ὁ
764 5196 1038 5267 ἄκαρπος,
1070 5199 1205 5270 μηδέ
1256 5217 1341 5263 τις
1372 5202 1560 5273 στεῖρα
1597 5201 1743 5273 ψυχὴ

1890 5220 1959 5259 ιεο
2008 5220 2207 5259 vacuus
2244 5206 2261 5272 (
2289 5202 2462 5259 Exod.
2486 5219 2644 5267 χχιιι,
2681 5202 2808 5273 15).
2836 5202 3031 5257 Nullus
3052 5217 3184 5271 ergo
3216 5217 3424 5258 vacuus

167 5280 261 5332 καὶ
299 5281 515 5349 ἄγονος.
551 5283 825 5348 Ἕκαστος
854 5288 919 5339 ἐκ
949 5288 1057 5341 τῶν
1086 5289 1371 5361 παρόντων
1401 5293 1745 5361 καρποφορεῖ

1894 5305 1913 5350 t
1962 5304 2018 5351 et
2071 5296 2473 5352 infructuosus.
2530 5293 2690 5349 Nulla
2742 5296 2926 5349 anima
2975 5294 3183 5348 sterilis
3248 5294 3341 5360 sit,
3368 5303 3423 5349 et

162 5364 240 5460 τῷ
261 5366 425 5460 Pagi,
461 5370 557 5423 καὶ
601 5373 711 5425 τῶν
758 5374 993 5429 οἰκείων.
1020 5407 1093 5418 --
1131 5378 1603 5450 Μεταποιηθῶμεν
1641 5379 1742 5451 τῆς

1890 5389 2000 5445 role
2043 5398 2242 5447 careat.
2300 5389 2691 5460 Unusquisque
2718 5404 2783 5443 ex
2819 5386 3178 5457 praesentibus
3237 5385 3416 5452 bonis,

164 5452 374 5557 έκείθεν
398 5457 817 5533 λαμπρότητος·
845 5466 903 5518 ὲν
944 5466 1169 5530 κόλποις
1204 5467 1453 5538 Ἀϐραὰμ
1487 5470 1608 5523 ἀντὶ
1640 5472 1739 5542 τῆς

1890 5520 1892 5530 ι
1922 5498 2045 5552 quae
2066 5482 2173 5538 sibi
2214 5481 2434 5552 propria
2472 5452 2624 5545 sunt,
2666 5478 2779 5535 Deo
2810 5452 3022 5533 oﬂ‘erat.
3050 5507 3122 5517 ——
3152 5476 3417 5546 Splendo-

164 5543 415 5601 ἐντεῦθεν
447 5551 855 5625 εὐσπλαγχνίας
900 5558 1385 5630 ἀναπαυσώμεθαο
1432 5562 1622 5633 Κρῖμα
1654 5562 1737 5616 δί-

1890 5584 1961 5625 3m
2028 5571 2309 5627 cmlestem
2360 5569 2708 5635 ambiamus;
2755 5569 2813 5624 in
2863 5569 2985 5625 sinu
3029 5567 3265 5623 Abrahae
3316 5583 3415 5638 pro

1941 3568 2001 3625 S.
2038 3565 2255 3637 Cyrilli.
2290 3593 2359 3601 —
2385 3560 2761 3628 Elcemosynie
2822 3569 3016 3613 natura
3046 3572 3131 3615 est
3163 3567 3222 3613 ut
3263 3575 3472 3629 expur-

1869 3671 1961 3731 get
2025 3666 2253 3730 peccata
2334 3675 2348 3710 :
2404 3654 2783 3723 superexaltat
2847 3652 3147 3722 judicium,
3204 3654 3461 3723 supplicii

1878 3752 2155 3806 ﬂammam
2223 3747 2458 3815 mitigat,
2486 3744 2728 3814 judicem
2774 3746 2982 3807 ilectit;
3027 3746 3137 3807 vel,
3166 3753 3221 3799 ut
3250 3746 3462 3800 rectius

173 4750 497 4824 καταθήκην
530 4752 733 4808 λαϐὼν.

1670 5673 1907 5735 NOTAE.

220 5749 1388 5845 gaudiali..Syiubolanhaic-inscribitur,
1422 5768 1515 5821 τοῦ
1547 5770 1703 5839 ἁγίου
1733 5772 1796 5827 Κι

1890 5774 2030 5845 λλου,
2062 5776 2127 5830 ἐκ
2174 5775 2270 5829 τοῦ
2325 5772 2367 5829 ε’
2420 5774 2581 5844 λογου
2620 5770 2727 5830 τῶν
2762 5770 2899 5828 κατά
2936 5770 3244 5829 Ἰουλιανοῦ.
3298 5770 3402 5828 Sed

162 5835 265 5879 non
288 5835 541 5882 occurrit
578 5830 632 5883 in
659 5830 821 5887 libris
841 5831 1031 5904 Cyrilli
1064 5846 1255 5893 contra
1284 5836 1583 5896 lulianum.

1876 3842 2096 3912 loquar,
2161 3854 2289 3892 cum
2330 3836 2437 3890 Deo
2472 3837 2720 3902 capulat,
2759 3836 2811 3889 in
2850 3846 3168 3892 sanctorum
3228 3839 3458 3892 ascribit
3552 3857 3557 3863 ·
