4206 6442
711 347 842 414 1471

1867 360 1930 421 S.
1972 360 2295 424 JOANNIS
2332 364 2765 429 DAMASCENI

3852 363 3989 431 ῙΠΞ

711 464 1093 521 misericordia
1151 466 1277 522 istic
1298 467 1551 523 exhibita
1587 470 2046 541 requiescamus;
2079 472 2293 543 justum

2415 497 2557 533 ιαιον
2604 481 2919 553 κρίνωμεν·
2956 482 3274 553 ὲξελιῦμεθα
3324 482 3536 553 πένητα
3582 483 3679 536 καὶ
3733 489 3987 553 πτωχὸν·

704 556 978 625 judiciuni
1013 558 1373 627 judicemus,
1427 562 1735 628 eripiamus
1773 575 2290 638 pauperemetege-

709 664 865 718 num;
892 649 1072 705 vidua:
1084 658 1140 704 et
1160 652 1356 721 pupilli
1380 668 1485 709 nos
1506 654 1770 710 misereat
1792 674 1806 720 ;
1836 655 2178 713 redimamus
2198 674 2296 716 eos

707 742 803 807 qui
825 743 985 797 morti
1005 742 1338 807 traduntur;
1370 760 1440 801 ne
1462 745 1810 817 negligamus
1824 763 1926 804 eos
1950 750 2169 820 quiopc
2200 766 2299 806 no-

709 839 825 887 stra
860 834 1135 903 indigent;
1166 853 1235 893 ne
1292 847 1684 907 praetereamus
1720 854 1847 895 eum
1878 841 1975 912 qui
2012 842 2301 900 ulceribus

709 934 921 991 scatet;
943 942 1011 981 ne
1026 927 1249 985 deliciis
1270 930 1680 1002 indulgeamus,
1698 932 1908 988 aliisin
1923 948 2172 988 aerumna
2188 949 2303 990 ver-

711 1017 995 1085 santibus;
1015 1035 1082 1075 ne
1097 1035 1425 1077 conservum
1442 1030 1692 1079 nostrum
1704 1024 2302 1096 exsecremur.Nequa-

710 1122 911 1175 quam,
939 1125 975 1165 ο
1010 1112 1173 1166 amici
1208 1120 1264 1167 et
1288 1111 1515 1180 fratres,
1537 1128 1570 1168 a
1603 1115 1793 1171 divitis
1816 1116 2071 1186 partibus
2093 1118 2297 1185 simus,

714 1216 784 1254 ne
851 1201 909 1256 in
968 1202 1201 1259 flammis
1254 1206 1667 1274 escruciemur,
1720 1218 1992 1279 vastoque
2044 1209 2205 1264 hiatu
2265 1226 2297 1264 a

714 1294 927 1350 sanctis
955 1294 1309 1352 dirimamur.
1365 1299 1560 1370 Neque
1608 1301 1836 1357 tandem
1882 1301 2157 1358 Lazarum
2198 1320 2299 1359 ex-

714 1398 877 1438 urare
892 1398 1179 1455 cogamur,
1205 1395 1266 1442 ut
1286 1388 1539 1444 adustam
1567 1391 1810 1459 linguam
1839 1401 2089 1449 extremo
2125 1395 2301 1464 digito

714 1474 1025 1546 refrigeret.
1070 1478 1369 1550 Benignos,
1405 1481 1596 1538 faciles
1649 1492 1707 1539 et
1735 1483 2128 1540 misericordes
2200 1501 2302 1541 nos

719 1567 1084 1631 praebeamus.
1162 1570 1381 1625 Domini
1412 1572 1811 1641 benignitatem
1861 1575 2169 1641 imitemur,
2196 1577 2293 1646 qui

715 1656 848 1708 oriri
914 1658 1089 1712 solem
1154 1674 1317 1715 suum
1376 1662 1509 1718 facit
1563 1680 1731 1734 super
1764 1665 1961 1724 honos
2008 1675 2065 1724 et
2124 1668 2299 1722 tnalos

718 1745 952 1816 (Matth.
1037 1766 1091 1816 v,
1142 1750 1269 1822 tib),
1313 1768 1615 1827 omnesque
1665 1756 1847 1828 pluvia
1908 1775 2007 1815 sua
2072 1760 2300 1831 perinde

718 1840 837 1894 alit.

789 1929 850 1986 S.
875 1930 1028 2002 Creg.
1048 1930 1191 1989 Nos.
1214 1945 1357 1990 orat.
1380 1936 1850 1995 i6.—leestem
1872 1940 2021 1995 illam
2054 1941 2301 2010 requiem

720 2039 1070 2094 quaeramus;
1109 2025 1278 2095 hujus
1308 2026 1437 2083 vita:
1468 2026 1771 2086 facultates
1791 2040 1846 2086 et
1872 2047 2009 2103 opes
2039 2034 2301 2102 projicia-

723 2131 883 2181 ntus;
908 2119 1057 2186 quod
1089 2118 1143 2171 in
1170 2118 1241 2174 iis
1267 2119 1472 2175 bonum
1492 2130 1600 2186 est,
1630 2123 1799 2192 hujus
1846 2125 2118 2180 duntaxat
2157 2141 2305 2196 quae-

724 2220 874 2262 stum
912 2207 1217 2277 faciamus;
1241 2211 1458 2269 animas
1486 2225 1706 2272 nostras
1721 2216 2086 2288 eleemosynis
2107 2218 2306 2289 acqui-

725 2312 920 2353 ramus
951 2306 1009 2354 et
1033 2314 1319 2367 emamus;
1344 2302 1487 2357 bona
1515 2312 1709 2359 nostra
1735 2307 2079 2375 pauperibus
2101 2307 2306 2377 imper-

722 2390 955 2455 tiainur,
982 2401 1039 2445 ut
1068 2396 1331 2461 superuis
1359 2395 1477 2452 illis
1505 2398 1710 2468 opibus
1754 2398 2065 2454 aflluamus.
2087 2401 2304 2456 Animae

722 2490 907 2535 etiam.
939 2499 1051 2538 non
1078 2485 1180 2539 soli
1203 2486 1466 2552 carni,da
1491 2497 1736 2557 partem;
1757 2492 1825 2543 da
1854 2499 2065 2560 partem
2090 2500 2146 2546 et
2167 2490 2303 2559 Deo,

726 2589 827 2627 nec
858 2574 960 2629 soli
1021 2576 1264 2644 mundo;
1300 2579 1480 2634 ventri
1533 2580 1796 2650 quiddam
1838 2583 2126 2645 subtrahe,
2157 2587 2305 2655 quod

728 2665 964 2735 Spiritui
1024 2682 1362 2735 consecres;
1403 2687 1471 2726 ex
1520 2672 1647 2743 igne
1710 2674 1994 2744 quideam
2029 2676 2208 2746 eripe,
2252 2684 2309 2732 et
2357 2675 2361 2678 ’

728 2758 1000 2828 tantisper
1028 2774 1060 2813 a
1092 2762 1426 2831 deposcente
1460 2763 1678 2820 ﬂamma
1738 2781 2005 2834 remove;
2038 2776 2309 2839 extorque

727 2866 757 2903 a
800 2860 1059 2920 tyranno,
1112 2861 1174 2907 et
1220 2852 1457 2909 Domino
1507 2857 1818 2911 committe.
1861 2857 1937 2912 Da
1968 2874 2162 2929 parum
2193 2861 2306 2916 eia

726 2957 839 3010 quo
904 2944 1145 3013 amplius
1200 2947 1486 3016 acceperis
1523 2965 1536 3001 :
1568 2948 1681 3002 imo
1714 2950 1885 3005 etiam
1919 2950 1967 3005 ei
1995 2952 2091 3021 qui
2123 2954 2308 3009 omnia

726 3035 995 3103 elargitus
1021 3046 1127 3099 est,
1165 3038 1458 3095 universas
1490 3055 1626 3110 opes
1654 3040 1808 3095 dato.
1842 3041 2144 3113 Nunquam
2178 3045 2308 3099 vin-

725 3140 820 3179 aes
884 3126 1322 3181 munificentiam
1365 3126 1495 3195 Dei;
1537 3131 1904 3201 quantumvis
1956 3135 2302 3203 erogaveris,

2397 571 2577 641 χήραν
2606 574 2700 626 καὶ
2726 574 2966 645 ὀρφανὸν
2993 576 3346 646 ἐλεήσωμενο
3376 574 3741 646 ὲκπριὼμεθα
3774 593 3991 629 κτεινο-

2404 663 2604 731 μένους
2678 666 2755 737 μὴ
2779 666 3103 737 παρίδωμεν
3134 667 3227 721 τὸν
3251 668 3511 738 δεόμενον
3540 667 3699 737 ἡμῶν
3720 684 3739 700 ο
3772 668 3851 738 μὴ
3886 686 3993 722 πα·

2408 749 2785 821 ραδράμωμεν
2806 752 2899 805 τὸν
2925 754 3248 824 ἡλκωμένον
3263 771 3279 784 ⁸
3314 755 3391 825 μὴ
3414 758 3789 826 τρυφήσωμεν
3812 757 3993 811 ἄλλων

2405 841 2899 897 κακοπαθούντων
2927 846 3003 915 μὴ
3035 846 3419 916 βδελυεῶμεθα
3444 851 3539 902 τὸν
3561 849 3887 917 ὁμόδουλον
3914 850 3993 919 μὴ

2406 934 2553 1001 φίλοι
2580 936 2677 989 καὶ
2707 936 2933 1007 ἀδελφοὶ
2959 938 3251 1011 γενώμεθα
3279 941 3384 1010 τῆς
3406 939 3502 996 τοῦ
3535 940 3793 995 πλουσίου
3829 943 3993 1012 μερί-

2401 1025 2515 1090 δος,
2548 1027 2686 1097 μηδὲ
2710 1029 3065 1101 ὀδυνηθῶμεν
3086 1033 3146 1086 έν
3174 1036 3242 1103 τῇ
3273 1034 3468 1102 olori;
3505 1033 3643 1103 μηδὲ
3697 1034 3780 1104 τῷ
3826 1035 3995 1103 lupi.

2406 1132 2579 1187 σματι
2608 1119 2922 1189 διαστῶμεν
2972 1121 3087 1177 ἀπὸ
3135 1123 3250 1177 τῶν
3275 1125 3479 1178 ὁσιωνι
3522 1124 3659 1194 μηδὲ
3705 1124 3997 1194 δεηθῶμεν

2405 1210 2662 1280 Λαζάρου
2688 1211 2784 1265 τοῦ
2815 1212 3051 1282 πένητος
3069 1213 3230 1285 ἄκρῳ
3257 1215 3514 1286 δακτύλῳ
3545 1215 3859 1285 καταψύξει
3895 1217 3997 1282 τὴν

2403 1302 2659 1371 γλῶσσαν
2687 1304 2848 1375 ἡμῶν
2878 1304 3245 1376 φλεγομένην.
3278 1308 3320 1361 Γ
3321 1306 3577 1378 ενώμεθα
3603 1309 3859 1378 χρηστοὶ,
3900 1307 3995 1360 εὖ·

2408 1392 2731 1465 σπλαγχνοι,
2766 1396 3097 1466 συμπαθεῖς.
3140 1399 3535 1470 Μιμησώμεθα
3573 1401 3670 1454 τοῦ
3709 1401 3991 1454 Δεσπότου

2406 1486 2504 1556 τὴν
2532 1488 2869 1557 ἀγαθότητα,
2904 1490 2967 1553 ὃς
3000 1491 3284 1545 ἀνατέλλει
3314 1492 3411 1546 τὸν
3438 1493 3593 1562 ἧλιον
3622 1493 3854 1561 ἀγαθοῖς
3896 1493 3995 1546 καὶ

2403 1580 2685 1649 πονηροῖς,
2721 1581 2817 1635 καὶ
2846 1582 3038 1652 τρέφει
3066 1585 3134 1654 τῇ
3167 1582 3339 1655 βροχῇ
3370 1584 3582 1648 πάντας
3607 1585 3836 1654 ὁμοίως.

2485 1932 2825 2003 Ζητήσωμεν
2850 1930 2950 2002 τὴν
2979 1929 3193 1984 ἐκεῖθεν
3231 1931 3579 1985 ἀνάπαυσιν·
3614 1931 3866 2001 ῥίψωμεν
3903 1932 4004 2000 τὴν

2413 2024 2664 2078 ἐντεῦθεν
2708 2023 3069 2094 περιουσίαν
3112 2021 3142 2076 δ
3189 2021 3356 2077 καλόν
3403 2023 3523 2075 ἑστι
3568 2023 3796 2090 ταύτης,
3843 2022 4007 2075 τοῦτο

2417 2118 2577 2189 μόνον
2612 2116 3000 2188 κερδάνωμεψ
3043 2114 3379 2185 κτησώμεθα
3413 2113 3515 2178 τὰς
3558 2115 3775 2168 ἑαυτων
3823 2114 4006 2183 Quia;

2412 2212 2473 2263 ὲν
2504 2207 2901 2280 ὲλεημοσύναις
2923 2224 2938 2238 ·
2978 2206 3301 2277 μεταδῶμεν
3332 2204 3447 2269 ,τῶν
3476 2205 3650 2260 ὀντων
3685 2208 3798 2268 τοῖς
3836 2207 4007 2274 πένῃ-

2415 2319 2521 2368 σιν,
2566 2302 2653 2354 ἵνα
2681 2301 2751 2354 τὰ
2810 2298 3026 2353 ἐκεῖθεν
3074 2299 3511 2368 πλουτήσωμεν·
3544 2295 3635 2360 δὸς
3675 2296 3875 2367 μερίδι
3910 2299 4007 2349 καὶ

2412 2396 2480 2466 τῇ
2511 2394 2680 2465 ψυχῇ,
2726 2392 2805 2464 μὴ
2846 2395 2913 2464 τῇ
2966 2390 3138 2461 σαρκὶ⁵
3182 2388 3378 2459 μόνον’
3407 2388 3497 2451 δὸς
3555 2388 3755 2459 μερίδα
3797 2388 3898 2441 καὶ
3927 2387 4007 2458 τῷ

2413 2487 2557 2558 Θεῷ,
2588 2488 2665 2557 μὴ
2708 2485 2789 2556 τῷ
2831 2484 3025 2556 κόσμῳ
3075 2483 3238 2553 μόνον
3261 2501 3273 2513 ο
3308 2481 3473 2551 ὖφελέ
3506 2498 3560 2534 τι
3608 2480 3709 2552 τῆς
3737 2480 4002 2549 γαστρὸς.

2414 2578 2492 2651 τῷ
2522 2578 2799 2648 πνεύματι
2843 2574 3222 2647 καθιέρωσον·
3272 2573 3520 2645 ἆρπασόν
3566 2591 3621 2626 τι
3646 2572 3743 2627 τοῦ
3785 2573 4001 2644 πυρός·

2415 2672 2621 2727 ἀπόθου
2661 2668 2860 2741 μικρὸν
2899 2668 3008 2722 ἀπὸ
3028 2670 3131 2738 τῆς
3153 2664 3465 2737 νεμομένης
3494 2665 3696 2734 φλογός
3713 2683 3728 2696 ο
3750 2665 4007 2735 ἅρπασον

2415 2780 2511 2815 του
2534 2759 2835 2831 τυράννου,
2858 2757 2954 2810 καὶ
2979 2756 3277 2808 πίστευσον
3299 2752 3378 2823 τῷ
3400 2752 3672 2823 Δεσπότῃ.
3702 2751 3803 2813 Δὸς
3824 2749 4007 2814 ὀλίγον

2419 2852 2553 2924 παρ’
2579 2846 2640 2906 οὗ
2664 2850 2728 2903 τὸ
2778 2848 2944 2903 πλέον
2994 2846 3141 2917 ἔχεις
3162 2863 3179 2879 ·
3209 2844 3299 2909 δὸς
3343 2844 3438 2898 καὶ
3473 2843 3538 2896 τὸ
3568 2844 3685 2896 πᾶν
3710 2841 3791 2912 τῷ
3826 2841 4009 2896 πάντα

2418 2941 2806 3016 χαρισαμένῳ.
2826 2940 3104 2995 Οὐδέποτε
3134 2939 3385 3009 νικήσεις
3407 2935 3829 3007 μεγαλοδωρεάν
3844 2932 4007 2994 Θεοῦ,

2417 3035 2543 3088 ὅσον
2578 3034 2675 3085 εὰν
2707 3030 3047 3101 εἰσενέγκῃς,
3087 3027 3273 3081 πλεῖον
3302 3027 3392 3081 ἀεὶ
3429 3025 3493 3079 τὸ
3524 3024 3883 3094 λειπόμενον·
3915 3024 4010 3077 καὶ

2420 3129 2579 3183 οὐδὲν
2624 3128 2819 3190 δώσεις
2869 3126 3022 3189 ἴδιον,
3073 3124 3158 3178 δτι
3188 3123 3260 3175 τὰ
3300 3122 3484 3175 πάντα
3509 3120 3663 3187 παρά
3693 3118 3857 3172 θεοῦ.
3900 3119 4011 3171 Καὶ

726 3229 946 3286 semper
989 3219 1059 3272 ab
1096 3234 1159 3273 ea
1193 3220 1390 3288 procul
1442 3222 1646 3276 aberis.
1680 3221 1825 3288 Quin
1876 3239 1980 3278 nec
2008 3224 2307 3296 quidquam

2420 3219 2614 3289 ῶσπερ
2643 3219 2746 3271 οὐκ
2778 3216 2929 3269 ἔστιν
2972 3214 3280 3284 ὑπερϐῆναι
3306 3211 3407 3283 τὴν
3437 3210 3637 3265 ἑαυτοῦ
3676 3209 3864 3275 σκιεῖιν,
3886 3208 4012 3263 οὐδὲ

727 3306 875 3374 quod
911 3316 1065 3361 tuum
1117 3308 1216 3372 sit,
1255 3307 1492 3365 daturus
1543 3326 1607 3366 es
1640 3326 1654 3363 :
1686 3312 2137 3382 quandoquidem
2169 3330 2310 3370 cun-

726 3409 815 3455 cta
839 3416 903 3454 ex
938 3399 1049 3453 Deo
1077 3409 1230 3455 sunt.
1263 3400 1331 3455 Et
1364 3403 1834 3472 quemadmodum
1870 3405 1986 3460 tieri
2024 3407 2217 3477 nequit
2252 3416 2313 3460 ut

729 3495 987 3547 umbram
1009 3493 1177 3565 480
1202 3503 1451 3551 nostram
1480 3497 2023 3567 praetergrediamur,
2066 3510 2160 3555 aut
2191 3515 2314 3555 mo-

731 3594 811 3636 les
844 3584 1101 3650 corporis
1138 3597 1306 3650 supra
1344 3592 1517 3653 caput
1556 3597 1833 3656 assurgat,
1874 3587 1956 3641 sic
1984 3603 2088 3642 nec
2116 3604 2315 3643 mune-

731 3673 885 3726 ribus
915 3672 1128 3727 nostris
1182 3671 1329 3728 Deus
1360 3673 1508 3729 vinci
1577 3683 1777 3745 potest.
1809 3674 1998 3747 Neque
2050 3680 2198 3732 enim
2262 3679 2312 3733 ei

730 3760 1036 3831 quidquam
1066 3760 1264 3817 damus
1294 3763 1442 3832 quod
1472 3772 1626 3819 extra
1651 3765 1794 3819 bona
1829 3766 2007 3835 ipsius
2035 3768 2129 3821 sit.
2160 3768 2317 3824 Unde

735 3858 830 3910 tibi
865 3856 1055 3911 isthaec
1083 3857 1290 3921 omnia,
1311 3868 1365 3914 et
1388 3873 1418 3910 a
1450 3858 1727 3927 quonam?
1753 3859 1890 3925 Quis
1912 3860 2079 3916 donis
2095 3862 2317 3917 vincere

736 3948 907 4002 Deum
943 3949 1310 4017 queat?Qttis
1352 3950 1450 4004 tibi
1495 3950 1603 4005 ltoc
1633 3950 1810 4014 dedit,
1851 3952 2000 4022 quod
2027 3954 2152 4008 caeli
2188 3955 2315 4023 pul-

734 4038 1108 4093 chritudinem
1136 4040 1373 4093 cernas?
1395 4040 1540 4109 quod
1575 4041 1714 4096 solis
1734 4056 1988 4107 cursum,
2025 4046 2171 4113 quod
2206 4046 2317 4099 cir-

737 4129 951 4183 t-nittnn
1007 4130 1172 4196 bime,
1212 4130 1363 4199 quod
1421 4132 1665 4185 siderum
1704 4133 2137 4199 multitudinem,
2165 4150 2319 4190 eam.

2422 3310 2565 3380 ὑπὲρ
2595 3309 2694 3380 τὴν
2720 3305 2967 3378 κεφαλὴν
2988 3303 3249 3374 γενέσθαι
3272 3302 3528 3372 σώματος
3556 3299 3814 3374 μέγεθος,
3834 3298 4012 3362 οὕτως

2421 3404 2543 3456 οὐδὲ
2594 3397 2676 3464 οἷς
2703 3402 2919 3470 δίδομεν
2954 3399 3178 3468 νικῆσαι
3206 3395 3363 3450 Θεόν.
3396 3394 3474 3448 Οὐ
3526 3394 3636 3464 γὰρ
3662 3393 3770 3457 ἔξω
3812 3409 3871 3446 τι
3898 3391 4012 3444 τῶν

2421 3493 2589 3546 αὐτού
2620 3491 2875 3560 δίδωμεν.
2926 3486 3102 3540 Πόθεν
3139 3503 3224 3539 σοι
3262 3484 3439 3537 ταῦτα
3468 3483 3670 3547 πάντα,
3701 3481 3803 3536 καὶ
3853 3481 4012 3551 παρά

2420 3601 2607 3649 τινος;
2639 3583 2736 3645 Τις
2768 3580 2995 3635 δύναται
3023 3577 3251 3647 νικῆσαι
3295 3575 3431 3629 Θεον
3458 3579 3576 3638 τοῖς
3626 3574 4011 3644 χαρίσμασιν;

2423 3678 2520 3741 Τίς
2551 3675 2751 3729 ἔδωκέν
2786 3692 2869 3727 σοι
2916 3671 3117 3735 καλλος
3154 3668 3387 3741 ούρανοῦ
3421 3668 3663 3738 βλέπειν,
3694 3664 3852 3736 ἡλίου
3883 3665 4013 3734 δρό-

2429 3785 2549 3837 μον,
2586 3765 2817 3835 σελήνης
2850 3762 3073 3824 κύκλον,
3109 3760 3357 3829 ἀστέρων
3397 3757 3628 3828 πλῆθος,
3660 3756 3757 3809 καὶ
3791 3756 3852 3807 ὲν
3882 3755 4014 3806 τού-

2423 3875 2541 3921 τοις
2576 3858 2763 3918 πᾶσιν,
2792 3854 2988 3923 ῶσπερ
3027 3854 3085 3904 ἐν
3113 3851 3277 3922 λύρα,
3323 3849 3696 3920 εὐαρμοστίαν
3725 3848 3825 3901 καὶ
3856 3846 4014 3914 τάξιν

2424 3947 2688 4011 ὼσαύ.ως
2726 3947 2984 4017 ἔχουσαν,
3023 3943 3186 4015 ὡρῶν
3228 3942 3503 4010 ἀλλαγὰς,
3535 3940 3847 4010 μεταϐολὰς
3890 3958 4015 3994 και-

2428 4039 2559 4111 ρῶν,
2596 4038 2865 4092 ἐνιαυτῶν
2895 4035 3214 4107 περιόδους,
3254 4035 3472 4106 ἡμέρας
3514 4034 3610 4087 καὶ
3638 4031 3840 4094 νυκτὸς
3898 4034 4015 4085 ἰσο-

2430 4130 2670 4202 μοιρέαν,
2700 4128 2804 4198 γῆς
2829 4128 3110 4197 ἐκφύσεις,
3133 4127 3296 4198 ἀέρος
3327 4127 3508 4197 χύσιν,
3530 4125 3711 4193 πλάτη
3733 4123 4015 4193 θαλάσσης

736 4236 868 4288 que,
925 4234 1049 4288 quae
1113 4220 1170 4274 in
1211 4220 1302 4274 bis
1345 4222 1606 4277 omnibus
1658 4223 1811 4278 velut
1871 4227 1924 4279 in
1957 4225 2081 4297 lyra
2113 4226 2315 4294 elucet,

738 4311 1195 4378 concinnitatem,
1250 4322 1416 4382 atque
1448 4314 1700 4369 ordinem
1757 4331 1976 4386 semper
2008 4334 2068 4373 se
2124 4318 2318 4374 eodem

2426 4223 2731 4294 λελυμένης
2761 4222 2858 4275 καὶ
2906 4220 3229 4291 ἱσταμένης,
3272 4218 3413 4289 βάθη
3441 4216 3737 4288 ποταμῶν,
3794 4215 4016 4286 ἀνέμων

2430 4315 2714 4384 datiuum;
2770 4311 2867 4374 Ti;
2915 4310 3129 4373 ὑετοὺς,
3164 4309 3465 4380 γεωργίαν,
3517 4306 3753 4378 τροφὰς,
3787 4305 4016 4376 τέχνας,

740 4404 905 4459 modo
941 4404 1257 4469 habentem,
1288 4415 1685 4477 tempestatum
1716 4409 2162 4473 vicissitudines,
2183 4419 2307 4465 tem-

2428 4408 2710 4475 οἰκήσεις,
2749 4403 2915 4457 πόθεν
2948 4421 3030 4456 σοι
3074 4402 3187 4456 τῶν
3234 4399 3410 4466 ζώων,
3465 4400 3534 4453 τὰ
3569 4399 3669 4469 μὲν
3723 4397 4016 4470 ἡμέρωται

740 4510 938 4564 porum
1006 4496 1366 4559 mutationes.
1425 4500 1826 4555 conversiones
1873 4516 2175 4565 annorum,
2210 4503 2307 4557 diei

2430 4502 2525 4552 καὶ
2564 4498 2923 4563 ὑπέζευκται,
2956 4497 3025 4551 τὰ
3078 4494 3136 4548 δὲ
3182 4494 3362 4565 τροφὴ
3392 4492 3749 4564 παραδίδοται
3767 4491 4016 4593 .-Τίςοσε

741 4588 1035 4658 noctisque
1068 4589 1311 4658 aequales
1331 4591 1691 4660 partitiones,
1714 4599 1878 4647 terra!
1898 4591 2307 4663 productiones,

2427 4592 2633 4662 Κύριον
2652 4592 2748 4647 καὶ
2776 4589 3003 4661 βασιλέα
3030 4589 3248 4642 πάντων
3268 4586 3606 4657 κατέστησεν
3629 4585 3723 4637 ἐπὶ
3750 4582 3856 4653 τῆς
3874 4582 4015 4652 γῆςς

740 4681 1142 4750 cxpansionem
1201 4682 1371 4747 aeris,
1408 4682 1810 4753 amplitudines
1865 4684 2042 4739 maris
2068 4683 2198 4738 fluxi
2239 4684 2307 4740 si-

2430 4679 2551 4737 εἶτα
2582 4683 2685 4737 οὐκ
2738 4680 3114 4752 αἰσχυνόμεθα
3162 4681 3212 4732 εἰ
3248 4677 3494 4733 τοσαῦτα
3531 4677 3665 4747 παρ’
3708 4674 3906 4738 αὐτοῦ,
3950 4672 4019 4726 τὶ

745 4771 858 4826 mul
886 4780 944 4828 et
962 4773 1207 4838 stabilis,
1240 4772 1554 4843 profundos
1582 4775 1873 4830 fluminum
1898 4776 2167 4848 gurgites,
2194 4792 2307 4832 ven-

2433 4774 2532 4844 μὲν
2559 4773 2843 4836 λαϐόντες,
2869 4773 2940 4825 τὰ
2967 4772 3025 4825 δὲ
3052 4770 3391 4835 ἐλπίζοντες,
3426 4768 3562 4840 μηδὲ
3602 4767 3662 4820 ἓν
3699 4764 3867 4819 τούτο
3902 4765 4018 4818 εισ-

741 4872 862 4918 tum
892 4865 1151 4936 impetus.
1196 4865 1336 4933 Quis
1366 4866 1586 4935 pluvias
1639 4867 1883 4937 praebet?
1912 4883 2173 4938 agrorum
2197 4870 2307 4923 cul-

2426 4866 2649 4931 οἰσομεν
2674 4862 2755 4935 τῷ
2786 4864 3057 4935 Δεσπότῃ,
3088 4861 3151 4915 τὸ
3176 4860 3560 4931 φιλάνθρωπον
3582 4875 3600 4926 ;

742 4963 948 5024 turam,
1002 4970 1184 5024 escas,
1244 4965 1418 5025 artes,
1468 4958 1709 5016 domos?
1740 4959 1886 5019 unde
1944 4961 2117 5020 habes
2176 4962 2325 5032 quod
2364 4958 2671 5015 animantia
2705 4957 2906 5028 partim
2963 4957 3062 5010 tibi
3134 4956 3404 5018 cicurata,
3444 4954 3812 5023 subiectaque
3861 4957 4019 5013 sunt,

746 5051 1023 5118 partimin
1047 5053 1371 5108 alimentum
1406 5054 1649 5110 cedunt?
1675 5055 1814 5122 Quis
1844 5065 1900 5113 te
1929 5056 2215 5113 dominum
2268 5066 2325 5113 et
2390 5071 2569 5126 regem
2622 5053 2873 5109 omnium
2932 5053 2989 5110 in
3043 5059 3193 5107 terra
3242 5049 3575 5106 constituit?
3607 5048 3691 5100 An
3724 5062 3836 5101 non
3887 5060 4020 5100 vero

744 5157 849 5198 nos
875 5144 1123 5213 pudebit,
1151 5161 1278 5200 cum
1315 5154 1397 5201 tot
1446 5162 1513 5203 ac
1568 5156 1716 5204 tanta
1772 5151 1845 5205 ab
1907 5167 1975 5208 eo
2031 5158 2233 5223 partim
2290 5151 2698 5221 acceperimus,
2752 5149 2955 5220 partim
3017 5161 3349 5218 speremus,
3400 5145 3447 5200 si
3511 5158 3577 5198 ne
3632 5143 3739 5198 hoc
3790 5140 4018 5212 quidem

748 5253 922 5293 unum
1010 5236 1124 5294 Deo
1178 5238 1418 5296 Domino
1484 5242 1862 5309 conferamus,
1926 5246 2327 5301 humanitatem
2357 5243 2611 5301 scilicet?

821 5389 965 5449 Ibid.
995 5424 1066 5435 —
1093 5393 1249 5459 Quod
1286 5396 1331 5451 si
1368 5396 1416 5452 is
1435 5412 1731 5467 pauperem
1758 5399 1961 5469 probro
1987 5399 2173 5466 allicit,
2199 5416 2307 5456 eun

2508 5400 2571 5454 Ei
2600 5401 2629 5454 ὁ
2666 5399 2952 5471 ἀτιμάζων
2999 5398 3226 5468 πένητα,
3263 5396 3553 5467 παροξύνει
3585 5395 3677 5450 τὸν
3709 5411 4021 5464 ποιησαντα

748 5485 843 5553 qui
902 5484 1056 5539 illum
1109 5484 1357 5543 condidit
1388 5488 1458 5543 ad
1514 5490 1862 5545 iracundiam
1914 5500 2199 5562 provocat,
2238 5493 2307 5546 illi

2435 5493 2621 5554 αὑτὸν,
2656 5494 2795 5562 τιμᾷ
2825 5491 2918 5545 τὸν
2946 5491 3174 5559 ποιητὴν
3210 5492 3238 5542 ὁ
3264 5488 3542 5558 περιέπων
3569 5487 3632 5541 τὸ
3657 5487 3872 5556 ποίημα
3892 5503 3907 5516 ·
3956 5486 4019 5539 Ὃ

754 5574 1001 5644 profecto
1033 5575 1302 5633 factorem
1333 5579 1597 5646 honorat,
1641 5581 1735 5652 qui
1773 5598 1913 5653 opus
1938 5583 2119 5654 ipsms
2157 5583 2301 5639 fovet

2435 5583 2627 5638 ἐλεῶν
2651 5584 2916 5651 πτωχὸν,
2952 5581 3075 5648 Θεῷ
3112 5578 3384 5643 δανείζει,
3424 5578 3608 5650 οησίν.
3648 5577 3745 5640 Τίς
3772 5579 3835 5630 ού
3865 5577 4020 5647 δέχε-

759 5663 985 5721 Fcnerat
1048 5667 1275 5723 Domino
1326 5670 1418 5739 qui
1476 5671 1755 5725 miseretur
1815 5675 2105 5742 pauperis,
2151 5675 2301 5745 inqui

2437 5694 2527 5730 ται
2563 5676 2851 5747 χρεώστην
2893 5675 3245 5729 ἀποδώσοντα
3278 5676 3335 5725 ἐν
3367 5673 3546 5743 καιρῴ
3579 5672 3722 5741 μετὰ.
3765 5671 3863 5737 τῆς
3896 5672 3993 5721 ἐπι

755 5753 1041 5824 Scriptura
1082 5754 1287 5825 (Prov.
1351 5774 1460 5824 xix,
1522 5758 1649 5822 l7).
1682 5759 1819 5827 Quis
1877 5760 2181 5819 debitorem
2245 5780 2302 5820 rc

2446 5766 2690 5832 κσρπίας
2743 5766 2803 5820 τὸ
2849 5765 3075 5820 δάνειον.
3134 5761 3559 5834 Ἐλεημτιςύιαις
3611 5761 3708 5815 xa‘.
3767 5760 4019 5813 πίστεσιν
