4206 6442
220 380 349 444 1473

1473 390 1606 451 SAC
1616 391 1711 452 ΒΑ
1746 392 2215 459 PARALLELA.

3340 425 3476 491 1474

215 491 675 563 ἀποκαθαίρονται
725 494 1015 565 ἁμαρτίαι.
1064 494 1449 567 Καθαρθῶμεν
1491 497 1583 555 οὖν
1634 504 1760 575 ἐλεή

1858 538 1864 563 ι
1896 505 2108 572 pudiet,
2167 510 2434 566 creditam
2483 517 2777 585 pecuniam
2826 537 2931 579 suo
2958 541 3207 598 tempore
3236 535 3480 594 redditu-

216 600 425 647 σαντες.

277 856 512 919 Δυνατδς
553 852 622 927 ἦν
672 859 702 913 6
758 860 948 933 Πατὴρ
999 862 1225 933 ποιῆσαι
1284 865 1490 936 μηδένα
1534 867 1782 938 πένηταο

206 949 319 1003 ἀλλ’
348 951 486 1003 εἰτὸ
520 953 764 1006 εὐποιεῖν
806 958 1150 1026 περιῃρεῖτο,
1198 962 1549 1028 συμπάσχειν
1603 962 1782 1026 οὐδεὶς

206 1041 355 1108 ἠξίου
390 1042 489 1097 νῦν
518 1044 765 1115 ἀλλήλων
789 1046 974 1102 ἕνεκα,
1009 1048 1120 1102 Καὶ
1140 1049 1508 1122 εὐποροῦμεν,
1539 1054 1632 1107 καὶ
1656 1057 1784 1109 ἁπο-

206 1131 429 1203 ροῦμεν,
467 1134 555 1187 ἵνα
579 1135 746 1200 τόπος
771 1136 1061 1210 γενώμεθα
1089 1142 1155 1211 τῇ
1187 1142 1428 1214 εύποιῖᾳ.

268 1402 370 1454 Τδν
400 1403 647 1455 ἐναντίον
675 1404 789 1465 τοῖς
814 1401 996 1467 ἄλλοις
1016 1404 1328 1477 ἀνθρώποις
1360 1409 1572 1480 σεαυτῷ
1603 1412 1779 1465 κατά-

199 1490 348 1555 λεξον
378 1493 634 1563 στρατὸν,
668 1494 889 1559 ἄοπλον,
922 1496 1221 1566 ἀπόλεμον,
1253 1498 1613 1568 ἀναίμακτον,
1645 1504 1773 1573 ἁόρ·

200 1598 387 1651 Τητον,
413 1586 679 1653 ἀμίαντον
698 1604 709 1615 ·
740 1588 1006 1658 γέροντας
1040 1589 1334 1655 θεοσεϐεῖς,
1361 1592 1633 1662 ὀρφανοὺς
1660 1594 1776 1648 οεο-

200 1674 394 1743 φιλεῖς,
427 1678 608 1748 χήρας
638 1679 909 1749 πραότητι
945 1680 1320 1750 ὡπλισμένας,
1354 1684 1554 1755 ἄνδρας
1583 1687 1774 1761 ἀγάπῃ

196 1770 667 1839 κεκοσμημένους.
722 1771 1008 1836 Τοιούτους
1050 1775 1247 1845 κτῆσαι
1303 1776 1380 1847 τῷ
1413 1776 1489 1847 σῷ
1534 1778 1769 1849 πλούτῳ,

193 1860 286 1912 καὶ
314 1860 391 1931 τῷ
434 1861 672 1931 σώματι,
706 1864 799 1917 καὶ
831 1868 895 1936 τῇ
927 1865 1072 1936 ψυχῇ
1103 1867 1457 1937 δορυφόρους,
1492 1863 1566 1926 ὧν
1603 1888 1770 1943 στρα-

191 1954 348 2023 τηγεῖ
372 1952 402 2004 6
434 1953 592 2017 Θεός.

269 2152 606 2224 Ἐλεήμονας
643 2151 786 2210 εἶναι
833 2156 1107 2227 βούλεται,
1149 2163 1211 2215 οὐ
1257 2163 1419 2233 μόνον
1464 2168 1591 2230 τοὺς
1621 2169 1769 2223 ἔλεον

188 2243 502 2311 ποιοῦντας,
530 2246 670 2300 ἀλλὰ
703 2249 797 2301 καὶ
825 2250 956 2314 τοὺς
983 2251 1239 2317 θέλοντας
1268 2256 1531 2323 εὐποιεῖν,
1557 2260 1660 2314 κᾶν
1693 2261 1768 2331 μὴ

183 2335 471 2401 δύνωνται,
498 2333 580 2402 οἷς
621 2342 763 2394 κατὰ
794 2343 1116 2415 προαίρεσιν
1146 2345 1207 2398 τὸ
1237 2348 1481 2420 ἐνεργεῖν
1510 2352 1766 2421 πάρεστι.

186 2429 295 2500 Τῆς
337 2432 513 2502 αὐτῆς
553 2429 648 2486 οῦν
697 2435 979 2505 μεθέξουσι
1026 2440 1195 2509 τιμῆς
1222 2445 1335 2505 τοῖς
1378 2444 1687 2515 δυνηθεῖσιν
1714 2449 1764 2500 οί

186 2515 524 2595 βουλόμενοι,
556 2523 631 2581 ὧν
664 2530 698 2598 ὴ
732 2531 1056 2600 προαίρεσις
1087 2533 1199 2604 ἴση,
1233 2535 1335 2589 κᾶν
1367 2537 1766 2598 πλεονεκτῶσιν

183 2618 356 2687 ἕτεροι
388 2621 456 2689 τῇ
501 2622 812 2692 περιουσία.
843 2654 914 2664 —-
956 2624 1364 2696 Ἐλεημοσύνας
1394 2630 1477 2683 δεῖ
1508 2636 1702 2698 ποιεῖν,
1734 2636 1761 2688 6

184 2707 336 2773 λόγος
370 2711 561 2780 φησὶν,
599 2713 738 2766 ἀλλὰ
778 2714 919 2783 μετὰ
965 2718 1224 2789 κρίσεως.
1268 2722 1516 2787 καὶτοῖς
1563 2725 1758 2790 ἀξίοις.

182 2797 287 2851 Καὶ
317 2799 511 2872 ὥσπερ
544 2804 572 2855 6
618 2807 864 2876 γεωργὸς
910 2810 1127 2880 σπείρει
1176 2812 1278 2866 οὐκ
1322 2816 1404 2877 είς
1430 2816 1618 2881 ἁπλῶς
1660 2819 1760 2891 τὴν

179 2890 298 2957 γῆν,
331 2892 453 2945 ἀλλ’
503 2897 584 2958 είς
624 2898 861 2969 ἀγαθὴν,
900 2900 988 2954 ῐνα
1027 2902 1177 2974 αύτῷ
1225 2908 1476 2976 καρποὺς
1528 2890 1755 2983 κομίσῃ.

178 2977 317 3033 οὕτω
338 2983 421 3035 δεῖ
444 2986 694 3055 σπείρειν
718 2989 820 3059 τὴν
859 2991 1111 3046 εὐποιΐαν
1138 2996 1218 3057 είς
1248 2998 1447 3066 χήρας,
1482 3000 1563 3062 είς
1582 3002 1757 3070 ὀρφα-

177 3074 316 3135 νοὺς,
371 3077 455 3139 εἰς
507 3078 634 3142 τοὺς
686 3081 1110 3152 ἀπεριστάτους,
1152 3087 1240 3141 ἵνα
1290 3090 1390 3158 τῆς
1436 3093 1531 3145 ἀπ’

176 3163 481 3232 εὐκαρπίας
510 3166 600 3219 διὰ
634 3170 743 3222 τῶν
774 3173 947 3242 εὐχῶν
980 3177 1266 3249 ἐπιτύχῃς.

175 3257 328 3319 serit,
391 3258 489 3311 sed
544 3260 749 3315 bonum
794 3275 850 3318 et
889 3265 1147 3334 feracem,
1192 3278 1251 3323 ut
1302 3287 1369 3326 ex

175 3350 226 3399 in
258 3346 477 3410 viduas,
512 3351 564 3404 in
605 3355 865 3422 pupillos,
896 3357 949 3410 in
993 3360 1385 3432 calamitosos;

252 3461 340 3516 Ἐν
369 3459 415 3532 ᾧ
445 3466 510 3519 ἄν
539 3485 623 3531 τις
656 3468 879 3525 δύναται
918 3474 1159 3529 εὐποιεῖν
1182 3478 1260 3547 τῷ
1289 3480 1539 3551 πλησίον,
1572 3484 1639 3555 ἢν
1672 3489 1747 3561 μὴ

174 3557 318 3625 ποιῇ,
356 3555 643 3628 ἀλλότριος
677 3562 775 3631 τῆς
825 3564 1049 3638 ἀγάπης
1099 3568 1195 3622 τοῦ
1236 3571 1442 3642 Κυρίου
1490 3555 1751 3648 νομισθήλ

174 3661 345 3701 σεται.

233 3737 340 3791 Τοῦ
393 3739 565 3795 ἐλεεῖν
614 3745 708 3797 καλ⁵
752 3746 1082 3819 εὐεργετεῖν,
1122 3754 1248 3807 οὔτε
1304 3758 1741 3831 προτιμώτερον,

168 3827 284 3881 οὗτε
343 3832 860 3909 φιλανθρωπότερόν
893 3842 1042 3896 ἐστιν
1080 3838 1213 3914 ἡμῖν
1262 3864 1317 3900 τι
1376 3827 1583 3921 ἕτερον,
1618 3827 1743 3908 ἐπεὶ

170 3922 301 3990 μηδὲ
326 3924 408 3993 τῷ
437 3926 573 3996 Θεῷ.

232 4015 522 4086 Μακάριόν
579 4022 727 4072 ἐστιν
757 4022 995 4094 ἀληθῶς,
1044 4030 1126 4091 εἰς
1174 4031 1354 4085 πᾶντα
1397 4037 1612 4107 πτωχὸν
1649 4040 1743 4093 καὶ

168 4106 370 4177 πένητα
399 4112 659 4174 συνιέναι,
694 4115 781 4168 ἵνα
814 4133 900 4181 τις
929 4119 1071 4174 κατὰ
1121 4120 1338 4177 σύνεσιν
1376 4126 1444 4179 τὰ
1481 4131 1581 4198 τῆς
1626 4147 1740 4185 κοι-

165 4200 357 4264 νωνίας
392 4205 593 4275 πτωχῷ
624 4208 720 4261 καὶ
761 4210 955 4281 πένητι
1004 4215 1324 4284 ποιήσηται,
1380 4219 1601 4288 μείζονα
1645 4226 1740 4279 καὶ

1894 598 2058 649 rum?
2091 596 2475 673 Eleemosynis
2530 617 2585 662 et
2616 609 2722 664 ﬂde
2748 596 3338 691 purgantur'peccata.
3358 629 3477 687 ’Βε-

1891 698 2015 743 mus
2067 690 2241 759 igitur
2315 709 2540 764 operam
2600 709 2662 755 ut
2718 690 3105 768 misericordia
3160 728 3475 782 contractas

1887 774 2044 834 labes
2090 781 2369 841 eluamus.

1956 869 2017 925 S.
2047 860 2216 933 Clem.
2251 879 2409 934 Alex.
2445 885 2760 941 —Poterat
2805 892 3029 961 quidem
3081 915 3339 960 summus
3382 906 3475 964 ille

1886 958 2098 1019 Parens
2131 967 2317 1026 facere
2352 981 2414 1027 ut
2437 991 2602 1033 nemo
2627 995 2840 1052 pauper
2868 996 3017 1044 esset
3044 1007 3060 1044 :
3086 1003 3144 1048 at
3173 996 3219 1049 si
3240 1001 3474 1066 pmclsa

1883 1064 2033 1108 esset
2085 1058 2397 1127 opitulandi
2465 1066 2727 1137 facultas,
2792 1078 2988 1135 nullus
3035 1099 3187 1139 nunc
3235 1058 3470 1147 alterius

1883 1147 2200 1206 calamitate
2236 1164 2578 1227 tangeretur.
2634 1164 2909 1231 Quocirca
2953 1176 3157 1242 partim
3192 1178 3469 1238 alnuimus

1881 1239 2105 1308 opibus,
2159 1247 2361 1314 partim
2398 1249 2711 1323 indigentes
2739 1239 2969 1328 sumus,
3003 1274 3061 1319 ut
3092 1267 3470 1331 beneficentiae

1882 1332 2037 1389 locus
2073 1337 2169 1390 sit.

1889 1411 1903 1421 ’
1952 1423 2117 1495 Ejud.
2172 1429 2305 1496 Quis
2337 1430 2482 1488 dives
2536 1440 2671 1492 salv.
2698 1469 2770 1479 —-
2799 1440 2909 1498 Fac
2934 1456 3131 1504 contra
3164 1461 3332 1523 atque
3368 1459 3464 1514 alii

1877 1519 2114 1589 soleant,
2173 1528 2483 1582 exercitum
2526 1532 2624 1586 tibi
2666 1533 2786 1603 ipse
2815 1543 3138 1609 contrahas,
3191 1546 3460 1605 inermem

1876 1613 2126 1680 scilicet,
2189 1618 2488 1686 imbellem,
2544 1624 2923 1698 incruentum,
2982 1636 3050 1688 ab
3089 1637 3170 1692 ira
3201 1641 3463 1707 alienum,

1874 1715 2155 1773 expertem
2223 1712 2515 1781 sordium;
2586 1733 2752 1775 senes
2815 1723 2960 1791 pios.
3023 1732 3307 1800 orphanos
3371 1736 3462 1791 Dei

1877 1806 2153 1863 amantes,
2212 1802 2409 1860 viduas
2437 1806 2683 1865 lenitatis
2716 1816 2890 1869 armis
2940 1819 3273 1889 instructas,
3314 1827 3463 1884 \‘it‘os

1876 1891 2148 1947 charitate
2188 1896 2508 1954 adornatos.
2572 1902 2708 1968 Hos,
2751 1907 3005 1978 inquam,
3065 1917 3268 1985 opibus
3325 1924 3437 1975 tuis

1879 1990 1994 2037 tum
2060 1989 2334 2055 corporis,
2369 1999 2482 2046 tum
2519 1983 2686 2051 animi
2728 2003 2996 2061 satellites
3043 1983 3289 2079 acquire,
3321 2030 3460 2083 quo-

1875 2085 1999 2124 rum
2032 2072 2142 2126 dux
2176 2084 2229 2129 et
2268 2078 2572 2149 imperator
2612 2084 2757 2145 Deus
2794 2100 2901 2146 est.

1936 2185 2133 2253 Ejusd.
2192 2190 2286 2245 lib.
2352 2208 2408 2249 tv
2464 2195 2823 2257 Stromat.—-
2870 2208 3261 2271 Misericordcs
3326 2237 3455 2277 esse

1869 2274 2014 2333 Deus
2055 2281 2194 2346 vult,
2229 2298 2336 2338 non
2374 2300 2473 2342 eos
2512 2297 2728 2348 tantum
2776 2299 2872 2367 qui
2906 2302 3305 2365 misericordia:
3337 2330 3457 2369 mn-

1869 2368 2096 2424 neribus
2156 2370 2490 2443 fungantur,
2529 2382 2625 2436 sed
2681 2400 2776 2441 eos
2828 2390 2997 2445 etiam
3046 2395 3139 2462 qui
3181 2397 3325 2456 bene
3389 2404 3456 2459 de

1866 2459 1990 2515 aliis
2052 2466 2255 2520 mereri
2319 2471 2599 2539 studeant,
2654 2481 2872 2536 tametsi
2933 2482 2988 2537 id
3037 2497 3304 2555 praestare
3358 2511 3456 2551 ne-

1864 2562 2100 2624 queant;
2131 2560 2223 2628 qui
2247 2562 2467 2631 saltem,
2498 2576 2763 2637 quantum
2790 2574 2855 2627 ad
2881 2576 3253 2638 inductionem
3283 2590 3452 2643 animi

1862 2648 2080 2714 attinet,
2118 2652 2299 2722 ipsum
2341 2671 2484 2726 opus
2516 2674 2910 2733 exsequantur.
2957 2671 3222 2741 Ejusdem
3258 2677 3451 2752 itaque

1863 2740 2090 2797 honoris
2146 2746 2245 2815 qui
2280 2748 2559 2806 voluerint
2606 2760 2907 2828 participes
2960 2740 3146 2832 erunt,
3183 2785 3291 2839 quo
3356 2740 3452 2843 qui

1861 2835 2180 2903 potuerint;
2220 2837 2320 2903 illi,
2352 2841 2605 2913 inquam,
2640 2863 2877 2917 qttorum
2913 2868 3014 2923 par
3047 2835 3304 2917 voluntas
3330 2835 3453 2921 fue-

1860 2924 1951 2989 rit,
1985 2927 2088 2980 etsi
2126 2929 2329 2997 Opibus
2356 2933 2449 2986 alii
2503 2939 2821 3005 superiores
2856 2955 3007 2999 sunt.
3039 2949 3450 3027 —Eleemosy-

1860 3030 1957 3070 nas
2017 3019 2237 3086 quidem
2289 3021 2573 3081 faciendas
2612 3044 2737 3085 esse
2791 3030 3078 3105 Scriptura
3113 3041 3297 3110 docet,
3348 3049 3447 3102 sed

1571 3094 1755 3149 αὐτῶν
1857 3122 1979 3159 cum
2028 3108 2257 3176 judicio,
2292 3120 2459 3183 atque
2498 3116 2565 3170 iis
2598 3120 2692 3187 qui
2727 3122 2879 3192 digni
2906 3094 3128 3183 fuerint.
3163 3131 3229 3186 Et
3254 3094 3449 3205 q'uem-

1784 3191 1828 3248 C
1865 3197 2162 3251 admodum
2220 3204 2467 3271 agricola
2518 3222 2631 3263 non
2663 3226 2883 3269 omnem
2909 3222 3230 3287 promiscue
3255 3241 3446 3296 agrum

2909 3276 2925 3287 ,
3207 3276 3227 3279 -
3259 3276 3339 3296 Ἰ-
3360 3276 3446 3282 _.--

1408 3289 1475 3327 eo
1530 3276 1749 3336 fructus
1781 3287 2318 3355 percipiat:eodem
2384 3295 2548 3349 modo
2607 3303 2901 3357 serendum
2968 3308 3292 3366 beneficium
3363 3328 3450 3373 est

1427 3375 1485 3419 ut
1508 3384 1605 3437 per
1632 3387 1823 3429 eorum
1852 3379 2136 3434 orationes
2177 3382 2419 3438 fructum
2472 3387 2697 3445 uberem
2744 3410 2809 3449 ex
2848 3397 2984 3466 ipsis
3015 3416 3443 3476 consequamur.

1932 3493 1990 3546 S.
2027 3491 2246 3562 Irena't',
2284 3514 2349 3550 ex
2409 3497 2654 3569 Epistola
2684 3507 2756 3559 ad
2793 3507 2927 3566 Vict.
2952 3544 3016 3557 -
3046 3515 3105 3571 in
3141 3535 3253 3589 quo
3284 3526 3443 3591 quis-

1857 3584 1999 3652 piam
2058 3586 2197 3641 bene
2257 3588 2325 3644 de
2352 3594 2607 3660 proximo
2662 3599 2915 3657 misereri
2962 3584 3172 3676 potest,
3235 3584 3343 3669 nisi
3388 3617 3443 3673 id

1853 3684 2095 3743 prastet,
2134 3678 2348 3735 alienus
2382 3697 2411 3735 a
2440 3682 2532 3739 Dei
2558 3685 2853 3747 dilectione
2880 3698 3221 3755 censebitur.

1922 3765 1982 3819 S.
2041 3766 2267 3839 Dionys.
2302 3774 2455 3827 Alex.
2488 3776 2559 3816 —-'-
2583 3776 2728 3835 Nihil
2754 3790 3114 3853 praestantius
3164 3804 3272 3861 est,
3300 3797 3439 3853 nihil

1849 3855 2169 3926 humanius,
2206 3878 2369 3931 qttam
2406 3868 2658 3924 misereri
2690 3881 2744 3927 et
2778 3875 3106 3937 benefacere
3140 3900 3154 3937 :
3185 3890 3440 3955 quando-

1840 3950 2063 4019 quidem
2096 3967 2198 4006 nec
2225 3956 2530 4026 quidquam
2569 3959 2677 4016 Deo
2695 3978 2758 4017 ca
2797 3981 2857 4022 re
2896 3972 3078 4039 potius
3113 3984 3219 4030 est.
3252 3999 3259 4041 ς

1906 4040 2066 4111 481
2100 4042 2342 4114 Didymi.
2374 4078 2445 4089 -—
2469 4050 2693 4109 Beatum
2732 4071 2867 4113 sane
2895 4071 2980 4116 est
3008 4080 3175 4135 super
3209 4084 3434 4130 omnem

1834 4147 2065 4201 egenum
2095 4143 2149 4190 et
2181 4152 2476 4207 pauperem
2506 4144 2817 4218 intelligere
2839 4190 2853 4212 ,
2885 4168 2996 4222 quo
3028 4159 3157 4225 quis
3184 4163 3434 4230 pruden-

1838 4234 1919 4281 ter
1954 4240 2128 4296 cgeno
2159 4239 2214 4285 et
2256 4234 2469 4302 pupillo
2511 4237 2748 4304 tribuat,
2801 4244 3015 4314 majore
3068 4250 3326 4309 videlicet
3379 4268 3434 4311 et

166 4293 581 4365 σπουδαιότερον
624 4299 726 4367 τὴν
776 4302 1097 4371 ἐπιμέλειαν
1133 4308 1463 4379 ποιούμενος
1498 4314 1578 4376 εἰς
1608 4317 1738 4379 τοὺς

166 4379 227 4408 εδ
280 4385 480 4408 λαμ-ι.-
524 4387 550 4408 sl
598 4387 653 4408 Α-
703 4390 787 4408 γορ
1145 4397 1157 4408 .
1203 4399 1212 4405 .
1427 4402 1447 4408 Α

1992 4293 2012 4296 _
2256 4293 2274 4301 -
2336 4293 2352 4302 .
2736 4293 2748 4304 .
2803 4293 3014 4314 μην-ν
3079 4293 3326 4309 ..-νων
3379 4293 3434 4311 υ.

1858 4318 2173 4388 Iiligentiori
2209 4337 2347 4377 cura
2390 4325 2498 4383 illis
2540 4332 2889 4400 prospiciens
2951 4339 3047 4408 qui
3080 4343 3302 4402 virtutis
3337 4360 3435 4403 aut

162 4379 227 4433 δι’
276 4385 481 4454 ἀρετὴν
524 4387 554 4457 ἢ
597 4387 911 4446 Θεοσέὀειαν
944 4397 1371 4466 πτωχεύσαντας
1420 4402 1452 4474 ἢ
1501 4408 1737 4477 πενομέ-

163 4488 315 4498 ..-..--
354 4475 621 4498 z\\_,_-g,
715 4484 726 4497 .
808 4484 820 4498 .
937 4486 950 4498 .
1094 4489 1116 4498 _
1443 4494 1453 4498 _

1938 4379 1962 4388 ν
2476 4379 2494 4383 ε
2540 4379 2889 4400 Ιγ-ν-ιν---ηισ--ιιν
2952 4379 3047 4408 uiu-
3090 4379 3302 4402 νιιοιιιιθ
3337 4379 3432 4403 aus

1858 4410 2131 4479 religionis
2170 4416 2422 4481 causa_in
2460 4432 2847 4488 paupertatem
2882 4433 3243 4498 penuriamve
3293 4438 3432 4495 inci-

163 4488 283 4536 νους
301 4491 316 4506 ο
347 4475 525 4540 ἄλλως
546 4480 626 4542 εἰς
650 4484 775 4546 τοὺς
805 4484 868 4536 ἐκ
893 4486 1062 4540 νόσων
1088 4489 1120 4559 ἢ
1148 4494 1574 4562 συμπτωμάτων
1600 4475 1738 4552 ἀπο-

164 4563 412 4633 ροῦντας,
433 4570 586 4640 παρὰ
613 4572 739 4637 τοὺς
766 4575 829 4627 ἐκ
856 4580 1240 4651 κακοπραγίας
1262 4582 1293 4653 ἢ
1325 4585 1564 4650 ἀσωτίας
1594 4605 1737 4643 πτωι

161 4672 480 4724 χευσαντας.

228 4748 389 4814 Ξένος
423 4751 520 4804 καὶ
556 4753 726 4825 πένης
758 4750 905 4812 ’Θεοῦ
951 4760 1275 4833 κωλλύριον.
1319 4766 1377 4819 '0
1435 4766 1734 4841 δεξάμενος

162 4840 378 4905 αὐτοὺς,
410 4844 626 4913 ταχέως
675 4848 989 4920 ἁναὸλέψει.
1019 4885 1090 4894 -
1127 4855 1261 4909 Λεία
1291 4859 1409 4923 ὁδὸς
1440 4861 1545 4914 ὑπὸ
1575 4840 1734 4935 ἐλεη-

164 4936 402 5002 μοσύνης
426 4951 660 5003 γινεται.
866 4968 872 4975 ·

225 5108 678 5189 Οἵδε-τρέφεσθαι
704 5121 733 5172 6
759 5121 1035 5195 Δεσπότης
1062 5125 1171 5179 τῶν
1211 5127 1348 5182 ὅλων
1378 5131 1466 5186 διὰ
1500 5136 1729 5201 μεταδό-

160 5219 295 5267 σεως
323 5207 423 5276 τῆς
454 5208 591 5277 πρὸς
610 5210 737 5274 τοὺς
766 5214 1525 5295 εὐποιουμένους.-’Ἣνπερ
1555 5232 1729 5293 ποιεῖς

159 5294 475 5363 εὐεργεσίαν
502 5301 627 5369 ὲλεη
638 5304 879 5373 μοσύνης
908 5310 988 5371 είς
1031 5310 1237 5375 πάντας
1259 5315 1386 5377 τοὺς
1416 5316 1723 5386 δεομένους,

156 5385 183 5435 6
210 5385 445 5454 Χριστὸς
476 5394 873 5463 σφετερίζεται.
905 5401 1243 5456 Πεπείνακα
1270 5405 1398 5473 γὰρ,
1431 5409 1587 5477 φησὶ,
1624 5414 1724 5466 καὶ

155 5474 450 5533 δεδώκατέ
469 5498 571 5549 μοι
622 5486 867 5553 φαγεῖν·
900 5489 1187 5560 ἐδίψησα,
1226 5495 1326 5548 καὶ
1365 5474 1725 5557 πεποτίκατέ

149 5584 242 5634 με.

226 5661 462 5717 Πλούτου
494 5666 553 5719 τὸ
587 5669 786 5732 κάλλος
826 5672 927 5725 οὐκ
960 5675 1017 5726 ὲν
1045 5672 1371 5753 βαλαντίοις,
1416 5682 1530 5735 ἀλλ’
1570 5687 1627 5739 ὲν
1654 5691 1718 5759 τῇ

152 5769 259 5806 των
299 5759 610 5829 χρῃζόντων
648 5764 957 5837 ἐπικουρίᾳ.

1844 4497 2081 4564 derunt,
2121 4506 2411 4559 autetiam
2445 4507 2502 4560 in
2554 4524 2651 4565 eos
2708 4529 2849 4582 quos
2888 4497 3087 4574 imorbi
3133 4523 3220 4577 vel
3265 4540 3435 4584 casus

1844 4590 2013 4659 aliqui
2059 4592 2114 4646 in
2147 4604 2448 4664 egestatem
2484 4600 2879 4670 coniecerunt,
2918 4625 3082 4678 quam
3116 4613 3171 4667 in
3206 4632 3303 4672 eos
3335 4622 3433 4688 qui

1843 4682 1914 4735 ob
1951 4682 2156 4753 ﬂagitia
2185 4687 2269 4741 vel
2305 4688 2570 4756 profusos
2602 4705 2857 4764 sumptus
2885 4703 3041 4769 egeni
3072 4702 3202 4759 facti
3236 4682 3389 4765 sunt.

1913 4772 2151 4845 Evagrii.
2171 4807 2241 4818 —
2263 4777 2473 4849 llospes
2502 4790 2556 4835 et
2587 4799 2795 4853 egenus
2827 4790 3115 4862 collyriqu
3149 4795 3243 4853 Dei
3272 4810 3425 4857 sunt.

1840 4861 1942 4927 Qui
1976 4880 2073 4918 eos
2107 4869 2423 4938 exceperit,
2456 4875 2747 4930 oculorum
2788 4882 3082 4938 confestim
3127 4903 3289 4943 usum
3341 4908 3425 4947 re—

1839 4956 2148 5026 cuperahit.
2183 4988 2256 5000 —-
2280 4956 2508 5016 Planam
2538 4973 2593 5018 et
2629 4965 2847 5023 facilem
2884 4971 3030 5027 viam
3065 4981 3245 5032 munit
3276 4980 3422 5037 elee-

1840 5063 2091 5119 tunsyna.

1907 5138 1969 5194 S.
2008 5138 2460 5200 Nili.—-lierum
2494 5148 2741 5203 omnium
2778 5150 3046 5210 Dominus
3080 5157 3153 5212 ita
3196 5158 3417 5217 domum

1836 5243 1865 5283 a
1896 5236 1951 5284 te
1981 5231 2169 5296 alitur,
2197 5249 2325 5289 cum
2355 5237 2565 5307 aliquid
2602 5239 2658 5293 in
2694 5256 2965 5311 pauperes
2994 5245 3218 5303 confers
3251 5250 3413 5306 bene-

1837 5321 1967 5375 ficii.
1992 5323 2356 5396 —Quidqnid
2390 5328 2642 5386 beneﬁcii
2674 5340 2730 5387 et
2759 5334 3126 5408 eleemosynaa
3155 5344 3414 5410 pauperi-

1834 5412 1936 5466 bus
1986 5415 2273 5485 impertis,
2312 5417 2364 5473 id
2419 5418 2681 5479 Christus
2727 5424 2832 5479 sibi
2886 5426 3153 5486 vindicat.
3198 5429 3413 5489 Emi-iri

1832 5506 1978 5559 enim
2010 5546 2025 5567 ,
2066 5507 2277 5577 inquit,
2315 5519 2363 5563 et
2400 5512 2622 5568 dedistis
2657 5516 2788 5570 mihi
2822 5520 3145 5576 manducare
3181 5539 3200 5577 :
3230 5525 3409 5592 sitivi,

1828 5606 1877 5648 et
1915 5596 2136 5653 dedistis
2173 5602 2301 5655 mihi
2333 5602 2507 5659 bibere
2538 5604 2778 5673 (Matth.
2820 5626 2951 5675 xxv,
2988 5613 3123 5681 55).

1908 5684 2176 5745 Philonis.
2223 5722 2293 5731 —
2351 5694 2674 5752 Divitiarum
2734 5701 3125 5771 pulchritudo,
3186 5720 3296 5761 non
3350 5708 3408 5763 in

1830 5779 2147 5843 crumenis,
2198 5782 2295 5837 sed
2345 5784 2397 5838 in
2427 5785 2765 5844 sublevanda
2810 5805 3116 5863 pauperum
3163 5807 3409 5867 egestate

1831 5866 1935 5922 sita
1971 5878 2075 5924 est.
