4206 6442
200 403 326 470 1677

1436 393 1674 453 SACRA
1709 387 2171 450 PARALLELA.

3308 377 3442 443 1478

199 523 270 582 εἰς
302 478 617 581 συνάντησίν
652 527 745 563 σου
771 528 784 575 ;
815 509 922 561 Καὶ
943 507 1040 561 νῦν
1061 506 1249 569 ἔλαϐες
1281 504 1340 559 τὸ
1363 505 1625 576 ἀργύριον
1651 501 1749 555 καὶ

1856 513 2022 553 curru
2056 512 2156 552 suo
2199 496 2253 549 in
2291 508 2588 549 occursum
2631 501 2786 547 tuum
2820 493 2844 546 ?
2881 499 2937 546 et
2980 504 3130 545 nunc
3171 488 3440 561 accepisti

194 613 255 664 τὰ
289 606 493 678 ῑμάτια,
524 605 618 657 καὶ
645 602 744 656 νῦν
772 601 922 672 λήψῃ
955 598 1135 669 ἑαυτῷ
1169 602 1398 669 κήπους,
1431 598 1527 649 καὶ
1559 595 1751 649 ὲλαιῶ-

195 718 300 762 νας,
331 699 419 752 καὶ
453 695 807 767 ἀμπελῶνας,
841 693 934 754 καὶ
969 691 1242 762 πρόϐατα,
1277 689 1372 743 καὶ
1407 687 1623 750 παῖδας.
1657 687 1752 739 καὶ

193 791 488 852 παιδίσκας.
525 789 634 841 Καὶ
677 787 708 856 ὴ
748 786 924 856 λέπρα
965 783 1184 851 Νεεμάν
1211 779 1605 851 κολληθήσεται
1640 796 1749 844 σοι,

194 884 279 936 καὶ
301 880 376 934 τῶ
405 878 682 950 σπέρματί
711 895 802 930 σου
836 878 914 938 είς
944 878 1068 937 τοὺς
1103 874 1326 934 αἰῶνας.
1365 891 1383 923 ι

259 993 277 1024 ‹
303 972 501 1041 Δώρων
528 973 556 1022 ὁ
584 968 923 1038 φειδόμενος,
949 967 1118 1033 Θυμὸν
1143 966 1343 1035 ἐγείρει
1379 962 1616 1034 ἰσχυρόν.
1639 980 1656 1013 ι
1684 989 1754 1000 —

194 1085 211 1117 ι
247 1063 474 1125 Πλοῦτος
505 1061 836 1131 προστίθησι
871 1060 1062 1129 φίλους
1095 1056 1346 1117 πολλούς,
1381 1074 1399 1105 ι
1426 1086 1496 1095 ——
1532 1073 1549 1105 ι
1583 1052 1752 1106 Πλού-

189 1171 285 1207 σιοι
311 1152 538 1222 πτωχῶν
566 1151 814 1222 ἄρξουσι“.
845 1169 862 1201 ι
888 1181 956 1191 —-
982 1169 998 1199 ι
1020 1149 1187 1216 Σοφὺς
1219 1146 1348 1216 παρ’
1376 1143 1555 1214 ἑαυτῷ
1587 1142 1753 1196 πλού-

189 1263 313 1308 σιος.
346 1264 364 1296 ι
409 1274 476 1286 —-
512 1264 530 1296 ‹
557 1243 841 1313 ’Υπαρξις
889 1239 1404 1308 ὲπισπουδαζομένη
1451 1238 1588 1306 μετά
1631 1237 1754 1288 ἀνο⁶

189 1337 326 1406 μίας,
360 1337 607 1390 ἐλάσσων
646 1334 876 1403 γίνεται.
913 1353 930 1382 »
967 1364 1035 1373 ——
1072 1353 1088 1383 (
1127 1333 1240 1384 Οὐκ
1281 1330 1622 1400 ὠφελήσουσι
1658 1328 1754 1398 Θη-

187 1428 368 1496 σαυροὶ
396 1426 654 1496 ἀνόμους.
684 1445 702 1477 ι
730 1454 799 1464 -
829 1442 846 1474 ι
882 1425 978 1485 ⁸⁸ος
1008 1421 1342 1492 ἀποστρέψει
1362 1421 1423 1473 τὸ
1460 1421 1754 1490 πρόσωπον

183 1517 346 1572 αὑτοῦ
391 1519 500 1571 ἀπὸ
551 1516 808 1586 πτωχοῦ,
859 1517 916 1568 ὲν
951 1515 1118 1583 πολλῇ
1172 1513 1381 1584 ἀπορίᾳ
1430 1512 1604 1565 ἔσται.
1642 1531 1659 1563 ›
1686 1543 1754 1552 —

188 1629 205 1661 ι
241 1609 506 1676 Ἐξολλύει
539 1610 600 1662 τὸ
631 1606 823 1660 ἑαυτοῦ
859 1607 1020 1675 σῶμα
1046 1607 1073 1658 ὁ
1107 1604 1442 1674 ἀνελεήμων.
1474 1622 1491 1652 ι
1525 1631 1592 1641 —-
1623 1622 1640 1653 ι
1673 1603 1754 1654 Τὰ

182 1701 462 1770 σπλάγχνα
489 1700 598 1754 τῶν
631 1699 846 1753 ἀσεϐῶν
877 1696 1239 1766 ἀνελεήμονα.
1276 1715 1295 1744 ι

247 1986 266 2019 ι
313 1970 372 2021 '0
419 1967 655 2037 ἀγαπῶν
701 1967 988 2038 ἀργύριον,
1041 1967 1101 2018 ού
1158 1964 1532 2036 πλησθήσεται
1577 1963 1754 2033 ἀργυο

180 2061 311 2130 ρίου.
349 2079 366 2109 ι

247 2168 265 2200 ι
302 2150 410 2202 Τοῦ
451 2149 721 2220 ἀργυρίου
769 2148 1142 2202 ὑπακούσεται
1175 2147 1242 2202 τὰ
1271 2148 1592 2217 σύμπαντα.
1636 2165 1652 2197 i
1684 2178 1754 2186 ——

181 2259 196 2290 ε
229 2241 382 2294 Ἐστι
441 2241 679 2311 πονηρία
709 2243 776 2311 ἣν
816 2236 955 2294 εἶδον
987 2241 1091 2293 ὑπὸ
1136 2239 1228 2292 τὸν
1277 2240 1432 2309 ἥλιον
1457 2257 1471 2271 ·
1524 2238 1662 2310 ἀνὴρ
1709 2233 1754 2308 ᾧ

171 2330 330 2384 δώσει
366 2331 519 2402 αὐτῷ
571 2334 601 2385 ὁ
637 2331 770 2395 Θεὸς
827 2331 1094 2395 πλοῦτον,
1130 2331 1225 2384 καὶ
1270 2331 1602 2401 ὑπάρχοντα,
1658 2332 1751 2385 καὶ

171 2421 347 2486 δόξαν,
385 2425 482 2477 καὶ
534 2425 637 2476 οὐκ
679 2422 825 2476 ἔστιν
857 2421 1100 2492 ὑστερῶν
1129 2424 1199 2492 τῇ
1244 2422 1388 2492 ψυχῇ
1431 2420 1752 2474 αὐτοῦἀπὸ

172 2514 385 2566 πάντων
415 2508 492 2568 ὧν
531 2515 820 2584 ἐπιθυμεῖ⁹
865 2514 960 2567 καὶ
1003 2515 1086 2566 ὃτι
1137 2513 1280 2583 ἀνὴρ
1308 2513 1459 2578 ξένος
1516 2512 1753 2582 φάγεται

170 2604 353 2658 αὐτόν.
401 2626 419 2658 ι

238 2711 258 2744 ε
288 2693 540 2761 Χαναὰν,
575 2700 632 2749 ὲν
662 2698 851 2768 χερσὶν
889 2696 1056 2750 αὑτοῦ
1092 2697 1256 2765 ζυγὸς
1289 2697 1507 2759 ἀδικίας
1531 2713 1545 2727 ·
1582 2714 1755 2749 κατα-

167 2783 514 2839 δυναστεύειν
539 2789 846 2859 ἠγάπησεν.
885 2808 902 2840 ι

240 2895 258 2926 ε
296 2877 439 2930 Οὐαὶ
489 2881 519 2932 ὁ
549 2879 841 2950 πληθύνων
890 2881 1072 2951 ἑαυτῷ
1099 2881 1170 2932 τὰ
1208 2881 1311 2933 οὐκ
1364 2879 1497 2932 ὄντα
1532 2880 1752 2943 ἑαυτοῦ,

167 2969 260 3018 καὶ
296 2966 550 3038 βαρύνων
570 2970 663 3022 τὸν
708 2970 888 3022 κλοιὸν
930 2970 1096 3024 αὐτοῦ
1149 2970 1447 3041 στιϐαρῶς,
1489 2971 1572 3022 ὅτι
1601 2970 1754 3034 ἐξαί-

166 3074 301 3128 φνης
319 3061 725 3128 ἀναστήσονται
754 3062 1044 3124 δάκνοντες
1064 3063 1252 3127 αὐτὸν,
1276 3063 1372 3114 καὶ
1402 3060 1638 3130 ὲκνήψου
1649 3077 1754 3113 σιν.

177 3142 231 3196 Ὀ
251 3145 599 3200 πλεονεκτῶν
623 3149 939 3214 πλεονεξίαν
971 3150 1149 3220 κακὴν
1175 3151 1250 3219 τῷ
1281 3151 1415 3219 οἴκῳ
1445 3149 1635 3212 αὑτοῦ,
1662 3151 1754 3202 καὶ

161 3233 255 3288 τοῦ
286 3237 449 3304 τάξαι
476 3239 696 3291 νοσσιὰν
726 3240 911 3294 αὑτοῦ.
951 3260 970 3290 ι

237 3345 256 3376 ε
290 3328 431 3381 Οὐαὶ
464 3329 515 3380 οἱ
574 3329 940 3390 συνάπτοντες
991 3331 1173 3382 οὶκίαν
1231 3331 1368 3399 πρὸς
1403 3331 1614 3392 οἰκίαν,
1658 3330 1752 3382 καὶ

161 3417 329 3488 ἀγρὸν
359 3419 500 3489 πρὸς
531 3418 701 3489 ἀγρὸν
729 3419 1060 3487 ἐγγίζοντες,
1095 3421 1181 3472 ἵνα
1229 3419 1323 3471 τοῦ
1362 3421 1588 3489 πλησίον
1641 3420 1744 3487 ἁφ-

164 3509 390 3562 ἑ).ωνταί
415 3527 490 3563 τι.
523 3527 542 3559 ι

235 3639 254 3672 ‹
303 3622 372 3674 Ἡ
399 3620 627 3693 ἁρπαγὴ
655 3621 750 3673 τοῦ
786 3620 1007 3692 πτωχοῦ
1039 3622 1097 3674 ὲν
1130 3623 1244 3683 τοῖς
1270 3620 1442 3684 οἴκοις
1472 3621 1648 3690 ὑμῶν.
1686 3623 1750 3674 Τί

160 3711 322 3781 ὑμεῖς
362 3713 609 3766 ἀδικεῖτε
639 3713 733 3782 τὸν
766 3713 895 3766 λαόν
934 3731 1056 3783 μου,
1103 3713 1198 3766 καὶ
1223 3713 1284 3764 τὸ
1317 3714 1611 3784 πρόσωπον
1642 3714 1750 3766 τῶν

159 3803 400 3874 πτωχῶν
449 3805 871 3874 καταισχύνετε,
915 3806 1053 3876 φησὶ
1105 3806 1347 3875 Κύριος;
1381 3826 1398 3855 ι
1437 3837 1507 3848 -
1552 3827 1569 3858 ε
1612 3806 1751 3872 Ἐγὼ

158 3893 340 3948 ἔδωκα
367 3896 453 3958 εἰς
486 3895 585 3965 τὴν
614 3898 772 3967 χεῖρά
821 3913 915 3949 σου
937 3912 950 3926 ο
989 3900 1053 3950 σὺ
1087 3898 1144 3950 δὲ
1174 3899 1234 3950 ού
1277 3899 1515 3960 δέδωκας
1563 3900 1750 3962 αὐτοῖς

157 3985 328 4056 ἕλεος.
357 4005 377 4037 ι
417 4018 484 4028 -
510 4006 528 4038 τ
558 3989 729 4040 Ὅταν
757 3989 1036 4057 ὲκτείνητε
1072 3990 1172 4050 τὰς
1195 3992 1387 4059 χεῖρας
1413 3991 1586 4058 ὑμῶν,
1620 3992 1751 4042 ἀπο-

158 4077 383 4149 στρέψω
413 4079 542 4142 τοὺς
565 4077 880 4148 ὀφθαλμούς
919 4096 1021 4148 μου
1053 4080 1149 4148 ἀφ’
1181 4079 1357 4147 ὑμῶν,
1393 4080 1456 4130 Ai
1492 4080 1600 4150 γὰρ
1648 4084 1754 4150 χεῖ.

161 4187 251 4239 ρες
282 4169 447 4240 ὑμῶν
477 4170 707 4240 αἵματος
737 4169 986 4240 πλήρεις.
1019 4189 1036 4220 ι
1067 4199 1134 4208 -.
1171 4189 1187 4220 ι
1219 4170 1299 4222 Δι’
1329 4170 1473 4237 ὑμᾶς
1495 4170 1555 4221 τὸ
1579 4170 1751 4239 ὖνομά

159 4279 263 4331 μου
301 4261 716 4332 βλασφημεῖται
749 4262 806 4312 ὲν
839 4264 950 4322 τοῖς
986 4260 1216 4313 ἔθνεσιν.
1256 4279 1273 4310 ι
1320 4293 1386 4300 -
1429 4282 1446 4312 ι
1478 4265 1541 4314 Οἱ
1573 4263 1751 4315 ἄδικοι

156 4355 235 4416 ὡς
286 4353 541 4406 Θάλασσα
584 4350 1068 4420 ἀναϐρασσομένη,
1096 4351 1267 4414 οὓτως
1299 4351 1752 4416 κλυδωνισθήσον-

154 4463 272 4509 ται,
308 4445 411 4498 καὶ
437 4443 854 4497 ἀναπαύσασθαι
885 4445 942 4495 οὑ
970 4443 1044 4514 μὴ
1065 4444 1344 4498 δύνανται.
1380 4463 1397 4494 ι
1430 4473 1500 4483 --
1537 4465 1554 4496 ‹
1619 4447 1750 4497 Ἀπ-

1854 598 2140 660 argentum
2193 597 2246 643 et
2301 588 2679 642 vestimenta:
2727 596 2780 641 et
2830 584 2996 641 modo
3048 584 3291 653 accipies
3343 583 3441 638 tibi

1857 682 2068 744 hortos,
2100 687 2154 734 et
2185 680 2403 741 oliveta,
2436 687 2492 732 et
2527 677 2738 742 vineas,
2773 687 2828 733 et
2853 693 3008 742 oves,
3040 685 3096 733 et
3127 691 3357 742 servos,
3385 683 3443 729 et

1853 772 2108 826 ancillas.
2149 770 2214 824 Et
2257 771 2404 840 lepra
2441 770 2689 824 Naaman
2729 769 3031 824 adhaerebit
3071 769 3206 835 tibi,
3245 775 3302 823 et
3349 784 3442 825 se-

1856 865 1987 918 mini
2024 873 2121 918 tuo
2152 863 2205 917 in
2239 871 2531 917 aeternum.
2568 883 2586 915 ι

1925 953 2085 1007 Prov.
2120 969 2209 1006 xxi
2235 992 2251 1015 ,
2281 952 2372 1006 24.
2407 982 2478 992 —
2510 971 2529 1004 ι
2567 952 2670 1017 Qui
2725 965 2927 1021 parcus
2987 961 3072 1007 est
3130 950 3184 1004 in
3242 948 3442 1010 donis.

1855 1044 1990 1097 iram
2026 1044 2250 1096 multam
2282 1041 2506 1097 excitat.
2541 1063 2560 1095 ι
2591 1074 2663 1084 -
2687 1044 2812 1112 xix],
2849 1043 2902 1094 4.
2932 1061 2951 1092 ε
2983 1041 3196 1095 Divitiae
3230 1039 3444 1094 addunt

1854 1132 2063 1187 amicos
2118 1133 2337 1188 mullos.
2374 1151 2392 1184 ι
2427 1150 2667 1198 —xxu,
2700 1133 2754 1187 7.
2799 1151 2818 1184 ι
2851 1133 3056 1186 Divites
3108 1131 3444 1201 pauperibus

1856 1224 2221 1293 imperabunt.
2256 1242 2274 1275 ι
2316 1240 2571 1278 —xxvui
2600 1265 2615 1289 ,
2655 1225 2739 1277 ll.
2774 1243 2792 1276 ‹
2830 1221 3062 1292 Sapiens
3090 1223 3194 1277 sibi
3227 1223 3444 1276 videtur

1853 1315 1939 1368 vir
1968 1315 2141 1370 dives.
2176 1335 2194 1368 ι
2219 1346 2288 1356 -
2311 1332 2408 1370 xui
2433 1355 2447 1380 ,
2483 1315 2568 1370 ll.
2604 1334 2622 1366 Ι
2656 1316 2984 1372 Substantia
3017 1315 3272 1371 festinata
3313 1329 3440 1368 cum

1856 1407 2146 1476 iniquitate
2195 1409 2482 1462 minuitur.
2525 1427 2542 1459 ι
2589 1438 2658 1447 —
2697 1426 2765 1476 x,
2812 1409 2867 1462 2.
2921 1429 2938 1460 ι
2978 1407 3095 1463 Non
3139 1409 3445 1478 proderunt

1857 1500 2100 1554 thesauri
2153 1500 2381 1570 iniquis.
2418 1518 2435 1550 ι
2480 1530 2552 1539 —
2592 1517 2760 1555 xxviu
2787 1542 2800 1563 .
2836 1503 2930 1556 27.
2994 1521 3012 1552 ε
3044 1501 3148 1566 Qui
3182 1503 3446 1554 averterit

1858 1592 2052 1647 faciem
2085 1607 2240 1646 suam
2275 1608 2303 1644 a
2338 1607 2614 1661 paupere.
2649 1594 2702 1645 in
2737 1594 2969 1661 penuria
3004 1609 3200 1663 magna
3252 1594 3382 1648 erit.
3420 1611 3439 1643 ι

1855 1719 1924 1728 -
1950 1704 2002 1740 xi
2027 1727 2042 1751 ,
2073 1687 2158 1741 l7.
2193 1705 2211 1738 ‹
2249 1686 2487 1740 Exilium
2537 1685 2696 1740 aﬂert
2738 1690 2961 1756 corpori
3007 1701 3107 1741 suo
3135 1687 3228 1756 qui
3263 1687 3446 1741 immi-

1858 1779 2099 1835 scricors
2128 1787 2232 1832 est.
2264 1795 2282 1827 ι
2311 1805 2380 1816 -
2408 1793 2484 1830 xu
2510 1816 2524 1840 ,
2560 1777 2646 1831 10.
2680 1795 2698 1827 Ι
2728 1776 2956 1832 Viscera
2987 1776 3284 1847 impiorum
3319 1791 3439 1830 eruo

1788 1847 1831 1902 Β
1861 1871 2027 1926 delia.
2064 1889 2082 1922 ι

1925 1960 2098 2015 Eccle.
2133 1976 2185 2022 v.
2221 1959 2274 2016 9.
2299 1989 2369 2000 —
2397 1977 2416 2012 ε
2446 1959 2661 2014 Avarus
2692 1973 2800 2013 non
2831 1958 3095 2028 impletur
3128 1958 3383 2028 pecunia.
3420 1977 3437 2009 ι

1854 2165 1922 2174 -
1948 2151 1977 2188 x
2004 2175 2018 2199 ,
2048 2135 2135 2189 l9.
2169 2154 2187 2186 ι
2218 2135 2472 2191 Pecuniae
2500 2135 2765 2189 0|)0dielll
2804 2135 3013 2188 omnia.
3051 2153 3069 2185 ι
3105 2165 3173 2175 -
3197 2150 3245 2188 vn
3267 2175 3282 2199 ,
3312 2134 3368 2198 l,
3389 2134 3442 2187 2.

1862 2247 1880 2279 ‹
1919 2226 2013 2280 Est
2047 2226 2250 2281 malum
2283 2226 2433 2297 quod
2467 2226 2578 2280 vidi
2615 2227 2720 2280 sub
2751 2226 2868 2281 sole
2901 2243 2915 2280 :
2957 2227 3042 2280 vir
3091 2227 3180 2280 cui
3233 2224 3447 2280 dederit

1857 2319 2000 2374 Deus
2031 2318 2255 2374 divitias
2277 2361 2291 2382 ,
2325 2327 2380 2373 et
2409 2318 2810 2381 substantiam,
2841 2328 2894 2372 et
2922 2318 3152 2388 gloriam
3175 2359 3189 2382 ,
3225 2330 3279 2372 et
3307 2317 3444 2371 nihil

1856 2411 2015 2467 deest
2053 2411 2252 2464 anima:
2302 2411 2425 2481 ejus
2463 2426 2530 2466 ex
2570 2410 2830 2465 omnibus
2869 2426 2993 2481 qua:
3031 2409 3311 2466 desiderat
3341 2429 3356 2466 :
3391 2419 3446 2465 et

1856 2505 1945 2558 vir
1976 2503 2195 2559 alienus
2223 2503 2460 2558 comedit
2493 2518 2642 2559 eum.
2677 2521 2697 2555 ι

1929 2683 2060 2741 Osee
2090 2700 2200 2749 xu,
2235 2686 2286 2739 7.
2316 2715 2386 2724 —
2418 2703 2437 2736 ‹
2478 2685 2740 2740 Chanaan
2763 2725 2776 2748 ,
2811 2685 2864 2738 in
2895 2699 3058 2739 manu
3087 2684 3210 2754 ejus
3239 2692 3446 2741 statera

1855 2769 2169 2847 iniquitatis
2199 2797 2211 2831 :
2248 2779 2567 2848 opprimere
2599 2778 2811 2832 dilexit.
2851 2797 2868 2828 ι

1928 2869 2134 2923 ﬂabac.
2167 2885 2202 2923 ιι
2227 2911 2242 2935 ,
2269 2870 2301 2924 6
2325 2907 2339 2933 ,
2372 2871 2422 2924 7.
2444 2901 2513 2912 -
2538 2889 2556 2920 ι
2589 2869 2681 2923 Vm
2707 2871 2804 2939 qui
2832 2869 3167 2939 multiplicat
3189 2885 3314 2939 quae
3337 2886 3445 2924 non

1857 2975 1956 3014 sua
1983 2970 2140 3028 sunt,
2166 2969 2221 3015 et
2247 2971 2513 3030 aggravat
2541 2971 2792 3031 torquem
2823 2977 2986 3016 suum
3013 2961 3284 3030 graviter:
3315 2961 3445 3031 quia

1857 3053 2045 3106 subito
2094 3062 2436 3124 consurgent
2475 3052 2795 3107 mordentes
2826 3068 2953 3108 eum
2977 3094 2991 3118 ,
3028 3061 3083 3107 et
3114 3054 3444 3124 vigilabunt.

1857 3143 1958 3209 Qui
1995 3145 2322 3214 multiplicat
2372 3144 2662 3198 avaritiam
2715 3145 2916 3198 malam
2963 3145 3150 3199 domui
3203 3161 3355 3212 suae,
3388 3155 3449 3200 ut

1859 3245 2026 3305 ponat
2057 3237 2250 3289 nidum
2282 3252 2478 3298 suum,
2501 3255 2518 3286 ι
2551 3245 2662 3290 etc.

1927 3326 2043 3381 lsa.
2095 3344 2148 3392 ν,
2203 3327 2346 3381 8.-
2376 3347 2394 3378 ε
2443 3327 2534 3380 Va:
2584 3327 2676 3396 qui
2729 3326 3064 3396 conjungitis
3107 3327 3328 3381 domum
3377 3328 3446 3381 ad

1859 3416 2123 3481 domum,
2163 3426 2217 3472 et
2253 3434 2445 3488 agrqu
2499 3418 2566 3472 ad
2606 3433 2796 3488 agrum
2828 3418 3205 3487 copulatis,nt
3238 3419 3448 3489 aliquid

1855 3511 2106 3577 proximo
2141 3510 2432 3564 auleratis.
2466 3529 2484 3560 i

1926 3619 2040 3674 Isa.
2073 3637 2157 3682 iu,
2193 3623 2281 3686 M,
2317 3623 2402 3676 15.
2427 3653 2499 3662 —
2531 3641 2548 3672 ι
2575 3620 2787 3692 Rapina
2840 3623 3099 3692 pauperis
3128 3629 3212 3678 est
3254 3624 3310 3677 in
3341 3623 3444 3678 do-

1866 3714 2048 3769 mibus
2078 3715 2291 3768 vestris.
2324 3713 2464 3780 Quid
2493 3729 2592 3767 vos
2622 3715 2824 3783 injuria
2849 3713 3065 3770 adicitis
3089 3716 3369 3785 populum,
3392 3726 3447 3772 et

1856 3805 2051 3859 faclem
2079 3823 2381 3876 pauperum
2414 3807 2796 3861 confunditis?
2833 3807 2968 3861 dicit
2995 3807 3282 3863 Dominus.
3332 3828 3352 3861 ι
3374 3838 3448 3849 -

1855 3912 2035 3958 xuu,
2069 3898 2123 3952 6.
2163 3916 2180 3947 ι
2215 3897 2329 3966 Ego
2355 3898 2483 3952 dedi
2515 3914 2609 3952 eos
2642 3899 2698 3952 in
2731 3914 2954 3952 manum
2986 3908 3138 3953 tuam
3174 3919 3187 3953 :
3223 3908 3278 3954 tu
3313 3917 3442 3955 vero

1857 4002 1967 4040 non
2022 3988 2221 4041 dedisti
2274 3989 2358 4042 eis
2406 3988 2876 4043 misericordiam.
2917 4009 2935 4041 ι
2959 4007 3107 4055 -ι,
3141 3991 3230 4045 l5.
3259 4009 3279 4042 ‹
3306 3991 3444 4045 Cum

1855 4079 2220 4133 extenderitis
2248 4094 2448 4135 manus
2472 4087 2711 4141 vestras,
2744 4093 2991 4134 avertam
3017 4082 3212 4136 oculos
3238 4098 3386 4137 meos
3414 4100 3443 4136 a

1854 4170 2033 4222 vobis.
2073 4169 2210 4222 Nam
2247 4185 2443 4225 manus
2479 4180 2676 4224 vestra:
2712 4173 2982 4240 sanguine
3017 4173 3193 4241 plenze
3223 4182 3376 4227 sunt.
3423 4191 3441 4223 ι

1854 4289 1920 4300 -
1949 4275 2021 4313 ιιι
2045 4299 2058 4322 ,
2091 4261 2148 4314 5.
2186 4278 2204 4310 ε
2241 4259 2476 4331 Propter
2511 4278 2609 4316 vos
2640 4278 2841 4317 nomen
2879 4279 3061 4319 meum
3097 4264 3446 4334 blasphema-

1856 4359 1946 4403 tur
1982 4353 2034 4404 in
2072 4352 2349 4420 gentibus.
2387 4371 2405 4403 ι
2435 4384 2504 4393 -
2529 4369 2669 4416 Lvu,
2712 4353 2804 4407 20.
2837 4373 2856 4404 ι
2896 4355 3054 4424 lmpii
3096 4358 3254 4425 quasi
3296 4371 3447 4412 mare

1859 4446 2106 4502 fervens.
2142 4446 2221 4497 sic
2252 4443 2644 4511 lluctuahunt,
2676 4453 2731 4499 et
2763 4448 3117 4512 requiescere
3152 4464 3257 4500 non
3292 4455 3447 4516 pote-

157 4539 288 4606 έχου
333 4537 446 4590 ἀπὸ
483 4537 694 4601 ἀδίκου,
732 4536 826 4590 καὶ
874 4536 934 4588 οὐ
970 4536 1045 4606 μὴ
1089 4537 1400 4608 φοϐηθήσῃ,
1438 4538 1534 4591 καὶ⁵
1555 4538 1751 4608 τρόμος

1857 4543 2004 4587 runt.
2031 4553 2048 4584 ι
2073 4533 2238 4604 483
2263 4567 2333 4576 -—
2357 4551 2466 4599 Liv,
2496 4537 2586 4590 14.
2624 4556 2640 4587 ι
2667 4535 2885 4592 Recede
2916 4539 2986 4591 ab
3013 4539 3221 4608 iniquo,
3251 4547 3306 4593 et
3336 4555 3444 4593 nou

155 4632 263 4683 οὐκ
301 4632 489 4699 ἐγγιεί
517 4646 620 4681 σοι.
661 4648 678 4679 r

237 4761 256 4791 ι
301 4740 478 4793 Τοῦτο
500 4740 559 4792 τὸ
593 4741 854 4810 ἀνόμημα
887 4741 1153 4811 Σοδόμων,
1173 4742 1254 4794 ὅτι
1292 4745 1349 4795 ὲν
1381 4744 1748 4812 ὑπερηφανίᾳ,

157 4836 258 4886 καὶ
297 4835 586 4903 πλησμονῇ
607 4833 810 4904 ἀρτων,
832 4837 925 4886 καὶ
948 4835 1004 4886 ὲν
1034 4833 1261 4904 εύοηνίᾳ
1280 4837 1423 4886 οίνου
1454 4836 1750 4898 ὲσπατάλα,

158 4924 304 4990 α’ύτη
338 4925 429 4974 καὶ
455 4923 748 4992 Θυγατέρες
772 4925 961 4991 αὐτῆς,
994 4924 1086 4975 καὶ
1111 4927 1266 4994 χεῖρα
1295 4924 1509 4993 πτωχοῦ
1535 4926 1626 4976 καὶ
1656 4925 1752 4975 πέ-

154 5029 330 5082 νητος
389 5012 490 5064 ούκ
542 5012 941 5072 ἀντελάϐοντο,
999 5014 1094 5065 καὶ
1150 5013 1602 5082 ὲμεγαλαύχουν,
1659 5015 1753 5064 καὶ

157 5104 436 5172 ἐποίησαν
457 5103 715 5174 ἀνόμημα
741 5104 970 5156 ἐνώπιόν
1009 5123 1131 5175 μου.
1164 5123 1181 5154 ι

241 5320 261 5353 ε
305 5300 448 5363 Aab;
483 5299 830 5363 ὲκπιέζοντες
861 5301 1098 5365 ἀδικίαν,
1145 5300 1241 5353 καὶ
1282 5298 1618 5370 ἀρτιάζοντες
1650 5297 1750 5367 ἇρσ

157 5410 392 5462 παγμα,
426 5393 644 5461 πτωχὸν
671 5393 766 5444 καὶ
795 5393 1003 5462 πένητα
1026 5391 1593 5450 καταδυναστεύοντες
1611 5428 1625 5449 ,
1659 5387 1753 5439 καὶ

156 5487 309 5556 πρὸς
337 5486 428 5538 τὸν
459 5485 795 5556 προσήλυτον
823 5486 922 5538 οὐκ
955 5483 1421 5555 ἀναστρεφόμενοι
1461 5480 1596 5552 μετά
1628 5479 1750 5549 κρίο

156 5591 368 5643 ματος.
409 5593 428 5625 ι

240 5706 261 5738 ι
411 5687 592 5758 μήτηρ
610 5705 702 5740 σου
721 5687 958 5756 σκύμνος
986 5688 1235 5754 λεόντων,
1267 5686 1498 5758 ἐγενήθη
1524 5687 1581 5737 ἐν
1601 5683 1751 5754 μέσῳ

152 5780 399 5833 λεόντων
420 5797 434 5812 ο
475 5781 742 5853 ἐπλήθυνε
768 5780 1049 5855 ’σκύμνους
1084 5781 1273 5852 αὐτῆς,
1295 5782 1388 5834 καὶ
1412 5777 1750 5847 ἀνεπήδησεν

1857 4625 2071 4680 timehis
2095 4668 2109 4689 ,
2142 4634 2196 4678 et
2228 4634 2437 4680 tremor
2469 4642 2578 4681 non
2617 4629 3086 4702 appropinquabit
3121 4630 3240 4683 tibi.
3277 4648 3294 4680 ι

1925 4734 2116 4787 Ezech.
2157 4753 2266 4801 xvi,
2298 4737 2388 4801 49,
2430 4737 2518 4789 50.
2551 4767 2623 4777 —
2667 4756 2685 4788 ι
2728 4736 2855 4793 Haec
2889 4738 2995 4793 fuit
3037 4739 3307 4809 iniquitas
3348 4739 3445 4792 So-

1854 4826 2027 4879 doma:
2059 4828 2268 4880 sororis
2297 4834 2404 4878 tuae
2437 4845 2448 4878 :
2486 4829 2617 4896 quia
2658 4828 2710 4881 in
2743 4831 3024 4899 superbia,
3068 4837 3124 4885 et
3148 4834 3442 4887 saturitate

1856 4932 2075 4984 panum.
2106 4925 2159 4968 et
2197 4917 2249 4968 in
2282 4917 2644 4985 abundantia,
2676 4918 2889 4973 deliciis
2938 4921 3196 4975 adluebat
3241 4923 3353 4988 ipsa
3387 4931 3442 4976 et

1860 5009 1977 5061 lilia:
2006 5009 2149 5075 ejus,
2186 5017 2241 5062 et
2273 5025 2493 5062 manum
2543 5014 2804 5079 pauperis
2834 5020 2888 5065 et
2927 5012 3084 5081 egeni
3122 5027 3232 5066 non
3261 5013 3441 5066 θυεμ-ἰ-

1855 5100 2093 5168 piebant.
2126 5108 2178 5150 et
2204 5099 2586 5167 gloriabantur
2610 5102 2930 5171 magniﬁce;
2961 5110 3016 5158 et
3046 5102 3298 5157 fecerunt
3331 5104 3441 5156 ini-

1853 5191 2087 5259 quitates
2117 5205 2300 5243 coram
2333 5207 2437 5243 me.
2486 5209 2504 5240 ι

1923 5300 2114 5352 Ezech.
2149 5316 2283 5365 xxu,
2318 5300 2407 5353 27.
2455 5331 2522 5342 --
2569 5319 2588 5352 α
2630 5302 2874 5371 Populus
2918 5301 3294 5372 exprimentes
3332 5303 3440 5354 ini-

1853 5391 2139 5460 quitatem,
2176 5400 2230 5443 et
2262 5394 2537 5460 rapientes
2573 5395 2799 5462 rapinas
2830 5408 2845 5445 :
2885 5408 3183 5463 pauperem
3219 5401 3274 5447 et
3311 5409 3439 5462 ege-

1853 5494 1981 5532 num
2013 5477 2333 5549 aﬂligcntes,
2370 5489 2422 5534 et
2462 5495 2586 5532 cum
2640 5483 2852 5535 advena
2898 5495 3009 5535 non
3048 5489 3270 5552 agentes
3309 5496 3436 5534 cum

1849 5569 2074 5638 judicio.
2110 5590 2127 5618 ι

1923 5681 2114 5736 Ezech.
2171 5701 2281 5748 xix,
2332 5685 2386 5737 2.
2417 5717 2487 5726 -—
2525 5706 2544 5738 ε
2579 5687 2749 5741 lllatcr
2782 5697 2874 5742 tua
2916 5687 3136 5741 catulus
3191 5688 3432 5748 leonum.

1856 5775 1993 5829 facta
2035 5786 2118 5831 est
2156 5775 2208 5830 in
2246 5780 2427 5832 medio
2483 5781 2748 5834 leonum:
2790 5778 3173 5848 multiplicavit
3225 5777 3438 5834 catulus
