4206 6442
771 316 908 380 1479

1965 321 2024 380 S-
2065 318 2387 381 IOANNIS
2425 321 2856 382 DAMASCENI

3931 327 4064 392 1180

769 445 917 484 suos.
951 430 1012 483 Et
1044 430 1287 486 exsilivit
1326 447 1467 484 unus
1498 432 1566 486 de
1599 433 1803 489 catulis
1833 449 1954 500 ejus
1991 457 2002 486 :
2040 443 2124 490 leo
2180 434 2346 489 factu:

2465 438 2544 499 είς
2573 435 2663 489 τὸν
2689 439 2937 502 σκύμνον
2957 437 3150 508 αὐτῆς,
3179 437 3314 492 λέων
3341 438 3562 509 ἐγένετο
3586 456 3595 469 °
3633 441 3843 510 ἔμαθεν
3871 443 3935 492 τὸ
3967 442 4063 510 ἁρ-

767 528 875 586 est,
913 527 968 575 et
1006 519 1200 575 didicit
1232 534 1427 588 rapere
1454 521 1698 590 rapinas.
1738 540 1756 573 ι

841 613 1035 669 Ezech.
1073 629 1206 674 χχιι,
1234 612 1325 667 24.
1361 643 1433 653 —
1467 633 1484 665 ι
1527 612 1652 668 Haec
1682 615 1814 668 dicit
1846 614 2148 670 Dominus:
2188 615 2268 668 Tu
2298 630 2359 670 es

766 716 916 761 terra
947 720 1067 774 quae
1100 721 1209 758 non
1235 705 1460 774 irrigata
1487 720 1567 769 es,
1594 719 1694 758 nec
1721 705 1907 774 pluvia
1936 706 2084 759 venit
2110 719 2276 775 super
2305 715 2358 760 te

768 799 823 851 in
865 795 954 851 die
982 795 1207 850 furoris.
1241 795 1508 850 Ductores
1539 797 1591 849 in
1630 795 1814 852 medio
1837 796 1959 864 ejus
1993 795 2142 850 velut
2172 795 2357 850 leones

766 890 1072 960 rugientes,
1109 889 1434 958 diripientcs
1468 889 1705 958 praedas,
1761 889 1979 944 animas
2025 887 2357 943 devorantes

766 983 821 1037 in
855 983 1124 1050 potentia.
1173 999 1193 1032 ι

840 1073 1008 1127 Eccli.
1067 1090 1181 1139 xlv,
1219 1074 1275 1128 9.
1321 1104 1393 1114 —
1436 1094 1454 1126 ‹
1495 1074 1658 1128 Avari
1701 1074 1894 1127 oculus
1937 1087 2045 1126 non
2098 1073 2356 1142 impletur

764 1175 944 1234 parte.
980 1185 998 1216 ι
1038 1194 1105 1204 -—
1133 1181 1301 1229 xxxv,
1342 1164 1430 1219 16.
1491 1183 1509 1215 ι
1550 1164 1808 1219 Conteret
1838 1163 2104 1218 Dominus
2137 1163 2354 1218 lumbos

764 1257 1310 1314 immisericordium.
1357 1274 1376 1308 ι
1423 1287 1492 1297 -
1529 1273 1581 1318 v,
1639 1257 1691 1312 1.
1754 1274 1770 1306 ι
1820 1254 1940 1309 Νοιί
1989 1256 2232 1325 gaudere
2280 1255 2354 1309 ob

765 1349 1030 1419 pecunias
1060 1350 1305 1418 iniquas.
1353 1347 1469 1402 Non
1510 1349 1654 1400 enim
1693 1347 1997 1415 proderunt
2039 1347 2140 1400 tibi
2183 1347 2235 1400 in
2266 1346 2354 1401 die

766 1440 1126 1494 inductionis.
1167 1459 1185 1491 ι
1219 1471 1288 1480 -
1317 1426 1427 1498 xvi.
1461 1440 1547 1494 15.
1589 1458 1606 1490 ‹
1643 1437 1764 1493 Non
1800 1439 2029 1509 eil’ugiet
2075 1441 2128 1493 in
2164 1442 2354 1509 rapina

766 1541 1044 1601 peccator.
1083 1551 1100 1583 ι
1130 1561 1194 1573 --
1231 1546 1346 1593 xxi,
1389 1531 1441 1584 9.
1482 1549 1500 1582 ι
1542 1529 1646 1594 Qui
1675 1529 1910 1584 :editicat
1935 1531 2161 1583 domum
2195 1545 2350 1583 suam

767 1625 820 1677 in
862 1624 1111 1694 pecuniis
1140 1623 1335 1676 alienis
1367 1623 1523 1690 quasi
1555 1623 1647 1692 qui
1711 1621 1922 1690 colligit
1976 1621 2184 1689 lapides
2219 1636 2352 1675 suos

764 1719 820 1770 in
854 1725 1116 1770 torrente.
1154 1734 1172 1766 ι
1204 1743 1274 1754 —-
1302 1729 1474 1776 xxvn,
1512 1715 1598 1768 lU.
1629 1732 1647 1764 ι
1680 1713 1788 1766 Leo
1819 1713 2092 1766 venationi
2127 1713 2352 1767 insidia-

2459 528 2657 592 πάζειν
2693 531 2993 600 ἅρπαγμα.
3025 548 3044 581 ι

2533 640 2549 669 ‹
2586 620 2725 674 Τάδε
2758 621 2905 690 λέγει
2940 623 3148 693 Κύριος
3173 639 3184 652 ·
3222 623 3292 677 Σὺ
3325 619 3377 676 εἷ
3409 625 3443 695 ή
3482 624 3554 694 γῆ
3580 625 3612 694 ὴ
3635 624 3695 678 οὑ
3727 624 4060 695 βρεχομένη,

2456 715 2577 768 οὐδὲ
2611 716 2764 779 ὑετὸς
2786 717 3006 785 ἐγένετο
3054 718 3149 771 ἐπὶ
3179 717 3241 770 σὲ
3272 719 3331 770 ὲν
3365 719 3550 789 ἡμέρα
3583 719 3778 790 ὀργῆς,
3823 721 3890 772 Οἱ
3919 720 4060 790 ἀφη-

2455 806 2718 875 γούμενοι
2748 810 2806 861 ὲν
2839 809 2991 878 μέσῳ
3015 809 3193 879 αὐτῆς
3209 808 3286 872 ὡς
3313 792 3531 874 λέοντες
3565 810 3877 882 ὠρυόμενοι
3902 853 3918 877 ,
3967 813 4062 881 ἁρ-

2458 900 2724 964 πάζοντες
2750 903 3113 972 ἁρπάγματα,
3151 902 3332 974 ψυχὰς
3373 904 3759 968 κατεσθίοντες
3797 907 3858 958 ἐν
3901 905 4059 957 δυνα-

2459 992 2634 1060 στεία.
2678 1010 2696 1042 ι

2533 1102 2550 1133 ι
2594 1082 2930 1137 Πλεονέκτου
2953 1083 3236 1154 ὀφθαλμὸς
3269 1086 3370 1138 οὐκ
3403 1085 3752 1156 ἐμπίπλαται
3787 1087 3995 1157 μερίδι.
4037 1108 4051 1136 ι

2455 1205 2525 1214 --
2560 1193 2577 1225 ι
2617 1175 2906 1245 Συντρίψει
2930 1176 3134 1248 Κύριος
3159 1178 3333 1245 ὀσφὺν
3351 1179 3753 1249 ἀνελεημόνων.
3783 1200 3802 1229 ι
3831 1210 3900 1218 —
3933 1200 3948 1229 ι
3969 1183 4057 1252 Μὴ

2456 1265 2710 1336 ὲπίχαιρε
2741 1269 2835 1319 ἐπὶ
2866 1270 3144 1338 χρήμασιν
3199 1270 3431 1333 ἀδίκοις.
3475 1272 3645 1325 Οὐδὲν
3694 1273 3806 1342 γὰρ
3844 1274 4056 1342 ὠφελή-

2457 1373 2641 1412 σουσιν
2664 1360 2722 1412 ἐν
2757 1361 2946 1431 ἡμέρα
2976 1362 3299 1431 ἐπαγωγῆς.
3342 1381 3360 1413 ι
3381 1382 3476 1414 -ι
3497 1363 3611 1416 Οὐκ
3643 1363 3974 1433 ἐκφεύξεται
4005 1368 4055 1416 ἐν

2453 1449 2782 1520 ἀρπάγματι
2836 1452 3183 1522 ἁμαρτωλός.
3231 1471 3250 1504 ι
3295 1484 3366 1493 -
3399 1471 3419 1503 ‹
3486 1455 3549 1506 'O
3599 1455 3910 1524 οἰκοδομῶν
3962 1456 4055 1525 τὴν

2455 1539 2635 1592 οὶκίαν
2670 1538 2835 1592 αὑτοῦ
2870 1541 2929 1593 ὲν
2969 1543 3252 1612 χρήμασιν
3278 1543 3588 1614 ἀλλοτρίου,
3633 1546 3709 1609 ὡς
3747 1547 3776 1598 ὁ
3807 1547 4056 1613 συνάγων

2455 1631 2581 1691 τοὺς
2612 1629 2794 1693 λίθους
2817 1630 2982 1684 αὐτοῦ
3027 1635 3109 1696 είς
3150 1635 3244 1687 τὸν
3291 1636 3656 1708 χειμάρρουν.
3697 1656 3716 1688 ι
3743 1668 3815 1678 -
3845 1659 3865 1691 ι
3907 1641 4056 1694 Λέων

2455 1721 2630 1790 θήραν
2663 1723 2958 1793 ἐνεδρεύει,
2983 1724 3158 1787 οὓτως
3184 1727 3436 1796 ἁμαρτία
3479 1729 3608 1790 τοὺς
3648 1728 4053 1801 ἐργαζομένους

764 1817 874 1868 tur,
922 1808 1002 1860 sic
1061 1814 1348 1874 peccatum
1406 1804 1765 1872 cperantibus
1834 1802 2180 1872 iniquitates.
2220 1824 2238 1857 ι
2286 1835 2346 1846 —

2461 1811 2643 1864 ἄδικα.
2680 1831 2699 1863 ι
2726 1841 2793 1852 -ο
2830 1833 2848 1863 ι
2879 1801 3166 1878 Θυσιάζων
3190 1815 3249 1881 ἐξ
3277 1815 3502 1880 ἀδίκων,
3535 1817 3700 1873 θυσία
3737 1823 4054 1890 μεμιασμέ-

762 1913 952 1964 xmv,
978 1898 1069 1952 20.
1103 1915 1119 1947 ι
1157 1896 1452 1950 Immolans
1483 1911 1549 1950 ex
1602 1895 1914 1964 iniquitate,
1949 1894 2128 1950 hostia
2161 1909 2350 1948 macu—

763 1990 894 2044 lata.
935 2007 954 2038 ι
988 2017 1059 2028 —-
1087 2003 1176 2053 XL,
1213 1988 1302 2040 15.
1348 2006 1366 2038 ι
1408 1985 1659 2040 Pecunia:
1693 1986 2025 2054 injustorum
2063 1986 2206 2040 sicut
2237 1995 2348 2039 tor-

763 2090 946 2134 rentes
983 2080 1439 2143 siccabuntur,et
1469 2079 1615 2133 sicut
1655 2081 1956 2132 tonitruum
1999 2093 2256 2148 magnum
2288 2080 2344 2132 in

761 2173 943 2242 pluvia
976 2173 1369 2241 personabunt.
1415 2191 1434 2223 »
1474 2201 1544 2210 --
1575 2187 1761 2235 xxxrv,
1804 2171 1895 2225 29..
1933 2190 1952 2222 ι
1990 2171 2093 2237 Qui
2139 2183 2345 2226 mactat

761 2263 930 2318 lilium
957 2265 1010 2319 in
1036 2275 1334 2334 conspectu
1369 2265 1540 2334 patris
1563 2265 1670 2329 sui,
1695 2264 1790 2332 qui
1821 2263 1980 2318 offert
2007 2263 2340 2319 sacriﬁcium

760 2373 826 2412 ex
864 2359 1116 2428 pecuniis
1173 2373 1498 2427 pauperum.
1534 2375 1554 2408 ι
1593 2387 1662 2398 —-
1702 2372 1801 2420 χιι,
1837 2357 1892 2410 3.
1934 2374 1952 2406 ι
1994 2355 2111 2410 Non
2149 2357 2256 2410 erit
2291 2355 2343 2411 ei

760 2452 918 2520 bene,
946 2452 1038 2522 qui
1062 2452 1322 2506 assiduus
1355 2457 1440 2505 est
1476 2451 1527 2504 in
1560 2450 1740 2512 malis,
1774 2465 1875 2503 nec
1900 2450 1948 2503 ei
1982 2449 2070 2519 qui
2109 2450 2341 2504 eleeino-

761 2560 953 2615 synam
987 2523 1090 2598 non
1119 2546 1369 2613 largitur.
1411 2565 1430 2595 ι
1465 2573 1533 2583 --
1562 2559 1747 2604 xxxnv,
1789 2542 1878 2595 25.
1920 2563 1936 2593 ί
1979 2541 2141 2595 Panis
2174 2559 2340 2612 egen-

2457 1919 2545 1971 νη.
2581 1921 2601 1954 ι
2633 1932 2700 1942 -—-
2737 1924 2754 1955 ι
2803 1905 3083 1974 Χρήματα
3115 1906 3338 1970 ἀδίκων,
3393 1907 3470 1970 ὡς
3509 1912 3748 1979 ποταμοὶ
3774 1911 4050 1983 ξηρανθή-

2458 2012 2632 2060 σεται,
2665 1997 2759 2050 καὶ
2787 1999 2863 2061 ὡς
2895 1998 3104 2068 βροντὴ
3138 2001 3348 2072 μεγάλη
3380 2002 3439 2054 ὲν
3472 2002 3616 2072 ὐετῷ
3641 2003 3930 2074 ἐξηχήσει.
3964 2025 4054 2056 ι-

2460 2106 2478 2139 (
2503 2087 2659 2141 Θύων
2682 2090 2798 2142 υἱὸν
2825 2089 3004 2144 ἔναντι
3034 2091 3246 2162 πατρὸς
3263 2093 3454 2158 αὐτοῦ,
3484 2097 3512 2148 ὁ
3534 2096 3834 2164 προσάγων
3861 2095 4052 2148 θυσίαν

2451 2179 2516 2233 ὲκ
2551 2184 2854 2251 χρημάτων
2891 2185 3169 2253 πενήτων.
3209 2203 3227 2234 ι
3256 2216 3326 2226 —
3349 2205 3369 2236 ι
3404 2187 3517 2239 Οὐκ
3556 2187 3716 2240 ἔσται
3765 2189 3955 2256 ἀγαθὰ
3981 2189 4053 2258 τῷ

2447 2271 2838 2341 ἐνδελεχίζοντι
2873 2274 2952 2337 εἰς
2986 2275 3155 2343 κακὰ,
3193 2277 3289 2330 καὶ
3315 2276 3393 2347 τῷ
3427 2278 3811 2348 ἐλεημοσύνην
3846 2280 3924 2350 μὴ
3959 2297 4054 2350 χα-

2450 2363 2746 2434 ριζομένῳ.
2789 2383 2807 2414 ι
2847 2397 2916 2407 --
2945 2386 2962 2413 ι
3006 2368 3208 2438 "Apto;
3234 2369 3609 2439 ὲπιδεομὲνων
3645 2371 3760 2441 ζωὴ
3793 2372 4052 2440 πτωχῶν·

2445 2456 2473 2506 ὀ
2497 2456 2819 2527 ἀποστερῶν
2845 2459 3036 2529 αὐτὴν,
3075 2459 3363 2531 ἄνθρωπος
3399 2463 3674 2532 αἱμάτων.
3727 2485 3748 2513 ι
3782 2493 3853 2503 ——
3891 2463 4055 2532 Ἀγα-

2445 2547 2534 2608 ea;
2563 2548 2794 2612 πλοῦτος
2817 2544 2862 2620 ᾧ
2897 2552 2973 2622 μὴ
3003 2550 3152 2604 ἔστιν
3184 2554 3451 2626 ἁμαρτία.
3492 2575 3508 2605 ι

761 2642 898 2691 tium
941 2639 1050 2690 vita
1085 2649 1388 2706 pauperum
1424 2646 1511 2689 cst
1543 2653 1555 2688 :
1585 2633 1677 2703 qui
1700 2633 1992 2688 deiraudat
2016 2648 2159 2697 eam,
2196 2633 2359 2688 homo
2388 2640 2717 2707 sanguinuin
2747 2651 2852 2695 est.
2889 2661 2907 2692 ι
2936 2671 3006 2683 --
3037 2659 3134 2698 xnt
3160 2685 3174 2711 ,
3217 2645 3310 2699 5t).
3375 2665 3392 2696 ι
3437 2645 3600 2700 Bona:
3658 2646 3870 2702 divitia:
3927 2657 4056 2702 sunt

763 2734 814 2786 in
844 2729 1052 2798 quibus
1083 2745 1189 2782 non
1223 2738 1307 2782 est
1348 2737 1656 2796 peccatum.
1693 2745 1710 2777 ι

838 2819 1006 2872 Eccli.
1040 2835 1190 2882 χχχι,
1225 2817 1337 2871 1-6.
1362 2846 1432 2857 ——
1462 2835 1480 2866 ι
1518 2815 1709 2885 Vigilia
1737 2815 2057 2867 divitiarum
2087 2814 2348 2870 tabefecit

763 2925 982 2973 carnes,
1022 2919 1075 2963 et
1127 2909 1402 2977 cogitatus
1457 2907 1606 2958 illius
1664 2905 1845 2958 aufert
1896 2919 2176 2956 somnum.
2238 2901 2343 2969 Qui

764 3013 903 3055 amat
939 3017 1156 3064 aurum,
1191 3016 1298 3054 non
1339 2998 1752 3069 justilicabitur.
1791 2995 1946 3049 Multi
1972 2995 2084 3049 dati
2128 3004 2256 3050 sunt
2289 2997 2344 3048 in

2523 2835 2540 2868 ‹
2576 2817 2883 2887 Ἀγρυπνία
2916 2821 3150 2874 πλούτου
3183 2823 3409 2892 ἐκτήκει
3446 2823 3678 2895 σάρκας,
3707 2825 3802 2878 καὶ
3829 2827 3863 2897 ἡ
3892 2827 4047 2897 μέρι-

2454 2926 2560 2979 μνα
2583 2911 2747 2962 αὑτοῦ
2772 2913 2976 2982 ἁφιστᾷ
3010 2912 3202 2967 ὕπνον.
3249 2913 3306 2966 Ὀ
3331 2915 3560 2982 ἀγαπῶν
3589 2919 3834 2986 χρυσίον,
3872 2920 3937 2969 οὐ
3970 2920 4050 2970 δι-

2450 3006 2845 3075 καιωθήσεται.
2880 3007 3070 3060 Πολλοὶ
3106 3007 3370 3076 ἐδόθησαν
3423 3013 3504 3072 εἰς
3556 3011 3760 3080 πτῶμα
3792 3013 4048 3082 χρυσίου,

764 3110 953 3150 casum
994 3093 1136 3155 auri,
1172 3101 1225 3146 et
1258 3092 1398 3145 facta
1437 3101 1522 3144 est
1563 3089 1798 3159 perditio
1837 3104 2030 3143 eorum
2062 3089 2115 3141 in
2149 3087 2342 3142 facient

2453 3097 2547 3147 καὶ
2587 3097 2821 3166 ἐγενήθη
2871 3100 2904 3166 ἡ
2936 3098 3188 3151 ἀπώλεια
3221 3099 3404 3151 αὐτῶν
3430 3101 3588 3168 ,κατὰ
3627 3103 3928 3172 πρόσωπον
3957 3104 4054 3155 αὐ-

767 3189 1034 3258 ipsorum.
1068 3185 1297 3254 Lignum
1338 3182 1666 3238 oﬂensionis
1705 3190 1792 3235 est
1839 3196 2036 3233 aurum
2085 3181 2196 3234 illis
2254 3181 2347 3249 qui

767 3280 1081 3334 sacriﬁcant
1111 3277 1162 3333 ei
1196 3293 1211 3331 :
1248 3283 1303 3332 et
1331 3275 1517 3330 omnis
1556 3273 1878 3343 imprudens
1910 3269 2355 3341 deprehendetur

767 3377 821 3428 in
861 3388 946 3426 eo.
989 3391 1006 3423 ι

839 3462 1008 3516 Eccli.
1052 3479 1174 3527 xui,
1197 3460 1389 3517 23-26.
1417 3490 1491 3502 —-
1543 3478 1561 3510 ι
1598 3457 1839 3512 Venator
1871 3456 2114 3520 leonum,
2160 3454 2355 3523 onagri

769 3554 824 3606 in
857 3553 1096 3615 deserto,
1133 3553 1214 3605 sic
1264 3558 1318 3604 et
1361 3561 1568 3618 pascua
1596 3545 1824 3599 divitum
1881 3550 2009 3598 sunt
2061 3554 2350 3609 pauperes.

772 3644 968 3698 Divitis
1019 3642 1265 3697 cadentis
1325 3640 1483 3693 multi
1518 3645 1648 3693 sunt
1691 3643 2152 3705 recuperatores:
2185 3631 2351 3685 locuti

769 3744 895 3789 sunt
927 3747 1148 3795 arcana,
1174 3739 1228 3786 et
1249 3730 1694 3798 institit-siverunt
1727 3726 1905 3778 illum.
1938 3721 2100 3776 Dives
2133 3722 2351 3775 locutus

768 3835 872 3891 est,
899 3835 953 3880 et
989 3838 1181 3879 omnes
1209 3830 1522 3884 tacuerunt,
1546 3831 1600 3874 et
1627 3817 1855 3872 verbum
1891 3814 2040 3868 illius
2071 3827 2248 3881 usque
2283 3810 2349 3864 ad

768 3921 940 3974 nubes
970 3918 1306 3974 extulerunt.
1346 3933 1367 3964 υ

839 4011 1009 4066 Eccli.
1039 4025 1231 4074 xxvnt,
1270 4006 1355 4061 11.
1387 4035 1456 4045 -
1515 4022 1536 4055 ι
1577 4001 1891 4058 Secundum
1950 3996 2209 4051 virtutem
2251 3993 2349 4048 lto-

766 4107 931 4161 minis
971 4102 1252 4159 iracundia
1307 4099 1458 4154 illius
1487 4097 1614 4160 erit,
1659 4104 1714 4150 et
1747 4090 2050 4150 secundum
2086 4089 2347 4144 substan-

766 4199 897 4252 tiam
924 4210 1077 4251 suam
1107 4192 1371 4248 exaltabit
1400 4191 1540 4244 iram
1577 4201 1755 4242 suam.
1795 4204 1814 4236 ι

836 4290 1005 4345 Eccli.
1039 4304 1191 4352 xxxv,
1213 4286 1367 4340 8-10.
1395 4312 1468 4323 —-
1499 4301 1518 4335 ι
1549 4280 1750 4335 Beatus
1775 4277 1927 4332 dives
1959 4275 2050 4346 qui
2087 4273 2343 4329 inventus

2453 3187 2584 3240 τῶν.
2615 3186 2784 3240 Ξύλον
2811 3190 3244 3260 προσκόμματός
3276 3194 3393 3244 ἐστι
3422 3195 3538 3254 τοῖς
3566 3191 3926 3258 θυσιάζουσιν
3951 3195 4051 3247 αὐ-

2451 3276 2550 3346 τῷ,
2588 3279 2684 3329 καὶ
2714 3279 2823 3341 πᾶς
2854 3279 3044 3348 ἄφρων
3074 3280 3346 3333 ἁλώσεται
3375 3285 3433 3333 ἐν
3463 3284 3632 3352 αὐτῷ.
3667 3304 3684 3334 ι

2524 3475 2541 3508 ι
2578 3459 2833 3527 Κυνηγὸς
2852 3459 3108 3524 λεόντων,
3141 3461 3368 3534 δναγροι
3396 3467 3454 3517 ὲν
3483 3467 3701 3536 ἐρήμῳ,
3733 3466 3916 3532 οὕτως
3965 3488 4051 3524 νο-

2456 3549 2556 3615 μαὶ
2596 3549 2868 3602 πλουσίων
2900 3553 2949 3603 οἱ
2983 3552 3212 3621 πτωχοί.
3256 3555 3521 3608 Πλουσίου
3570 3558 3875 3627 σφαλέντος
3918 3564 4049 3614 πολ-

2453 3639 2538 3691 λοὶ
2566 3640 2964 3712 ἀντιλήπτορες
2984 3657 2997 3671 ·
3037 3643 3308 3714 ἐλάλησαν
3329 3646 3643 3718 ἀπόρρητα,
3667 3629 3763 3702 καὶ
3794 3651 4049 3706 ἐδικαίω-

2453 3746 2556 3782 σαν
2584 3729 2765 3782 αὐτόν.
2796 3731 3058 3794 Πλούσιος
3082 3733 3316 3803 ὲλάλησε
3335 3778 3352 3801 ,
3396 3737 3491 3789 καὶ
3516 3740 3716 3802 πάντες
3751 3741 4044 3810 ἐσίγησαν,

2452 3821 2660 3873 καὶτὸν
2690 3821 2846 3890 λόγον
2870 3825 3036 3877 αὑτοῦ
3069 3825 3367 3894 ἀνύψωσαν
3392 3829 3494 3892 ἕως
3533 3830 3642 3882 τῶν
3669 3831 3942 3900 νεφελῶν.
3987 3854 4005 3883 ο

2527 3931 2545 3962 ι
2585 3914 2742 3966 Κατὰ
2774 3914 2873 3984 τὴν
2915 3915 3070 3984 ἰσχὺν
3092 3917 3187 3968 τοῦ
3219 3918 3531 3987 ἀνθρώπου,
3561 3921 3730 3983 οὕτως
3762 3925 3858 3975 καὶ
3893 3928 3923 3978 ὁ
3950 3926 4037 3977 Oa-

2451 4002 2552 4071 μὸς
2580 4003 2771 4068 αὐτοῦ,
2824 4006 2918 4059 καὶ
2953 4008 3096 4060 κατὰ
3131 4009 3226 4059 τὸν
3258 4007 3487 4063 πλοῦτον
3533 4009 3814 4079 ἀνυψώσει
3871 4014 4044 4084 ὀργὴν

2446 4111 2634 4149 αυτου.
2676 4113 2694 4146 ι

2521 4295 2539 4328 ι
2576 4276 2866 4345 Μακάριος
2900 4278 3178 4343 πλούσιος,
3204 4277 3263 4342 ὂς
3313 4280 3517 4351 εὑρέθη
3556 4282 3818 4352 ἄμωμος,
3855 4286 3955 4336 καὶ
3986 4285 4040 4346 ὅς

759 4394 847 4441 est
882 4385 1004 4439 sine
1031 4380 1268 4445 macula,
1302 4387 1356 4433 et
1377 4376 1470 4447 qui
1499 4383 1625 4446 post
1662 4386 1861 4427 aurum
1892 4385 1999 4423 non
2027 4368 2180 4422 abiit.
2209 4366 2344 4432 Quis

2450 4366 2624 4420 ὀπίσω
2652 4370 2877 4438 χρυσίου
2916 4369 3016 4421 οὐκ
3057 4369 3356 4439 ἐπορεύθη.
3413 4371 3508 4432 Τίς
3534 4370 3690 4436 ἐστις
3726 4372 3823 4424 καὶ
3855 4391 4040 4441 μακαο

759 4486 848 4535 est
874 4475 999 4531 hic?
1028 4475 1091 4528 Et
1126 4471 1476 4527 laudabimus
1505 4482 1652 4522 eum.
1684 4463 1837 4519 Fecit
1883 4462 2030 4517 enim
2066 4459 2340 4514 mirabilia

759 4571 816 4624 in
857 4565 1060 4638 p0pulo
1091 4577 1212 4617 suo.
1259 4558 1396 4624 Quis
1438 4557 1703 4627 probatus
1727 4563 1811 4608 est
1851 4553 1908 4606 in
1960 4551 2075 4614 illo,
2130 4556 2185 4604 et
2216 4562 2339 4617 per-

763 4664 937 4718 fectus
978 4658 1101 4714 est?
1147 4663 1208 4710 et
1253 4652 1326 4708 sit
1357 4651 1412 4705 in
1446 4649 1827 4722 gloriationem
1872 4654 2160 4700 aeternam.
2202 4641 2338 4705 Quis

760 4753 936 4817 potuit
967 4745 1304 4818 transgredi,
1334 4753 1388 4798 et
1438 4758 1548 4797 non
1581 4749 1666 4798 est
1696 4749 2102 4808 transgressus,
2157 4731 2340 4785 facere

762 4848 920 4910 mala,
972 4850 1027 4898 et
1061 4857 1171 4896 non
1230 4837 1391 4893 fecit?
1441 4833 1810 4888 Stabilientur
1862 4833 2011 4885 bona
2069 4827 2240 4891 illius,
2288 4832 2340 4878 et

755 4937 1132 5006 eleemosynas
1157 4917 1308 4985 illius
1337 4925 1618 4982 enarrabit
1657 4923 1925 4978 Ecclesia.
1957 4939 1974 4972 ι

833 5027 998 5098 484
1029 5024 1201 5079 Εοειὶ.
1225 5040 1306 5087 x1,
1348 5021 1435 5076 17.
1473 5048 1543 5060 -
1566 5035 1584 5067 ι
1621 5016 1716 5072 Est
1745 5016 1839 5085 qui
1872 5015 2237 5083 locupletatur
2269 5029 2336 5068 ex

758 5121 1061 5173 attentione
1088 5124 1143 5171 et
1184 5110 1602 5181 compressione
1648 5122 1746 5161 sua
1789 5124 1803 5160 :
1845 5113 1902 5160 et
1956 5106 2230 5175 relinquet
2272 5120 2337 5158 ea

756 5211 903 5271 aliis,
934 5217 989 5261 et
1019 5208 1305 5260 morietur.
1339 5221 1357 5254 ι

827 5300 997 5355 Eccli.
1029 5315 1142 5359 xiv.
1175 5297 1331 5352 4-11.
1355 5324 1426 5334 -
1450 5313 1466 5344 ι
1503 5290 1605 5357 Qui
1639 5297 1860 5344 acervat
1906 5305 1967 5342 ex
2013 5287 2199 5342 animo
2239 5303 2337 5342 suo

757 5392 981 5461 injuste,
1015 5392 1140 5444 aliis
1169 5395 1486 5459 congregat,
1519 5394 1571 5438 ct
1619 5385 1672 5436 in
1717 5381 1876 5436 bonis
1925 5381 2045 5449 ejus
2089 5380 2338 5432 luxuria-

756 5482 962 5536 buntur
991 5481 1106 5534 alii.
1150 5479 1255 5544 Qui
1306 5478 1409 5532 sibi
1454 5488 1690 5544 nequam
1731 5482 1836 5534 est,
1869 5470 1957 5524 cui
1996 5473 2174 5525 bonus
2205 5472 2333 5524 erit.

755 5573 882 5638 Fiii,
912 5581 1176 5644 quantum
1209 5571 1402 5633 babes,
1439 5564 1670 5622 lienel‘ac
1701 5563 1820 5619 tibi.
1852 5583 1870 5614 ›

826 5663 1022 5719 Matth.
1074 5681 1188 5728 ιιι,
1245 5660 1532 5717 25-Ξ6.-
1569 5678 1587 5709 ‹
1622 5658 1769 5712 Dixit
1823 5655 1987 5711 Jesus
2040 5655 2330 5723 discipulis

753 5757 868 5814 suis
895 5773 914 5814 :
946 5758 1118 5812 Amen
1147 5756 1273 5812 dico
1295 5755 1473 5819 vobis,
1505 5751 1633 5821 quia
1657 5749 1877 5804 diﬂicile
1907 5748 2061 5802 dives
2101 5747 2330 5801 intrabit

2449 4458 2674 4530 ριοῦμεν
2705 4459 2890 4513 αὐτόν.
2935 4460 3189 4530 Ἐποίησε
3231 4460 3342 4527 γὰρ
3374 4460 3658 4530 θαυμάσια
3697 4465 3757 4514 ὲν
3797 4463 3921 4533 λαῷ
3950 4465 4034 4516 αὖα

2445 4549 2560 4602 τοῦ.
2612 4550 2708 4612 Τίς
2747 4550 3082 4620 ἐδοκιμάσθη
3115 4553 3174 4603 ὲν
3209 4549 3393 4617 αὐτῷ,
3434 4551 3528 4603 καὶ
3581 4551 3916 4622 ἐτελειώθης
3951 4558 4037 4606 καὶ

2444 4641 2584 4694 ἔστω
2613 4644 2693 4706 εἰς
2725 4643 3012 4712 καύχησιν.
3051 4641 3147 4705 Τίς
3174 4641 3409 4709 ἠδύνατο
3438 4643 3778 4714 παραϐῆναι,
3836 4647 3936 4714 καὶ
3979 4648 4035 4698 οὐ

2445 4731 2684 4801 παρέϐη,
2714 4735 2940 4802 ποιῆσαι
2973 4733 3141 4797 κακὰ,
3167 4734 3264 4786 καὶ
3293 4733 3396 4786 οὐκ
3418 4712 3638 4802 ἐποίησε
3653 4712 3676 4800 ν;
3713 4712 4037 4805 Στερεωοή-

2445 4839 2596 4876 σεται
2618 4825 2688 4876 τά
2717 4825 2898 4893 ἀγαθὰ
2922 4825 3111 4891 αὐτοῦ,
3151 4827 3246 4879 καὶ
3277 4825 3648 4895 ἐλεημοσύνας
3677 4825 3852 4878 αὑτοῦ
3892 4828 4035 4881 ἐκδι-

2440 4919 2770 4988 ηγήσεταιὴ
2817 4919 3134 4988 Ἐκκλησία.
3176 4938 3194 4969 ι

2517 5027 2534 5058 ί
2585 5010 3016 5064 Ἔστι-πλουτῶν
3052 5012 3160 5063 ἀπὸ
3198 5009 3471 5080 προσοχῆς
3496 5011 3588 5062 καὶ
3635 5010 3908 5078 σαιγγίας
3939 5010 4036 5062 αἰσ-

2440 5101 2556 5163 τοῦ,
2606 5102 2703 5153 καὶ
2741 5101 3063 5171 καταλείψει
3117 5101 3258 5154 αὐτὰ
3313 5102 3554 5171 ἑτέροις,
3608 5101 3702 5153 καὶ
3739 5103 4032 5155 άποθανείο

2440 5211 2551 5246 ται.
2592 5213 2610 5244 ι

2517 5305 2536 5335 ‹
2595 5287 2654 5338 'U
2686 5286 2934 5353 συνάγων
2966 5285 3075 5338 ἀπὸ
3096 5285 3197 5354 τῆς
3221 5285 3400 5355 ψυχῆς
3436 5284 3600 5337 αὐτοῦ
3625 5325 3640 5349 ,
3672 5284 3908 5352 συνάγει
3937 5285 4030 5338 ά).-

2440 5377 2572 5439 λοις,
2605 5378 2700 5429 καὶ
2725 5379 2784 5428 ἐν
2814 5379 2926 5439 τοῖς
2945 5376 3112 5428 αὑτοῦ
3136 5377 3504 5447 τρυφήσουσιν
3530 5376 3732 5443 ἔτερ-ιι,
3784 5376 3842 5427 '0
3867 5391 3997 5440 πονη
4015 5404 4031 5411 -

2441 5467 2533 5535 ρὸς
2557 5467 2757 5536 ἐαυτῷ,
2790 5465 2893 5518 τίνι
2918 5465 3156 5535 άγαθός;
3195 5465 3405 5526 τέκνον,
3447 5462 3679 5517 καθόσον
3733 5463 3906 5531 ἔχεις,
3936 5463 4026 5513 εἰλ-

2439 5560 2582 5610 ποίει
2613 5557 2843 5626 σεαυτῷ.
2874 5577 2892 5609 ι

2515 5671 2531 5699 ι
2567 5646 2731 5702 Εἶπεν
2786 5651 2815 5700 ὁ
2875 5646 3082 5717 Ἰησοῦς
3137 5650 3250 5709 τοῖς
3280 5644 3552 5714 μαθηταῖς
3602 5641 3809 5696 αὐτοῦ·
3859 5643 4026 5712 Ἀμὴν

2438 5743 2581 5810 λέγω
2611 5744 2758 5812 ὑμῖν,
2787 5743 2867 5796 ὃτι
2898 5742 3168 5802 δυσκόλως
3226 5740 3482 5802 πλούσιος
3525 5736 3904 5791 εἰσελεύσεται
3945 5735 4024 5795 εἰς
