4206 6442
228 377 350 447 1481

1456 391 1689 450 SACRA
1730 385 1818 449 ΡΑ
1828 384 1923 450 RA
1933 388 2163 453 LLELA
2176 440 2189 453 .

3320 401 3453 472 1482

222 502 314 570 τὴν
342 500 615 569 βασιλείαν
665 507 773 555 τῶν
832 504 1095 574 οὐρανων.
1151 500 1316 554 Πάλιν
1336 500 1391 553 δὲ
1427 501 1568 568 λέγω
1610 501 1736 568 ὑμῖν
1761 517 1774 529 ·
1805 511 1849 564 Α
1882 517 1883 551 ;

1805 511 1849 564 Α
1882 516 1932 553 ιιι
1969 517 2196 571 regnum
2246 505 2537 563 caelorum.
2587 506 2653 561 Et
2704 510 2903 566 iterum
2948 509 3075 569 dico
3105 516 3259 575 vobis
3294 537 3308 574 :
3344 521 3451 574 Fa-

220 591 602 663 Εὐκοπὼτερόν
628 595 743 647 ἐστι
764 596 1010 666 κάμηλον
1054 593 1142 646 διὰ
1173 593 1525 664 τρυπήματος
1554 592 1775 663 ῥαφίδος

215 683 455 749 διελθεῖν,
491 686 525 754 ἢ
551 686 801 739 πλούσιον
823 689 904 750 είς
938 671 1036 757 τὴν
1065 686 1339 757 βασιλείαν
1366 684 1457 738 τοῦ
1484 684 1619 739 Θεοῦ
1659 686 1774 737 εἰσ-

217 774 404 833 ελθεῖν.
444 778 799 842 Ἀκούσαντες
844 780 901 833 δὲ
936 781 985 832 οἱ
1029 779 1266 849 μαθηταὶ
1291 778 1478 840 αὑτοῦ,
1510 777 1775 847 ἐξεπλήσ-

216 884 370 921 σοντο
394 870 623 941 σφόδρα,
653 871 931 938 λέγοντες·
965 872 1059 934 Τίς
1098 871 1205 943 ἄρα
1236 873 1456 925 δύναται
1498 870 1768 940 σωθῆναι;

213 960 486 1031 ἐμϐλέψας
508 964 564 1017 δὲ
594 967 621 1017 ὀ
661 963 887 1032 Ἰησοῦς,
929 959 1085 1016 εἶπεν
1107 966 1292 1027 αὐτοῖς
1318 982 1331 995 ο
1366 964 1525 1035 Παρά
1565 959 1772 1032 ἀνθρὼ-

212 1070 327 1116 ποις
355 1055 515 1107 τοῦτο
538 1055 796 1108 ἀδύνατόν
835 1058 978 1121 ἐστι,
1028 1057 1177 1126 παρὰ
1202 1056 1258 1109 δὲ
1292 1055 1412 1126 Θεῷ
1460 1056 1637 1109 πάντα
1678 1054 1769 1107 δυ-

211 1146 357 1198 νατά.
400 1165 419 1196 ι
1200 1203 1207 1214 .

282 1256 298 1287 ι
354 1236 670 1307 Ἀνθρώπου
706 1236 851 1302 τινὸς
874 1238 1127 1293 πλουσίου
1151 1241 1450 1311 εὐφόρησεν
1480 1242 1512 1295 ἡ
1546 1242 1716 1311 χώρα.
1742 1256 1761 1291 ι

209 1332 298 1384 καὶ
327 1331 392 1383 τὰ
418 1330 600 1389 λοιπά.

278 1443 295 1475 ι
332 1426 469 1475 Uberi.
498 1427 623 1493 ὑμῖν
652 1428 762 1489 τοῖς
786 1426 1080 1490 πλουσίοις,
1112 1428 1191 1481 ὅτι
1223 1428 1451 1497 ἀπέχετε
1476 1427 1573 1499 τὴν
1594 1427 1768 1497 παρά-

206 1514 391 1583 κλησιν
420 1515 591 1584 ὑμῶν.
624 1517 758 1570 Οὐαὶ
786 1518 910 1587 ὑμῖν
934 1520 982 1569 οἱ
1016 1519 1489 1589 ἐμπεπλησμένοι,
1538 1520 1618 1572 ὅτι
1647 1537 1765 1572 πει-

204 1607 409 1660 νάσετε.
454 1608 589 1658 Οὐαὶ
619 1604 744 1677 ὑμῖν
785 1610 833 1660 οἱ
882 1609 1164 1675 γελῶντες,
1211 1610 1293 1663 ὅτι
1338 1608 1634 1680 πενθήσετε
1670 1610 1764 1662 καὶ

201 1696 479 1749 κλαύσετε.

274 1808 293 1841 ι
330 1790 628 1859 Ἀπόστητε
661 1794 753 1847 ἀπ’
784 1792 937 1863 ἐμοῦ,
969 1795 1167 1859 πάντες
1187 1797 1236 1848 οἱ
1270 1796 1495 1867 ἐργάται
1520 1800 1616 1868 τῆς
1644 1799 1757 1851 ἁδι-

1874 593 2036 647 cilius
2054 601 2139 648 est
2161 597 2427 652 camelum
2456 614 2551 669 per
2576 599 2822 659 foramen
2859 618 2992 663 acus
3023 609 3256 675 intrare,
3282 628 3447 682 quam

1874 683 2096 738 divitem
2130 684 2334 742 intrare
2371 689 2424 743 in
2457 706 2686 761 regnum
2715 696 3000 750 etelornm.
3031 699 3332 757 Audientes
3354 720 3448 757 au-

1874 780 1982 827 tem
2010 773 2268 843 discipuli
2290 774 2414 844 ejus
2444 770 2788 836 mirabantur
2812 785 2986 850 valde,
3006 788 3288 845 dicentes:
3316 791 3449 857 Quis

1874 866 2076 935 poterit
2106 867 2292 922 salvus
2322 869 2482 924 ﬁeri?
2526 871 2813 943 Aspiciens
2859 886 3045 935 autem
3072 880 3257 949 Jesus,
3310 884 3448 938 dixit

1873 955 1985 1013 illis
2021 977 2035 1013 :
2076 960 2232 1029 Apud
2282 960 2535 1019 homines
2581 966 2682 1022 boc
2733 969 3074 1039 impossibile
3112 986 3198 1031 est
3238 994 3252 1031 :
3300 981 3444 1048 apud

1872 1045 2042 1103 Deum
2079 1062 2263 1106 autem
2298 1053 2481 1107 omnia
2526 1059 2811 1126 possibilia
2842 1072 2993 1116 sunt.
3033 1082 3053 1116 ι

1942 1233 2071 1289 Luc.
2131 1254 2228 1303 xu,
2280 1240 2366 1295 16.
2419 1272 2488 1282 -—
2527 1261 2543 1293 ι
2596 1244 2845 1303 Hominis
2907 1252 3196 1320 cujusdam
3253 1255 3441 1313 divitis

1870 1326 2067 1384 ubi-res
2098 1330 2311 1387 fructus
2341 1348 2471 1405 ager
2506 1338 2713 1405 attulit,
2748 1359 2765 1390 ι
2803 1350 2910 1395 etc.

1936 1419 2064 1473 Luc.
2111 1439 2185 1486 νι,
2248 1424 2339 1479 25.
2373 1455 2443 1465 -
2476 1448 2493 1478 ε
2535 1426 2626 1482 Va:
2662 1433 2815 1487 vobis
2850 1434 3136 1501 divitibus,
3181 1443 3436 1509 quoniam

1867 1503 2083 1567 habetis
2119 1516 2545 1573 consolationem
2595 1531 2855 1577 vestram.
2905 1525 2996 1581 Va:
3029 1531 3185 1586 vobis
3218 1533 3310 1600 qui
3351 1550 3439 1588 sa.

1864 1601 2031 1653 turati
2117 1605 2239 1671 stis,
2281 1607 2407 1675 quia
2461 1613 2738 1666 esurietis.
2790 1614 2880 1669 Vae
2933 1621 3085 1675 vobis
3115 1624 3207 1691 qui
3246 1625 3437 1681 ridetis

1866 1706 2031 1756 nunc,
2062 1694 2191 1763 quia
2225 1696 2480 1765 lugebitis
2513 1710 2565 1755 et
2599 1702 2816 1759 flebitis.
2854 1726 2871 1757 ι

1933 1782 2062 1838 Luc.
2096 1803 2211 1853 xui,
2241 1788 2414 1842 27,—
2437 1811 2455 1843 ι
2483 1793 2749 1851 Discedite
2780 1816 2808 1849 a
2841 1815 2945 1864 me,
2979 1816 3168 1858 omnes
3200 1807 3433 1875 operarii

202 1883 342 1945 κίας.
380 1882 527 1934 Ἐκεῖ
556 1886 707 1937 ἔσται,
746 1888 775 1938 6
819 1887 1095 1952 κλαυθμὸς
1138 1890 1233 1942 καὶ
1273 1892 1301 1941 6
1327 1890 1585 1960 ,βρυγμὸς
1614 1892 1758 1943 ὀδόν·
1793 1869 1863 1927 δέ

1622 1892 1758 1943 555v-
1793 1869 1832 1921 Β
1859 1871 2183 1944 iniquitatis.
2216 1876 2291 1933 lbi
2319 1883 2425 1935 erit
2452 1881 2613 1939 ﬂetus
2640 1896 2694 1940 et
2730 1891 2934 1944 stridor
2964 1869 3283 1949 dentiumai

133 1971 136 1974 ’
198 1988 317 2024 των.
352 1989 369 2020 ι

274 2083 291 2114 ι
326 2065 424 2117 Διά
455 2066 507 2118 τί
540 2068 663 2136 οὐχὶ
699 2068 901 2136 μᾶλλον
921 2069 1232 2135 ἀδικεῖσθε;
1264 2068 1361 2121 Διά
1394 2069 1445 2121 τί
1479 2069 1599 2138 οὐχὶ
1625 2070 1761 2139 μᾶλ-

194 2157 281 2210 λον
314 2161 735 2232 ἀποστερεῖσθε;
780 2163 894 2216 ἀλλ’
931 2165 1089 2233 ὑμεῖς
1123 2162 1357 2214 ἀδικεῖτε
1397 2162 1489 2212 καὶ
1528 2162 1761 2213 ἀποστε-

195 2251 354 2318 ρεῖτε,
389 2254 484 2304 καὶ
515 2251 689 2305 ταῦτα
716 2252 999 2320 ἀδελφούς.
1026 2252 1094 2302 Ἢ
1129 2251 1226 2303 οὐκ
1246 2250 1447 2312 οἴδατε,
1477 2248 1557 2301 ὅτι
1588 2248 1759 2303 ἄδικοι

194 2338 467 2405 βασιλείαν
488 2344 620 2396 Θεοῦ
651 2345 712 2397 οὐ
738 2346 1273 2416 κληρονομήσουσιν;
1308 2364 1325 2397 ι

262 2540 280 2571 ι
324 2522 383 2572 ’0
415 2523 618 2575 ἀδικῶν
673 2524 948 2593 κομιεῖται
997 2522 1024 2575 ὃ
1053 2523 1300 2595 ἠδίκησε.
1357 2524 1464 2577 Καὶ
1515 2521 1613 2573 οὐκ
1640 2521 1755 2572 ἐστι

188 2612 616 2683 προσωποληψία
644 2612 793 2681 παρὰ
824 2612 902 2682 τῷ
937 2612 1077 2682 Θεῷ.
1122 2633 1139 2664 ι

260 2821 279 2852 ‹
308 2802 399 2871 Μὴ
424 2799 776 2871 ὑπερϐαίνειν
798 2800 891 2854 καὶ
915 2801 1254 2854 πλεονεκτεῖν
1274 2801 1332 2852 ἐν
1358 2813 1639 2870 πραγματι
1662 2800 1752 2852 τὸν

186 2893 408 2961 ἀδελφὸν
438 2892 605 2945 αὑτοῦ
632 2909 646 2924 ο
700 2893 836 2945 διότι
890 2893 1101 2955 ἔκδικος
1146 2894 1173 2944 6
1201 2893 1331 2955 Θεὸς
1382 2895 1508 2956 περὶ
1535 2894 1750 2945 πάντων

183 2984 405 3039 τούτων.
443 3004 462 3035 ι

258 3094 275 3126 ι
307 3075 629 3147 Ἀποστήτω
654 3076 762 3130 ἀπὸ
788 3076 1001 3135 ἀδικίας
1035 3075 1140 3138 πᾶς
1174 3078 1201 3128 6
1224 3074 1504 3145 ὀνομάζων
1532 3075 1594 3126 τὸ
1628 3074 1745 3127 ὅνο-

186 3182 258 3233 μα
285 3167 379 3217 τοῦ
415 3167 571 3221 Θεοῦ.
620 3187 637 3220 ι

253 3280 271 3313 ι
306 3263 367 3314 Oi
394 3262 709 3329 βουλόμενοι
737 3261 1010 3319 πλουτεῖν,
1039 3258 1407 3325 ἐμπίπτουσιν
1440 3273 1519 3319 εις
1551 3274 1744 3325 πειρα-

183 3353 333 3421 σμὸν,
354 3352 450 3403 καὶ
472 3352 551 3413 εἰς
578 3348 798 3416 παγίδα,
824 3348 918 3400 καὶ
944 3350 1022 3409 εἰς
1045 3346 1339 3414 ἐπιθυμίας
1370 3346 1564 3407 πολλὰς
1587 3347 1745 3414 ἀνοή-

179 3456 298 3505 τους
355 3442 451 3494 καὶ
493 3440 783 3509 βλαὸερὰς,
819 3439 1021 3500 αἵτινες
1058 3435 1337 3506 βυθίζουσι
1375 3438 1503 3499 τοὺς
1530 3437 1737 3505 ἀνθρώ-

179 3556 309 3600 πους
343 3539 421 3599 εἰς
446 3535 663 3606 ὀλεθρον
710 3535 804 3588 καὶ
835 3533 1131 3587 ἀπώλειαν.
1193 3531 1343 3595 Ῥίζα
1385 3532 1491 3601 γὰρ
1527 3533 1742 3583 πάντων

180 3630 282 3682 τῶν
304 3630 489 3681 κακῶν
525 3628 673 3678 ἐστιν
702 3630 735 3694 ὴ
762 3626 1095 3695 φιλαργυρία
1117 3662 1131 3681 .
1160 3618 1225 3693 ἦς
1252 3640 1399 3685 τινες
1424 3624 1741 3692 ὀρεγόμενοι

179 3721 605 3789 ἀπεπλανηίιησα
665 3717 772 3770 ἀπὸ
805 3717 906 3786 τῆς
932 3715 1187 3782 πίστεως,
1220 3716 1312 3768 καὶ
1335 3717 1555 3777 ἐαυτοίις
1584 3732 1739 3785 περι-

178 3810 401 3879 έπειραν
426 3808 636 3870 ὀδύναις
663 3807 903 3867 πολλαῖς.
948 3824 966 3855 ι

250 3922 267 3952 ι
303 3902 369 3953 Οἱ
402 3901 663 3961 πλούσιοι,
702 3897 975 3951 κλαύσατε
1001 3895 1344 3960 ὀλολύζοντες
1377 3896 1470 3947 ἐπὶ
1498 3898 1615 3957 ταῖς
1640 3914 1738 3947 ται

176 3995 499 4066 λαιπωρίαις
535 3994 686 4063 ὑμῶν
739 3996 858 4055 ταῖς
923 3991 1339 4061 ἐπερχομέναις.
1396 3991 1455 4042 '0
1511 3990 1738 4053 πλοῦτος

175 4089 325 4158 ὑμῶν
358 4089 583 4157 σέσηπε,
628 4088 722 4139 καὶ
747 4084 815 4137 τὰ
843 4085 1031 4155 ἱμάτια
1076 4083 1228 4153 ὑμῶν
1270 4082 1583 4151 σητόϐρωτα
1615 4084 1737 4149 ἐγέ-

176 4198 307 4234 νετο.
358 4182 414 4232 '0
439 4179 635 4249 χρυσὸς
659 4178 833 4248 ὑμῶν,
858 4177 953 4229 καὶ
976 4178 1005 4228 6
1039 4177 1276 4246 ἄργυρος
1307 4176 1588 4235 κατίωται,
1644 4177 1736 4228 καὶ

174 4275 203 4325 6
226 4275 299 4336 ἰὸς
320 4273 497 4325 αὐτῶν
525 4274 603 4334 εἰς
633 4270 931 4340 μαρτύριον
966 4270 1093 4338 ὑμῖν
1132 4270 1286 4321 ἐσται
1308 4309 1321 4332 ,
1368 4269 1464 4320 καὶ
1503 4268 1732 4336 φάγεται

173 4364 265 4426 τὰς
319 4363 527 4433 σάρκας
578 4362 731 4432 ὑμῶν
782 4364 809 4413 6
843 4362 937 4424 i6;.
980 4361 1066 4423 Ὠς
1095 4359 1205 4430 πῦρ
1257 4361 1648 4430 ἐθησαυρίσατε
1676 4363 1731 4413 ἐν

172 4458 373 4525 ἐσχάτῃ
403 4457 606 4525 ἡμέρᾳ.
646 4474 664 4505 ι

1934 2054 1964 2108 I
1997 2055 2119 2110 Cor.
2150 2076 2226 2122 vi,
2257 2060 2310 2128 7,
2347 2062 2488 2129 8,-
2524 2086 2542 2118 ι
2581 2066 2760 2133 Quare
2792 2088 2896 2125 non
2937 2078 3120 2143 potius
3172 2080 3431 2149 injuriam

1864 2148 2153 2215 accipitis?
2184 2150 2362 2217 Quare
2392 2172 2503 2210 non
2540 2162 2713 2228 magis
2749 2162 2994 2219 fraudem
3030 2148 3311 2237 patimini?
3335 2178 3429 2230 sed

1864 2253 1957 2292 vos
1983 2237 2161 2295 facitis
2192 2243 2475 2312 injuriam,
2499 2258 2550 2303 et
2585 2249 2849 2310 fraudatis
2876 2274 2889 2321 ;
2923 2264 2977 2311 et
2999 2258 3113 2315 baac
3134 2262 3426 2320 fratribus:

1858 2327 1938 2382 An
1971 2334 2195 2389 nescitis
2226 2336 2355 2405 quia
2391 2338 2565 2410 iniqui
2610 2359 2837 2414 regnum
2891 2347 2983 2403 Dei
3037 2368 3144 2407 non
3179 2358 3419 2424 posside-

1862 2420 2039 2475 bunt?
2069 2443 2087 2475 ι

1930 2511 2135 2570 ϐοίοεε.
2171 2532 2252 2582 ιιι,
2282 2518 2372 2575 25.
2399 2549 2467 2562 -
2501 2542 2519 2576 ι
2558 2524 2657 2592 Qui
2692 2526 2947 2597 injuriam
2999 2531 3151 2597 facit,
3195 2539 3430 2609 recipiet

1858 2603 1909 2658 id
1933 2609 2074 2675 quod
2118 2611 2302 2681 inique
2327 2616 2461 2685 egit.
2506 2617 2623 2674 Non
2654 2629 2739 2675 est
2779 2638 3143 2692 personarum
3183 2603 3429 2703 acceptio

1858 2700 1998 2767 apud
2035 2700 2225 2759 Deum.
2257 2722 2276 2756 ι

1924 2809 1954 2862 Ι
1990 2811 2171 2868 Thess.
2206 2832 2279 2881 ιν,
2320 2817 2374 2871 6.
2423 2849 2492 2858 -
2542 2820 2659 2875 Νοιι
2710 2828 3066 2896 supergredi,
3108 2847 3283 2902 neque
3318 2838 3424 2892 cir-

1852 2905 2165 2960 cumvenire
2196 2907 2250 2960 in
2285 2912 2507 2979 negotio
2554 2914 2778 2970 fratrem
2821 2934 3020 2974 suum:
3068 2924 3198 2993 quia
3225 2926 3424 2983 vindex

1850 3004 1932 3049 est
1965 2996 2106 3052 Deus
2128 2999 2195 3053 de
2220 3003 2474 3058 omnibus
2504 3004 2611 3059 bis.
2654 3024 2671 3057 ι

1923 3083 1984 3137 II
2015 3085 2230 3151 Tim.n,
2266 3090 2351 3143 19.
2384 3121 2452 3130 -
2482 3112 2499 3143 ι
2539 3091 2792 3151 Discedat
2826 3098 2897 3153 ab
2924 3102 3216 3173 iniquitate
3240 3110 3421 3164 omnis

1773 3205 1820 3267 ο
1849 3176 1941 3243 qui
1974 3179 2217 3230 nominat
2247 3196 2444 3236 nomen
2476 3183 2587 3241 Dei.

1918 3264 1948 3316 1
1973 3265 2108 3319 Tim.
2144 3285 2216 3330 vi,
2253 3272 2306 3333 9,
2341 3271 2427 3325 10.
2459 3304 2528 3313 —
2580 3295 2599 3327 ‹
2636 3278 2736 3343 Qui
2788 3281 2981 3337 volunt
3024 3284 3222 3344 divites
3277 3290 3412 3359 fieri,

1846 3354 2092 3409 incidunt
2118 3359 2170 3411 in
2196 3363 2578 3428 tentalionem,
2612 3376 2665 3421 et
2700 3370 2754 3423 in
2796 3371 3079 3441 laqueum,
3108 3388 3162 3432 et
3187 3380 3241 3434 in
3273 3354 3415 3437 desi-

1842 3448 1991 3500 deria
2027 3450 2193 3503 multa
2220 3452 2411 3507 insana
2430 3466 2486 3508 et
2510 3459 2731 3524 nociva,
2752 3477 2876 3530 qua:
2894 3480 3145 3536 mergunt
3164 3470 3413 3529 homines

1842 3537 1896 3590 in
1930 3538 2207 3593 interitum
2234 3552 2289 3595 et.
2322 3544 2709 3613 perditionem.
2764 3550 2942 3609 Radix
2989 3559 3133 3611 enim
3166 3563 3410 3619 omnium

1841 3630 2107 3683 malorum
2124 3640 2208 3687 est
2229 3637 2519 3703 cupiditas,
2539 3654 2698 3707 quam
2715 3643 2935 3711 quidam
2961 3658 3301 3719 appetentes,
3326 3672 3412 3711 er-

1840 3732 2097 3777 rat-erunt
2124 3741 2152 3779 a
2175 3726 2366 3795 ﬁde,et
2388 3729 2814 3791 inserueruntse
2831 3736 3120 3796 doloribus
3142 3746 3349 3803 multis.
3385 3769 3402 3799 ι

1907 3901 2026 3957 Jac.
2056 3918 2111 3967 v,
2146 3904 2195 3969 1,
2222 3904 2374 3959 5.-ι
2404 3907 2629 3975 Divites,
2660 3911 2871 3981 plorate
2908 3916 3187 3976 ululantes
3222 3923 3276 3978 in
3303 3927 3407 3979 mi-

1838 3995 2000 4049 seriis
2019 4012 2140 4065 quae
2162 4000 2414 4054 accident
2434 4003 2610 4070 vobis.
2636 4004 2850 4062 Divitiae
2876 4020 3070 4067 vestrae
3089 4017 3407 4084 putrefacta:

1837 4092 1984 4149 sunt,
2014 4096 2069 4140 et
2116 4089 2441 4145 vestimenta
2470 4102 2652 4148 vestra
2703 4111 2733 4149 a
2764 4099 2930 4156 tineis
2976 4115 3221 4161 comesta
3256 4122 3401 4165 sunt.

1834 4176 2036 4230 Aurum
2062 4188 2303 4235 vestrum
2332 4191 2386 4237 et
2432 4195 2717 4254 argentum
2761 4193 3102 4261 eroginavit,
3136 4204 3190 4251 et
3222 4213 3405 4270 aerugo

1832 4282 2019 4320 eorum
2058 4270 2111 4323 in
2155 4272 2530 4335 testimonium
2564 4278 2719 4333 vobis
2764 4281 2869 4333 erit
2910 4293 3009 4337 :et
3051 4290 3402 4343 manducabit

1833 4374 2026 4414 carnes
2060 4371 2273 4417 vestras
2307 4379 2512 4435 aerugo.
2576 4366 2731 4424 Sicut
2761 4360 2940 4440 ignem
2979 4376 3401 4436 tbesaurizastis

1832 4450 1884 4503 in
1925 4453 2224 4508 novissimo
2262 4455 2373 4509 die.
2403 4475 2422 4507 ι

244 4567 261 4599 ι
304 4548 369 4599 Ἦ
403 4548 582 4616 κρίσις
605 4547 820 4609 ἀνέλεος
846 4545 922 4613 τῷ
949 4545 1022 4614 μὴ
1052 4547 1333 4617 ποιήσαντι
1353 4544 1519 4608 ἕλεος.
1558 4546 1678 4598 Ἐἀν
1700 4545 1727 4596 6
1762 4541 1804 4594 D
1898 4577 1905 4594 ε

1762 4541 1804 4594 D
1898 4541 2019 4598 Jac.
2054 4561 2114 4609 ιι,
2168 4547 2256 4623 1⁸5,
2292 4548 2379 4602 16.
2410 4579 2477 4589 -—
2515 4568 2533 4601 ι
2566 4549 2835 4608 Judieium
2884 4558 3002 4614 sine
3027 4560 3398 4619 misericordia

170 4640 393 4707 ἀδελφὸς
415 4681 427 4701 ,
458 4640 489 4709 ἦ
521 4639 723 4707 ἀδελφὴ
747 4638 947 4707 γυμνοὶ
983 4639 1310 4706 ὑπάρχουσι,
1343 4638 1436 4688 καὶ
1469 4637 1725 4706 λειπόμε-

172 4749 249 4783 νοι
297 4732 396 4798 τῆς
448 4730 722 4799 ἐφημέρου
771 4730 997 4798 τροφῆς,
1059 4730 1186 4798 εἴπῃ
1230 4727 1287 4779 δέ
1330 4744 1413 4788 τις
1459 4726 1518 4789 ἐξ
1550 4727 1721 4795 ὑμῶν,

182 4824 451 4888 Ὑπάγετε
494 4824 551 4872 ἐν
608 4824 792 4891 είρήνῃ
820 4861 834 4882 ,
898 4821 1284 4891 θερμαίνεσθε,
1328 4819 1423 4870 καὶ
1463 4820 1723 4887 χορτάζε-

172 4913 263 4965 σθε
285 4929 297 4941 ·
352 4913 424 4981 μὴ
456 4911 587 4963 δῶτε
612 4912 667 4964 δὲ
697 4914 876 4973 αὐτοῖς
903 4912 971 4963 τὰ.
999 4910 1275 4979 ἐπιτήδεια
1318 4910 1410 4962 τοῦ
1449 4911 1720 4979 σώματος,

168 5007 219 5056 τί
249 5006 435 5072 δζρελος
460 5024 471 5068 ;
512 5023 528 5054 ι

241 5116 258 5146 ι
297 5092 418 5147 υἷδε
440 5096 637 5163 Κύριος
662 5094 899 5157 εὐσεϐεῖς
926 5096 987 5145 ἐκ
1004 5093 1111 5145 τῶν
1132 5094 1450 5162 πειρασμῶν
1476 5093 1716 5163 ῥύεσθαι,

166 5185 380 5246 ἀδίκους
411 5186 466 5237 δὲ
520 5188 599 5246 εἰς
634 5186 852 5255 ,ἡμέραν
908 5185 1139 5253 κρίσεως
1197 5184 1585 5255 κολαζομένους
1630 5204 1721 5257 τη-

167 5280 300 5346 ρεῖ).
345 5295 362 5323 ι

238 5386 257 5419 ι
290 5368 473 5429 Ὅστις
497 5365 607 5434 ἔχει
638 5365 728 5417 τὸν
756 5365 867 5435 βίον
888 5364 981 5417 τοῦ
1008 5366 1211 5434 κόσμου
1234 5366 1442 5430 τούτου,
1465 5369 1557 5420 καὶ
1582 5369 1716 5423 θεω-

165 5461 246 5527 ρεῖ
283 5457 373 5509 τὸν
392 5457 617 5523 ἀδελφὸν
641 5456 802 5508 αὑτοῦ
837 5456 1023 5525 χρείαν
1055 5457 1265 5525 ἔχοντα,
1289 5460 1380 5510 καὶ
1413 5460 1615 5512 κλείσει
1648 5464 1716 5514 τὰ

166 5548 462 5615 σπλάγχνα,
488 5549 602 5611 πῶς
628 5551 660 5617 ἠ
687 5550 871 5615 ἀγάπη
902 5548 995 5601 τοῦ
1027 5549 1159 5601 Θεοῦ
1192 5551 1342 5616 μένει
1371 5555 1427 5604 ἐν
1460 5554 1642 5618 αὑτῶ,
1690 5574 1709 5605 ι

234 5732 490 5783 ’Δκουσαι
571 5730 858 5801 ἄνθρωπε,
915 5732 1291 5802 Σολομῶντος·
1344 5733 1439 5802 Μὴ
1503 5736 1709 5803 εἴπῃς,

178 5823 545 5878 Ἐπανελθὼν
572 5823 854 5885 ἐπάνηκε.
877 5826 975 5877 καί
1006 5828 1213 5881 αὔριον
1260 5826 1447 5882 δώσω.
1486 5830 1567 5882 Οὐ
1602 5829 1709 5896 γὰρ

392 5918 657 5979 Ριτιιοι..
707 5922 749 5978 Ω
767 5939 817 5977 a.
872 5920 1044 5981 λεν.

1826 4633 1904 4687 illi
1931 4636 2024 4704 qui
2051 4650 2157 4689 non
2188 4628 2314 4691 fecit
2348 4639 2801 4699 misericordiam.
2839 4645 2894 4700 Si
2928 4647 3095 4703 frater
3123 4662 3217 4705 aut
3238 4669 3399 4709 soror

1826 4729 1955 4781 nudi
1984 4729 2114 4793 sint,
2149 4739 2201 4784 et
2233 4732 2513 4802 indigeant
2551 4738 2696 4789 victu
2732 4741 3083 4807 quotidiano.
3125 4745 3268 4799 dicat
3298 4762 3397 4800 au—

1824 4829 1930 4873 tem
1972 4824 2169 4890 aliquis
2194 4840 2258 4877 ex
2291 4827 2446 4880 vobis
2475 4845 2488 4881 :
2528 4828 2601 4883 Ite
2635 4830 2687 4883 in
2730 4847 2882 4900 pace,
2917 4836 3307 4898 ealefacimini.
3343 4851 3395 4893 et

1822 4913 2145 4965 saturamini
2172 4930 2183 4965 :
2217 4929 2321 4966 non
2348 4916 2607 4972 dederitis
2632 4928 2813 4973 autem
2837 4922 2919 4977 eis
2936 4939 3058 4993 qua:
3084 4933 3393 4982 necessaria

1822 5014 1949 5058 sunt
1982 5006 2216 5073 corpori,
2249 5007 2381 5075 quid
2416 5010 2697 5077 proderit?
2731 5032 2749 5064 ι

1892 5094 1955 5148 II
1984 5096 2126 5149 Petr.
2173 5113 2230 5161 ιι,
2256 5101 2306 5151 9.
2332 5129 2400 5138 —
2423 5118 2440 5149 ι
2480 5099 2638 5154 Novit
2674 5102 2815 5158 Dens
2839 5107 2957 5173 pios
2977 5123 3041 5161 ex
3074 5110 3392 5165 tentationi-

1820 5187 1921 5242 bns
1949 5192 2155 5258 eripere
2188 5208 2202 5244 :
2237 5192 2472 5259 injustos
2504 5204 2682 5249 autem
2714 5197 2767 5249 in
2801 5197 2941 5251 diem
2964 5200 3156 5267 judicii
3190 5218 3390 5259 exeru-

1818 5281 2043 5335 ciandos
2078 5296 2379 5337 reservare.

1891 5369 1920 5423 I
1951 5368 2112 5424 Joan.
2164 5388 2244 5436 ιιι,
2282 5374 2369 5428 17.
2402 5405 2470 5415 -
2503 5395 2523 5428 ε
2559 5376 2658 5442 Qui
2713 5380 2969 5435 habuerit
3020 5384 3382 5440 substantiam

1818 5463 1980 5530 hujus
2009 5466 2217 5531 mundi,
2246 5476 2296 5519 et
2329 5467 2520 5521 viderit
2558 5468 2778 5524 fratrem
2806 5489 2965 5527 suum
3003 5479 3381 5533 necessitatem

1820 5555 2039 5619 habere,
2071 5564 2124 5611 et
2151 5558 2409 5611 clauserit
2446 5561 2656 5614 viscera
2706 5577 2807 5616 sua
2853 5565 2921 5619 ab
2965 5580 3050 5629 eo,
3108 5572 3382 5637 quomodo

1817 5645 2055 5701 cbaritas
2080 5647 2173 5701 Dei
2215 5656 2396 5702 manet
2429 5650 2483 5703 in
2512 5652 2613 5705 eo?
2646 5670 2664 5702 ι

1884 5737 1940 5790 S.
1970 5738 2137 5793 Basil.
2175 5741 2314 5795 hom.
2352 5742 2405 5795 in
2438 5743 2569 5795 illud
2599 5760 2617 5798 :
2650 5763 2668 5795 ι
2704 5744 2985 5798 Deslruam
3020 5747 3226 5801 horrea.
3260 5768 3278 5800 ›
3310 5780 3383 5791 --

1814 5827 1974 5899 485
2008 5830 2160 5886 Audi.
2214 5847 2399 5902 quaeso
2460 5833 2801 5891 Salomonem
2845 5855 2856 5889 :
2894 5835 2977 5890 Ne
3026 5841 3197 5898 dicas.
3238 5839 3380 5894 Vade

2889 5930 2956 5991 47
