4206 6442
779 410 914 475 1433

1939 414 1999 470 S.
2040 411 2360 473 IDANNIS
2398 412 2827 473 DAMASCENI

3878 417 4021 495 1434

772 539 820 581 et
850 537 1125 587 revertere.
1146 535 1196 581 et
1222 542 1343 580 cras
1368 527 1505 580 dabo
1535 526 1634 581 tibi
1658 528 1676 600 (
1686 527 1840 581 Prov.
1884 543 1970 589 ιιι,
2011 526 2125 600 28).
2158 526 2349 583 Nescis

2457 523 2640 596 οἶδας,
2667 529 2726 580 τί
2755 528 2983 592 τέξεται
3003 529 3043 596 ἠ
3074 528 3509 585 ἐπιοῦσα.οἴων
3543 530 4021 603 παραγγελμάτων

770 620 917 671 enim
947 618 1074 688 quid
1107 628 1482 687 superuentura
1509 622 1679 687 pariet
1703 618 1814 673 dies
1844 618 2029 691 (Prov.
2078 635 2246 682 xxvu,
2271 619 2347 691 i).

772 716 814 762 ι)
854 728 976 781 quae
1005 721 1270 781 praecepta
1298 712 1640 767 contemnis!
1673 710 1874 768 Tristis
1902 729 1982 779 es,
2009 722 2174 783 atque
2197 713 2349 784 ejus-

774 802 924 855 modi
968 818 1129 871 quem
1166 803 1256 857 vix
1308 803 1601 859 convenire
1654 806 1943 876 quisquam
1996 804 2204 875 possit;
2254 805 2350 876 qui

772 909 1068 948 occursum
1104 894 1385 947 hominum
1419 894 1619 965 fugias,
1665 913 1732 950 ne
1763 897 1846 950 vel
1883 897 2157 950 tantulum
2187 897 2349 970 quid-

773 986 916 1053 piam
940 1000 970 1039 e
994 986 1245 1041 manibus
1265 986 1513 1041 emittere
1538 988 1775 1057 cogaris.
1799 986 1971 1043 Unam
1997 989 2139 1044 hanc
2162 1003 2349 1044 vocem

773 1078 919 1130 nosti
955 1097 968 1132 ;
999 1076 1114 1129 Nnn
1150 1078 1347 1141 habeo,
1396 1094 1499 1134 nec
1543 1081 1686 1135 dabo
1719 1102 1733 1135 ;
1773 1097 1980 1152 pauper
2025 1084 2170 1137 enim
2204 1097 2348 1137 sum.

774 1171 850 1223 Ac
898 1186 1031 1224 sane
1081 1185 1284 1240 pauper
1316 1186 1397 1236 es,
1429 1176 1718 1242 omnisque
1746 1189 1941 1244 expers
1983 1174 2111 1229 boni
2147 1194 2160 1229 :
2194 1175 2352 1245 inops

773 1269 1061 1332 charitate,
1106 1268 1266 1336 inops
1300 1268 1660 1331 humanitate,
1696 1267 1852 1336 inops
1898 1267 2002 1321 liule
2050 1267 2105 1322 in
2158 1267 2348 1335 Deum,

776 1360 934 1429 inops
963 1376 1058 1429 spe
1091 1369 1318 1415 aeterna.
1363 1358 1469 1413 Fac
1505 1358 1722 1421 saltem,
1761 1358 1960 1414 fratres
1994 1361 2070 1413 tui
2125 1360 2178 1413 in
2226 1374 2345 1429 par-

776 1461 884 1506 tem
913 1467 1035 1505 cum
1069 1452 1229 1507 tineis
1264 1453 1503 1507 veniant.
1549 1452 1705 1519 Quod
1756 1452 2022 1523 postridie
2055 1450 2353 1505 labefacta-

776 1541 945 1605 bitur,
990 1544 1277 1611 egentibus
1328 1542 1488 1596 hodie
1538 1543 1737 1597 tribue.
1797 1542 2062 1597 Extremre
2108 1543 2354 1598 avaritia:

776 1642 881 1697 cst,
918 1647 985 1685 ne
1007 1648 1068 1685 ca
1095 1632 1312 1701 quidem
1341 1648 1462 1702 qua:
1488 1642 1947 1703 corrumpuntur,
1985 1648 2109 1686 cum
2139 1635 2351 1703 egenti-

778 1724 881 1778 bus
908 1725 1335 1778 communicare.
1375 1723 1545 1790 Quem
1579 1725 1822 1788 tandem,
1855 1725 2028 1793 inquit
2058 1726 2168 1789 ille,
2210 1728 2353 1791 inju-

777 1817 860 1870 ria
894 1816 1089 1880 allicio,
1114 1815 1241 1870 dum
1263 1833 1384 1887 qua:
1420 1833 1533 1871 mea
1566 1827 1717 1882 sunt,
1747 1818 2046 1872 contineo?
2091 1818 2350 1884 Quaenam

2452 620 2752 693 ὐπερορᾷςί
2786 622 2894 674 Καὶ
2922 621 3172 694 κατηφὴς
3192 618 3263 687 εἴ,
3293 626 3389 678 καὶ
3413 623 3820 688 δυσέντευκτος,
3837 620 4019 675 ἐκκλί-

2451 732 2556 768 νων
2579 715 2678 778 τὰς
2716 714 3070 785 ἀπαντήσεις,
3114 716 3298 787 μήπου
3320 733 3396 781 τι,
3429 718 3524 769 καὶ
3552 714 3746 788 μικρὸν
3775 716 4021 780 dvo.ny-

2452 811 2585 883 σθῇς
2616 812 2727 865 τῶν
2754 811 2955 883 χειρῶν
2984 812 3254 868 ἐκϐαλεῖν.
3293 812 3439 867 Μίαν
3484 810 3632 876 οἶδας
3661 810 3846 893 φωνήν
3865 825 3880 839 ’
3910 807 4024 861 Οὐκ

2451 902 2580 974 ἔχω,
2611 904 2734 957 οὐδὲ
2763 902 2944 956 δώσω·
2976 905 3143 973 πένης
3172 906 3281 976 γάρ
3326 906 3459 974 εἰμι.
3492 903 3667 974 ῘΙένης
3700 899 3752 957 εἴ
3780 903 3859 974 τῷ
3884 904 4021 963 ὄντι.

2452 997 2549 1050 καὶ
2600 997 2783 1067 ἐνδεὴς
2834 997 3035 1061 παντὸς
3082 996 3320 1065 ἀγαθοῦο
3357 998 3524 1069 πένης
3567 996 3809 1064 ἀγάπης.
3855 995 4024 1062 πένης

2455 1085 2887 1157 φιλανθρωπίας,
2919 1086 3089 1155 πένης
3120 1086 3357 1149 πίστεως
3384 1086 3464 1149 εἰς
3486 1085 3639 1149 Θεὸν,
3676 1085 3848 1155 πένης
3875 1082 4026 1137 ἑλπί-

2452 1178 2539 1240 δος
2575 1179 2673 1247 τῆς
2718 1178 2961 1231 αἰωνίου.
3018 1178 3403 1249 Συμμεριστάς
3448 1177 3671 1246 ποίησον
3706 1176 3816 1229 τῶν
3845 1175 4025 1244 σητῶν

2451 1267 2579 1328 τοὺς
2607 1265 2866 1335 ἀδελφούς
2907 1282 3022 1319 σου.
3054 1265 3127 1318 Τὸ
3162 1265 3354 1337 αῦριον
3386 1267 3697 1335 σηπόμενον
3720 1305 3735 1330 ,
3783 1265 4025 1334 σήμερον

2458 1360 2682 1431 μετάδος
2707 1363 2817 1423 τοῖς
2842 1359 3137 1428 δεομένοις.
3171 1358 3487 1423 Πλεονεξίας
3515 1353 3652 1419 εἶδος
3678 1356 3740 1409 τὸ
3770 1353 4026 1426 χαλεπώ-

2452 1468 2634 1519 τατον,
2669 1451 2836 1521 μηδὲν
2864 1452 2970 1503 τῶν
3003 1450 3378 1521 φθειρομένων
3404 1454 3517 1514 τοῖς
3549 1449 3751 1503 ἐνδεέσι
3788 1464 4027 1518 καταμε-

2454 1544 2624 1614 ρίσαι.
2658 1542 2814 1604 Τίνα,
2864 1543 3049 1615 φησὶν,
3099 1542 3291 1603 ἀδικῶ,
3343 1542 3581 1612 συνέχων
3632 1541 3702 1596 τὰ
3745 1540 4025 1610 induisti;

2454 1634 2602 1693 ποῖα,
2638 1631 2759 1685 εξπέ
2798 1649 2909 1702 μοι,
2936 1632 3165 1695 σαυτοῦ;
3203 1632 3338 1702 Οὐχὶ
3376 1632 3583 1702 γυμνὸς
3618 1632 3885 1696 ὲξέπεσας
3930 1631 4025 1701 τῆς

2454 1725 2730 1795 γαστρός;
2779 1726 2900 1797 οὐχὶ
2931 1725 3135 1796 γυμνὸς
3182 1724 3347 1779 πάλιν
3379 1727 3458 1786 εἰς
3496 1725 3593 1796 τὴν
3617 1726 3720 1795 γῆν
3760 1724 4029 1795 ἁποστρέ·

2454 1835 2574 1890 φεις
2599 1836 2615 1884 ;
2644 1819 2714 1871 τὰ
2751 1818 2809 1871 δὲ
2849 1820 3095 1889 παρόντα
3123 1835 3205 1872 σοι
3226 1817 3423 1885 πόθενς
3457 1819 3521 1872 Ei
3566 1818 3666 1888 μὲν
3693 1817 3804 1870 ἀπὸ
3834 1833 4028 1870 ταυτο-

777 1916 981 1971 tamen,
1013 1924 1223 1978 qumso,
1259 1917 1350 1962 tua
1383 1910 1550 1964 sunt?
1587 1911 1670 1963 An
1725 1925 1830 1963 non
1880 1908 2060 1966 nudus
2098 1910 2352 1965 excidisti

2460 1911 2630 1981 μὰτου
2657 1910 2856 1980 λέγεις,
2889 1911 3044 1974 ἄθεος
3073 1906 3144 1975 εἶ,
3176 1910 3251 1980 μὴ
3273 1909 3559 1981 γνωρίζων
3605 1910 3695 1964 τὸν
3726 1911 4026 1971 κτίσαντα,

776 2010 1128 2052 cx-materno
1161 1997 1355 2051 utero?
1392 2013 1462 2052 an
1501 2014 1605 2052 non
1643 2000 1828 2055 nudus
1876 2014 2095 2054 rursum
2141 1999 2194 2053 in
2247 2009 2357 2055 ter-

772 2100 895 2138 ram
939 2084 1269 2140 reverteris?
1316 2083 1447 2151 Qua:
1477 2100 1606 2140 vero
1646 2101 1790 2140 nunc
1846 2086 2035 2151 habes,
2077 2087 2221 2142 unde
2258 2087 2354 2141 tibi

778 2176 1163 2246 contigerunt?
1194 2175 1254 2229 Si
1296 2191 1326 2230 a
1362 2176 1581 2231 fortuna
1628 2177 1859 2241 dixeris,
1916 2179 2119 2249 impius
2151 2195 2232 2242 es,
2262 2180 2354 2250 qui

774 2284 879 2323 nec
901 2268 1216 2324 Creatorem
1253 2283 1546 2339 agnoscas,
1592 2284 1691 2323 nec
1729 2270 1895 2324 ullam
1927 2274 1974 2326 ei
1998 2272 2093 2342 qui
2125 2273 2357 2342 largitus

775 2366 881 2422 est,
913 2358 1142 2430 gratiam
1174 2357 1397 2412 habeas.
1426 2356 1523 2412 Sin
1557 2372 1586 2411 a
1626 2360 1733 2412 Deo
1757 2374 1787 2413 a
1818 2367 1870 2415 te
1902 2361 2104 2416 habere
2133 2361 2357 2419 confite-

777 2453 878 2517 ris,
924 2452 1057 2506 affer
1105 2467 1331 2507 causam
1375 2468 1476 2506 cur
1501 2452 1798 2522 acceperis.
1850 2451 1989 2507 Num
2021 2454 2246 2526 iniquus
2274 2465 2358 2511 est

782 2545 943 2609 Deus,
976 2544 1073 2616 qui
1105 2544 1245 2598 haud
1279 2560 1435 2614 atque
1468 2544 1627 2599 nobis
1648 2544 2200 2618 distribuit?Ecquid
2224 2549 2356 2605 illud

778 2645 866 2693 est
896 2652 994 2693 cur
1026 2644 1083 2689 tu
1136 2636 1334 2707 opibus
1368 2636 1637 2701 abundes,
1676 2635 1767 2690 ille
1821 2647 2014 2692 contra
2045 2640 2241 2711 egeat?
2286 2657 2356 2697 an

781 2744 890 2784 non
922 2730 1169 2792 omnino,
1201 2737 1261 2782 ut
1292 2736 1347 2783 et
1383 2736 1440 2783 tu
1471 2728 1830 2799 benignitatis
1866 2729 2150 2802 fidelisque
2182 2733 2359 2789 admi-

784 2823 1132 2878 nistrationis
1169 2822 1472 2877 mercedem
1522 2820 1752 2884 referas,
1802 2829 1856 2876 et
1908 2822 1999 2877 ille
2037 2823 2357 2895 ingentibus

784 2915 1057 2982 patientia:
1091 2915 1328 2985 praemiis
1376 2914 1646 2969 ornetur?
1708 2913 1932 2970 Siccine
1967 2930 2117 2980 vero,
2158 2919 2359 2975 vastis-

785 3008 925 3061 simo
962 3014 1018 3062 et
1064 3007 1378 3078 inexplebili
1422 3007 1669 3061 avaritiae
1705 3008 1828 3062 sinu
1860 3007 2045 3063 omnia
2075 3023 2353 3077 coercens,

784 3098 989 3152 nemini
1031 3107 1084 3154 te
1116 3099 1319 3153 inferre
1355 3097 1612 3167 iniuriam
1643 3105 1826 3167 putas,
1854 3113 1979 3153 cum
2002 3108 2080 3154 tot
2108 3100 2358 3156 homines

785 3203 973 3241 eorum
1011 3204 1113 3243 usu
1170 3188 1417 3259 spolias?
1453 3187 1589 3254 Quis
1624 3190 1862 3244 avarus?
1913 3205 1982 3244 an
2023 3207 2133 3245 non
2182 3193 2228 3248 is
2260 3193 2355 3262 qui

786 3294 853 3331 eo
879 3279 1023 3348 quod
1054 3280 1190 3333 satis
1222 3280 1315 3343 sit,
1345 3288 1638 3333 contentus
1671 3294 1781 3334 non
1812 3280 1939 3334 est?
1965 3280 2101 3346 Quis
2153 3285 2356 3351 spolia-

787 3369 909 3424 tor?
941 3371 987 3423 is
1020 3370 1114 3439 qui
1139 3383 1239 3424 sua
1260 3370 1462 3439 cuique
1492 3369 1678 3439 eripit.
1712 3366 1794 3423 Tu
1818 3369 1988 3440 igitur
2010 3385 2209 3427 avarus
2242 3373 2352 3434 ille.

788 3471 847 3512 tu
883 3459 1170 3528 spoliator,
1207 3457 1300 3528 qui
1330 3472 1395 3512 ea
1446 3473 1570 3527 quae
1604 3456 1959 3528 dispensandi
1989 3475 2158 3516 causa
2201 3476 2358 3516 acce-

786 3550 945 3619 pisti,
974 3550 1072 3603 tibi
1095 3549 1200 3619 ipsi
1234 3549 1503 3604 vindicas.
1540 3548 1598 3602 Si
1638 3550 1731 3618 qui
1783 3548 1992 3603 homini
2024 3561 2227 3606 vestem
2264 3552 2358 3606 de-

788 3632 975 3708 trahit,
1002 3643 1141 3696 citra
1181 3641 1614 3697 controversiam
1638 3640 1728 3695 fur
1758 3649 1873 3705 est,
1910 3641 1999 3696 ille
2027 3642 2119 3711 qui
2148 3644 2354 3698 nudum

786 3748 896 3787 non
918 3730 1114 3794 induit,
1147 3745 1272 3785 cum
1297 3730 1354 3785 id
1390 3729 1571 3785 facere
1608 3728 1801 3799 possit,
1839 3731 2085 3801 nunquid
2116 3731 2225 3787 alio
2261 3747 2358 3787 no-

789 3826 939 3880 mine
961 3824 1117 3880 debet
1143 3821 1445 3895 appellari?
1473 3820 1733 3875 Famehci
1768 3829 1853 3876 est
1882 3822 1971 3876 ille
2004 3822 2160 3892 panis
2192 3840 2356 3894 quem

2461 2000 2596 2074 νηδὲ
2624 2003 2782 2072 χάριν
2822 1999 2959 2071 ἔχων
2981 2001 3056 2071 τῷ
3082 2001 3358 2055 δεδωκότι.
3381 2003 3444 2055 Εἰ
3480 2001 3538 2055 δὲ
3571 2003 3852 2072 ὁμολογεῖς
3891 1998 4029 2055 εἶναι

2455 2092 2609 2164 παρὰ
2631 2093 2791 2157 Θεοῦ,
2841 2094 2960 2147 εἰπὲ
2986 2094 3075 2146 τὸν
3108 2093 3267 2162 λόγον
3292 2093 3358 2147 δι’
3402 2095 3460 2148 ὃν
3485 2094 3692 2158 ἔλαϐες.
3721 2095 3816 2165 Μὴ
3848 2094 4031 2157 ἄδικος

2452 2187 2485 2238 ὁ
2512 2185 2665 2252 Θεὸς,
2697 2189 2725 2240 6
2746 2187 2943 2250 ἀνίσως
2966 2190 3095 2258 ἡμῖν
3123 2186 3344 2259 διαιρῶν
3375 2190 3442 2243 τὰ
3460 2187 3555 2242 τοῦ
3586 2188 3737 2259 βίους
3765 2189 3857 2242 διὰ
3884 2188 3936 2241 τί
3966 2189 4029 2240 σὺ

2462 2278 2563 2348 μὲν
2584 2279 2853 2341 πλουτεῖς,
2891 2280 3099 2343 ἐκεῖνος
3120 2279 3179 2333 δὲ
3205 2281 3506 2353 πένεται,ἢ
3542 2282 3758 2345 πάντως
3796 2281 3887 2334 ἵνα
3938 2281 4031 2332 καὶ

2461 2371 2525 2421 σὺ
2550 2372 2919 2441 χρηστότητος
2957 2370 3054 2423 καὶ
3083 2372 3281 2442 πιστῆς
3312 2372 3622 2442 οἰκονομίας
3666 2373 3859 2443 μισθὸν
3899 2372 4023 2424 61:0-

2457 2459 2607 2531 δέξῃ,
2656 2463 2908 2523 κάκεῖνος
2943 2464 3058 2523 τοῖς
3110 2463 3366 2534 μεγάλοις
3405 2463 3588 2527 ἄθλοις
3627 2466 3726 2533 τῆς
3751 2464 4029 2532 ὑπομονῆς

2456 2552 2693 2623 τιμηθῇ;
2725 2553 2796 2606 Σύ
2846 2552 2904 2606 δὲ
2936 2555 3116 2608 πάντα
3163 2556 3276 2618 τοῖς
3321 2554 3664 2626 ἀπληρώτοις
3710 2554 3811 2625 τῆς
3840 2554 4035 2607 πλεον-

2458 2644 2609 2708 εξίας
2660 2642 2883 2708 κόλποις
2934 2645 3378 2717 περιλαμϐάνων,
3427 2647 3620 2700 οὐδένα
3666 2646 3772 2700 οἴει
3827 2646 4034 2700 ἀδικεῖν

2459 2735 2733 2800 τοσούτοις
2778 2738 3139 2811 ἀποστερῶνς
3198 2739 3282 2802 τίς
3314 2742 3462 2793 ἐστιν
3511 2740 3540 2792 6
3570 2738 3942 2806 πλεονέκτηςς
3978 2737 4034 2789 'U

2460 2828 2540 2899 μὴ
2568 2827 2822 2899 ἐμμένων
2850 2831 2916 2900 τῇ
2944 2830 3265 2901 αὐταρκείᾳ.
3290 2830 3387 2892 Τίς
3417 2831 3473 2884 δὲ
3502 2832 3531 2885 ὁ
3559 2832 3939 2901 ἀποστερητὴς
3962 2847 3977 2895 ;
4008 2832 4036 2882 ὁ

2457 2920 2862 2990 ἀφαιρούμενος
2912 2921 2983 2976 τὰ
3028 2922 3291 2976 ἑκάστων.
3323 2923 3395 2976 Σύ
3437 2922 3495 2976 δὲ
3526 2924 3555 2975 ὁ
3585 2922 3943 2990 πλεονέκτης,
3973 2925 4035 2974 σύ

2456 3011 2514 3066 δὲ
2557 3014 2954 3086 ἀποστερητὴς,
3011 3014 3047 3069 ἃ
3093 3016 3228 3086 πρὸς
3270 3016 3579 3085 οἰκονομίαν
3626 3013 3813 3078 ἐδέξω,
3862 3013 4038 3066 ταῦτα

2458 3104 2568 3159 ῐδια
2597 3105 2824 3160 σεαυτοῦ
2849 3106 3192 3177 ποιούμενος.
3228 3108 3290 3160 Εἰ
3320 3110 3348 3161 6
3389 3107 3487 3177 μὲν
3519 3106 3872 3175 ἐνδεδυμένον
3901 3105 4038 3158 ἀπο-

2459 3196 2703 3267 γυμνῶν,
2732 3197 3046 3270 λωποδύτης
3070 3198 3554 3271 ὁμολογηθήσεται,
3585 3199 3615 3251 6
3642 3196 3699 3250 δὲ
3721 3196 3936 3267 γυμνὸν
3967 3196 4037 3268 μὴ

2456 3287 2675 3351 ὲνδύων,
2704 3290 3000 3357 δυνάμενος
3034 3290 3191 3342 τοῦτο
3220 3294 3414 3354 ποιεῖν,
3459 3290 3625 3359 ἄλλης
3660 3288 4038 3359 προσηγορίας

2458 3378 2575 3432 ἐστὶ
2595 3378 2777 3446 ἄξιος;
2808 3379 2914 3433 Τοῦ
2950 3380 3242 3443 πεινῶντός
3272 3381 3420 3433 ἐστιν
3448 3382 3477 3433 6
3499 3380 3685 3450 ἄρτος,
3718 3379 3779 3432 ὃν
3820 3381 3887 3434 σύ
3916 3398 4040 3433 κατ-

2459 3469 2639 3540 έχεις’
2673 3470 2766 3524 τοῦ
2790 3472 3244 3541 γυμνητεύοντος,
3286 3471 3346 3524 τὸ
3394 3472 3629 3541 ἱμάτιον,
3673 3470 3702 3523 δ
3731 3470 3798 3523 σὺ
3834 3470 4041 3538 quisi:-

2458 3575 2574 3622 τεις
2607 3560 2666 3612 ὲν
2703 3560 3011 3633 ἀποθήκαις
3033 3579 3046 3591 ·
3082 3561 3176 3615 τοῦ
3211 3562 3567 3630 ἀνυποδήτου,
3601 3562 3661 3614 τὸ
3702 3562 3987 3631 ὑπόδημα,
4016 3562 4042 3613 ὃ

2460 3652 2611 3720 παρά
2637 3652 2721 3705 σοὶ
2750 3655 3147 3725 κατασήπεται.
3177 3654 3284 3707 Τοῦ
3324 3655 3616 3725 χρῄζοντος
3642 3654 3702 3707 τὸ
3745 3653 4038 3724 ἀργύριον.

2457 3741 2489 3796 δ
2532 3745 2850 3817 κατώρυξας
2903 3747 3044 3817 ἔχεις
3086 3764 3099 3778 ·
3138 3748 3277 3801 ὥστε
3323 3747 3598 3810 τοσούτοις
3637 3747 3880 3811 ἀδικεῖς,
3918 3749 4041 3801 ὅσον

2462 3838 2725 3907 παρέχειν
2754 3839 3004 3907 ἡδύνασο.

787 3918 1192 3977 retines:nudi
1218 3925 1303 3975 est
1330 3915 1707 3973 vestimentum
1726 3915 1946 3985 quodin
1971 3930 2100 3971 arca
2125 3932 2350 3989 servas;
2380 3930 2682 3987 excalceati
2714 3941 2843 3986 sunt
2878 3932 2956 3987 illi
2987 3931 3156 3987 calcei
3205 3931 3297 4002 qui
3365 3932 3506 4002 apud
3559 3942 3613 3987 te
3673 3946 4044 3999 corrumpun-

786 4021 910 4080 tur;
948 4012 1159 4083 egentis
1196 4011 1430 4081 denique
1471 4023 1668 4064 aurum
1718 4009 1855 4062 illud
1909 4009 2057 4079 quod
2094 4009 2247 4098 humi
2304 4016 2619 4093 defossum-
2657 4024 2847 4081 habes.
2934 4025 3014 4080 Ac
3092 4025 3322 4095 proinde
3382 4032 3461 4078 tot
3525 4022 3777 4079 homines
3832 4024 4041 4093 in}uri‘i

785 4104 977 4168 adicis,
1006 4115 1141 4175 quot
1172 4109 1302 4159 sunt
1328 4102 1531 4174 quibus
1553 4101 1669 4156 haec
1687 4101 1933 4171 praebere
1965 4112 2210 4172 poteras.

860 4197 1000 4253 Ibid.
1026 4226 1099 4238 -—
1147 4196 1291 4263 Quid
1322 4197 1541 4250 tandem
1585 4201 1691 4259 est,
1723 4208 1756 4248 ο
1790 4193 1955 4258 bone,
1988 4200 2134 4266 quod
2170 4199 2361 4269 probi-

2538 4204 2603 4256 Τί
2628 4204 2690 4258 τὸ
2720 4203 2947 4269 κωλύον,
2978 4199 3024 4259 ὦ
3052 4204 3327 4279 ἄνθρωπε,
3363 4205 3500 4278 πρὸς
3537 4208 3637 4270 τὴν
3664 4208 3958 4277 μετάδοσιν
3978 4231 3992 4277 ;
4016 4214 4043 4264 6

789 4290 1226 4362 beatquominus
1257 4289 1359 4360 pia:
1389 4284 1667 4357 largitioni
1699 4285 1962 4341 studeas?
1995 4287 2208 4359 Egenus
2238 4294 2354 4348 tabe

2467 4295 2667 4350 πεινῶν
2705 4298 2959 4370 τήκεται·
3008 4300 3037 4351 6
3084 4300 3439 4370 γυμνητεύων
3474 4303 3767 4374 πήγνυται,
3806 4305 3835 4357 6
3869 4307 4042 4359 ἀπαι-

788 4383 1156 4448 consumitur,
1188 4381 1367 4435 nudus
1398 4377 1601 4449 frigore
1644 4378 1889 4449 rigescit,
1928 4380 2215 4436 mendicus
2245 4383 2362 4436 suf-

786 4477 1036 4537 focatur;
1096 4481 1153 4529 et
1207 4480 1266 4526 tu
1317 4471 1723 4540 eleemosynam
1765 4471 1833 4525 -in
1893 4480 2172 4541 posteram
2214 4473 2358 4529 diem

783 4565 1013 4637 rejicis?

856 4654 1048 4721 Eiusd.
1077 4656 1217 4709 hom.
1246 4653 1329 4709 Ad
1360 4655 1511 4708 divit.
1541 4683 1611 4695 —
1634 4654 1831 4710 Omnia
1866 4654 1920 4709 in
1958 4657 2355 4712 aurinaturam

784 4746 987 4803 mutari
1012 4756 1170 4816 Optas
1231 4744 1372 4812 Quid
1399 4747 1548 4800 enim
1591 4753 1677 4801 est
1715 4745 1863 4816 quod
1898 4745 2019 4798 auri
2050 4761 2217 4802 causa
2247 4763 2355 4802 non

786 4837 1037 4893 moveas?
1069 4836 1407 4892 frumentum
1437 4836 1535 4892 tibi
1570 4837 1624 4891 in
1661 4851 1856 4891 aurum
1885 4835 2135 4898 edicitur,
2169 4853 2355 4893 vmqu

779 4929 845 4984 in
895 4943 1092 4984 aurum
1150 4929 1478 4994 concrescit,
1538 4928 1677 4984 lana
1724 4930 1778 4984 in
1814 4942 2011 4984 aurum
2043 4939 2355 4987 vertuntur.

789 5018 1067 5088 Quidquid
1131 5017 1604 5082 comminiscaris,
1662 5033 1859 5073 aurum
1922 5018 2020 5074 tibi
2072 5023 2353 5077 conciliat.

784 5109 1083 5180 lpsummet
1117 5126 1314 5164 aurum
1342 5110 1584 5181 seipsum
1615 5121 1858 5180 generat,
1899 5111 2204 5168 .fenoribus
2245 5118 2356 5169 sci-

782 5204 916 5258 licet
958 5202 1106 5256 varie
1142 5201 1587 5272 multiplicatum.
1634 5201 1795 5258 Nulla
1850 5205 2080 5261 satietas
2133 5206 2352 5274 accidit,

782 5294 932 5347 nulla
974 5295 1245 5363 reperitur
1273 5302 1419 5349 meta
1453 5294 1795 5365 cupiditatis.

855 5383 1000 5439 Ibid.
1029 5413 1101 5424 ——
1132 5384 1346 5450 Quanto
1400 5387 1595 5456 opibus
1625 5387 1867 5458 augeris,
1916 5403 1982 5443 eo
2017 5389 2191 5459 magis
2222 5389 2355 5444 cha-

786 5478 948 5530 ritate
970 5477 1253 5532 minueris.
1292 5475 1433 5544 Quid
1463 5493 1683 5545 maeres,
1714 5494 1747 5533 ο
1781 5480 1965 5545 homo,
1991 5481 2197 5535 caduca
2233 5496 2357 5551 pro-

775 5568 997 5638 jieiens,
1028 5576 1083 5623 et
1109 5569 1376 5623 calorum
1409 5584 1634 5641 regnum
1665 5570 1980 5640 recipiens?
2003 5571 2117 5625 (Zur
2152 5571 2354 5642 petenti

783 5675 971 5729 negas,
1009 5666 1064 5713 et
1108 5660 1243 5716 dare
1281 5676 1525 5725 recusas,
1583 5676 1709 5716 cum
1758 5662 1976 5716 interim
2033 5661 2352 5718 innumeras

782 5759 1093 5819 sumptuum
1164 5750 1486 5806 occasiones
1566 5752 1893 5807 meditaris?
1957 5750 2099 5819 Quid
2179 5751 2351 5822 judici

781 5843 1161 5914 respondebis,
1198 5845 1289 5915 qui
1322 5846 1557 5916 parietes
1583 5844 1773 5912 vestis,
1805 5860 1903 5901 nec
1941 5845 2215 5900 hominem
2267 5845 2349 5899 iu-

2387 4546 2437 4605 Ι)

2463 4385 2724 4457 τούμενος
2754 4388 3003 4458 ἄγχεται,
3038 4392 3220 4444 καὶσύ
3264 4390 3363 4460 τὴν
3397 4392 3771 4464 ἐλεημοσύνην
3820 4397 3907 4461 s1;
3945 4398 4042 4467 τὴν

2465 4478 2653 4550 αὔριον
2683 4480 3004 4546 ἀναϐάλλεις
3024 4499 3040 4548 ;

2531 4653 2678 4731 Εὔχῃ
2705 4654 2774 4709 τὰ
2809 4656 2988 4711 πάντα
3016 4655 3152 4728 πρὸς
3179 4656 3279 4728 τὴν
3307 4656 3400 4711 τοῦ
3424 4659 3627 4729 χρυσοῦ
3667 4661 3837 4729 φύσιν
3868 4679 4040 4730 μετα-

2465 4746 2749 4818 ϐληθῆναι.
2784 4748 2950 4801 Ποίαν
2981 4749 3038 4801 δὲ
3077 4748 3322 4820 μηχανὴν
3350 4749 3441 4803 διὰ
3463 4749 3555 4802 τὸν
3586 4750 3792 4821 χρυσὸν
3822 4752 3933 4804 οὐκ
3962 4756 4033 4804 ὲν-

2463 4842 2635 4905 νοεῖς;
2665 4842 2694 4893 6
2720 4841 2865 4902 σῖτος
2900 4839 3099 4909 χρυσός
3120 4856 3203 4892 σοι
3226 4840 3456 4908 γίνεται,
3496 4842 3524 4894 6
3550 4837 3692 4904 οἶνος
3711 4843 3796 4905 είς
3832 4845 4036 4912 χρυσὸν

2466 4931 2897 5002 μεταπήγνυται,
2922 4931 2988 4983 τὰ
3009 4932 3129 5001 ἔριά
3155 4948 3238 4984 σοι
3262 4932 3669 5002 ἀποχρυσοῦται
3689 4950 3704 4966 υ
3726 4937 3803 4986 πᾶ
3816 4950 3881 4986 σα
3911 4937 4031 4986 ἐπί-

2462 5038 2583 5076 νοιά
2631 5021 2831 5092 χρυσόν
2874 5038 2953 5074 σοι
2998 5022 3283 5092 προσάγει.
3339 5024 3509 5086 Αὐτὸς
3552 5024 3744 5076 ἑαυτὸν
3775 5024 3804 5075 6
3834 5028 4041 5095 xpuci:

2463 5114 2736 5184 ἀπογεννᾷ
2788 5114 3367 5184 ιπολυπλασιαζόμενον
3417 5116 3474 5167 ἐν
3526 5115 3878 5184 δανείσμασι,
3947 5122 4031 5169 καλ

2463 5204 2621 5274 κόρος
2657 5205 2758 5258 οὐκ
2777 5204 2939 5271 ίέστι,
2983 5206 3079 5258 καὶ
3132 5206 3194 5257 τὸ
3230 5205 3382 5268 τέλος
3424 5205 3523 5274 τῆς
3578 5205 3883 5276 ἐπιθυμίας
3938 5212 4035 5262 οὐκ

2461 5297 2854 5368 ἐξευρίσκεται.

2535 5390 2685 5460 Ὂσῳ
2719 5388 3035 5453 πλεονάζεις
3067 5387 3147 5460 τῷ
3176 5388 3396 5459 πλούτῳ
3416 5428 3431 5455 ,
3474 5388 3728 5441 τοσοῦτον
3762 5388 4033 5451 ἐλλείπεις

2459 5485 2526 5554 τῇ
2575 5483 2787 5553 ἀγάπῃ.
2828 5482 2927 5535 Διὰ
2979 5481 3032 5535 τί
3081 5481 3332 5552 ἀθυμεῖς,
3386 5475 3435 5533 ὦ
3486 5479 3765 5550 ἄνθρωπε,
3814 5481 4033 5551 φθαρτα

2462 5572 2804 5645 προῖέμενος,
2828 5573 2924 5626 καὶ
2970 5571 3247 5641 βασιλείαν
3280 5570 3527 5641 οὐρανῶν
3570 5569 4030 5639 ἀντιλαμϐάνωνς

2461 5664 2557 5716 Διά
2580 5664 2631 5715 τί
2655 5665 2794 5735 ἀρνῇ
2821 5664 2914 5717 τὸν
2949 5662 3242 5730 αἰτοῦντα,
3287 5662 3382 5716 καὶ
3421 5661 3693 5731 ἀπαναίνῃ
3724 5660 3827 5731 τὴν
3861 5661 4029 5713 δόσιν.

2464 5755 2664 5825 μυρίας
2698 5754 2997 5826 προφάσεις
3017 5754 3388 5824 ἀναλωμάτων
3407 5752 3672 5824 enimbat;
3704 5750 3773 5804 Τί
3796 5753 4023 5823 ἀποκρι-

2461 5847 2599 5917 θήσῃ
2634 5845 2709 5916 τῷ
2739 5848 2921 5917 κριτῇ,
2952 5848 2979 5902 ὁ
3008 5848 3132 5911 τοὺς
3160 5845 3374 5917 τοίχους
3401 5842 3769 5916 ἀμφιεννύων,
3806 5843 4027 5914 ἀνθριω·
