  <div class='ocr_page' id='page_1' title='image "/cluster/home/n/w/nwhite01/storage/ocr_20150623/95/nnc1.0046979816/748.png"; bbox 0 0 4206 6442; ppageno 0'>
   <div class='ocr_carea' id='block_1_1' title="bbox 203 408 330 476">
    <p class='ocr_par' dir='ltr' id='par_1_1' title="bbox 203 408 330 476">
     <span class='ocr_line' id='line_1_1' title="bbox 203 408 330 476; baseline -0.071 0"><span class='ocrx_word' id='word_1_1' title='bbox 203 412 223 476; x_wconf 89' lang='lat'><strong>1</strong></span> <span class='ocrx_word' id='word_1_2' title='bbox 238 408 330 470; x_wconf 70' lang='lat'><strong>£85</strong></span> 
     </span>
    </p>
   </div>
   <div class='ocr_carea' id='block_1_2' title="bbox 1439 406 2165 469">
    <p class='ocr_par' dir='ltr' id='par_1_2' title="bbox 1439 406 2165 469">
     <span class='ocr_line' id='line_1_2' title="bbox 1439 406 2165 469; baseline -0.001 -3"><span class='ocrx_word' id='word_1_3' title='bbox 1439 408 1675 469; x_wconf 75' lang='lat' dir='ltr'><strong>SACRA</strong></span> <span class='ocrx_word' id='word_1_4' title='bbox 1708 408 1795 466; x_wconf 85' lang='lat' dir='ltr'><strong>PA</strong></span> <span class='ocrx_word' id='word_1_5' title='bbox 1806 406 2165 465; x_wconf 72' lang='lat' dir='ltr'><strong>[{ALLELA.</strong></span> 
     </span>
    </p>
   </div>
   <div class='ocr_carea' id='block_1_3' title="bbox 3274 406 3408 469">
    <p class='ocr_par' dir='ltr' id='par_1_3' title="bbox 3274 406 3408 469">
     <span class='ocr_line' id='line_1_3' title="bbox 3274 406 3408 469; baseline -0.022 -1"><span class='ocrx_word' id='word_1_6' title='bbox 3274 406 3408 469; x_wconf 69' lang='grc' dir='ltr'><strong>14ΐῦ</strong></span> 
     </span>
    </p>
   </div>
   <div class='ocr_carea' id='block_1_4' title="bbox 200 513 1821 588">
    <p class='ocr_par' dir='ltr' id='par_1_4' title="bbox 200 516 1821 588">
     <span class='ocr_line' id='line_1_4' title="bbox 200 516 1821 588; baseline -0.006 -9"><span class='ocrx_word' id='word_1_7' title='bbox 200 545 293 579; x_wconf 89' lang='grc' dir='ltr'><strong>πον</strong></span> <span class='ocrx_word' id='word_1_8' title='bbox 312 527 409 579; x_wconf 71' lang='grc' dir='ltr'><strong>οὐκ</strong></span> <span class='ocrx_word' id='word_1_9' title='bbox 436 523 636 586; x_wconf 79' lang='grc' dir='ltr'>ἐνδυεις</span> <span class='ocrx_word' id='word_1_10' title='bbox 662 538 677 587; x_wconf 89' lang='grc'>;</span> <span class='ocrx_word' id='word_1_11' title='bbox 700 523 727 574; x_wconf 99' lang='lat'><strong>6</strong></span> <span class='ocrx_word' id='word_1_12' title='bbox 754 522 877 582; x_wconf 76' lang='grc' dir='ltr'>τοὺς</span> <span class='ocrx_word' id='word_1_13' title='bbox 904 519 1099 582; x_wconf 78' lang='grc' dir='ltr'>ἵππους</span> <span class='ocrx_word' id='word_1_14' title='bbox 1132 519 1373 588; x_wconf 80' lang='grc' dir='ltr'>κοσμῶν,</span> <span class='ocrx_word' id='word_1_15' title='bbox 1407 520 1496 573; x_wconf 86' lang='grc' dir='ltr'><strong>τὸν</strong></span> <span class='ocrx_word' id='word_1_16' title='bbox 1522 516 1751 586; x_wconf 67' lang='grc' dir='ltr'>ἀδελφὸν</span> <span class='ocrx_word' id='word_1_17' title='bbox 1778 523 1821 574; x_wconf 79' lang='grc' dir='ltr'>Α</span> 
     </span>
    </p>
   </div>
   <div class='ocr_carea' id='block_1_5' title="bbox 1844 513 3408 588">
    <p class='ocr_par' dir='ltr' id='par_1_5' title="bbox 1849 513 3408 583">
     <span class='ocr_line' id='line_1_5' title="bbox 1849 513 3408 583; baseline 0.001 -15"><span class='ocrx_word' id='word_1_18' title='bbox 1849 513 2131 582; x_wconf 85' lang='lat' dir='ltr'><strong>duis?qui</strong></span> <span class='ocrx_word' id='word_1_19' title='bbox 2164 528 2334 583; x_wconf 88' lang='lat' dir='ltr'><strong>equos</strong></span> <span class='ocrx_word' id='word_1_20' title='bbox 2385 530 2570 579; x_wconf 79' lang='lat' dir='ltr'><strong>ornas,</strong></span> <span class='ocrx_word' id='word_1_21' title='bbox 2621 522 2675 567; x_wconf 91' lang='lat' dir='ltr'><strong>et</strong></span> <span class='ocrx_word' id='word_1_22' title='bbox 2701 528 2922 568; x_wconf 52' lang='lat' dir='ltr'><strong>i‘ratrem</strong></span> <span class='ocrx_word' id='word_1_23' title='bbox 2958 514 3212 569; x_wconf 87' lang='lat' dir='ltr'><strong>indecore</strong></span> <span class='ocrx_word' id='word_1_24' title='bbox 3242 520 3408 571; x_wconf 85' lang='lat' dir='ltr'><strong>vesti-</strong></span> 
     </span>
    </p>
   </div>
   <div class='ocr_carea' id='block_1_6' title="bbox 196 611 1746 689">
    <p class='ocr_par' dir='ltr' id='par_1_6' title="bbox 196 611 1746 689">
     <span class='ocr_line' id='line_1_6' title="bbox 196 611 1746 689; baseline -0.008 -17"><span class='ocrx_word' id='word_1_25' title='bbox 196 616 603 689; x_wconf 73' lang='grc' dir='ltr'><strong>ἀσχημονοῦντα</strong></span> <span class='ocrx_word' id='word_1_26' title='bbox 659 614 954 684; x_wconf 79' lang='grc' dir='ltr'>περιορᾷς;</span> <span class='ocrx_word' id='word_1_27' title='bbox 1008 613 1036 664; x_wconf 91' lang='grc' dir='ltr'>ὁ</span> <span class='ocrx_word' id='word_1_28' title='bbox 1079 613 1410 681; x_wconf 81' lang='grc' dir='ltr'>κατασήπων</span> <span class='ocrx_word' id='word_1_29' title='bbox 1448 611 1538 663; x_wconf 78' lang='grc' dir='ltr'><strong>τὸν</strong></span> <span class='ocrx_word' id='word_1_30' title='bbox 1581 613 1746 675; x_wconf 86' lang='grc' dir='ltr'>σῖτον,</span> 
     </span>
    </p>
   </div>
   <div class='ocr_carea' id='block_1_7' title="bbox 196 702 1751 777">
    <p class='ocr_par' dir='ltr' id='par_1_7' title="bbox 196 702 1751 777">
     <span class='ocr_line' id='line_1_7' title="bbox 196 702 1751 777; baseline -0.004 -15"><span class='ocrx_word' id='word_1_31' title='bbox 196 714 315 773; x_wconf 69' lang='grc' dir='ltr'>τοὺς</span> <span class='ocrx_word' id='word_1_32' title='bbox 340 709 635 771; x_wconf 81' lang='grc' dir='ltr'>πεινῶντας</span> <span class='ocrx_word' id='word_1_33' title='bbox 669 708 728 759; x_wconf 73' lang='grc' dir='ltr'><strong>οὐ</strong></span> <span class='ocrx_word' id='word_1_34' title='bbox 760 707 1011 777; x_wconf 82' lang='grc' dir='ltr'>τρέφεις;</span> <span class='ocrx_word' id='word_1_35' title='bbox 1043 707 1071 758; x_wconf 98' lang='lat'><strong>6</strong></span> <span class='ocrx_word' id='word_1_36' title='bbox 1105 706 1195 757; x_wconf 74' lang='grc' dir='ltr'>τὸν</span> <span class='ocrx_word' id='word_1_37' title='bbox 1244 705 1443 777; x_wconf 81' lang='grc' dir='ltr'>χρυσὸν</span> <span class='ocrx_word' id='word_1_38' title='bbox 1487 702 1751 775; x_wconf 81' lang='grc' dir='ltr'>κατορύσ-</span> 
     </span>
    </p>
   </div>
   <div class='ocr_carea' id='block_1_8' title="bbox 197 797 1195 869">
    <p class='ocr_par' dir='ltr' id='par_1_8' title="bbox 197 797 1195 869">
     <span class='ocr_line' id='line_1_8' title="bbox 197 797 1195 869; baseline -0.009 -14"><span class='ocrx_word' id='word_1_39' title='bbox 197 820 319 868; x_wconf 86' lang='grc' dir='ltr'>σων,</span> <span class='ocrx_word' id='word_1_40' title='bbox 350 799 444 853; x_wconf 85' lang='grc' dir='ltr'><strong>τοῦ</strong></span> <span class='ocrx_word' id='word_1_41' title='bbox 475 798 777 869; x_wconf 79' lang='grc' dir='ltr'>ἀγχομένου</span> <span class='ocrx_word' id='word_1_42' title='bbox 807 797 1195 866; x_wconf 83' lang='grc' dir='ltr'>καταφρονεῖς;</span> 
     </span>
    </p>
   </div>
   <div class='ocr_carea' id='block_1_9' title="bbox 262 973 1750 1046">
    <p class='ocr_par' dir='ltr' id='par_1_9' title="bbox 262 973 1750 1046">
     <span class='ocr_line' id='line_1_9' title="bbox 262 973 1750 1046; baseline -0.001 -19"><span class='ocrx_word' id='word_1_43' title='bbox 262 976 472 1046; x_wconf 85' lang='grc' dir='ltr'>’Ὠσπερ</span> <span class='ocrx_word' id='word_1_44' title='bbox 504 975 551 1027; x_wconf 84' lang='grc' dir='ltr'>οἱ</span> <span class='ocrx_word' id='word_1_45' title='bbox 579 976 675 1037; x_wconf 74' lang='grc' dir='ltr'>τὰς</span> <span class='ocrx_word' id='word_1_46' title='bbox 714 974 986 1042; x_wconf 86' lang='grc' dir='ltr'>κλίμακας</span> <span class='ocrx_word' id='word_1_47' title='bbox 1027 973 1407 1037; x_wconf 82' lang='grc' dir='ltr'>ἀναϐαίνοντες</span> <span class='ocrx_word' id='word_1_48' title='bbox 1434 1011 1448 1035; x_wconf 88' lang='grc'><strong>,</strong></span> <span class='ocrx_word' id='word_1_49' title='bbox 1490 974 1577 1027; x_wconf 81' lang='grc' dir='ltr'><strong>ἀεὶ</strong></span> <span class='ocrx_word' id='word_1_50' title='bbox 1614 974 1750 1045; x_wconf 84' lang='grc' dir='ltr'>πρὸς</span> 
     </span>
    </p>
   </div>
   <div class='ocr_carea' id='block_1_10' title="bbox 188 1066 1747 1139">
    <p class='ocr_par' dir='ltr' id='par_1_10' title="bbox 188 1066 1747 1139">
     <span class='ocr_line' id='line_1_10' title="bbox 188 1066 1747 1139; baseline -0.001 -20"><span class='ocrx_word' id='word_1_51' title='bbox 188 1070 286 1139; x_wconf 47' lang='lat' dir='ltr'><strong>in;</strong></span> <span class='ocrx_word' id='word_1_52' title='bbox 316 1070 721 1139; x_wconf 76' lang='grc' dir='ltr'><strong>ὑπερκειμένην</strong></span> <span class='ocrx_word' id='word_1_53' title='bbox 769 1068 1001 1137; x_wconf 87' lang='grc' dir='ltr'>βαθμίδα</span> <span class='ocrx_word' id='word_1_54' title='bbox 1053 1068 1114 1121; x_wconf 85' lang='grc' dir='ltr'><strong>τὸ</strong></span> <span class='ocrx_word' id='word_1_55' title='bbox 1164 1068 1310 1137; x_wconf 82' lang='grc' dir='ltr'>ἴχνος</span> <span class='ocrx_word' id='word_1_56' title='bbox 1363 1066 1631 1138; x_wconf 76' lang='grc' dir='ltr'>αἴροντες,</span> <span class='ocrx_word' id='word_1_57' title='bbox 1688 1067 1747 1119; x_wconf 79' lang='grc' dir='ltr'><strong>οὐ</strong></span> 
     </span>
    </p>
   </div>
   <div class='ocr_carea' id='block_1_11' title="bbox 193 1157 1747 1229">
    <p class='ocr_par' dir='ltr' id='par_1_11' title="bbox 193 1157 1747 1229">
     <span class='ocr_line' id='line_1_11' title="bbox 193 1157 1747 1229; baseline -0.001 -20"><span class='ocrx_word' id='word_1_58' title='bbox 193 1159 455 1229; x_wconf 82' lang='grc' dir='ltr'>πρότερον</span> <span class='ocrx_word' id='word_1_59' title='bbox 501 1158 765 1221; x_wconf 83' lang='grc' dir='ltr'>ἵστανται,</span> <span class='ocrx_word' id='word_1_60' title='bbox 815 1158 944 1227; x_wconf 72' lang='grc' dir='ltr'>πρὶν</span> <span class='ocrx_word' id='word_1_61' title='bbox 985 1157 1050 1210; x_wconf 81' lang='grc' dir='ltr'>ἂν</span> <span class='ocrx_word' id='word_1_62' title='bbox 1084 1159 1180 1228; x_wconf 76' lang='grc' dir='ltr'><strong>τῆς</strong></span> <span class='ocrx_word' id='word_1_63' title='bbox 1231 1159 1404 1228; x_wconf 82' lang='grc' dir='ltr'>ἀρχῆς</span> <span class='ocrx_word' id='word_1_64' title='bbox 1428 1158 1747 1225; x_wconf 75' lang='grc' dir='ltr'>ἐφίκωνται,</span> 
     </span>
    </p>
   </div>
   <div class='ocr_carea' id='block_1_12' title="bbox 193 1249 1746 1317">
    <p class='ocr_par' dir='ltr' id='par_1_12' title="bbox 193 1249 1746 1317">
     <span class='ocr_line' id='line_1_12' title="bbox 193 1249 1746 1317; baseline -0.001 -14"><span class='ocrx_word' id='word_1_65' title='bbox 193 1251 328 1303; x_wconf 73' lang='grc' dir='ltr'>οὕτω</span> <span class='ocrx_word' id='word_1_66' title='bbox 352 1252 473 1303; x_wconf 73' lang='grc' dir='ltr'>οὐδὲ</span> <span class='ocrx_word' id='word_1_67' title='bbox 502 1253 549 1303; x_wconf 80' lang='grc' dir='ltr'>οἱ</span> <span class='ocrx_word' id='word_1_68' title='bbox 579 1250 821 1303; x_wconf 83' lang='grc' dir='ltr'>πλούσιοι</span> <span class='ocrx_word' id='word_1_69' title='bbox 855 1249 1153 1310; x_wconf 78' lang='grc' dir='ltr'>παύονται,</span> <span class='ocrx_word' id='word_1_70' title='bbox 1178 1251 1278 1313; x_wconf 88' lang='grc' dir='ltr'>’έως</span> <span class='ocrx_word' id='word_1_71' title='bbox 1326 1250 1391 1303; x_wconf 89' lang='grc' dir='ltr'><strong>ἂν</strong></span> <span class='ocrx_word' id='word_1_72' title='bbox 1424 1250 1746 1317; x_wconf 68' lang='grc' dir='ltr'>ὑψωθέντες,</span> 
     </span>
    </p>
   </div>
   <div class='ocr_carea' id='block_1_13' title="bbox 192 1342 1457 1413">
    <p class='ocr_par' dir='ltr' id='par_1_13' title="bbox 192 1342 1457 1413">
     <span class='ocr_line' id='line_1_13' title="bbox 192 1342 1457 1413; baseline 0.001 -18"><span class='ocrx_word' id='word_1_73' title='bbox 192 1343 297 1395; x_wconf 82' lang='grc' dir='ltr'>ἀπὸ</span> <span class='ocrx_word' id='word_1_74' title='bbox 317 1343 411 1396; x_wconf 90' lang='grc' dir='ltr'><strong>τοῦ</strong></span> <span class='ocrx_word' id='word_1_75' title='bbox 444 1342 735 1413; x_wconf 78' lang='grc' dir='ltr'>πτώματος</span> <span class='ocrx_word' id='word_1_76' title='bbox 766 1343 987 1407; x_wconf 77' lang='grc' dir='ltr'>ἑαυτοὺς</span> <span class='ocrx_word' id='word_1_77' title='bbox 1022 1342 1457 1413; x_wconf 76' lang='grc' dir='ltr'>καταρρήξωσιν.</span> 
     </span>
    </p>
   </div>
   <div class='ocr_carea' id='block_1_14' title="bbox 288 1608 1749 1679">
    <p class='ocr_par' dir='ltr' id='par_1_14' title="bbox 288 1608 1749 1679">
     <span class='ocr_line' id='line_1_14' title="bbox 288 1608 1749 1679; baseline 0.001 -18"><span class='ocrx_word' id='word_1_78' title='bbox 288 1608 400 1661; x_wconf 87' lang='grc' dir='ltr'>Οσα</span> <span class='ocrx_word' id='word_1_79' title='bbox 464 1608 648 1677; x_wconf 76' lang='grc' dir='ltr'>βλέπει</span> <span class='ocrx_word' id='word_1_80' title='bbox 699 1609 727 1660; x_wconf 92' lang='lat'><strong>6</strong></span> <span class='ocrx_word' id='word_1_81' title='bbox 786 1608 1080 1678; x_wconf 71' lang='grc' dir='ltr'>ὀφθαλμὸς,</span> <span class='ocrx_word' id='word_1_82' title='bbox 1140 1608 1377 1661; x_wconf 78' lang='grc' dir='ltr'>τοσαῦτα</span> <span class='ocrx_word' id='word_1_83' title='bbox 1429 1610 1686 1679; x_wconf 78' lang='grc' dir='ltr'><strong>ἐπιθυμεῖ</strong></span> <span class='ocrx_word' id='word_1_84' title='bbox 1722 1611 1749 1662; x_wconf 88' lang='grc' dir='ltr'><strong>ὁ</strong></span> 
     </span>
    </p>
   </div>
   <div class='ocr_carea' id='block_1_15' title="bbox 193 1700 1745 1772">
    <p class='ocr_par' dir='ltr' id='par_1_15' title="bbox 193 1700 1745 1772">
     <span class='ocr_line' id='line_1_15' title="bbox 193 1700 1745 1772; baseline 0.002 -21"><span class='ocrx_word' id='word_1_85' title='bbox 193 1700 537 1767; x_wconf 79' lang='grc' dir='ltr'>πλεονέκτης.</span> <span class='ocrx_word' id='word_1_86' title='bbox 569 1702 643 1752; x_wconf 74' lang='grc' dir='ltr'><strong>Οὐ</strong></span> <span class='ocrx_word' id='word_1_87' title='bbox 692 1700 1065 1771; x_wconf 76' lang='grc' dir='ltr'>πλησθήσεται</span> <span class='ocrx_word' id='word_1_88' title='bbox 1097 1703 1124 1753; x_wconf 92' lang='grc' dir='ltr'><strong>ό</strong></span> <span class='ocrx_word' id='word_1_89' title='bbox 1162 1701 1438 1769; x_wconf 74' lang='grc' dir='ltr'>ὀφθαλμὸς</span> <span class='ocrx_word' id='word_1_90' title='bbox 1470 1702 1566 1753; x_wconf 89' lang='grc' dir='ltr'><strong>τοῦ</strong></span> <span class='ocrx_word' id='word_1_91' title='bbox 1598 1705 1745 1772; x_wconf 77' lang='grc' dir='ltr'>ὁρᾷν,</span> 
     </span>
    </p>
   </div>
   <div class='ocr_carea' id='block_1_16' title="bbox 193 1794 1747 1864">
    <p class='ocr_par' dir='ltr' id='par_1_16' title="bbox 193 1794 1747 1864">
     <span class='ocr_line' id='line_1_16' title="bbox 193 1794 1747 1864; baseline 0.002 -19"><span class='ocrx_word' id='word_1_92' title='bbox 193 1796 282 1845; x_wconf 75' lang='grc' dir='ltr'><strong>καὶ</strong></span> <span class='ocrx_word' id='word_1_93' title='bbox 330 1796 391 1846; x_wconf 82' lang='grc' dir='ltr'><strong>οῦ</strong></span> <span class='ocrx_word' id='word_1_94' title='bbox 425 1794 815 1864; x_wconf 80' lang='grc' dir='ltr'>κορεσθήσεται</span> <span class='ocrx_word' id='word_1_95' title='bbox 849 1794 1183 1864; x_wconf 70' lang='grc' dir='ltr'>φιλάργυρος</span> <span class='ocrx_word' id='word_1_96' title='bbox 1218 1795 1313 1846; x_wconf 91' lang='grc' dir='ltr'><strong>τοῦ</strong></span> <span class='ocrx_word' id='word_1_97' title='bbox 1336 1794 1652 1863; x_wconf 79' lang='grc' dir='ltr'>λαμϐάνειν.</span> <span class='ocrx_word' id='word_1_98' title='bbox 1691 1796 1747 1848; x_wconf 85' lang='grc' dir='ltr'>Ὀ</span> 
     </span>
    </p>
   </div>
   <div class='ocr_carea' id='block_1_17' title="bbox 191 1878 1821 1956">
    <p class='ocr_par' dir='ltr' id='par_1_17' title="bbox 191 1878 1821 1956">
     <span class='ocr_line' id='line_1_17' title="bbox 191 1878 1821 1956; baseline 0.001 -17"><span class='ocrx_word' id='word_1_99' title='bbox 191 1886 338 1952; x_wconf 73' lang='grc' dir='ltr'>ᾅδης</span> <span class='ocrx_word' id='word_1_100' title='bbox 360 1888 472 1939; x_wconf 74' lang='grc' dir='ltr'>οὐκ</span> <span class='ocrx_word' id='word_1_101' title='bbox 492 1883 676 1939; x_wconf 77' lang='grc' dir='ltr'>εἶπεν·</span> <span class='ocrx_word' id='word_1_102' title='bbox 716 1886 913 1954; x_wconf 74' lang='grc' dir='ltr'>Ἀρκεῖ,</span> <span class='ocrx_word' id='word_1_103' title='bbox 938 1886 1054 1938; x_wconf 73' lang='grc' dir='ltr'>οὐδὲ</span> <span class='ocrx_word' id='word_1_104' title='bbox 1077 1888 1103 1937; x_wconf 91' lang='lat'><strong>6</strong></span> <span class='ocrx_word' id='word_1_105' title='bbox 1126 1888 1454 1956; x_wconf 78' lang='grc' dir='ltr'>πλεονέκτης</span> <span class='ocrx_word' id='word_1_106' title='bbox 1476 1884 1596 1940; x_wconf 79' lang='grc' dir='ltr'>εἶπέ</span> <span class='ocrx_word' id='word_1_107' title='bbox 1622 1906 1747 1940; x_wconf 88' lang='grc' dir='ltr'>ποτε</span> <span class='ocrx_word' id='word_1_108' title='bbox 1780 1878 1821 1933; x_wconf 83' lang='grc' dir='ltr'><strong>Β</strong></span> 
     </span>
    </p>
   </div>
   <div class='ocr_carea' id='block_1_18' title="bbox 190 1978 1747 2049">
    <p class='ocr_par' dir='ltr' id='par_1_18' title="bbox 190 1978 1747 2049">
     <span class='ocr_line' id='line_1_18' title="bbox 190 1978 1747 2049; baseline 0.001 -19"><span class='ocrx_word' id='word_1_109' title='bbox 190 1981 267 2036; x_wconf 72' lang='grc' dir='ltr'><strong>τὸ.</strong></span> <span class='ocrx_word' id='word_1_110' title='bbox 310 1978 511 2049; x_wconf 83' lang='grc' dir='ltr'>Ἀρκεῖ.</span> <span class='ocrx_word' id='word_1_111' title='bbox 548 1979 681 2030; x_wconf 84' lang='grc' dir='ltr'>Πότε</span> <span class='ocrx_word' id='word_1_112' title='bbox 709 1978 885 2049; x_wconf 90' lang='grc' dir='ltr'>χρήσῃ</span> <span class='ocrx_word' id='word_1_113' title='bbox 912 1980 1021 2039; x_wconf 83' lang='grc' dir='ltr'>τοῖς</span> <span class='ocrx_word' id='word_1_114' title='bbox 1049 1978 1341 2049; x_wconf 85' lang='grc' dir='ltr'>παροῦσιν;</span> <span class='ocrx_word' id='word_1_115' title='bbox 1375 1979 1505 2030; x_wconf 83' lang='grc' dir='ltr'>πότε</span> <span class='ocrx_word' id='word_1_116' title='bbox 1532 1980 1586 2031; x_wconf 80' lang='grc' dir='ltr'>δὲ</span> <span class='ocrx_word' id='word_1_117' title='bbox 1617 1980 1747 2031; x_wconf 84' lang='grc' dir='ltr'>ἁπο-</span> 
     </span>
    </p>
   </div>
   <div class='ocr_carea' id='block_1_19' title="bbox 191 2070 1746 2141">
    <p class='ocr_par' dir='ltr' id='par_1_19' title="bbox 191 2070 1746 2141">
     <span class='ocr_line' id='line_1_19' title="bbox 191 2070 1746 2141; baseline 0.001 -20"><span class='ocrx_word' id='word_1_118' title='bbox 191 2070 392 2141; x_wconf 80' lang='grc' dir='ltr'>λαύσῃς</span> <span class='ocrx_word' id='word_1_119' title='bbox 423 2071 628 2133; x_wconf 80' lang='grc' dir='ltr'>αὐτῶν,</span> <span class='ocrx_word' id='word_1_120' title='bbox 657 2072 743 2123; x_wconf 71' lang='grc' dir='ltr'>ἀεὶ</span> <span class='ocrx_word' id='word_1_121' title='bbox 773 2073 880 2133; x_wconf 86' lang='grc' dir='ltr'>τοῖς</span> <span class='ocrx_word' id='word_1_122' title='bbox 914 2070 1097 2132; x_wconf 78' lang='grc' dir='ltr'>πόνοις</span> <span class='ocrx_word' id='word_1_123' title='bbox 1124 2070 1221 2138; x_wconf 74' lang='grc' dir='ltr'>τῆς</span> <span class='ocrx_word' id='word_1_124' title='bbox 1253 2070 1479 2132; x_wconf 82' lang='grc' dir='ltr'>κτίσεως</span> <span class='ocrx_word' id='word_1_125' title='bbox 1529 2072 1746 2141; x_wconf 86' lang='grc' dir='ltr'>συνεχό-</span> 
     </span>
    </p>
   </div>
   <div class='ocr_carea' id='block_1_20' title="bbox 195 2162 1745 2233">
    <p class='ocr_par' dir='ltr' id='par_1_20' title="bbox 195 2162 1745 2233">
     <span class='ocr_line' id='line_1_20' title="bbox 195 2162 1745 2233; baseline 0.001 -18"><span class='ocrx_word' id='word_1_126' title='bbox 195 2180 350 2233; x_wconf 85' lang='grc' dir='ltr'>μενος</span> <span class='ocrx_word' id='word_1_127' title='bbox 385 2181 398 2228; x_wconf 90' lang='grc'>;</span> <span class='ocrx_word' id='word_1_128' title='bbox 436 2164 571 2217; x_wconf 72' lang='grc' dir='ltr'>Οὐαὶ</span> <span class='ocrx_word' id='word_1_129' title='bbox 604 2165 713 2227; x_wconf 87' lang='grc' dir='ltr'>τοῖς</span> <span class='ocrx_word' id='word_1_130' title='bbox 766 2164 1123 2216; x_wconf 77' lang='grc' dir='ltr'>συνάπτουσιν</span> <span class='ocrx_word' id='word_1_131' title='bbox 1156 2162 1332 2216; x_wconf 82' lang='grc' dir='ltr'>οἰκίαν</span> <span class='ocrx_word' id='word_1_132' title='bbox 1372 2163 1508 2233; x_wconf 83' lang='grc' dir='ltr'>πρὸς</span> <span class='ocrx_word' id='word_1_133' title='bbox 1548 2164 1745 2227; x_wconf 87' lang='grc' dir='ltr'>οἰκίαν,</span> 
     </span>
    </p>
   </div>
   <div class='ocr_carea' id='block_1_21' title="bbox 192 2254 1748 2326">
    <p class='ocr_par' dir='ltr' id='par_1_21' title="bbox 192 2254 1748 2326">
     <span class='ocr_line' id='line_1_21' title="bbox 192 2254 1748 2326; baseline 0.002 -20"><span class='ocrx_word' id='word_1_134' title='bbox 192 2256 281 2307; x_wconf 81' lang='grc' dir='ltr'><strong>καὶ</strong></span> <span class='ocrx_word' id='word_1_135' title='bbox 312 2257 484 2326; x_wconf 74' lang='grc' dir='ltr'>ἀγρὸν</span> <span class='ocrx_word' id='word_1_136' title='bbox 511 2256 643 2326; x_wconf 74' lang='grc' dir='ltr'>πρὸς</span> <span class='ocrx_word' id='word_1_137' title='bbox 673 2256 840 2325; x_wconf 85' lang='grc' dir='ltr'>ἀγρὸν</span> <span class='ocrx_word' id='word_1_138' title='bbox 890 2254 1219 2322; x_wconf 75' lang='grc' dir='ltr'>ἐγγίζουσιν,</span> <span class='ocrx_word' id='word_1_139' title='bbox 1270 2255 1355 2307; x_wconf 79' lang='grc' dir='ltr'>ἵνα</span> <span class='ocrx_word' id='word_1_140' title='bbox 1385 2254 1476 2308; x_wconf 87' lang='grc' dir='ltr'><strong>τοῦ</strong></span> <span class='ocrx_word' id='word_1_141' title='bbox 1522 2256 1748 2325; x_wconf 75' lang='grc' dir='ltr'>πλησίον</span> 
     </span>
    </p>
   </div>
   <div class='ocr_carea' id='block_1_22' title="bbox 190 2346 1746 2421">
    <p class='ocr_par' dir='ltr' id='par_1_22' title="bbox 190 2346 1746 2421">
     <span class='ocr_line' id='line_1_22' title="bbox 190 2346 1746 2421; baseline 0.001 -22"><span class='ocrx_word' id='word_1_142' title='bbox 190 2348 491 2415; x_wconf 67' lang='grc' dir='ltr'>ἁφέλωνταί</span> <span class='ocrx_word' id='word_1_143' title='bbox 524 2366 595 2399; x_wconf 91' lang='grc' dir='ltr'>τι.</span> <span class='ocrx_word' id='word_1_144' title='bbox 622 2348 690 2399; x_wconf 77' lang='grc' dir='ltr'>Σὺ</span> <span class='ocrx_word' id='word_1_145' title='bbox 717 2347 771 2399; x_wconf 85' lang='grc' dir='ltr'>δὲ</span> <span class='ocrx_word' id='word_1_146' title='bbox 802 2347 851 2400; x_wconf 90' lang='grc' dir='ltr'><strong>τί</strong></span> <span class='ocrx_word' id='word_1_147' title='bbox 882 2351 1050 2421; x_wconf 76' lang='grc' dir='ltr'>ποιεῖς</span> <span class='ocrx_word' id='word_1_148' title='bbox 1072 2365 1084 2411; x_wconf 91' lang='grc'>;</span> <span class='ocrx_word' id='word_1_149' title='bbox 1106 2348 1177 2399; x_wconf 69' lang='grc' dir='ltr'><strong>Οὐ</strong></span> <span class='ocrx_word' id='word_1_150' title='bbox 1210 2346 1523 2419; x_wconf 75' lang='grc' dir='ltr'>προφασίζῃ</span> <span class='ocrx_word' id='word_1_151' title='bbox 1556 2349 1746 2417; x_wconf 86' lang='grc' dir='ltr'>μυρία,</span> 
     </span>
    </p>
   </div>
   <div class='ocr_carea' id='block_1_23' title="bbox 193 2437 1747 2509">
    <p class='ocr_par' dir='ltr' id='par_1_23' title="bbox 193 2437 1747 2509">
     <span class='ocr_line' id='line_1_23' title="bbox 193 2437 1747 2509; baseline 0.001 -20"><span class='ocrx_word' id='word_1_152' title='bbox 193 2440 270 2490; x_wconf 79' lang='grc' dir='ltr'>ἵνα</span> <span class='ocrx_word' id='word_1_153' title='bbox 297 2439 469 2509; x_wconf 75' lang='grc' dir='ltr'>λάϐῃς</span> <span class='ocrx_word' id='word_1_154' title='bbox 496 2439 564 2489; x_wconf 83' lang='grc' dir='ltr'><strong>τά</strong></span> <span class='ocrx_word' id='word_1_155' title='bbox 585 2439 677 2490; x_wconf 90' lang='grc' dir='ltr'><strong>τοῦ</strong></span> <span class='ocrx_word' id='word_1_156' title='bbox 707 2437 962 2506; x_wconf 88' lang='grc' dir='ltr'>πλησίον;</span> <span class='ocrx_word' id='word_1_157' title='bbox 1002 2439 1307 2490; x_wconf 87' lang='grc' dir='ltr'>Ἐπισκοτεῖ</span> <span class='ocrx_word' id='word_1_158' title='bbox 1339 2454 1449 2506; x_wconf 88' lang='grc' dir='ltr'>μοι,</span> <span class='ocrx_word' id='word_1_159' title='bbox 1474 2439 1625 2507; x_wconf 75' lang='grc' dir='ltr'>φησὶ.</span> <span class='ocrx_word' id='word_1_160' title='bbox 1656 2438 1747 2491; x_wconf 87' lang='grc' dir='ltr'><strong>τοῦ</strong></span> 
     </span>
    </p>
   </div>
   <div class='ocr_carea' id='block_1_24' title="bbox 191 2529 1751 2601">
    <p class='ocr_par' dir='ltr' id='par_1_24' title="bbox 191 2529 1751 2601">
     <span class='ocr_line' id='line_1_24' title="bbox 191 2529 1751 2601; baseline -0.003 -17"><span class='ocrx_word' id='word_1_161' title='bbox 191 2534 430 2600; x_wconf 74' lang='grc' dir='ltr'>γείτονος</span> <span class='ocrx_word' id='word_1_162' title='bbox 462 2534 494 2601; x_wconf 86' lang='grc' dir='ltr'>ἡ</span> <span class='ocrx_word' id='word_1_163' title='bbox 525 2532 671 2584; x_wconf 88' lang='grc' dir='ltr'>οἰκία</span> <span class='ocrx_word' id='word_1_164' title='bbox 693 2572 707 2594; x_wconf 94' lang='grc'><strong>,</strong></span> <span class='ocrx_word' id='word_1_165' title='bbox 749 2530 1006 2601; x_wconf 76' lang='grc' dir='ltr'>θορύϐους</span> <span class='ocrx_word' id='word_1_166' title='bbox 1052 2529 1277 2600; x_wconf 82' lang='grc' dir='ltr'>ἐνίησιν,</span> <span class='ocrx_word' id='word_1_167' title='bbox 1319 2530 1350 2599; x_wconf 84' lang='grc' dir='ltr'>ἣ</span> <span class='ocrx_word' id='word_1_168' title='bbox 1386 2530 1443 2582; x_wconf 79' lang='grc' dir='ltr'><strong>τὸ</strong></span> <span class='ocrx_word' id='word_1_169' title='bbox 1475 2532 1751 2600; x_wconf 86' lang='grc' dir='ltr'>πεπλανη-</span> 
     </span>
    </p>
   </div>
   <div class='ocr_carea' id='block_1_25' title="bbox 196 2622 1746 2694">
    <p class='ocr_par' dir='ltr' id='par_1_25' title="bbox 196 2622 1746 2694">
     <span class='ocr_line' id='line_1_25' title="bbox 196 2622 1746 2694; baseline -0.001 -17"><span class='ocrx_word' id='word_1_170' title='bbox 196 2625 348 2693; x_wconf 80' lang='grc' dir='ltr'>μένον</span> <span class='ocrx_word' id='word_1_171' title='bbox 392 2624 756 2694; x_wconf 80' lang='grc' dir='ltr'>ὑποδέχεται·</span> <span class='ocrx_word' id='word_1_172' title='bbox 813 2624 845 2691; x_wconf 84' lang='grc' dir='ltr'>ἢ</span> <span class='ocrx_word' id='word_1_173' title='bbox 899 2625 981 2676; x_wconf 86' lang='grc' dir='ltr'>ὅτι</span> <span class='ocrx_word' id='word_1_174' title='bbox 1030 2624 1094 2676; x_wconf 86' lang='grc' dir='ltr'>ἂν</span> <span class='ocrx_word' id='word_1_175' title='bbox 1145 2622 1297 2693; x_wconf 86' lang='grc' dir='ltr'>τύχοι</span> <span class='ocrx_word' id='word_1_176' title='bbox 1343 2624 1746 2691; x_wconf 83' lang='grc' dir='ltr'>αἰτιασάμενος,</span> 
     </span>
    </p>
   </div>
   <div class='ocr_carea' id='block_1_26' title="bbox 192 2715 1748 2788">
    <p class='ocr_par' dir='ltr' id='par_1_26' title="bbox 192 2715 1748 2788">
     <span class='ocr_line' id='line_1_26' title="bbox 192 2715 1748 2788; baseline -0.001 -19"><span class='ocrx_word' id='word_1_177' title='bbox 192 2718 581 2788; x_wconf 78' lang='grc' dir='ltr'>περιελαύνων,</span> <span class='ocrx_word' id='word_1_178' title='bbox 620 2718 715 2769; x_wconf 78' lang='grc' dir='ltr'><strong>καὶ</strong></span> <span class='ocrx_word' id='word_1_179' title='bbox 742 2716 958 2781; x_wconf 79' lang='grc' dir='ltr'>ὲξωθῶν</span> <span class='ocrx_word' id='word_1_180' title='bbox 978 2753 993 2777; x_wconf 87' lang='grc'><strong>,</strong></span> <span class='ocrx_word' id='word_1_181' title='bbox 1022 2717 1116 2768; x_wconf 84' lang='grc' dir='ltr'>καὶ</span> <span class='ocrx_word' id='word_1_182' title='bbox 1142 2715 1312 2768; x_wconf 66' lang='grc' dir='ltr'>ἕλκων</span> <span class='ocrx_word' id='word_1_183' title='bbox 1338 2715 1443 2779; x_wconf 86' lang='grc' dir='ltr'>ἁεί,</span> <span class='ocrx_word' id='word_1_184' title='bbox 1484 2716 1576 2768; x_wconf 84' lang='grc' dir='ltr'><strong>καὶ</strong></span> <span class='ocrx_word' id='word_1_185' title='bbox 1610 2734 1748 2767; x_wconf 89' lang='grc' dir='ltr'>σπα-</span> 
     </span>
    </p>
   </div>
   <div class='ocr_carea' id='block_1_27' title="bbox 196 2807 1747 2881">
    <p class='ocr_par' dir='ltr' id='par_1_27' title="bbox 196 2807 1747 2881">
     <span class='ocr_line' id='line_1_27' title="bbox 196 2807 1747 2881; baseline -0.002 -19"><span class='ocrx_word' id='word_1_186' title='bbox 196 2812 426 2881; x_wconf 87' lang='grc' dir='ltr'>ράσσων,</span> <span class='ocrx_word' id='word_1_187' title='bbox 483 2811 544 2861; x_wconf 78' lang='grc' dir='ltr'>οὐ</span> <span class='ocrx_word' id='word_1_188' title='bbox 588 2810 851 2878; x_wconf 85' lang='grc' dir='ltr'>πρότερον</span> <span class='ocrx_word' id='word_1_189' title='bbox 901 2807 1188 2870; x_wconf 80' lang='grc' dir='ltr'>παύσεται,</span> <span class='ocrx_word' id='word_1_190' title='bbox 1222 2807 1349 2877; x_wconf 70' lang='grc' dir='ltr'>πρὶν</span> <span class='ocrx_word' id='word_1_191' title='bbox 1395 2807 1459 2860; x_wconf 89' lang='grc' dir='ltr'><strong>ἂν</strong></span> <span class='ocrx_word' id='word_1_192' title='bbox 1491 2808 1747 2877; x_wconf 81' lang='grc' dir='ltr'>ἐπαγάγῃ</span> 
     </span>
    </p>
   </div>
   <div class='ocr_carea' id='block_1_28' title="bbox 191 2897 1749 2971">
    <p class='ocr_par' dir='ltr' id='par_1_28' title="bbox 191 2897 1749 2971">
     <span class='ocr_line' id='line_1_28' title="bbox 191 2897 1749 2971; baseline -0.003 -17"><span class='ocrx_word' id='word_1_193' title='bbox 191 2904 372 2963; x_wconf 76' lang='grc' dir='ltr'>αὐτοῖς</span> <span class='ocrx_word' id='word_1_194' title='bbox 401 2901 650 2971; x_wconf 85' lang='grc' dir='ltr'>ἀνάγκην</span> <span class='ocrx_word' id='word_1_195' title='bbox 682 2900 1117 2960; x_wconf 77' lang='grc' dir='ltr'>ἐπαναστάσεως.</span> <span class='ocrx_word' id='word_1_196' title='bbox 1172 2899 1234 2950; x_wconf 88' lang='grc' dir='ltr'><strong>Τί</strong></span> <span class='ocrx_word' id='word_1_197' title='bbox 1286 2897 1461 2951; x_wconf 86' lang='grc' dir='ltr'>τοίνυν</span> <span class='ocrx_word' id='word_1_198' title='bbox 1507 2899 1749 2950; x_wconf 78' lang='grc' dir='ltr'>Ναϐουθὲ</span> 
     </span>
    </p>
   </div>
   <div class='ocr_carea' id='block_1_29' title="bbox 192 2989 1749 3063">
    <p class='ocr_par' dir='ltr' id='par_1_29' title="bbox 192 2989 1749 3063">
     <span class='ocr_line' id='line_1_29' title="bbox 192 2989 1749 3063; baseline -0.003 -17"><span class='ocrx_word' id='word_1_199' title='bbox 192 2993 275 3046; x_wconf 76' lang='grc' dir='ltr'><strong>τὸν</strong></span> <span class='ocrx_word' id='word_1_200' title='bbox 318 2994 659 3063; x_wconf 81' lang='grc' dir='ltr'>Ἰσραηλίτην</span> <span class='ocrx_word' id='word_1_201' title='bbox 700 2992 1021 3044; x_wconf 81' lang='grc' dir='ltr'>ἀπέκτεινεν</span> <span class='ocrx_word' id='word_1_202' title='bbox 1047 3008 1059 3053; x_wconf 93' lang='grc'>;</span> <span class='ocrx_word' id='word_1_203' title='bbox 1084 2989 1203 3057; x_wconf 70' lang='grc' dir='ltr'>οὐχὶ</span> <span class='ocrx_word' id='word_1_204' title='bbox 1237 2989 1327 3041; x_wconf 90' lang='grc' dir='ltr'><strong>τοῦ</strong></span> <span class='ocrx_word' id='word_1_205' title='bbox 1386 2990 1588 3057; x_wconf 78' lang='grc' dir='ltr'>Ἀχαάϐ</span> <span class='ocrx_word' id='word_1_206' title='bbox 1628 2992 1749 3041; x_wconf 77' lang='grc' dir='ltr'>ἐπι-</span> 
     </span>
    </p>
   </div>
   <div class='ocr_carea' id='block_1_30' title="bbox 191 3081 1745 3156">
    <p class='ocr_par' dir='ltr' id='par_1_30' title="bbox 191 3081 1745 3156">
     <span class='ocr_line' id='line_1_30' title="bbox 191 3081 1745 3156; baseline -0.003 -19"><span class='ocrx_word' id='word_1_207' title='bbox 191 3086 356 3156; x_wconf 85' lang='grc' dir='ltr'>θυμία</span> <span class='ocrx_word' id='word_1_208' title='bbox 400 3086 493 3139; x_wconf 86' lang='grc' dir='ltr'><strong>τοῦ</strong></span> <span class='ocrx_word' id='word_1_209' title='bbox 543 3084 889 3153; x_wconf 76' lang='grc' dir='ltr'>ἁμπελῶνοςς</span> <span class='ocrx_word' id='word_1_210' title='bbox 942 3083 1176 3152; x_wconf 85' lang='grc' dir='ltr'>Πονηρὸς</span> <span class='ocrx_word' id='word_1_211' title='bbox 1220 3083 1278 3132; x_wconf 84' lang='grc' dir='ltr'><strong>ἐν</strong></span> <span class='ocrx_word' id='word_1_212' title='bbox 1300 3081 1449 3133; x_wconf 87' lang='grc' dir='ltr'>πόλει</span> <span class='ocrx_word' id='word_1_213' title='bbox 1482 3081 1745 3143; x_wconf 79' lang='grc' dir='ltr'>σύνοικος,</span> 
     </span>
    </p>
   </div>
   <div class='ocr_carea' id='block_1_31' title="bbox 190 3169 1749 3247">
    <p class='ocr_par' dir='ltr' id='par_1_31' title="bbox 190 3169 1749 3247">
     <span class='ocr_line' id='line_1_31' title="bbox 190 3169 1749 3247; baseline -0.003 -18"><span class='ocrx_word' id='word_1_214' title='bbox 190 3178 418 3247; x_wconf 81' lang='grc' dir='ltr'>πονηρὸς</span> <span class='ocrx_word' id='word_1_215' title='bbox 448 3180 503 3229; x_wconf 80' lang='grc' dir='ltr'>ὲν</span> <span class='ocrx_word' id='word_1_216' title='bbox 537 3178 725 3245; x_wconf 84' lang='grc' dir='ltr'>ἀγροῖς</span> <span class='ocrx_word' id='word_1_217' title='bbox 752 3178 777 3228; x_wconf 90' lang='lat'><strong>6</strong></span> <span class='ocrx_word' id='word_1_218' title='bbox 803 3175 1149 3241; x_wconf 86' lang='grc' dir='ltr'>πλεονέκτης.</span> <span class='ocrx_word' id='word_1_219' title='bbox 1192 3174 1254 3225; x_wconf 84' lang='grc' dir='ltr'><strong>Ἡ</strong></span> <span class='ocrx_word' id='word_1_220' title='bbox 1278 3174 1516 3225; x_wconf 79' lang='grc' dir='ltr'>Θάλασσα</span> <span class='ocrx_word' id='word_1_221' title='bbox 1544 3169 1650 3225; x_wconf 82' lang='grc' dir='ltr'>οἶδε</span> <span class='ocrx_word' id='word_1_222' title='bbox 1683 3173 1749 3225; x_wconf 73' lang='grc' dir='ltr'>τὰ</span> 
     </span>
    </p>
   </div>
   <div class='ocr_carea' id='block_1_32' title="bbox 188 3264 1747 3340">
    <p class='ocr_par' dir='ltr' id='par_1_32' title="bbox 188 3264 1747 3340">
     <span class='ocr_line' id='line_1_32' title="bbox 188 3264 1747 3340; baseline -0.003 -19"><span class='ocrx_word' id='word_1_223' title='bbox 188 3274 308 3340; x_wconf 77' lang='grc' dir='ltr'>ὅρια</span> <span class='ocrx_word' id='word_1_224' title='bbox 342 3271 574 3337; x_wconf 80' lang='grc' dir='ltr'>ἑαυτῆς,</span> <span class='ocrx_word' id='word_1_225' title='bbox 622 3272 655 3337; x_wconf 81' lang='grc' dir='ltr'>ἡ</span> <span class='ocrx_word' id='word_1_226' title='bbox 708 3269 803 3330; x_wconf 71' lang='grc' dir='ltr'><strong>νὺξ</strong></span> <span class='ocrx_word' id='word_1_227' title='bbox 835 3268 931 3334; x_wconf 78' lang='grc' dir='ltr'><strong>οὐχ</strong></span> <span class='ocrx_word' id='word_1_228' title='bbox 970 3264 1284 3334; x_wconf 76' lang='grc' dir='ltr'>ὑπερϐαίνει</span> <span class='ocrx_word' id='word_1_229' title='bbox 1326 3264 1604 3332; x_wconf 76' lang='grc' dir='ltr'>ὁροθεσίας</span> <span class='ocrx_word' id='word_1_230' title='bbox 1646 3267 1747 3332; x_wconf 83' lang='grc' dir='ltr'>άρ-</span> 
     </span>
    </p>
   </div>
   <div class='ocr_carea' id='block_1_33' title="bbox 191 3357 1747 3431">
    <p class='ocr_par' dir='ltr' id='par_1_33' title="bbox 191 3357 1747 3431">
     <span class='ocr_line' id='line_1_33' title="bbox 191 3357 1747 3431; baseline -0.004 -18"><span class='ocrx_word' id='word_1_231' title='bbox 191 3364 345 3431; x_wconf 78' lang='grc' dir='ltr'>χαίας</span> <span class='ocrx_word' id='word_1_232' title='bbox 372 3379 382 3391; x_wconf 94' lang='grc'><strong>·</strong></span> <span class='ocrx_word' id='word_1_233' title='bbox 420 3363 447 3414; x_wconf 89' lang='grc' dir='ltr'>ὁ</span> <span class='ocrx_word' id='word_1_234' title='bbox 476 3359 801 3426; x_wconf 85' lang='grc' dir='ltr'>πλεονέκτης</span> <span class='ocrx_word' id='word_1_235' title='bbox 835 3360 933 3408; x_wconf 75' lang='grc' dir='ltr'><strong>οὐκ</strong></span> <span class='ocrx_word' id='word_1_236' title='bbox 960 3357 1183 3407; x_wconf 77' lang='grc' dir='ltr'>αἰδεῖται</span> <span class='ocrx_word' id='word_1_237' title='bbox 1209 3357 1417 3424; x_wconf 83' lang='grc' dir='ltr'>χρόνον,</span> <span class='ocrx_word' id='word_1_238' title='bbox 1451 3357 1511 3407; x_wconf 78' lang='grc' dir='ltr'><strong>οῦ</strong></span> <span class='ocrx_word' id='word_1_239' title='bbox 1545 3357 1747 3428; x_wconf 82' lang='grc' dir='ltr'>γνωρί-</span> 
     </span>
    </p>
   </div>
   <div class='ocr_carea' id='block_1_34' title="bbox 189 3446 1747 3523">
    <p class='ocr_par' dir='ltr' id='par_1_34' title="bbox 189 3446 1747 3523">
     <span class='ocr_line' id='line_1_34' title="bbox 189 3446 1747 3523; baseline -0.002 -20"><span class='ocrx_word' id='word_1_240' title='bbox 189 3456 265 3517; x_wconf 76' lang='grc' dir='ltr'>ζει</span> <span class='ocrx_word' id='word_1_241' title='bbox 297 3456 447 3523; x_wconf 82' lang='grc' dir='ltr'>ὅρον,</span> <span class='ocrx_word' id='word_1_242' title='bbox 483 3453 543 3503; x_wconf 81' lang='grc' dir='ltr'><strong>οὐ</strong></span> <span class='ocrx_word' id='word_1_243' title='bbox 578 3451 849 3519; x_wconf 87' lang='grc' dir='ltr'>συγχωρεῖ</span> <span class='ocrx_word' id='word_1_244' title='bbox 877 3447 1170 3517; x_wconf 77' lang='grc' dir='ltr'>ἀκολουθίᾳ</span> <span class='ocrx_word' id='word_1_245' title='bbox 1192 3447 1464 3515; x_wconf 76' lang='grc' dir='ltr'>διαδοχῆς,</span> <span class='ocrx_word' id='word_1_246' title='bbox 1492 3446 1625 3500; x_wconf 83' lang='grc' dir='ltr'>ἀλλά</span> <span class='ocrx_word' id='word_1_247' title='bbox 1657 3466 1747 3516; x_wconf 76' lang='grc' dir='ltr'>μιο</span> 
     </span>
    </p>
   </div>
   <div class='ocr_carea' id='block_1_35' title="bbox 192 3539 1746 3612">
    <p class='ocr_par' dir='ltr' id='par_1_35' title="bbox 192 3539 1746 3612">
     <span class='ocr_line' id='line_1_35' title="bbox 192 3539 1746 3612; baseline -0.005 -16"><span class='ocrx_word' id='word_1_248' title='bbox 192 3549 371 3612; x_wconf 87' lang='grc' dir='ltr'>μείται</span> <span class='ocrx_word' id='word_1_249' title='bbox 402 3543 494 3595; x_wconf 90' lang='grc' dir='ltr'><strong>τοῦ</strong></span> <span class='ocrx_word' id='word_1_250' title='bbox 530 3543 697 3611; x_wconf 84' lang='grc' dir='ltr'>πυρὸς</span> <span class='ocrx_word' id='word_1_251' title='bbox 742 3542 841 3610; x_wconf 83' lang='grc' dir='ltr'>τὴν</span> <span class='ocrx_word' id='word_1_252' title='bbox 886 3540 1007 3609; x_wconf 78' lang='grc' dir='ltr'>βίαν</span> <span class='ocrx_word' id='word_1_253' title='bbox 1029 3556 1042 3568; x_wconf 87' lang='grc'>·</span> <span class='ocrx_word' id='word_1_254' title='bbox 1073 3540 1249 3591; x_wconf 87' lang='grc' dir='ltr'>πάντα</span> <span class='ocrx_word' id='word_1_255' title='bbox 1298 3539 1746 3608; x_wconf 76' lang='grc' dir='ltr'>ἐπιλαμϐάνεται,</span> 
     </span>
    </p>
   </div>
   <div class='ocr_carea' id='block_1_36' title="bbox 190 3632 1749 3703">
    <p class='ocr_par' dir='ltr' id='par_1_36' title="bbox 190 3632 1749 3703">
     <span class='ocr_line' id='line_1_36' title="bbox 190 3632 1749 3703; baseline -0.004 -14"><span class='ocrx_word' id='word_1_256' title='bbox 190 3640 368 3690; x_wconf 85' lang='grc' dir='ltr'>πάντα</span> <span class='ocrx_word' id='word_1_257' title='bbox 402 3636 741 3703; x_wconf 78' lang='grc' dir='ltr'>ἐπινέμεται.</span> <span class='ocrx_word' id='word_1_258' title='bbox 761 3633 873 3686; x_wconf 74' lang='grc' dir='ltr'><strong>Καὶ</strong></span> <span class='ocrx_word' id='word_1_259' title='bbox 899 3634 1086 3702; x_wconf 80' lang='grc' dir='ltr'>ὥσπερ</span> <span class='ocrx_word' id='word_1_260' title='bbox 1110 3634 1158 3683; x_wconf 78' lang='lat' dir='ltr'><strong>oi</strong></span> <span class='ocrx_word' id='word_1_261' title='bbox 1193 3632 1426 3701; x_wconf 76' lang='grc' dir='ltr'>ποταμοὶ</span> <span class='ocrx_word' id='word_1_262' title='bbox 1454 3634 1518 3684; x_wconf 84' lang='grc' dir='ltr'><strong>ἐκ</strong></span> <span class='ocrx_word' id='word_1_263' title='bbox 1546 3635 1749 3701; x_wconf 78' lang='grc' dir='ltr'>μικρᾶς</span> 
     </span>
    </p>
   </div>
   <div class='ocr_carea' id='block_1_37' title="bbox 188 3720 1749 3800">
    <p class='ocr_par' dir='ltr' id='par_1_37' title="bbox 188 3720 1749 3800">
     <span class='ocr_line' id='line_1_37' title="bbox 188 3720 1749 3800; baseline -0.002 -20"><span class='ocrx_word' id='word_1_264' title='bbox 188 3731 281 3800; x_wconf 73' lang='grc' dir='ltr'>τῆς</span> <span class='ocrx_word' id='word_1_265' title='bbox 308 3728 532 3800; x_wconf 78' lang='grc' dir='ltr'>πρώτης</span> <span class='ocrx_word' id='word_1_266' title='bbox 562 3728 735 3797; x_wconf 81' lang='grc' dir='ltr'>ἀρχῆς</span> <span class='ocrx_word' id='word_1_267' title='bbox 760 3725 1109 3797; x_wconf 77' lang='grc' dir='ltr'>ὁρμηθέντες,</span> <span class='ocrx_word' id='word_1_268' title='bbox 1138 3720 1256 3777; x_wconf 83' lang='grc' dir='ltr'>εἶτα</span> <span class='ocrx_word' id='word_1_269' title='bbox 1285 3727 1404 3787; x_wconf 87' lang='grc' dir='ltr'>ταῖς</span> <span class='ocrx_word' id='word_1_270' title='bbox 1431 3726 1547 3777; x_wconf 84' lang='grc' dir='ltr'>κατ’</span> <span class='ocrx_word' id='word_1_271' title='bbox 1572 3723 1749 3793; x_wconf 83' lang='grc' dir='ltr'>ὀλίγον</span> 
     </span>
    </p>
   </div>
   <div class='ocr_carea' id='block_1_38' title="bbox 188 3814 1750 3891">
    <p class='ocr_par' dir='ltr' id='par_1_38' title="bbox 188 3814 1750 3891">
     <span class='ocr_line' id='line_1_38' title="bbox 188 3814 1750 3891; baseline -0.004 -19"><span class='ocrx_word' id='word_1_272' title='bbox 188 3822 528 3891; x_wconf 82' lang='grc' dir='ltr'>προσθήκαις</span> <span class='ocrx_word' id='word_1_273' title='bbox 558 3819 926 3871; x_wconf 82' lang='grc' dir='ltr'>ἀνυπόστατον</span> <span class='ocrx_word' id='word_1_274' title='bbox 953 3816 1206 3877; x_wconf 77' lang='grc' dir='ltr'>λαϐόντες</span> <span class='ocrx_word' id='word_1_275' title='bbox 1245 3815 1343 3885; x_wconf 86' lang='grc' dir='ltr'><strong>τὴν</strong></span> <span class='ocrx_word' id='word_1_276' title='bbox 1387 3814 1636 3883; x_wconf 75' lang='grc' dir='ltr'>αὔξησιν,</span> <span class='ocrx_word' id='word_1_277' title='bbox 1671 3816 1750 3885; x_wconf 83' lang='grc' dir='ltr'>τῷ</span> 
     </span>
    </p>
   </div>
   <div class='ocr_carea' id='block_1_39' title="bbox 188 3905 1549 3984">
    <p class='ocr_par' dir='ltr' id='par_1_39' title="bbox 188 3905 1549 3984">
     <span class='ocr_line' id='line_1_39' title="bbox 188 3905 1549 3984; baseline -0.004 -18"><span class='ocrx_word' id='word_1_278' title='bbox 188 3915 346 3984; x_wconf 74' lang='grc' dir='ltr'>βιαίῳ</span> <span class='ocrx_word' id='word_1_279' title='bbox 378 3911 474 3980; x_wconf 84' lang='grc' dir='ltr'>τῆς</span> <span class='ocrx_word' id='word_1_280' title='bbox 504 3911 672 3981; x_wconf 81' lang='grc' dir='ltr'>φορᾶς</span> <span class='ocrx_word' id='word_1_281' title='bbox 701 3910 759 3961; x_wconf 81' lang='grc' dir='ltr'><strong>τὸ</strong></span> <span class='ocrx_word' id='word_1_282' title='bbox 779 3908 1123 3979; x_wconf 74' lang='grc' dir='ltr'>ἐνιστάμενον</span> <span class='ocrx_word' id='word_1_283' title='bbox 1152 3905 1549 3977; x_wconf 84' lang='grc' dir='ltr'>παρασύρουσι.</span> 
     </span>
    </p>
   </div>
   <div class='ocr_carea' id='block_1_40' title="bbox 250 4172 1751 4247">
    <p class='ocr_par' dir='ltr' id='par_1_40' title="bbox 250 4172 1751 4247">
     <span class='ocr_line' id='line_1_40' title="bbox 250 4172 1751 4247; baseline -0.003 -17"><span class='ocrx_word' id='word_1_284' title='bbox 250 4180 313 4231; x_wconf 84' lang='grc' dir='ltr'>Τί</span> <span class='ocrx_word' id='word_1_285' title='bbox 333 4173 425 4229; x_wconf 76' lang='grc' dir='ltr'>οὖν</span> <span class='ocrx_word' id='word_1_286' title='bbox 446 4176 582 4247; x_wconf 78' lang='grc' dir='ltr'>μετὰ</span> <span class='ocrx_word' id='word_1_287' title='bbox 602 4175 771 4228; x_wconf 86' lang='grc' dir='ltr'>ταῦτα</span> <span class='ocrx_word' id='word_1_288' title='bbox 798 4173 959 4244; x_wconf 70' lang='grc' dir='ltr'>;Οίιχὶ</span> <span class='ocrx_word' id='word_1_289' title='bbox 980 4174 1127 4243; x_wconf 85' lang='grc' dir='ltr'>τρεῖς</span> <span class='ocrx_word' id='word_1_290' title='bbox 1143 4190 1203 4225; x_wconf 91' lang='grc' dir='ltr'><strong>σε</strong></span> <span class='ocrx_word' id='word_1_291' title='bbox 1229 4174 1422 4245; x_wconf 79' lang='grc' dir='ltr'>πήχεις</span> <span class='ocrx_word' id='word_1_292' title='bbox 1452 4172 1751 4243; x_wconf 86' lang='grc' dir='ltr'>ἀναμένου-</span> 
     </span>
    </p>
   </div>
   <div class='ocr_carea' id='block_1_41' title="bbox 186 4264 1752 4337">
    <p class='ocr_par' dir='ltr' id='par_1_41' title="bbox 186 4264 1752 4337">
     <span class='ocr_line' id='line_1_41' title="bbox 186 4264 1752 4337; baseline -0.004 -14"><span class='ocrx_word' id='word_1_293' title='bbox 186 4290 266 4323; x_wconf 90' lang='grc' dir='ltr'><strong>σιν</strong></span> <span class='ocrx_word' id='word_1_294' title='bbox 284 4272 335 4323; x_wconf 89' lang='grc' dir='ltr'><strong>οί</strong></span> <span class='ocrx_word' id='word_1_295' title='bbox 358 4272 555 4331; x_wconf 89' lang='grc' dir='ltr'>πάντες</span> <span class='ocrx_word' id='word_1_296' title='bbox 574 4288 588 4333; x_wconf 89' lang='grc'>;</span> <span class='ocrx_word' id='word_1_297' title='bbox 607 4270 727 4337; x_wconf 71' lang='grc' dir='ltr'>ουχὶ</span> <span class='ocrx_word' id='word_1_298' title='bbox 758 4268 922 4320; x_wconf 89' lang='grc' dir='ltr'>λίθων</span> <span class='ocrx_word' id='word_1_299' title='bbox 949 4266 1142 4334; x_wconf 77' lang='grc' dir='ltr'>ὀλίγων</span> <span class='ocrx_word' id='word_1_300' title='bbox 1166 4266 1329 4336; x_wconf 79' lang='grc' dir='ltr'>βάρος</span> <span class='ocrx_word' id='word_1_301' title='bbox 1352 4266 1572 4336; x_wconf 83' lang='grc' dir='ltr'>ἀρκέσει</span> <span class='ocrx_word' id='word_1_302' title='bbox 1614 4264 1752 4334; x_wconf 74' lang='grc' dir='ltr'>πρὸς</span> 
     </span>
    </p>
   </div>
   <div class='ocr_carea' id='block_1_42' title="bbox 185 4350 1749 4432">
    <p class='ocr_par' dir='ltr' id='par_1_42' title="bbox 185 4350 1749 4432">
     <span class='ocr_line' id='line_1_42' title="bbox 185 4350 1749 4432; baseline -0.004 -17"><span class='ocrx_word' id='word_1_303' title='bbox 185 4350 431 4432; x_wconf 67' lang='grc' dir='ltr'>φυλακὴν</span> <span class='ocrx_word' id='word_1_304' title='bbox 448 4365 510 4431; x_wconf 84' lang='grc' dir='ltr'>τῇ</span> <span class='ocrx_word' id='word_1_305' title='bbox 530 4362 775 4431; x_wconf 81' lang='grc' dir='ltr'>δυστήνῳ</span> <span class='ocrx_word' id='word_1_306' title='bbox 797 4358 985 4429; x_wconf 87' lang='grc' dir='ltr'>σαρκί;</span> <span class='ocrx_word' id='word_1_307' title='bbox 1006 4358 1143 4429; x_wconf 74' lang='grc' dir='ltr'>ὑπὲρ</span> <span class='ocrx_word' id='word_1_308' title='bbox 1162 4359 1304 4419; x_wconf 77' lang='grc' dir='ltr'>τίνος</span> <span class='ocrx_word' id='word_1_309' title='bbox 1333 4357 1550 4428; x_wconf 86' lang='grc' dir='ltr'>μοχθεῖς</span> <span class='ocrx_word' id='word_1_310' title='bbox 1574 4376 1588 4423; x_wconf 90' lang='grc'><strong>;</strong></span> <span class='ocrx_word' id='word_1_311' title='bbox 1608 4358 1749 4428; x_wconf 77' lang='grc' dir='ltr'>ὑπὲρ</span> 
     </span>
    </p>
   </div>
   <div class='ocr_carea' id='block_1_43' title="bbox 183 4444 1749 4523">
    <p class='ocr_par' dir='ltr' id='par_1_43' title="bbox 183 4444 1749 4523">
     <span class='ocr_line' id='line_1_43' title="bbox 183 4444 1749 4523; baseline -0.005 -16"><span class='ocrx_word' id='word_1_312' title='bbox 183 4458 323 4518; x_wconf 87' lang='grc' dir='ltr'>τίνος</span> <span class='ocrx_word' id='word_1_313' title='bbox 352 4455 711 4523; x_wconf 79' lang='grc' dir='ltr'>παρανομεῖς;</span> <span class='ocrx_word' id='word_1_314' title='bbox 735 4452 785 4502; x_wconf 87' lang='grc' dir='ltr'><strong>τί</strong></span> <span class='ocrx_word' id='word_1_315' title='bbox 808 4452 1055 4517; x_wconf 86' lang='grc' dir='ltr'>συνάγεις</span> <span class='ocrx_word' id='word_1_316' title='bbox 1102 4450 1286 4519; x_wconf 68' lang='grc' dir='ltr'>χερσὶν</span> <span class='ocrx_word' id='word_1_317' title='bbox 1316 4449 1614 4519; x_wconf 81' lang='grc' dir='ltr'>ἁκαρπίαν;</span> <span class='ocrx_word' id='word_1_318' title='bbox 1638 4444 1749 4500; x_wconf 86' lang='grc' dir='ltr'>εἱθε</span> 
     </span>
    </p>
   </div>
   <div class='ocr_carea' id='block_1_44' title="bbox 1850 606 3403 678">
    <p class='ocr_par' dir='ltr' id='par_1_44' title="bbox 1850 606 3403 678">
     <span class='ocr_line' id='line_1_44' title="bbox 1850 606 3403 678; baseline 0.001 -17"><span class='ocrx_word' id='word_1_319' title='bbox 1850 616 1963 661; x_wconf 93' lang='lat' dir='ltr'><strong>tum</strong></span> <span class='ocrx_word' id='word_1_320' title='bbox 1999 606 2265 677; x_wconf 79' lang='lat' dir='ltr'><strong>negligis?</strong></span> <span class='ocrx_word' id='word_1_321' title='bbox 2318 613 2409 678; x_wconf 85' lang='lat' dir='ltr'><strong>qui</strong></span> <span class='ocrx_word' id='word_1_322' title='bbox 2467 610 2797 663; x_wconf 70' lang='lat' dir='ltr'><strong>frumentum</strong></span> <span class='ocrx_word' id='word_1_323' title='bbox 2847 609 3129 678; x_wconf 87' lang='lat' dir='ltr'><strong>corrumpi</strong></span> <span class='ocrx_word' id='word_1_324' title='bbox 3166 609 3325 673; x_wconf 85' lang='lat' dir='ltr'><strong>sinis,</strong></span> <span class='ocrx_word' id='word_1_325' title='bbox 3356 622 3403 665; x_wconf 84' lang='lat' dir='ltr'><strong>et</strong></span> 
     </span>
    </p>
   </div>
   <div class='ocr_carea' id='block_1_45' title="bbox 1849 698 3407 772">
    <p class='ocr_par' dir='ltr' id='par_1_45' title="bbox 1849 698 3407 772">
     <span class='ocr_line' id='line_1_45' title="bbox 1849 698 3407 772; baseline 0.001 -19"><span class='ocrx_word' id='word_1_326' title='bbox 1849 699 1991 753; x_wconf 77' lang='lat' dir='ltr'><strong>fame</strong></span> <span class='ocrx_word' id='word_1_327' title='bbox 2025 698 2333 755; x_wconf 89' lang='lat' dir='ltr'><strong>laborantes</strong></span> <span class='ocrx_word' id='word_1_328' title='bbox 2374 700 2539 772; x_wconf 66' lang='grc'><strong>486</strong></span> <span class='ocrx_word' id='word_1_329' title='bbox 2577 716 2685 755; x_wconf 91' lang='lat' dir='ltr'><strong>non</strong></span> <span class='ocrx_word' id='word_1_330' title='bbox 2736 702 2883 755; x_wconf 89' lang='lat' dir='ltr'><strong>alis?</strong></span> <span class='ocrx_word' id='word_1_331' title='bbox 2912 702 3027 771; x_wconf 92' lang='lat' dir='ltr'><strong>qui,</strong></span> <span class='ocrx_word' id='word_1_332' title='bbox 3056 716 3181 756; x_wconf 93' lang='lat' dir='ltr'><strong>cum</strong></span> <span class='ocrx_word' id='word_1_333' title='bbox 3218 717 3407 757; x_wconf 85' lang='lat' dir='ltr'><strong>aurum</strong></span> 
     </span>
    </p>
   </div>
   <div class='ocr_carea' id='block_1_46' title="bbox 1851 790 3409 863">
    <p class='ocr_par' dir='ltr' id='par_1_46' title="bbox 1851 790 3409 863">
     <span class='ocr_line' id='line_1_46' title="bbox 1851 790 3409 863; baseline 0.003 -19"><span class='ocrx_word' id='word_1_334' title='bbox 1851 800 2009 845; x_wconf 79' lang='lat' dir='ltr'><strong>terrae</strong></span> <span class='ocrx_word' id='word_1_335' title='bbox 2063 790 2318 859; x_wconf 80' lang='lat' dir='ltr'><strong>infodias,</strong></span> <span class='ocrx_word' id='word_1_336' title='bbox 2354 808 2480 847; x_wconf 91' lang='lat' dir='ltr'><strong>eum</strong></span> <span class='ocrx_word' id='word_1_337' title='bbox 2531 794 2626 863; x_wconf 88' lang='lat' dir='ltr'><strong>qui</strong></span> <span class='ocrx_word' id='word_1_338' title='bbox 2682 794 2825 848; x_wconf 77' lang='lat' dir='ltr'><strong>fame</strong></span> <span class='ocrx_word' id='word_1_339' title='bbox 2856 794 3183 863; x_wconf 73' lang='lat' dir='ltr'><strong>pr&#39;efocatur</strong></span> <span class='ocrx_word' id='word_1_340' title='bbox 3225 810 3409 850; x_wconf 76' lang='lat' dir='ltr'><strong>asner-</strong></span> 
     </span>
    </p>
   </div>
   <div class='ocr_carea' id='block_1_47' title="bbox 1849 885 2038 938">
    <p class='ocr_par' dir='ltr' id='par_1_47' title="bbox 1849 885 2038 938">
     <span class='ocr_line' id='line_1_47' title="bbox 1849 885 2038 938; baseline -0.011 0"><span class='ocrx_word' id='word_1_341' title='bbox 1849 885 2038 938; x_wconf 87' lang='lat' dir='ltr'><strong>naris?</strong></span> 
     </span>
    </p>
   </div>
   <div class='ocr_carea' id='block_1_48' title="bbox 1921 976 3408 1046">
    <p class='ocr_par' dir='ltr' id='par_1_48' title="bbox 1921 976 3408 1046">
     <span class='ocr_line' id='line_1_48' title="bbox 1921 976 3408 1046; baseline -0.001 -15"><span class='ocrx_word' id='word_1_342' title='bbox 1921 976 2062 1032; x_wconf 80' lang='lat' dir='ltr'><strong>Ibid.</strong></span> <span class='ocrx_word' id='word_1_343' title='bbox 2093 976 2658 1044; x_wconf 66' lang='lat' dir='ltr'><strong>~—Quemadmodum</strong></span> <span class='ocrx_word' id='word_1_344' title='bbox 2706 979 2798 1046; x_wconf 90' lang='lat' dir='ltr'><strong>qui</strong></span> <span class='ocrx_word' id='word_1_345' title='bbox 2850 976 3031 1032; x_wconf 89' lang='lat' dir='ltr'><strong>scalas</strong></span> <span class='ocrx_word' id='word_1_346' title='bbox 3082 978 3408 1039; x_wconf 89' lang='lat' dir='ltr'><strong>ascendunt,</strong></span> 
     </span>
    </p>
   </div>
   <div class='ocr_carea' id='block_1_49' title="bbox 1850 1067 3411 1137">
    <p class='ocr_par' dir='ltr' id='par_1_49' title="bbox 1850 1067 3411 1137">
     <span class='ocr_line' id='line_1_49' title="bbox 1850 1067 3411 1137; baseline 0.001 -17"><span class='ocrx_word' id='word_1_347' title='bbox 1850 1080 2064 1136; x_wconf 82' lang='lat' dir='ltr'><strong>semper</strong></span> <span class='ocrx_word' id='word_1_348' title='bbox 2098 1067 2165 1119; x_wconf 91' lang='lat' dir='ltr'><strong>ad</strong></span> <span class='ocrx_word' id='word_1_349' title='bbox 2204 1067 2577 1121; x_wconf 87' lang='lat' dir='ltr'><strong>sublimiorem</strong></span> <span class='ocrx_word' id='word_1_350' title='bbox 2624 1068 2848 1137; x_wconf 90' lang='lat' dir='ltr'><strong>gradum</strong></span> <span class='ocrx_word' id='word_1_351' title='bbox 2884 1067 3071 1134; x_wconf 86' lang='lat' dir='ltr'><strong>pedem</strong></span> <span class='ocrx_word' id='word_1_352' title='bbox 3101 1067 3411 1133; x_wconf 82' lang='lat' dir='ltr'><strong>elTerentes,</strong></span> 
     </span>
    </p>
   </div>
   <div class='ocr_carea' id='block_1_50' title="bbox 1850 1159 3412 1230">
    <p class='ocr_par' dir='ltr' id='par_1_50' title="bbox 1850 1159 3412 1230">
     <span class='ocr_line' id='line_1_50' title="bbox 1850 1159 3412 1230; baseline -0.003 -17"><span class='ocrx_word' id='word_1_353' title='bbox 1850 1173 1958 1213; x_wconf 85' lang='lat' dir='ltr'><strong>non</strong></span> <span class='ocrx_word' id='word_1_354' title='bbox 1993 1160 2145 1229; x_wconf 90' lang='lat' dir='ltr'><strong>prius</strong></span> <span class='ocrx_word' id='word_1_355' title='bbox 2170 1160 2478 1213; x_wconf 89' lang='lat' dir='ltr'><strong>consistunt</strong></span> <span class='ocrx_word' id='word_1_356' title='bbox 2507 1174 2671 1229; x_wconf 87' lang='lat' dir='ltr'><strong>quam</strong></span> <span class='ocrx_word' id='word_1_357' title='bbox 2719 1159 2787 1212; x_wconf 84' lang='lat' dir='ltr'><strong>ad</strong></span> <span class='ocrx_word' id='word_1_358' title='bbox 2842 1174 3155 1230; x_wconf 90' lang='lat' dir='ltr'><strong>supremum</strong></span> <span class='ocrx_word' id='word_1_359' title='bbox 3188 1160 3412 1228; x_wconf 86' lang='lat' dir='ltr'><strong>gradum</strong></span> 
     </span>
    </p>
   </div>
   <div class='ocr_carea' id='block_1_51' title="bbox 1849 1250 3416 1322">
    <p class='ocr_par' dir='ltr' id='par_1_51' title="bbox 1849 1250 3416 1322">
     <span class='ocr_line' id='line_1_51' title="bbox 1849 1250 3416 1322; baseline -0.003 -15"><span class='ocrx_word' id='word_1_360' title='bbox 1849 1254 2214 1322; x_wconf 77' lang='lat' dir='ltr'><strong>pervenerint,</strong></span> <span class='ocrx_word' id='word_1_361' title='bbox 2242 1253 2430 1306; x_wconf 86' lang='lat' dir='ltr'><strong>eodem</strong></span> <span class='ocrx_word' id='word_1_362' title='bbox 2463 1253 2625 1306; x_wconf 88' lang='lat' dir='ltr'><strong>modo</strong></span> <span class='ocrx_word' id='word_1_363' title='bbox 2672 1268 2771 1307; x_wconf 88' lang='lat' dir='ltr'><strong>nec</strong></span> <span class='ocrx_word' id='word_1_364' title='bbox 2812 1253 3009 1306; x_wconf 89' lang='lat' dir='ltr'><strong>divites</strong></span> <span class='ocrx_word' id='word_1_365' title='bbox 3043 1250 3416 1321; x_wconf 85' lang='lat' dir='ltr'><strong>congerenda-</strong></span> 
     </span>
    </p>
   </div>
   <div class='ocr_carea' id='block_1_52' title="bbox 1850 1342 3418 1412">
    <p class='ocr_par' dir='ltr' id='par_1_52' title="bbox 1850 1342 3418 1412">
     <span class='ocr_line' id='line_1_52' title="bbox 1850 1342 3418 1412; baseline -0.001 -15"><span class='ocrx_word' id='word_1_366' title='bbox 1850 1359 1968 1397; x_wconf 91' lang='lat' dir='ltr'><strong>rum</strong></span> <span class='ocrx_word' id='word_1_367' title='bbox 2001 1358 2162 1412; x_wconf 92' lang='lat' dir='ltr'><strong>opum</strong></span> <span class='ocrx_word' id='word_1_368' title='bbox 2186 1344 2343 1395; x_wconf 85' lang='lat' dir='ltr'><strong>linem</strong></span> <span class='ocrx_word' id='word_1_369' title='bbox 2369 1342 2594 1403; x_wconf 82' lang='lat' dir='ltr'><strong>faciunt,</strong></span> <span class='ocrx_word' id='word_1_370' title='bbox 2614 1358 2899 1412; x_wconf 87' lang='lat' dir='ltr'><strong>quousque</strong></span> <span class='ocrx_word' id='word_1_371' title='bbox 2927 1342 2979 1395; x_wconf 90' lang='lat' dir='ltr'><strong>in</strong></span> <span class='ocrx_word' id='word_1_372' title='bbox 2996 1343 3257 1395; x_wconf 90' lang='lat' dir='ltr'><strong>altissima</strong></span> <span class='ocrx_word' id='word_1_373' title='bbox 3290 1357 3418 1410; x_wconf 86' lang='lat' dir='ltr'><strong>pro-</strong></span> 
     </span>
    </p>
   </div>
   <div class='ocr_carea' id='block_1_53' title="bbox 1848 1432 3418 1502">
    <p class='ocr_par' dir='ltr' id='par_1_53' title="bbox 1848 1432 3418 1502">
     <span class='ocr_line' id='line_1_53' title="bbox 1848 1432 3418 1502; baseline 0 -17"><span class='ocrx_word' id='word_1_374' title='bbox 1848 1434 1985 1487; x_wconf 90' lang='lat' dir='ltr'><strong>vecti</strong></span> <span class='ocrx_word' id='word_1_375' title='bbox 2020 1449 2143 1486; x_wconf 91' lang='lat' dir='ltr'><strong>cum</strong></span> <span class='ocrx_word' id='word_1_376' title='bbox 2182 1434 2403 1497; x_wconf 80' lang='lat' dir='ltr'><strong>luerim,</strong></span> <span class='ocrx_word' id='word_1_377' title='bbox 2431 1448 2461 1486; x_wconf 94' lang='lat' dir='ltr'><strong>e</strong></span> <span class='ocrx_word' id='word_1_378' title='bbox 2495 1432 2713 1487; x_wconf 87' lang='lat' dir='ltr'><strong>sublimi</strong></span> <span class='ocrx_word' id='word_1_379' title='bbox 2744 1442 2992 1497; x_wconf 89' lang='lat' dir='ltr'><strong>ruentes,</strong></span> <span class='ocrx_word' id='word_1_380' title='bbox 3036 1433 3246 1502; x_wconf 84' lang='lat' dir='ltr'><strong>seipsos</strong></span> <span class='ocrx_word' id='word_1_381' title='bbox 3268 1447 3418 1487; x_wconf 88' lang='lat' dir='ltr'><strong>com-</strong></span> 
     </span>
    </p>
   </div>
   <div class='ocr_carea' id='block_1_54' title="bbox 1848 1525 2114 1577">
    <p class='ocr_par' dir='ltr' id='par_1_54' title="bbox 1848 1525 2114 1577">
     <span class='ocr_line' id='line_1_54' title="bbox 1848 1525 2114 1577; baseline 0 0"><span class='ocrx_word' id='word_1_382' title='bbox 1848 1525 2114 1577; x_wconf 77' lang='lat' dir='ltr'><strong>minuant.</strong></span> 
     </span>
    </p>
   </div>
   <div class='ocr_carea' id='block_1_55' title="bbox 1923 1614 3405 1688">
    <p class='ocr_par' dir='ltr' id='par_1_55' title="bbox 1923 1614 3405 1688">
     <span class='ocr_line' id='line_1_55' title="bbox 1923 1614 3405 1688; baseline 0.003 -21"><span class='ocrx_word' id='word_1_383' title='bbox 1923 1614 2060 1667; x_wconf 77' lang='lat' dir='ltr'><strong>Ibid.</strong></span> <span class='ocrx_word' id='word_1_384' title='bbox 2096 1644 2165 1653; x_wconf 84' lang='lat'><strong>—-</strong></span> <span class='ocrx_word' id='word_1_385' title='bbox 2194 1624 2467 1679; x_wconf 55' lang='lat' dir='ltr'><strong>quantum</strong></span> <span class='ocrx_word' id='word_1_386' title='bbox 2493 1615 2683 1668; x_wconf 92' lang='lat' dir='ltr'><strong>oculus</strong></span> <span class='ocrx_word' id='word_1_387' title='bbox 2725 1617 3007 1685; x_wconf 86' lang='lat' dir='ltr'><strong>prospicit,</strong></span> <span class='ocrx_word' id='word_1_388' title='bbox 3034 1624 3246 1670; x_wconf 86' lang='lat' dir='ltr'><strong>tantum</strong></span> <span class='ocrx_word' id='word_1_389' title='bbox 3278 1635 3405 1688; x_wconf 87' lang='lat' dir='ltr'><strong>quo-</strong></span> 
     </span>
    </p>
   </div>
   <div class='ocr_carea' id='block_1_56' title="bbox 1850 1707 3416 1777">
    <p class='ocr_par' dir='ltr' id='par_1_56' title="bbox 1850 1707 3416 1777">
     <span class='ocr_line' id='line_1_56' title="bbox 1850 1707 3416 1777; baseline 0.001 -16"><span class='ocrx_word' id='word_1_390' title='bbox 1850 1723 1955 1777; x_wconf 89' lang='lat' dir='ltr'><strong>que</strong></span> <span class='ocrx_word' id='word_1_391' title='bbox 1986 1723 2187 1760; x_wconf 84' lang='lat' dir='ltr'><strong>avarus</strong></span> <span class='ocrx_word' id='word_1_392' title='bbox 2210 1708 2573 1776; x_wconf 82' lang='lat' dir='ltr'><strong>concupiscit.</strong></span> <span class='ocrx_word' id='word_1_393' title='bbox 2606 1707 2717 1760; x_wconf 83' lang='lat' dir='ltr'><strong>Non</strong></span> <span class='ocrx_word' id='word_1_394' title='bbox 2748 1710 3038 1762; x_wconf 75' lang='lat' dir='ltr'><strong>satiabitur</strong></span> <span class='ocrx_word' id='word_1_395' title='bbox 3062 1712 3253 1764; x_wconf 89' lang='lat' dir='ltr'><strong>oculus</strong></span> <span class='ocrx_word' id='word_1_396' title='bbox 3276 1712 3416 1772; x_wconf 73' lang='lat' dir='ltr'><strong>visu,</strong></span> 
     </span>
    </p>
   </div>
   <div class='ocr_carea' id='block_1_57' title="bbox 1850 1799 3419 1869">
    <p class='ocr_par' dir='ltr' id='par_1_57' title="bbox 1850 1799 3419 1869">
     <span class='ocr_line' id='line_1_57' title="bbox 1850 1799 3419 1869; baseline 0 -15"><span class='ocrx_word' id='word_1_397' title='bbox 1850 1816 1950 1854; x_wconf 87' lang='lat' dir='ltr'><strong>nec</strong></span> <span class='ocrx_word' id='word_1_398' title='bbox 1984 1800 2471 1869; x_wconf 76' lang='lat' dir='ltr'><strong>pecunizecupidus</strong></span> <span class='ocrx_word' id='word_1_399' title='bbox 2496 1799 2816 1865; x_wconf 87' lang='lat' dir='ltr'><strong>accipiendo</strong></span> <span class='ocrx_word' id='word_1_400' title='bbox 2840 1801 3152 1853; x_wconf 81' lang='lat' dir='ltr'><strong>satiabitur.</strong></span> <span class='ocrx_word' id='word_1_401' title='bbox 3176 1800 3419 1869; x_wconf 77' lang='lat' dir='ltr'><strong>lnfernus</strong></span> 
     </span>
    </p>
   </div>
   <div class='ocr_carea' id='block_1_58' title="bbox 1850 1887 3421 1958">
    <p class='ocr_par' dir='ltr' id='par_1_58' title="bbox 1850 1887 3421 1958">
     <span class='ocr_line' id='line_1_58' title="bbox 1850 1887 3421 1958; baseline 0.001 -15"><span class='ocrx_word' id='word_1_402' title='bbox 1850 1905 2118 1958; x_wconf 87' lang='lat' dir='ltr'><strong>nunquam</strong></span> <span class='ocrx_word' id='word_1_403' title='bbox 2141 1889 2312 1941; x_wconf 74' lang='lat' dir='ltr'><strong>dixit:</strong></span> <span class='ocrx_word' id='word_1_404' title='bbox 2346 1887 2547 1956; x_wconf 67' lang='lat' dir='ltr'><strong>Sufﬁcit</strong></span> <span class='ocrx_word' id='word_1_405' title='bbox 2570 1887 2750 1957; x_wconf 64' lang='lat' dir='ltr'><strong>(Prov.</strong></span> <span class='ocrx_word' id='word_1_406' title='bbox 2780 1904 2906 1952; x_wconf 74' lang='lat' dir='ltr'><strong>xxx,</strong></span> <span class='ocrx_word' id='word_1_407' title='bbox 2944 1890 3066 1955; x_wconf 72' lang='lat'>16);</span> <span class='ocrx_word' id='word_1_408' title='bbox 3107 1906 3202 1944; x_wconf 88' lang='lat' dir='ltr'><strong>nec</strong></span> <span class='ocrx_word' id='word_1_409' title='bbox 3222 1907 3421 1945; x_wconf 86' lang='lat' dir='ltr'><strong>avarus</strong></span> 
     </span>
    </p>
   </div>
   <div class='ocr_carea' id='block_1_59' title="bbox 1849 1980 3423 2050">
    <p class='ocr_par' dir='ltr' id='par_1_59' title="bbox 1849 1980 3423 2050">
     <span class='ocr_line' id='line_1_59' title="bbox 1849 1980 3423 2050; baseline 0.001 -15"><span class='ocrx_word' id='word_1_410' title='bbox 1849 1981 1988 2035; x_wconf 82' lang='lat' dir='ltr'><strong>dixit</strong></span> <span class='ocrx_word' id='word_1_411' title='bbox 2020 1997 2257 2049; x_wconf 85' lang='lat' dir='ltr'><strong>unquam</strong></span> <span class='ocrx_word' id='word_1_412' title='bbox 2294 1982 2479 2035; x_wconf 88' lang='lat' dir='ltr'><strong>:Satis</strong></span> <span class='ocrx_word' id='word_1_413' title='bbox 2513 1990 2616 2035; x_wconf 88' lang='lat' dir='ltr'><strong>est.</strong></span> <span class='ocrx_word' id='word_1_414' title='bbox 2661 1980 2889 2045; x_wconf 83' lang='lat' dir='ltr'><strong>Quando</strong></span> <span class='ocrx_word' id='word_1_415' title='bbox 2920 1983 3280 2050; x_wconf 63' lang='lat' dir='ltr'><strong>praesentibus</strong></span> <span class='ocrx_word' id='word_1_416' title='bbox 3306 1994 3423 2036; x_wconf 81' lang='lat' dir='ltr'><strong>tan-</strong></span> 
     </span>
    </p>
   </div>
   <div class='ocr_carea' id='block_1_60' title="bbox 1850 2070 3419 2143">
    <p class='ocr_par' dir='ltr' id='par_1_60' title="bbox 1850 2070 3419 2143">
     <span class='ocr_line' id='line_1_60' title="bbox 1850 2070 3419 2143; baseline 0 -16"><span class='ocrx_word' id='word_1_417' title='bbox 1850 2072 1969 2127; x_wconf 91' lang='lat' dir='ltr'><strong>dem</strong></span> <span class='ocrx_word' id='word_1_418' title='bbox 2014 2073 2224 2126; x_wconf 88' lang='lat' dir='ltr'><strong>utcris?</strong></span> <span class='ocrx_word' id='word_1_419' title='bbox 2262 2072 2483 2141; x_wconf 85' lang='lat' dir='ltr'><strong>quando</strong></span> <span class='ocrx_word' id='word_1_420' title='bbox 2543 2072 2653 2125; x_wconf 89' lang='lat' dir='ltr'><strong>illis</strong></span> <span class='ocrx_word' id='word_1_421' title='bbox 2721 2070 2947 2134; x_wconf 80' lang='lat' dir='ltr'><strong>frueris,</strong></span> <span class='ocrx_word' id='word_1_422' title='bbox 2983 2073 3074 2140; x_wconf 88' lang='lat' dir='ltr'><strong>qui</strong></span> <span class='ocrx_word' id='word_1_423' title='bbox 3110 2088 3323 2143; x_wconf 86' lang='lat' dir='ltr'><strong>semper</strong></span> <span class='ocrx_word' id='word_1_424' title='bbox 3366 2074 3419 2127; x_wconf 88' lang='lat' dir='ltr'><strong>in</strong></span> 
     </span>
    </p>
   </div>
   <div class='ocr_carea' id='block_1_61' title="bbox 1849 2164 3423 2237">
    <p class='ocr_par' dir='ltr' id='par_1_61' title="bbox 1849 2164 3423 2237">
     <span class='ocr_line' id='line_1_61' title="bbox 1849 2164 3423 2237; baseline 0.001 -18"><span class='ocrx_word' id='word_1_425' title='bbox 1849 2165 2170 2235; x_wconf 85' lang='lat' dir='ltr'><strong>acquirendi</strong></span> <span class='ocrx_word' id='word_1_426' title='bbox 2204 2165 2389 2218; x_wconf 87' lang='lat' dir='ltr'><strong>labore</strong></span> <span class='ocrx_word' id='word_1_427' title='bbox 2418 2164 2788 2219; x_wconf 88' lang='lat' dir='ltr'><strong>distraheris?</strong></span> <span class='ocrx_word' id='word_1_428' title='bbox 2818 2164 2907 2218; x_wconf 58' lang='lat' dir='ltr'><strong>Va;</strong></span> <span class='ocrx_word' id='word_1_429' title='bbox 2938 2167 3032 2233; x_wconf 92' lang='lat' dir='ltr'><strong>qui</strong></span> <span class='ocrx_word' id='word_1_430' title='bbox 3079 2166 3423 2237; x_wconf 83' lang='lat' dir='ltr'><strong>conjungunt</strong></span> 
     </span>
    </p>
   </div>
   <div class='ocr_carea' id='block_1_62' title="bbox 1850 2259 3421 2330">
    <p class='ocr_par' dir='ltr' id='par_1_62' title="bbox 1850 2259 3421 2330">
     <span class='ocr_line' id='line_1_62' title="bbox 1850 2259 3421 2330; baseline 0 -17"><span class='ocrx_word' id='word_1_431' title='bbox 1850 2259 2070 2313; x_wconf 88' lang='lat' dir='ltr'><strong>domum</strong></span> <span class='ocrx_word' id='word_1_432' title='bbox 2095 2260 2300 2323; x_wconf 87' lang='lat' dir='ltr'><strong>domui,</strong></span> <span class='ocrx_word' id='word_1_433' title='bbox 2328 2268 2379 2313; x_wconf 91' lang='lat' dir='ltr'><strong>et</strong></span> <span class='ocrx_word' id='word_1_434' title='bbox 2399 2275 2589 2328; x_wconf 85' lang='lat' dir='ltr'><strong>agrum</strong></span> <span class='ocrx_word' id='word_1_435' title='bbox 2619 2274 2749 2329; x_wconf 84' lang='lat' dir='ltr'><strong>agro</strong></span> <span class='ocrx_word' id='word_1_436' title='bbox 2780 2260 3057 2329; x_wconf 69' lang='lat' dir='ltr'><strong>copulant,</strong></span> <span class='ocrx_word' id='word_1_437' title='bbox 3086 2272 3143 2314; x_wconf 92' lang='lat' dir='ltr'><strong>ut</strong></span> <span class='ocrx_word' id='word_1_438' title='bbox 3172 2262 3421 2330; x_wconf 81' lang='lat' dir='ltr'><strong>proximo</strong></span> 
     </span>
    </p>
   </div>
   <div class='ocr_carea' id='block_1_63' title="bbox 1850 2344 3417 2422">
    <p class='ocr_par' dir='ltr' id='par_1_63' title="bbox 1850 2344 3417 2422">
     <span class='ocr_line' id='line_1_63' title="bbox 1850 2344 3417 2422; baseline 0.004 -20"><span class='ocrx_word' id='word_1_439' title='bbox 1850 2349 2129 2421; x_wconf 87' lang='lat' dir='ltr'><strong>quidpiam</strong></span> <span class='ocrx_word' id='word_1_440' title='bbox 2161 2352 2469 2405; x_wconf 86' lang='lat' dir='ltr'><strong>detrahant.</strong></span> <span class='ocrx_word' id='word_1_441' title='bbox 2506 2351 2586 2405; x_wconf 90' lang='lat' dir='ltr'><strong>Tu</strong></span> <span class='ocrx_word' id='word_1_442' title='bbox 2620 2361 2798 2406; x_wconf 87' lang='lat' dir='ltr'><strong>autem</strong></span> <span class='ocrx_word' id='word_1_443' title='bbox 2825 2353 2954 2422; x_wconf 89' lang='lat' dir='ltr'><strong>quid</strong></span> <span class='ocrx_word' id='word_1_444' title='bbox 2996 2344 3167 2409; x_wconf 63' lang='lat' dir='ltr'><strong>facis?</strong></span> <span class='ocrx_word' id='word_1_445' title='bbox 3196 2356 3276 2407; x_wconf 81' lang='lat' dir='ltr'><strong>An</strong></span> <span class='ocrx_word' id='word_1_446' title='bbox 3312 2372 3417 2409; x_wconf 87' lang='lat' dir='ltr'><strong>nou</strong></span> 
     </span>
    </p>
   </div>
   <div class='ocr_carea' id='block_1_64' title="bbox 1850 2444 3416 2516">
    <p class='ocr_par' dir='ltr' id='par_1_64' title="bbox 1850 2444 3416 2516">
     <span class='ocr_line' id='line_1_64' title="bbox 1850 2444 3416 2516; baseline 0.003 -20"><span class='ocrx_word' id='word_1_447' title='bbox 1850 2451 2137 2498; x_wconf 71' lang='lat' dir='ltr'><strong>sevcentas</strong></span> <span class='ocrx_word' id='word_1_448' title='bbox 2161 2444 2486 2499; x_wconf 89' lang='lat' dir='ltr'><strong>occasiones</strong></span> <span class='ocrx_word' id='word_1_449' title='bbox 2522 2445 2795 2513; x_wconf 66' lang='lat' dir='ltr'><strong>praetexis,</strong></span> <span class='ocrx_word' id='word_1_450' title='bbox 2826 2453 2885 2499; x_wconf 93' lang='lat' dir='ltr'><strong>ut</strong></span> <span class='ocrx_word' id='word_1_451' title='bbox 2911 2445 3141 2516; x_wconf 81' lang='lat' dir='ltr'><strong>proximi</strong></span> <span class='ocrx_word' id='word_1_452' title='bbox 3188 2445 3416 2500; x_wconf 61' lang='lat' dir='ltr'><strong>faculta-</strong></span> 
     </span>
    </p>
   </div>
   <div class='ocr_carea' id='block_1_65' title="bbox 1849 2534 3418 2607">
    <p class='ocr_par' dir='ltr' id='par_1_65' title="bbox 1849 2534 3418 2607">
     <span class='ocr_line' id='line_1_65' title="bbox 1849 2534 3418 2607; baseline 0.003 -19"><span class='ocrx_word' id='word_1_453' title='bbox 1849 2542 1932 2589; x_wconf 89' lang='lat' dir='ltr'><strong>tes</strong></span> <span class='ocrx_word' id='word_1_454' title='bbox 1958 2536 2233 2604; x_wconf 85' lang='lat' dir='ltr'><strong>aecipias?</strong></span> <span class='ocrx_word' id='word_1_455' title='bbox 2259 2534 2439 2590; x_wconf 76' lang='lat' dir='ltr'><strong>Vicini</strong></span> <span class='ocrx_word' id='word_1_456' title='bbox 2466 2536 2681 2599; x_wconf 89' lang='lat' dir='ltr'><strong>domus,</strong></span> <span class='ocrx_word' id='word_1_457' title='bbox 2716 2536 2920 2607; x_wconf 89' lang='lat' dir='ltr'><strong>inquis,</strong></span> <span class='ocrx_word' id='word_1_458' title='bbox 2960 2538 3258 2593; x_wconf 86' lang='lat' dir='ltr'><strong>luminibus</strong></span> <span class='ocrx_word' id='word_1_459' title='bbox 3282 2539 3418 2593; x_wconf 84' lang='lat' dir='ltr'><strong>meis</strong></span> 
     </span>
    </p>
   </div>
   <div class='ocr_carea' id='block_1_66' title="bbox 1851 2625 3416 2699">
    <p class='ocr_par' dir='ltr' id='par_1_66' title="bbox 1851 2625 3416 2699">
     <span class='ocr_line' id='line_1_66' title="bbox 1851 2625 3416 2699; baseline 0.003 -20"><span class='ocrx_word' id='word_1_460' title='bbox 1851 2625 2034 2690; x_wconf 84' lang='lat' dir='ltr'><strong>ollicit,</strong></span> <span class='ocrx_word' id='word_1_461' title='bbox 2064 2628 2331 2683; x_wconf 89' lang='lat' dir='ltr'><strong>tumultus</strong></span> <span class='ocrx_word' id='word_1_462' title='bbox 2375 2628 2483 2682; x_wconf 88' lang='lat' dir='ltr'><strong>ciet</strong></span> <span class='ocrx_word' id='word_1_463' title='bbox 2515 2645 2528 2693; x_wconf 91' lang='lat'><strong>;</strong></span> <span class='ocrx_word' id='word_1_464' title='bbox 2562 2628 2615 2683; x_wconf 91' lang='lat' dir='ltr'><strong>id</strong></span> <span class='ocrx_word' id='word_1_465' title='bbox 2667 2629 2809 2699; x_wconf 91' lang='lat' dir='ltr'><strong>quod</strong></span> <span class='ocrx_word' id='word_1_466' title='bbox 2845 2629 3006 2684; x_wconf 92' lang='lat' dir='ltr'><strong>domo</strong></span> <span class='ocrx_word' id='word_1_467' title='bbox 3032 2644 3150 2684; x_wconf 86' lang='lat' dir='ltr'><strong>mea</strong></span> <span class='ocrx_word' id='word_1_468' title='bbox 3182 2630 3416 2696; x_wconf 75' lang='lat' dir='ltr'><strong>aberrat,</strong></span> 
     </span>
    </p>
   </div>
   <div class='ocr_carea' id='block_1_67' title="bbox 1849 2722 3418 2791">
    <p class='ocr_par' dir='ltr' id='par_1_67' title="bbox 1849 2722 3418 2791">
     <span class='ocr_line' id='line_1_67' title="bbox 1849 2722 3418 2791; baseline 0.001 -16"><span class='ocrx_word' id='word_1_469' title='bbox 1849 2722 2051 2791; x_wconf 84' lang='lat' dir='ltr'><strong>excipit</strong></span> <span class='ocrx_word' id='word_1_470' title='bbox 2091 2739 2105 2787; x_wconf 91' lang='lat'><strong>;</strong></span> <span class='ocrx_word' id='word_1_471' title='bbox 2135 2730 2229 2775; x_wconf 89' lang='lat' dir='ltr'><strong>aut</strong></span> <span class='ocrx_word' id='word_1_472' title='bbox 2274 2722 2474 2791; x_wconf 89' lang='lat' dir='ltr'><strong>aliquid</strong></span> <span class='ocrx_word' id='word_1_473' title='bbox 2519 2722 2664 2776; x_wconf 90' lang='lat' dir='ltr'><strong>aliud</strong></span> <span class='ocrx_word' id='word_1_474' title='bbox 2691 2732 2965 2782; x_wconf 89' lang='lat' dir='ltr'><strong>causatus,</strong></span> <span class='ocrx_word' id='word_1_475' title='bbox 3000 2738 3107 2776; x_wconf 90' lang='lat' dir='ltr'><strong>non</strong></span> <span class='ocrx_word' id='word_1_476' title='bbox 3138 2737 3259 2777; x_wconf 91' lang='lat' dir='ltr'><strong>eum</strong></span> <span class='ocrx_word' id='word_1_477' title='bbox 3294 2732 3418 2777; x_wconf 80' lang='lat' dir='ltr'><strong>ante</strong></span> 
     </span>
    </p>
   </div>
   <div class='ocr_carea' id='block_1_68' title="bbox 1849 2812 3415 2877">
    <p class='ocr_par' dir='ltr' id='par_1_68' title="bbox 1849 2812 3415 2877">
     <span class='ocr_line' id='line_1_68' title="bbox 1849 2812 3415 2877; baseline 0.001 -12"><span class='ocrx_word' id='word_1_478' title='bbox 1849 2812 2145 2877; x_wconf 62' lang='lat' dir='ltr'><strong>exagitare,</strong></span> <span class='ocrx_word' id='word_1_479' title='bbox 2181 2825 2397 2876; x_wconf 78' lang='lat' dir='ltr'><strong>vexare,</strong></span> <span class='ocrx_word' id='word_1_480' title='bbox 2429 2812 2662 2875; x_wconf 89' lang='lat' dir='ltr'><strong>trahere,</strong></span> <span class='ocrx_word' id='word_1_481' title='bbox 2718 2820 2813 2865; x_wconf 91' lang='lat' dir='ltr'><strong>aut</strong></span> <span class='ocrx_word' id='word_1_482' title='bbox 2867 2812 3137 2867; x_wconf 85' lang='lat' dir='ltr'><strong>lacessere</strong></span> <span class='ocrx_word' id='word_1_483' title='bbox 3183 2812 3415 2877; x_wconf 88' lang='lat' dir='ltr'><strong>desinis,</strong></span> 
     </span>
    </p>
   </div>
   <div class='ocr_carea' id='block_1_69' title="bbox 1849 2903 3419 2973">
    <p class='ocr_par' dir='ltr' id='par_1_69' title="bbox 1849 2903 3419 2973">
     <span class='ocr_line' id='line_1_69' title="bbox 1849 2903 3419 2973; baseline 0.001 -17"><span class='ocrx_word' id='word_1_484' title='bbox 1849 2919 2010 2973; x_wconf 85' lang='lat' dir='ltr'><strong>quam</strong></span> <span class='ocrx_word' id='word_1_485' title='bbox 2067 2904 2120 2955; x_wconf 92' lang='lat' dir='ltr'><strong>in</strong></span> <span class='ocrx_word' id='word_1_486' title='bbox 2178 2906 2561 2958; x_wconf 87' lang='lat' dir='ltr'><strong>necessitatem</strong></span> <span class='ocrx_word' id='word_1_487' title='bbox 2598 2903 2915 2967; x_wconf 75' lang='lat' dir='ltr'><strong>adduxeris,</strong></span> <span class='ocrx_word' id='word_1_488' title='bbox 2956 2912 3018 2957; x_wconf 94' lang='lat' dir='ltr'><strong>ut</strong></span> <span class='ocrx_word' id='word_1_489' title='bbox 3056 2919 3118 2957; x_wconf 80' lang='lat' dir='ltr'><strong>ex</strong></span> <span class='ocrx_word' id='word_1_490' title='bbox 3146 2904 3263 2958; x_wconf 90' lang='lat' dir='ltr'><strong>suis</strong></span> <span class='ocrx_word' id='word_1_491' title='bbox 3288 2904 3419 2957; x_wconf 64' lang='lat' dir='ltr'><strong>aedi-</strong></span> 
     </span>
    </p>
   </div>
   <div class='ocr_carea' id='block_1_70' title="bbox 1849 2995 3417 3065">
    <p class='ocr_par' dir='ltr' id='par_1_70' title="bbox 1849 2995 3417 3065">
     <span class='ocr_line' id='line_1_70' title="bbox 1849 2995 3417 3065; baseline -0.001 -17"><span class='ocrx_word' id='word_1_492' title='bbox 1849 2996 1949 3050; x_wconf 92' lang='lat' dir='ltr'><strong>bus</strong></span> <span class='ocrx_word' id='word_1_493' title='bbox 2002 2996 2110 3048; x_wconf 89' lang='lat' dir='ltr'><strong>alio</strong></span> <span class='ocrx_word' id='word_1_494' title='bbox 2165 2996 2379 3064; x_wconf 81' lang='lat' dir='ltr'><strong>migret.</strong></span> <span class='ocrx_word' id='word_1_495' title='bbox 2424 2995 2565 3061; x_wconf 88' lang='lat' dir='ltr'><strong>Quid</strong></span> <span class='ocrx_word' id='word_1_496' title='bbox 2615 2998 2783 3057; x_wconf 91' lang='lat' dir='ltr'><strong>enim,</strong></span> <span class='ocrx_word' id='word_1_497' title='bbox 2844 3010 3053 3065; x_wconf 63' lang='lat' dir='ltr'><strong>quaeso,</strong></span> <span class='ocrx_word' id='word_1_498' title='bbox 3116 2995 3417 3049; x_wconf 74' lang='lat' dir='ltr'><strong>lsraehtam</strong></span> 
     </span>
    </p>
   </div>
   <div class='ocr_carea' id='block_1_71' title="bbox 1850 3086 3418 3157">
    <p class='ocr_par' dir='ltr' id='par_1_71' title="bbox 1850 3086 3418 3157">
     <span class='ocr_line' id='line_1_71' title="bbox 1850 3086 3418 3157; baseline 0.001 -17"><span class='ocrx_word' id='word_1_499' title='bbox 1850 3088 2000 3141; x_wconf 88' lang='lat' dir='ltr'><strong>illum</strong></span> <span class='ocrx_word' id='word_1_500' title='bbox 2039 3086 2344 3141; x_wconf 83' lang='lat' dir='ltr'><strong>Nabuthem</strong></span> <span class='ocrx_word' id='word_1_501' title='bbox 2397 3086 2713 3143; x_wconf 87' lang='lat' dir='ltr'><strong>interemit?</strong></span> <span class='ocrx_word' id='word_1_502' title='bbox 2762 3102 2831 3141; x_wconf 85' lang='lat' dir='ltr'><strong>an</strong></span> <span class='ocrx_word' id='word_1_503' title='bbox 2887 3104 2993 3141; x_wconf 93' lang='lat' dir='ltr'><strong>non</strong></span> <span class='ocrx_word' id='word_1_504' title='bbox 3032 3088 3205 3144; x_wconf 59' lang='lat' dir='ltr'><strong>vincte</strong></span> <span class='ocrx_word' id='word_1_505' title='bbox 3243 3088 3418 3157; x_wconf 86' lang='lat' dir='ltr'><strong>ipsius</strong></span> 
     </span>
    </p>
   </div>
   <div class='ocr_carea' id='block_1_72' title="bbox 1850 3178 3418 3249">
    <p class='ocr_par' dir='ltr' id='par_1_72' title="bbox 1850 3178 3418 3249">
     <span class='ocr_line' id='line_1_72' title="bbox 1850 3178 3418 3249; baseline -0.001 -16"><span class='ocrx_word' id='word_1_506' title='bbox 1850 3180 2143 3247; x_wconf 86' lang='lat' dir='ltr'><strong>cupiditas,</strong></span> <span class='ocrx_word' id='word_1_507' title='bbox 2190 3194 2298 3249; x_wconf 88' lang='lat' dir='ltr'><strong>qua</strong></span> <span class='ocrx_word' id='word_1_508' title='bbox 2350 3178 2537 3235; x_wconf 86' lang='lat' dir='ltr'><strong>Achab</strong></span> <span class='ocrx_word' id='word_1_509' title='bbox 2600 3179 2862 3235; x_wconf 88' lang='lat' dir='ltr'><strong>ardebat?</strong></span> <span class='ocrx_word' id='word_1_510' title='bbox 2913 3179 3086 3233; x_wconf 82' lang='lat' dir='ltr'><strong>Malus</strong></span> <span class='ocrx_word' id='word_1_511' title='bbox 3154 3180 3210 3233; x_wconf 91' lang='lat' dir='ltr'><strong>in</strong></span> <span class='ocrx_word' id='word_1_512' title='bbox 3264 3179 3418 3240; x_wconf 89' lang='lat' dir='ltr'><strong>urbe,</strong></span> 
     </span>
    </p>
   </div>
   <div class='ocr_carea' id='block_1_73' title="bbox 1852 3270 3421 3326">
    <p class='ocr_par' dir='ltr' id='par_1_73' title="bbox 1852 3270 3421 3326">
     <span class='ocr_line' id='line_1_73' title="bbox 1852 3270 3421 3326; baseline 0.001 -3"><span class='ocrx_word' id='word_1_513' title='bbox 1852 3270 2025 3324; x_wconf 88' lang='lat' dir='ltr'><strong>malus</strong></span> <span class='ocrx_word' id='word_1_514' title='bbox 2075 3272 2190 3324; x_wconf 86' lang='lat' dir='ltr'><strong>ruri</strong></span> <span class='ocrx_word' id='word_1_515' title='bbox 2240 3270 2657 3326; x_wconf 87' lang='lat' dir='ltr'><strong>contubernalis</strong></span> <span class='ocrx_word' id='word_1_516' title='bbox 2705 3280 2805 3325; x_wconf 67' lang='lat' dir='ltr'><strong>est»</strong></span> <span class='ocrx_word' id='word_1_517' title='bbox 2836 3285 3055 3325; x_wconf 88' lang='lat' dir='ltr'><strong>avarus.</strong></span> <span class='ocrx_word' id='word_1_518' title='bbox 3090 3270 3238 3325; x_wconf 84' lang='lat' dir='ltr'><strong>Mare</strong></span> <span class='ocrx_word' id='word_1_519' title='bbox 3286 3271 3421 3325; x_wconf 76' lang='lat' dir='ltr'><strong>fines</strong></span> 
     </span>
    </p>
   </div>
   <div class='ocr_carea' id='block_1_74' title="bbox 1846 3362 3421 3430">
    <p class='ocr_par' dir='ltr' id='par_1_74' title="bbox 1846 3362 3421 3430">
     <span class='ocr_line' id='line_1_74' title="bbox 1846 3362 3421 3430; baseline 0.001 -17"><span class='ocrx_word' id='word_1_520' title='bbox 1846 3362 2097 3430; x_wconf 78' lang='lat' dir='ltr'><strong>agnoscit</strong></span> <span class='ocrx_word' id='word_1_521' title='bbox 2128 3376 2280 3423; x_wconf 93' lang='lat' dir='ltr'><strong>suos,</strong></span> <span class='ocrx_word' id='word_1_522' title='bbox 2321 3375 2427 3415; x_wconf 82' lang='lat' dir='ltr'><strong>nox</strong></span> <span class='ocrx_word' id='word_1_523' title='bbox 2466 3370 2679 3417; x_wconf 86' lang='lat' dir='ltr'><strong>veteres</strong></span> <span class='ocrx_word' id='word_1_524' title='bbox 2716 3362 2981 3419; x_wconf 89' lang='lat' dir='ltr'><strong>terminos</strong></span> <span class='ocrx_word' id='word_1_525' title='bbox 3027 3378 3136 3417; x_wconf 90' lang='lat' dir='ltr'><strong>non</strong></span> <span class='ocrx_word' id='word_1_526' title='bbox 3172 3363 3377 3417; x_wconf 86' lang='lat' dir='ltr'><strong>excedit</strong></span> <span class='ocrx_word' id='word_1_527' title='bbox 3407 3381 3421 3428; x_wconf 88' lang='lat'><strong>;</strong></span> 
     </span>
    </p>
   </div>
   <div class='ocr_carea' id='block_1_75' title="bbox 1851 3454 3425 3519">
    <p class='ocr_par' dir='ltr' id='par_1_75' title="bbox 1851 3454 3425 3519">
     <span class='ocr_line' id='line_1_75' title="bbox 1851 3454 3425 3519; baseline 0.001 -15"><span class='ocrx_word' id='word_1_528' title='bbox 1851 3466 1905 3506; x_wconf 87' lang='lat' dir='ltr'><strong>at</strong></span> <span class='ocrx_word' id='word_1_529' title='bbox 1928 3468 2123 3508; x_wconf 85' lang='lat' dir='ltr'><strong>avarus</strong></span> <span class='ocrx_word' id='word_1_530' title='bbox 2152 3468 2260 3506; x_wconf 88' lang='lat' dir='ltr'><strong>non</strong></span> <span class='ocrx_word' id='word_1_531' title='bbox 2296 3461 2568 3507; x_wconf 74' lang='lat' dir='ltr'><strong>vetustate</strong></span> <span class='ocrx_word' id='word_1_532' title='bbox 2590 3462 2869 3519; x_wconf 86' lang='lat' dir='ltr'><strong>movetur,</strong></span> <span class='ocrx_word' id='word_1_533' title='bbox 2905 3469 3013 3507; x_wconf 93' lang='lat' dir='ltr'><strong>non</strong></span> <span class='ocrx_word' id='word_1_534' title='bbox 3054 3454 3256 3508; x_wconf 89' lang='lat' dir='ltr'><strong>limites</strong></span> <span class='ocrx_word' id='word_1_535' title='bbox 3282 3454 3425 3507; x_wconf 63' lang='lat' dir='ltr'><strong>ullus</strong></span> 
     </span>
    </p>
   </div>
   <div class='ocr_carea' id='block_1_76' title="bbox 1850 3545 3427 3616">
    <p class='ocr_par' dir='ltr' id='par_1_76' title="bbox 1850 3545 3427 3616">
     <span class='ocr_line' id='line_1_76' title="bbox 1850 3545 3427 3616; baseline 0.002 -19"><span class='ocrx_word' id='word_1_536' title='bbox 1850 3547 2119 3616; x_wconf 84' lang='lat' dir='ltr'><strong>agnoscit,</strong></span> <span class='ocrx_word' id='word_1_537' title='bbox 2153 3561 2263 3599; x_wconf 91' lang='lat' dir='ltr'><strong>non</strong></span> <span class='ocrx_word' id='word_1_538' title='bbox 2292 3546 2663 3601; x_wconf 87' lang='lat' dir='ltr'><strong>successionis</strong></span> <span class='ocrx_word' id='word_1_539' title='bbox 2694 3545 2854 3600; x_wconf 88' lang='lat' dir='ltr'><strong>seriei</strong></span> <span class='ocrx_word' id='word_1_540' title='bbox 2883 3545 3134 3612; x_wconf 86' lang='lat' dir='ltr'><strong>decedit;</strong></span> <span class='ocrx_word' id='word_1_541' title='bbox 3168 3546 3261 3600; x_wconf 88' lang='lat' dir='ltr'><strong>sed</strong></span> <span class='ocrx_word' id='word_1_542' title='bbox 3284 3546 3427 3616; x_wconf 83' lang='lat' dir='ltr'><strong>iguis</strong></span> 
     </span>
    </p>
   </div>
   <div class='ocr_carea' id='block_1_77' title="bbox 1851 3636 3430 3707">
    <p class='ocr_par' dir='ltr' id='par_1_77' title="bbox 1851 3636 3430 3707">
     <span class='ocr_line' id='line_1_77' title="bbox 1851 3636 3430 3707; baseline 0.001 -18"><span class='ocrx_word' id='word_1_543' title='bbox 1851 3637 2113 3706; x_wconf 78' lang='lat' dir='ltr'><strong>impetum</strong></span> <span class='ocrx_word' id='word_1_544' title='bbox 2170 3637 2439 3701; x_wconf 86' lang='lat' dir='ltr'><strong>imitatur,</strong></span> <span class='ocrx_word' id='word_1_545' title='bbox 2488 3638 2673 3691; x_wconf 88' lang='lat' dir='ltr'><strong>omnia</strong></span> <span class='ocrx_word' id='word_1_546' title='bbox 2727 3636 2956 3701; x_wconf 89' lang='lat' dir='ltr'><strong>invadit,</strong></span> <span class='ocrx_word' id='word_1_547' title='bbox 3008 3639 3194 3692; x_wconf 90' lang='lat' dir='ltr'><strong>omnia</strong></span> <span class='ocrx_word' id='word_1_548' title='bbox 3252 3653 3430 3707; x_wconf 93' lang='lat' dir='ltr'><strong>popu-</strong></span> 
     </span>
    </p>
   </div>
   <div class='ocr_carea' id='block_1_78' title="bbox 1849 3728 3427 3800">
    <p class='ocr_par' dir='ltr' id='par_1_78' title="bbox 1849 3728 3427 3800">
     <span class='ocr_line' id='line_1_78' title="bbox 1849 3728 3427 3800; baseline 0.002 -18"><span class='ocrx_word' id='word_1_549' title='bbox 1849 3730 2027 3795; x_wconf 85' lang='lat' dir='ltr'><strong>latur,</strong></span> <span class='ocrx_word' id='word_1_550' title='bbox 2080 3738 2135 3785; x_wconf 89' lang='lat' dir='ltr'><strong>et</strong></span> <span class='ocrx_word' id='word_1_551' title='bbox 2184 3729 2641 3800; x_wconf 90' lang='lat' dir='ltr'><strong>quemadmodum</strong></span> <span class='ocrx_word' id='word_1_552' title='bbox 2699 3728 2885 3793; x_wconf 81' lang='lat' dir='ltr'><strong>ﬂuvii,</strong></span> <span class='ocrx_word' id='word_1_553' title='bbox 2943 3745 3068 3785; x_wconf 91' lang='lat' dir='ltr'><strong>cum</strong></span> <span class='ocrx_word' id='word_1_554' title='bbox 3133 3746 3199 3785; x_wconf 81' lang='lat' dir='ltr'><strong>ex</strong></span> <span class='ocrx_word' id='word_1_555' title='bbox 3258 3746 3427 3800; x_wconf 61' lang='lat' dir='ltr'><strong>parvi:</strong></span> 
     </span>
    </p>
   </div>
   <div class='ocr_carea' id='block_1_79' title="bbox 1850 3820 3427 3891">
    <p class='ocr_par' dir='ltr' id='par_1_79' title="bbox 1850 3820 3427 3891">
     <span class='ocr_line' id='line_1_79' title="bbox 1850 3820 3427 3891; baseline 0.001 -16"><span class='ocrx_word' id='word_1_556' title='bbox 1850 3823 1952 3875; x_wconf 89' lang='lat' dir='ltr'><strong>orti</strong></span> <span class='ocrx_word' id='word_1_557' title='bbox 2013 3821 2283 3891; x_wconf 89' lang='lat' dir='ltr'><strong>principio</strong></span> <span class='ocrx_word' id='word_1_558' title='bbox 2314 3822 2444 3885; x_wconf 92' lang='lat' dir='ltr'><strong>sint,</strong></span> <span class='ocrx_word' id='word_1_559' title='bbox 2498 3830 2611 3876; x_wconf 85' lang='lat' dir='ltr'><strong>tum</strong></span> <span class='ocrx_word' id='word_1_560' title='bbox 2655 3820 2855 3875; x_wconf 88' lang='lat' dir='ltr'><strong>deinde</strong></span> <span class='ocrx_word' id='word_1_561' title='bbox 2894 3835 2991 3890; x_wconf 91' lang='lat' dir='ltr'><strong>per</strong></span> <span class='ocrx_word' id='word_1_562' title='bbox 3040 3821 3202 3875; x_wconf 89' lang='lat' dir='ltr'><strong>tacita</strong></span> <span class='ocrx_word' id='word_1_563' title='bbox 3244 3821 3427 3876; x_wconf 90' lang='lat' dir='ltr'><strong>incre-</strong></span> 
     </span>
    </p>
   </div>
   <div class='ocr_carea' id='block_1_80' title="bbox 1851 3909 3423 3982">
    <p class='ocr_par' dir='ltr' id='par_1_80' title="bbox 1851 3909 3423 3982">
     <span class='ocr_line' id='line_1_80' title="bbox 1851 3909 3423 3982; baseline -0.001 -16"><span class='ocrx_word' id='word_1_564' title='bbox 1851 3922 2032 3967; x_wconf 87' lang='lat' dir='ltr'><strong>menta</strong></span> <span class='ocrx_word' id='word_1_565' title='bbox 2056 3954 2073 3977; x_wconf 93' lang='lat'><strong>,</strong></span> <span class='ocrx_word' id='word_1_566' title='bbox 2129 3912 2474 3965; x_wconf 87' lang='lat' dir='ltr'><strong>intolerabile</strong></span> <span class='ocrx_word' id='word_1_567' title='bbox 2504 3909 2782 3981; x_wconf 88' lang='lat' dir='ltr'><strong>quoddam</strong></span> <span class='ocrx_word' id='word_1_568' title='bbox 2829 3919 3185 3981; x_wconf 83' lang='lat' dir='ltr'><strong>augmentum</strong></span> <span class='ocrx_word' id='word_1_569' title='bbox 3219 3913 3423 3982; x_wconf 83' lang='lat' dir='ltr'><strong>adepti,</strong></span> 
     </span>
    </p>
   </div>
   <div class='ocr_carea' id='block_1_81' title="bbox 1851 4003 3424 4073">
    <p class='ocr_par' dir='ltr' id='par_1_81' title="bbox 1851 4003 3424 4073">
     <span class='ocr_line' id='line_1_81' title="bbox 1851 4003 3424 4073; baseline 0.001 -16"><span class='ocrx_word' id='word_1_570' title='bbox 1851 4018 2046 4057; x_wconf 90' lang='lat' dir='ltr'><strong>cursus</strong></span> <span class='ocrx_word' id='word_1_571' title='bbox 2102 4003 2187 4057; x_wconf 88' lang='lat' dir='ltr'><strong>sui</strong></span> <span class='ocrx_word' id='word_1_572' title='bbox 2244 4003 2571 4073; x_wconf 83' lang='lat' dir='ltr'><strong>rapiditate,</strong></span> <span class='ocrx_word' id='word_1_573' title='bbox 2627 4003 2899 4073; x_wconf 90' lang='lat' dir='ltr'><strong>quidquid</strong></span> <span class='ocrx_word' id='word_1_574' title='bbox 2945 4003 3181 4059; x_wconf 87' lang='lat' dir='ltr'><strong>obsistat</strong></span> <span class='ocrx_word' id='word_1_575' title='bbox 3238 4020 3424 4061; x_wconf 91' lang='lat' dir='ltr'><strong>secum</strong></span> 
     </span>
    </p>
   </div>
   <div class='ocr_carea' id='block_1_82' title="bbox 1851 4092 2097 4146">
    <p class='ocr_par' dir='ltr' id='par_1_82' title="bbox 1851 4092 2097 4146">
     <span class='ocr_line' id='line_1_82' title="bbox 1851 4092 2097 4146; baseline -0.008 0"><span class='ocrx_word' id='word_1_576' title='bbox 1851 4092 2097 4146; x_wconf 83' lang='lat' dir='ltr'><strong>trahunt.</strong></span> 
     </span>
    </p>
   </div>
   <div class='ocr_carea' id='block_1_83' title="bbox 1923 4183 3427 4255">
    <p class='ocr_par' dir='ltr' id='par_1_83' title="bbox 1923 4183 3427 4255">
     <span class='ocr_line' id='line_1_83' title="bbox 1923 4183 3427 4255; baseline 0.003 -18"><span class='ocrx_word' id='word_1_577' title='bbox 1923 4184 2063 4239; x_wconf 78' lang='lat' dir='ltr'><strong>Ibid.</strong></span> <span class='ocrx_word' id='word_1_578' title='bbox 2088 4214 2157 4223; x_wconf 90' lang='lat'><strong>——</strong></span> <span class='ocrx_word' id='word_1_579' title='bbox 2191 4184 2330 4251; x_wconf 84' lang='lat' dir='ltr'><strong>Quid</strong></span> <span class='ocrx_word' id='word_1_580' title='bbox 2386 4198 2515 4254; x_wconf 89' lang='lat' dir='ltr'><strong>ergo</strong></span> <span class='ocrx_word' id='word_1_581' title='bbox 2546 4184 2818 4253; x_wconf 85' lang='lat' dir='ltr'><strong>posthac?</strong></span> <span class='ocrx_word' id='word_1_582' title='bbox 2847 4183 3106 4255; x_wconf 83' lang='lat' dir='ltr'><strong>Nunquid</strong></span> <span class='ocrx_word' id='word_1_583' title='bbox 3152 4200 3262 4240; x_wconf 92' lang='lat' dir='ltr'><strong>non</strong></span> <span class='ocrx_word' id='word_1_584' title='bbox 3318 4194 3427 4243; x_wconf 88' lang='lat' dir='ltr'><strong>tres</strong></span> 
     </span>
    </p>
   </div>
   <div class='ocr_carea' id='block_1_84' title="bbox 1850 4264 3426 4350">
    <p class='ocr_par' dir='ltr' id='par_1_84' title="bbox 1850 4264 3426 4350">
     <span class='ocr_line' id='line_1_84' title="bbox 1850 4264 3426 4350; baseline 0.001 -19"><span class='ocrx_word' id='word_1_585' title='bbox 1850 4277 2119 4331; x_wconf 78' lang='lat' dir='ltr'><strong>duntaxat</strong></span> <span class='ocrx_word' id='word_1_586' title='bbox 2155 4287 2315 4333; x_wconf 75' lang='lat' dir='ltr'><strong>terra:</strong></span> <span class='ocrx_word' id='word_1_587' title='bbox 2354 4278 2526 4331; x_wconf 89' lang='lat' dir='ltr'><strong>cubiti</strong></span> <span class='ocrx_word' id='word_1_588' title='bbox 2562 4285 2614 4331; x_wconf 89' lang='lat' dir='ltr'><strong>te</strong></span> <span class='ocrx_word' id='word_1_589' title='bbox 2657 4278 3012 4347; x_wconf 82' lang='lat' dir='ltr'><strong>exspectant?</strong></span> <span class='ocrx_word' id='word_1_590' title='bbox 3052 4264 3122 4332; x_wconf 79' lang='lat' dir='ltr'><strong>aii</strong></span> <span class='ocrx_word' id='word_1_591' title='bbox 3154 4294 3264 4333; x_wconf 91' lang='lat' dir='ltr'><strong>non</strong></span> <span class='ocrx_word' id='word_1_592' title='bbox 3291 4294 3426 4350; x_wconf 72' lang='lat' dir='ltr'><strong>pau-</strong></span> 
     </span>
    </p>
   </div>
   <div class='ocr_carea' id='block_1_85' title="bbox 1849 4369 3421 4439">
    <p class='ocr_par' dir='ltr' id='par_1_85' title="bbox 1849 4369 3421 4439">
     <span class='ocr_line' id='line_1_85' title="bbox 1849 4369 3421 4439; baseline 0 -15"><span class='ocrx_word' id='word_1_593' title='bbox 1849 4384 2039 4424; x_wconf 86' lang='lat' dir='ltr'><strong>corum</strong></span> <span class='ocrx_word' id='word_1_594' title='bbox 2091 4371 2332 4439; x_wconf 89' lang='lat' dir='ltr'><strong>lapidum</strong></span> <span class='ocrx_word' id='word_1_595' title='bbox 2390 4369 2561 4424; x_wconf 91' lang='lat' dir='ltr'><strong>moles</strong></span> <span class='ocrx_word' id='word_1_596' title='bbox 2600 4370 2973 4425; x_wconf 60' lang='lat' dir='ltr'><strong>custodiendae</strong></span> <span class='ocrx_word' id='word_1_597' title='bbox 3011 4370 3225 4426; x_wconf 71' lang='lat' dir='ltr'><strong>misera:</strong></span> <span class='ocrx_word' id='word_1_598' title='bbox 3270 4373 3421 4426; x_wconf 87' lang='lat' dir='ltr'><strong>carni</strong></span> 
     </span>
    </p>
   </div>
   <div class='ocr_carea' id='block_1_86' title="bbox 1851 4461 3421 4533">
    <p class='ocr_par' dir='ltr' id='par_1_86' title="bbox 1851 4461 3421 4533">
     <span class='ocr_line' id='line_1_86' title="bbox 1851 4461 3421 4533; baseline 0 -17"><span class='ocrx_word' id='word_1_599' title='bbox 1851 4462 2158 4516; x_wconf 89' lang='lat' dir='ltr'><strong>sullicient?</strong></span> <span class='ocrx_word' id='word_1_600' title='bbox 2189 4462 2474 4530; x_wconf 83' lang='lat' dir='ltr'><strong>cujusnam</strong></span> <span class='ocrx_word' id='word_1_601' title='bbox 2515 4462 2689 4531; x_wconf 88' lang='lat' dir='ltr'><strong>gratia</strong></span> <span class='ocrx_word' id='word_1_602' title='bbox 2719 4461 2986 4516; x_wconf 72' lang='lat' dir='ltr'><strong>laboras?</strong></span> <span class='ocrx_word' id='word_1_603' title='bbox 3034 4462 3195 4530; x_wconf 87' lang='lat' dir='ltr'><strong>cujus</strong></span> <span class='ocrx_word' id='word_1_604' title='bbox 3248 4466 3421 4533; x_wconf 87' lang='lat' dir='ltr'><strong>gratia</strong></span> 
     </span>
    </p>
   </div>
   <div class='ocr_carea' id='block_1_87' title="bbox 183 4541 1821 4627">
    <p class='ocr_par' dir='ltr' id='par_1_87' title="bbox 183 4541 1821 4627">
     <span class='ocr_line' id='line_1_87' title="bbox 183 4541 1821 4627; baseline -0.005 -26"><span class='ocrx_word' id='word_1_605' title='bbox 183 4547 598 4618; x_wconf 74' lang='grc' dir='ltr'>ἀκαρπίαν,καὶ</span> <span class='ocrx_word' id='word_1_606' title='bbox 630 4545 703 4615; x_wconf 78' lang='grc' dir='ltr'>μὴ</span> <span class='ocrx_word' id='word_1_607' title='bbox 736 4543 866 4613; x_wconf 76' lang='grc' dir='ltr'>ὓλην</span> <span class='ocrx_word' id='word_1_608' title='bbox 886 4543 1085 4612; x_wconf 84' lang='grc' dir='ltr'>αἰωνίῳ</span> <span class='ocrx_word' id='word_1_609' title='bbox 1111 4541 1353 4613; x_wconf 87' lang='grc' dir='ltr'>πυρί.οὐ</span> <span class='ocrx_word' id='word_1_610' title='bbox 1392 4542 1578 4611; x_wconf 62' lang='grc' dir='ltr'>νήφεις</span> <span class='ocrx_word' id='word_1_611' title='bbox 1619 4542 1749 4593; x_wconf 86' lang='grc' dir='ltr'>ποτὲ</span> <span class='ocrx_word' id='word_1_612' title='bbox 1776 4569 1821 4627; x_wconf 78' lang='lat' dir='ltr'><strong>D</strong></span> 
     </span>
    </p>
   </div>
   <div class='ocr_carea' id='block_1_88' title="bbox 1844 4541 3420 4627">
    <p class='ocr_par' dir='ltr' id='par_1_88' title="bbox 1854 4550 3420 4619">
     <span class='ocr_line' id='line_1_88' title="bbox 1854 4550 3420 4619; baseline 0.001 -16"><span class='ocrx_word' id='word_1_613' title='bbox 1854 4551 1906 4603; x_wconf 91' lang='lat' dir='ltr'><strong>in</strong></span> <span class='ocrx_word' id='word_1_614' title='bbox 1956 4550 2165 4604; x_wconf 65' lang='lat' dir='ltr'><strong>scelera</strong></span> <span class='ocrx_word' id='word_1_615' title='bbox 2208 4550 2562 4619; x_wconf 87' lang='lat' dir='ltr'><strong>prorumpis?</strong></span> <span class='ocrx_word' id='word_1_616' title='bbox 2616 4565 2719 4605; x_wconf 90' lang='lat' dir='ltr'><strong>cur</strong></span> <span class='ocrx_word' id='word_1_617' title='bbox 2777 4552 3031 4606; x_wconf 89' lang='lat' dir='ltr'><strong>manibus</strong></span> <span class='ocrx_word' id='word_1_618' title='bbox 3072 4553 3420 4606; x_wconf 67' lang='lat' dir='ltr'><strong>sterilitatem</strong></span> 
     </span>
    </p>
   </div>
   <div class='ocr_carea' id='block_1_89' title="bbox 182 4635 1744 4711">
    <p class='ocr_par' dir='ltr' id='par_1_89' title="bbox 182 4635 1744 4711">
     <span class='ocr_line' id='line_1_89' title="bbox 182 4635 1744 4711; baseline -0.006 -16"><span class='ocrx_word' id='word_1_619' title='bbox 182 4642 401 4711; x_wconf 81' lang='grc' dir='ltr'>ἀπὸτῆς</span> <span class='ocrx_word' id='word_1_620' title='bbox 426 4640 593 4711; x_wconf 75' lang='grc' dir='ltr'>μέθης</span> <span class='ocrx_word' id='word_1_621' title='bbox 620 4640 854 4709; x_wconf 52' lang='grc' dir='ltr'>ταύτης</span> <span class='ocrx_word' id='word_1_622' title='bbox 883 4638 1237 4706; x_wconf 76' lang='grc' dir='ltr'>οὺχῦγιανεῖς</span> <span class='ocrx_word' id='word_1_623' title='bbox 1266 4636 1391 4697; x_wconf 77' lang='grc' dir='ltr'>τοὺς</span> <span class='ocrx_word' id='word_1_624' title='bbox 1421 4635 1744 4704; x_wconf 80' lang='grc' dir='ltr'>λογισμοός;</span> 
     </span>
    </p>
   </div>
   <div class='ocr_carea' id='block_1_90' title="bbox 180 4727 1749 4803">
    <p class='ocr_par' dir='ltr' id='par_1_90' title="bbox 180 4727 1749 4803">
     <span class='ocr_line' id='line_1_90' title="bbox 180 4727 1749 4803; baseline -0.004 -15"><span class='ocrx_word' id='word_1_625' title='bbox 180 4738 239 4789; x_wconf 78' lang='grc' dir='ltr'>οὑ</span> <span class='ocrx_word' id='word_1_626' title='bbox 260 4735 484 4788; x_wconf 76' lang='grc' dir='ltr'>σεαυτοῦ</span> <span class='ocrx_word' id='word_1_627' title='bbox 506 4735 706 4803; x_wconf 83' lang='grc' dir='ltr'>γενήσῃ</span> <span class='ocrx_word' id='word_1_628' title='bbox 723 4750 735 4796; x_wconf 90' lang='grc'><strong>;</strong></span> <span class='ocrx_word' id='word_1_629' title='bbox 752 4734 811 4785; x_wconf 77' lang='grc' dir='ltr'><strong>οὐ</strong></span> <span class='ocrx_word' id='word_1_630' title='bbox 830 4733 933 4803; x_wconf 80' lang='grc' dir='ltr'><strong>πρὸ</strong></span> <span class='ocrx_word' id='word_1_631' title='bbox 953 4731 1244 4800; x_wconf 73' lang='grc' dir='ltr'>ὀφθαλμῶν</span> <span class='ocrx_word' id='word_1_632' title='bbox 1260 4729 1404 4799; x_wconf 62' lang='grc' dir='ltr'>λήψῃ</span> <span class='ocrx_word' id='word_1_633' title='bbox 1430 4729 1487 4780; x_wconf 83' lang='grc' dir='ltr'><strong>τὸ</strong></span> <span class='ocrx_word' id='word_1_634' title='bbox 1504 4727 1596 4780; x_wconf 90' lang='grc' dir='ltr'><strong>τοῦ</strong></span> <span class='ocrx_word' id='word_1_635' title='bbox 1613 4730 1749 4797; x_wconf 80' lang='grc' dir='ltr'>Χρι-</span> 
     </span>
    </p>
   </div>
   <div class='ocr_carea' id='block_1_91' title="bbox 182 4820 1747 4897">
    <p class='ocr_par' dir='ltr' id='par_1_91' title="bbox 182 4820 1747 4897">
     <span class='ocr_line' id='line_1_91' title="bbox 182 4820 1747 4897; baseline -0.006 -14"><span class='ocrx_word' id='word_1_636' title='bbox 182 4830 307 4883; x_wconf 80' lang='grc' dir='ltr'>στοῦ</span> <span class='ocrx_word' id='word_1_637' title='bbox 333 4830 709 4897; x_wconf 84' lang='grc' dir='ltr'>δικαστήριον;</span> <span class='ocrx_word' id='word_1_638' title='bbox 742 4827 807 4878; x_wconf 90' lang='grc' dir='ltr'><strong>Τί</strong></span> <span class='ocrx_word' id='word_1_639' title='bbox 854 4826 1187 4894; x_wconf 84' lang='grc' dir='ltr'>ἀπολογήσῃ,</span> <span class='ocrx_word' id='word_1_640' title='bbox 1220 4823 1433 4875; x_wconf 75' lang='grc' dir='ltr'>ἐπειδάν</span> <span class='ocrx_word' id='word_1_641' title='bbox 1469 4839 1527 4873; x_wconf 89' lang='grc' dir='ltr'><strong>σε</strong></span> <span class='ocrx_word' id='word_1_642' title='bbox 1564 4820 1747 4891; x_wconf 74' lang='grc' dir='ltr'>κύκλῳ</span> 
     </span>
    </p>
   </div>
   <div class='ocr_carea' id='block_1_92' title="bbox 182 4912 1743 4991">
    <p class='ocr_par' dir='ltr' id='par_1_92' title="bbox 182 4912 1743 4991">
     <span class='ocr_line' id='line_1_92' title="bbox 182 4912 1743 4991; baseline -0.006 -18"><span class='ocrx_word' id='word_1_643' title='bbox 182 4921 532 4991; x_wconf 74' lang='grc' dir='ltr'>περιστάντες</span> <span class='ocrx_word' id='word_1_644' title='bbox 559 4921 607 4971; x_wconf 87' lang='grc' dir='ltr'><strong>οί</strong></span> <span class='ocrx_word' id='word_1_645' title='bbox 629 4917 944 4988; x_wconf 68' lang='grc' dir='ltr'>ἠδικημένοι</span> <span class='ocrx_word' id='word_1_646' title='bbox 966 4913 1271 4968; x_wconf 78' lang='grc' dir='ltr'>καταὸοῶσι</span> <span class='ocrx_word' id='word_1_647' title='bbox 1303 4914 1395 4964; x_wconf 68' lang='grc' dir='ltr'><strong>ἐπὶ</strong></span> <span class='ocrx_word' id='word_1_648' title='bbox 1424 4912 1515 4964; x_wconf 84' lang='grc' dir='ltr'><strong>τοῦ</strong></span> <span class='ocrx_word' id='word_1_649' title='bbox 1536 4912 1743 4964; x_wconf 80' lang='grc' dir='ltr'>δικαίου</span> 
     </span>
    </p>
   </div>
   <div class='ocr_carea' id='block_1_93' title="bbox 182 5002 1745 5083">
    <p class='ocr_par' dir='ltr' id='par_1_93' title="bbox 182 5002 1745 5083">
     <span class='ocr_line' id='line_1_93' title="bbox 182 5002 1745 5083; baseline -0.008 -18"><span class='ocrx_word' id='word_1_650' title='bbox 182 5012 366 5083; x_wconf 85' lang='grc' dir='ltr'>κριτοῦ</span> <span class='ocrx_word' id='word_1_651' title='bbox 395 5029 407 5075; x_wconf 89' lang='grc'>;</span> <span class='ocrx_word' id='word_1_652' title='bbox 440 5012 503 5062; x_wconf 84' lang='grc' dir='ltr'><strong>Τί</strong></span> <span class='ocrx_word' id='word_1_653' title='bbox 534 5007 625 5063; x_wconf 75' lang='grc' dir='ltr'><strong>οὖν</strong></span> <span class='ocrx_word' id='word_1_654' title='bbox 655 5010 932 5079; x_wconf 79' lang='grc' dir='ltr'>ποιήσεις;</span> <span class='ocrx_word' id='word_1_655' title='bbox 964 5007 1145 5067; x_wconf 87' lang='grc' dir='ltr'>ποίους</span> <span class='ocrx_word' id='word_1_656' title='bbox 1178 5005 1507 5075; x_wconf 84' lang='grc' dir='ltr'>συνηγόρους</span> <span class='ocrx_word' id='word_1_657' title='bbox 1542 5002 1745 5073; x_wconf 87' lang='grc' dir='ltr'>μισθώ-</span> 
     </span>
    </p>
   </div>
   <div class='ocr_carea' id='block_1_94' title="bbox 180 5096 1747 5172">
    <p class='ocr_par' dir='ltr' id='par_1_94' title="bbox 180 5096 1747 5172">
     <span class='ocr_line' id='line_1_94' title="bbox 180 5096 1747 5172; baseline -0.006 -15"><span class='ocrx_word' id='word_1_658' title='bbox 180 5122 328 5169; x_wconf 85' lang='grc' dir='ltr'>σεις;</span> <span class='ocrx_word' id='word_1_659' title='bbox 358 5107 541 5166; x_wconf 81' lang='grc' dir='ltr'>ποίους</span> <span class='ocrx_word' id='word_1_660' title='bbox 574 5103 857 5172; x_wconf 78' lang='grc' dir='ltr'>μάρτυρας</span> <span class='ocrx_word' id='word_1_661' title='bbox 888 5101 1293 5169; x_wconf 68' lang='grc' dir='ltr'>παραστήσεις,</span> <span class='ocrx_word' id='word_1_662' title='bbox 1328 5099 1442 5160; x_wconf 81' lang='grc' dir='ltr'>πώς</span> <span class='ocrx_word' id='word_1_663' title='bbox 1473 5096 1747 5166; x_wconf 77' lang='grc' dir='ltr'>παραπεί-</span> 
     </span>
    </p>
   </div>
   <div class='ocr_carea' id='block_1_95' title="bbox 182 5189 1742 5266">
    <p class='ocr_par' dir='ltr' id='par_1_95' title="bbox 182 5189 1742 5266">
     <span class='ocr_line' id='line_1_95' title="bbox 182 5189 1742 5266; baseline -0.008 -15"><span class='ocrx_word' id='word_1_664' title='bbox 182 5216 292 5260; x_wconf 68' lang='grc' dir='ltr'>σεις</span> <span class='ocrx_word' id='word_1_665' title='bbox 339 5199 429 5249; x_wconf 74' lang='grc' dir='ltr'>τὸν</span> <span class='ocrx_word' id='word_1_666' title='bbox 467 5196 902 5266; x_wconf 86' lang='grc' dir='ltr'>ἀπαραλόγιστον</span> <span class='ocrx_word' id='word_1_667' title='bbox 946 5193 1235 5262; x_wconf 85' lang='grc' dir='ltr'>δικαστήν;</span> <span class='ocrx_word' id='word_1_668' title='bbox 1288 5192 1387 5242; x_wconf 76' lang='grc' dir='ltr'><strong>ουκ</strong></span> <span class='ocrx_word' id='word_1_669' title='bbox 1447 5189 1524 5242; x_wconf 83' lang='grc' dir='ltr'>ἔνι</span> <span class='ocrx_word' id='word_1_670' title='bbox 1560 5192 1742 5260; x_wconf 75' lang='grc' dir='ltr'>ῥήτωρ</span> 
     </span>
    </p>
   </div>
   <div class='ocr_carea' id='block_1_96' title="bbox 177 5283 1741 5356">
    <p class='ocr_par' dir='ltr' id='par_1_96' title="bbox 177 5283 1741 5356">
     <span class='ocr_line' id='line_1_96' title="bbox 177 5283 1741 5356; baseline -0.006 -14"><span class='ocrx_word' id='word_1_671' title='bbox 177 5294 295 5342; x_wconf 83' lang='grc' dir='ltr'>ἐκεῖ</span> <span class='ocrx_word' id='word_1_672' title='bbox 323 5291 504 5343; x_wconf 75' lang='grc' dir='ltr'>οὐκέτι</span> <span class='ocrx_word' id='word_1_673' title='bbox 562 5288 853 5356; x_wconf 88' lang='grc' dir='ltr'>πιθανότης</span> <span class='ocrx_word' id='word_1_674' title='bbox 908 5287 1164 5355; x_wconf 77' lang='grc' dir='ltr'>ῥημάτων</span> <span class='ocrx_word' id='word_1_675' title='bbox 1223 5283 1419 5351; x_wconf 73' lang='grc' dir='ltr'>κλέψαι</span> <span class='ocrx_word' id='word_1_676' title='bbox 1468 5283 1741 5351; x_wconf 83' lang='grc' dir='ltr'>δυναμένη</span> 
     </span>
    </p>
   </div>
   <div class='ocr_carea' id='block_1_97' title="bbox 175 5374 1737 5451">
    <p class='ocr_par' dir='ltr' id='par_1_97' title="bbox 175 5374 1737 5451">
     <span class='ocr_line' id='line_1_97' title="bbox 175 5374 1737 5451; baseline -0.005 -18"><span class='ocrx_word' id='word_1_677' title='bbox 175 5381 270 5435; x_wconf 87' lang='grc' dir='ltr'><strong>τοῦ</strong></span> <span class='ocrx_word' id='word_1_678' title='bbox 293 5380 544 5433; x_wconf 76' lang='grc' dir='ltr'>δικαστοῦ</span> <span class='ocrx_word' id='word_1_679' title='bbox 567 5379 661 5451; x_wconf 79' lang='grc' dir='ltr'>τὴν</span> <span class='ocrx_word' id='word_1_680' title='bbox 680 5379 957 5450; x_wconf 82' lang='grc' dir='ltr'>ἀλήθειαν.</span> <span class='ocrx_word' id='word_1_681' title='bbox 980 5378 1094 5429; x_wconf 84' lang='grc' dir='ltr'>Οὐκ</span> <span class='ocrx_word' id='word_1_682' title='bbox 1116 5375 1463 5429; x_wconf 75' lang='grc' dir='ltr'>ἀκολουθοῦσι</span> <span class='ocrx_word' id='word_1_683' title='bbox 1488 5374 1737 5437; x_wconf 79' lang='grc' dir='ltr'>κόλακες,</span> 
     </span>
    </p>
   </div>
   <div class='ocr_carea' id='block_1_98' title="bbox 174 5468 1740 5544">
    <p class='ocr_par' dir='ltr' id='par_1_98' title="bbox 174 5468 1740 5544">
     <span class='ocr_line' id='line_1_98' title="bbox 174 5468 1740 5544; baseline -0.007 -16"><span class='ocrx_word' id='word_1_684' title='bbox 174 5477 233 5528; x_wconf 73' lang='grc' dir='ltr'><strong>οὐ</strong></span> <span class='ocrx_word' id='word_1_685' title='bbox 260 5474 327 5527; x_wconf 75' lang='grc' dir='ltr'><strong>τά</strong></span> <span class='ocrx_word' id='word_1_686' title='bbox 352 5475 625 5544; x_wconf 74' lang='grc' dir='ltr'>χρήματα,</span> <span class='ocrx_word' id='word_1_687' title='bbox 655 5472 765 5525; x_wconf 77' lang='grc' dir='ltr'>οὐδ’</span> <span class='ocrx_word' id='word_1_688' title='bbox 801 5472 962 5540; x_wconf 64' lang='grc' dir='ltr'><strong>¹Βγκος</strong></span> <span class='ocrx_word' id='word_1_689' title='bbox 997 5469 1325 5539; x_wconf 82' lang='grc' dir='ltr'>ἀξιώματος.</span> <span class='ocrx_word' id='word_1_690' title='bbox 1374 5468 1617 5538; x_wconf 81' lang='grc' dir='ltr'>Ἔρημος</span> <span class='ocrx_word' id='word_1_691' title='bbox 1649 5468 1740 5534; x_wconf 78' lang='grc' dir='ltr'><strong>φί-</strong></span> 
     </span>
    </p>
   </div>
   <div class='ocr_carea' id='block_1_99' title="bbox 175 5560 1736 5636">
    <p class='ocr_par' dir='ltr' id='par_1_99' title="bbox 175 5560 1736 5636">
     <span class='ocr_line' id='line_1_99' title="bbox 175 5560 1736 5636; baseline -0.004 -18"><span class='ocrx_word' id='word_1_692' title='bbox 175 5570 301 5624; x_wconf 82' lang='grc' dir='ltr'>λων.</span> <span class='ocrx_word' id='word_1_693' title='bbox 339 5566 541 5636; x_wconf 74' lang='grc' dir='ltr'>ἔρημος</span> <span class='ocrx_word' id='word_1_694' title='bbox 574 5564 802 5634; x_wconf 81' lang='grc' dir='ltr'>βοηθῶν,</span> <span class='ocrx_word' id='word_1_695' title='bbox 831 5565 1265 5633; x_wconf 79' lang='grc' dir='ltr'>ἀσυνηγὸρητος,</span> <span class='ocrx_word' id='word_1_696' title='bbox 1314 5560 1736 5630; x_wconf 79' lang='grc' dir='ltr'>ἀναπολόγητος,</span> 
     </span>
    </p>
   </div>
   <div class='ocr_carea' id='block_1_100' title="bbox 176 5653 1735 5726">
    <p class='ocr_par' dir='ltr' id='par_1_100' title="bbox 176 5653 1735 5726">
     <span class='ocr_line' id='line_1_100' title="bbox 176 5653 1735 5726; baseline -0.003 -17"><span class='ocrx_word' id='word_1_697' title='bbox 176 5656 625 5726; x_wconf 70' lang='grc' dir='ltr'>κατῃσχυμμένος</span> <span class='ocrx_word' id='word_1_698' title='bbox 650 5655 1021 5726; x_wconf 80' lang='grc' dir='ltr'>ἀπολειφθήσῃ</span> <span class='ocrx_word' id='word_1_699' title='bbox 1042 5698 1055 5719; x_wconf 91' lang='grc'><strong>,</strong></span> <span class='ocrx_word' id='word_1_700' title='bbox 1094 5653 1431 5725; x_wconf 78' lang='grc' dir='ltr'>σκυθρωπὸς,</span> <span class='ocrx_word' id='word_1_701' title='bbox 1466 5653 1735 5722; x_wconf 58' lang='grc' dir='ltr'>κατηψὴς,</span> 
     </span>
    </p>
   </div>
   <div class='ocr_carea' id='block_1_101' title="bbox 179 5746 1735 5820">
    <p class='ocr_par' dir='ltr' id='par_1_101' title="bbox 179 5746 1735 5820">
     <span class='ocr_line' id='line_1_101' title="bbox 179 5746 1735 5820; baseline -0.001 -21"><span class='ocrx_word' id='word_1_702' title='bbox 179 5750 580 5817; x_wconf 72' lang='grc' dir='ltr'>μεμονωμένος,</span> <span class='ocrx_word' id='word_1_703' title='bbox 615 5750 1082 5820; x_wconf 79' lang='grc' dir='ltr'>ἀπαρρησίαστος.</span> <span class='ocrx_word' id='word_1_704' title='bbox 1126 5749 1300 5801; x_wconf 84' lang='grc' dir='ltr'>Ὅπου</span> <span class='ocrx_word' id='word_1_705' title='bbox 1331 5748 1437 5817; x_wconf 73' lang='grc' dir='ltr'><strong>γὰρ</strong></span> <span class='ocrx_word' id='word_1_706' title='bbox 1488 5746 1553 5798; x_wconf 83' lang='grc' dir='ltr'><strong>ἂν</strong></span> <span class='ocrx_word' id='word_1_707' title='bbox 1583 5764 1735 5816; x_wconf 87' lang='grc' dir='ltr'>περι-</span> 
     </span>
    </p>
   </div>
   <div class='ocr_carea' id='block_1_102' title="bbox 176 5841 1734 5914">
    <p class='ocr_par' dir='ltr' id='par_1_102' title="bbox 176 5841 1734 5914">
     <span class='ocr_line' id='line_1_102' title="bbox 176 5841 1734 5914; baseline 0.004 -23"><span class='ocrx_word' id='word_1_708' title='bbox 176 5841 385 5913; x_wconf 70' lang='grc' dir='ltr'>αγάγῃς</span> <span class='ocrx_word' id='word_1_709' title='bbox 421 5841 513 5896; x_wconf 81' lang='grc' dir='ltr'><strong>τὸν</strong></span> <span class='ocrx_word' id='word_1_710' title='bbox 547 5842 845 5913; x_wconf 56' lang='grc' dir='ltr'>ὀφθαλμὸν,</span> <span class='ocrx_word' id='word_1_711' title='bbox 874 5844 1120 5914; x_wconf 76' lang='grc' dir='ltr'>ἐναργεῖς</span> <span class='ocrx_word' id='word_1_712' title='bbox 1140 5842 1258 5897; x_wconf 64' lang='grc' dir='ltr'>όὼει</span> <span class='ocrx_word' id='word_1_713' title='bbox 1288 5842 1393 5898; x_wconf 83' lang='grc' dir='ltr'><strong>τῶν</strong></span> <span class='ocrx_word' id='word_1_714' title='bbox 1422 5842 1607 5897; x_wconf 82' lang='grc' dir='ltr'>κακῶν</span> <span class='ocrx_word' id='word_1_715' title='bbox 1637 5844 1734 5907; x_wconf 73' lang='grc' dir='ltr'>τὰς</span> 
     </span>
    </p>
   </div>
   <div class='ocr_carea' id='block_1_103' title="bbox 1852 4641 3427 4712">
    <p class='ocr_par' dir='ltr' id='par_1_103' title="bbox 1852 4641 3427 4712">
     <span class='ocr_line' id='line_1_103' title="bbox 1852 4641 3427 4712; baseline -0.001 -16"><span class='ocrx_word' id='word_1_716' title='bbox 1852 4641 2104 4711; x_wconf 79' lang='lat' dir='ltr'><strong>colligis?</strong></span> <span class='ocrx_word' id='word_1_717' title='bbox 2128 4651 2294 4711; x_wconf 86' lang='lat' dir='ltr'><strong>atque</strong></span> <span class='ocrx_word' id='word_1_718' title='bbox 2329 4641 2536 4697; x_wconf 89' lang='lat' dir='ltr'><strong>utinam</strong></span> <span class='ocrx_word' id='word_1_719' title='bbox 2571 4641 2939 4707; x_wconf 82' lang='lat' dir='ltr'><strong>sterilitatem,</strong></span> <span class='ocrx_word' id='word_1_720' title='bbox 2983 4650 3037 4696; x_wconf 91' lang='lat' dir='ltr'><strong>et</strong></span> <span class='ocrx_word' id='word_1_721' title='bbox 3082 4658 3193 4696; x_wconf 90' lang='lat' dir='ltr'><strong>non</strong></span> <span class='ocrx_word' id='word_1_722' title='bbox 3244 4644 3427 4712; x_wconf 74' lang='lat' dir='ltr'><strong>potius</strong></span> 
     </span>
    </p>
   </div>
   <div class='ocr_carea' id='block_1_104' title="bbox 1851 4733 3423 4804">
    <p class='ocr_par' dir='ltr' id='par_1_104' title="bbox 1851 4733 3423 4804">
     <span class='ocr_line' id='line_1_104' title="bbox 1851 4733 3423 4804; baseline 0 -17"><span class='ocrx_word' id='word_1_723' title='bbox 1851 4734 2137 4787; x_wconf 91' lang='lat' dir='ltr'><strong>materiam</strong></span> <span class='ocrx_word' id='word_1_724' title='bbox 2188 4734 2299 4802; x_wconf 87' lang='lat' dir='ltr'><strong>igni</strong></span> <span class='ocrx_word' id='word_1_725' title='bbox 2347 4733 2721 4803; x_wconf 87' lang='lat' dir='ltr'><strong>sempiterno!</strong></span> <span class='ocrx_word' id='word_1_726' title='bbox 2751 4734 2831 4785; x_wconf 86' lang='lat' dir='ltr'><strong>An</strong></span> <span class='ocrx_word' id='word_1_727' title='bbox 2870 4749 2977 4786; x_wconf 90' lang='lat' dir='ltr'><strong>non</strong></span> <span class='ocrx_word' id='word_1_728' title='bbox 3034 4734 3330 4804; x_wconf 88' lang='lat' dir='ltr'><strong>aliquando</strong></span> <span class='ocrx_word' id='word_1_729' title='bbox 3360 4751 3423 4787; x_wconf 73' lang='lat' dir='ltr'><strong>ex</strong></span> 
     </span>
    </p>
   </div>
   <div class='ocr_carea' id='block_1_105' title="bbox 1849 4824 3426 4893">
    <p class='ocr_par' dir='ltr' id='par_1_105' title="bbox 1849 4824 3426 4893">
     <span class='ocr_line' id='line_1_105' title="bbox 1849 4824 3426 4893; baseline -0.001 -15"><span class='ocrx_word' id='word_1_730' title='bbox 1849 4825 1952 4879; x_wconf 86' lang='lat' dir='ltr'><strong>hac</strong></span> <span class='ocrx_word' id='word_1_731' title='bbox 1982 4825 2301 4879; x_wconf 88' lang='lat' dir='ltr'><strong>temulentia</strong></span> <span class='ocrx_word' id='word_1_732' title='bbox 2329 4824 2618 4893; x_wconf 85' lang='lat' dir='ltr'><strong>emcrges?</strong></span> <span class='ocrx_word' id='word_1_733' title='bbox 2646 4839 2715 4877; x_wconf 90' lang='lat' dir='ltr'><strong>an</strong></span> <span class='ocrx_word' id='word_1_734' title='bbox 2754 4840 2859 4878; x_wconf 90' lang='lat' dir='ltr'><strong>non</strong></span> <span class='ocrx_word' id='word_1_735' title='bbox 2900 4825 3101 4879; x_wconf 90' lang='lat' dir='ltr'><strong>mentis</strong></span> <span class='ocrx_word' id='word_1_736' title='bbox 3134 4826 3426 4880; x_wconf 80' lang='lat' dir='ltr'><strong>sanitatem</strong></span> 
     </span>
    </p>
   </div>
   <div class='ocr_carea' id='block_1_106' title="bbox 1848 4911 3427 4985">
    <p class='ocr_par' dir='ltr' id='par_1_106' title="bbox 1848 4911 3427 4985">
     <span class='ocr_line' id='line_1_106' title="bbox 1848 4911 3427 4985; baseline -0.002 -18"><span class='ocrx_word' id='word_1_737' title='bbox 1848 4916 2080 4985; x_wconf 84' lang='lat' dir='ltr'><strong>recipies</strong></span> <span class='ocrx_word' id='word_1_738' title='bbox 2103 4915 2125 4966; x_wconf 66' lang='grc' dir='ltr'><strong>ἲ</strong></span> <span class='ocrx_word' id='word_1_739' title='bbox 2172 4929 2239 4967; x_wconf 92' lang='lat' dir='ltr'><strong>an</strong></span> <span class='ocrx_word' id='word_1_740' title='bbox 2273 4930 2382 4967; x_wconf 88' lang='lat' dir='ltr'><strong>non</strong></span> <span class='ocrx_word' id='word_1_741' title='bbox 2418 4913 2484 4967; x_wconf 91' lang='lat' dir='ltr'><strong>ad</strong></span> <span class='ocrx_word' id='word_1_742' title='bbox 2520 4914 2757 4983; x_wconf 90' lang='lat' dir='ltr'><strong>teipsum</strong></span> <span class='ocrx_word' id='word_1_743' title='bbox 2788 4911 3035 4967; x_wconf 87' lang='lat' dir='ltr'><strong>redibis?</strong></span> <span class='ocrx_word' id='word_1_744' title='bbox 3066 4930 3135 4968; x_wconf 91' lang='lat' dir='ltr'><strong>an</strong></span> <span class='ocrx_word' id='word_1_745' title='bbox 3186 4929 3295 4967; x_wconf 89' lang='lat' dir='ltr'><strong>non</strong></span> <span class='ocrx_word' id='word_1_746' title='bbox 3330 4914 3427 4965; x_wconf 88' lang='lat' dir='ltr'><strong>tibi</strong></span> 
     </span>
    </p>
   </div>
   <div class='ocr_carea' id='block_1_107' title="bbox 1848 5004 3429 5074">
    <p class='ocr_par' dir='ltr' id='par_1_107' title="bbox 1848 5004 3429 5074">
     <span class='ocr_line' id='line_1_107' title="bbox 1848 5004 3429 5074; baseline -0.003 -13"><span class='ocrx_word' id='word_1_747' title='bbox 1848 5019 1975 5061; x_wconf 89' lang='lat' dir='ltr'><strong>ante</strong></span> <span class='ocrx_word' id='word_1_748' title='bbox 2002 5007 2192 5061; x_wconf 92' lang='lat' dir='ltr'><strong>oculos</strong></span> <span class='ocrx_word' id='word_1_749' title='bbox 2223 5004 2433 5061; x_wconf 89' lang='lat' dir='ltr'><strong>Christi</strong></span> <span class='ocrx_word' id='word_1_750' title='bbox 2480 5006 2725 5058; x_wconf 90' lang='lat' dir='ltr'><strong>tribunal</strong></span> <span class='ocrx_word' id='word_1_751' title='bbox 2773 5005 3086 5074; x_wconf 89' lang='lat' dir='ltr'><strong>pr0pones?</strong></span> <span class='ocrx_word' id='word_1_752' title='bbox 3120 5005 3261 5071; x_wconf 89' lang='lat' dir='ltr'><strong>Quid</strong></span> <span class='ocrx_word' id='word_1_753' title='bbox 3297 5021 3429 5059; x_wconf 88' lang='lat' dir='ltr'><strong>cau-</strong></span> 
     </span>
    </p>
   </div>
   <div class='ocr_carea' id='block_1_108' title="bbox 1846 5096 3428 5166">
    <p class='ocr_par' dir='ltr' id='par_1_108' title="bbox 1846 5096 3428 5166">
     <span class='ocr_line' id='line_1_108' title="bbox 1846 5096 3428 5166; baseline -0.003 -13"><span class='ocrx_word' id='word_1_754' title='bbox 1846 5111 2068 5153; x_wconf 88' lang='lat' dir='ltr'><strong>saturus</strong></span> <span class='ocrx_word' id='word_1_755' title='bbox 2108 5112 2169 5150; x_wconf 91' lang='lat' dir='ltr'><strong>es</strong></span> <span class='ocrx_word' id='word_1_756' title='bbox 2199 5110 2324 5150; x_wconf 92' lang='lat' dir='ltr'><strong>cum</strong></span> <span class='ocrx_word' id='word_1_757' title='bbox 2357 5104 2409 5150; x_wconf 91' lang='lat' dir='ltr'><strong>te</strong></span> <span class='ocrx_word' id='word_1_758' title='bbox 2448 5096 2689 5165; x_wconf 84' lang='lat' dir='ltr'><strong>undique</strong></span> <span class='ocrx_word' id='word_1_759' title='bbox 2720 5098 2963 5166; x_wconf 87' lang='lat' dir='ltr'><strong>cingent,</strong></span> <span class='ocrx_word' id='word_1_760' title='bbox 2994 5097 3088 5166; x_wconf 90' lang='lat' dir='ltr'><strong>qui</strong></span> <span class='ocrx_word' id='word_1_761' title='bbox 3125 5097 3223 5151; x_wconf 91' lang='lat' dir='ltr'><strong>abs</strong></span> <span class='ocrx_word' id='word_1_762' title='bbox 3262 5104 3315 5150; x_wconf 91' lang='lat' dir='ltr'><strong>te</strong></span> <span class='ocrx_word' id='word_1_763' title='bbox 3346 5098 3428 5149; x_wconf 90' lang='lat' dir='ltr'><strong>in-</strong></span> 
     </span>
    </p>
   </div>
   <div class='ocr_carea' id='block_1_109' title="bbox 1839 5187 3429 5261">
    <p class='ocr_par' dir='ltr' id='par_1_109' title="bbox 1839 5187 3429 5261">
     <span class='ocr_line' id='line_1_109' title="bbox 1839 5187 3429 5261; baseline -0.003 -17"><span class='ocrx_word' id='word_1_764' title='bbox 1839 5192 2017 5261; x_wconf 84' lang='lat' dir='ltr'><strong>jurias</strong></span> <span class='ocrx_word' id='word_1_765' title='bbox 2071 5198 2417 5258; x_wconf 84' lang='lat' dir='ltr'><strong>acceperunt,</strong></span> <span class='ocrx_word' id='word_1_766' title='bbox 2468 5198 2523 5241; x_wconf 91' lang='lat' dir='ltr'><strong>et</strong></span> <span class='ocrx_word' id='word_1_767' title='bbox 2574 5204 2759 5242; x_wconf 88' lang='lat' dir='ltr'><strong>coram</strong></span> <span class='ocrx_word' id='word_1_768' title='bbox 2812 5189 3002 5257; x_wconf 91' lang='lat' dir='ltr'><strong>judice</strong></span> <span class='ocrx_word' id='word_1_769' title='bbox 3050 5187 3340 5243; x_wconf 85' lang='lat' dir='ltr'><strong>adversum</strong></span> <span class='ocrx_word' id='word_1_770' title='bbox 3378 5198 3429 5241; x_wconf 78' lang='lat' dir='ltr'><strong>te</strong></span> 
     </span>
    </p>
   </div>
   <div class='ocr_carea' id='block_1_110' title="bbox 1844 5281 3429 5351">
    <p class='ocr_par' dir='ltr' id='par_1_110' title="bbox 1844 5281 3429 5351">
     <span class='ocr_line' id='line_1_110' title="bbox 1844 5281 3429 5351; baseline 0 -15"><span class='ocrx_word' id='word_1_771' title='bbox 1844 5282 2330 5337; x_wconf 82' lang='lat' dir='ltr'><strong>vociferabuntur?</strong></span> <span class='ocrx_word' id='word_1_772' title='bbox 2358 5281 2499 5346; x_wconf 89' lang='lat' dir='ltr'><strong>Quid</strong></span> <span class='ocrx_word' id='word_1_773' title='bbox 2532 5296 2664 5350; x_wconf 80' lang='lat' dir='ltr'><strong>ergo</strong></span> <span class='ocrx_word' id='word_1_774' title='bbox 2696 5281 2908 5335; x_wconf 78' lang='lat' dir='ltr'><strong>facies?</strong></span> <span class='ocrx_word' id='word_1_775' title='bbox 2935 5283 3128 5350; x_wconf 89' lang='lat' dir='ltr'><strong>quales</strong></span> <span class='ocrx_word' id='word_1_776' title='bbox 3162 5292 3429 5351; x_wconf 85' lang='lat' dir='ltr'><strong>patronos</strong></span> 
     </span>
    </p>
   </div>
   <div class='ocr_carea' id='block_1_111' title="bbox 1843 5372 3432 5444">
    <p class='ocr_par' dir='ltr' id='par_1_111' title="bbox 1843 5372 3432 5444">
     <span class='ocr_line' id='line_1_111' title="bbox 1843 5372 3432 5444; baseline 0 -15"><span class='ocrx_word' id='word_1_777' title='bbox 1843 5375 2158 5430; x_wconf 87' lang='lat' dir='ltr'><strong>conduces?</strong></span> <span class='ocrx_word' id='word_1_778' title='bbox 2186 5374 2377 5444; x_wconf 86' lang='lat' dir='ltr'><strong>quales</strong></span> <span class='ocrx_word' id='word_1_779' title='bbox 2423 5382 2595 5429; x_wconf 91' lang='lat' dir='ltr'><strong>testes</strong></span> <span class='ocrx_word' id='word_1_780' title='bbox 2628 5372 2955 5429; x_wconf 84' lang='lat' dir='ltr'><strong>adhibebis?</strong></span> <span class='ocrx_word' id='word_1_781' title='bbox 2979 5388 3219 5443; x_wconf 91' lang='lat' dir='ltr'><strong>quonam</strong></span> <span class='ocrx_word' id='word_1_782' title='bbox 3270 5385 3432 5443; x_wconf 79' lang='lat' dir='ltr'><strong>pacto</strong></span> 
     </span>
    </p>
   </div>
   <div class='ocr_carea' id='block_1_112' title="bbox 1836 5464 3431 5536">
    <p class='ocr_par' dir='ltr' id='par_1_112' title="bbox 1836 5464 3431 5536">
     <span class='ocr_line' id='line_1_112' title="bbox 1836 5464 3431 5536; baseline 0.001 -17"><span class='ocrx_word' id='word_1_783' title='bbox 1836 5468 2074 5533; x_wconf 89' lang='lat' dir='ltr'><strong>judicem</strong></span> <span class='ocrx_word' id='word_1_784' title='bbox 2122 5466 2302 5529; x_wconf 89' lang='lat' dir='ltr'><strong>illum,</strong></span> <span class='ocrx_word' id='word_1_785' title='bbox 2346 5465 2435 5519; x_wconf 92' lang='lat' dir='ltr'><strong>cui</strong></span> <span class='ocrx_word' id='word_1_786' title='bbox 2488 5465 2693 5536; x_wconf 91' lang='lat' dir='ltr'><strong>imponi</strong></span> <span class='ocrx_word' id='word_1_787' title='bbox 2745 5479 2856 5518; x_wconf 94' lang='lat' dir='ltr'><strong>non</strong></span> <span class='ocrx_word' id='word_1_788' title='bbox 2900 5472 3102 5533; x_wconf 88' lang='lat' dir='ltr'><strong>potest,</strong></span> <span class='ocrx_word' id='word_1_789' title='bbox 3138 5464 3431 5521; x_wconf 66' lang='lat' dir='ltr'><strong>innectes}</strong></span> 
     </span>
    </p>
   </div>
   <div class='ocr_carea' id='block_1_113' title="bbox 1842 5556 3433 5621">
    <p class='ocr_par' dir='ltr' id='par_1_113' title="bbox 1842 5556 3433 5621">
     <span class='ocr_line' id='line_1_113' title="bbox 1842 5556 3433 5621; baseline -0.001 -11"><span class='ocrx_word' id='word_1_790' title='bbox 1842 5558 1954 5611; x_wconf 90' lang='lat' dir='ltr'><strong>lllic</strong></span> <span class='ocrx_word' id='word_1_791' title='bbox 1981 5559 2168 5612; x_wconf 91' lang='lat' dir='ltr'><strong>nullus</strong></span> <span class='ocrx_word' id='word_1_792' title='bbox 2198 5565 2385 5611; x_wconf 90' lang='lat' dir='ltr'><strong>orator</strong></span> <span class='ocrx_word' id='word_1_793' title='bbox 2420 5556 2618 5621; x_wconf 78' lang='lat' dir='ltr'><strong>aderit,</strong></span> <span class='ocrx_word' id='word_1_794' title='bbox 2655 5556 2866 5610; x_wconf 91' lang='lat' dir='ltr'><strong>nullum</strong></span> <span class='ocrx_word' id='word_1_795' title='bbox 2897 5556 3188 5610; x_wconf 86' lang='lat' dir='ltr'><strong>verborum</strong></span> <span class='ocrx_word' id='word_1_796' title='bbox 3226 5556 3433 5610; x_wconf 77' lang='lat' dir='ltr'><strong>lenoci—</strong></span> 
     </span>
    </p>
   </div>
   <div class='ocr_carea' id='block_1_114' title="bbox 1840 5649 3430 5721">
    <p class='ocr_par' dir='ltr' id='par_1_114' title="bbox 1840 5649 3430 5721">
     <span class='ocr_line' id='line_1_114' title="bbox 1840 5649 3430 5721; baseline -0.003 -16"><span class='ocrx_word' id='word_1_797' title='bbox 1840 5653 2016 5712; x_wconf 90' lang='lat' dir='ltr'><strong>nium,</strong></span> <span class='ocrx_word' id='word_1_798' title='bbox 2042 5652 2185 5721; x_wconf 86' lang='lat' dir='ltr'><strong>quod</strong></span> <span class='ocrx_word' id='word_1_799' title='bbox 2214 5650 2384 5716; x_wconf 86' lang='lat' dir='ltr'><strong>jtulici</strong></span> <span class='ocrx_word' id='word_1_800' title='bbox 2417 5653 2704 5705; x_wconf 85' lang='lat' dir='ltr'><strong>veritatem</strong></span> <span class='ocrx_word' id='word_1_801' title='bbox 2746 5658 2912 5719; x_wconf 86' lang='lat' dir='ltr'><strong>queat</strong></span> <span class='ocrx_word' id='word_1_802' title='bbox 2954 5649 3259 5717; x_wconf 85' lang='lat' dir='ltr'><strong>subripere.</strong></span> <span class='ocrx_word' id='word_1_803' title='bbox 3313 5649 3430 5702; x_wconf 84' lang='lat' dir='ltr'><strong>Non</strong></span> 
     </span>
    </p>
   </div>
   <div class='ocr_carea' id='block_1_115' title="bbox 1840 5738 3427 5812">
    <p class='ocr_par' dir='ltr' id='par_1_115' title="bbox 1840 5738 3427 5812">
     <span class='ocr_line' id='line_1_115' title="bbox 1840 5738 3427 5812; baseline -0.006 -13"><span class='ocrx_word' id='word_1_804' title='bbox 1840 5746 2171 5799; x_wconf 88' lang='lat' dir='ltr'><strong>comitantur</strong></span> <span class='ocrx_word' id='word_1_805' title='bbox 2196 5751 2589 5805; x_wconf 90' lang='lat' dir='ltr'><strong>assentatores,</strong></span> <span class='ocrx_word' id='word_1_806' title='bbox 2616 5759 2724 5795; x_wconf 91' lang='lat' dir='ltr'><strong>non</strong></span> <span class='ocrx_word' id='word_1_807' title='bbox 2764 5758 2915 5812; x_wconf 85' lang='lat' dir='ltr'><strong>opes,</strong></span> <span class='ocrx_word' id='word_1_808' title='bbox 2952 5756 3059 5794; x_wconf 91' lang='lat' dir='ltr'><strong>non</strong></span> <span class='ocrx_word' id='word_1_809' title='bbox 3093 5738 3427 5810; x_wconf 73' lang='lat' dir='ltr'><strong>dignitatum</strong></span> 
     </span>
    </p>
   </div>
   <div class='ocr_carea' id='block_1_116' title="bbox 1842 5832 3429 5907">
    <p class='ocr_par' dir='ltr' id='par_1_116' title="bbox 1842 5832 3429 5907">
     <span class='ocr_line' id='line_1_116' title="bbox 1842 5832 3429 5907; baseline -0.006 -15"><span class='ocrx_word' id='word_1_810' title='bbox 1842 5840 2035 5894; x_wconf 73' lang='lat' dir='ltr'><strong>fastus.</strong></span> <span class='ocrx_word' id='word_1_811' title='bbox 2068 5836 2291 5893; x_wconf 81' lang='lat' dir='ltr'><strong>Vacuus</strong></span> <span class='ocrx_word' id='word_1_812' title='bbox 2335 5838 2548 5895; x_wconf 83' lang='lat' dir='ltr'><strong>amicis.</strong></span> <span class='ocrx_word' id='word_1_813' title='bbox 2581 5850 2791 5891; x_wconf 80' lang='lat' dir='ltr'><strong>vacuus</strong></span> <span class='ocrx_word' id='word_1_814' title='bbox 2826 5832 3217 5907; x_wconf 70' lang='lat' dir='ltr'><strong>adiutoribus,</strong></span> <span class='ocrx_word' id='word_1_815' title='bbox 3275 5832 3429 5884; x_wconf 44' lang='lat' dir='ltr'><strong>nulio</strong></span> 
     </span>
    </p>
   </div>
  </div>
