4206 6442
228 367 357 431 1489

223 480 351 549 βίου.
379 476 467 548 Μὴ
498 477 611 540 τοῖς
655 477 1024 547 γεγαμηκόσιν
1055 477 1154 530 οὐκ
1194 475 1407 547 ἐγράφη
1434 476 1502 529 τά
1530 473 1772 544 Εὐαγγέ-
1799 485 1843 536 Α

217 572 331 636 λια;
378 572 443 623 El
501 568 694 635 θέλεις
734 566 887 623 εἶναι
932 568 1175 636 τέλειος,
1209 568 1498 638 πώλησόν
1545 585 1663 623 σου
1698 569 1769 623 τὰ

215 664 576 733 ὑπάρχοντα,
622 664 719 717 καὶ
752 662 856 730 δὸς
895 665 1171 731 πτωχοὶς.
1234 663 1359 716 Ὅτε
1416 663 1566 733 ῇτεις
1616 663 1768 733 παρὰ

215 758 410 828 Κυρίου
431 756 545 827 ιτὴν
582 756 881 822 εὐπαιδίαν,
910 758 1039 809 ὅταν
1068 756 1217 826 ἠξίου
1234 776 1247 817 _:
1280 756 1533 824 γενέσθαι
1564 755 1769 810 τέκνων

214 849 410 919 πατὴρ,
453 844 565 919 ἆρα
607 847 955 919 προσέθηκας
990 847 1176 901 τοῦτο·
1218 849 1316 911 Δός
1344 866 1432 918 μοι
1466 848 1649 911 τέκνα,
1682 850 1769 902 ἵνα

211 938 535 1007 πλεονέκτης
587 938 874 1006 γενόμενος
910 938 976 1006 τῇ
1009 936 1279 1006 προφάσει
1320 934 1428 988 τῶν
1460 934 1664 988 παίδων
1699 936 1767 1005 τῇ

213 1047 401 1103 γεενψῃ
432 1030 719 1101 παραδοθῶ
738 1045 754 1060 ·
790 1030 878 1094 δός
914 1047 1003 1101 μοι
1046 1030 1261 1093 παιδας,
1294 1030 1378 1081 ἵνα
1402 1030 1494 1081 τοι)
1524 1028 1768 1096 Εὐάγγε-

211 1125 319 1177 λὶου
354 1124 750 1193 καταφρονήσω
782 1140 797 1189 ;

1484 362 1722 421 SACRA
1760 353 2223 420 PARALLELA.

3302 353 3435 415 1490

1870 473 1994 544 quis
2022 472 2175 527 vobis
2203 485 2267 527 ea
2310 485 2432 541 quae
2463 481 2642 524 vescra
2675 472 2825 533 sunt,
2878 466 3204 522 in’vestram
3258 472 3440 538 perni-

1871 568 2010 621 ciem
2036 562 2324 629 convertit,
2352 578 2439 627 ea,
2468 560 2713 631 inquam,
2744 575 2866 631 qua:
2887 558 2952 614 ad
2981 559 3105 615 vitae
3129 559 3436 614 subsidium

1872 658 1998 715 data
2032 658 2201 714 sunt?
2234 655 2419 726 Neque
2458 655 2606 710 enim
2638 669 2770 723 opes
2801 662 2858 708 ut
2905 653 3053 709 vitiis
3108 652 3441 708 inservirent

1874 769 2153 810 concessa:
2186 753 2426 817 fuerunt,
2455 753 2657 823 quibus
2685 748 2971 807 redimitur
3001 748 3205 802 anima.
3226 745 3442 815 Nequa-

1873 863 2038 919 quam
2066 849 2222 905 exitii
2255 848 2475 903 occasio
2522 862 2644 901 esse
2677 846 2899 911 debent,
2924 858 3046 914 quae
3088 840 3279 898 liberis
3306 838 3444 894 educ

1883 939 2075 995 candis
2103 940 2425 995 necessaria
2462 947 2611 993 sunt.
2638 938 2803 1007 Atqui
2845 935 3133 1006 speciosus
3172 933 3263 987 hic
3292 931 3447 988 color

1876 1028 2120 1083 avaritia:
2155 1036 2259 1084 est.
2314 1027 2545 1083 Liberos
2598 1029 2743 1083 enim
2777 1025 3115 1096 przctexitis;
3152 1024 3284 1093 quid
3314 1037 3443 1077 vero

1874 1122 2023 1178 intus
2069 1122 2124 1175 in
2169 1121 2336 1177 corde
2362 1122 2456 1182 sit,
2481 1122 2825 1191 apertissime
2859 1118 3111 1189 proditis.
3142 1114 3220 1171 Ne
3252 1116 3440 1170 inson-

213 1233 316 1277 tem
350 1218 575 1286 culpes:
612 1216 890 1269 dominum
933 1230 1092 1268 suum
1123 1215 1305 1279 habet,
1343 1214 1776 1282 dispensatorem
1824 1231 2005 1270 suum.
2039 1215 2122 1269 Ab
2160 1216 2267 1269 alio
2308 1217 2475 1268 vitam
2507 1213 2737 1282 accepit,
2768 1221 2824 1267 et.
2864 1211 2931 1265 ab
2954 1211 3075 1279 ipso
3121 1210 3247 1263 vita:
3304 1208 3442 1265 sub-

211 1314 345 1368 sidia
375 1311 740 1382 praestolatur.
775 1313 853 1362 An
893 1324 999 1362 non
1052 1308 1115 1362 iis
1147 1324 1236 1378 qui
1273 1310 1622 1363 matrimonio
1648 1324 1769 1364 sese
1818 1311 2221 1378 manciparunt,
2254 1310 2545 1381 Evangelia
2573 1309 2777 1379 scripta
2798 1307 2966 1380 488
3000 1306 3172 1362 sunt?
3233 1303 3296 1361 Si
3355 1306 3433 1359 vis

211 1406 472 1474 perfectus
499 1419 632 1464 esse,
660 1401 815 1456 rende
845 1416 1026 1454 omnia
1052 1416 1168 1468 quae
1197 1399 1376 1474 habes,
1407 1411 1455 1453 et
1489 1399 1559 1451 da
1587 1400 1903 1468 pauperibus
1939 1401 2163 1469 (Matth.
2241 1419 2332 1456 XIX
2352 1443 2368 1467 ,
2423 1403 2536 1470 21).

1286 1458 1311 1497 I

2617 1400 2753 1456 Cum
2808 1401 3052 1455 sobolem
3119 1413 3150 1452 a
3212 1395 3447 1453 Domino

212 1499 568 1569 postulabas.
601 1512 725 1551 cum
748 1497 818 1549 ab
848 1510 914 1549 eo
949 1495 1171 1565 petebas
1198 1492 1462 1563 uti’pater
1501 1492 1677 1559 fieres,
1710 1509 1778 1547 an
1826 1495 1959 1549 illud
1987 1512 2207 1565 quoque
2236 1496 2537 1565 adiunxisti
2574 1511 2590 1550 :
2625 1493 2700 1547 Da
2737 1493 2868 1547 mihi
2913 1493 3139 1555 liberos,
3203 1502 3261 1546 ut
3323 1505 3450 1545 ava-

211 1594 349 1648 ritize
405 1589 655 1647 studeam
742 1598 802 1642 ut
853 1603 1043 1644 eorum
1076 1602 1242 1642 causa
1281 1596 1337 1642 et
1398 1596 1663 1657 praetextu
1720 1591 1776 1643 in
1831 1588 2134 1660 gehennam
2172 1583 2475 1659 conjiciar?
2518 1588 2593 1641 Da
2644 1588 2777 1642 mihi
2818 1587 3042 1650 liberos,
3098 1593 3158 1639 ut
3207 1583 3451 1655 Evange-

210 1687 340 1742 lium
370 1680 758 1737 contemnam?

278 1773 468 1839 Δεῖξον
507 1777 575 1827 τά
602 1773 757 1842 ἔργα,
790 1770 886 1824 καὶ
928 1770 1148 1823 ἀπαίτει
1179 1780 1280 1834 τας
1319 1771 1633 1834 ἀντιδόσεις.
1670 1770 1775 1824 Οὐ-

1947 1765 2444 1821 Ιὸἱά.«-Οειθηᾶθ
2478 1779 2670 1834 opera,
2720 1772 2774 1819 et
2802 1778 2967 1833 posce
3005 1762 3246 1831 praamia.
3280 1760 3452 1815 Nemo

208 1868 316 1931 δεὶς
351 1867 494 1937 μετὰ
517 1866 578 1919 τὸ
608 1864 834 1934 λυθῆναι
861 1864 959 1934 τὴν
980 1864 1284 1933 πανήγυριν
1308 1862 1777 1935 πραγματεύεται,

207 1960 327 2014 οὐδὲ
368 1958 514 2030 μετὰ
561 1958 686 2021 τοὺς
726 1955 943 2025 άγῶνας
978 1955 1219 2009 ἐπελθὼν
1258 1957 1636 2027 στεφανοῦται,
1662 1958 1781 2011 οὐδὲ

209 2053 350 2122 μετὰ
370 2038 502 2114 τοίἷς
526 2049 794 2119 πολέμους
824 2048 1153 2120 άνδραγαθεῖ
1174 2064 1188 2078 ⁸
1221 2046 1283 2102 οὐ
1305 2049 1485 2103 τοίνυν
1521 2046 1658 2120 μετὰ
1683 2050 1781 2121 τὴν

207 2142 353 2213 ζωὴν
420 2141 637 2196 εὐσεϐεῖ
672 2139 934 2211 δηλονότι.
976 2139 1069 2195 Ἐν
1116 2139 1306 2210 μέλανι
1346 2139 1441 2193 καὶ
1489 2140 1780 2212 γράμμασι

208 2233 631 2304 κατεπαγγέλλῃ
662 2234 759 2296 τὰς
797 2232 1064 2295 εὐποιίας.
1094 2232 1190 2295 Τίς
1232 2227 1327 2286 οὖν
1380 2233 1673 2300 ἀναγγελεῖ
1702 2250 1783 2286 σοι

205 2330 297 2382 τὸν
320 2328 519 2397 καιρὸν
539 2327 639 2397 τῆς
666 2325 866 2391 ἐξόδου,
885 2325 973 2388 τίς
995 2324 1267 2395 ἐγγυητὴς
1290 2323 1441 2378 ἔσται
1463 2326 1556 2378 τού
1580 2325 1781 2397 τρόπου

205 2421 304 2489 τῆς
332 2420 629 2489 τελευτῆςς
662 2418 823 2471 Πόσοι
876 2416 985 2472 ἀπὸ
1027 2416 1219 2485 βιαίων
1246 2418 1608 2487 ἡρπάσθησαν
1641 2435 1782 2487 συμ-

205 2510 543 2580 πτωμάτων,
579 2507 702 2561 οὐδὲ
754 2506 936 2577 φωνὴν
976 2505 1135 2576 ῥῆξαι
1182 2506 1625 2576 συγχωρηθέντες
1677 2506 1783 2560 ὐπὸ

205 2603 302 2655 τοῦ
334 2601 582 2664 πάθους;
613 2598 814 2661 πόσους
836 2599 1068 2670 πυρετὸς
1104 2599 1359 2669 ἐποίησεν
1386 2598 1686 2671 ἔκφρονας
1717 2600 1782 2655 Τί

207 2686 303 2744 οὖν
353 2691 649 2761 ἀναμένεις
698 2689 908 2760 καιρδν,
968 2690 1027 2742 ὲν
1081 2680 1126 2755 ᾧ
1182 2687 1440 2751 πολλάκις
1504 2688 1626 2741 οὐδὲ
1674 2690 1784 2743 τῶν

208 2782 448 2837 σεαυτοῦ
478 2781 753 2851 λογισμῶν
782 2782 912 2852 san;
951 2780 1066 2846 Νὺξ
1116 2780 1327 2850 βαθεῖα,
1366 2780 1461 2835 καὶ
1498 2781 1651 2844 νόσος
1687 2781 1785 2852 βα-

206 2875 357 2944 ρεῖα,
392 2874 492 2927 καὶ
530 2876 559 2928 ὀ
607 2872 814 2943 βοηθῶν
843 2872 1101 2943 οὐδαμοῦ,
1147 2873 1243 2926 καὶ
1294 2873 1323 2925 ὁ
1360 2873 1664 2944 ἐφεδρεύων
1706 2874 1784 2946 τῷ

204 2966 403 3036 κλήρῳ
429 2965 666 3035 ἕτοιμος.
696 2965 880 3019 Πάντα
900 2964 1036 3035 πρὸς
1069 2964 1130 3018 τὸ
1166 2966 1360 3019 ἑαυτοῦ
1395 2966 1615 3036 δόκιμον
1645 2985 1781 3037 χρη-

204 3058 453 3131 σάμενος
499 3059 757 3129 ἇπρακτά
799 3075 891 3111 σου
934 3057 1005 3110 τὰ
1046 3056 1384 3127 βουλεύματα
1424 3057 1609 3112 ποιῶν.
1651 3055 1783 3113 Εἶτα

1881 1859 2077 1913 solutis
2104 1858 2366 1913 nundinis
2393 1860 2719 1926 negotiatur,
2752 1871 2851 1909 nec
2877 1855 2970 1924 qui
2996 1863 3117 1924 post
3148 1853 3446 1908 certamina

1881 1949 2137 2013 advenit,
2196 1963 2402 2002 corona
2456 1949 2724 2009 donatur,
2780 1961 2957 2016 neque
3008 1953 3225 2015 patrato
3271 1944 3443 2003 bello,

1881 2043 2161 2109 egregium
2194 2039 2320 2107 quis
2353 2038 2566 2092 facinus
2603 2040 2750 2099 edit;
2794 2052 2899 2092 nec
2928 2036 3159 2106 proinde
3198 2036 3450 2091 confecto

1881 2131 2006 2184 vita:
2034 2130 2337 2195 curriculo,
2371 2128 2559 2199 pietati
2583 2128 2674 2181 dat
2713 2142 2959 2195 operam.
2985 2126 3040 2180 ln
3072 2134 3377 2180 atramento
3399 2138 3452 2180 et

1881 2224 2071 2278 charta
2101 2222 2365 2280 beneficia
2393 2221 2695 2293 polliceris.
2730 2220 2865 2288 Quis
2898 2228 2954 2277 te
2989 2220 3058 2276 de
3101 2221 3284 2275 exitus
3325 2228 3455 2274 tem-

1880 2333 2016 2388 pore
2065 2318 2359 2373 certiorem
2393 2316 2587 2371 faciet?
2630 2316 2756 2385 quis
2788 2317 2984 2370 mortis
3034 2314 3131 2368 tibi
3169 2313 3457 2384 spondebit

1882 2412 2147 2465 modum?
2173 2408 2317 2477 Quot
2349 2411 2598 2465 homines
2623 2409 2879 2466 violentis
2914 2408 3138 2463 casibus
3172 2408 3240 2462 de
3274 2409 3453 2464 medie

1881 2507 2092 2576 abrepti
2138 2517 2287 2570 sunt,
2338 2513 2397 2560 ut
2449 2522 2562 2576 pra:
2610 2507 2785 2561 morbi
2819 2504 3121 2559 acerbitate
3149 2518 3219 2558 ne
3260 2512 3449 2557 vocent

1881 2597 2101 2668 quidem
2133 2597 2269 2667 ipsis
2295 2602 2509 2653 mittere
2534 2598 2792 2665 licuerit?
2818 2597 2963 2665 Quot
2995 2595 3247 2650 homines
3281 2593 3451 2649 febris

1882 2698 2128 2745 amentes
2182 2689 2358 2746 fecit?
2405 2692 2539 2763 quid
2588 2701 2807 2760 tempus
2858 2688 2997 2744 illud
3046 2694 3358 2757 exspectas,
3394 2685 3450 2739 in

1882 2796 1992 2851 quo
2022 2796 2165 2853 saepe
2196 2798 2265 2838 ne
2307 2783 2538 2839 rationis
2577 2783 2800 2854 quidem
2832 2795 3062 2852 compos
3114 2779 3333 2834 futurus
3357 2790 3461 2844 es?

1838 2931 1847 2934 -
1882 2875 2001 2929 Nox
2032 2874 2321 2945 profunda,
2384 2875 2615 2929 morbus
2652 2875 2854 2944 gravis,
2907 2882 2960 2925 et
2996 2873 3088 2942 qui
3138 2871 3237 2924 tibi
3298 2885 3457 2939 opem

1884 2965 2047 3028 ferat,
2098 2979 2372 3035 nusquam
2398 2972 2521 3031 est;
2561 2967 2655 3033 qui
2686 2972 2869 3019 autem
2920 2961 3223 3017 haereditati
3276 2958 3460 3013 immi-

1885 3066 2009 3112 neat
2036 3068 2239 3126 przesto
2264 3066 2370 3125 est,
2403 3058 2612 3128 quique
2653 3058 2838 3112 omnia
2869 3057 2935 3111 ad
2968 3057 3261 3111 utilitatem
3304 3068 3459 3108 suam

204 3148 688 3219 ⁴ιτεριὸλειιριάμενος
710 3143 810 3202 ὦδε
840 3150 935 3203 καὶ
955 3142 1078 3213 ὧδε,
1105 3150 1200 3203 καὶ
1226 3148 1348 3202 ἰδὼν
1367 3150 1465 3217 τὴν
1489 3151 1786 3221 περιεστῶ·

1889 3148 2260 3213 administret,
2292 3158 2347 3204 et
2396 3152 2553 3205 irrita
2590 3152 2825 3205 consilia
2859 3158 2950 3203 tua
2985 3148 3195 3204 reddat.
3233 3150 3311 3201 Ac
3345 3155 3459 3200 tum

208 3239 312 3292 σάν
348 3255 414 3291 σε
454 3239 711 3307 ἐρημίαν,
740 3240 860 3290 τότε
897 3238 1131 3306 αἰσθήσῃ
1182 3238 1283 3305 τῆς
1341 3237 1621 3301 ἀϐουλίας,
1664 3239 1785 3293 τότε

209 3323 506 3389 στενάξεις
531 3324 631 3393 τὴν
665 3324 869 3386 ἄνοιαν,
900 3325 979 3387 είς
1007 3320 1116 3376 οἷον
1146 3325 1336 3396 καιρὸν
1365 3324 1655 3395 ὲταμιεύου
1688 3327 1790 3396 τὴν

206 3414 478 3484 ἐντολήν*
519 3414 611 3467 ὅτε
656 3415 689 3484 ὴ
736 3414 837 3482 μὲν
880 3412 1102 3481 γλῶσσα
1166 3416 1507 3484 παρεῖται,ή
1555 3416 1613 3469 δὲ
1668 3418 1790 3487 χεὶρ

207 3502 533 3572 ὑπότρομος
568 3503 665 3573 ήδη
703 3503 1031 3574 κλονουμένη
1057 3506 1178 3568 ταῖς
1210 3504 1515 3571 συνολκαίς,
1540 3507 1617 3569 ὼς
1652 3510 1791 3578 μήτε

208 3596 399 3663 φωνῇ,
422 3594 559 3664 μήτε
575 3595 862 3665 γράμμασι
880 3596 1209 3665 διασημᾶναι
1224 3596 1324 3667 τὴν
1338 3596 1581 3666 γνώμην.
1603 3599 1794 3652 Καίτοι

207 3685 262 3736 εί
305 3686 413 3737 καὶ
438 3686 614 3739 πάντα
648 3686 896 3756 φανερῶς
945 3686 1281 3757 ἐγέγραπτο,
1320 3688 1417 3740 καὶ
1452 3690 1601 3741 πᾶσα
1642 3690 1794 3760 φωνὴ

206 3775 524 3847 διαρρήδην
560 3779 889 3850 κεκήρυκτο,
933 3777 992 3831 ἓν
1035 3780 1270 3849 γράμμα
1313 3779 1638 3850 παρεντεθὲν
1680 3781 1796 3834 ἰκα-

210 3864 413 3940 νὸνῆν
448 3870 626 3923 πᾶσαν
659 3872 1020 3940 μεταποιῆσαι
1046 3871 1144 3940 τὴν
1166 3870 1389 3941 γνώμην

1890 3237 1997 3291 huc
2028 3238 2271 3307 illucque
2300 3240 2774 3309 circumspiciens,
2796 3255 3024 3310 quaque
3057 3242 3110 3293 in
3163 3237 3462 3294 solitudine

1892 3327 2131 3382 verseris
2155 3327 2399 3391 intuens,
2441 3345 2603 3398 quam
2639 3331 2780 3383 male
2813 3330 2909 3384 tibi
2964 3330 3310 3384 consulueris
3337 3344 3463 3383 sen-

1892 3417 2018 3482 ties,
2046 3426 2207 3485 atque
2239 3420 2536 3473 amentiam
2567 3427 2714 3473 tuam
2746 3420 3088 3489 deplorabis.
3114 3420 3208 3487 qui
3253 3419 3305 3472 in
3356 3420 3463 3473 tale

1893 3516 2109 3576 tempus
2136 3506 2384 3561 divinum
2408 3508 2727 3564 mandatum
2763 3511 3134 3565 reservaveris
3157 3528 3172 3577 ;
3198 3524 3321 3564 cum
3345 3509 3459 3578 jam

1893 3606 1947 3650 et
1967 3596 2151 3667 lingua
2169 3597 2367 3663 fracta,
2392 3606 2446 3652 et
2469 3598 2744 3669 languida,
2761 3610 2814 3655 et
2836 3616 3031 3656 manus
3053 3599 3286 3655 tremula
3318 3600 3459 3653 erit:

1896 3698 2085 3759 utpote
2120 3690 2327 3745 crebris
2363 3692 2845 3747 contractionibus
2890 3693 3117 3763 agitata,
3152 3692 3227 3745 ita
3270 3700 3329 3745 ut
3359 3705 3464 3743 nec

1894 3795 2051 3845 voce,
2085 3794 2189 3835 nec
2211 3780 2419 3849 scripto
2454 3781 2791 3837 voluntatem
2828 3796 2980 3837 tuam
3031 3781 3225 3837 efferre
3269 3796 3462 3851 queas.

1896 3872 2221 3943 Quanquam
2249 3873 2467 3953 etiamsi
2496 3874 2683 3928 omnia
2710 3876 3001 3946 perspicue
3024 3877 3227 3945 scripta
3256 3882 3464 3938 essent,

213 3973 282 4011 ac.
330 3976 496 4014 voces
535 3975 727 4016 omnes
779 3971 964 4031 aperte
1009 3971 1395 4031 pronuntiataa,
1435 3964 1794 4018 attamen-vel
1842 3966 2005 4019 unius
2040 3966 2235 4019 litterae
2266 3968 2582 4035 interjectio
2603 3967 2705 4021 toti
2755 3970 3046 4024 sententiae
3111 3977 3217 4023 tua:
3267 3970 3466 4023 immu-

211 4051 411 4103 tandae
442 4047 714 4126 sufﬁciens
732 4049 889 4104 foret.

290 4139 435 4196 Οἶδα
478 4141 704 4205 πολλοὺς
731 4144 1106 4213 νηστεύοντας,
1138 4145 1645 4216 προσευχομένους,·
1668 4163 1789 4199 στε-

210 4238 517 4301 νάζοντας,
542 4236 720 4287 πᾶσαν
740 4237 839 4306 τὴν
870 4236 1140 4289 ἀδάπανον
1174 4237 1459 4290 εὐλάϐειαν
1489 4239 1791 4291 ἐπιδεικνυ-

216 4331 449 4399 μένους,
484 4325 666 4378 όὸολὸν
693 4325 749 4378 δὲ
778 4327 871 4379 ἕνα
901 4330 975 4397 μὴ
1012 4328 1368 4398 προϊεμένους
1388 4331 1498 4390 τοῖς
1542 4328 1791 4397 θλιϐομέ-

210 4439 365 4481 νοις.
414 4418 477 4470 Τί
514 4417 703 4486 δφελος
732 4420 941 4483 τούτοις
972 4418 1071 4489 τῆς
1114 4420 1303 4489 λοιπῆς
1339 4421 1568 4491 άρετῆς;
1599 4422 1659 4473 οὐ
1686 4421 1795 4491 γάρ

214 4510 603 4583 παραδέχεται
634 4510 829 4573 αὐτοὺς
860 4511 892 4581 ἡ
928 4511 1175 4580 βασιλεία
1204 4512 1312 4565 τῶν
1345 4513 1611 4583 οὐρανῶν.

300 4682 561 4750 Πώλησόν
594 4699 688 4736 σου
714 4682 781 4736 τά
812 4683 1141 4755 ὑπάρχοντα,
1170 4684 1264 4737 καὶ
1289 4683 1376 4747 δὸς
1420 4686 1674 4753 πτωγοῖς,
1714 4683 1799 4736 ἵνα

214 4777 369 4847 ἔχῃς
400 4776 606 4843 ἐφόδιον
660 4776 794 4845 πρὸς
825 4777 1051 4829 αἰωνίαν
1084 4777 1397 4831 ἀπόλαυσιν.
1439 4777 1675 4847 Ἀπέρχη
1709 4776 1799 4829 λυ-

219 4868 547 4935 πούμενος;
604 4868 726 4920 Ἐάν
772 4868 826 4920 δὲ
868 4866 1126 4939 ἀκούσῃς,
1154 4868 1253 4931 Δὸς
1289 4869 1545 4938 χρήματα
1590 4870 1800 4936 γυναιξὶ

220 4958 547 5029 χλιδῶσαις,
594 4956 680 5020 δὺς
717 4956 996 5021 λιθοξόοις,
1038 4958 1272 5021 τέκτοσι,
1311 4958 1665 5028 ψηφοθέταις,
1698 4960 1802 5023 ζων

222 5053 491 5120 γράφοι-ς,
520 5050 725 5119 χαίρεις
756 5051 829 5112 ὡς
857 5050 919 5120 δή
951 5068 1001 5103 τι
1028 5050 1323 5121 χρημάτων
1354 5049 1675 5120 τιμιὼτερον
1709 5069 1802 5103 κα-

219 5140 605 5209 τακτώμενος.
631 5140 740 5209 Οὐχ
755 5141 885 5209 ὁρᾷς
913 5138 1035 5202 τοῖις
1059 5140 1267 5208 τοίχους
1294 5138 1531 5203 τούτους,
1547 5141 1677 5202 τοὺς
1701 5138 1805 5209 ὑπὸ

222 5232 339 5285 τοῦ
395 5231 587 5301 χρόνου
618 5230 1050 5302 καταρῤυέντας,
1104 5223 1179 5283 ὧν
1226 5231 1294 5281 τὰ
1339 5230 1562 5299 λείψανα
1614 5228 1802 5299 ὥσπερ

230 5322 503 5376 σκόπελοί
526 5340 670 5385 τινες
702 5323 788 5377 διὰ
802 5323 900 5394 τῆς
933 5322 1137 5384 πόλεως
1164 5321 1343 5388 πάσης
1370 5323 1659 5392 ἁνέχουσι;
1699 5321 1803 5373 Πό-

231 5435 333 5471 σοι
363 5413 503 5486 ἦσαν
533 5417 674 5470 κατὰ
711 5417 810 5487 τὴν
862 5417 1013 5470 πόλιν
1068 5417 1295 5487 πένητες
1346 5418 1551 5469 τούτων
1598 5418 1807 5485 ἐγειρο-

238 5511 450 5581 μένων,
484 5508 532 5562 οἳ
568 5509 653 5561 διά
682 5510 779 5578 τὴν
802 5527 866 5561 πε
877 5511 927 5573 pl.
953 5510 1123 5563 ταῦτα
1150 5508 1399 5579 σπουδὴν,
1432 5509 1535 5561 ὑπὸ
1554 5507 1660 5560 τῶν
1687 5509 1806 5561 τότε

236 5601 523 5654 πλουσίων
557 5602 951 5672 παρεωρῶντο;
998 5602 1104 5655 Ποῦ
1150 5601 1390 5671 τοίνυνή
1436 5600 1665 5669 λαμπρὰ
1700 5600 1806 5652 τῶν

242 5700 430 5767 ἔργων
457 5698 764 5767 κατασκευὴ
786 5715 802 5760 ;
829 5697 931 5750 ποῦ
956 5697 1012 5750 δὲ
1044 5699 1073 5750 ὁ
1095 5696 1187 5750 ἐπὶ
1207 5696 1407 5748 τούτων
1440 5693 1807 5765 μεγαλουργίᾳ

242 5792 578 5862 ξτιλσῦμενος
604 5835 615 5857 ,
662 5794 732 5844 0.3
777 5792 842 5845 τὰ
888 5794 986 5862 μὲν
1015 5792 1341 5861 συγκέχυται
1373 5791 1461 5844 καὶ
1499 5791 1804 5860 ἠφάνισται.

1967 4140 2107 4195 Ibid.
2128 4175 2193 4185 -
2228 4142 2423 4199 Multos
2455 4146 2577 4198 novi
2608 4144 2944 4214 jejunantes,
2969 4157 3210 4214 orantes,
3242 4166 3465 4219 gemen-

1898 4242 1999 4290 tes.
2031 4246 2193 4287 omne
2225 4232 2459 4303 denique
2510 4243 2731 4305 sumptu
2765 4250 2993 4289 vacuum
3026 4250 3200 4306 genus
3244 4238 3465 4307 pietatis

1900 4338 2008 4392 pra:
2039 4337 2097 4377 se
2127 4323 2405 4387 ferentes;
2434 4327 2527 4393 qui
2561 4343 2627 4381 ne
2658 4343 2823 4381 unum
2856 4328 3076 4398 quidem
3113 4332 3334 4384 obolum
3365 4349 3465 4401 op-

1902 4417 2106 4483 piessis
2138 4418 2487 4487 projicerent.
2515 4418 2608 4473 llis
2633 4436 2796 4489 porro
2818 4421 2948 4490 quid
2971 4424 3187 4477 tandem
3213 4424 3467 4480 utilitatis

1903 4506 2099 4559 all'erre
2151 4508 2373 4575 reliqua:
2419 4509 2651 4563 virtutes
2701 4519 2929 4577 queant,
2958 4526 3083 4564 cum
3112 4526 3207 4566 eos
3236 4529 3465 4584 regnum

1902 4597 2165 4650 malorum
2206 4597 2625 4667 haudquaquam
2664 4600 2947 4656 admittat?

1977 4687 2119 4741 Ibid.
2149 4718 2221 4730 —
2253 4689 2435 4745 Vende
2468 4704 2593 4760 quae
2626 4691 2816 4753 habes,
2845 4702 2899 4746 et
2928 4691 2997 4746 da
3028 4695 3380 4765 pauperibus,
3408 4705 3468 4749 ut

1906 4777 1974 4829 ad
2003 4786 2258 4832 maternam
2289 4779 2623 4848 voluptatem
2660 4780 2919 4835 viaticum
2958 4795 3331 4853 comparatum
3370 4785 3469 4837 lia-

1908 4874 2055 4926 beas.
2093 4870 2319 4925 Mtestus
2357 4872 2642 4926 abscedis?
2676 4870 2733 4926 Si
2767 4882 2948 4928 autem
2978 4876 3241 4937 audieris,
3268 4875 3336 4929 da
3374 4892 3469 4945 pe-

1908 4965 2101 5017 cunias
2163 4961 2485 5017 mulieribus
2538 4962 2593 5015 in
2648 4962 2837 5017 luxum
2868 4963 3081 5028 efl'uSts,
3109 4964 3177 5017 da
3225 4966 3465 5031 lalomis,

1909 5052 2098 5117 fabris,
2133 5052 2467 5116 calculariis,
2494 5053 2833 5122 pictoribus;
2883 5054 3112 5124 gaudes,
3148 5055 3372 5124 perinde
3402 5071 3467 5107 ac

1909 5144 1955 5197 si
2010 5144 2356 5212 praestantius
2410 5145 2659 5211 pecuniis
2706 5145 2998 5214 quidquam
3058 5146 3336 5214 acquiras.
3371 5145 3465 5199 νίς

1910 5235 2074 5289 dcsne
2135 5236 2368 5304 parietes
2410 5236 2545 5291 istos
2582 5246 2855 5291 vetustate
2896 5239 3193 5307 collapsos,
3231 5254 3465 5308 quorum

1912 5330 2173 5397 reliquus,
2212 5338 2471 5396 tanquam
2530 5330 2741 5397 scopuli
2788 5330 3045 5398 quidam,
3098 5333 3300 5400 passim
3357 5340 3467 5386 tota

1910 5419 2046 5474 urbe
2079 5418 2425 5488 prominent?
2462 5416 2734 5484 Quoniam
2775 5420 2831 5473 in
2867 5420 3023 5487 urbe,
3072 5436 3195 5475 cum
3229 5422 3267 5475 ii
3294 5423 3470 5491 erige-

1912 5512 2131 5575 bantur,
2189 5526 2451 5579 pauperes
2486 5519 2662 5575 erant,
2724 5528 2863 5581 quos
2916 5512 3260 5581 tempestatis
3320 5513 3471 5571 illius

1912 5602 2107 5655 divites
2140 5602 2209 5655 ob
2250 5600 2561 5670 liujusmodi
2597 5616 2779 5656 rerum
2825 5603 3066 5656 studium
3100 5584 3474 5672 aspernabatu-

1913 5695 2037 5747 tur?
2066 5694 2297 5747 Ubinam
2339 5694 2506 5764 igitur
2544 5703 2626 5748 est
2657 5695 2914 5764 prteclara
2947 5696 3034 5748 illa
3068 5692 3473 5765 operumg'tnt—

1916 5788 2105 5865 ctura?
2143 5787 2232 5842 tibi
2266 5788 2373 5847 illc.
2415 5805 2503 5849 qui
2554 5798 2771 5857 propter
2803 5804 2918 5845 cum
2950 5803 3171 5857 operum
3218 5788 3463 5859 magnifi-
