4206 6442
750 392 878 456 1401

1872 395 1930 452 S.
1956 392 2276 452 JOANNIS
2313 391 2705 450 DAMASCEN
2714 390 2740 450 Ι

3842 385 3976 449 1692

742 505 976 558 centiam
1004 503 1256 558 laudibus
1281 503 1332 556 in
1368 502 1565 556 cmlum
1598 502 1922 557 ferebatur?
1948 503 2030 556 An
2053 517 2163 557 non
2191 501 2304 557 haec

2405 503 2594 572 ὥσπερ
2620 501 2676 554 αί
2702 498 2845 553 κατὰ
2869 497 3092 553 παιδιὰν
3142 498 3201 550 ἐν
3243 499 3361 560 ταῖς
3415 496 3666 568 ψάμμοις
3713 497 3822 549 ὑπὸ
3871 497 3981 549 τῶν

738 595 986 666 quidem,
1014 612 1120 650 non
1150 610 1312 650 secus
1336 604 1499 665 atque
1541 610 1605 649 ea
1636 611 1760 664 qua:
1790 610 1820 649 a
1845 595 2031 665 pueris
2053 596 2109 650 in
2138 609 2302 649 arena

739 703 832 754 per
854 683 1041 742 lu'dum
1058 687 1427 753 aediﬁcantur,
1443 687 1674 745 confusa
1699 688 1812 760 jam
1832 689 2118 759 deletaque
2142 689 2302 744 sunt?

736 777 834 832 Ille
859 787 1040 833 autem
1066 779 1211 848 jacet
1234 780 1290 834 in
1324 779 1559 846 inferno,
1585 781 1792 850 ingenti
1826 781 1899 836 ob
1928 797 2110 837 rerum
2139 795 2305 835 vana-

735 883 859 922 rum
900 869 1146 925 studium
1171 885 1407 926 maerore
1436 871 1663 928 allectus
1683 875 1705 926 ἲ
1726 871 1919 942 Magno
1944 872 2129 926 animo
2159 879 2300 926 esto.

737 955 998 1024 Parietes,
1029 966 1144 1012 tam
1191 959 1376 1028 exigui
1415 976 1578 1030 quam
1621 961 1827 1032 magni,
1863 959 2114 1016 eumdem
2143 975 2302 1016 usum

734 1047 992 1106 afferunt.
1048 1049 1183 1106 Cum
1222 1049 1390 1120 inepti
1447 1052 1733 1122 cujusdam
1787 1051 2029 1106 hominis
2080 1053 2303 1106 domum

733 1141 1035 1212 ingredior,
1067 1157 1298 1213 eamque
1348 1145 1499 1198 omni
1554 1143 1748 1200 ﬂorum
1802 1158 2003 1214 genere
2040 1143 2303 1199 nitentem

731 1233 1036 1303 conspicio,
1089 1233 1195 1290 hoc
1238 1234 1370 1288 mihi
1423 1233 1744 1304 persuadeo,
1798 1234 1936 1289 nihil
1986 1249 2109 1290 eum
2139 1235 2306 1289 rebus

733 1323 843 1378 illis
894 1340 1016 1393 quae
1061 1326 1119 1380 in
1168 1336 1448 1396 aspectum
1504 1326 1712 1382 cadunt
1757 1327 2108 1397 praestantius
2141 1325 2308 1397 5,89

732 1415 1048 1485 possidere;
1087 1417 1183 1472 sed
1209 1433 1332 1472 cum
1363 1434 1450 1474 res
1480 1418 1753 1474 inanimas
1778 1427 2034 1482 exornat,
2065 1421 2305 1474 animam

731 1505 852 1578 ipse
882 1516 1112 1564 ornatus
1152 1517 1429 1579 expertem
1464 1509 1644 1565 habet.
1672 1510 1843 1576 Quem
1872 1512 2113 1574 tandem,
2145 1511 2308 1566 obse-

729 1614 849 1664 cro,
883 1601 1202 1672 ampliorem
1247 1617 1408 1656 usum
1455 1601 1698 1671 praebent
1739 1603 1979 1672 argentei
2027 1603 2105 1657 illi
2155 1602 2306 1668 lecti,

733 1699 1004 1762 argenteae
1046 1708 1270 1756 mensae,
1311 1692 1538 1748 eburnei
1586 1693 1714 1759 tori,
1753 1695 2009 1750 eburneae
2047 1695 2213 1757 sellae,
2251 1702 2310 1748 ut

733 1799 927 1840 eorum
959 1799 1126 1839 causa
1175 1799 1309 1855 Opes
1340 1784 1406 1838 ad
1437 1800 1704 1854 pauperes
1730 1787 1957 1842 mlnime
1988 1786 2309 1843 transeant?

2407 593 2616 647 παίδων
2647 591 3166 662 φιλοτεχνούμεναις
3226 589 3286 643 '0
3329 589 3386 644 δὲ
3417 592 3476 643 ἐν
3515 589 3592 660 τῷ
3632 589 3734 661 ᾄδῃ
3777 591 3976 651 κεῖται,

2405 688 2499 742 ἐπὶ
2525 691 2592 759 τῇ
2627 686 2828 755 σπουδῇ
2863 685 2973 740 τῶν
3004 683 3247 755 ματαίων
3281 683 3758 754 μεταμελόμενος;
3791 684 3981 750 Μεγά-

2404 781 2503 851 λην
2524 780 2614 850 ἔχε
2642 779 2742 851 τὴν
2768 777 2968 848 ψυχήν.
2997 777 3176 846 Τοῖχοι
3203 775 3282 840 δὲ,
3309 775 3407 828 καὶ
3437 773 3646 844 μικροὶ,
3673 774 3770 829 καὶ
3803 773 3980 842 μεγά-

2404 875 2486 928 λοι
2539 873 2638 944 τὴν
2687 871 2857 943 αὐτὴν
2895 870 3083 941 χρείαν
3131 867 3448 942 πληροῦσιν.
3500 866 3674 920 Ὀταν
3719 866 3979 934 παρέλθω

2405 967 2488 1028 εἰς
2519 965 2692 1018 οἰκίαν
2722 963 2913 1036 ἀνδρὸς
2936 962 3326 1032 ἀπειροκάλου,
3360 961 3454 1014 καὶ
3500 961 3593 1014 τδω
3637 960 3808 1030 αὐτὴν
3845 978 3983 1014 παν,

2404 1055 2572 1118 τοίοις
2600 1051 2992 1124 γεγανωμένην
3015 1051 3252 1117 ἄνθεσιν,
3272 1046 3391 1105 οἶδα
3413 1053 3495 1104 ὅτι
3517 1044 3670 1112 οὗτος
3691 1050 3845 1103 οὐδὲν
3873 1051 3982 1102 τῶν

2406 1146 2697 1218 ὁρωμένων
2720 1163 2772 1199 τι
2781 1143 3048 1216 μιώτερον
3075 1143 3338 1213 κέκτηται
3358 1159 3373 1174 ο
3406 1142 3544 1196 ἀλλὰ
3570 1142 3639 1195 τὰ
3671 1142 3771 1208 μὲν
3797 1142 3983 1212 ἄψυχα

2405 1235 2754 1302 καλλωπίζει,
2787 1235 2885 1306 τὴν
2922 1235 2979 1290 δὲ
3027 1233 3204 1304 ψυχὴν
3251 1233 3564 1303 ακόσμητον
3599 1235 3735 1302 ἐχει.
3785 1233 3979 1292 Ποιαν,

2408 1331 2529 1385 εἰπέ
2561 1347 2672 1401 μοι,
2703 1328 2891 1401 χρείαν
2933 1327 3328 1398 περισσοτέραν
3376 1327 3704 1397 παρέχουσιν
3737 1327 3981 1397 ἀργυραί

2407 1422 2608 1485 κλίναι,
2633 1423 2726 1475 καὶ
2753 1421 3021 1492 τράπεζαι
3050 1422 3312 1490 ἀργυραῖ,
3327 1419 3668 1487 ἐλεφάντιναι
3700 1418 3977 1481 πισάδες,

2408 1514 2503 1566 καὶ
2530 1511 2865 1579 ἐλεφάντινοι
2890 1509 3091 1579 δίφροι,
3121 1507 3262 1561 ὥστε
3299 1508 3392 1560 τὸν
3421 1507 3651 1560 πλοῦτον
3682 1506 3773 1560 διὰ
3804 1506 3979 1559 ταῦτα

2413 1603 2487 1673 μὴ
2536 1601 2833 1654 διαϐαίνειν
2874 1598 3011 1670 πρὸς
3061 1599 3188 1661 τοὺς
3238 1598 3522 1666 πτωχοὺς,
3564 1597 3743 1650 καίτοι
3796 1597 3980 1665 μυρίοι

2409 1695 2741 1764 ἐφεστήκασι
2762 1695 2828 1763 τῇ
2844 1691 2983 1762 θύρᾳ
3004 1693 3220 1746 ἅπασαν
3240 1689 3489 1756 ἀφιέντες
3511 1689 3750 1759 ἐλεεινὴν
3773 1705 3982 1756 φωνην,

2413 1790 2478 1842 σὺ
2505 1788 2562 1841 δέ
2590 1788 2726 1857 ἀρνῇ
2775 1786 2872 1856 τὴν
2917 1784 3081 1848 δόσιν,
3114 1784 3376 1839 ἀδύνατον
3416 1779 3556 1834 εἶναι
3605 1781 3784 1849 λέγων
3811 1783 3983 1850 ἐπαρ-

735 1873 850 1928 Etsi
890 1875 1134 1930 sexcenti
1189 1876 1256 1930 ad
1301 1875 1450 1931 fores
1497 1884 1618 1931 tuas
1671 1884 1884 1938 astant.
1942 1877 2307 1932 miserabilem

2416 1881 2530 1932 κεῖν
2570 1881 2682 1940 τοῖς
2719 1877 2964 1932 σίτοῦσι·
2997 1878 3095 1931 καὶ
3137 1879 3205 1948 τῇ
3257 1876 3356 1947 μὲν
3402 1875 3620 1948 γλώσσῃ
3663 1874 3983 1944 ὲξόμνυσαι,

735 1970 966 2024 omnino
995 1983 1187 2024 vocem
1229 1969 1560 2036 emittentes,
1613 1977 1670 2024 tu
1715 1971 1912 2040 stipem
1950 1986 2136 2040 negas,
2194 1971 2311 2028 ﬁeri

735 2075 846 2115 non
893 2077 1060 2131 posse
1091 2061 1286 2116 dicens
1318 2069 1379 2116 ut
1417 2060 1775 2131 poscentibus
1825 2062 2085 2117 suﬂicias.
2136 2063 2313 2132 Atque

736 2153 926 2223 lingua
976 2153 1196 2224 quidem
1249 2153 1436 2223 juras;
1491 2162 1544 2209 te
1588 2167 1723 2208 vero
1781 2169 1977 2210 manus
2033 2156 2312 2225 coarguit,

736 2246 942 2315 quippe
985 2261 1107 2316 quae
1158 2247 1505 2302 mendacium
1562 2255 1715 2301 tuum
1750 2248 1981 2302 tacendo
2030 2250 2312 2318 praedicat,

739 2337 934 2390 annuli
989 2337 1114 2406 pala
1155 2338 1608 2409 circumfulgens.
1663 2337 1805 2403 Quot
1839 2338 2090 2395 homines
2123 2341 2317 2398 unicus

741 2428 978 2483 annulus
1020 2436 1148 2485 tuus
1178 2446 1284 2486 aere
1329 2431 1510 2487 alieno
1542 2432 1775 2488 liberare
1814 2438 2026 2504 potest!
2056 2447 2187 2505 quot
2215 2438 2315 2491 do-

741 2536 863 2576 mos
903 2521 1151 2579 labentes
1201 2525 1548 2579 instaurare!
1602 2524 1775 2580 Unica
1811 2526 1916 2580 illa
1952 2542 2079 2583 arca
2120 2530 2173 2583 in
2210 2546 2317 2600 qua

741 2624 927 2671 vestes
965 2615 1240 2681 recondis,
1270 2617 1528 2688 populum
1558 2618 1872 2674 universum
1906 2620 2110 2692 frigore
2138 2627 2320 2693 rigen-

743 2716 854 2761 tem
900 2717 1081 2777 potest
1121 2711 1368 2777 operire;
1418 2717 1472 2764 et
1513 2719 1694 2765 tamen
1740 2727 2035 2781 pauperem
2088 2731 2320 2772 vacuum

747 2795 990 2866 ablegari
1039 2798 1314 2860 sustines,
1363 2798 1573 2868 justum
1625 2800 1832 2868 judicis
1883 2803 2142 2858 talionem
2188 2807 2323 2863 nihil

748 2894 1025 2943 metuens.
1057 2887 1496 2943 Misericordiam
1536 2906 1644 2945 non
1679 2891 2034 2962 impertiisti?
2084 2911 2184 2951 nec
2223 2898 2324 2953 tibi

752 2979 1115 3049 fmpertietur.
1153 2979 1323 3035 Edes
1351 2990 1472 3036 tuas
1507 2998 1618 3036 non
1652 2985 1961 3054 aperuisti?
2000 3003 2029 3038 a
2070 3003 2235 3058 regno
2266 2997 2323 3043 tu

751 3071 1092 3126 cxcluderis.
1153 3071 1428 3128 Esurienti
1479 3089 1675 3143 panem
1715 3091 1823 3129 non
1867 3076 2113 3132 dedisti?
2158 3082 2323 3135 vitam

753 3171 1013 3217 atternam
1049 3179 1159 3216 non
1195 3165 1454 3234 accipies.
1489 3165 1557 3218 At
1600 3176 1650 3218 te
1680 3167 1799 3234 ipse
1830 3183 2122 3236 pauperem
2149 3171 2326 3226 dicis?

756 3252 917 3321 plane
947 3255 1240 3308 assentior.
1272 3255 1324 3308 is
1352 3256 1494 3308 enim
1530 3271 1734 3324 pauper
1766 3265 1870 3317 est,
1903 3259 1994 3326 qui
2027 3262 2211 3315 multis
2242 3264 2325 3315 in-

757 3344 924 3414 diget.
976 3345 1048 3400 Ut
1078 3360 1208 3399 vero
1259 3361 1356 3398 vos
1395 3345 1583 3398 multis
1624 3347 1934 3415 iudigeatis,
1987 3350 2325 3418 inexplebilis

758 3436 850 3488 illa
870 3435 1142 3505 cupiditas
1165 3436 1316 3490 facit.
1339 3435 1532 3490 Decem
1571 3438 1788 3492 talentis
1805 3439 1990 3493 decem
2014 3441 2120 3493 alia
2140 3444 2329 3500 studes

763 3524 1079 3594 adjungere.
1109 3526 1245 3580 Cum
1286 3537 1466 3580 autem
1504 3528 1700 3595 viginti
1729 3538 1882 3598 parta
1911 3539 2061 3593 sunt,
2083 3534 2187 3586 alia
2209 3551 2332 3589 rur-

765 3629 886 3667 sum
925 3615 1150 3669 totidem
1184 3616 1409 3683 quatris.
1443 3618 1521 3669 Ac
1555 3617 1652 3670 tibi
1687 3633 1901 3686 semper
1935 3619 1986 3672 id
2010 3622 2154 3688 quod
2179 3639 2336 3680 acce-

761 3703 863 3769 dit,
891 3721 998 3759 non
1020 3707 1375 3777 cupiditatem
1409 3716 1650 3773 coercet,
1680 3709 1774 3765 sed
1798 3713 2096 3780 appetitum
2118 3715 2335 3770 inﬂam-

763 3806 896 3853 mat.
961 3798 1440 3865 Quemadmodum
1498 3801 1642 3854 enim
1683 3803 1994 3867 temulenti,
2043 3821 2153 3874 quo
2210 3811 2334 3877 plus

2414 1970 2521 2025 ὑπὸ
2551 1971 2608 2026 δὲ
2651 1969 2754 2039 τῆς
2796 1969 2977 2040 χειρὸς
3007 1969 3293 2039 διελέγχῃ·
3326 1968 3590 2021 σιωπῶσα
3635 1966 3747 2037 γὰρ
3792 1969 3826 2036 ἡ
3864 1968 3983 2034 χείρ

2416 2082 2510 2118 σου
2547 2064 2645 2135 τὴν
2678 2063 3031 2133 ψευδολογίαν
3069 2079 3163 2115 σου
3219 2061 3505 2133 κηρύσσει.
3538 2074 3983 2130 περιαστραπτο-

2421 2157 2557 2227 μένη
2591 2157 2696 2208 ὑπὸ
2719 2155 2820 2224 τῆς
2861 2154 2954 2207 τοῦ
2986 2153 3270 2207 δακτυλίου
3307 2152 3622 2223 σφενδόνης.
3653 2152 3864 2214 Πόσους
3893 2151 3986 2203 δύο

2415 2265 2570 2302 ναται
2619 2245 2698 2310 εἷς
2753 2264 2847 2299 σου
2897 2246 3179 2310 δακτύλιος
3223 2246 3400 2316 χρεῶν
3440 2244 3738 2299 ἀπολῦσαιι
3786 2243 3986 2307 πόσους

2416 2343 2595 2404 οἴκους
2647 2341 3088 2404 καταπίπτοντας
3131 2340 3402 2412 όρθῶσαιί
3458 2339 3555 2408 μία
3607 2355 3704 2391 σου
3753 2336 3986 2398 κιϐωτὸς

2421 2433 2648 2503 ἱματίων
2693 2432 2911 2486 δύναται
2957 2433 3126 2503 δῆμον
3173 2431 3293 2485 ὅλον
3338 2430 3592 2501 ῥιγοῦντα
3631 2429 3982 2501 περιϐαλεῖν·

2417 2523 2532 2577 ἀλλ’
2563 2523 2850 2592 ὑπομένεις
2876 2522 3156 2592 ἄπρακτον
3199 2521 3518 2588 ἀποπέμψαι
3547 2519 3640 2570 τὸν
3668 2519 3898 2586 πένητα,
3927 2517 3984 2566 οὐ

2420 2617 2752 2686 φοϐούμενος
2773 2614 2832 2668 τὸ
2859 2613 3066 2667 δίκαιον
3086 2613 3188 2681 τῆς
3218 2611 3623 2672 ἀνταποδόσεως
3644 2609 3740 2662 τοῦ
3771 2609 3985 2678 κριτοῦ.

2423 2712 2536 2764 Οὐκ
2567 2709 2846 2780 ἠλέησαςς
2895 2709 2996 2760 οὐκ
3026 2706 3316 2778 ἐλεηθήσῃ.
3353 2705 3465 2758 Οὐκ
3513 2701 3730 2772 ήνοιξας
3775 2702 3876 2771 τὴν
3915 2704 3989 2753 οἱ-

2424 2785 2579 2870 κίανς
2602 2805 2778 2856 ἁποπε
2788 2801 3009 2872 μιρθήσῃ
3032 2802 3129 2868 τῆς
3149 2798 3445 2868 βασιλείας.
3464 2798 3577 2850 Οὐκ
3599 2796 3808 2857 ἔδωκας
3827 2796 3990 2862 ἄρτον

2425 2895 2503 2964 τῷ
2533 2895 2820 2959 πεινῶντι;
2852 2895 2914 2946 οὐ
2950 2893 3097 2962 λήψῃ
3131 2891 3228 2961 τὴν
3252 2890 3478 2943 αἰωνίαν
3508 2887 3675 2958 ζωήν.
3711 2887 3874 2940 Ἀλλὰ
3899 2887 3993 2938 πὲτ

2425 3004 2559 3056 νητα
2604 2985 2784 3054 λέγεις
2835 2984 3065 3050 σαυτόν;
3120 2982 3276 3050 κάγὼ
3332 2981 3638 3049 συντίθημι.
3671 2979 3847 3046 Πένης
3885 2978 3992 3046 γάρ

2428 3079 2574 3130 ἐστιν
2598 3079 2627 3129 ὁ
2657 3078 2866 3130 πολλῶν
2889 3077 3096 3144 ἐνδεής.
3129 3075 3347 3128 Πολλῶν
3368 3075 3424 3126 δὲ
3454 3074 3597 3142 ὑμᾶς
3626 3071 3824 3132 ἐνδεεῖς
3852 3071 3995 3121 ποιεῖ

2428 3171 2490 3222 τὸ
2503 3171 2601 3239 τῆς
2617 3169 2775 3222 ἐπιθυ
2784 3169 2910 3238 μίας
2925 3168 3219 3234 ἀκόρεστον
3229 3206 3242 3218 .
3257 3166 3380 3227 Τοῖς
3392 3164 3523 3216 δέκα
3541 3162 3846 3225 ταλάντοις,
3862 3160 3995 3212 δέκα

2429 3263 2591 3329 ἕτερα
2618 3261 2965 3330 προστιθέναι
2996 3258 3334 3318 σπουδάζεις.
3370 3255 3620 3306 Ἐπειδὰν
3639 3254 3814 3306 εἰκοσι
3837 3253 3996 3319 γένη·

2431 3371 2540 3414 ται.
2563 3355 2698 3408 ἄλλα
2716 3354 2950 3407 τοσαῦτα
2977 3355 3176 3423 ζητεῖς.
3199 3352 3304 3404 Καὶ
3327 3347 3415 3402 ἁεί
3443 3364 3524 3400 σοι
3545 3352 3607 3403 τὸ
3635 3350 3996 3420 προστιθέμε-

2433 3463 2544 3511 νον,
2566 3446 2686 3515 οὐχὶ
2732 3446 2830 3517 τὴν
2877 3446 3055 3517 ὁρμὴν
3102 3447 3333 3515 ἵστησιν,
3385 3445 3519 3497 ἀλλὰ
3569 3441 3865 3509 ἀναφλέγει
3903 3439 3999 3506 τὴν

2434 3537 2630 3608 ὄρεξιν.
2677 3539 2886 3609 Ὠσπερ
2932 3538 3040 3608 γὰρ
3067 3540 3176 3602 τοῖς
3210 3536 3500 3603 μεθύουσιν
3530 3534 3752 3603 ἀφορμὴ
3788 3529 3884 3583 τοῦ
3916 3532 4002 3580 πί-

2435 3648 2546 3683 νειν
2583 3634 2615 3700 ὴ
2657 3629 2944 3701 προσθήκη
2977 3629 3070 3683 τοῦ
3133 3630 3276 3684 οἴνου
3330 3629 3562 3696 γίνεται,
3617 3623 3759 3676 οὕτω
3807 3621 3903 3673 καὶ
3952 3622 3997 3671 οἱ

2434 3721 2765 3787 νεόπλουτοι,
2802 3721 2972 3775 πολλὰ
3000 3721 3356 3791 κτησάμενοι,
3396 3717 3658 3772 πλειόνων
3701 3713 4002 3782 ἐπιθυμοῦ-

2434 3834 2539 3869 σιν.

763 3897 878 3951 viui
908 3904 1188 3965 hauriunt,
1213 3915 1278 3955 co
1310 3903 1430 3970 plus
1463 3900 1530 3954 ad
1564 3900 1860 3956 bibendum
1892 3913 2220 3975 excutautur,
2257 3909 2320 3966 sit

2405 3911 2527 3966 tiam
2563 3912 2597 3966 ii
2636 3911 2730 3981 qui
2760 3918 2985 3980 repente
3035 3908 3234 3963 divites
3283 3912 3598 3966 evaserunt,
3654 3916 3777 3954 cum
3830 3900 3998 3953 multa

766 3991 1145 4059 acquisierint,
1181 3995 1337 4062 plura
1373 3996 1796 4065 concupiscunt.

843 4085 988 4140 Ibid.
1019 4088 1301 4156 ——Opibus
1334 4087 1495 4145 liores
1529 4110 1543 4145 :
1571 4093 1640 4146 ob
1664 4093 1902 4160 majores
1921 4101 2047 4148 tuos
2075 4097 2336 4163 praeclare

765 4177 831 4230 ale
854 4186 907 4230 te
938 4179 1110 4233 sentis
1143 4197 1156 4231 :
1185 4180 1371 4249 patriae
1400 4182 1690 4251 splendore
1713 4194 1766 4236 et
1793 4185 2046 4253 corporis
2087 4188 2335 4254 pulchri-

770 4267 962 4323 tudine
999 4270 1278 4340 gloriaris,
1347 4271 1525 4342 iisque
1558 4273 1863 4330 honoribus
1900 4277 1993 4344 qui
2047 4279 2114 4332 ab
2159 4281 2337 4334 omni-

767 4357 872 4410 bus
901 4357 955 4411 in
992 4367 1044 4413 te
1088 4362 1502 4428 congeruntur?
1535 4362 1766 4418 Attende
1787 4364 1882 4418 tibi
1915 4365 2043 4434 ipsi,
2077 4368 2336 4436 quoniam

770 4447 1024 4503 mortalis
1060 4465 1142 4514 es,
1184 4453 1443 4520 quoniam
1485 4462 1625 4507 terra
1663 4471 1739 4518 es,
1771 4463 1820 4508 et
1853 4457 1910 4508 in
1946 4466 2145 4509 terram
2173 4475 2341 4512 rever-

775 4539 904 4592 teris
935 4537 1090 4610 (Gen.
1129 4555 1210 4604 Ill,
1245 4541 1354 4610 i9).
1402 4542 1782 4615 Circumspice
1822 4546 1968 4615 illos,
2004 4550 2097 4618 qui
2131 4557 2258 4604 ante
2289 4559 2341 4606 te

774 4632 971 4686 iisdem
1021 4632 1078 4685 in
1125 4633 1513 4702 splendoribus
1542 4637 1738 4691 versati
1793 4637 2036 4694 fuerunt.
2077 4639 2178 4694 Ubi
2215 4649 2346 4695 sunt

775 4724 871 4793 qui
919 4723 973 4777 in
1019 4724 1185 4778 rebus
1235 4724 1468 4794 publicis
1521 4728 1905 4784 auctoritatem
1951 4731 2345 4786 obtinuerunt?

781 4816 874 4870 ubi
918 4815 1272 4870 invictissimi
1313 4819 1604 4872 oratores?
1654 4820 1748 4875 ubi
1801 4821 1893 4891 qui
1944 4822 2081 4878 festa
2130 4825 2346 4892 publica

781 4901 1186 4956 instituebant?
1218 4901 1306 4956 ubi
1342 4904 1585 4972 praeclari
1623 4905 1700 4960 illi
1731 4909 2063 4976 equisones?
2092 4910 2166 4964 illi
2204 4911 2348 4965 mili-

784 4999 934 5045 tares
985 4990 1194 5045 duces?
1239 4991 1317 5045 illi
1363 4994 1610 5061 tyranni?
1666 4994 1858 5052 Nonne
1916 5001 2102 5053 omnia
2150 5002 2352 5070 pulvis,

769 5080 974 5150 {omnia
1008 5081 1192 5138 fabula
1224 5083 1383 5137 sunt?
1427 5100 1608 5141 nonne
1633 5087 1684 5140 in
1711 5088 1902 5156 paucis
1929 5091 2146 5146 ossibus
2176 5092 2372 5147 omnis-

790 5188 984 5229 eorum
1015 5174 1136 5229 vitae
1159 5176 1422 5230 memoria
1449 5178 1553 5231 sita
1581 5182 1700 5234 est?
1724 5181 1982 5236 lncumbe
2006 5183 2058 5235 in
2085 5185 2354 5252 sepulcra,

793 5285 859 5325 ac
889 5268 1012 5324 vide
1045 5283 1173 5320 num
1232 5267 1492 5323 famulum
1542 5271 1610 5325 ab
1650 5272 1785 5328 hero
1822 5289 1994 5341 queas
2038 5290 2358 5338 secernere;

794 5361 888 5415 ubi
913 5375 1121 5431 pauper
1152 5358 1353 5429 jaceat,
1409 5363 1499 5415 ubi
1543 5363 1717 5419 dives.
1770 5364 2072 5435 Distingue,
2102 5366 2147 5420 si
2182 5375 2356 5436 potes,

793 5455 1035 5508 vinctum
1075 5467 1105 5506 a
1141 5468 1286 5524 rege,
1326 5453 1520 5508 fortem
1566 5456 1635 5509 ab
1691 5456 1967 5521 imbecilli,
2010 5457 2295 5526 pulchrum
2325 5472 2354 5510 a

793 5544 1052 5600 deformi.
1102 5543 1321 5600 Natum
1377 5546 1543 5615 igitur
1593 5548 1637 5602 si
1696 5549 2029 5613 memineris,
2079 5565 2353 5619 nunquam

797 5638 1013 5690 attolles
1046 5639 1278 5692 auiutos.

874 5727 1015 5782 Ibid.
1051 5761 1117 5769 ——-
1150 5730 1385 5784 Avarum
1438 5731 1568 5799 quid
1606 5732 1744 5799 polis
1795 5733 1860 5784 sit
1901 5733 2196 5786 cohibere?
2243 5734 2360 5800 igua

803 5821 1046 5881 atrocior
1081 5831 1182 5883 cst.
1226 5823 1406 5882 omnia
1452 5825 1713 5879 continuo
1765 5825 2080 5880 deuasurus.
2121 5825 2361 5881 Proximi

2507 4098 2730 4166 Πλουτῳ
2746 4098 3049 4165 κομᾷςᾳαι
3073 4109 3165 4144 επι
3183 4106 3462 4160 προγονοις
3484 4104 3626 4158 μεγα
3644 4088 3861 4156 φρονεῖς
3879 4104 3894 4150 ;
3910 4088 4000 4139 καὶ

2438 4189 2721 4261 ἐπαγάλλῃ
2746 4187 2986 4257 πατρίδι,
3004 4187 3099 4238 καὶ
3118 4184 3303 4236 κάλλει
3321 4180 3590 4250 σώματος,
3604 4182 3695 4231 καὶ
3715 4181 3833 4241 ταῖς
3858 4180 4002 4247 παρᾶ

2441 4282 2656 4336 πάντων
2673 4283 2856 4351 τιμαῖς
2875 4297 2888 4343 ;
2909 4279 3149 4350 Πρόσεχε
3176 4275 3404 4344 σεαυτῷ,
3419 4275 3500 4327 ὅτι
3520 4272 3711 4343 θνητὸς
3729 4267 3780 4324 εἴ
3795 4289 3808 4302 ο
3829 4272 3912 4324 ὅτι
3930 4270 3998 4339 γῆ

2441 4376 2513 4438 εἴ,
2541 4375 2638 4428 καί
2662 4376 2748 4438 είς
2769 4370 2883 4439 γῆν
2905 4370 3237 4436 ἀπελεύσῃ.
3258 4364 3587 4438 Περίϐλεψαι
3615 4366 3741 4425 τοὺς
3765 4362 3874 4432 πρὸ
3910 4362 4000 4414 σοῦ

2442 4466 2500 4517 ἐν
2535 4464 2655 4525 ταῖς
2704 4461 2915 4531 ὁμοίαις
2960 4458 3362 4522 ἐξετασθέντας.
3392 4453 3500 4507 Ποῦ
3527 4455 3578 4505 οί
3601 4453 3698 4513 τὰς
3724 4451 4002 4513 πολιτικὰς

2445 4555 2702 4624 δυνάμεις
2767 4549 3264 4621 περιϐεϐλημένοι;
3319 4544 3429 4600 Ποῦ
3488 4547 3536 4597 οἱ
3592 4543 4001 4613 δυσμαχώτατοι

2449 4647 2704 4716 ρήτορες;
2735 4640 2838 4694 ποῦ
2858 4641 2908 4693 oi
2933 4641 3030 4703 τὰς
3053 4638 3388 4708 πανηγύρεις
3408 4634 3765 4698 διατιθέντες;
3804 4635 3852 4686 οἱ
3877 4635 4004 4702 λαμ-

2447 4735 2576 4806 προὶ
2601 4734 2938 4805 ἱπποτρόφοι,
2956 4733 3006 4784 οί
3029 4729 3342 4801 στρατηγοὶ,
3367 4727 3701 4797 οίτύραννοις
3726 4727 3802 4778 Οὐ
3829 4726 4004 4778 πάντα

2451 4829 2630 4893 κόνις;
2665 4827 2725 4880 οὐ
2759 4825 2936 4878 πάντα
2996 4822 3162 4893 μῦθος
3187 4839 3202 4887 ;
3231 4821 3329 4872 οὐκ
3367 4819 3424 4871 ἐν
3454 4818 3652 4885 ὀλίγοις
3681 4816 3892 4878 ὀστέοις
3941 4818 4006 4867 τὰ

2457 4920 2780 4990 μνημόσυνα
2828 4917 2938 4985 τῆς
2982 4913 3151 4983 ζωῆς
3189 4912 3399 4975 abstini;
3444 4909 3718 4977 Ἐγκυψον
3753 4912 3867 4968 τοῖς
3917 4908 4007 4959 τά-

2453 5027 2595 5077 φοις,
2625 5010 2672 5061 εί
2707 5009 2909 5078 δυνήσῃ
2947 5006 3238 5073 διακρῖναι,
3277 5001 3356 5064 τίς
3402 5003 3431 5052 ὁ
3478 4999 3690 5067 οίκὲτης
3713 5041 3726 5060 ,
3757 4998 3850 5049 καὶ
3878 4999 3958 5058 τίς
3987 5001 4010 5048 ὁ

2455 5101 2719 5169 δεσπότης
2741 5115 2753 5130 ο
2787 5097 2890 5149 ποῦ
2939 5098 2968 5149 ὁ
3013 5094 3244 5162 πτωχὸς,
3272 5091 3366 5144 καὶ
3398 5091 3479 5151 τίς
3515 5093 3544 5142 ό
3581 5088 3855 5150 πλούσιος.
3889 5091 4004 5140 Διά-

2458 5207 2642 5261 κρινον
2665 5188 2818 5252 εῑτίς
2848 5204 2928 5239 σοι
2959 5186 3184 5254 δύναμις
3210 5183 3302 5234 τὸν
3322 5182 3538 5250 δέσμιον
3578 5179 3686 5232 ἀπὸ
3723 5179 3816 5230 τοῦ
3867 5179 4009 5244 βασι-

2459 5281 2616 5345 λέως,
2667 5280 2757 5331 τὸν
2805 5276 3024 5347 ἰσχυρὸν
3049 5274 3155 5327 ἀπὸ
3187 5272 3280 5324 τοῦ
3312 5269 3589 5332 ἀσθενοῦς,
3627 5269 3719 5321 τὸν
3763 5268 4006 5334 εὐπρεπῆ

2461 5371 2570 5423 ἀπὸ
2615 5369 2707 5422 τοῦ
2754 5366 3045 5430 δυσειδοῦς.
3094 5364 3455 5432 Μεμνημένος
3499 5357 3592 5413 οὖν
3644 5359 3742 5428 τῆς
3800 5358 4006 5414 φύσεως

2461 5464 2559 5516 οὑκ
2592 5465 2695 5514 ἐπα
2706 5459 2877 5531 ρθήσῃ
2906 5456 3055 5509 ποτέ.

2539 5731 2640 5782 Τὸν
2669 5729 2993 5790 πλεονέκτην
3033 5726 3083 5778 τί
3131 5724 3348 5776 δύναται
3396 5723 3666 5788 ὲπισχεῖν;
3704 5717 3870 5785 πυρός
3911 5716 4011 5769 ἐστ

2470 5823 2864 5894 χαλεπώτερος,
2889 5824 3062 5877 πάντα
3086 5821 3168 5873 διὰ
3195 5816 3466 5888 συνεχείας
3486 5815 3776 5884 νεμόμενος
3822 5814 4016 5868 Ἐλιοᾲι
