  <div class='ocr_page' id='page_1' title='image "/cluster/home/n/w/nwhite01/storage/ocr_20150623/95/nnc1.0046979816/752.png"; bbox 0 0 4206 6442; ppageno 0'>
   <div class='ocr_carea' id='block_1_1' title="bbox 212 406 338 473">
    <p class='ocr_par' dir='ltr' id='par_1_1' title="bbox 212 406 338 473">
     <span class='ocr_line' id='line_1_1' title="bbox 212 406 338 473; baseline -0.016 0"><span class='ocrx_word' id='word_1_1' title='bbox 212 406 338 473; x_wconf 66' lang='grc'><strong>1493</strong></span> 
     </span>
    </p>
   </div>
   <div class='ocr_carea' id='block_1_2' title="bbox 1447 396 2176 461">
    <p class='ocr_par' dir='ltr' id='par_1_2' title="bbox 1447 396 2176 461">
     <span class='ocr_line' id='line_1_2' title="bbox 1447 396 2176 461; baseline -0.008 0"><span class='ocrx_word' id='word_1_2' title='bbox 1447 399 1678 461; x_wconf 70' lang='grc' dir='ltr'><strong>ΞΑΟΒΑ</strong></span> <span class='ocrx_word' id='word_1_3' title='bbox 1716 396 2176 457; x_wconf 79' lang='lat' dir='ltr'><strong>PARALLELA.</strong></span> 
     </span>
    </p>
   </div>
   <div class='ocr_carea' id='block_1_3' title="bbox 3280 391 3426 460">
    <p class='ocr_par' dir='ltr' id='par_1_3' title="bbox 3280 391 3426 460">
     <span class='ocr_line' id='line_1_3' title="bbox 3280 391 3426 460; baseline -0.034 -1"><span class='ocrx_word' id='word_1_4' title='bbox 3280 391 3426 460; x_wconf 65' lang='lat'><strong>31494</strong></span> 
     </span>
    </p>
   </div>
   <div class='ocr_carea' id='block_1_4' title="bbox 208 503 1812 586">
    <p class='ocr_par' dir='ltr' id='par_1_4' title="bbox 208 506 1812 586">
     <span class='ocr_line' id='line_1_4' title="bbox 208 506 1812 586; baseline -0.009 -9"><span class='ocrx_word' id='word_1_5' title='bbox 208 524 272 577; x_wconf 67' lang='grc' dir='ltr'>τὰ</span> <span class='ocrx_word' id='word_1_6' title='bbox 318 516 406 573; x_wconf 83' lang='grc' dir='ltr'><strong>τοῦ</strong></span> <span class='ocrx_word' id='word_1_7' title='bbox 464 513 690 586; x_wconf 77' lang='grc' dir='ltr'><strong>πλησίον</strong></span> <span class='ocrx_word' id='word_1_8' title='bbox 721 530 733 542; x_wconf 95' lang='grc'><strong>·</strong></span> <span class='ocrx_word' id='word_1_9' title='bbox 778 513 939 577; x_wconf 82' lang='grc' dir='ltr'>ἀλλος</span> <span class='ocrx_word' id='word_1_10' title='bbox 992 510 1240 583; x_wconf 79' lang='grc' dir='ltr'><strong>ἀνεφάνη</strong></span> <span class='ocrx_word' id='word_1_11' title='bbox 1274 511 1495 580; x_wconf 81' lang='grc' dir='ltr'><strong>γείτων,</strong></span> <span class='ocrx_word' id='word_1_12' title='bbox 1534 510 1630 564; x_wconf 70' lang='lat' dir='ltr'><strong>atat</strong></span> <span class='ocrx_word' id='word_1_13' title='bbox 1684 506 1812 570; x_wconf 81' lang='grc' dir='ltr'>τάΔ</span> 
     </span>
    </p>
   </div>
   <div class='ocr_carea' id='block_1_5' title="bbox 1860 503 3436 586">
    <p class='ocr_par' dir='ltr' id='par_1_5' title="bbox 1860 503 3436 577">
     <span class='ocr_line' id='line_1_5' title="bbox 1860 503 3436 577; baseline 0.003 -17"><span class='ocrx_word' id='word_1_14' title='bbox 1860 505 1999 561; x_wconf 91' lang='lat' dir='ltr'><strong>bona</strong></span> <span class='ocrx_word' id='word_1_15' title='bbox 2038 504 2275 559; x_wconf 92' lang='lat' dir='ltr'><strong>invasit.</strong></span> <span class='ocrx_word' id='word_1_16' title='bbox 2314 503 2546 559; x_wconf 75' lang='lat' dir='ltr'><strong>Vtcinus</strong></span> <span class='ocrx_word' id='word_1_17' title='bbox 2563 504 2713 561; x_wconf 82' lang='lat' dir='ltr'><strong>alter</strong></span> <span class='ocrx_word' id='word_1_18' title='bbox 2732 504 2968 571; x_wconf 78' lang='lat' dir='ltr'><strong>exstitit,</strong></span> <span class='ocrx_word' id='word_1_19' title='bbox 2998 506 3091 577; x_wconf 85' lang='lat' dir='ltr'><strong>qui</strong></span> <span class='ocrx_word' id='word_1_20' title='bbox 3133 508 3285 564; x_wconf 87' lang='lat' dir='ltr'><strong>illius</strong></span> <span class='ocrx_word' id='word_1_21' title='bbox 3310 524 3436 564; x_wconf 86' lang='lat' dir='ltr'><strong>rur-</strong></span> 
     </span>
    </p>
   </div>
   <div class='ocr_carea' id='block_1_6' title="bbox 206 601 1750 678">
    <p class='ocr_par' dir='ltr' id='par_1_6' title="bbox 206 601 1750 678">
     <span class='ocr_line' id='line_1_6' title="bbox 206 601 1750 678; baseline -0.007 -13"><span class='ocrx_word' id='word_1_22' title='bbox 206 616 400 666; x_wconf 77' lang='grc' dir='ltr'>ἐκείνου</span> <span class='ocrx_word' id='word_1_23' title='bbox 457 606 904 678; x_wconf 80' lang='grc' dir='ltr'>ἐξιδιοποιήσατο.</span> <span class='ocrx_word' id='word_1_24' title='bbox 937 605 1011 658; x_wconf 81' lang='grc' dir='ltr'><strong>Οὐ</strong></span> <span class='ocrx_word' id='word_1_25' title='bbox 1056 607 1170 668; x_wconf 86' lang='grc' dir='ltr'>τοῖς</span> <span class='ocrx_word' id='word_1_26' title='bbox 1201 603 1442 657; x_wconf 76' lang='grc' dir='ltr'><strong>κατόπιν</strong></span> <span class='ocrx_word' id='word_1_27' title='bbox 1470 601 1750 672; x_wconf 89' lang='grc' dir='ltr'>προσέχει,</span> 
     </span>
    </p>
   </div>
   <div class='ocr_carea' id='block_1_7' title="bbox 205 695 1753 769">
    <p class='ocr_par' dir='ltr' id='par_1_7' title="bbox 205 695 1753 769">
     <span class='ocr_line' id='line_1_7' title="bbox 205 695 1753 769; baseline -0.007 -11"><span class='ocrx_word' id='word_1_28' title='bbox 205 704 330 758; x_wconf 79' lang='grc' dir='ltr'>ἀλλὰ</span> <span class='ocrx_word' id='word_1_29' title='bbox 348 702 504 755; x_wconf 85' lang='grc' dir='ltr'>λυπεῖ</span> <span class='ocrx_word' id='word_1_30' title='bbox 527 699 593 755; x_wconf 82' lang='grc' dir='ltr'>τὰ</span> <span class='ocrx_word' id='word_1_31' title='bbox 618 698 935 769; x_wconf 80' lang='grc' dir='ltr'>λειπόμενα.</span> <span class='ocrx_word' id='word_1_32' title='bbox 963 696 1040 750; x_wconf 82' lang='grc' dir='ltr'><strong>Οὐ</strong></span> <span class='ocrx_word' id='word_1_33' title='bbox 1067 698 1133 768; x_wconf 80' lang='grc' dir='ltr'>τῇ</span> <span class='ocrx_word' id='word_1_34' title='bbox 1166 695 1464 750; x_wconf 79' lang='grc' dir='ltr'><strong>ἀπολαύσει</strong></span> <span class='ocrx_word' id='word_1_35' title='bbox 1487 695 1597 748; x_wconf 85' lang='grc' dir='ltr'><strong>τῶν</strong></span> <span class='ocrx_word' id='word_1_36' title='bbox 1625 712 1753 748; x_wconf 83' lang='grc' dir='ltr'>συν-</span> 
     </span>
    </p>
   </div>
   <div class='ocr_carea' id='block_1_8' title="bbox 203 788 1755 866">
    <p class='ocr_par' dir='ltr' id='par_1_8' title="bbox 203 788 1755 866">
     <span class='ocr_line' id='line_1_8' title="bbox 203 788 1755 866; baseline -0.006 -17"><span class='ocrx_word' id='word_1_37' title='bbox 203 794 469 866; x_wconf 84' lang='grc' dir='ltr'>αχθέντων</span> <span class='ocrx_word' id='word_1_38' title='bbox 520 791 803 863; x_wconf 85' lang='grc' dir='ltr'>προσέχει,</span> <span class='ocrx_word' id='word_1_39' title='bbox 843 789 961 845; x_wconf 87' lang='grc' dir='ltr'>ἀλλ’</span> <span class='ocrx_word' id='word_1_40' title='bbox 996 790 1187 843; x_wconf 79' lang='grc' dir='ltr'>έαυτδν</span> <span class='ocrx_word' id='word_1_41' title='bbox 1218 790 1511 860; x_wconf 19' lang='grc' dir='ltr'>έκδαπανᾷί</span> <span class='ocrx_word' id='word_1_42' title='bbox 1532 790 1599 860; x_wconf 81' lang='grc' dir='ltr'>τῇ</span> <span class='ocrx_word' id='word_1_43' title='bbox 1630 788 1755 840; x_wconf 83' lang='grc' dir='ltr'>ὲπι-</span> 
     </span>
    </p>
   </div>
   <div class='ocr_carea' id='block_1_9' title="bbox 204 876 1753 956">
    <p class='ocr_par' dir='ltr' id='par_1_9' title="bbox 204 876 1753 956">
     <span class='ocr_line' id='line_1_9' title="bbox 204 876 1753 956; baseline -0.005 -17"><span class='ocrx_word' id='word_1_44' title='bbox 204 887 364 956; x_wconf 75' lang='grc' dir='ltr'>θυμία</span> <span class='ocrx_word' id='word_1_45' title='bbox 394 884 491 955; x_wconf 84' lang='grc' dir='ltr'>τῆς</span> <span class='ocrx_word' id='word_1_46' title='bbox 528 886 622 937; x_wconf 83' lang='grc' dir='ltr'><strong>του</strong></span> <span class='ocrx_word' id='word_1_47' title='bbox 650 881 897 946; x_wconf 85' lang='grc' dir='ltr'>πλείονος</span> <span class='ocrx_word' id='word_1_48' title='bbox 938 882 1205 952; x_wconf 84' lang='grc' dir='ltr'>κτήσεως.</span> <span class='ocrx_word' id='word_1_49' title='bbox 1251 876 1393 933; x_wconf 58' lang='grc' dir='ltr'>Είταλ</span> <span class='ocrx_word' id='word_1_50' title='bbox 1434 878 1753 951; x_wconf 87' lang='grc' dir='ltr'>ἀγρυπνίαι,</span> 
     </span>
    </p>
   </div>
   <div class='ocr_carea' id='block_1_10' title="bbox 202 970 1757 1046">
    <p class='ocr_par' dir='ltr' id='par_1_10' title="bbox 202 970 1757 1046">
     <span class='ocr_line' id='line_1_10' title="bbox 202 970 1757 1046; baseline -0.003 -16"><span class='ocrx_word' id='word_1_51' title='bbox 202 976 440 1030; x_wconf 79' lang='grc' dir='ltr'>έντ;ῡθεν</span> <span class='ocrx_word' id='word_1_52' title='bbox 466 977 523 1030; x_wconf 87' lang='grc' dir='ltr'><strong>αί</strong></span> <span class='ocrx_word' id='word_1_53' title='bbox 552 974 837 1046; x_wconf 76' lang='grc' dir='ltr'><strong>μέριμναι,</strong></span> <span class='ocrx_word' id='word_1_54' title='bbox 858 973 956 1027; x_wconf 85' lang='grc' dir='ltr'>καὶ</span> <span class='ocrx_word' id='word_1_55' title='bbox 982 976 1039 1027; x_wconf 93' lang='grc' dir='ltr'><strong>αί</strong></span> <span class='ocrx_word' id='word_1_56' title='bbox 1102 972 1381 1045; x_wconf 80' lang='grc' dir='ltr'><strong>φροντίδες</strong></span> <span class='ocrx_word' id='word_1_57' title='bbox 1397 989 1411 1003; x_wconf 86' lang='grc'><strong>·</strong></span> <span class='ocrx_word' id='word_1_58' title='bbox 1437 989 1563 1026; x_wconf 90' lang='grc' dir='ltr'>οσον</span> <span class='ocrx_word' id='word_1_59' title='bbox 1600 970 1757 1037; x_wconf 77' lang='grc' dir='ltr'>αὔξει</span> 
     </span>
    </p>
   </div>
   <div class='ocr_carea' id='block_1_11' title="bbox 203 1064 1755 1139">
    <p class='ocr_par' dir='ltr' id='par_1_11' title="bbox 203 1064 1755 1139">
     <span class='ocr_line' id='line_1_11' title="bbox 203 1064 1755 1139; baseline -0.003 -17"><span class='ocrx_word' id='word_1_60' title='bbox 203 1072 231 1123; x_wconf 84' lang='grc' dir='ltr'>ὁ</span> <span class='ocrx_word' id='word_1_61' title='bbox 258 1067 500 1135; x_wconf 70' lang='grc' dir='ltr'>πλοῦτος,</span> <span class='ocrx_word' id='word_1_62' title='bbox 528 1066 781 1121; x_wconf 82' lang='grc' dir='ltr'>τοσοῦτον</span> <span class='ocrx_word' id='word_1_63' title='bbox 812 1065 967 1139; x_wconf 85' lang='grc' dir='ltr'>φέρει</span> <span class='ocrx_word' id='word_1_64' title='bbox 988 1064 1081 1119; x_wconf 86' lang='grc' dir='ltr'><strong>τοῦ</strong></span> <span class='ocrx_word' id='word_1_65' title='bbox 1106 1064 1222 1135; x_wconf 50' lang='lat' dir='ltr'><strong>ﬁgo</strong></span> <span class='ocrx_word' id='word_1_66' title='bbox 1252 1064 1315 1118; x_wconf 81' lang='grc' dir='ltr'><strong>τὺ</strong></span> <span class='ocrx_word' id='word_1_67' title='bbox 1345 1065 1755 1136; x_wconf 30' lang='grc' dir='ltr'>μέριμνηιικόν.</span> 
     </span>
    </p>
   </div>
   <div class='ocr_carea' id='block_1_12' title="bbox 202 1156 1758 1231">
    <p class='ocr_par' dir='ltr' id='par_1_12' title="bbox 202 1156 1758 1231">
     <span class='ocr_line' id='line_1_12' title="bbox 202 1156 1758 1231; baseline -0.003 -18"><span class='ocrx_word' id='word_1_68' title='bbox 202 1159 464 1231; x_wconf 64' lang='lat' dir='ltr'><strong>Amasti];</strong></span> <span class='ocrx_word' id='word_1_69' title='bbox 514 1159 903 1231; x_wconf 77' lang='grc' dir='ltr'><strong>προσδοκᾶται,</strong></span> <span class='ocrx_word' id='word_1_70' title='bbox 933 1157 1028 1212; x_wconf 79' lang='grc' dir='ltr'><strong>καὶ</strong></span> <span class='ocrx_word' id='word_1_71' title='bbox 1064 1156 1451 1228; x_wconf 49' lang='grc' dir='ltr'>όηπλεονέκτης</span> <span class='ocrx_word' id='word_1_72' title='bbox 1498 1172 1758 1226; x_wconf 85' lang='grc' dir='ltr'>περισκο-</span> 
     </span>
    </p>
   </div>
   <div class='ocr_carea' id='block_1_13' title="bbox 203 1245 1757 1322">
    <p class='ocr_par' dir='ltr' id='par_1_13' title="bbox 203 1245 1757 1322">
     <span class='ocr_line' id='line_1_13' title="bbox 203 1245 1757 1322; baseline -0.003 -19"><span class='ocrx_word' id='word_1_73' title='bbox 203 1254 291 1303; x_wconf 83' lang='grc' dir='ltr'>πεῖ</span> <span class='ocrx_word' id='word_1_74' title='bbox 340 1251 416 1322; x_wconf 83' lang='grc' dir='ltr'>μὴ</span> <span class='ocrx_word' id='word_1_75' title='bbox 471 1250 552 1314; x_wconf 85' lang='grc' dir='ltr'><strong>είς</strong></span> <span class='ocrx_word' id='word_1_76' title='bbox 602 1250 926 1321; x_wconf 90' lang='grc' dir='ltr'>δικαστήρια</span> <span class='ocrx_word' id='word_1_77' title='bbox 974 1250 1279 1319; x_wconf 81' lang='grc' dir='ltr'>κατασυρῇ,</span> <span class='ocrx_word' id='word_1_78' title='bbox 1317 1246 1392 1318; x_wconf 86' lang='grc' dir='ltr'><strong>μή</strong></span> <span class='ocrx_word' id='word_1_79' title='bbox 1434 1246 1670 1318; x_wconf 82' lang='grc' dir='ltr'>ὀρφανὸς</span> <span class='ocrx_word' id='word_1_80' title='bbox 1696 1245 1757 1299; x_wconf 80' lang='grc' dir='ltr'>τὸ</span> 
     </span>
    </p>
   </div>
   <div class='ocr_carea' id='block_1_14' title="bbox 201 1341 1759 1415">
    <p class='ocr_par' dir='ltr' id='par_1_14' title="bbox 201 1341 1759 1415">
     <span class='ocr_line' id='line_1_14' title="bbox 201 1341 1759 1415; baseline -0.003 -18"><span class='ocrx_word' id='word_1_81' title='bbox 201 1344 427 1415; x_wconf 70' lang='grc' dir='ltr'>δάκρυον</span> <span class='ocrx_word' id='word_1_82' title='bbox 468 1342 635 1397; x_wconf 82' lang='grc' dir='ltr'>αὐτοῦ</span> <span class='ocrx_word' id='word_1_83' title='bbox 688 1345 781 1397; x_wconf 75' lang='grc' dir='ltr'><strong>ἐπὶ</strong></span> <span class='ocrx_word' id='word_1_84' title='bbox 832 1342 1187 1415; x_wconf 83' lang='grc' dir='ltr'>δικαστηρίου</span> <span class='ocrx_word' id='word_1_85' title='bbox 1237 1342 1593 1413; x_wconf 79' lang='grc' dir='ltr'>δημοσιεύσῃ.</span> <span class='ocrx_word' id='word_1_86' title='bbox 1624 1341 1759 1393; x_wconf 73' lang='grc' dir='ltr'>Βου-</span> 
     </span>
    </p>
   </div>
   <div class='ocr_carea' id='block_1_15' title="bbox 202 1433 1758 1505">
    <p class='ocr_par' dir='ltr' id='par_1_15' title="bbox 202 1433 1758 1505">
     <span class='ocr_line' id='line_1_15' title="bbox 202 1433 1758 1505; baseline -0.003 -16"><span class='ocrx_word' id='word_1_87' title='bbox 202 1437 407 1490; x_wconf 81' lang='grc' dir='ltr'>λεύεται</span> <span class='ocrx_word' id='word_1_88' title='bbox 444 1438 501 1490; x_wconf 82' lang='grc' dir='ltr'>ὲν</span> <span class='ocrx_word' id='word_1_89' title='bbox 529 1436 705 1501; x_wconf 77' lang='grc' dir='ltr'>νυκτὶ,</span> <span class='ocrx_word' id='word_1_90' title='bbox 734 1436 884 1499; x_wconf 78' lang='grc' dir='ltr'>τίνας</span> <span class='ocrx_word' id='word_1_91' title='bbox 916 1436 1026 1489; x_wconf 89' lang='grc' dir='ltr'><strong>τῶν</strong></span> <span class='ocrx_word' id='word_1_92' title='bbox 1073 1435 1285 1505; x_wconf 82' lang='grc' dir='ltr'>πικρῶν</span> <span class='ocrx_word' id='word_1_93' title='bbox 1318 1433 1630 1504; x_wconf 83' lang='grc' dir='ltr'>συνηγόρων</span> <span class='ocrx_word' id='word_1_94' title='bbox 1651 1449 1758 1485; x_wconf 69' lang='grc' dir='ltr'>παι</span> 
     </span>
    </p>
   </div>
   <div class='ocr_carea' id='block_1_16' title="bbox 205 1524 1761 1601">
    <p class='ocr_par' dir='ltr' id='par_1_16' title="bbox 205 1524 1761 1601">
     <span class='ocr_line' id='line_1_16' title="bbox 205 1524 1761 1601; baseline -0.003 -18"><span class='ocrx_word' id='word_1_95' title='bbox 205 1531 475 1601; x_wconf 86' lang='grc' dir='ltr'>ραστήσει,</span> <span class='ocrx_word' id='word_1_96' title='bbox 510 1531 595 1583; x_wconf 82' lang='grc' dir='ltr'><strong>ἴνα</strong></span> <span class='ocrx_word' id='word_1_97' title='bbox 621 1529 835 1599; x_wconf 81' lang='grc' dir='ltr'>ψευδεῐς</span> <span class='ocrx_word' id='word_1_98' title='bbox 868 1529 1170 1600; x_wconf 83' lang='grc' dir='ltr'>μαρτυρίας</span> <span class='ocrx_word' id='word_1_99' title='bbox 1202 1524 1761 1599; x_wconf 83' lang='grc' dir='ltr'>έκμισθὼσηται,πῶς</span> 
     </span>
    </p>
   </div>
   <div class='ocr_carea' id='block_1_17' title="bbox 204 1615 1759 1691">
    <p class='ocr_par' dir='ltr' id='par_1_17' title="bbox 204 1615 1759 1691">
     <span class='ocr_line' id='line_1_17' title="bbox 204 1615 1759 1691; baseline -0.004 -18"><span class='ocrx_word' id='word_1_100' title='bbox 204 1621 613 1691; x_wconf 77' lang='grc' dir='ltr'>ἐκπολιορκήσει</span> <span class='ocrx_word' id='word_1_101' title='bbox 655 1619 746 1673; x_wconf 81' lang='grc' dir='ltr'>τὸν</span> <span class='ocrx_word' id='word_1_102' title='bbox 791 1621 849 1673; x_wconf 81' lang='grc' dir='ltr'><strong>έν</strong></span> <span class='ocrx_word' id='word_1_103' title='bbox 898 1620 1128 1689; x_wconf 78' lang='grc' dir='ltr'>ἐρημίᾳ.</span> <span class='ocrx_word' id='word_1_104' title='bbox 1165 1616 1660 1672; x_wconf 86' lang='grc' dir='ltr'>καταδυναστεύσει</span> <span class='ocrx_word' id='word_1_105' title='bbox 1700 1615 1759 1668; x_wconf 80' lang='grc' dir='ltr'>δὲ</span> 
     </span>
    </p>
   </div>
   <div class='ocr_carea' id='block_1_18' title="bbox 202 1705 1757 1781">
    <p class='ocr_par' dir='ltr' id='par_1_18' title="bbox 202 1705 1757 1781">
     <span class='ocr_line' id='line_1_18' title="bbox 202 1705 1757 1781; baseline -0.003 -18"><span class='ocrx_word' id='word_1_106' title='bbox 202 1711 406 1773; x_wconf 83' lang='grc' dir='ltr'>τούτου,</span> <span class='ocrx_word' id='word_1_107' title='bbox 457 1712 554 1764; x_wconf 75' lang='grc' dir='ltr'>καὶ</span> <span class='ocrx_word' id='word_1_108' title='bbox 601 1714 659 1765; x_wconf 79' lang='grc' dir='ltr'>ὲν</span> <span class='ocrx_word' id='word_1_109' title='bbox 706 1710 1039 1781; x_wconf 84' lang='grc' dir='ltr'>δικαστηρίῳ</span> <span class='ocrx_word' id='word_1_110' title='bbox 1077 1709 1177 1781; x_wconf 82' lang='grc' dir='ltr'>τὴν</span> <span class='ocrx_word' id='word_1_111' title='bbox 1214 1707 1473 1779; x_wconf 90' lang='grc' dir='ltr'>ἀλήθειαν</span> <span class='ocrx_word' id='word_1_112' title='bbox 1529 1705 1757 1776; x_wconf 76' lang='grc' dir='ltr'>κλέψας,</span> 
     </span>
    </p>
   </div>
   <div class='ocr_carea' id='block_1_19' title="bbox 204 1798 1761 1874">
    <p class='ocr_par' dir='ltr' id='par_1_19' title="bbox 204 1798 1761 1874">
     <span class='ocr_line' id='line_1_19' title="bbox 204 1798 1761 1874; baseline -0.003 -17"><span class='ocrx_word' id='word_1_113' title='bbox 204 1803 540 1874; x_wconf 81' lang='grc' dir='ltr'><strong>ἀμφοτέρους</strong></span> <span class='ocrx_word' id='word_1_114' title='bbox 566 1804 625 1857; x_wconf 88' lang='grc' dir='ltr'>δὲ</span> <span class='ocrx_word' id='word_1_115' title='bbox 673 1802 961 1870; x_wconf 81' lang='grc' dir='ltr'>ἀναλώσει,</span> <span class='ocrx_word' id='word_1_116' title='bbox 1011 1802 1106 1855; x_wconf 67' lang='grc' dir='ltr'><strong>καλ⁸</strong></span> <span class='ocrx_word' id='word_1_117' title='bbox 1158 1800 1247 1854; x_wconf 86' lang='grc' dir='ltr'>τὸν</span> <span class='ocrx_word' id='word_1_118' title='bbox 1282 1798 1539 1871; x_wconf 80' lang='grc' dir='ltr'>δικαστήν</span> <span class='ocrx_word' id='word_1_119' title='bbox 1587 1816 1761 1868; x_wconf 88' lang='grc' dir='ltr'>παρα-</span> 
     </span>
    </p>
   </div>
   <div class='ocr_carea' id='block_1_20' title="bbox 1855 597 3436 673">
    <p class='ocr_par' dir='ltr' id='par_1_20' title="bbox 1855 597 3436 673">
     <span class='ocr_line' id='line_1_20' title="bbox 1855 597 3436 673; baseline 0.002 -20"><span class='ocrx_word' id='word_1_120' title='bbox 1855 613 1978 654; x_wconf 88' lang='lat' dir='ltr'><strong>sum</strong></span> <span class='ocrx_word' id='word_1_121' title='bbox 2010 599 2115 653; x_wconf 83' lang='lat' dir='ltr'><strong>sibi</strong></span> <span class='ocrx_word' id='word_1_122' title='bbox 2143 599 2287 653; x_wconf 91' lang='lat' dir='ltr'><strong>bona</strong></span> <span class='ocrx_word' id='word_1_123' title='bbox 2321 598 2586 654; x_wconf 84' lang='lat' dir='ltr'><strong>vindicat.</strong></span> <span class='ocrx_word' id='word_1_124' title='bbox 2619 597 2737 655; x_wconf 90' lang='lat' dir='ltr'><strong>Non</strong></span> <span class='ocrx_word' id='word_1_125' title='bbox 2768 616 2831 656; x_wconf 89' lang='lat' dir='ltr'><strong>ea</strong></span> <span class='ocrx_word' id='word_1_126' title='bbox 2859 615 2983 671; x_wconf 73' lang='lat' dir='ltr'><strong>quat</strong></span> <span class='ocrx_word' id='word_1_127' title='bbox 3028 616 3060 654; x_wconf 91' lang='lat' dir='ltr'><strong>a</strong></span> <span class='ocrx_word' id='word_1_128' title='bbox 3109 612 3265 673; x_wconf 87' lang='lat' dir='ltr'><strong>tergo</strong></span> <span class='ocrx_word' id='word_1_129' title='bbox 3303 614 3436 658; x_wconf 91' lang='lat' dir='ltr'><strong>sunt</strong></span> 
     </span>
    </p>
   </div>
   <div class='ocr_carea' id='block_1_21' title="bbox 1846 689 3433 767">
    <p class='ocr_par' dir='ltr' id='par_1_21' title="bbox 1846 689 3433 767">
     <span class='ocr_line' id='line_1_21' title="bbox 1846 689 3433 767; baseline 0.003 -22"><span class='ocrx_word' id='word_1_130' title='bbox 1846 690 2145 761; x_wconf 71' lang='lat' dir='ltr'><strong>prospicit,</strong></span> <span class='ocrx_word' id='word_1_131' title='bbox 2184 689 2282 745; x_wconf 88' lang='lat' dir='ltr'><strong>sed</strong></span> <span class='ocrx_word' id='word_1_132' title='bbox 2330 690 2401 745; x_wconf 89' lang='lat' dir='ltr'><strong>ob</strong></span> <span class='ocrx_word' id='word_1_133' title='bbox 2439 705 2502 746; x_wconf 90' lang='lat' dir='ltr'><strong>ea</strong></span> <span class='ocrx_word' id='word_1_134' title='bbox 2547 706 2671 763; x_wconf 84' lang='lat' dir='ltr'><strong>quae</strong></span> <span class='ocrx_word' id='word_1_135' title='bbox 2713 692 2893 749; x_wconf 89' lang='lat' dir='ltr'><strong>adhuc</strong></span> <span class='ocrx_word' id='word_1_136' title='bbox 2924 700 3139 750; x_wconf 81' lang='lat' dir='ltr'><strong>restant</strong></span> <span class='ocrx_word' id='word_1_137' title='bbox 3193 696 3433 767; x_wconf 77' lang='lat' dir='ltr'><strong>angitur.</strong></span> 
     </span>
    </p>
   </div>
   <div class='ocr_carea' id='block_1_22' title="bbox 1854 778 3432 853">
    <p class='ocr_par' dir='ltr' id='par_1_22' title="bbox 1854 778 3432 853">
     <span class='ocr_line' id='line_1_22' title="bbox 1854 778 3432 853; baseline 0.002 -19"><span class='ocrx_word' id='word_1_138' title='bbox 1854 778 1974 837; x_wconf 84' lang='lat' dir='ltr'><strong>Non</strong></span> <span class='ocrx_word' id='word_1_139' title='bbox 2003 782 2264 837; x_wconf 90' lang='lat' dir='ltr'><strong>collectas</strong></span> <span class='ocrx_word' id='word_1_140' title='bbox 2302 781 2593 838; x_wconf 78' lang='lat' dir='ltr'><strong>facultates</strong></span> <span class='ocrx_word' id='word_1_141' title='bbox 2624 782 2828 853; x_wconf 87' lang='lat' dir='ltr'><strong>quibus</strong></span> <span class='ocrx_word' id='word_1_142' title='bbox 2857 784 3061 839; x_wconf 80' lang='lat' dir='ltr'><strong>fruitur</strong></span> <span class='ocrx_word' id='word_1_143' title='bbox 3097 786 3432 850; x_wconf 76' lang='lat' dir='ltr'><strong>considerat,</strong></span> 
     </span>
    </p>
   </div>
   <div class='ocr_carea' id='block_1_23' title="bbox 1856 874 3435 948">
    <p class='ocr_par' dir='ltr' id='par_1_23' title="bbox 1856 874 3435 948">
     <span class='ocr_line' id='line_1_23' title="bbox 1856 874 3435 948; baseline 0.001 -17"><span class='ocrx_word' id='word_1_144' title='bbox 1856 874 1954 931; x_wconf 90' lang='lat' dir='ltr'><strong>sed</strong></span> <span class='ocrx_word' id='word_1_145' title='bbox 2002 875 2331 946; x_wconf 78' lang='lat' dir='ltr'><strong>ampiiorutn</strong></span> <span class='ocrx_word' id='word_1_146' title='bbox 2397 876 2705 945; x_wconf 81' lang='lat' dir='ltr'><strong>cupiditate</strong></span> <span class='ocrx_word' id='word_1_147' title='bbox 2749 876 2992 948; x_wconf 85' lang='lat' dir='ltr'><strong>seipsum</strong></span> <span class='ocrx_word' id='word_1_148' title='bbox 3040 878 3243 934; x_wconf 80' lang='lat' dir='ltr'><strong>exedit.</strong></span> <span class='ocrx_word' id='word_1_149' title='bbox 3296 875 3435 933; x_wconf 82' lang='lat' dir='ltr'><strong>Hinc</strong></span> 
     </span>
    </p>
   </div>
   <div class='ocr_carea' id='block_1_24' title="bbox 1856 967 3431 1031">
    <p class='ocr_par' dir='ltr' id='par_1_24' title="bbox 1856 967 3431 1031">
     <span class='ocr_line' id='line_1_24' title="bbox 1856 967 3431 1031; baseline 0.002 -10"><span class='ocrx_word' id='word_1_150' title='bbox 1856 974 2047 1022; x_wconf 88' lang='lat' dir='ltr'><strong>noctes</strong></span> <span class='ocrx_word' id='word_1_151' title='bbox 2091 982 2399 1031; x_wconf 86' lang='lat' dir='ltr'><strong>msomnes,</strong></span> <span class='ocrx_word' id='word_1_152' title='bbox 2443 967 2575 1022; x_wconf 90' lang='lat' dir='ltr'><strong>hinc</strong></span> <span class='ocrx_word' id='word_1_153' title='bbox 2603 983 2785 1031; x_wconf 71' lang='lat' dir='ltr'><strong>curat,</strong></span> <span class='ocrx_word' id='word_1_154' title='bbox 2836 969 2966 1024; x_wconf 90' lang='lat' dir='ltr'><strong>hinc</strong></span> <span class='ocrx_word' id='word_1_155' title='bbox 3008 969 3431 1026; x_wconf 78' lang='lat' dir='ltr'><strong>sollicitudines.</strong></span> 
     </span>
    </p>
   </div>
   <div class='ocr_carea' id='block_1_25' title="bbox 1854 1058 3435 1131">
    <p class='ocr_par' dir='ltr' id='par_1_25' title="bbox 1854 1058 3435 1131">
     <span class='ocr_line' id='line_1_25' title="bbox 1854 1058 3435 1131; baseline 0.001 -16"><span class='ocrx_word' id='word_1_156' title='bbox 1854 1058 2135 1126; x_wconf 83' lang='lat' dir='ltr'><strong>Quantum</strong></span> <span class='ocrx_word' id='word_1_157' title='bbox 2159 1059 2367 1115; x_wconf 75' lang='lat' dir='ltr'><strong>dvitiae</strong></span> <span class='ocrx_word' id='word_1_158' title='bbox 2390 1068 2679 1131; x_wconf 78' lang='lat' dir='ltr'><strong>augentur,</strong></span> <span class='ocrx_word' id='word_1_159' title='bbox 2702 1070 2917 1117; x_wconf 89' lang='lat' dir='ltr'><strong>tantum</strong></span> <span class='ocrx_word' id='word_1_160' title='bbox 2946 1071 3002 1118; x_wconf 91' lang='lat' dir='ltr'><strong>et</strong></span> <span class='ocrx_word' id='word_1_161' title='bbox 3018 1065 3202 1120; x_wconf 88' lang='lat' dir='ltr'><strong>victus</strong></span> <span class='ocrx_word' id='word_1_162' title='bbox 3225 1063 3435 1119; x_wconf 85' lang='lat' dir='ltr'><strong>crescit</strong></span> 
     </span>
    </p>
   </div>
   <div class='ocr_carea' id='block_1_26' title="bbox 1860 1149 3436 1223">
    <p class='ocr_par' dir='ltr' id='par_1_26' title="bbox 1860 1149 3436 1223">
     <span class='ocr_line' id='line_1_26' title="bbox 1860 1149 3436 1223; baseline 0.002 -17"><span class='ocrx_word' id='word_1_163' title='bbox 1860 1165 2012 1206; x_wconf 89' lang='lat' dir='ltr'><strong>cura.</strong></span> <span class='ocrx_word' id='word_1_164' title='bbox 2042 1149 2216 1207; x_wconf 84' lang='lat' dir='ltr'><strong>Judex</strong></span> <span class='ocrx_word' id='word_1_165' title='bbox 2245 1154 2634 1223; x_wconf 75' lang='lat' dir='ltr'><strong>exspectatur?</strong></span> <span class='ocrx_word' id='word_1_166' title='bbox 2673 1155 2889 1210; x_wconf 79' lang='lat' dir='ltr'><strong>Avarus</strong></span> <span class='ocrx_word' id='word_1_167' title='bbox 2923 1154 3055 1209; x_wconf 89' lang='lat' dir='ltr'><strong>hinc</strong></span> <span class='ocrx_word' id='word_1_168' title='bbox 3084 1156 3214 1210; x_wconf 85' lang='lat' dir='ltr'><strong>inde</strong></span> <span class='ocrx_word' id='word_1_169' title='bbox 3247 1163 3436 1212; x_wconf 79' lang='lat' dir='ltr'><strong>versat</strong></span> 
     </span>
    </p>
   </div>
   <div class='ocr_carea' id='block_1_27' title="bbox 1860 1243 3436 1320">
    <p class='ocr_par' dir='ltr' id='par_1_27' title="bbox 1860 1243 3436 1320">
     <span class='ocr_line' id='line_1_27' title="bbox 1860 1243 3436 1320; baseline 0.003 -22"><span class='ocrx_word' id='word_1_170' title='bbox 1860 1243 2073 1312; x_wconf 89' lang='lat' dir='ltr'><strong>oculos,</strong></span> <span class='ocrx_word' id='word_1_171' title='bbox 2120 1252 2369 1301; x_wconf 77' lang='lat' dir='ltr'><strong>metuens</strong></span> <span class='ocrx_word' id='word_1_172' title='bbox 2415 1260 2485 1302; x_wconf 88' lang='lat' dir='ltr'><strong>ne</strong></span> <span class='ocrx_word' id='word_1_173' title='bbox 2527 1246 2584 1301; x_wconf 91' lang='lat' dir='ltr'><strong>in</strong></span> <span class='ocrx_word' id='word_1_174' title='bbox 2627 1246 2716 1316; x_wconf 89' lang='lat' dir='ltr'><strong>jus</strong></span> <span class='ocrx_word' id='word_1_175' title='bbox 2759 1249 3033 1309; x_wconf 89' lang='lat' dir='ltr'><strong>trahatur.</strong></span> <span class='ocrx_word' id='word_1_176' title='bbox 3078 1263 3145 1304; x_wconf 89' lang='lat' dir='ltr'><strong>ac</strong></span> <span class='ocrx_word' id='word_1_177' title='bbox 3194 1249 3436 1320; x_wconf 88' lang='lat' dir='ltr'><strong>pupillus</strong></span> 
     </span>
    </p>
   </div>
   <div class='ocr_carea' id='block_1_28' title="bbox 1859 1336 3435 1411">
    <p class='ocr_par' dir='ltr' id='par_1_28' title="bbox 1859 1336 3435 1411">
     <span class='ocr_line' id='line_1_28' title="bbox 1859 1336 3435 1411; baseline 0.003 -20"><span class='ocrx_word' id='word_1_178' title='bbox 1859 1336 2133 1409; x_wconf 79' lang='lat' dir='ltr'><strong>lacrymas</strong></span> <span class='ocrx_word' id='word_1_179' title='bbox 2161 1338 2338 1408; x_wconf 85' lang='lat' dir='ltr'><strong>palam</strong></span> <span class='ocrx_word' id='word_1_180' title='bbox 2368 1353 2557 1395; x_wconf 85' lang='lat' dir='ltr'><strong>coram</strong></span> <span class='ocrx_word' id='word_1_181' title='bbox 2598 1340 2863 1395; x_wconf 89' lang='lat' dir='ltr'><strong>tribunali</strong></span> <span class='ocrx_word' id='word_1_182' title='bbox 2904 1339 3226 1411; x_wconf 85' lang='lat' dir='ltr'><strong>profundat.</strong></span> <span class='ocrx_word' id='word_1_183' title='bbox 3256 1340 3435 1396; x_wconf 85' lang='lat' dir='ltr'><strong>Noctu</strong></span> 
     </span>
    </p>
   </div>
   <div class='ocr_carea' id='block_1_29' title="bbox 1859 1432 3437 1504">
    <p class='ocr_par' dir='ltr' id='par_1_29' title="bbox 1859 1432 3437 1504">
     <span class='ocr_line' id='line_1_29' title="bbox 1859 1432 3437 1504; baseline 0.004 -19"><span class='ocrx_word' id='word_1_184' title='bbox 1859 1432 2067 1501; x_wconf 87' lang='lat' dir='ltr'><strong>cogitat</strong></span> <span class='ocrx_word' id='word_1_185' title='bbox 2087 1446 2226 1503; x_wconf 89' lang='lat' dir='ltr'><strong>quos</strong></span> <span class='ocrx_word' id='word_1_186' title='bbox 2252 1433 2551 1489; x_wconf 87' lang='lat' dir='ltr'><strong>crudelitas</strong></span> <span class='ocrx_word' id='word_1_187' title='bbox 2591 1442 2854 1504; x_wconf 90' lang='lat' dir='ltr'><strong>patronos</strong></span> <span class='ocrx_word' id='word_1_188' title='bbox 2897 1434 3175 1501; x_wconf 85' lang='lat' dir='ltr'><strong>adhibeat,</strong></span> <span class='ocrx_word' id='word_1_189' title='bbox 3205 1443 3263 1489; x_wconf 90' lang='lat' dir='ltr'><strong>ut</strong></span> <span class='ocrx_word' id='word_1_190' title='bbox 3296 1434 3437 1491; x_wconf 89' lang='lat' dir='ltr'><strong>falsa</strong></span> 
     </span>
    </p>
   </div>
   <div class='ocr_carea' id='block_1_30' title="bbox 1860 1524 3435 1599">
    <p class='ocr_par' dir='ltr' id='par_1_30' title="bbox 1860 1524 3435 1599">
     <span class='ocr_line' id='line_1_30' title="bbox 1860 1524 3435 1599; baseline 0.003 -22"><span class='ocrx_word' id='word_1_191' title='bbox 1860 1524 2179 1580; x_wconf 89' lang='lat' dir='ltr'><strong>testimonia</strong></span> <span class='ocrx_word' id='word_1_192' title='bbox 2206 1528 2383 1595; x_wconf 92' lang='lat' dir='ltr'><strong>pretio</strong></span> <span class='ocrx_word' id='word_1_193' title='bbox 2412 1525 2707 1592; x_wconf 87' lang='lat' dir='ltr'><strong>conducat,</strong></span> <span class='ocrx_word' id='word_1_194' title='bbox 2738 1540 2853 1596; x_wconf 90' lang='lat' dir='ltr'><strong>quo</strong></span> <span class='ocrx_word' id='word_1_195' title='bbox 2887 1525 3054 1599; x_wconf 59' lang='lat'><strong>5.90</strong></span> <span class='ocrx_word' id='word_1_196' title='bbox 3090 1535 3250 1598; x_wconf 90' lang='lat' dir='ltr'><strong>pacto</strong></span> <span class='ocrx_word' id='word_1_197' title='bbox 3281 1528 3435 1582; x_wconf 88' lang='lat' dir='ltr'><strong>illum</strong></span> 
     </span>
    </p>
   </div>
   <div class='ocr_carea' id='block_1_31' title="bbox 1861 1614 3437 1690">
    <p class='ocr_par' dir='ltr' id='par_1_31' title="bbox 1861 1614 3437 1690">
     <span class='ocr_line' id='line_1_31' title="bbox 1861 1614 3437 1690; baseline 0.004 -21"><span class='ocrx_word' id='word_1_198' title='bbox 1861 1614 1955 1684; x_wconf 92' lang='lat' dir='ltr'><strong>qui</strong></span> <span class='ocrx_word' id='word_1_199' title='bbox 1989 1616 2271 1672; x_wconf 88' lang='lat' dir='ltr'><strong>desolatus</strong></span> <span class='ocrx_word' id='word_1_200' title='bbox 2318 1625 2407 1674; x_wconf 90' lang='lat' dir='ltr'><strong>est</strong></span> <span class='ocrx_word' id='word_1_201' title='bbox 2452 1627 2761 1689; x_wconf 76' lang='lat' dir='ltr'><strong>expugnet,</strong></span> <span class='ocrx_word' id='word_1_202' title='bbox 2816 1618 3074 1689; x_wconf 87' lang='lat' dir='ltr'><strong>huncque</strong></span> <span class='ocrx_word' id='word_1_203' title='bbox 3124 1621 3178 1674; x_wconf 94' lang='lat' dir='ltr'><strong>in</strong></span> <span class='ocrx_word' id='word_1_204' title='bbox 3227 1619 3437 1690; x_wconf 85' lang='lat' dir='ltr'><strong>judicio</strong></span> 
     </span>
    </p>
   </div>
   <div class='ocr_carea' id='block_1_32' title="bbox 1861 1703 3435 1780">
    <p class='ocr_par' dir='ltr' id='par_1_32' title="bbox 1861 1703 3435 1780">
     <span class='ocr_line' id='line_1_32' title="bbox 1861 1703 3435 1780; baseline 0.003 -20"><span class='ocrx_word' id='word_1_205' title='bbox 1861 1703 2123 1780; x_wconf 77' lang='lat' dir='ltr'><strong>subrepta</strong></span> <span class='ocrx_word' id='word_1_206' title='bbox 2153 1706 2386 1763; x_wconf 78' lang='lat' dir='ltr'><strong>veritate</strong></span> <span class='ocrx_word' id='word_1_207' title='bbox 2412 1710 2706 1779; x_wconf 85' lang='lat' dir='ltr'><strong>opprimat,</strong></span> <span class='ocrx_word' id='word_1_208' title='bbox 2741 1722 2807 1763; x_wconf 87' lang='lat' dir='ltr'><strong>ac</strong></span> <span class='ocrx_word' id='word_1_209' title='bbox 2848 1709 3015 1764; x_wconf 90' lang='lat' dir='ltr'><strong>simul</strong></span> <span class='ocrx_word' id='word_1_210' title='bbox 3045 1709 3236 1764; x_wconf 87' lang='lat' dir='ltr'><strong>ambos</strong></span> <span class='ocrx_word' id='word_1_211' title='bbox 3264 1711 3435 1764; x_wconf 74' lang='lat' dir='ltr'><strong>absu-</strong></span> 
     </span>
    </p>
   </div>
   <div class='ocr_carea' id='block_1_33' title="bbox 1863 1796 3435 1870">
    <p class='ocr_par' dir='ltr' id='par_1_33' title="bbox 1863 1796 3435 1870">
     <span class='ocr_line' id='line_1_33' title="bbox 1863 1796 3435 1870; baseline 0.003 -20"><span class='ocrx_word' id='word_1_212' title='bbox 1863 1806 1998 1865; x_wconf 89' lang='lat' dir='ltr'><strong>mat,</strong></span> <span class='ocrx_word' id='word_1_213' title='bbox 2023 1796 2212 1865; x_wconf 89' lang='lat' dir='ltr'><strong>judice</strong></span> <span class='ocrx_word' id='word_1_214' title='bbox 2238 1796 2499 1853; x_wconf 90' lang='lat' dir='ltr'><strong>nimirum</strong></span> <span class='ocrx_word' id='word_1_215' title='bbox 2530 1798 2783 1869; x_wconf 89' lang='lat' dir='ltr'><strong>decepto,</strong></span> <span class='ocrx_word' id='word_1_216' title='bbox 2818 1808 2873 1853; x_wconf 90' lang='lat' dir='ltr'><strong>et</strong></span> <span class='ocrx_word' id='word_1_217' title='bbox 2911 1813 3082 1870; x_wconf 89' lang='lat' dir='ltr'><strong>puero</strong></span> <span class='ocrx_word' id='word_1_218' title='bbox 3112 1799 3273 1855; x_wconf 89' lang='lat' dir='ltr'><strong>bonis</strong></span> <span class='ocrx_word' id='word_1_219' title='bbox 3306 1814 3435 1869; x_wconf 86' lang='lat' dir='ltr'><strong>spo-</strong></span> 
     </span>
    </p>
   </div>
   <div class='ocr_carea' id='block_1_34' title="bbox 206 1863 1812 1969">
    <p class='ocr_par' dir='ltr' id='par_1_34' title="bbox 206 1863 1812 1969">
     <span class='ocr_line' id='line_1_34' title="bbox 206 1863 1812 1969; baseline -0.005 -18"><span class='ocrx_word' id='word_1_220' title='bbox 206 1899 593 1969; x_wconf 84' lang='grc' dir='ltr'>κρουσάμενος,</span> <span class='ocrx_word' id='word_1_221' title='bbox 622 1897 727 1951; x_wconf 56' lang='grc' dir='ltr'><strong>καὶ</strong></span> <span class='ocrx_word' id='word_1_222' title='bbox 763 1896 826 1949; x_wconf 82' lang='grc' dir='ltr'>τὸ</span> <span class='ocrx_word' id='word_1_223' title='bbox 873 1896 1067 1966; x_wconf 83' lang='grc' dir='ltr'>νήπιον</span> <span class='ocrx_word' id='word_1_224' title='bbox 1123 1893 1544 1964; x_wconf 83' lang='grc' dir='ltr'>πλεονεκτήσας.</span> <span class='ocrx_word' id='word_1_225' title='bbox 1592 1884 1763 1945; x_wconf 55' lang='lat' dir='ltr'><strong>Abeat</strong></span> <span class='ocrx_word' id='word_1_226' title='bbox 1795 1863 1812 1917; x_wconf 71' lang='grc' dir='ltr'><strong>Ι</strong></span> 
     </span>
    </p>
   </div>
   <div class='ocr_carea' id='block_1_35' title="bbox 1860 1863 3438 1969">
    <p class='ocr_par' dir='ltr' id='par_1_35' title="bbox 1867 1863 3438 1947">
     <span class='ocr_line' id='line_1_35' title="bbox 1867 1863 3438 1947; baseline 0.003 -5"><span class='ocrx_word' id='word_1_227' title='bbox 1867 1863 2155 1943; x_wconf 54' lang='grc' dir='ltr'>ΙίοιοίΗὶδ</span> <span class='ocrx_word' id='word_1_228' title='bbox 2177 1888 2329 1943; x_wconf 87' lang='lat' dir='ltr'><strong>curis</strong></span> <span class='ocrx_word' id='word_1_229' title='bbox 2361 1889 2513 1945; x_wconf 84' lang='lat' dir='ltr'><strong>avari</strong></span> <span class='ocrx_word' id='word_1_230' title='bbox 2551 1863 2776 1945; x_wconf 81' lang='lat' dir='ltr'><strong>animus</strong></span> <span class='ocrx_word' id='word_1_231' title='bbox 2803 1863 3115 1947; x_wconf 70' lang='lat' dir='ltr'><strong>coniicitur.</strong></span> <span class='ocrx_word' id='word_1_232' title='bbox 3150 1891 3317 1947; x_wconf 90' lang='lat' dir='ltr'><strong>Canis</strong></span> <span class='ocrx_word' id='word_1_233' title='bbox 3358 1892 3438 1946; x_wconf 90' lang='lat' dir='ltr'><strong>la-</strong></span> 
     </span>
    </p>
   </div>
   <div class='ocr_carea' id='block_1_36' title="bbox 204 1984 1760 2061">
    <p class='ocr_par' dir='ltr' id='par_1_36' title="bbox 204 1984 1760 2061">
     <span class='ocr_line' id='line_1_36' title="bbox 204 1984 1760 2061; baseline -0.003 -18"><span class='ocrx_word' id='word_1_234' title='bbox 204 1993 258 2043; x_wconf 83' lang='grc' dir='ltr'><strong>αί</strong></span> <span class='ocrx_word' id='word_1_235' title='bbox 284 1991 544 2061; x_wconf 82' lang='grc' dir='ltr'>μέριμναι</span> <span class='ocrx_word' id='word_1_236' title='bbox 574 1987 855 2043; x_wconf 84' lang='grc' dir='ltr'>δαπανῶσι</span> <span class='ocrx_word' id='word_1_237' title='bbox 899 1986 995 2041; x_wconf 82' lang='grc' dir='ltr'>τοῦ</span> <span class='ocrx_word' id='word_1_238' title='bbox 1046 1984 1369 2040; x_wconf 83' lang='grc' dir='ltr'>πλεονέκτου</span> <span class='ocrx_word' id='word_1_239' title='bbox 1414 1989 1513 2055; x_wconf 81' lang='grc' dir='ltr'>τὴν</span> <span class='ocrx_word' id='word_1_240' title='bbox 1560 1984 1760 2053; x_wconf 76' lang='grc' dir='ltr'>ψυχήν.</span> 
     </span>
    </p>
   </div>
   <div class='ocr_carea' id='block_1_37' title="bbox 208 2073 1761 2150">
    <p class='ocr_par' dir='ltr' id='par_1_37' title="bbox 208 2073 1761 2150">
     <span class='ocr_line' id='line_1_37' title="bbox 208 2073 1761 2150; baseline -0.003 -14"><span class='ocrx_word' id='word_1_241' title='bbox 208 2083 363 2137; x_wconf 69' lang='grc' dir='ltr'>Κύων</span> <span class='ocrx_word' id='word_1_242' title='bbox 389 2084 638 2147; x_wconf 84' lang='grc' dir='ltr'>ὑλακτεῖ;</span> <span class='ocrx_word' id='word_1_243' title='bbox 668 2083 761 2135; x_wconf 79' lang='grc' dir='ltr'>καὶ</span> <span class='ocrx_word' id='word_1_244' title='bbox 782 2083 809 2134; x_wconf 87' lang='grc' dir='ltr'><strong>ὁ</strong></span> <span class='ocrx_word' id='word_1_245' title='bbox 834 2081 1088 2143; x_wconf 83' lang='grc' dir='ltr'>πλούσιος</span> <span class='ocrx_word' id='word_1_246' title='bbox 1114 2078 1326 2150; x_wconf 77' lang='grc' dir='ltr'>νομίζει</span> <span class='ocrx_word' id='word_1_247' title='bbox 1350 2078 1586 2149; x_wconf 83' lang='grc' dir='ltr'>κλέπτην</span> <span class='ocrx_word' id='word_1_248' title='bbox 1603 2073 1761 2133; x_wconf 78' lang='grc' dir='ltr'>εἶναι.</span> 
     </span>
    </p>
   </div>
   <div class='ocr_carea' id='block_1_38' title="bbox 204 2171 1765 2245">
    <p class='ocr_par' dir='ltr' id='par_1_38' title="bbox 204 2171 1765 2245">
     <span class='ocr_line' id='line_1_38' title="bbox 204 2171 1765 2245; baseline -0.003 -16"><span class='ocrx_word' id='word_1_249' title='bbox 204 2177 349 2238; x_wconf 82' lang='grc' dir='ltr'>Μυὸς</span> <span class='ocrx_word' id='word_1_250' title='bbox 373 2175 569 2245; x_wconf 81' lang='grc' dir='ltr'>ψόφος,</span> <span class='ocrx_word' id='word_1_251' title='bbox 602 2175 695 2228; x_wconf 71' lang='grc' dir='ltr'><strong>καὶ</strong></span> <span class='ocrx_word' id='word_1_252' title='bbox 714 2173 808 2227; x_wconf 82' lang='grc' dir='ltr'>τοῦ</span> <span class='ocrx_word' id='word_1_253' title='bbox 834 2173 1088 2227; x_wconf 84' lang='grc' dir='ltr'>πλουσίου</span> <span class='ocrx_word' id='word_1_254' title='bbox 1118 2174 1151 2245; x_wconf 86' lang='grc' dir='ltr'><strong>ή</strong></span> <span class='ocrx_word' id='word_1_255' title='bbox 1172 2171 1366 2243; x_wconf 86' lang='grc' dir='ltr'>καρδία</span> <span class='ocrx_word' id='word_1_256' title='bbox 1389 2171 1554 2243; x_wconf 79' lang='grc' dir='ltr'>πηδᾷ.</span> <span class='ocrx_word' id='word_1_257' title='bbox 1580 2172 1765 2226; x_wconf 86' lang='grc' dir='ltr'>Πάντα</span> 
     </span>
    </p>
   </div>
   <div class='ocr_carea' id='block_1_39' title="bbox 204 2264 1764 2339">
    <p class='ocr_par' dir='ltr' id='par_1_39' title="bbox 204 2264 1764 2339">
     <span class='ocr_line' id='line_1_39' title="bbox 204 2264 1764 2339; baseline -0.001 -18"><span class='ocrx_word' id='word_1_258' title='bbox 204 2268 266 2321; x_wconf 84' lang='grc' dir='ltr'>δι’</span> <span class='ocrx_word' id='word_1_259' title='bbox 296 2269 532 2338; x_wconf 73' lang='grc' dir='ltr'>ύποιιιίας</span> <span class='ocrx_word' id='word_1_260' title='bbox 550 2268 682 2339; x_wconf 74' lang='grc' dir='ltr'>ἔχει.</span> <span class='ocrx_word' id='word_1_261' title='bbox 706 2268 868 2331; x_wconf 82' lang='grc' dir='ltr'>Υίοὺς</span> <span class='ocrx_word' id='word_1_262' title='bbox 895 2267 1294 2338; x_wconf 79' lang='grc' dir='ltr'>αὐξανομένους</span> <span class='ocrx_word' id='word_1_263' title='bbox 1330 2264 1518 2336; x_wconf 84' lang='grc' dir='ltr'>ὥσπερ</span> <span class='ocrx_word' id='word_1_264' title='bbox 1543 2266 1764 2319; x_wconf 77' lang='grc' dir='ltr'>ἐπιϐού-</span> 
     </span>
    </p>
   </div>
   <div class='ocr_carea' id='block_1_40' title="bbox 206 2359 1765 2434">
    <p class='ocr_par' dir='ltr' id='par_1_40' title="bbox 206 2359 1765 2434">
     <span class='ocr_line' id='line_1_40' title="bbox 206 2359 1765 2434; baseline -0.001 -19"><span class='ocrx_word' id='word_1_265' title='bbox 206 2364 324 2428; x_wconf 78' lang='grc' dir='ltr'>λους</span> <span class='ocrx_word' id='word_1_266' title='bbox 358 2364 500 2434; x_wconf 80' lang='grc' dir='ltr'>ὁρᾷ,</span> <span class='ocrx_word' id='word_1_267' title='bbox 548 2363 630 2415; x_wconf 85' lang='grc' dir='ltr'>ὅτι</span> <span class='ocrx_word' id='word_1_268' title='bbox 664 2364 698 2432; x_wconf 87' lang='grc' dir='ltr'><strong>ή</strong></span> <span class='ocrx_word' id='word_1_269' title='bbox 738 2361 926 2432; x_wconf 79' lang='grc' dir='ltr'>ἡλικία</span> <span class='ocrx_word' id='word_1_270' title='bbox 970 2360 1153 2417; x_wconf 83' lang='grc' dir='ltr'>αὐτῶν</span> <span class='ocrx_word' id='word_1_271' title='bbox 1196 2359 1290 2432; x_wconf 83' lang='grc' dir='ltr'>τὴν</span> <span class='ocrx_word' id='word_1_272' title='bbox 1328 2360 1575 2431; x_wconf 81' lang='grc' dir='ltr'>διαδοχήν</span> <span class='ocrx_word' id='word_1_273' title='bbox 1632 2376 1765 2414; x_wconf 87' lang='grc' dir='ltr'>κατ-</span> 
     </span>
    </p>
   </div>
   <div class='ocr_carea' id='block_1_41' title="bbox 210 2456 443 2525">
    <p class='ocr_par' dir='ltr' id='par_1_41' title="bbox 210 2456 443 2525">
     <span class='ocr_line' id='line_1_41' title="bbox 210 2456 443 2525; baseline 0.004 -18"><span class='ocrx_word' id='word_1_274' title='bbox 210 2456 443 2525; x_wconf 82' lang='grc' dir='ltr'>επείγει.</span> 
     </span>
    </p>
   </div>
   <div class='ocr_carea' id='block_1_42' title="bbox 284 2544 1761 2617">
    <p class='ocr_par' dir='ltr' id='par_1_42' title="bbox 284 2544 1761 2617">
     <span class='ocr_line' id='line_1_42' title="bbox 284 2544 1761 2617; baseline -0.001 -16"><span class='ocrx_word' id='word_1_275' title='bbox 284 2546 623 2615; x_wconf 81' lang='grc' dir='ltr'>Ἀνθρώπου</span> <span class='ocrx_word' id='word_1_276' title='bbox 654 2546 784 2617; x_wconf 84' lang='grc' dir='ltr'>γὰρ,</span> <span class='ocrx_word' id='word_1_277' title='bbox 823 2544 977 2617; x_wconf 77' lang='grc' dir='ltr'>φησὶ,</span> <span class='ocrx_word' id='word_1_278' title='bbox 1009 2545 1312 2601; x_wconf 77' lang='grc' dir='ltr'>πλουσίου</span> <span class='ocrx_word' id='word_1_279' title='bbox 1335 2546 1686 2615; x_wconf 74' lang='grc' dir='ltr'>ηὐερόρησεν</span> <span class='ocrx_word' id='word_1_280' title='bbox 1724 2546 1761 2612; x_wconf 78' lang='grc' dir='ltr'><strong>ή</strong></span> 
     </span>
    </p>
   </div>
   <div class='ocr_carea' id='block_1_43' title="bbox 206 2639 1785 2710">
    <p class='ocr_par' dir='ltr' id='par_1_43' title="bbox 206 2639 1785 2710">
     <span class='ocr_line' id='line_1_43' title="bbox 206 2639 1785 2710; baseline -0.001 -16"><span class='ocrx_word' id='word_1_281' title='bbox 206 2641 379 2708; x_wconf 76' lang='grc' dir='ltr'>χώρα,</span> <span class='ocrx_word' id='word_1_282' title='bbox 419 2639 519 2694; x_wconf 84' lang='grc' dir='ltr'><strong>καί</strong></span> <span class='ocrx_word' id='word_1_283' title='bbox 546 2639 902 2710; x_wconf 74' lang='grc' dir='ltr'>διελογίζπο</span> <span class='ocrx_word' id='word_1_284' title='bbox 933 2639 1061 2693; x_wconf 81' lang='grc' dir='ltr'>καθ’</span> <span class='ocrx_word' id='word_1_285' title='bbox 1094 2639 1345 2693; x_wconf 78' lang='grc' dir='ltr'>ἑαυτόν·</span> <span class='ocrx_word' id='word_1_286' title='bbox 1399 2641 1458 2692; x_wconf 88' lang='grc' dir='ltr'>Τί</span> <span class='ocrx_word' id='word_1_287' title='bbox 1496 2640 1728 2710; x_wconf 85' lang='grc' dir='ltr'>ποιήσω</span> <span class='ocrx_word' id='word_1_288' title='bbox 1746 2658 1785 2705; x_wconf 65' lang='lat'><strong>;,</strong></span> 
     </span>
    </p>
   </div>
   <div class='ocr_carea' id='block_1_44' title="bbox 204 2730 1767 2800">
    <p class='ocr_par' dir='ltr' id='par_1_44' title="bbox 204 2730 1767 2800">
     <span class='ocr_line' id='line_1_44' title="bbox 204 2730 1767 2800; baseline 0.001 -16"><span class='ocrx_word' id='word_1_289' title='bbox 204 2730 445 2787; x_wconf 72' lang='grc' dir='ltr'>Καθελῶ</span> <span class='ocrx_word' id='word_1_290' title='bbox 461 2750 580 2800; x_wconf 90' lang='grc' dir='ltr'><strong>μου</strong></span> <span class='ocrx_word' id='word_1_291' title='bbox 614 2732 720 2798; x_wconf 85' lang='grc' dir='ltr'>τὰς</span> <span class='ocrx_word' id='word_1_292' title='bbox 746 2732 1075 2799; x_wconf 78' lang='grc' dir='ltr'>ἀποθήκας,</span> <span class='ocrx_word' id='word_1_293' title='bbox 1101 2733 1199 2786; x_wconf 84' lang='grc' dir='ltr'><strong>καί</strong></span> <span class='ocrx_word' id='word_1_294' title='bbox 1239 2730 1508 2798; x_wconf 79' lang='grc' dir='ltr'>μείζονας</span> <span class='ocrx_word' id='word_1_295' title='bbox 1538 2732 1767 2786; x_wconf 76' lang='grc' dir='ltr'>οἰκοδο-</span> 
     </span>
    </p>
   </div>
   <div class='ocr_carea' id='block_1_45' title="bbox 201 2820 1763 2895">
    <p class='ocr_par' dir='ltr' id='par_1_45' title="bbox 201 2820 1763 2895">
     <span class='ocr_line' id='line_1_45' title="bbox 201 2820 1763 2895; baseline 0.015 -21"><span class='ocrx_word' id='word_1_296' title='bbox 201 2822 393 2890; x_wconf 80' lang='grc' dir='ltr'>μήσω.</span> <span class='ocrx_word' id='word_1_297' title='bbox 427 2823 526 2877; x_wconf 85' lang='grc' dir='ltr'>Διά</span> <span class='ocrx_word' id='word_1_298' title='bbox 561 2823 614 2876; x_wconf 90' lang='grc' dir='ltr'><strong>τί</strong></span> <span class='ocrx_word' id='word_1_299' title='bbox 648 2820 740 2878; x_wconf 82' lang='grc' dir='ltr'><strong>οὖν</strong></span> <span class='ocrx_word' id='word_1_300' title='bbox 774 2826 1087 2895; x_wconf 84' lang='grc' dir='ltr'>ηύφόρησεν</span> <span class='ocrx_word' id='word_1_301' title='bbox 1112 2826 1145 2895; x_wconf 91' lang='grc' dir='ltr'><strong>ή</strong></span> <span class='ocrx_word' id='word_1_302' title='bbox 1169 2822 1321 2895; x_wconf 88' lang='grc' dir='ltr'>χώρα</span> <span class='ocrx_word' id='word_1_303' title='bbox 1344 2824 1634 2895; x_wconf 85' lang='grc' dir='ltr'>ἀνθρώπου</span> <span class='ocrx_word' id='word_1_304' title='bbox 1661 2843 1763 2895; x_wconf 57' lang='grc' dir='ltr'><strong>μην</strong></span> 
     </span>
    </p>
   </div>
   <div class='ocr_carea' id='block_1_46' title="bbox 204 2911 1769 2984">
    <p class='ocr_par' dir='ltr' id='par_1_46' title="bbox 204 2911 1769 2984">
     <span class='ocr_line' id='line_1_46' title="bbox 204 2911 1769 2984; baseline 0.001 -20"><span class='ocrx_word' id='word_1_305' title='bbox 204 2912 288 2964; x_wconf 77' lang='grc' dir='ltr'>ὀὲν</span> <span class='ocrx_word' id='word_1_306' title='bbox 317 2911 523 2980; x_wconf 84' lang='grc' dir='ltr'>ἀγαθὸν</span> <span class='ocrx_word' id='word_1_307' title='bbox 548 2915 614 2965; x_wconf 81' lang='grc' dir='ltr'>ἐκ</span> <span class='ocrx_word' id='word_1_308' title='bbox 635 2912 736 2982; x_wconf 83' lang='grc' dir='ltr'>τῆς</span> <span class='ocrx_word' id='word_1_309' title='bbox 766 2913 1025 2984; x_wconf 83' lang='grc' dir='ltr'>εὐφορίας</span> <span class='ocrx_word' id='word_1_310' title='bbox 1063 2916 1307 2984; x_wconf 82' lang='grc' dir='ltr'>ποιήσειν</span> <span class='ocrx_word' id='word_1_311' title='bbox 1338 2912 1617 2982; x_wconf 85' lang='grc' dir='ltr'>μέλλοντος</span> <span class='ocrx_word' id='word_1_312' title='bbox 1642 2930 1657 2978; x_wconf 89' lang='grc'>;</span> <span class='ocrx_word' id='word_1_313' title='bbox 1685 2914 1769 2966; x_wconf 78' lang='grc' dir='ltr'>ἵνα</span> 
     </span>
    </p>
   </div>
   <div class='ocr_carea' id='block_1_47' title="bbox 210 3003 1769 3076">
    <p class='ocr_par' dir='ltr' id='par_1_47' title="bbox 210 3003 1769 3076">
     <span class='ocr_line' id='line_1_47' title="bbox 210 3003 1769 3076; baseline 0.002 -20"><span class='ocrx_word' id='word_1_314' title='bbox 210 3003 405 3071; x_wconf 79' lang='grc' dir='ltr'>μᾶλλον</span> <span class='ocrx_word' id='word_1_315' title='bbox 443 3005 478 3074; x_wconf 87' lang='grc' dir='ltr'><strong>ή</strong></span> <span class='ocrx_word' id='word_1_316' title='bbox 505 3004 600 3057; x_wconf 84' lang='grc' dir='ltr'>τοῦ</span> <span class='ocrx_word' id='word_1_317' title='bbox 636 3004 772 3057; x_wconf 82' lang='grc' dir='ltr'><strong>Θεοῦ</strong></span> <span class='ocrx_word' id='word_1_318' title='bbox 806 3004 1158 3076; x_wconf 81' lang='grc' dir='ltr'>μακροθυμία</span> <span class='ocrx_word' id='word_1_319' title='bbox 1185 3005 1443 3075; x_wconf 80' lang='grc' dir='ltr'>διαφανῇ,</span> <span class='ocrx_word' id='word_1_320' title='bbox 1472 3005 1567 3057; x_wconf 76' lang='grc' dir='ltr'><strong>καὶ</strong></span> <span class='ocrx_word' id='word_1_321' title='bbox 1602 3004 1769 3075; x_wconf 86' lang='grc' dir='ltr'>μέχρι</span> 
     </span>
    </p>
   </div>
   <div class='ocr_carea' id='block_1_48' title="bbox 205 3096 1768 3169">
    <p class='ocr_par' dir='ltr' id='par_1_48' title="bbox 205 3096 1768 3169">
     <span class='ocr_line' id='line_1_48' title="bbox 205 3096 1768 3169; baseline 0.002 -20"><span class='ocrx_word' id='word_1_322' title='bbox 205 3096 310 3149; x_wconf 86' lang='grc' dir='ltr'><strong>τῶν</strong></span> <span class='ocrx_word' id='word_1_323' title='bbox 350 3097 611 3151; x_wconf 82' lang='grc' dir='ltr'>τοιούτων</span> <span class='ocrx_word' id='word_1_324' title='bbox 649 3099 1030 3169; x_wconf 84' lang='grc' dir='ltr'>ὲκτεινομὲνης</span> <span class='ocrx_word' id='word_1_325' title='bbox 1060 3096 1224 3152; x_wconf 81' lang='grc' dir='ltr'>αὑτοῦ</span> <span class='ocrx_word' id='word_1_326' title='bbox 1250 3097 1351 3167; x_wconf 81' lang='grc' dir='ltr'>τῆς</span> <span class='ocrx_word' id='word_1_327' title='bbox 1382 3097 1768 3167; x_wconf 77' lang='grc' dir='ltr'>χρηστότητος.</span> 
     </span>
    </p>
   </div>
   <div class='ocr_carea' id='block_1_49' title="bbox 207 3182 1839 3263">
    <p class='ocr_par' dir='ltr' id='par_1_49' title="bbox 207 3182 1839 3263">
     <span class='ocr_line' id='line_1_49' title="bbox 207 3182 1839 3263; baseline 0.002 -21"><span class='ocrx_word' id='word_1_328' title='bbox 207 3189 411 3257; x_wconf 74' lang='grc' dir='ltr'>Βρέχει</span> <span class='ocrx_word' id='word_1_329' title='bbox 450 3191 559 3259; x_wconf 85' lang='grc' dir='ltr'><strong>γάρ</strong></span> <span class='ocrx_word' id='word_1_330' title='bbox 582 3191 680 3243; x_wconf 70' lang='grc' dir='ltr'><strong>ἐπὶ</strong></span> <span class='ocrx_word' id='word_1_331' title='bbox 706 3190 974 3257; x_wconf 80' lang='grc' dir='ltr'>δικαίους</span> <span class='ocrx_word' id='word_1_332' title='bbox 997 3191 1094 3244; x_wconf 76' lang='grc' dir='ltr'>καὶ</span> <span class='ocrx_word' id='word_1_333' title='bbox 1121 3191 1387 3256; x_wconf 73' lang='grc' dir='ltr'>ἀδίκους,</span> <span class='ocrx_word' id='word_1_334' title='bbox 1408 3190 1505 3243; x_wconf 77' lang='grc' dir='ltr'><strong>καί</strong></span> <span class='ocrx_word' id='word_1_335' title='bbox 1534 3182 1769 3244; x_wconf 60' lang='grc' dir='ltr'>ἀνατέλὲ</span> <span class='ocrx_word' id='word_1_336' title='bbox 1796 3208 1839 3263; x_wconf 72' lang='grc' dir='ltr'><strong>ρ</strong></span> 
     </span>
    </p>
   </div>
   <div class='ocr_carea' id='block_1_50' title="bbox 205 3281 1773 3349">
    <p class='ocr_par' dir='ltr' id='par_1_50' title="bbox 205 3281 1773 3349">
     <span class='ocr_line' id='line_1_50' title="bbox 205 3281 1773 3349; baseline 0 -17"><span class='ocrx_word' id='word_1_337' title='bbox 205 3283 295 3333; x_wconf 64' lang='lat' dir='ltr'><strong>dat</strong></span> <span class='ocrx_word' id='word_1_338' title='bbox 324 3282 430 3334; x_wconf 76' lang='grc' dir='ltr'>τόν</span> <span class='ocrx_word' id='word_1_339' title='bbox 458 3281 639 3346; x_wconf 70' lang='grc' dir='ltr'>ἣλιον</span> <span class='ocrx_word' id='word_1_340' title='bbox 674 3283 772 3333; x_wconf 78' lang='grc' dir='ltr'><strong>ἐπὶ</strong></span> <span class='ocrx_word' id='word_1_341' title='bbox 817 3281 1118 3347; x_wconf 81' lang='grc' dir='ltr'>πονηροὺς</span> <span class='ocrx_word' id='word_1_342' title='bbox 1150 3281 1248 3335; x_wconf 79' lang='grc' dir='ltr'>καὶ</span> <span class='ocrx_word' id='word_1_343' title='bbox 1289 3281 1569 3349; x_wconf 77' lang='grc' dir='ltr'>ἀγαθούς.</span> <span class='ocrx_word' id='word_1_344' title='bbox 1623 3282 1689 3334; x_wconf 84' lang='grc' dir='ltr'><strong>Ἦ</strong></span> <span class='ocrx_word' id='word_1_345' title='bbox 1717 3282 1773 3333; x_wconf 76' lang='grc' dir='ltr'>δὲ</span> 
     </span>
    </p>
   </div>
   <div class='ocr_carea' id='block_1_51' title="bbox 206 3373 1775 3445">
    <p class='ocr_par' dir='ltr' id='par_1_51' title="bbox 206 3373 1775 3445">
     <span class='ocr_line' id='line_1_51' title="bbox 206 3373 1775 3445; baseline 0.003 -21"><span class='ocrx_word' id='word_1_346' title='bbox 206 3373 428 3442; x_wconf 83' lang='grc' dir='ltr'>τοιαύτη</span> <span class='ocrx_word' id='word_1_347' title='bbox 459 3373 731 3441; x_wconf 80' lang='grc' dir='ltr'>ἀγαθότης</span> <span class='ocrx_word' id='word_1_348' title='bbox 767 3373 986 3443; x_wconf 83' lang='grc' dir='ltr'>μείζονα</span> <span class='ocrx_word' id='word_1_349' title='bbox 1018 3375 1239 3441; x_wconf 82' lang='grc' dir='ltr'>συνάγει</span> <span class='ocrx_word' id='word_1_350' title='bbox 1262 3378 1376 3438; x_wconf 85' lang='grc' dir='ltr'>τοῖς</span> <span class='ocrx_word' id='word_1_351' title='bbox 1404 3376 1775 3445; x_wconf 84' lang='grc' dir='ltr'>πονηρευομέ-</span> 
     </span>
    </p>
   </div>
   <div class='ocr_carea' id='block_1_52' title="bbox 209 3465 1777 3537">
    <p class='ocr_par' dir='ltr' id='par_1_52' title="bbox 209 3465 1777 3537">
     <span class='ocr_line' id='line_1_52' title="bbox 209 3465 1777 3537; baseline 0.003 -19"><span class='ocrx_word' id='word_1_352' title='bbox 209 3482 316 3527; x_wconf 87' lang='grc' dir='ltr'>νοις</span> <span class='ocrx_word' id='word_1_353' title='bbox 353 3466 453 3535; x_wconf 79' lang='grc' dir='ltr'>τὴν</span> <span class='ocrx_word' id='word_1_354' title='bbox 492 3465 734 3519; x_wconf 87' lang='grc' dir='ltr'>κόλασιν.</span> <span class='ocrx_word' id='word_1_355' title='bbox 787 3466 1023 3533; x_wconf 86' lang='grc' dir='ltr'>Ἥνεγκε</span> <span class='ocrx_word' id='word_1_356' title='bbox 1077 3469 1191 3529; x_wconf 85' lang='grc' dir='ltr'>τοῖς</span> <span class='ocrx_word' id='word_1_357' title='bbox 1243 3468 1473 3537; x_wconf 75' lang='grc' dir='ltr'>ὄμϐροις</span> <span class='ocrx_word' id='word_1_358' title='bbox 1529 3470 1622 3521; x_wconf 78' lang='grc' dir='ltr'>ἐπὶ</span> <span class='ocrx_word' id='word_1_359' title='bbox 1668 3469 1777 3523; x_wconf 86' lang='grc' dir='ltr'><strong>τῶν</strong></span> 
     </span>
    </p>
   </div>
   <div class='ocr_carea' id='block_1_53' title="bbox 210 3554 1777 3628">
    <p class='ocr_par' dir='ltr' id='par_1_53' title="bbox 210 3554 1777 3628">
     <span class='ocr_line' id='line_1_53' title="bbox 210 3554 1777 3628; baseline 0.003 -21"><span class='ocrx_word' id='word_1_360' title='bbox 210 3554 603 3609; x_wconf 85' lang='grc' dir='ltr'>πλεονεκτικῶν</span> <span class='ocrx_word' id='word_1_361' title='bbox 632 3557 831 3627; x_wconf 82' lang='grc' dir='ltr'>χειρῶν</span> <span class='ocrx_word' id='word_1_362' title='bbox 856 3558 1277 3628; x_wconf 84' lang='grc' dir='ltr'>γεωργουμένην</span> <span class='ocrx_word' id='word_1_363' title='bbox 1300 3558 1425 3628; x_wconf 84' lang='grc' dir='ltr'>γῆν.</span> <span class='ocrx_word' id='word_1_364' title='bbox 1456 3559 1662 3613; x_wconf 87' lang='grc' dir='ltr'>Ἔδωκε</span> <span class='ocrx_word' id='word_1_365' title='bbox 1684 3559 1777 3614; x_wconf 77' lang='grc' dir='ltr'>τὸν</span> 
     </span>
    </p>
   </div>
   <div class='ocr_carea' id='block_1_54' title="bbox 209 3646 1777 3719">
    <p class='ocr_par' dir='ltr' id='par_1_54' title="bbox 209 3646 1777 3719">
     <span class='ocr_line' id='line_1_54' title="bbox 209 3646 1777 3719; baseline 0.005 -22"><span class='ocrx_word' id='word_1_366' title='bbox 209 3646 358 3715; x_wconf 74' lang='grc' dir='ltr'>ἣλιον</span> <span class='ocrx_word' id='word_1_367' title='bbox 389 3646 685 3700; x_wconf 80' lang='grc' dir='ltr'>έκθάλπειν</span> <span class='ocrx_word' id='word_1_368' title='bbox 712 3648 780 3701; x_wconf 80' lang='grc' dir='ltr'>τὰ</span> <span class='ocrx_word' id='word_1_369' title='bbox 820 3649 1136 3719; x_wconf 83' lang='grc' dir='ltr'>σπέρματα,</span> <span class='ocrx_word' id='word_1_370' title='bbox 1187 3650 1283 3703; x_wconf 81' lang='grc' dir='ltr'>καὶ</span> <span class='ocrx_word' id='word_1_371' title='bbox 1316 3650 1777 3715; x_wconf 79' lang='grc' dir='ltr'>πολυπλασιάζειν</span> 
     </span>
    </p>
   </div>
   <div class='ocr_carea' id='block_1_55' title="bbox 210 3739 1777 3814">
    <p class='ocr_par' dir='ltr' id='par_1_55' title="bbox 210 3739 1777 3814">
     <span class='ocr_line' id='line_1_55' title="bbox 210 3739 1777 3814; baseline 0.005 -25"><span class='ocrx_word' id='word_1_372' title='bbox 210 3739 333 3800; x_wconf 79' lang='grc' dir='ltr'>τοὺς</span> <span class='ocrx_word' id='word_1_373' title='bbox 356 3739 605 3808; x_wconf 77' lang='grc' dir='ltr'>καρποὺς</span> <span class='ocrx_word' id='word_1_374' title='bbox 634 3740 722 3793; x_wconf 83' lang='grc' dir='ltr'>διὰ</span> <span class='ocrx_word' id='word_1_375' title='bbox 749 3740 848 3809; x_wconf 82' lang='grc' dir='ltr'>τῆς</span> <span class='ocrx_word' id='word_1_376' title='bbox 881 3741 1157 3811; x_wconf 84' lang='grc' dir='ltr'>εύφορίας.</span> <span class='ocrx_word' id='word_1_377' title='bbox 1210 3742 1321 3795; x_wconf 79' lang='grc' dir='ltr'><strong>Καὶ</strong></span> <span class='ocrx_word' id='word_1_378' title='bbox 1368 3743 1436 3795; x_wconf 79' lang='grc' dir='ltr'>τὰ</span> <span class='ocrx_word' id='word_1_379' title='bbox 1486 3742 1585 3812; x_wconf 81' lang='grc' dir='ltr'>μὲν</span> <span class='ocrx_word' id='word_1_380' title='bbox 1629 3744 1777 3814; x_wconf 82' lang='grc' dir='ltr'>παρὰ</span> 
     </span>
    </p>
   </div>
   <div class='ocr_carea' id='block_1_56' title="bbox 210 3831 1778 3905">
    <p class='ocr_par' dir='ltr' id='par_1_56' title="bbox 210 3831 1778 3905">
     <span class='ocr_line' id='line_1_56' title="bbox 210 3831 1778 3905; baseline 0.005 -23"><span class='ocrx_word' id='word_1_381' title='bbox 210 3834 300 3883; x_wconf 87' lang='grc' dir='ltr'><strong>του</strong></span> <span class='ocrx_word' id='word_1_382' title='bbox 319 3831 455 3883; x_wconf 83' lang='grc' dir='ltr'>Θεου</span> <span class='ocrx_word' id='word_1_383' title='bbox 477 3832 701 3884; x_wconf 86' lang='grc' dir='ltr'>τοιαῦτα</span> <span class='ocrx_word' id='word_1_384' title='bbox 719 3850 732 3863; x_wconf 89' lang='grc'>·</span> <span class='ocrx_word' id='word_1_385' title='bbox 764 3834 869 3900; x_wconf 83' lang='grc' dir='ltr'>γῆς</span> <span class='ocrx_word' id='word_1_386' title='bbox 894 3833 1288 3903; x_wconf 79' lang='grc' dir='ltr'>ἐπιτηδειότης,</span> <span class='ocrx_word' id='word_1_387' title='bbox 1314 3831 1492 3905; x_wconf 83' lang='grc' dir='ltr'>ἀέρων</span> <span class='ocrx_word' id='word_1_388' title='bbox 1520 3834 1778 3905; x_wconf 80' lang='grc' dir='ltr'>εὖκρατοι</span> 
     </span>
    </p>
   </div>
   <div class='ocr_carea' id='block_1_57' title="bbox 212 3923 1773 3998">
    <p class='ocr_par' dir='ltr' id='par_1_57' title="bbox 212 3923 1773 3998">
     <span class='ocr_line' id='line_1_57' title="bbox 212 3923 1773 3998; baseline 0.004 -24"><span class='ocrx_word' id='word_1_389' title='bbox 212 3923 593 3987; x_wconf 78' lang='grc' dir='ltr'>καταστάσεις,</span> <span class='ocrx_word' id='word_1_390' title='bbox 636 3924 968 3994; x_wconf 77' lang='grc' dir='ltr'>σπερμάτων</span> <span class='ocrx_word' id='word_1_391' title='bbox 1008 3925 1257 3993; x_wconf 88' lang='grc' dir='ltr'>ἀφθονία,</span> <span class='ocrx_word' id='word_1_392' title='bbox 1293 3925 1433 3995; x_wconf 85' lang='grc' dir='ltr'>βοῶν</span> <span class='ocrx_word' id='word_1_393' title='bbox 1472 3928 1773 3998; x_wconf 87' lang='grc' dir='ltr'>συνεργίαι,</span> 
     </span>
    </p>
   </div>
   <div class='ocr_carea' id='block_1_58' title="bbox 210 4010 1779 4088">
    <p class='ocr_par' dir='ltr' id='par_1_58' title="bbox 210 4010 1779 4088">
     <span class='ocr_line' id='line_1_58' title="bbox 210 4010 1779 4088; baseline 0.004 -22"><span class='ocrx_word' id='word_1_394' title='bbox 210 4012 384 4068; x_wconf 83' lang='grc' dir='ltr'>τᾶλλα</span> <span class='ocrx_word' id='word_1_395' title='bbox 432 4010 513 4077; x_wconf 74' lang='grc' dir='ltr'><strong>οἷς</strong></span> <span class='ocrx_word' id='word_1_396' title='bbox 568 4017 815 4086; x_wconf 88' lang='grc' dir='ltr'>γεωργία</span> <span class='ocrx_word' id='word_1_397' title='bbox 881 4017 1127 4085; x_wconf 88' lang='grc' dir='ltr'>πέφυκεν</span> <span class='ocrx_word' id='word_1_398' title='bbox 1174 4017 1539 4088; x_wconf 87' lang='grc' dir='ltr'>εὐθηνείσθαι.</span> <span class='ocrx_word' id='word_1_399' title='bbox 1590 4021 1671 4074; x_wconf 88' lang='grc' dir='ltr'><strong>Τά</strong></span> <span class='ocrx_word' id='word_1_400' title='bbox 1720 4021 1779 4073; x_wconf 88' lang='grc' dir='ltr'>δὲ</span> 
     </span>
    </p>
   </div>
   <div class='ocr_carea' id='block_1_59' title="bbox 211 4102 1777 4181">
    <p class='ocr_par' dir='ltr' id='par_1_59' title="bbox 211 4102 1777 4181">
     <span class='ocr_line' id='line_1_59' title="bbox 211 4102 1777 4181; baseline 0 -20"><span class='ocrx_word' id='word_1_401' title='bbox 211 4109 362 4176; x_wconf 83' lang='grc' dir='ltr'><strong>παρά</strong></span> <span class='ocrx_word' id='word_1_402' title='bbox 381 4108 475 4160; x_wconf 82' lang='grc' dir='ltr'><strong>τοῦ</strong></span> <span class='ocrx_word' id='word_1_403' title='bbox 498 4107 783 4178; x_wconf 86' lang='grc' dir='ltr'>ἀνθρώπου</span> <span class='ocrx_word' id='word_1_404' title='bbox 807 4102 927 4172; x_wconf 48' lang='lat' dir='ltr'><strong>ora;</strong></span> <span class='ocrx_word' id='word_1_405' title='bbox 950 4109 1011 4161; x_wconf 86' lang='grc' dir='ltr'>τὸ</span> <span class='ocrx_word' id='word_1_406' title='bbox 1039 4108 1235 4180; x_wconf 76' lang='grc' dir='ltr'>πικρὸν</span> <span class='ocrx_word' id='word_1_407' title='bbox 1266 4107 1360 4161; x_wconf 80' lang='grc' dir='ltr'>τοῦ</span> <span class='ocrx_word' id='word_1_408' title='bbox 1390 4109 1557 4181; x_wconf 80' lang='grc' dir='ltr'>ήθους</span> <span class='ocrx_word' id='word_1_409' title='bbox 1587 4110 1620 4179; x_wconf 83' lang='grc' dir='ltr'><strong>ἡ</strong></span> <span class='ocrx_word' id='word_1_410' title='bbox 1653 4126 1777 4179; x_wconf 88' lang='grc' dir='ltr'>μισ-</span> 
     </span>
    </p>
   </div>
   <div class='ocr_carea' id='block_1_60' title="bbox 212 4199 1776 4271">
    <p class='ocr_par' dir='ltr' id='par_1_60' title="bbox 212 4199 1776 4271">
     <span class='ocr_line' id='line_1_60' title="bbox 212 4199 1776 4271; baseline -0.001 -18"><span class='ocrx_word' id='word_1_411' title='bbox 212 4200 499 4271; x_wconf 86' lang='grc' dir='ltr'>ανθρωπία</span> <span class='ocrx_word' id='word_1_412' title='bbox 534 4239 550 4263; x_wconf 90' lang='grc'><strong>,</strong></span> <span class='ocrx_word' id='word_1_413' title='bbox 598 4199 662 4251; x_wconf 77' lang='grc' dir='ltr'><strong>το</strong></span> <span class='ocrx_word' id='word_1_414' title='bbox 704 4200 1122 4270; x_wconf 86' lang='grc' dir='ltr'>δυσμετάδοτον,</span> <span class='ocrx_word' id='word_1_415' title='bbox 1167 4199 1340 4253; x_wconf 84' lang='grc' dir='ltr'>ταῦτα</span> <span class='ocrx_word' id='word_1_416' title='bbox 1384 4200 1463 4271; x_wconf 84' lang='grc' dir='ltr'><strong>τῷ</strong></span> <span class='ocrx_word' id='word_1_417' title='bbox 1514 4200 1776 4271; x_wconf 82' lang='grc' dir='ltr'>εὐεργέτῃ</span> 
     </span>
    </p>
   </div>
   <div class='ocr_carea' id='block_1_61' title="bbox 212 4288 1776 4360">
    <p class='ocr_par' dir='ltr' id='par_1_61' title="bbox 212 4288 1776 4360">
     <span class='ocr_line' id='line_1_61' title="bbox 212 4288 1776 4360; baseline 0.002 -19"><span class='ocrx_word' id='word_1_418' title='bbox 212 4290 674 4344; x_wconf 84' lang='grc' dir='ltr'>ἁντεπεδείκνυτο.</span> <span class='ocrx_word' id='word_1_419' title='bbox 702 4289 817 4341; x_wconf 87' lang='grc' dir='ltr'><strong>Ούκ</strong></span> <span class='ocrx_word' id='word_1_420' title='bbox 862 4288 1109 4360; x_wconf 74' lang='grc' dir='ltr'>ἐμνήσθη</span> <span class='ocrx_word' id='word_1_421' title='bbox 1149 4289 1251 4359; x_wconf 82' lang='grc' dir='ltr'>τῆς</span> <span class='ocrx_word' id='word_1_422' title='bbox 1294 4290 1481 4360; x_wconf 82' lang='grc' dir='ltr'>κοινῆς</span> <span class='ocrx_word' id='word_1_423' title='bbox 1507 4289 1776 4357; x_wconf 69' lang='grc' dir='ltr'>ιφύσεως.</span> 
     </span>
    </p>
   </div>
   <div class='ocr_carea' id='block_1_62' title="bbox 212 4382 1780 4454">
    <p class='ocr_par' dir='ltr' id='par_1_62' title="bbox 212 4382 1780 4454">
     <span class='ocr_line' id='line_1_62' title="bbox 212 4382 1780 4454; baseline -0.002 -19"><span class='ocrx_word' id='word_1_424' title='bbox 212 4386 322 4453; x_wconf 68' lang='grc' dir='ltr'>οὐχ</span> <span class='ocrx_word' id='word_1_425' title='bbox 340 4385 586 4453; x_wconf 84' lang='grc' dir='ltr'>ἡγήσατο</span> <span class='ocrx_word' id='word_1_426' title='bbox 612 4382 808 4454; x_wconf 82' lang='grc' dir='ltr'>χρῆναι</span> <span class='ocrx_word' id='word_1_427' title='bbox 822 4382 883 4435; x_wconf 85' lang='grc' dir='ltr'>τὸ</span> <span class='ocrx_word' id='word_1_428' title='bbox 904 4382 1221 4454; x_wconf 83' lang='grc' dir='ltr'>περιττεῦον</span> <span class='ocrx_word' id='word_1_429' title='bbox 1241 4385 1354 4446; x_wconf 85' lang='grc' dir='ltr'>τοῖς</span> <span class='ocrx_word' id='word_1_430' title='bbox 1381 4382 1589 4435; x_wconf 84' lang='grc' dir='ltr'>ὲνδεέσι-</span> <span class='ocrx_word' id='word_1_431' title='bbox 1613 4398 1780 4435; x_wconf 86' lang='grc' dir='ltr'>κατα-</span> 
     </span>
    </p>
   </div>
   <div class='ocr_carea' id='block_1_63' title="bbox 216 4475 1776 4546">
    <p class='ocr_par' dir='ltr' id='par_1_63' title="bbox 216 4475 1776 4546">
     <span class='ocr_line' id='line_1_63' title="bbox 216 4475 1776 4546; baseline 0.003 -18"><span class='ocrx_word' id='word_1_432' title='bbox 216 4476 460 4546; x_wconf 89' lang='grc' dir='ltr'>μερίσαι.</span> <span class='ocrx_word' id='word_1_433' title='bbox 518 4477 632 4529; x_wconf 82' lang='grc' dir='ltr'><strong>οὐκ</strong></span> <span class='ocrx_word' id='word_1_434' title='bbox 676 4475 800 4545; x_wconf 71' lang='grc' dir='ltr'>ἔσχε</span> <span class='ocrx_word' id='word_1_435' title='bbox 834 4476 958 4529; x_wconf 81' lang='grc' dir='ltr'>τινὰ</span> <span class='ocrx_word' id='word_1_436' title='bbox 1014 4475 1172 4544; x_wconf 90' lang='grc' dir='ltr'>λόγον</span> <span class='ocrx_word' id='word_1_437' title='bbox 1217 4475 1320 4544; x_wconf 83' lang='grc' dir='ltr'>τῆς</span> <span class='ocrx_word' id='word_1_438' title='bbox 1365 4475 1632 4546; x_wconf 77' lang='grc' dir='ltr'>ἐντολῆς⁹</span> <span class='ocrx_word' id='word_1_439' title='bbox 1678 4478 1776 4545; x_wconf 81' lang='grc' dir='ltr'><strong>Μὴ</strong></span> 
     </span>
    </p>
   </div>
   <div class='ocr_carea' id='block_1_64' title="bbox 1867 1978 3441 2052">
    <p class='ocr_par' dir='ltr' id='par_1_64' title="bbox 1867 1978 3441 2052">
     <span class='ocr_line' id='line_1_64' title="bbox 1867 1978 3441 2052; baseline 0.002 -18"><span class='ocrx_word' id='word_1_440' title='bbox 1867 1979 2013 2034; x_wconf 86' lang='lat' dir='ltr'><strong>trat?</strong></span> <span class='ocrx_word' id='word_1_441' title='bbox 2038 1978 2193 2036; x_wconf 87' lang='lat' dir='ltr'><strong>dives</strong></span> <span class='ocrx_word' id='word_1_442' title='bbox 2213 1979 2411 2036; x_wconf 86' lang='lat' dir='ltr'><strong>adesse</strong></span> <span class='ocrx_word' id='word_1_443' title='bbox 2432 1980 2610 2035; x_wconf 85' lang='lat' dir='ltr'><strong>furem</strong></span> <span class='ocrx_word' id='word_1_444' title='bbox 2634 1980 2963 2037; x_wconf 89' lang='lat' dir='ltr'><strong>arbitratur.</strong></span> <span class='ocrx_word' id='word_1_445' title='bbox 2996 1983 3123 2036; x_wconf 88' lang='lat' dir='ltr'><strong>Mus</strong></span> <span class='ocrx_word' id='word_1_446' title='bbox 3151 1983 3441 2052; x_wconf 86' lang='lat' dir='ltr'><strong>strepitum</strong></span> 
     </span>
    </p>
   </div>
   <div class='ocr_carea' id='block_1_65' title="bbox 1866 2070 3439 2138">
    <p class='ocr_par' dir='ltr' id='par_1_65' title="bbox 1866 2070 3439 2138">
     <span class='ocr_line' id='line_1_65' title="bbox 1866 2070 3439 2138; baseline 0 -12"><span class='ocrx_word' id='word_1_447' title='bbox 1866 2071 2072 2127; x_wconf 79' lang='lat' dir='ltr'><strong>edidit?</strong></span> <span class='ocrx_word' id='word_1_448' title='bbox 2119 2086 2219 2127; x_wconf 88' lang='lat' dir='ltr'><strong>cor</strong></span> <span class='ocrx_word' id='word_1_449' title='bbox 2257 2071 2449 2127; x_wconf 88' lang='lat' dir='ltr'><strong>divitis</strong></span> <span class='ocrx_word' id='word_1_450' title='bbox 2490 2072 2711 2127; x_wconf 92' lang='lat' dir='ltr'><strong>subsilit</strong></span> <span class='ocrx_word' id='word_1_451' title='bbox 2771 2082 2946 2127; x_wconf 89' lang='lat' dir='ltr'><strong>metu.</strong></span> <span class='ocrx_word' id='word_1_452' title='bbox 2992 2070 3184 2127; x_wconf 85' lang='lat' dir='ltr'><strong>Omnia</strong></span> <span class='ocrx_word' id='word_1_453' title='bbox 3223 2073 3439 2138; x_wconf 91' lang='lat' dir='ltr'><strong>metuit,</strong></span> 
     </span>
    </p>
   </div>
   <div class='ocr_carea' id='block_1_66' title="bbox 1866 2161 3443 2233">
    <p class='ocr_par' dir='ltr' id='par_1_66' title="bbox 1866 2161 3443 2233">
     <span class='ocr_line' id='line_1_66' title="bbox 1866 2161 3443 2233; baseline 0 -16"><span class='ocrx_word' id='word_1_454' title='bbox 1866 2164 2051 2217; x_wconf 91' lang='lat' dir='ltr'><strong>omnia</strong></span> <span class='ocrx_word' id='word_1_455' title='bbox 2075 2171 2413 2233; x_wconf 76' lang='lat' dir='ltr'><strong>suspicatur.</strong></span> <span class='ocrx_word' id='word_1_456' title='bbox 2444 2161 2617 2218; x_wconf 74' lang='lat' dir='ltr'><strong>Filios</strong></span> <span class='ocrx_word' id='word_1_457' title='bbox 2654 2170 2969 2219; x_wconf 88' lang='lat' dir='ltr'><strong>crescentes</strong></span> <span class='ocrx_word' id='word_1_458' title='bbox 3018 2172 3280 2233; x_wconf 88' lang='lat' dir='ltr'><strong>tanquam</strong></span> <span class='ocrx_word' id='word_1_459' title='bbox 3304 2162 3443 2219; x_wconf 89' lang='lat' dir='ltr'><strong>insi-</strong></span> 
     </span>
    </p>
   </div>
   <div class='ocr_carea' id='block_1_67' title="bbox 1866 2253 3455 2326">
    <p class='ocr_par' dir='ltr' id='par_1_67' title="bbox 1866 2253 3455 2326">
     <span class='ocr_line' id='line_1_67' title="bbox 1866 2253 3455 2326; baseline 0.001 -17"><span class='ocrx_word' id='word_1_460' title='bbox 1866 2253 2108 2310; x_wconf 85' lang='lat' dir='ltr'><strong>diatores</strong></span> <span class='ocrx_word' id='word_1_461' title='bbox 2133 2255 2351 2325; x_wconf 86' lang='lat' dir='ltr'><strong>aspicit,</strong></span> <span class='ocrx_word' id='word_1_462' title='bbox 2368 2263 2529 2310; x_wconf 62' lang='lat' dir='ltr'><strong>aetate</strong></span> <span class='ocrx_word' id='word_1_463' title='bbox 2546 2256 2787 2326; x_wconf 88' lang='lat' dir='ltr'><strong>ipsorum</strong></span> <span class='ocrx_word' id='word_1_464' title='bbox 2814 2269 2910 2311; x_wconf 89' lang='lat' dir='ltr'><strong>eos</strong></span> <span class='ocrx_word' id='word_1_465' title='bbox 2936 2255 3006 2311; x_wconf 88' lang='lat' dir='ltr'><strong>ad</strong></span> <span class='ocrx_word' id='word_1_466' title='bbox 3035 2254 3455 2321; x_wconf 76' lang='lat' dir='ltr'><strong>succedende</strong></span> 
     </span>
    </p>
   </div>
   <div class='ocr_carea' id='block_1_68' title="bbox 1866 2356 2114 2421">
    <p class='ocr_par' dir='ltr' id='par_1_68' title="bbox 1866 2356 2114 2421">
     <span class='ocr_line' id='line_1_68' title="bbox 1866 2356 2114 2421; baseline 0 -19"><span class='ocrx_word' id='word_1_467' title='bbox 1866 2356 2114 2421; x_wconf 69' lang='lat' dir='ltr'><strong>urgente.</strong></span> 
     </span>
    </p>
   </div>
   <div class='ocr_carea' id='block_1_69' title="bbox 1942 2531 3439 2610">
    <p class='ocr_par' dir='ltr' id='par_1_69' title="bbox 1942 2531 3439 2610">
     <span class='ocr_line' id='line_1_69' title="bbox 1942 2531 3439 2610; baseline 0.005 -23"><span class='ocrx_word' id='word_1_468' title='bbox 1942 2531 2131 2602; x_wconf 84' lang='lat' dir='ltr'><strong>Ejusd.</strong></span> <span class='ocrx_word' id='word_1_469' title='bbox 2164 2533 2349 2588; x_wconf 82' lang='lat' dir='ltr'><strong>hamil.</strong></span> <span class='ocrx_word' id='word_1_470' title='bbox 2383 2532 2462 2588; x_wconf 88' lang='lat' dir='ltr'><strong>De</strong></span> <span class='ocrx_word' id='word_1_471' title='bbox 2502 2551 2651 2588; x_wconf 81' lang='lat' dir='ltr'><strong>aaar.</strong></span> <span class='ocrx_word' id='word_1_472' title='bbox 2683 2568 2750 2576; x_wconf 98' lang='lat'><strong>—</strong></span> <span class='ocrx_word' id='word_1_473' title='bbox 2782 2535 3031 2592; x_wconf 82' lang='lat' dir='ltr'><strong>Hominis</strong></span> <span class='ocrx_word' id='word_1_474' title='bbox 3076 2538 3254 2594; x_wconf 80' lang='lat' dir='ltr'><strong>divitis</strong></span> <span class='ocrx_word' id='word_1_475' title='bbox 3295 2556 3439 2610; x_wconf 84' lang='lat' dir='ltr'><strong>ager,</strong></span> 
     </span>
    </p>
   </div>
   <div class='ocr_carea' id='block_1_70' title="bbox 1870 2624 3441 2700">
    <p class='ocr_par' dir='ltr' id='par_1_70' title="bbox 1870 2624 3441 2700">
     <span class='ocr_line' id='line_1_70' title="bbox 1870 2624 3441 2700; baseline 0.005 -20"><span class='ocrx_word' id='word_1_476' title='bbox 1870 2626 2067 2696; x_wconf 87' lang='lat' dir='ltr'><strong>inquit,</strong></span> <span class='ocrx_word' id='word_1_477' title='bbox 2122 2624 2302 2680; x_wconf 83' lang='lat' dir='ltr'><strong>uberes</strong></span> <span class='ocrx_word' id='word_1_478' title='bbox 2339 2626 2545 2695; x_wconf 87' lang='lat' dir='ltr'><strong>fructus</strong></span> <span class='ocrx_word' id='word_1_479' title='bbox 2587 2628 2746 2693; x_wconf 85' lang='lat' dir='ltr'><strong>tulit;</strong></span> <span class='ocrx_word' id='word_1_480' title='bbox 2788 2638 2839 2682; x_wconf 87' lang='lat' dir='ltr'><strong>et</strong></span> <span class='ocrx_word' id='word_1_481' title='bbox 2895 2631 3167 2700; x_wconf 81' lang='lat' dir='ltr'><strong>cogitabat</strong></span> <span class='ocrx_word' id='word_1_482' title='bbox 3213 2648 3389 2686; x_wconf 84' lang='lat' dir='ltr'><strong>secum</strong></span> <span class='ocrx_word' id='word_1_483' title='bbox 3416 2649 3441 2689; x_wconf 91' lang='lat'><strong><em>:</em></strong></span> 
     </span>
    </p>
   </div>
   <div class='ocr_carea' id='block_1_71' title="bbox 1869 2718 3441 2793">
    <p class='ocr_par' dir='ltr' id='par_1_71' title="bbox 1869 2718 3441 2793">
     <span class='ocr_line' id='line_1_71' title="bbox 1869 2718 3441 2793; baseline 0.005 -21"><span class='ocrx_word' id='word_1_484' title='bbox 1869 2719 2022 2786; x_wconf 62' lang='lat' dir='ltr'><strong>Quid</strong></span> <span class='ocrx_word' id='word_1_485' title='bbox 2051 2720 2288 2790; x_wconf 79' lang='lat' dir='ltr'><strong>faciam?</strong></span> <span class='ocrx_word' id='word_1_486' title='bbox 2334 2718 2619 2774; x_wconf 83' lang='lat' dir='ltr'><strong>Destruam</strong></span> <span class='ocrx_word' id='word_1_487' title='bbox 2648 2722 2835 2776; x_wconf 88' lang='lat' dir='ltr'><strong>Itarrea</strong></span> <span class='ocrx_word' id='word_1_488' title='bbox 2888 2739 3025 2787; x_wconf 87' lang='lat' dir='ltr'><strong>mea,</strong></span> <span class='ocrx_word' id='word_1_489' title='bbox 3080 2733 3128 2777; x_wconf 89' lang='lat' dir='ltr'><strong>et</strong></span> <span class='ocrx_word' id='word_1_490' title='bbox 3175 2726 3441 2793; x_wconf 75' lang='lat' dir='ltr'><strong>ampliora</strong></span> 
     </span>
    </p>
   </div>
   <div class='ocr_carea' id='block_1_72' title="bbox 1869 2810 3441 2886">
    <p class='ocr_par' dir='ltr' id='par_1_72' title="bbox 1869 2810 3441 2886">
     <span class='ocr_line' id='line_1_72' title="bbox 1869 2810 3441 2886; baseline 0.004 -20"><span class='ocrx_word' id='word_1_491' title='bbox 1869 2812 2141 2881; x_wconf 74' lang='lat' dir='ltr'><strong>aediﬁcabo</strong></span> <span class='ocrx_word' id='word_1_492' title='bbox 2168 2810 2319 2880; x_wconf 86' lang='lat' dir='ltr'><strong>(Luc.</strong></span> <span class='ocrx_word' id='word_1_493' title='bbox 2356 2829 2454 2879; x_wconf 84' lang='lat' dir='ltr'><strong>xu,</strong></span> <span class='ocrx_word' id='word_1_494' title='bbox 2487 2812 2695 2883; x_wconf 75' lang='lat'><strong>16-18).</strong></span> <span class='ocrx_word' id='word_1_495' title='bbox 2738 2813 2951 2885; x_wconf 89' lang='lat' dir='ltr'><strong>Ecquid</strong></span> <span class='ocrx_word' id='word_1_496' title='bbox 2973 2815 3141 2886; x_wconf 89' lang='lat' dir='ltr'><strong>igitur</strong></span> <span class='ocrx_word' id='word_1_497' title='bbox 3165 2816 3441 2875; x_wconf 87' lang='lat' dir='ltr'><strong>fructibus</strong></span> 
     </span>
    </p>
   </div>
   <div class='ocr_carea' id='block_1_73' title="bbox 1870 2904 3443 3004">
    <p class='ocr_par' dir='ltr' id='par_1_73' title="bbox 1870 2904 3443 3004">
     <span class='ocr_line' id='line_1_73' title="bbox 1870 2904 3443 3004; baseline 0.006 -48"><span class='ocrx_word' id='word_1_498' title='bbox 1870 2904 2168 3004; x_wconf 58' lang='lat' dir='ltr'><strong>abpndavit</strong></span> <span class='ocrx_word' id='word_1_499' title='bbox 2197 2919 2326 2974; x_wconf 90' lang='lat' dir='ltr'><strong>ager</strong></span> <span class='ocrx_word' id='word_1_500' title='bbox 2356 2905 2506 3004; x_wconf 77' lang='lat' dir='ltr'><strong>illius</strong></span> <span class='ocrx_word' id='word_1_501' title='bbox 2540 2905 2801 3004; x_wconf 77' lang='lat' dir='ltr'><strong>hominis,</strong></span> <span class='ocrx_word' id='word_1_502' title='bbox 2852 2908 2950 2978; x_wconf 91' lang='lat' dir='ltr'><strong>qui</strong></span> <span class='ocrx_word' id='word_1_503' title='bbox 3004 2908 3143 3004; x_wconf 88' lang='lat' dir='ltr'><strong>nihil</strong></span> <span class='ocrx_word' id='word_1_504' title='bbox 3188 2910 3320 2964; x_wconf 90' lang='lat' dir='ltr'><strong>boni</strong></span> <span class='ocrx_word' id='word_1_505' title='bbox 3372 2925 3443 2965; x_wconf 87' lang='lat' dir='ltr'><strong>ex</strong></span> 
     </span>
    </p>
   </div>
   <div class='ocr_carea' id='block_1_74' title="bbox 1872 2997 3443 3074">
    <p class='ocr_par' dir='ltr' id='par_1_74' title="bbox 1872 2997 3443 3074">
     <span class='ocr_line' id='line_1_74' title="bbox 1872 2997 3443 3074; baseline 0.004 -23"><span class='ocrx_word' id='word_1_506' title='bbox 1872 2997 1973 3052; x_wconf 79' lang='lat' dir='ltr'><strong>hac</strong></span> <span class='ocrx_word' id='word_1_507' title='bbox 2014 2997 2173 3067; x_wconf 90' lang='lat' dir='ltr'><strong>copia</strong></span> <span class='ocrx_word' id='word_1_508' title='bbox 2224 3006 2280 3053; x_wconf 91' lang='lat' dir='ltr'><strong>et</strong></span> <span class='ocrx_word' id='word_1_509' title='bbox 2326 2998 2578 3055; x_wconf 86' lang='lat' dir='ltr'><strong>ubertate</strong></span> <span class='ocrx_word' id='word_1_510' title='bbox 2631 2997 2883 3055; x_wconf 88' lang='lat' dir='ltr'><strong>facturus</strong></span> <span class='ocrx_word' id='word_1_511' title='bbox 2936 3002 3097 3057; x_wconf 82' lang='lat' dir='ltr'><strong>erat?</strong></span> <span class='ocrx_word' id='word_1_512' title='bbox 3143 3004 3331 3074; x_wconf 89' lang='lat' dir='ltr'><strong>utique</strong></span> <span class='ocrx_word' id='word_1_513' title='bbox 3380 3011 3443 3057; x_wconf 90' lang='lat' dir='ltr'><strong>ut</strong></span> 
     </span>
    </p>
   </div>
   <div class='ocr_carea' id='block_1_75' title="bbox 1870 3090 3445 3166">
    <p class='ocr_par' dir='ltr' id='par_1_75' title="bbox 1870 3090 3445 3166">
     <span class='ocr_line' id='line_1_75' title="bbox 1870 3090 3445 3166; baseline 0.004 -21"><span class='ocrx_word' id='word_1_514' title='bbox 1870 3091 2131 3147; x_wconf 77' lang='lat' dir='ltr'><strong>diuturna</strong></span> <span class='ocrx_word' id='word_1_515' title='bbox 2172 3090 2269 3146; x_wconf 88' lang='lat' dir='ltr'><strong>Det</strong></span> <span class='ocrx_word' id='word_1_516' title='bbox 2311 3094 2572 3162; x_wconf 87' lang='lat' dir='ltr'><strong>patientia</strong></span> <span class='ocrx_word' id='word_1_517' title='bbox 2607 3096 2815 3149; x_wconf 90' lang='lat' dir='ltr'><strong>clarius</strong></span> <span class='ocrx_word' id='word_1_518' title='bbox 2851 3102 3087 3159; x_wconf 90' lang='lat' dir='ltr'><strong>eluceat,</strong></span> <span class='ocrx_word' id='word_1_519' title='bbox 3138 3096 3233 3165; x_wconf 89' lang='lat' dir='ltr'><strong>qui</strong></span> <span class='ocrx_word' id='word_1_520' title='bbox 3269 3111 3445 3166; x_wconf 81' lang='lat' dir='ltr'><strong>usque</strong></span> 
     </span>
    </p>
   </div>
   <div class='ocr_carea' id='block_1_76' title="bbox 1872 3183 3443 3260">
    <p class='ocr_par' dir='ltr' id='par_1_76' title="bbox 1872 3183 3443 3260">
     <span class='ocr_line' id='line_1_76' title="bbox 1872 3183 3443 3260; baseline 0.006 -24"><span class='ocrx_word' id='word_1_521' title='bbox 1872 3184 1937 3237; x_wconf 91' lang='lat' dir='ltr'><strong>ad</strong></span> <span class='ocrx_word' id='word_1_522' title='bbox 1986 3183 2259 3253; x_wconf 88' lang='lat' dir='ltr'><strong>ejusmodi</strong></span> <span class='ocrx_word' id='word_1_523' title='bbox 2292 3184 2545 3242; x_wconf 86' lang='lat' dir='ltr'><strong>homines</strong></span> <span class='ocrx_word' id='word_1_524' title='bbox 2576 3186 2965 3257; x_wconf 81' lang='lat' dir='ltr'><strong>benignitatem</strong></span> <span class='ocrx_word' id='word_1_525' title='bbox 2998 3203 3151 3243; x_wconf 88' lang='lat' dir='ltr'><strong>suam</strong></span> <span class='ocrx_word' id='word_1_526' title='bbox 3192 3190 3443 3260; x_wconf 86' lang='lat' dir='ltr'><strong>porrigit.</strong></span> 
     </span>
    </p>
   </div>
   <div class='ocr_carea' id='block_1_77' title="bbox 1871 3275 3445 3348">
    <p class='ocr_par' dir='ltr' id='par_1_77' title="bbox 1871 3275 3445 3348">
     <span class='ocr_line' id='line_1_77' title="bbox 1871 3275 3445 3348; baseline 0.006 -23"><span class='ocrx_word' id='word_1_527' title='bbox 1871 3275 2019 3328; x_wconf 82' lang='lat' dir='ltr'><strong>Ptuit</strong></span> <span class='ocrx_word' id='word_1_528' title='bbox 2058 3277 2202 3330; x_wconf 89' lang='lat' dir='ltr'><strong>enim</strong></span> <span class='ocrx_word' id='word_1_529' title='bbox 2236 3292 2392 3344; x_wconf 81' lang='lat' dir='ltr'><strong>super</strong></span> <span class='ocrx_word' id='word_1_530' title='bbox 2426 3279 2605 3347; x_wconf 76' lang='lat' dir='ltr'><strong>justas</strong></span> <span class='ocrx_word' id='word_1_531' title='bbox 2635 3288 2685 3332; x_wconf 83' lang='lat' dir='ltr'><strong>et</strong></span> <span class='ocrx_word' id='word_1_532' title='bbox 2718 3280 2970 3348; x_wconf 79' lang='lat' dir='ltr'><strong>injustas,</strong></span> <span class='ocrx_word' id='word_1_533' title='bbox 3006 3290 3056 3333; x_wconf 88' lang='lat' dir='ltr'><strong>et</strong></span> <span class='ocrx_word' id='word_1_534' title='bbox 3094 3280 3259 3335; x_wconf 88' lang='lat' dir='ltr'><strong>solem</strong></span> <span class='ocrx_word' id='word_1_535' title='bbox 3288 3297 3445 3335; x_wconf 83' lang='lat' dir='ltr'><strong>suum</strong></span> 
     </span>
    </p>
   </div>
   <div class='ocr_carea' id='block_1_78' title="bbox 1873 3368 3535 3444">
    <p class='ocr_par' dir='ltr' id='par_1_78' title="bbox 1873 3368 3535 3444">
     <span class='ocr_line' id='line_1_78' title="bbox 1873 3368 3535 3444; baseline 0.007 -24"><span class='ocrx_word' id='word_1_536' title='bbox 1873 3368 2005 3420; x_wconf 82' lang='lat' dir='ltr'><strong>oriri</strong></span> <span class='ocrx_word' id='word_1_537' title='bbox 2036 3368 2168 3436; x_wconf 88' lang='lat' dir='ltr'><strong>facit</strong></span> <span class='ocrx_word' id='word_1_538' title='bbox 2197 3385 2351 3437; x_wconf 85' lang='lat' dir='ltr'><strong>super</strong></span> <span class='ocrx_word' id='word_1_539' title='bbox 2379 3370 2539 3425; x_wconf 86' lang='lat' dir='ltr'><strong>bonos</strong></span> <span class='ocrx_word' id='word_1_540' title='bbox 2584 3381 2635 3424; x_wconf 89' lang='lat' dir='ltr'><strong>et</strong></span> <span class='ocrx_word' id='word_1_541' title='bbox 2673 3373 2843 3427; x_wconf 86' lang='lat' dir='ltr'><strong>malas</strong></span> <span class='ocrx_word' id='word_1_542' title='bbox 2881 3372 3102 3442; x_wconf 77' lang='lat' dir='ltr'><strong>(Matth.</strong></span> <span class='ocrx_word' id='word_1_543' title='bbox 3137 3391 3193 3440; x_wconf 71' lang='grc' dir='ltr'>γ,</span> <span class='ocrx_word' id='word_1_544' title='bbox 3232 3376 3347 3444; x_wconf 76' lang='grc'><strong>45).</strong></span> <span class='ocrx_word' id='word_1_545' title='bbox 3380 3377 3449 3430; x_wconf 84' lang='lat' dir='ltr'><strong>At</strong></span> <span class='ocrx_word' id='word_1_546' title='bbox 3532 3432 3535 3433; x_wconf 64' lang='lat'>,</span> 
     </span>
    </p>
   </div>
   <div class='ocr_carea' id='block_1_79' title="bbox 1873 3459 3445 3536">
    <p class='ocr_par' dir='ltr' id='par_1_79' title="bbox 1873 3459 3445 3536">
     <span class='ocr_line' id='line_1_79' title="bbox 1873 3459 3445 3536; baseline 0.006 -24"><span class='ocrx_word' id='word_1_547' title='bbox 1873 3459 2142 3528; x_wconf 85' lang='lat' dir='ltr'><strong>ejusmodi</strong></span> <span class='ocrx_word' id='word_1_548' title='bbox 2204 3461 2419 3518; x_wconf 90' lang='lat' dir='ltr'><strong>bonitas</strong></span> <span class='ocrx_word' id='word_1_549' title='bbox 2485 3465 2745 3531; x_wconf 88' lang='lat' dir='ltr'><strong>majorem</strong></span> <span class='ocrx_word' id='word_1_550' title='bbox 2806 3465 3076 3536; x_wconf 90' lang='lat' dir='ltr'><strong>improbis</strong></span> <span class='ocrx_word' id='word_1_551' title='bbox 3139 3470 3445 3522; x_wconf 89' lang='lat' dir='ltr'><strong>cruciatum</strong></span> 
     </span>
    </p>
   </div>
   <div class='ocr_carea' id='block_1_80' title="bbox 1874 3553 3447 3628">
    <p class='ocr_par' dir='ltr' id='par_1_80' title="bbox 1874 3553 3447 3628">
     <span class='ocr_line' id='line_1_80' title="bbox 1874 3553 3447 3628; baseline 0.006 -24"><span class='ocrx_word' id='word_1_552' title='bbox 1874 3553 2128 3613; x_wconf 86' lang='lat' dir='ltr'><strong>accersit.</strong></span> <span class='ocrx_word' id='word_1_553' title='bbox 2163 3553 2372 3610; x_wconf 90' lang='lat' dir='ltr'><strong>Imbres</strong></span> <span class='ocrx_word' id='word_1_554' title='bbox 2408 3555 2463 3608; x_wconf 90' lang='lat' dir='ltr'><strong>in</strong></span> <span class='ocrx_word' id='word_1_555' title='bbox 2494 3556 2675 3611; x_wconf 85' lang='lat' dir='ltr'><strong>solum</strong></span> <span class='ocrx_word' id='word_1_556' title='bbox 2709 3557 2839 3612; x_wconf 90' lang='lat' dir='ltr'><strong>illud</strong></span> <span class='ocrx_word' id='word_1_557' title='bbox 2869 3558 3078 3621; x_wconf 87' lang='lat' dir='ltr'><strong>emisit,</strong></span> <span class='ocrx_word' id='word_1_558' title='bbox 3121 3560 3267 3628; x_wconf 87' lang='lat' dir='ltr'><strong>quod</strong></span> <span class='ocrx_word' id='word_1_559' title='bbox 3297 3561 3447 3613; x_wconf 87' lang='lat' dir='ltr'><strong>avari</strong></span> 
     </span>
    </p>
   </div>
   <div class='ocr_carea' id='block_1_81' title="bbox 1871 3645 3445 3718">
    <p class='ocr_par' dir='ltr' id='par_1_81' title="bbox 1871 3645 3445 3718">
     <span class='ocr_line' id='line_1_81' title="bbox 1871 3645 3445 3718; baseline 0.004 -21"><span class='ocrx_word' id='word_1_560' title='bbox 1871 3658 2039 3698; x_wconf 90' lang='lat' dir='ltr'><strong>manu</strong></span> <span class='ocrx_word' id='word_1_561' title='bbox 2068 3645 2370 3701; x_wconf 89' lang='lat' dir='ltr'><strong>colebatur.</strong></span> <span class='ocrx_word' id='word_1_562' title='bbox 2405 3646 2567 3702; x_wconf 89' lang='lat' dir='ltr'><strong>Dedit</strong></span> <span class='ocrx_word' id='word_1_563' title='bbox 2615 3648 2813 3713; x_wconf 88' lang='lat' dir='ltr'><strong>solem,</strong></span> <span class='ocrx_word' id='word_1_564' title='bbox 2846 3648 2939 3718; x_wconf 92' lang='lat' dir='ltr'><strong>qui</strong></span> <span class='ocrx_word' id='word_1_565' title='bbox 2970 3654 3178 3704; x_wconf 88' lang='lat' dir='ltr'><strong>semina</strong></span> <span class='ocrx_word' id='word_1_566' title='bbox 3214 3651 3445 3715; x_wconf 89' lang='lat' dir='ltr'><strong>foveret,</strong></span> 
     </span>
    </p>
   </div>
   <div class='ocr_carea' id='block_1_82' title="bbox 1875 3737 3445 3811">
    <p class='ocr_par' dir='ltr' id='par_1_82' title="bbox 1875 3737 3445 3811">
     <span class='ocr_line' id='line_1_82' title="bbox 1875 3737 3445 3811; baseline 0.004 -20"><span class='ocrx_word' id='word_1_567' title='bbox 1875 3748 1928 3791; x_wconf 89' lang='lat' dir='ltr'><strong>et</strong></span> <span class='ocrx_word' id='word_1_568' title='bbox 1966 3753 2066 3806; x_wconf 90' lang='lat' dir='ltr'><strong>per</strong></span> <span class='ocrx_word' id='word_1_569' title='bbox 2104 3737 2439 3794; x_wconf 79' lang='lat' dir='ltr'><strong>fertilitatem</strong></span> <span class='ocrx_word' id='word_1_570' title='bbox 2477 3739 2692 3797; x_wconf 83' lang='lat' dir='ltr'><strong>fructus</strong></span> <span class='ocrx_word' id='word_1_571' title='bbox 2741 3742 3154 3811; x_wconf 90' lang='lat' dir='ltr'><strong>multiplicaret.</strong></span> <span class='ocrx_word' id='word_1_572' title='bbox 3189 3744 3268 3797; x_wconf 81' lang='lat' dir='ltr'><strong>Ac</strong></span> <span class='ocrx_word' id='word_1_573' title='bbox 3317 3744 3445 3798; x_wconf 89' lang='lat' dir='ltr'><strong>talia</strong></span> 
     </span>
    </p>
   </div>
   <div class='ocr_carea' id='block_1_83' title="bbox 1874 3829 3447 3903">
    <p class='ocr_par' dir='ltr' id='par_1_83' title="bbox 1874 3829 3447 3903">
     <span class='ocr_line' id='line_1_83' title="bbox 1874 3829 3447 3903; baseline 0.004 -20"><span class='ocrx_word' id='word_1_574' title='bbox 1874 3830 2092 3899; x_wconf 88' lang='lat' dir='ltr'><strong>quidem</strong></span> <span class='ocrx_word' id='word_1_575' title='bbox 2125 3829 2221 3885; x_wconf 91' lang='lat' dir='ltr'><strong>Dei</strong></span> <span class='ocrx_word' id='word_1_576' title='bbox 2260 3830 2525 3886; x_wconf 78' lang='lat' dir='ltr'><strong>beneﬂcio</strong></span> <span class='ocrx_word' id='word_1_577' title='bbox 2572 3832 2944 3903; x_wconf 86' lang='lat' dir='ltr'><strong>contigerunt,</strong></span> <span class='ocrx_word' id='word_1_578' title='bbox 2988 3841 3149 3888; x_wconf 75' lang='lat' dir='ltr'><strong>terra:</strong></span> <span class='ocrx_word' id='word_1_579' title='bbox 3186 3835 3447 3889; x_wconf 90' lang='lat' dir='ltr'><strong>nimirum</strong></span> 
     </span>
    </p>
   </div>
   <div class='ocr_carea' id='block_1_84' title="bbox 1876 3921 3445 3994">
    <p class='ocr_par' dir='ltr' id='par_1_84' title="bbox 1876 3921 3445 3994">
     <span class='ocr_line' id='line_1_84' title="bbox 1876 3921 3445 3994; baseline 0.004 -19"><span class='ocrx_word' id='word_1_580' title='bbox 1876 3921 2144 3992; x_wconf 84' lang='lat' dir='ltr'><strong>aptitudo,</strong></span> <span class='ocrx_word' id='word_1_581' title='bbox 2172 3923 2318 3977; x_wconf 90' lang='lat' dir='ltr'><strong>aeris</strong></span> <span class='ocrx_word' id='word_1_582' title='bbox 2376 3926 2693 3992; x_wconf 88' lang='lat' dir='ltr'><strong>temperies,</strong></span> <span class='ocrx_word' id='word_1_583' title='bbox 2736 3926 3007 3980; x_wconf 90' lang='lat' dir='ltr'><strong>seminum</strong></span> <span class='ocrx_word' id='word_1_584' title='bbox 3047 3926 3229 3994; x_wconf 90' lang='lat' dir='ltr'><strong>copia,</strong></span> <span class='ocrx_word' id='word_1_585' title='bbox 3278 3927 3445 3982; x_wconf 86' lang='lat' dir='ltr'><strong>boum</strong></span> 
     </span>
    </p>
   </div>
   <div class='ocr_carea' id='block_1_85' title="bbox 1875 4016 3447 4088">
    <p class='ocr_par' dir='ltr' id='par_1_85' title="bbox 1875 4016 3447 4088">
     <span class='ocr_line' id='line_1_85' title="bbox 1875 4016 3447 4088; baseline 0.003 -21"><span class='ocrx_word' id='word_1_586' title='bbox 1875 4028 2073 4082; x_wconf 62' lang='lat' dir='ltr'><strong>operm,</strong></span> <span class='ocrx_word' id='word_1_587' title='bbox 2122 4023 2428 4083; x_wconf 57' lang='lat' dir='ltr'><strong>casteraque</strong></span> <span class='ocrx_word' id='word_1_588' title='bbox 2458 4029 2524 4069; x_wconf 87' lang='lat' dir='ltr'><strong>ex</strong></span> <span class='ocrx_word' id='word_1_589' title='bbox 2555 4016 2761 4085; x_wconf 85' lang='lat' dir='ltr'><strong>quibus</strong></span> <span class='ocrx_word' id='word_1_590' title='bbox 2813 4017 2931 4087; x_wconf 91' lang='lat' dir='ltr'><strong>agri</strong></span> <span class='ocrx_word' id='word_1_591' title='bbox 2978 4018 3193 4072; x_wconf 89' lang='lat' dir='ltr'><strong>cultura</strong></span> <span class='ocrx_word' id='word_1_592' title='bbox 3223 4018 3447 4088; x_wconf 85' lang='lat' dir='ltr'><strong>frugum</strong></span> 
     </span>
    </p>
   </div>
   <div class='ocr_carea' id='block_1_86' title="bbox 1876 4102 3447 4175">
    <p class='ocr_par' dir='ltr' id='par_1_86' title="bbox 1876 4102 3447 4175">
     <span class='ocr_line' id='line_1_86' title="bbox 1876 4102 3447 4175; baseline 0.005 -19"><span class='ocrx_word' id='word_1_593' title='bbox 1876 4102 2265 4159; x_wconf 84' lang='lat' dir='ltr'><strong>abundantiam</strong></span> <span class='ocrx_word' id='word_1_594' title='bbox 2295 4107 2585 4175; x_wconf 89' lang='lat' dir='ltr'><strong>concipere</strong></span> <span class='ocrx_word' id='word_1_595' title='bbox 2618 4108 2778 4162; x_wconf 90' lang='lat' dir='ltr'><strong>solet.</strong></span> <span class='ocrx_word' id='word_1_596' title='bbox 2814 4107 3011 4173; x_wconf 87' lang='lat' dir='ltr'><strong>Qualia</strong></span> <span class='ocrx_word' id='word_1_597' title='bbox 3056 4120 3239 4164; x_wconf 87' lang='lat' dir='ltr'><strong>autem</strong></span> <span class='ocrx_word' id='word_1_598' title='bbox 3284 4118 3447 4165; x_wconf 85' lang='lat' dir='ltr'><strong>erant</strong></span> 
     </span>
    </p>
   </div>
   <div class='ocr_carea' id='block_1_87' title="bbox 1876 4193 3455 4267">
    <p class='ocr_par' dir='ltr' id='par_1_87' title="bbox 1876 4193 3455 4267">
     <span class='ocr_line' id='line_1_87' title="bbox 1876 4193 3455 4267; baseline 0.006 -22"><span class='ocrx_word' id='word_1_599' title='bbox 1876 4208 1996 4261; x_wconf 76' lang='lat' dir='ltr'><strong>qua:</strong></span> <span class='ocrx_word' id='word_1_600' title='bbox 2021 4193 2089 4248; x_wconf 89' lang='lat' dir='ltr'><strong>ab</strong></span> <span class='ocrx_word' id='word_1_601' title='bbox 2106 4193 2326 4249; x_wconf 86' lang='lat' dir='ltr'><strong>homine</strong></span> <span class='ocrx_word' id='word_1_602' title='bbox 2354 4194 2887 4263; x_wconf 81' lang='lat' dir='ltr'><strong>proficiscebantur?</strong></span> <span class='ocrx_word' id='word_1_603' title='bbox 2910 4198 3185 4255; x_wconf 84' lang='lat' dir='ltr'><strong>acerbitas</strong></span> <span class='ocrx_word' id='word_1_604' title='bbox 3206 4212 3455 4267; x_wconf 68' lang='lat' dir='ltr'><strong>morum,</strong></span> 
     </span>
    </p>
   </div>
   <div class='ocr_carea' id='block_1_88' title="bbox 1877 4284 3447 4363">
    <p class='ocr_par' dir='ltr' id='par_1_88' title="bbox 1877 4284 3447 4363">
     <span class='ocr_line' id='line_1_88' title="bbox 1877 4284 3447 4363; baseline 0.006 -24"><span class='ocrx_word' id='word_1_605' title='bbox 1877 4284 2268 4351; x_wconf 88' lang='lat' dir='ltr'><strong>inhumanitas,</strong></span> <span class='ocrx_word' id='word_1_606' title='bbox 2298 4287 2663 4345; x_wconf 87' lang='lat' dir='ltr'><strong>illiberalitas.</strong></span> <span class='ocrx_word' id='word_1_607' title='bbox 2705 4289 2832 4345; x_wconf 66' lang='lat' dir='ltr'><strong>Haec</strong></span> <span class='ocrx_word' id='word_1_608' title='bbox 2857 4290 2950 4346; x_wconf 89' lang='lat' dir='ltr'><strong>ille</strong></span> <span class='ocrx_word' id='word_1_609' title='bbox 2982 4291 3093 4347; x_wconf 90' lang='lat' dir='ltr'><strong>Deo</strong></span> <span class='ocrx_word' id='word_1_610' title='bbox 3123 4308 3223 4362; x_wconf 92' lang='lat' dir='ltr'><strong>pro</strong></span> <span class='ocrx_word' id='word_1_611' title='bbox 3272 4293 3447 4363; x_wconf 91' lang='lat' dir='ltr'><strong>ipsius</strong></span> 
     </span>
    </p>
   </div>
   <div class='ocr_carea' id='block_1_89' title="bbox 1877 4379 3447 4447">
    <p class='ocr_par' dir='ltr' id='par_1_89' title="bbox 1877 4379 3447 4447">
     <span class='ocr_line' id='line_1_89' title="bbox 1877 4379 3447 4447; baseline 0.006 -16"><span class='ocrx_word' id='word_1_612' title='bbox 1877 4392 2006 4447; x_wconf 83' lang='lat' dir='ltr'><strong>erga</strong></span> <span class='ocrx_word' id='word_1_613' title='bbox 2055 4394 2115 4433; x_wconf 89' lang='lat' dir='ltr'><strong>se</strong></span> <span class='ocrx_word' id='word_1_614' title='bbox 2146 4379 2356 4434; x_wconf 89' lang='lat' dir='ltr'><strong>meritis</strong></span> <span class='ocrx_word' id='word_1_615' title='bbox 2393 4379 2682 4436; x_wconf 80' lang='lat' dir='ltr'><strong>referebat.</strong></span> <span class='ocrx_word' id='word_1_616' title='bbox 2723 4383 3046 4439; x_wconf 90' lang='lat' dir='ltr'><strong>Communis</strong></span> <span class='ocrx_word' id='word_1_617' title='bbox 3092 4393 3305 4441; x_wconf 72' lang='lat' dir='ltr'><strong>natura:</strong></span> <span class='ocrx_word' id='word_1_618' title='bbox 3334 4401 3447 4440; x_wconf 90' lang='lat' dir='ltr'><strong>non</strong></span> 
     </span>
    </p>
   </div>
   <div class='ocr_carea' id='block_1_90' title="bbox 1877 4470 3448 4542">
    <p class='ocr_par' dir='ltr' id='par_1_90' title="bbox 1877 4470 3448 4542">
     <span class='ocr_line' id='line_1_90' title="bbox 1877 4470 3448 4542; baseline 0.007 -20"><span class='ocrx_word' id='word_1_619' title='bbox 1877 4470 2238 4536; x_wconf 84' lang='lat' dir='ltr'><strong>meminerat;</strong></span> <span class='ocrx_word' id='word_1_620' title='bbox 2276 4486 2388 4525; x_wconf 86' lang='lat' dir='ltr'><strong>non</strong></span> <span class='ocrx_word' id='word_1_621' title='bbox 2433 4472 2538 4527; x_wconf 88' lang='lat' dir='ltr'><strong>sibi</strong></span> <span class='ocrx_word' id='word_1_622' title='bbox 2574 4472 2887 4529; x_wconf 88' lang='lat' dir='ltr'><strong>faciendum</strong></span> <span class='ocrx_word' id='word_1_623' title='bbox 2922 4490 3046 4532; x_wconf 87' lang='lat' dir='ltr'><strong>esse</strong></span> <span class='ocrx_word' id='word_1_624' title='bbox 3090 4477 3351 4542; x_wconf 85' lang='lat' dir='ltr'><strong>ducebat,</strong></span> <span class='ocrx_word' id='word_1_625' title='bbox 3387 4490 3448 4534; x_wconf 91' lang='lat' dir='ltr'><strong>ut</strong></span> 
     </span>
    </p>
   </div>
   <div class='ocr_carea' id='block_1_91' title="bbox 211 4559 1812 4639">
    <p class='ocr_par' dir='ltr' id='par_1_91' title="bbox 211 4566 1812 4639">
     <span class='ocr_line' id='line_1_91' title="bbox 211 4566 1812 4639; baseline -0.001 -16"><span class='ocrx_word' id='word_1_626' title='bbox 211 4570 456 4637; x_wconf 76' lang='grc' dir='ltr'>ἀπόσχῃ</span> <span class='ocrx_word' id='word_1_627' title='bbox 517 4570 780 4639; x_wconf 83' lang='grc' dir='ltr'>εὐποιεῐν</span> <span class='ocrx_word' id='word_1_628' title='bbox 833 4566 1044 4635; x_wconf 76' lang='grc' dir='ltr'><strong>ἐνδεῆ·</strong></span> <span class='ocrx_word' id='word_1_629' title='bbox 1094 4569 1208 4633; x_wconf 75' lang='grc' dir='ltr'>καὶ,</span> <span class='ocrx_word' id='word_1_630' title='bbox 1253 4568 1631 4637; x_wconf 78' lang='grc' dir='ltr'>ἐλεημοσύναι·</span> <span class='ocrx_word' id='word_1_631' title='bbox 1681 4572 1812 4630; x_wconf 73' lang='grc' dir='ltr'>καὶ]</span> 
     </span>
    </p>
   </div>
   <div class='ocr_carea' id='block_1_92' title="bbox 1860 4559 3447 4639">
    <p class='ocr_par' dir='ltr' id='par_1_92' title="bbox 1872 4559 3447 4636">
     <span class='ocr_line' id='line_1_92' title="bbox 1872 4559 3447 4636; baseline 0.011 -25"><span class='ocrx_word' id='word_1_632' title='bbox 1872 4560 2025 4629; x_wconf 82' lang='lat' dir='ltr'><strong>quod</strong></span> <span class='ocrx_word' id='word_1_633' title='bbox 2058 4559 2415 4625; x_wconf 88' lang='lat' dir='ltr'><strong>redundaret,</strong></span> <span class='ocrx_word' id='word_1_634' title='bbox 2442 4565 2630 4633; x_wconf 89' lang='lat' dir='ltr'><strong>egenis</strong></span> <span class='ocrx_word' id='word_1_635' title='bbox 2665 4565 2986 4636; x_wconf 87' lang='lat' dir='ltr'><strong>impertiret.</strong></span> <span class='ocrx_word' id='word_1_636' title='bbox 3026 4567 3244 4623; x_wconf 81' lang='lat' dir='ltr'><strong>Nullam</strong></span> <span class='ocrx_word' id='word_1_637' title='bbox 3276 4573 3447 4627; x_wconf 82' lang='lat' dir='ltr'><strong>ratio-</strong></span> 
     </span>
    </p>
   </div>
   <div class='ocr_carea' id='block_1_93' title="bbox 212 4658 1777 4729">
    <p class='ocr_par' dir='ltr' id='par_1_93' title="bbox 212 4658 1777 4729">
     <span class='ocr_line' id='line_1_93' title="bbox 212 4658 1777 4729; baseline 0.002 -17"><span class='ocrx_word' id='word_1_638' title='bbox 212 4659 427 4721; x_wconf 82' lang='grc' dir='ltr'>πίστεις</span> <span class='ocrx_word' id='word_1_639' title='bbox 467 4659 543 4729; x_wconf 82' lang='grc' dir='ltr'>μὴ</span> <span class='ocrx_word' id='word_1_640' title='bbox 586 4658 986 4714; x_wconf 85' lang='grc' dir='ltr'>ὲκλειπέτωσάν</span> <span class='ocrx_word' id='word_1_641' title='bbox 1013 4677 1108 4713; x_wconf 63' lang='grc' dir='ltr'><strong>σε*</strong></span> <span class='ocrx_word' id='word_1_642' title='bbox 1138 4661 1234 4714; x_wconf 74' lang='grc' dir='ltr'>καὶ</span> <span class='ocrx_word' id='word_1_643' title='bbox 1271 4659 1600 4728; x_wconf 78' lang='grc' dir='ltr'>Διάθρυπτε</span> <span class='ocrx_word' id='word_1_644' title='bbox 1655 4678 1777 4715; x_wconf 69' lang='lat' dir='ltr'><strong>nst-</strong></span> 
     </span>
    </p>
   </div>
   <div class='ocr_carea' id='block_1_94' title="bbox 212 4748 1773 4823">
    <p class='ocr_par' dir='ltr' id='par_1_94' title="bbox 212 4748 1773 4823">
     <span class='ocr_line' id='line_1_94' title="bbox 212 4748 1773 4823; baseline 0.002 -20"><span class='ocrx_word' id='word_1_645' title='bbox 212 4748 392 4803; x_wconf 80' lang='grc' dir='ltr'>νῶντι</span> <span class='ocrx_word' id='word_1_646' title='bbox 458 4751 565 4804; x_wconf 78' lang='grc' dir='ltr'><strong>τὸν</strong></span> <span class='ocrx_word' id='word_1_647' title='bbox 625 4749 810 4817; x_wconf 78' lang='grc' dir='ltr'>ἄρτον</span> <span class='ocrx_word' id='word_1_648' title='bbox 864 4765 1004 4805; x_wconf 85' lang='grc' dir='ltr'>σου.</span> <span class='ocrx_word' id='word_1_649' title='bbox 1060 4752 1170 4804; x_wconf 75' lang='grc' dir='ltr'><strong>Καὶ</strong></span> <span class='ocrx_word' id='word_1_650' title='bbox 1219 4752 1422 4815; x_wconf 80' lang='grc' dir='ltr'>πάντες</span> <span class='ocrx_word' id='word_1_651' title='bbox 1474 4751 1773 4823; x_wconf 76' lang='grc' dir='ltr'>προφῆται,</span> 
     </span>
    </p>
   </div>
   <div class='ocr_carea' id='block_1_95' title="bbox 213 4842 1773 4912">
    <p class='ocr_par' dir='ltr' id='par_1_95' title="bbox 213 4842 1773 4912">
     <span class='ocr_line' id='line_1_95' title="bbox 213 4842 1773 4912; baseline 0.003 -17"><span class='ocrx_word' id='word_1_652' title='bbox 213 4845 310 4896; x_wconf 77' lang='grc' dir='ltr'>καὶ</span> <span class='ocrx_word' id='word_1_653' title='bbox 332 4842 534 4905; x_wconf 82' lang='grc' dir='ltr'>πάντες</span> <span class='ocrx_word' id='word_1_654' title='bbox 572 4843 879 4896; x_wconf 82' lang='grc' dir='ltr'>διδάσκαλοι</span> <span class='ocrx_word' id='word_1_655' title='bbox 925 4842 1226 4906; x_wconf 72' lang='grc' dir='ltr'>ἐκϐοῶντες</span> <span class='ocrx_word' id='word_1_656' title='bbox 1270 4844 1370 4896; x_wconf 85' lang='grc' dir='ltr'><strong>οὐκ</strong></span> <span class='ocrx_word' id='word_1_657' title='bbox 1406 4844 1773 4912; x_wconf 84' lang='grc' dir='ltr'>είσηκούοντο,</span> 
     </span>
    </p>
   </div>
   <div class='ocr_carea' id='block_1_96' title="bbox 214 4933 1777 5005">
    <p class='ocr_par' dir='ltr' id='par_1_96' title="bbox 214 4933 1777 5005">
     <span class='ocr_line' id='line_1_96' title="bbox 214 4933 1777 5005; baseline 0.001 -20"><span class='ocrx_word' id='word_1_658' title='bbox 214 4933 329 4985; x_wconf 79' lang='grc' dir='ltr'>ἀλλ’</span> <span class='ocrx_word' id='word_1_659' title='bbox 358 4933 414 4984; x_wconf 80' lang='grc' dir='ltr'>αἱ</span> <span class='ocrx_word' id='word_1_660' title='bbox 445 4933 545 5003; x_wconf 81' lang='grc' dir='ltr'>μὲν</span> <span class='ocrx_word' id='word_1_661' title='bbox 573 4933 846 5002; x_wconf 84' lang='grc' dir='ltr'>ἁποθῆκαι</span> <span class='ocrx_word' id='word_1_662' title='bbox 883 4934 1271 5004; x_wconf 71' lang='grc' dir='ltr'>διερρήγνυντο</span> <span class='ocrx_word' id='word_1_663' title='bbox 1304 4952 1383 5005; x_wconf 88' lang='grc' dir='ltr'>τῳ</span> <span class='ocrx_word' id='word_1_664' title='bbox 1422 4934 1619 5003; x_wconf 87' lang='grc' dir='ltr'>πλήθει</span> <span class='ocrx_word' id='word_1_665' title='bbox 1668 4936 1777 4988; x_wconf 90' lang='grc' dir='ltr'><strong>τῶν</strong></span> 
     </span>
    </p>
   </div>
   <div class='ocr_carea' id='block_1_97' title="bbox 213 5024 1777 5096">
    <p class='ocr_par' dir='ltr' id='par_1_97' title="bbox 213 5024 1777 5096">
     <span class='ocr_line' id='line_1_97' title="bbox 213 5024 1777 5096; baseline 0.003 -21"><span class='ocrx_word' id='word_1_666' title='bbox 213 5026 592 5092; x_wconf 81' lang='grc' dir='ltr'>ἀποκειμένων</span> <span class='ocrx_word' id='word_1_667' title='bbox 669 5024 1189 5095; x_wconf 77' lang='grc' dir='ltr'>στενοχωρούμεναι.</span> <span class='ocrx_word' id='word_1_668' title='bbox 1260 5026 1324 5079; x_wconf 86' lang='grc' dir='ltr'><strong>Ἡ</strong></span> <span class='ocrx_word' id='word_1_669' title='bbox 1391 5028 1649 5096; x_wconf 84' lang='grc' dir='ltr'>φειδωλὸς</span> <span class='ocrx_word' id='word_1_670' title='bbox 1719 5028 1777 5079; x_wconf 80' lang='grc' dir='ltr'>δὲ</span> 
     </span>
    </p>
   </div>
   <div class='ocr_carea' id='block_1_98' title="bbox 215 5111 1777 5185">
    <p class='ocr_par' dir='ltr' id='par_1_98' title="bbox 215 5111 1777 5185">
     <span class='ocr_line' id='line_1_98' title="bbox 215 5111 1777 5185; baseline 0.004 -23"><span class='ocrx_word' id='word_1_671' title='bbox 215 5112 413 5180; x_wconf 84' lang='grc' dir='ltr'>καρδία</span> <span class='ocrx_word' id='word_1_672' title='bbox 449 5112 548 5164; x_wconf 81' lang='grc' dir='ltr'>οὐκ</span> <span class='ocrx_word' id='word_1_673' title='bbox 577 5111 966 5182; x_wconf 77' lang='grc' dir='ltr'>ἐνεπίμπλατο.</span> <span class='ocrx_word' id='word_1_674' title='bbox 1018 5114 1127 5167; x_wconf 80' lang='grc' dir='ltr'><strong>Ἀεὶ</strong></span> <span class='ocrx_word' id='word_1_675' title='bbox 1162 5114 1271 5185; x_wconf 81' lang='grc' dir='ltr'><strong>γὰρ</strong></span> <span class='ocrx_word' id='word_1_676' title='bbox 1298 5115 1368 5171; x_wconf 83' lang='grc' dir='ltr'><strong>τὰ</strong></span> <span class='ocrx_word' id='word_1_677' title='bbox 1400 5116 1495 5169; x_wconf 87' lang='grc' dir='ltr'><strong>νέα</strong></span> <span class='ocrx_word' id='word_1_678' title='bbox 1531 5118 1639 5185; x_wconf 87' lang='grc' dir='ltr'>τοῖς</span> <span class='ocrx_word' id='word_1_679' title='bbox 1666 5134 1777 5171; x_wconf 82' lang='grc' dir='ltr'>,πα-</span> 
     </span>
    </p>
   </div>
   <div class='ocr_carea' id='block_1_99' title="bbox 215 5183 1776 5278">
    <p class='ocr_par' dir='ltr' id='par_1_99' title="bbox 215 5183 1776 5278">
     <span class='ocr_line' id='line_1_99' title="bbox 215 5183 1776 5278; baseline 0.003 -23"><span class='ocrx_word' id='word_1_680' title='bbox 215 5205 387 5266; x_wconf 83' lang='grc' dir='ltr'>λαιοῖς</span> <span class='ocrx_word' id='word_1_681' title='bbox 408 5204 737 5273; x_wconf 65' lang='grc' dir='ltr'>προστιθεὶς,</span> <span class='ocrx_word' id='word_1_682' title='bbox 770 5206 862 5258; x_wconf 69' lang='grc' dir='ltr'>καὶ</span> <span class='ocrx_word' id='word_1_683' title='bbox 879 5209 999 5269; x_wconf 85' lang='grc' dir='ltr'>ταῖς</span> <span class='ocrx_word' id='word_1_684' title='bbox 1022 5209 1141 5260; x_wconf 89' lang='grc' dir='ltr'>κατ’</span> <span class='ocrx_word' id='word_1_685' title='bbox 1166 5183 1284 5270; x_wconf 69' lang='grc' dir='ltr'>ἔτος</span> <span class='ocrx_word' id='word_1_686' title='bbox 1310 5183 1649 5278; x_wconf 54' lang='grc' dir='ltr'>προσθήκαις</span> <span class='ocrx_word' id='word_1_687' title='bbox 1679 5208 1776 5278; x_wconf 86' lang='grc' dir='ltr'><strong>τὴν</strong></span> 
     </span>
    </p>
   </div>
   <div class='ocr_carea' id='block_1_100' title="bbox 215 5297 1776 5373">
    <p class='ocr_par' dir='ltr' id='par_1_100' title="bbox 215 5297 1776 5373">
     <span class='ocr_line' id='line_1_100' title="bbox 215 5297 1776 5373; baseline 0.005 -26"><span class='ocrx_word' id='word_1_688' title='bbox 215 5297 479 5366; x_wconf 77' lang='grc' dir='ltr'>εὐπορίαν</span> <span class='ocrx_word' id='word_1_689' title='bbox 520 5300 862 5368; x_wconf 80' lang='grc' dir='ltr'>προσαύξων,</span> <span class='ocrx_word' id='word_1_690' title='bbox 916 5302 994 5362; x_wconf 82' lang='grc' dir='ltr'><strong>είς</strong></span> <span class='ocrx_word' id='word_1_691' title='bbox 1022 5302 1121 5372; x_wconf 87' lang='grc' dir='ltr'>τὴν</span> <span class='ocrx_word' id='word_1_692' title='bbox 1165 5302 1524 5368; x_wconf 79' lang='grc' dir='ltr'>ἀδιεξόδευτον</span> <span class='ocrx_word' id='word_1_693' title='bbox 1571 5304 1776 5373; x_wconf 87' lang='grc' dir='ltr'>ταύτην</span> 
     </span>
    </p>
   </div>
   <div class='ocr_carea' id='block_1_101' title="bbox 214 5388 1775 5465">
    <p class='ocr_par' dir='ltr' id='par_1_101' title="bbox 214 5388 1775 5465">
     <span class='ocr_line' id='line_1_101' title="bbox 214 5388 1775 5465; baseline 0.006 -26"><span class='ocrx_word' id='word_1_694' title='bbox 214 5388 528 5458; x_wconf 81' lang='grc' dir='ltr'>ἀμηχανίαν</span> <span class='ocrx_word' id='word_1_695' title='bbox 567 5390 835 5445; x_wconf 20' lang='grc' dir='ltr'>ἐνέπεσεν.</span> <span class='ocrx_word' id='word_1_696' title='bbox 882 5393 1216 5463; x_wconf 84' lang='grc' dir='ltr'>’Υποχωρεῖν</span> <span class='ocrx_word' id='word_1_697' title='bbox 1248 5394 1349 5465; x_wconf 87' lang='grc' dir='ltr'>μὲν</span> <span class='ocrx_word' id='word_1_698' title='bbox 1383 5398 1492 5459; x_wconf 82' lang='grc' dir='ltr'>τοῖς</span> <span class='ocrx_word' id='word_1_699' title='bbox 1525 5396 1775 5461; x_wconf 87' lang='grc' dir='ltr'>παλαιοῖς</span> 
     </span>
    </p>
   </div>
   <div class='ocr_carea' id='block_1_102' title="bbox 218 5480 1777 5558">
    <p class='ocr_par' dir='ltr' id='par_1_102' title="bbox 218 5480 1777 5558">
     <span class='ocr_line' id='line_1_102' title="bbox 218 5480 1777 5558; baseline 0.007 -27"><span class='ocrx_word' id='word_1_700' title='bbox 218 5480 304 5533; x_wconf 64' lang='lat' dir='ltr'><strong>ita</strong></span> <span class='ocrx_word' id='word_1_701' title='bbox 341 5480 439 5551; x_wconf 81' lang='grc' dir='ltr'>τὴν</span> <span class='ocrx_word' id='word_1_702' title='bbox 471 5482 779 5548; x_wconf 77' lang='grc' dir='ltr'>πλεονεξίαν</span> <span class='ocrx_word' id='word_1_703' title='bbox 832 5486 905 5555; x_wconf 81' lang='grc' dir='ltr'>μὴ</span> <span class='ocrx_word' id='word_1_704' title='bbox 948 5487 1267 5557; x_wconf 90' lang='grc' dir='ltr'>συγχωρῶν,</span> <span class='ocrx_word' id='word_1_705' title='bbox 1325 5487 1678 5558; x_wconf 81' lang='grc' dir='ltr'>ὑποδέχεσθαι</span> <span class='ocrx_word' id='word_1_706' title='bbox 1720 5489 1777 5541; x_wconf 80' lang='grc' dir='ltr'>δὲ</span> 
     </span>
    </p>
   </div>
   <div class='ocr_carea' id='block_1_103' title="bbox 214 5571 1777 5652">
    <p class='ocr_par' dir='ltr' id='par_1_103' title="bbox 214 5571 1777 5652">
     <span class='ocr_line' id='line_1_103' title="bbox 214 5571 1777 5652; baseline 0.008 -31"><span class='ocrx_word' id='word_1_707' title='bbox 214 5572 284 5622; x_wconf 79' lang='grc' dir='ltr'><strong>τά</strong></span> <span class='ocrx_word' id='word_1_708' title='bbox 313 5571 406 5623; x_wconf 88' lang='grc' dir='ltr'><strong>νέα</strong></span> <span class='ocrx_word' id='word_1_709' title='bbox 432 5571 519 5625; x_wconf 78' lang='grc' dir='ltr'><strong>διὰ</strong></span> <span class='ocrx_word' id='word_1_710' title='bbox 550 5573 610 5626; x_wconf 82' lang='grc' dir='ltr'>τὸ</span> <span class='ocrx_word' id='word_1_711' title='bbox 643 5576 844 5644; x_wconf 89' lang='grc' dir='ltr'>πληθος</span> <span class='ocrx_word' id='word_1_712' title='bbox 876 5578 950 5647; x_wconf 82' lang='grc' dir='ltr'>μὴ</span> <span class='ocrx_word' id='word_1_713' title='bbox 983 5578 1251 5649; x_wconf 77' lang='grc' dir='ltr'>ἐξαρκῶν.</span> <span class='ocrx_word' id='word_1_714' title='bbox 1302 5579 1402 5633; x_wconf 89' lang='grc' dir='ltr'><strong>Διὰ</strong></span> <span class='ocrx_word' id='word_1_715' title='bbox 1458 5580 1616 5633; x_wconf 81' lang='grc' dir='ltr'>τοῦτο</span> <span class='ocrx_word' id='word_1_716' title='bbox 1644 5582 1777 5652; x_wconf 85' lang='grc' dir='ltr'>ἀνή-</span> 
     </span>
    </p>
   </div>
   <div class='ocr_carea' id='block_1_104' title="bbox 216 5661 1779 5745">
    <p class='ocr_par' dir='ltr' id='par_1_104' title="bbox 216 5661 1779 5745">
     <span class='ocr_line' id='line_1_104' title="bbox 216 5661 1779 5745; baseline 0.008 -32"><span class='ocrx_word' id='word_1_717' title='bbox 216 5678 265 5713; x_wconf 53' lang='grc' dir='ltr'>νς</span> <span class='ocrx_word' id='word_1_718' title='bbox 392 5661 491 5731; x_wconf 80' lang='grc' dir='ltr'>μὲν</span> <span class='ocrx_word' id='word_1_719' title='bbox 516 5664 693 5717; x_wconf 80' lang='grc' dir='ltr'>αὐτῶν</span> <span class='ocrx_word' id='word_1_720' title='bbox 728 5667 797 5720; x_wconf 84' lang='grc' dir='ltr'>τὰ</span> <span class='ocrx_word' id='word_1_721' title='bbox 822 5668 1158 5739; x_wconf 87' lang='grc' dir='ltr'>βουλεύματα</span> <span class='ocrx_word' id='word_1_722' title='bbox 1210 5672 1406 5742; x_wconf 83' lang='grc' dir='ltr'>ἄποροι</span> <span class='ocrx_word' id='word_1_723' title='bbox 1438 5673 1496 5725; x_wconf 83' lang='grc' dir='ltr'>δὲ</span> <span class='ocrx_word' id='word_1_724' title='bbox 1537 5673 1592 5727; x_wconf 78' lang='lat' dir='ltr'><strong>ai</strong></span> <span class='ocrx_word' id='word_1_725' title='bbox 1617 5690 1779 5745; x_wconf 87' lang='grc' dir='ltr'>φρον-</span> 
     </span>
    </p>
   </div>
   <div class='ocr_carea' id='block_1_105' title="bbox 222 5745 1778 5836">
    <p class='ocr_par' dir='ltr' id='par_1_105' title="bbox 222 5754 1778 5836">
     <span class='ocr_line' id='line_1_105' title="bbox 222 5754 1778 5836; baseline 0.01 -31"><span class='ocrx_word' id='word_1_726' title='bbox 222 5754 379 5814; x_wconf 71' lang='grc' dir='ltr'>τίδες.</span> <span class='ocrx_word' id='word_1_727' title='bbox 401 5754 466 5806; x_wconf 85' lang='grc' dir='ltr'>Τί</span> <span class='ocrx_word' id='word_1_728' title='bbox 494 5758 737 5827; x_wconf 88' lang='grc' dir='ltr'>ποιήσω;</span> <span class='ocrx_word' id='word_1_729' title='bbox 770 5761 851 5822; x_wconf 81' lang='grc' dir='ltr'><strong>τίς</strong></span> <span class='ocrx_word' id='word_1_730' title='bbox 879 5761 980 5814; x_wconf 89' lang='grc' dir='ltr'><strong>ούκ</strong></span> <span class='ocrx_word' id='word_1_731' title='bbox 1009 5762 1074 5816; x_wconf 86' lang='grc' dir='ltr'>ἂν</span> <span class='ocrx_word' id='word_1_732' title='bbox 1107 5763 1349 5836; x_wconf 77' lang='grc' dir='ltr'>ἐλεήσειε</span> <span class='ocrx_word' id='word_1_733' title='bbox 1377 5766 1467 5819; x_wconf 81' lang='grc' dir='ltr'>τὸν</span> <span class='ocrx_word' id='word_1_734' title='bbox 1492 5767 1659 5830; x_wconf 76' lang='grc' dir='ltr'>ὅντως</span> <span class='ocrx_word' id='word_1_735' title='bbox 1682 5784 1778 5820; x_wconf 88' lang='grc' dir='ltr'><strong>πο-</strong></span> 
     </span>
    </p>
   </div>
   <div class='ocr_carea' id='block_1_106' title="bbox 226 5841 1776 5925">
    <p class='ocr_par' dir='ltr' id='par_1_106' title="bbox 226 5841 1776 5925">
     <span class='ocr_line' id='line_1_106' title="bbox 226 5841 1776 5925; baseline 0.01 -31"><span class='ocrx_word' id='word_1_736' title='bbox 226 5841 647 5913; x_wconf 56' lang='grc' dir='ltr'>λιορκούμενοκη</span> <span class='ocrx_word' id='word_1_737' title='bbox 681 5848 910 5911; x_wconf 86' lang='grc' dir='ltr'>δείλαιος</span> <span class='ocrx_word' id='word_1_738' title='bbox 934 5852 1035 5923; x_wconf 84' lang='grc' dir='ltr'>τῆς</span> <span class='ocrx_word' id='word_1_739' title='bbox 1085 5854 1358 5925; x_wconf 82' lang='grc' dir='ltr'>εύφορίας.</span> <span class='ocrx_word' id='word_1_740' title='bbox 1394 5856 1620 5919; x_wconf 73' lang='grc' dir='ltr'>ἐλεεινὸς</span> <span class='ocrx_word' id='word_1_741' title='bbox 1668 5857 1776 5912; x_wconf 84' lang='grc' dir='ltr'><strong>τῶν</strong></span> 
     </span>
    </p>
   </div>
   <div class='ocr_carea' id='block_1_107' title="bbox 1876 4651 3445 4731">
    <p class='ocr_par' dir='ltr' id='par_1_107' title="bbox 1876 4651 3445 4731">
     <span class='ocr_line' id='line_1_107' title="bbox 1876 4651 3445 4731; baseline 0.009 -28"><span class='ocrx_word' id='word_1_742' title='bbox 1876 4666 2001 4704; x_wconf 89' lang='lat' dir='ltr'><strong>nem</strong></span> <span class='ocrx_word' id='word_1_743' title='bbox 2032 4651 2271 4706; x_wconf 87' lang='lat' dir='ltr'><strong>mandati</strong></span> <span class='ocrx_word' id='word_1_744' title='bbox 2312 4653 2463 4707; x_wconf 90' lang='lat' dir='ltr'><strong>illius</strong></span> <span class='ocrx_word' id='word_1_745' title='bbox 2510 4655 2748 4712; x_wconf 89' lang='lat' dir='ltr'><strong>habebat</strong></span> <span class='ocrx_word' id='word_1_746' title='bbox 2788 4677 2800 4689; x_wconf 89' lang='lat'><strong>-</strong></span> <span class='ocrx_word' id='word_1_747' title='bbox 2833 4658 2918 4712; x_wconf 87' lang='lat' dir='ltr'><strong>Ne</strong></span> <span class='ocrx_word' id='word_1_748' title='bbox 2947 4659 3158 4715; x_wconf 79' lang='lat' dir='ltr'><strong>desinas</strong></span> <span class='ocrx_word' id='word_1_749' title='bbox 3190 4661 3445 4731; x_wconf 74' lang='lat' dir='ltr'><strong>indigenti</strong></span> 
     </span>
    </p>
   </div>
   <div class='ocr_carea' id='block_1_108' title="bbox 1871 4742 3447 4825">
    <p class='ocr_par' dir='ltr' id='par_1_108' title="bbox 1871 4742 3447 4825">
     <span class='ocr_line' id='line_1_108' title="bbox 1871 4742 3447 4825; baseline 0.008 -26"><span class='ocrx_word' id='word_1_750' title='bbox 1871 4742 2181 4813; x_wconf 74' lang='lat' dir='ltr'><strong>benefacere</strong></span> <span class='ocrx_word' id='word_1_751' title='bbox 2204 4744 2404 4814; x_wconf 80' lang='lat' dir='ltr'><strong>(Galat.</strong></span> <span class='ocrx_word' id='word_1_752' title='bbox 2431 4764 2506 4812; x_wconf 79' lang='lat' dir='ltr'><strong>vr,</strong></span> <span class='ocrx_word' id='word_1_753' title='bbox 2536 4750 2603 4814; x_wconf 91' lang='lat'><strong>9;</strong></span> <span class='ocrx_word' id='word_1_754' title='bbox 2638 4749 2704 4805; x_wconf 88' lang='lat' dir='ltr'><strong><em>ll</em></strong></span> <span class='ocrx_word' id='word_1_755' title='bbox 2735 4749 2973 4806; x_wconf 82' lang='lat' dir='ltr'><strong>Thessal.</strong></span> <span class='ocrx_word' id='word_1_756' title='bbox 3003 4769 3085 4819; x_wconf 90' lang='lat' dir='ltr'><strong>nt,</strong></span> <span class='ocrx_word' id='word_1_757' title='bbox 3113 4753 3226 4825; x_wconf 78' lang='grc'>15),</span> <span class='ocrx_word' id='word_1_758' title='bbox 3260 4772 3361 4810; x_wconf 91' lang='lat' dir='ltr'><strong>nec</strong></span> <span class='ocrx_word' id='word_1_759' title='bbox 3390 4763 3447 4811; x_wconf 85' lang='lat' dir='ltr'><strong>te</strong></span> 
     </span>
    </p>
   </div>
   <div class='ocr_carea' id='block_1_109' title="bbox 1875 4837 3447 4920">
    <p class='ocr_par' dir='ltr' id='par_1_109' title="bbox 1875 4837 3447 4920">
     <span class='ocr_line' id='line_1_109' title="bbox 1875 4837 3447 4920; baseline 0.006 -28"><span class='ocrx_word' id='word_1_760' title='bbox 1875 4837 2237 4908; x_wconf 77' lang='lat' dir='ltr'><strong>eleemosyna:</strong></span> <span class='ocrx_word' id='word_1_761' title='bbox 2268 4850 2321 4895; x_wconf 89' lang='lat' dir='ltr'><strong>et</strong></span> <span class='ocrx_word' id='word_1_762' title='bbox 2344 4840 2476 4896; x_wconf 82' lang='lat' dir='ltr'><strong>fides</strong></span> <span class='ocrx_word' id='word_1_763' title='bbox 2508 4841 2766 4897; x_wconf 89' lang='lat' dir='ltr'><strong>deserant</strong></span> <span class='ocrx_word' id='word_1_764' title='bbox 2792 4862 2808 4912; x_wconf 88' lang='lat'><strong>;</strong></span> <span class='ocrx_word' id='word_1_765' title='bbox 2837 4859 2901 4899; x_wconf 91' lang='lat' dir='ltr'><strong>ac</strong></span> <span class='ocrx_word' id='word_1_766' title='bbox 2938 4862 3157 4902; x_wconf 90' lang='lat' dir='ltr'><strong>rursum</strong></span> <span class='ocrx_word' id='word_1_767' title='bbox 3188 4865 3201 4901; x_wconf 91' lang='lat'><strong>:</strong></span> <span class='ocrx_word' id='word_1_768' title='bbox 3237 4840 3447 4920; x_wconf 82' lang='lat' dir='ltr'><strong>Frange</strong></span> 
     </span>
    </p>
   </div>
   <div class='ocr_carea' id='block_1_110' title="bbox 1875 4929 3441 5006">
    <p class='ocr_par' dir='ltr' id='par_1_110' title="bbox 1875 4929 3441 5006">
     <span class='ocr_line' id='line_1_110' title="bbox 1875 4929 3441 5006; baseline 0.009 -26"><span class='ocrx_word' id='word_1_769' title='bbox 1875 4929 2124 4981; x_wconf 81' lang='lat' dir='ltr'><strong>esurienti</strong></span> <span class='ocrx_word' id='word_1_770' title='bbox 2149 4944 2335 4996; x_wconf 86' lang='lat' dir='ltr'><strong>panem</strong></span> <span class='ocrx_word' id='word_1_771' title='bbox 2381 4942 2529 4985; x_wconf 84' lang='lat' dir='ltr'><strong>tuum</strong></span> <span class='ocrx_word' id='word_1_772' title='bbox 2565 4931 2707 5003; x_wconf 69' lang='lat' dir='ltr'><strong>(Ira.</strong></span> <span class='ocrx_word' id='word_1_773' title='bbox 2739 4948 2893 5001; x_wconf 80' lang='lat' dir='ltr'><strong>Lvut,</strong></span> <span class='ocrx_word' id='word_1_774' title='bbox 2933 4936 3010 5005; x_wconf 90' lang='lat'><strong>7).</strong></span> <span class='ocrx_word' id='word_1_775' title='bbox 3060 4935 3307 5006; x_wconf 84' lang='lat' dir='ltr'><strong>Denique</strong></span> <span class='ocrx_word' id='word_1_776' title='bbox 3337 4954 3441 4994; x_wconf 90' lang='lat' dir='ltr'><strong>nec</strong></span> 
     </span>
    </p>
   </div>
   <div class='ocr_carea' id='block_1_111' title="bbox 1876 5020 3442 5088">
    <p class='ocr_par' dir='ltr' id='par_1_111' title="bbox 1876 5020 3442 5088">
     <span class='ocr_line' id='line_1_111' title="bbox 1876 5020 3442 5088; baseline 0.009 -17"><span class='ocrx_word' id='word_1_777' title='bbox 1876 5020 2154 5088; x_wconf 68' lang='lat' dir='ltr'><strong>prophetae</strong></span> <span class='ocrx_word' id='word_1_778' title='bbox 2184 5022 2301 5083; x_wconf 81' lang='lat' dir='ltr'><strong>ulli,</strong></span> <span class='ocrx_word' id='word_1_779' title='bbox 2348 5037 2448 5077; x_wconf 90' lang='lat' dir='ltr'><strong>nec</strong></span> <span class='ocrx_word' id='word_1_780' title='bbox 2486 5023 2743 5079; x_wconf 90' lang='lat' dir='ltr'><strong>doctores</strong></span> <span class='ocrx_word' id='word_1_781' title='bbox 2775 5026 3139 5083; x_wconf 88' lang='lat' dir='ltr'><strong>inclamantes</strong></span> <span class='ocrx_word' id='word_1_782' title='bbox 3179 5029 3442 5085; x_wconf 87' lang='lat' dir='ltr'><strong>exaudie-</strong></span> 
     </span>
    </p>
   </div>
   <div class='ocr_carea' id='block_1_112' title="bbox 1878 5110 3442 5190">
    <p class='ocr_par' dir='ltr' id='par_1_112' title="bbox 1878 5110 3442 5190">
     <span class='ocr_line' id='line_1_112' title="bbox 1878 5110 3442 5190; baseline 0.01 -26"><span class='ocrx_word' id='word_1_783' title='bbox 1878 5111 2094 5165; x_wconf 83' lang='lat' dir='ltr'><strong>bantur.</strong></span> <span class='ocrx_word' id='word_1_784' title='bbox 2122 5110 2322 5167; x_wconf 77' lang='lat' dir='ltr'><strong>Verum</strong></span> <span class='ocrx_word' id='word_1_785' title='bbox 2363 5113 2559 5169; x_wconf 87' lang='lat' dir='ltr'><strong>horrea</strong></span> <span class='ocrx_word' id='word_1_786' title='bbox 2611 5117 2833 5186; x_wconf 83' lang='lat' dir='ltr'><strong>quidem</strong></span> <span class='ocrx_word' id='word_1_787' title='bbox 2874 5132 3095 5190; x_wconf 89' lang='lat' dir='ltr'><strong>propter</strong></span> <span class='ocrx_word' id='word_1_788' title='bbox 3127 5124 3442 5179; x_wconf 88' lang='lat' dir='ltr'><strong>recondita-</strong></span> 
     </span>
    </p>
   </div>
   <div class='ocr_carea' id='block_1_113' title="bbox 1876 5201 3434 5285">
    <p class='ocr_par' dir='ltr' id='par_1_113' title="bbox 1876 5201 3434 5285">
     <span class='ocr_line' id='line_1_113' title="bbox 1876 5201 3434 5285; baseline 0.01 -29"><span class='ocrx_word' id='word_1_789' title='bbox 1876 5216 1997 5256; x_wconf 84' lang='lat' dir='ltr'><strong>rum</strong></span> <span class='ocrx_word' id='word_1_790' title='bbox 2027 5201 2239 5273; x_wconf 76' lang='lat' dir='ltr'><strong>frugum</strong></span> <span class='ocrx_word' id='word_1_791' title='bbox 2262 5208 2471 5274; x_wconf 87' lang='lat' dir='ltr'><strong>capiam</strong></span> <span class='ocrx_word' id='word_1_792' title='bbox 2504 5209 2827 5277; x_wconf 89' lang='lat' dir='ltr'><strong>angustiora</strong></span> <span class='ocrx_word' id='word_1_793' title='bbox 2858 5215 3254 5281; x_wconf 90' lang='lat' dir='ltr'><strong>rumpebantur</strong></span> <span class='ocrx_word' id='word_1_794' title='bbox 3284 5216 3434 5285; x_wconf 86' lang='lat' dir='ltr'><strong>(Luc.</strong></span> 
     </span>
    </p>
   </div>
   <div class='ocr_carea' id='block_1_114' title="bbox 1878 5295 3440 5379">
    <p class='ocr_par' dir='ltr' id='par_1_114' title="bbox 1878 5295 3440 5379">
     <span class='ocr_line' id='line_1_114' title="bbox 1878 5295 3440 5379; baseline 0.013 -31"><span class='ocrx_word' id='word_1_795' title='bbox 1878 5311 1932 5357; x_wconf 86' lang='lat' dir='ltr'><strong>v.</strong></span> <span class='ocrx_word' id='word_1_796' title='bbox 1965 5295 2019 5363; x_wconf 85' lang='lat'><strong>6)</strong></span> <span class='ocrx_word' id='word_1_797' title='bbox 2067 5313 2080 5349; x_wconf 92' lang='lat'><strong>:</strong></span> <span class='ocrx_word' id='word_1_798' title='bbox 2123 5312 2223 5351; x_wconf 86' lang='lat' dir='ltr'><strong>nec</strong></span> <span class='ocrx_word' id='word_1_799' title='bbox 2257 5309 2437 5352; x_wconf 89' lang='lat' dir='ltr'><strong>tamen</strong></span> <span class='ocrx_word' id='word_1_800' title='bbox 2476 5314 2573 5353; x_wconf 90' lang='lat' dir='ltr'><strong>cor</strong></span> <span class='ocrx_word' id='word_1_801' title='bbox 2611 5310 2772 5356; x_wconf 85' lang='lat' dir='ltr'><strong>tenax</strong></span> <span class='ocrx_word' id='word_1_802' title='bbox 2804 5309 2862 5357; x_wconf 89' lang='lat' dir='ltr'><strong>et</strong></span> <span class='ocrx_word' id='word_1_803' title='bbox 2895 5319 3234 5375; x_wconf 66' lang='lat' dir='ltr'><strong>praeparcum</strong></span> <span class='ocrx_word' id='word_1_804' title='bbox 3263 5310 3440 5379; x_wconf 82' lang='lat' dir='ltr'><strong>[illius</strong></span> 
     </span>
    </p>
   </div>
   <div class='ocr_carea' id='block_1_115' title="bbox 1878 5387 3441 5471">
    <p class='ocr_par' dir='ltr' id='par_1_115' title="bbox 1878 5387 3441 5471">
     <span class='ocr_line' id='line_1_115' title="bbox 1878 5387 3441 5471; baseline 0.012 -31"><span class='ocrx_word' id='word_1_805' title='bbox 1878 5387 2225 5456; x_wconf 90' lang='lat' dir='ltr'><strong>implebatur.</strong></span> <span class='ocrx_word' id='word_1_806' title='bbox 2252 5387 2387 5442; x_wconf 83' lang='lat' dir='ltr'><strong>Nam</strong></span> <span class='ocrx_word' id='word_1_807' title='bbox 2416 5405 2557 5444; x_wconf 88' lang='lat' dir='ltr'><strong>nova</strong></span> <span class='ocrx_word' id='word_1_808' title='bbox 2580 5406 2796 5462; x_wconf 88' lang='lat' dir='ltr'><strong>semper</strong></span> <span class='ocrx_word' id='word_1_809' title='bbox 2820 5396 3098 5452; x_wconf 79' lang='lat' dir='ltr'><strong>veteribus</strong></span> <span class='ocrx_word' id='word_1_810' title='bbox 3113 5397 3441 5471; x_wconf 85' lang='lat' dir='ltr'><strong>adjungens,</strong></span> 
     </span>
    </p>
   </div>
   <div class='ocr_carea' id='block_1_116' title="bbox 1876 5480 3441 5560">
    <p class='ocr_par' dir='ltr' id='par_1_116' title="bbox 1876 5480 3441 5560">
     <span class='ocr_line' id='line_1_116' title="bbox 1876 5480 3441 5560; baseline 0.01 -27"><span class='ocrx_word' id='word_1_811' title='bbox 1876 5487 1930 5534; x_wconf 83' lang='lat' dir='ltr'><strong>et</strong></span> <span class='ocrx_word' id='word_1_812' title='bbox 1963 5480 2159 5536; x_wconf 89' lang='lat' dir='ltr'><strong>annuis</strong></span> <span class='ocrx_word' id='word_1_813' title='bbox 2182 5481 2534 5538; x_wconf 89' lang='lat' dir='ltr'><strong>incrementis</strong></span> <span class='ocrx_word' id='word_1_814' title='bbox 2554 5499 2686 5553; x_wconf 91' lang='lat' dir='ltr'><strong>opes</strong></span> <span class='ocrx_word' id='word_1_815' title='bbox 2710 5500 2841 5541; x_wconf 89' lang='lat' dir='ltr'><strong>suas</strong></span> <span class='ocrx_word' id='word_1_816' title='bbox 2865 5489 3173 5555; x_wconf 77' lang='lat' dir='ltr'><strong>cumulatis,</strong></span> <span class='ocrx_word' id='word_1_817' title='bbox 3200 5490 3253 5544; x_wconf 92' lang='lat' dir='ltr'><strong>in</strong></span> <span class='ocrx_word' id='word_1_818' title='bbox 3277 5492 3441 5560; x_wconf 86' lang='lat' dir='ltr'><strong>hanc,</strong></span> 
     </span>
    </p>
   </div>
   <div class='ocr_carea' id='block_1_117' title="bbox 1878 5574 3441 5653">
    <p class='ocr_par' dir='ltr' id='par_1_117' title="bbox 1878 5574 3441 5653">
     <span class='ocr_line' id='line_1_117' title="bbox 1878 5574 3441 5653; baseline 0.008 -26"><span class='ocrx_word' id='word_1_819' title='bbox 1878 5579 2025 5628; x_wconf 90' lang='lat' dir='ltr'><strong>unde</strong></span> <span class='ocrx_word' id='word_1_820' title='bbox 2061 5576 2212 5630; x_wconf 82' lang='lat' dir='ltr'><strong>exire</strong></span> <span class='ocrx_word' id='word_1_821' title='bbox 2256 5590 2363 5629; x_wconf 89' lang='lat' dir='ltr'><strong>non</strong></span> <span class='ocrx_word' id='word_1_822' title='bbox 2406 5574 2619 5638; x_wconf 86' lang='lat' dir='ltr'><strong>liceret,</strong></span> <span class='ocrx_word' id='word_1_823' title='bbox 2649 5577 2819 5631; x_wconf 87' lang='lat' dir='ltr'><strong>animi</strong></span> <span class='ocrx_word' id='word_1_824' title='bbox 2867 5581 3197 5637; x_wconf 81' lang='lat' dir='ltr'><strong>anxietatem</strong></span> <span class='ocrx_word' id='word_1_825' title='bbox 3226 5583 3441 5653; x_wconf 85' lang='lat' dir='ltr'><strong>incidit,</strong></span> 
     </span>
    </p>
   </div>
   <div class='ocr_carea' id='block_1_118' title="bbox 1879 5664 3441 5745">
    <p class='ocr_par' dir='ltr' id='par_1_118' title="bbox 1879 5664 3441 5745">
     <span class='ocr_line' id='line_1_118' title="bbox 1879 5664 3441 5745; baseline 0.008 -27"><span class='ocrx_word' id='word_1_826' title='bbox 1879 5675 2071 5721; x_wconf 87' lang='lat' dir='ltr'><strong>utnec</strong></span> <span class='ocrx_word' id='word_1_827' title='bbox 2099 5674 2279 5721; x_wconf 89' lang='lat' dir='ltr'><strong>vetera</strong></span> <span class='ocrx_word' id='word_1_828' title='bbox 2326 5664 2493 5738; x_wconf 85' lang='lat' dir='ltr'><strong>(quod</strong></span> <span class='ocrx_word' id='word_1_829' title='bbox 2538 5667 2712 5737; x_wconf 90' lang='lat' dir='ltr'><strong>ipsius</strong></span> <span class='ocrx_word' id='word_1_830' title='bbox 2751 5671 2981 5723; x_wconf 88' lang='lat' dir='ltr'><strong>avaritia</strong></span> <span class='ocrx_word' id='word_1_831' title='bbox 3025 5673 3164 5745; x_wconf 71' lang='lat' dir='ltr'><strong>erat)</strong></span> <span class='ocrx_word' id='word_1_832' title='bbox 3207 5675 3441 5732; x_wconf 88' lang='lat' dir='ltr'><strong>subduci</strong></span> 
     </span>
    </p>
   </div>
   <div class='ocr_carea' id='block_1_119' title="bbox 1879 5760 3438 5838">
    <p class='ocr_par' dir='ltr' id='par_1_119' title="bbox 1879 5760 3438 5838">
     <span class='ocr_line' id='line_1_119' title="bbox 1879 5760 3438 5838; baseline 0.008 -27"><span class='ocrx_word' id='word_1_833' title='bbox 1879 5768 2175 5828; x_wconf 74' lang='lat' dir='ltr'><strong>pateretur,</strong></span> <span class='ocrx_word' id='word_1_834' title='bbox 2208 5773 2307 5813; x_wconf 86' lang='lat' dir='ltr'><strong>nec</strong></span> <span class='ocrx_word' id='word_1_835' title='bbox 2337 5775 2497 5823; x_wconf 87' lang='lat' dir='ltr'><strong>nova,</strong></span> <span class='ocrx_word' id='word_1_836' title='bbox 2528 5760 2598 5814; x_wconf 91' lang='lat' dir='ltr'><strong>ob</strong></span> <span class='ocrx_word' id='word_1_837' title='bbox 2651 5761 2925 5832; x_wconf 88' lang='lat' dir='ltr'><strong>ingentem</strong></span> <span class='ocrx_word' id='word_1_838' title='bbox 2964 5779 3153 5821; x_wconf 86' lang='lat' dir='ltr'><strong>eorum</strong></span> <span class='ocrx_word' id='word_1_839' title='bbox 3201 5769 3438 5838; x_wconf 88' lang='lat' dir='ltr'><strong>copiam,</strong></span> 
     </span>
    </p>
   </div>
   <div class='ocr_carea' id='block_1_120' title="bbox 1880 5853 3440 5935">
    <p class='ocr_par' dir='ltr' id='par_1_120' title="bbox 1880 5853 3440 5935">
     <span class='ocr_line' id='line_1_120' title="bbox 1880 5853 3440 5935; baseline 0.009 -28"><span class='ocrx_word' id='word_1_840' title='bbox 1880 5853 2155 5923; x_wconf 84' lang='lat' dir='ltr'><strong>suscipere</strong></span> <span class='ocrx_word' id='word_1_841' title='bbox 2195 5861 2398 5911; x_wconf 83' lang='lat' dir='ltr'><strong>nosset.</strong></span> <span class='ocrx_word' id='word_1_842' title='bbox 2425 5853 2787 5920; x_wconf 78' lang='lat' dir='ltr'><strong>Quamobrem</strong></span> <span class='ocrx_word' id='word_1_843' title='bbox 2820 5874 2957 5914; x_wconf 88' lang='lat' dir='ltr'><strong>vana</strong></span> <span class='ocrx_word' id='word_1_844' title='bbox 2994 5870 3048 5914; x_wconf 87' lang='lat' dir='ltr'><strong>et</strong></span> <span class='ocrx_word' id='word_1_845' title='bbox 3077 5861 3229 5917; x_wconf 83' lang='lat' dir='ltr'><strong>irrita</strong></span> <span class='ocrx_word' id='word_1_846' title='bbox 3266 5863 3440 5935; x_wconf 83' lang='lat' dir='ltr'><strong>ipsius</strong></span> 
     </span>
    </p>
   </div>
  </div>
