4206 6442
1961 385 2020 442 S.
2039 383 2358 444 JOANNIS
2397 385 2826 446 DAPIASCENI
3881 384 4010 448 ιιςθ

783 383 916 448 1495

778 494 1007 550 consilia
1024 501 1204 558 erant,
1224 500 1278 548 et
1307 491 1577 560 ejusmodi
1609 507 1774 569 curat,
1813 500 1872 546 ut
1895 495 2044 548 nulla
2070 510 2129 549 se
2157 511 2224 549 ex
2256 495 2342 550 his
2370 546 2374 554 .

2445 495 2726 566 παρόντων
2774 495 3019 563 ἀγαθῶν,
3066 495 3426 565 ἐλεεινότερος
3461 494 3572 548 τῶν
3623 495 4012 566 προσδοκωμέ-

775 584 1090 655 ειριίεαηιιί
1119 584 1351 639 facultas
1377 592 1544 639 esset.
1585 582 1728 650 Quid
1769 584 2008 639 faciam?
2034 601 2194 656 quem
2232 601 2342 641 non

2444 608 2569 644 νων.
2592 590 2684 662 Μὴ
2709 590 2814 660 γὰρ
2839 589 3131 660 προσόδους
3151 587 3299 658 αὐτῷ
3319 589 3476 659 φέρει
3501 589 3536 658 ἡ
3560 588 3654 658 γῆ,
3674 590 4012 658 στεναγμοὺς

775 677 1035 732 misereat
1064 676 1305 732 hominis
1326 691 1465 732 vere
1512 677 1732 733 miseria
1759 679 2150 735 circumsessi?
2178 679 2345 735 Miser

2443 681 2594 750 αὐτῷ
2621 684 2767 750 φύει.
2790 681 2882 752 Μὴ
2897 681 3008 752 γᾲρ
3031 679 3262 751 καρπῶν
3279 681 3538 749 εὐφορίαν
3561 677 3819 746 συνάγεις
3845 696 4010 748 φρον-

774 778 861 824 est
893 771 1039 825 enim
1073 769 1298 824 nomine
1349 768 1690 836 fertilitatis;
1753 770 2083 828 miserabilis
2119 783 2344 844 pr0pter

2443 773 2617 837 τίδας,
2647 775 2743 826 καὶ
2790 771 2990 835 λύπας,
3038 770 3136 824 καὶ
3183 769 3496 840 ἀμηχανίαν
3547 769 3748 840 δεινήν.
3809 769 4013 838 Ὅμοια

777 862 1102 931 praesentia,
1165 862 1262 917 sed
1315 862 1680 918 miserabilior
1730 875 1951 933 propter
2003 875 2340 934 exspectata.

776 953 964 1010 Nullos
993 956 1139 1010 enim
1164 957 1213 1010 ei
1249 957 1410 1010 tellus
1433 956 1646 1012 reditus
1673 971 1804 1012 suos
1834 955 2058 1026 profert,
2091 965 2146 1012 at
2170 961 2342 1028 gemi-

774 1056 864 1100 tus
927 1047 1158 1116 proinde
1213 1047 1391 1102 eidein
1450 1048 1749 1119 ingenerat.
1827 1050 1948 1106 Non
2005 1051 2341 1109 uberrimam

774 1135 993 1205 frugum
1039 1137 1251 1206 copiam
1301 1136 1533 1208 colligit,
1585 1149 1641 1192 at
1673 1140 1833 1209 plane
1875 1143 2095 1219 quidem
2150 1157 2338 1209 curas,

771 1230 1079 1291 molestias,
1112 1245 1443 1299 gravemque
1495 1231 1663 1286 animi
1729 1236 2078 1289 anxietatem.
2135 1235 2339 1290 Eodem

769 1336 882 1389 quo
944 1336 1212 1392 pauperes
1270 1313 1433 1378 modo
1496 1325 1841 1380 lamentatur.
1906 1328 1990 1381 An
2036 1343 2144 1383 non
2193 1329 2339 1384 enim

769 1413 1017 1468 eamdem
1072 1431 1294 1485 quaque
1334 1417 1422 1470 ille
1457 1433 1638 1472 vocem
1696 1420 1916 1484 emittit,
1953 1421 2048 1490 qui
2100 1429 2341 1491 egestate

772 1506 1075 1575 premitur?
1102 1506 1241 1573 Quid
1276 1508 1514 1564 faciam?
1545 1511 1690 1566 unde
1737 1513 2018 1577 alimenta,
2056 1516 2198 1570 unde
2251 1516 2337 1569 in-

769 1598 1028 1652 «Iumenta
1077 1602 1406 1668 suppetent!
1462 1599 1662 1657 Iisdem
1709 1619 1932 1674 quoque
1966 1605 2120 1661 dives
2154 1608 2340 1663 verbis

770 1688 963 1752 utitur,
989 1690 1154 1744 corde
1194 1691 1586 1756 discruciatur,
1619 1709 1819 1749 exesus
1851 1711 1881 1748 a
1918 1710 2048 1752 cura
2089 1705 2144 1751 et
2187 1700 2339 1752 solli-

771 1777 1037 1834 citudine.
1065 1778 1200 1832 Nam
1255 1782 1401 1851 quod
1454 1783 1578 1837 aliis
1609 1786 1944 1855 voluptatem
1995 1785 2174 1848 aﬂ'ert,
2234 1789 2339 1844 hoc

2447 867 2554 928 τοῖς
2589 864 2906 935 πενομένοις
2952 861 3224 934 ὀδύρεται.
3258 862 3328 914 Ἦ
3381 860 3504 931 ούχὶ
3556 861 3762 925 ταύτην
3811 860 4011 928 ἀφίησι

2440 958 2542 1030 τὴν
2571 957 2776 1027 ιφωνὴν
2801 958 2896 1010 καὶ
2940 957 2970 1010 ὁ
3019 956 3109 1008 διά
3139 955 3331 1007 πενίαν
3373 953 3878 1023 στενοχωρούμενος
3907 971 3924 1017 ;
3949 953 4011 1004 Ti

2442 1050 2687 1119 ποιήσω;
2713 1047 2878 1101 πόθεν
2901 1046 3132 1117 τροφαί;
3163 1045 3330 1099 πόθεν
3358 1044 3628 1113 ἐνδύματα
3651 1062 3670 1107 ;
3701 1043 3890 1097 Ταῦτα
3919 1044 4011 1094 καὶ

2440 1145 2469 1198 ὁ
2505 1142 2760 1203 πλούσιος
2790 1139 3106 1209 φθέγγεται.
3169 1137 3452 1192 Ὀδυνᾶται
3497 1136 3599 1207 τὴν
3641 1137 3874 1205 καρδίαν
3907 1135 4010 1187 ὑπὸ

2439 1233 2540 1303 τῆς
2592 1233 2866 1303 μερίμνης
2911 1230 3300 1300 διεσθιόμενος.
3346 1226 3415 1283 Ὀ
3473 1228 3583 1298 γὰρ
3629 1228 3758 1291 τοὺς
3814 1226 4009 1290 ἀλλους

2441 1313 2741 1394 εὐφραίνει,
2762 1323 2921 1375 τοῦτο
2936 1323 3094 1392 τήκει
3107 1321 3198 1374 τὸν
3225 1319 3572 1388 πλεονέκτην.
3597 1318 3674 1371 Ού
3699 1317 3810 1387 γὰρ
3829 1318 4011 1386 χαίρει

2441 1418 2658 1472 πάντων
2717 1415 2867 1483 αὐτῷ
2938 1414 3388 1485 πεπληρωμένων
3456 1411 3569 1464 τῶν
3638 1409 3809 1474 ἔνδον,
3872 1410 4008 1462 ἀλὶά

2441 1510 2628 1565 νύσσει
2679 1509 2776 1580 τὴν
2826 1507 3006 1578 ψυχὴν
3064 1505 3231 1561 αὑτοῦ
3299 1504 3606 1577 περιρρέων
3661 1505 3691 1556 ὁ
3756 1502 4007 1564 πλοῦτος,

2443 1603 2538 1656 καὶ
2592 1601 2704 1654 τῶν
2739 1599 3004 1671 ταμιείων
3049 1597 3473 1670 ύπερχεόμενος,
3508 1597 3690 1666 μήπου
3731 1597 3828 1650 καὶ
3873 1595 4008 1663 πρὸς

2440 1695 2564 1748 τοὺς
2596 1693 2794 1757 ἔξωθεν
2827 1691 3161 1763 παρακύψας
3219 1688 3426 1748 ἀγαθοῦ
3476 1705 3622 1741 τινος
3645 1687 3871 1757 ἀφορμὴ
3897 1693 4008 1738 ταὶς

2441 1788 2646 1841 ἐνδεέσι
2696 1787 2944 1856 γένηται.
2984 1787 3094 1840 Και
3129 1802 3221 1855 μοι
3254 1781 3492 1838 δοκεῖτὸ
3526 1781 3699 1844 πάθος
3718 1779 3888 1836 αὐτοῦ
3913 1781 4009 1847 τῆς

669 1908 674 1915 .
767 1883 995 1923 nvarum
1042 1872 1283 1926 conficit.
1337 1871 1455 1927 Non
1519 1874 1666 1929 enim
1727 1876 1815 1931 hic
1857 1877 2039 1933 laetitia
2083 1856 2374 1944 sllicitum}

2437 1881 2620 1952 ψυχῆς
2646 1881 2724 1952 τῷ
2752 1855 2861 1933 τῶν
2893 1881 3324 1950 γαστριμάργων
3352 1878 3752 1949 προσεοικέναι,
3783 1878 3834 1928 οἱ
3854 1876 4007 1946 διαρ-

765 1961 915 2028 quod
942 1967 1089 2018 intus
1124 1963 1320 2020 domus
1347 1972 1460 2018 tota
1489 1967 1647 2034 plena
1689 1969 1791 2030 sit;
1820 1971 1916 2024 sed
1966 1980 2190 2041 propter
2212 1962 2338 2027 cir-

767 2052 1200 2117 cumeﬂluentes,
1253 2063 1307 2109 et
1354 2056 1494 2110 ultra
1542 2072 1704 2128 quam
1746 2059 1940 2115 horrea
2005 2064 2205 2126 ferant,
2248 2079 2336 2118 re-

768 2148 1109 2215 gurgitantes
1138 2165 1271 2220 opes
1295 2154 1512 2207 animus
1542 2152 2019 2225 ipsiuslaniatur,
2047 2159 2097 2213 id
2128 2160 2357 2215 scilicet

765 2237 927 2310 εει
977 2249 1249 2307 metuens,
1301 2258 1370 2296 ne
1427 2243 1494 2298 ad
1554 2254 1813 2302 externos
1854 2248 2130 2303 interdum
2177 2265 2334 2304 ema-

770 2340 989 2397 nantes,
1041 2333 1341 2390 utilitatem
1379 2336 1668 2406 egentibus
1715 2338 1957 2409 aliquam
2003 2341 2333 2401 concilient.

766 2427 846 2478 Ac
878 2423 1014 2479 mihi
1052 2427 1250 2482 anima:
1283 2429 1406 2498 ejus
1451 2427 1706 2490 affectus,
1762 2432 2074 2487 lielluonum
2113 2433 2332 2489 illorum

769 2516 988 2572 aﬂ'ectui
1038 2519 1312 2575 absimilis
1355 2535 1482 2576 esse
1527 2538 1637 2577 non
1687 2523 1931 2590 videtur,
1961 2525 2054 2594 qui
2091 2525 2334 2596 ingluvie

767 2607 1038 2679 disrumpi
1073 2611 1310 2678 malunt,
1341 2629 1507 2683 quam
1542 2615 1904 2687 reliquiarum
1933 2618 2142 2687 aliquid
2171 2634 2335 2690 egen-
2361 2653 2363 2656 ‹

767 2699 912 2755 tibus
942 2715 1194 2770 erogare.
1231 2701 1370 2758 Eum
1422 2706 1628 2776 cogita,
1676 2722 1711 2760 ο
1762 2708 1948 2770 homo,
1984 2710 2078 2778 qui
2134 2725 2197 2763 ea
2231 2710 2332 2765 tibi

765 2791 960 2859 dedit;
1001 2793 1304 2850 recordare
1354 2796 1614 2864 quisnam
1649 2797 1767 2868 ipse
1801 2799 1903 2865 sis,
1932 2799 2066 2869 quid
2097 2799 2335 2855 admini-

764 2897 925 2950 stres,
953 2898 1246 2955 a,quonam
1291 2887 1596 2959 acceperis,
1629 2903 1793 2958 quam
1825 2891 1897 2946 ob
1925 2906 2150 2946 causam
2189 2892 2333 2948 mul-
2371 2907 2377 2913 ‘

763 2975 837 3030 tis
860 2974 939 3030 sis
971 2974 1250 3045 praelatus.
1290 2975 1385 3033 Dei
1421 2979 1676 3036 minister
1707 2979 1934 3036 eﬂectus
1981 2998 2061 3047 es,
2098 2997 2328 3038 conser-

760 3079 957 3119 vorum
995 3065 1346 3124 administer.
1379 3068 1503 3124 Noli
1544 3077 1744 3141 putare
1791 3073 1978 3127 omnia
2015 3076 2196 3128 ventri
2234 3085 2330 3130 tuo

2439 1973 2678 2044 ῥαγῆναι
2711 1971 2912 2044 μᾶλλον
2955 1972 3060 2025 ὑπὸ
3109 1969 3442 2042 λαιμαργίας
3503 1968 3808 2039 αἱροῦνται,
3837 1968 3872 2037 ἢ
3903 1967 4010 2018 τῶν

2438 2066 2708 2136 λειψάνων
2743 2063 3064 2134 μεταδοῦναι
3094 2066 3210 2127 τοῖς
3235 2062 3484 2129 ὲνδεέσι.1
3503 2061 3693 2127 Σύνες,
3723 2059 4005 2128 ἄνθρωπε,

2434 2159 2532 2213 τοῦ
2576 2159 2870 2223 δεδωκότος
2899 2176 2916 2191 ο
2953 2158 3226 2230 μνήσθητι
3273 2155 3503 2211 σεαυτοῦ
3549 2155 3633 2220 τίς
3659 2149 3710 2209 εί
3734 2169 3751 2184 ⁶
3784 2154 3839 2207 τί
3867 2157 4036 2238 οἰκοο.

2437 2254 2658 2321 νομεῖςο
2719 2251 2870 2322 παρά
2927 2251 3077 2313 τίνος
3127 2249 3359 2312 ἔλαϐες·
3396 2249 3482 2303 διά
3512 2249 3566 2302 τί
3625 2247 3736 2302 τῶν
3796 2245 4008 2300 πολλῶν

2436 2345 2796 2418 προεκρίθης.
2834 2343 3070 2413 Ἀγαθοῦ
3119 2342 3258 2397 Θεοῦ
3299 2341 3532 2412 γέγονας
3588 2340 3895 2412 ὑπηρέτης,
3931 2342 4008 2392 oi-

2435 2442 2665 2509 κονόμος
2692 2439 2800 2492 τῶν
2830 2437 3159 2509 ὁμοδούλων.
3201 2438 3294 2506 Μὴ
3325 2437 3501 2491 πάντα
3558 2435 3672 2487 οίου
3707 2436 3775 2504 τῇ
3805 2433 4006 2502 γαστρὶ

2432 2534 2499 2604 τῇ
2539 2536 2606 2603 σῇ
2643 2531 3114 2603 παρεσκευάσθαι.
3155 2531 3368 2600 Ὠσπερ
3407 2529 3704 2600 ἀλλοτρίων
3749 2527 4006 2598 βουλεύου

2431 2626 2542 2679 τῶν
2581 2627 2639 2680 ὲν
2682 2624 2862 2696 χερσί.
2917 2625 3135 2695 Μικρὸν
3191 2623 3474 2694 εὐφραίνει
3517 2638 3580 2676 σε
3616 2620 3836 2693 χρόνον,
3889 2616 4007 2674 εἶτα

2432 2717 2762 2790 διαρῤυέντα
2826 2718 3112 2788 οἰχήσεται
3142 2757 3160 2784 ,
3217 2716 3313 2770 τδν
3363 2715 3422 2768 δὲ
3467 2714 3559 2768 ἐπ’
3605 2714 3794 2775 αὐτοῖς
3846 2713 4006 2764 λόγον

2431 2807 2787 2879 ἀπαιτηθήσῃ
2817 2807 2962 2877 μετὰ
3008 2805 3322 2877 ἀκριϐείας.
3359 2807 3432 2860 Σὺ
3460 2804 3520 2859 δὲ
3547 2805 3725 2858 πάντα
3745 2802 3888 2873 ὁμοῦ
3909 2801 4004 2854 θυ-

2434 2918 2558 2973 ραις
2590 2901 2685 2954 καὶ
2711 2900 2932 2970 μοχλοῖς
2958 2899 3358 2963 ὲναποκλείσας
3385 2898 3552 2968 ἔχεις,
3573 2899 3667 2952 καλ⁵
3690 2896 4004 2967 καταδήσας

2431 2997 2728 3065 σφραγῖσιν
2761 2993 3128 3063 ὲναγρυπνεῖς
3154 2995 3275 3056 ταῖς
3309 2991 3620 3062 μερίμναις,
3653 2991 3750 3043 καὶ
3773 2988 4004 3058 βουλεύῃ

2432 3087 2578 3140 κατὰ
2608 3085 2825 3152 σαυτὸν,
2844 3085 3040 3157 ἄφρονι
3075 3083 3367 3156 συμϐούλῳ
3398 3081 3610 3153 σεαυτῷ
3639 3098 4001 3151 κεχρημενπ.

761 3168 952 3226 parata
1011 3173 1159 3214 esse.
1213 3159 1289 3216 De
1339 3161 1410 3217 iis
1455 3177 1578 3233 qua:
1631 3164 1686 3217 in
1729 3165 1988 3220 manibus
2021 3166 2131 3220 tuis
2170 3175 2374 3252 sunt”

2434 3179 2495 3232 Ti
2525 3180 2762 3248 ποιήσω;
2825 3179 3047 3249 ἕτοιμον
3093 3173 3162 3247 ἦν
3185 3178 3380 3241 είπεῖν,
3437 3176 3519 3229 ὅτι
3555 3174 3856 3245 Ἐμπλήσω
3906 3172 4005 3234 τὰς

760 3259 1020 3318 tanquam
1076 3249 1144 3306 de
1191 3251 1389 3308 alienis
1435 3255 1737 3308 consilium
1776 3256 1935 3311 habe.
1967 3257 2325 3326 Aliquantum

763 3341 1028 3410 temporis
1081 3349 1136 3397 te
1192 3343 1498 3407 oblectant,
1547 3353 1602 3398 et
1644 3346 1871 3412 posthac
1913 3346 2228 3401 dilabentur
2274 3354 2328 3402 et

761 3434 1067 3489 interibunt
1102 3455 1115 3488 :
1164 3451 1356 3491 eorum
1399 3426 1580 3493 autem
1616 3438 1758 3491 ratio
1797 3439 1899 3493 alis
1940 3448 1991 3494 te
2034 3439 2328 3511 diligenter

760 3527 1031 3599 exigetur.
1067 3530 1135 3583 At
1163 3536 1219 3583 tu
1251 3530 1434 3584 omnia
1465 3530 1651 3600 ianuis
1701 3541 1757 3586 et
1795 3533 2077 3602 repagulis
2111 3536 2326 3592 inclusa

761 3629 938 3686 tenes,
987 3621 1164 3690 iisque
1198 3623 1381 3693 sigillo
1409 3638 1505 3678 seu
1553 3625 1776 3680 vinculo
1813 3628 2053 3696 quodam
2081 3630 2330 3684 constri-

761 3715 889 3780 ctis,
941 3715 1094 3770 curis
1145 3715 1422 3786 invigilas,
1475 3733 1539 3773 ac
1612 3727 1794 3774 tecum
1845 3721 1966 3789 ipse
2019 3721 2323 3791 deliberas,

759 3807 990 3862 stultum
1037 3807 1420 3863 consiliarium
1475 3810 1714 3878 teipsum
1763 3812 1978 3867 scilicet
2031 3813 2324 3871 adhibens.

758 3895 900 3962 Quid
929 3895 1168 3950 faciam?
1200 3905 1524 3977 promptum
1551 3908 1671 3955 erat
1701 3900 1924 3968 dicere;
1950 3903 2177 3959 Animas
2201 3921 2328 3962 esu-

759 3991 1022 4043 rientium
1057 3989 1316 4059 implebo,
1355 3991 1554 4047 horrea
1584 3991 1910 4062 patefaciam
1943 4010 2086 4063 mea,
2127 4004 2182 4052 et
2205 4013 2327 4053 om-

757 4095 858 4136 nes
893 4080 1073 4149 inopia
1111 4081 1441 4137 laborantes
1485 4098 1796 4152 accersam;
1831 4084 2132 4156 Josephum
2166 4088 2326 4147 beni-

757 4173 984 4244 gnitatis
1033 4174 1309 4242 praeconio
1358 4175 1639 4232 imitabor.
1702 4175 1912 4234 Vocem
1974 4181 2323 4250 magnificam

759 4265 1106 4336 proloquar:
1187 4265 1384 4322 Venite
1433 4268 1506 4343 ad.
1554 4285 1643 4324 me
1691 4285 1884 4326 omnes
1936 4275 2028 4342 qui
2085 4276 2326 4344 panibus

759 4359 1042 4428 indigetis,
1076 4360 1328 4414 beneficii
1361 4361 1508 4430 quod
1539 4359 1805 4418 divinitus
1830 4364 1962 4418 mihi
1995 4379 2325 4422 concessum

757 4459 865 4515 est,
895 4437 1164 4522 quantum
1215 4452 1420 4522 cuique
1452 4453 1590 4510 satis
1623 4455 1716 4519 sit,
1747 4456 1894 4512 velut
1926 4472 1993 4512 ex
2037 4461 2325 4516 communi

758 4542 910 4597 fonte
962 4545 1265 4621 participes
1318 4544 1515 4600 futuri.
1565 4547 1639 4601 At
1669 4557 1724 4601 tu
1757 4565 1866 4603 non
1902 4548 2008 4604 hoc
2043 4566 2106 4606 es
2135 4553 2322 4609 animo
2355 4529 2401 4586 Β

755 4630 1037 4700 praeditus.
1081 4630 1183 4697 Qui
1217 4632 1398 4688 enim?
1432 4649 1557 4688 cum
1615 4651 1806 4691 eorum
1863 4635 2105 4694 fructum
2140 4641 2324 4697 homi-

756 4724 924 4780 uibus
954 4724 1241 4782 invideas:
1274 4742 1463 4782 verum
1498 4727 1814 4799 improbum
1845 4731 2032 4788 animo
2064 4741 2160 4789 tuo
2186 4749 2324 4791 con-

753 4818 944 4872 cilium
977 4817 1218 4888 agitans,
1249 4819 1304 4874 id
1331 4835 1518 4887 curas,
1555 4837 1666 4877 non
1704 4834 1761 4878 ut
1789 4823 1992 4894 cuique
2028 4840 2094 4881 ea
2125 4828 2326 4897 quibus

753 4906 967 4978 indiget
1021 4909 1257 4976 tribuas,
1307 4909 1404 4966 sed
1462 4919 1523 4967 ut
1565 4912 1725 4968 bonis
1770 4915 2030 4972 omnibus
2077 4917 2226 4987 apud
2265 4927 2323 4976 te

753 5000 1059 5070 congestis,
1113 5016 1309 5058 omnes
1353 5017 1544 5058 eorum
1586 5005 1824 5062 utilitate
1862 5014 1917 5062 et
1943 5009 2320 5067 emolumento

755 5094 967 5163 prives.
997 5092 1202 5151 Praisto
1229 5095 1460 5152 aderant
1489 5099 1584 5168 qui
1613 5101 1851 5154 animam
1883 5101 2034 5157 illius
2059 5118 2320 5174 reposce-

754 5193 924 5252 rent;
967 5186 1054 5242 illi
1085 5197 1268 5244 autem
1320 5189 1388 5245 de
1419 5191 1564 5247 cibis
1603 5207 1728 5247 cum
1761 5194 1942 5248 anima
1984 5212 2085 5253 sua
2137 5214 2319 5255 sermo

753 5287 890 5333 erat.
914 5277 1029 5332 Hac
1057 5289 1218 5335 nocte
1245 5283 1656 5346 assumebatur,
1686 5294 1852 5355 atque
1881 5287 1937 5340 in
1969 5303 2142 5345 annos
2175 5292 2321 5344 mul-

755 5378 843 5424 tos
874 5368 1108 5427 delicias
1147 5373 1251 5427 sibi
1285 5375 1467 5429 animo
1514 5376 1772 5446 ﬁngebat.
1809 5379 1921 5448 Ipsi
1967 5387 2193 5437 omnino
2224 5383 2319 5438 de-

756 5462 1046 5529 liberandi,
1106 5473 1162 5519 et
1215 5467 1543 5522 sententiam
1611 5484 1766 5525 suam
1829 5475 2119 5541 promendi
2171 5473 2315 5530 facta

2431 3269 2610 3337 ψυχὰς
2630 3271 2743 3321 τῶν
2771 3269 3084 3322 πεινώντων
3113 3283 3128 3298 ⁸
3168 3267 3366 3331 ἀνοίξω
3406 3267 3507 3330 τάς
3552 3265 3861 3335 ἀποθήκας,
3909 3264 4005 3316 καὶ

2431 3360 2644 3421 πάντας
2702 3357 2920 3412 καλέσω
2978 3359 3108 3422 τοὺς
3151 3357 3726 3427 ὲνδεεῖς.Μιμήσομαι
3758 3359 3854 3408 τὸν
3895 3356 4004 3407 Ἰω-

2432 3452 2543 3522 σὴφ
2567 3450 2656 3521 ³τῷ
2683 3451 2785 3520 τῆς
2827 3449 3236 3521 φιλανθρωπίας
3294 3448 3636 3520 κηρύγματι.
3689 3447 4003 3516 Φθέγξομαι

2429 3540 2614 3612 φωνὴν
2642 3539 3015 3612 μεγαλόψυχον
3032 3556 3048 3571 ο
3076 3539 3232 3592 Ὅσοι
3258 3537 3572 3609 ὑστερεῖσθε
3596 3537 3798 3607 ἀρτων,
3817 3536 4002 3588 ἔλθετε

2430 3635 2570 3706 πρός
2601 3651 2692 3705 με,
2723 3635 2825 3704 τῆς
2853 3633 3009 3702 παρά
3055 3629 3191 3684 Θεοῦ
3230 3631 3520 3712 δεδομένης
3566 3629 3789 3699 χάριτος
3809 3628 3874 3680 τὺ
3900 3627 4004 3696 ἀρ-

2431 3727 2562 3781 κοῦν
2589 3727 2842 3788 ἕκαστος,
2867 3720 2980 3778 οἷον
3009 3727 3075 3778 ὲκ
3094 3723 3289 3778 κοινῶν
3310 3722 3524 3794 πηγῶν,
3544 3738 3647 3791 συμ
3659 3719 3999 3791 μεθέξοντες.

2443 3817 2580 3870 Ἀλλ’
2613 3817 2674 3870 οὑ
2705 3814 2947 3877 τοιοῦτος
2969 3815 3036 3868 σύ
3059 3832 3074 3846 ο
3109 3814 3273 3867 πόθεν
3319 3813 3396 3874 ὥς
3438 3828 3504 3881 γε
3526 3810 3839 3882 βασκαίνεις
3891 3812 4004 3871 τοῖς

2428 3911 2742 3984 ἀνθρώποις
2791 3910 2891 3980 τῆς
2931 3908 3310 3972 ἀπολαύσεως,
3361 3904 3598 3977 πονηρὸν
3624 3903 3680 3956 δὲ
3710 3901 4004 3972 βουλευτή-

2432 4022 2549 4075 ριον
2579 4005 2639 4056 ὲν
2668 4005 2736 4074 τῇ
2763 4003 2911 4072 ψυχῇ
2950 4001 3352 4072 συγκροτήσας,
3388 3994 3692 4069 φροντίζεις
3722 3995 3823 4063 οὐχ
3851 3994 4003 4056 ὅπως

2431 4095 2679 4168 μεταδῷς
2713 4096 2931 4165 ἑκάστῳ
2960 4093 3032 4148 τὰ
3081 4093 3220 4164 πρὸς
3267 4090 3367 4163 τὴν
3419 4088 3630 4160 χρείαν,
3684 4086 3804 4139 ἀλλ’
3851 4086 4003 4148 ὅπως

2427 4189 2610 4243 πάντα
2645 4187 3066 4256 ὑποδεξάμενος,
3112 4186 3321 4248 πάντας
3373 4183 3473 4253 τῆς
3499 4181 3594 4236 ἀπ’
3616 4179 3798 4233 αὐτῶν
3852 4178 4001 4247 ὠφε-

2427 4282 2579 4343 λείας
2599 4281 2982 4349 ἀποστερήσῃς
3003 4295 3018 4342 ;
3041 4276 3392 4347 παρέστησαν
3423 4274 3472 4328 οί
3497 4273 3597 4342 τὴν
3621 4271 3801 4342 ψυχὴν
3831 4272 4000 4324 ἀπαι-

2427 4373 2676 4438 τοῦντες,
2706 4373 2957 4433 κάκεῖνος
2985 4369 3118 4440 περὶ
3145 4367 3450 4439 βρωμάτων
3486 4368 3559 4438 τῇ
3582 4366 3728 4434 ψυχῇ
3752 4363 3996 4428 ἐλέγετο.

2429 4464 2614 4535 Ταύτῃ
2642 4466 2710 4535 τῇ
2735 4462 2895 4518 νυκτὶ
2923 4459 3399 4532 παρελαμϐάνετο,
3435 4459 3531 4512 καὶ
3571 4458 3651 4520 είς
3679 4456 3776 4527 ἔτη
3821 4457 4000 4511 πολλὰ

2426 4559 2529 4630 τὴν
2551 4557 2852 4612 ἀπόλαυσιν
2881 4552 3233 4624 ὲφαντάζετο.
3262 4551 3622 4622 Συνεχωρήθη
3658 4550 3845 4603 πάντα
3873 4548 3998 4618 βου-

2427 4645 2743 4712 λεύσασθαι,
2763 4646 2858 4699 καὶ
2877 4662 3013 4714 φανε
3023 4644 3122 4716 ράν
3144 4642 3339 4697 ἑαυτοῦ
3367 4641 3592 4712 ποιῆσαι
3613 4639 3713 4711 τὴν
3741 4638 3995 4710 γνώμην,

2428 4741 2517 4796 ἵνα
2544 4738 2702 4804 ἀξίαν
2732 4739 2832 4809 τῆς
2879 4736 3258 4809 προαιρέσεως
3291 4734 3510 4805 δέξηται
3535 4733 3636 4804 τὴν
3691 4732 3995 4797 ἀπόφασιν.

2455 4832 2594 4898 Αξα
2649 4831 2756 4902 γὰρ
2800 4829 3174 4899 καθαιρέσεως
3210 4827 3280 4880 τά
3324 4827 3550 4896 ταμιεῖα
3607 4823 3706 4894 τῆς
3755 4822 3993 4885 ἀδικίας.

2425 4921 2798 4977 Κατάσκαπτε
2823 4922 2944 4984 ταῖς
2994 4917 3188 4973 ἑαυτοῦ
3221 4918 3411 4989 χερσὶν
3435 4915 3469 4970 ἃ
3499 4914 3686 4978 κακῶς
3707 4913 3995 4983 ᾡκοδὸειηα

2429 5029 2548 5076 σας.
2579 5014 2689 5065 Λύε
2710 5011 2779 5066 τὰ
2807 5012 3127 5082 σιτοδοχεία,
3191 5010 3315 5063 ὅθεν
3365 5008 3542 5069 οὐδεὶς
3587 5004 3803 5070 ἀπῆλθέ
3866 5019 3994 5057 ποτε

2427 5103 2781 5174 παραμυθίας
2825 5102 3022 5172 τυχών.
3065 5102 3354 5172 Ἀφάνισον
3402 5099 3578 5152 πάντα
3620 5092 3771 5148 οἷκον
3800 5097 3992 5146 πλεον-

2424 5197 2576 5263 εξίας
2623 5195 2860 5265 φύλακα.
2884 5194 3290 5249 Ἀποσκεύασον
3326 5192 3578 5262 ὀρόφους,
3613 5187 3839 5256 περίελε
3889 5186 3994 5238 τοί-

2425 5306 2576 5360 χους,
2596 5287 2766 5354 δεῖξον
2797 5287 2933 5357 ἡλίῳ
2960 5287 3051 5339 τὸν
3106 5284 3454 5357 εὐρωτιῶντα
3511 5285 3676 5334 σῖτον.
3726 5279 3992 5344 Ἐξάγανδ

2423 5399 2488 5436 εκ
2523 5382 2769 5452 φυλακῆς
2819 5381 2911 5434 τὸν
2948 5379 3166 5449 δέσμιον
3218 5377 3470 5440 πλοῦτον,
3515 5371 3890 5444 θριάμῦευσον
3926 5371 3991 5423 τά

2424 5475 2677 5528 σκοτεινά
2701 5471 2796 5527 τοῦ
2829 5473 3066 5544 μαμωνᾶ
3085 5471 3425 5538 καταγῶγια.

754 5561 996 5621 potestas
1024 5556 1150 5622 fuit,
1183 5566 1245 5612 ut
1271 5558 1493 5630 dignam
1521 5566 1801 5633 proposito
1836 5580 1938 5621 suo
1979 5568 2306 5622 sententiam
2348 5568 2638 5638 acciperet.
2681 5567 2853 5638 Digna
2911 5568 3117 5638 quippe
3169 5564 3458 5620 eversione
3519 5568 3648 5616 sunt
3700 5559 3992 5627 injustitix

755 5648 1152 5715 promptuaria.
1191 5646 1464 5706 Demolire
1493 5651 1752 5709 manibus
1783 5654 2015 5724 ipsemet
2045 5660 2154 5712 tuis
2187 5673 2309 5728 qua:
2344 5658 2486 5715 male
2511 5660 2892 5716 construxisti.
2922 5658 3050 5715 Dele
3073 5659 3269 5712 horrea
3319 5653 3466 5708 unde.
3518 5664 3680 5707 nemo
3745 5665 3983 5719 unquam

756 5735 1054 5794 solaminis
1092 5740 1375 5812 quidpiam
1406 5752 1604 5800 nactus
1635 5746 1926 5803 abscessit.
1969 5747 2197 5804 Domum
2228 5767 2446 5806 omnem
2480 5754 2726 5809 avaritiae
2754 5751 3041 5808 custodem
3082 5749 3214 5804 tolle
3239 5762 3271 5803 e
3295 5745 3496 5802 medio.
3526 5741 3788 5800 Disturba
3820 5750 3975 5802 tecta,

736 5825 934 5895 'dejiee
979 5832 1242 5899 parietes.
1274 5833 1634 5891 Frumentum
1668 5840 1782 5895 situ
1811 5841 2093 5910 cariosum
2121 5843 2225 5897 soli
2248 5846 2497 5909 ostende.
2541 5846 2765 5903 Vinctas
2791 5859 2922 5917 epes
2948 5861 2979 5900 c
3015 5855 3233 5899 carcere
3267 5838 3521 5905 extrahe;
3550 5836 3843 5892 tenebrosa
3894 5834 3976 5886 ilia

760 5934 1091 5984 mammonae
1130 5925 1438 5984 ditersoria
1473 5933 1617 5991 velut
1653 5933 1708 5989 in
1744 5936 2073 6006 triumphum
2108 5953 2319 6002 expone
