4206 6442
229 428 356 497 1497
1480 428 1715 489 SACRA
1752 431 2209 497 PARALLELA.
3310 429 3445 493 H98

288 541 382 595 Διά
406 540 464 593 at
499 540 592 593 xui.
619 538 719 593 τὴν
766 536 1050 609 συμφορὰν
1106 534 1475 599 κατεδίκασεν,
1507 537 1589 590 ὅτι
1632 539 1774 607 ἔχων

1946 540 2130 608 Ejuad.
2188 542 2373 596 homil.
2408 543 2462 596 in
2518 546 2768 612 (emporia
2824 542 3182 598 aiccita!¢.-~
3213 540 3442 612 Propter

222 648 312 688 ουκ
358 632 540 696 ὲδίδως
572 650 584 662 ·
630 630 819 702 ἐπειδη
868 628 1209 701 παρέτρεχες
1253 627 1379 691 τοὺς
1436 628 1768 695 πεινῶντας

1870 644 1926 689 te
1961 635 2062 688 hac
2100 650 2316 704 quoque
2342 651 2442 690 nos
2469 634 2615 690 Deus
2646 634 2961 689 calamitate
2994 634 3278 687 multavit:
3307 634 3440 703 quia

219 724 393 797 ἐπειδὴ
455 723 594 795 πρὸς
644 726 771 786 τους
827 722 1188 793 ὀδυρομένους
1250 722 1351 775 οὐκ
1394 722 1767 795 ὲπεστρέφου·

1871 740 1994 781 cum
2031 726 2285 792 haberes,
2319 741 2428 781 non
2479 726 2688 792 dabas;
2735 725 2866 797 quia
2909 740 3005 781 eos
3039 728 3136 795 qui
3184 722 3325 781 fame
3362 725 3443 779 la-

216 816 392 888 ἐπειδὴ
434 816 911 886 προσκυνούμενος
942 814 1041 868 οὐκ
1061 814 1262 885 ἠλέεις.
1290 813 1552 884 Ἔρχεται
1580 818 1672 868 καὶ
1701 816 1772 869 δι’

1870 818 2154 882 borabant,
2194 819 2551 888 praeteribas;
2605 812 2737 890 quia
2788 818 2856 873 ad
2898 825 3184 890 gementes
3220 816 3444 871 minime

214 906 417 974 ὀλίγους
447 906 543 959 ἐπὶ
570 905 744 976 δῆμον
784 904 952 972 κακά,
985 905 1079 958 καὶ
1114 904 1416 975 μοχθηρίας
1447 905 1565 969 ἑνὸς
1624 924 1766 977 παρ-

212 999 491 1069 απήλαυσε
512 998 706 1069 δῆμος.
725 998 894 1070 Ἀχάρ
918 998 1284 1068 ἱεροσύλησεν,
1301 998 1395 1051 καὶ
1417 998 1513 1069 ὃλη
1535 1000 1567 1070 ή
1593 999 1767 1069 παράν

210 1086 355 1149 ταξις
382 1087 732 1157 ἔμαστίζετο.
775 1087 834 1152 ΤΟ
862 1087 1079 1158 Ζαμϐρὶ
1128 1078 1292 1141 πάλιν
1326 1091 1406 1151 εἰς
1437 1087 1537 1149 τὰς
1558 1088 1765 1142 Μαδια-

1873 918 1924 964 te
1976 912 2382 977 convertehas;
2434 913 2562 981 quia
2611 912 2962 981 nequaquam
3027 919 3080 964 te
3141 906 3445 964 miaerebat

1868 998 2128 1057 eorum'a
2167 992 2372 1074 quibus
2410 1004 2763 1059 adorabaris.
2809 1000 3116 1056 Paucorum
3167 1000 3331 1071 culpa
3382 996 3444 1051 ﬁt

1869 1104 1927 1147 ut
1955 1094 2111 1160 plebs
2145 1097 2400 1169 universa
2454 1096 2872 1150 calamitatibus
2909 1094 3223 1163 adligatur;
3276 1102 3443 1169 atque

1869 1184 2032 1239 unius
2064 1183 2472 1255 improbitatem
2514 1193 2629 1240 tota
2663 1185 2818 1255 plebs
2865 1185 2987 1239 luit.
3036 1182 3228 1236 Achan
3269 1178 3441 1236 sacri-

1870 1275 2067 1343 legium
2101 1285 2465 1346 perpetrarat,
2498 1288 2553 1331 et
2605 1284 2755 1331 totus
2801 1277 3080 1331 exercitus
3119 1288 3311 1345 poenas
3341 1272 3441 1327 de-

207 1361 407 1413 ἐαυτῶν
439 1361 803 1432 ἐξετάσωμεν.

1868 1363 1971 1418 dit.
2015 1364 2235 1422 Zambri
2266 1369 2757 1423 cum'mulieribus
2808 1368 3125 1422 Madianitis
3156 1371 3439 1422 scortatu:

204 1467 337 1520 erat,
390 1465 444 1510 et
503 1456 667 1511 Israel
705 1466 993 1527 propterea
1055 1462 1110 1517 in
1158 1466 1493 1536 supplicium
1545 1463 1714 1520 incidi
1794 1459 1926 1525 Quae
1984 1480 2112 1519 cum
2164 1465 2241 1518 ita
2278 1468 2409 1531 sint,
2461 1480 2656 1520 omnes
2687 1474 2741 1519 et
2792 1464 3047 1535 privatim
3106 1470 3162 1517 et
3220 1458 3438 1531 publice

202 1550 364 1602 vitam
398 1558 645 1603 nostram
673 1551 1043 1609 excutiamus.

311 1641 398 1694 aol.
426 1638 701 1694 ἀκούσατε
732 1656 746 1669 °
772 1643 1092 1713 Χριστιανοὶ
1120 1647 1450 1702 ἐνωτίσασθε
1469 1690 1484 1715 ,
1519 1651 1600 1703 ὅτι
1629 1648 1756 1702 τάδε

1936 1643 2079 1699 Ibid.
2109 1675 2179 1685 —
2214 1645 2433 1709 Audite,
2472 1645 2657 1717 populi
2688 1663 2701 1710 ;
2736 1644 3064 1711 auscultate,
3089 1638 3436 1699 Christiani;

200 1730 339 1798 λέγει
368 1730 595 1801 Κύριος,
625 1732 685 1785 οὐ
715 1732 1045 1806 δημηγορῶν
1073 1738 1419 1807 αὐτοφώνως,
1443 1744 1553 1805 τοῖς
1573 1740 1759 1794 δὲ’τῶν

1862 1742 2123 1809 quoniam
2189 1739 2303 1793 haec
2353 1738 2486 1793 dicit
2542 1737 2834 1802 Dominus,
2888 1753 2998 1792 non
3047 1736 3165 1806 ipse
3212 1735 3435 1806 quidem

200 1823 397 1876 δουλων
433 1824 699 1895 στόμασιν
730 1826 942 1896 ἐνηχῶν
973 1829 1049 1893 ὡς
1070 1831 1352 1916 ὀργάνοις·
1386 1833 1461 1904 μὴ
1498 1834 1757 1903 φανῶμεν
1792 1860 1796 1915 ἶ

1864 1836 2079 1879 suamet
2115 1839 2250 1879 voce
2287 1827 2652 1892 concionans,
2714 1825 2810 1880 sed
2864 1840 3153 1880 servorum
3207 1837 3439 1879 suorum

197 1914 241 1965 οἱ
267 1914 476 1982 λογικοὶ
509 1914 617 1968 τῶν
656 1916 866 1986 ἀλόγων
920 1919 1211 1993 ὠμότεροι.
1257 1908 1470 1977 Ἔκείνα
1514 1925 1623 1996 γὰρ
1653 1929 1763 1989 τοῖς
1794 1908 1796 1915 Α

1864 1914 2056 1969 Oribus
2093 1924 2352 1984 tanquam
2388 1916 2616 1987 organis
2651 1915 2983 1985 quibusdam
3013 1915 3321 1971 insonans:
3357 1911 3439 1968 Ne

196 2008 258 2060 ὲκ
278 2008 376 2079 τῆς
399 2008 502 2077 γῆς
564 2010 857 2079 φυομένοις
914 2012 1060 2083 παρὰ
1114 2016 1213 2084 τῆς
1259 2016 1476 2084 φύσεως
1501 2016 1575 2080 ὡς
1606 2019 1758 2087 κοινῇ

1862 2020 1964 2060 nos
2006 2005 2292 2075 ipsos,qui
2327 2004 2543 2060 ratione
2586 2005 2803 2075 praediti
2846 2019 3059 2071 sumus,
3090 2002 3436 2058 crudeliores

208 1177 404 1240 νίτιδας
472 1178 831 1250 ὲξεπόρνευσε
869 1220 884 1243 ,
939 1181 1032 1233 καὶ
1074 1182 1103 1233 ό
1150 1180 1639 1251 Ἰσραὴλςέπιπτεν
1687 1184 1770 1245 εἰς

208 1269 376 1338 eam.
407 1271 617 1333 Πάντες
646 1272 843 1337 τοίνυν,
878 1274 972 1326 καὶ
1003 1273 1133 1343 ἰδίᾳ,
1152 1273 1246 1325 καὶ
1271 1276 1435 1347 κοινῇ
1457 1274 1582 1337 τοὺς
1617 1274 1767 1343 βίους

197 2094 488 2173 κέχρηται,
543 2101 639 2155 καὶ
687 2102 980 2173 προϐάτων
1034 2105 1227 2176 ἀγέλαι
1284 2107 1343 2162 ἓν
1388 2110 1483 2163 καὶ
1528 2109 1592 2162 τὸ
1632 2110 1762 2163 αὐτὸ

196 2196 620 2253 καταϐόσκονται
652 2198 801 2269 ὅρος.
828 2200 1017 2255 Ἵπποι
1043 2202 1099 2257 δὲ
1129 2204 1481 2276 παμπληθεῖς
1510 2207 1636 2276 μίαν
1664 2206 1761 2261 καὶ

194 2288 287 2359 τὴν
309 2290 481 2361 αὐτὴν
508 2292 907 2362 κατανέμονται
934 2295 1178 2364 πεδιάδα,
1222 2299 1319 2352 καὶ
1348 2299 1527 2352 πάντα
1545 2301 1616 2353 τά
1636 2299 1760 2352 καθ’

195 2381 422 2437 ἕκαστον
453 2382 629 2447 οὕτως
675 2385 929 2455 ἀλλήλοις
958 2389 1408 2462 ἀντιπαραχωρεῖ
1435 2391 1537 2461 τῆς
1590 2392 1759 2460 ἀναγ-
1820 2431 1826 2437 -

198 2475 356 2536 καίας
378 2477 491 2530 τῶν
522 2478 723 2547 χρειῶν
754 2477 1125 2544 ἀπολαύσεως.
1170 2482 1359 2553 Ἡμεῖς
1387 2483 1443 2536 δὲ
1471 2484 1760 2552 ἐγκολπισ-

196 2566 395 2636 ζόμεθα
422 2568 492 2622 τὰ
518 2569 690 2622 κοινά·
710 2570 778 2624 τά
805 2569 914 2623 τῶν
940 2571 1149 2626 πολλῶν
1173 2576 1322 2645 μόνοι
1358 2576 1571 2647 ἔχομεν.
1602 2578 1741 2630 Αἰδε-

186 2660 408 2731 νσθῶμεν
450 2661 720 2735 Ἐλλήνων
778 2663 1139 2736 φιλάνθρωπα
1200 2667 1531 2738 διηγήματα.
1598 2669 1752 2739 Παρό

194 2768 333 2806 τισιν
360 2754 591 2807 ἐκείνων
650 2756 815 2826 νόμος
868 2756 1270 2828 φιλάνθρωπος,
1330 2760 1428 2832 μία
1485 2762 1750 2832 τράπεζα,

194 2845 285 2897 καὶ
307 2845 463 2898 κοινά
495 2846 564 2899 τά
593 2847 759 2913 σιτία,
790 2847 887 2918 μία
936 2850 1092 2905 ἑστία
1136 2851 1321 2921 σχεδὸν
1370 2852 1463 2906 τὸν
1517 2853 1751 2908 πολυάν-

193 2934 407 3005 θρωπον
456 2937 626 3008 δῆμον
696 2940 1090 3010 ἀπεργάζεται.
1144 2943 1575 3015 Καταλείψωμεν
1626 2947 1753 3010 τοὺς

192 3026 406 3090 ἔξωθεν,
447 3028 540 3081 καὶ
568 3029 890 3101 ἀπέλθωμεν
919 3034 998 3096 εἰς
1022 3032 1084 3087 τὸ
1104 3034 1212 3087 τῶν
1255 3036 1571 3105 τρισχιλίων
1617 3036 1749 3090 ὑπό-

189 3117 411 3187 δειγμαο
437 3119 499 3173 τὸ
526 3121 740 3191 πρῶτον
765 3123 872 3179 τῶν
902 3126 1244 3196 Χριστιανῶν
1260 3128 1593 3199 ζηλὼσωμεν
1624 3128 1747 3182 σύν-

1860 2099 2039 2155 brutis
2076 2098 2435 2168 prabeamus.
2464 2090 2561 2151 Illa
2592 2098 2865 2162 siquidem
2894 2097 2979 2152 his
3011 2112 3133 2166 qua:
3166 2111 3231 2150 ex
3264 2094 3436 2149 humo

1859 2198 2054 2245 natura
2084 2191 2387 2260 ,producit,
2440 2190 2500 2245 in
2551 2205 2850 2245 commune
2905 2197 3159 2244 utuntur.
3213 2186 3348 2242 Nam
3380 2196 3433 2241 et

1858 2283 2040 2337 ovium
2101 2298 2297 2353 greges
2335 2299 2507 2338 unum
2553 2284 2919 2352 eumdemque
2968 2289 3215 2337 montem
3260 2278 3432 2350 depa-

1859 2386 2040 2443 scunt,
2095 2378 2258 2449 492
2302 2386 2358 2433 et
2407 2376 2689 2433 numerosi
2734 2378 2861 2447 equi
2897 2376 2953 2431 in
2983 2390 3097 2431 uno
3125 2383 3183 2432 et
3234 2374 3430 2430 eodem

1857 2486 2051 2543 campo
2084 2472 2419 2542 pabulantur
2448 2488 2465 2539 ;
2506 2485 2572 2527 ac
2610 2458 3209 2543 deniquésingulatim
3240 2468 3430 2523 omnia

1857 2556 2236 2620 necessarium
2271 2578 2462 2620 eorum
2498 2563 2703 2635 quibus
2738 2562 3004 2632 indigent,
3041 2575 3208 2616 usum
3237 2570 3429 2613 mutuo

1855 2656 1959 2712 sibi
1999 2655 2117 2726 ipsa
2155 2654 2491 2710 concedunt.
2538 2655 2607 2708 At
2654 2668 2756 2710 nos
2792 2668 2915 2724 qua
2947 2650 3263 2707 communia
3297 2657 3429 2705 sunt

1854 2750 1981 2805 sinu
2036 2758 2229 2803 nostro
2279 2762 2626 2811 coercemus,
2660 2754 2717 2802 et
2748 2760 2872 2815 qua:
2920 2744 3261 2811 multorum,
3308 2742 3427 2797 haec

1853 2842 1957 2896 soli
1989 2850 2266 2897 tenemus.
2297 2838 2516 2896 Pudore
2563 2832 2667 2895 nos
2722 2838 2961 2894 alliciant
2992 2853 3114 2908 qua:
3144 2837 3214 2891 de
3245 2836 3428 2907 genti-

1851 2933 1984 2987 lium
2044 2933 2389 2987 humanttate
2440 2941 2842 2987 memorantur.
2879 2930 3014 2985 Nam
3061 2929 3207 3001 apud
3251 2945 3457 3001 quos-.

1849 3026 1975 3081 dam
2007 3041 2196 3081 eorum
2234 3027 2318 3081 lex
2346 3025 2708 3080 humanitatis
2734 3026 2894 3096 plena
2922 3032 3029 3088 est,
3064 3040 3173 3080 una
3202 3024 3421 3080 eadem-

1851 3134 1957 3188 que
2009 3132 2219 3180 mensa,
2265 3132 2594 3172 communes
2640 3118 2776 3179 cibi,
2840 3117 2985 3193 idem
3034 3115 3150 3172 fere
3220 3114 3419 3181 focus,

188 3225 392 3279 τάγμα,
424 3212 570 3277 ὅπως
598 3209 677 3281 ἦν
703 3216 906 3281 αὐτοῖς
966 3217 1199 3272 ἅπαντα
1258 3219 1457 3273 κοινά
1496 3222 1524 3273 ὁ
1548 3220 1683 3290 βίος,
1712 3206 1796 3293 η’(

1850 3210 2362 3265 numerosissimum
2400 3211 2606 3281 alioqui
2650 3213 2913 3281 pepulum
2965 3224 3137 3265 unum
3182 3224 3306 3264 esse
3337 3206 3421 3262 fa-
3468 3218 3474 3225 '

186 3300 361 3373 ψυχὴ,
398 3304 432 3373 ἡ
488 3306 812 3374 συμφωνία,
862 3309 895 3373 ἡ
930 3310 1180 3377 τράπεζα
1230 3312 1419 3377 κοινή·
1446 3312 1747 3381 ἀδιαίρετος

186 3391 502 3461 ἀδελφότης,
542 3393 734 3464 ἀγάπη
798 3396 1271 3466 ἀνυπόκριτος,τά
1298 3398 1468 3453 πολλά
1520 3401 1746 3470 σώματα

185 3480 240 3532 ἓν
264 3481 629 3551 ἐργαζόμενα,
661 3483 761 3547 τὰς
804 3484 1095 3554 διαφόρους
1142 3485 1320 3556 ψυχὰς
1347 3490 1426 3550 εἰς
1458 3488 1586 3557 μίαν
1612 3491 1743 3560 ὁμόο

185 3586 329 3623 νοιαν
363 3573 736 3640 συναρμοῦσα.
777 3573 952 3626 Πολλά
980 3575 1083 3642 τῆς
1117 3574 1469 3644 φιλαδελφίας
1515 3578 1660 3647 ἔχεις
1681 3580 1745 3632 ὲκ

186 3660 429 3724 Παλαιᾶς
456 3664 731 3733 Διαθήκης
761 3665 858 3717 καὶ
884 3668 948 3719 ὲκ
975 3671 1073 3736 τῆς
1102 3668 1248 3731 Νέας
1268 3668 1336 3721 τά
1353 3669 1766 3740 ὑποδείγματα.ι

184 3752 606 3823 Πρεσϐύτηνίἀν
622 3754 733 3825 ίδῃς
760 3755 1108 3825 λιμώττοντα,
1135 3759 1479 3828 μετάστειλαι
1508 3762 1601 3813 καὶ
1621 3760 1745 3832 θρέο

180 3845 362 3913 ψονὼς
378 3845 572 3916 Ἰωσὴφ
594 3847 684 3898 τὸν
700 3848 912 3902 Ἰακώϐ.
930 3848 1149 3920 Ἐχθρὸν
1167 3850 1260 3903 ἐὰν
1276 3850 1443 3923 εὕρῃς
1460 3854 1745 3925 στενούμεο

180 3956 285 3999 νον,
309 3939 386 4008 μὴ
404 3939 781 4011 ἐπιϐάλλῃςτῇ
802 3941 936 4012 ὀργῇ
956 3945 1020 4012 τῇ
1044 3942 1347 4016 κατεχούσῃ
1364 3943 1461 4013 τὴν
1510 3944 1741 4015 ἄμυναν,

179 4028 313 4082 ἀλλά
336 4030 536 4101 θρέψον
586 4031 749 4084 αὑτὸν
766 4031 843 4095 ὡς
874 4036 1081 4097 ἐκεῖνος
1130 4036 1257 4098 τοὺς
1316 4032 1575 4104 ἀδελφοὺς
1619 4038 1745 4102 τοὺς

179 4123 330 4193 πωλή
342 4140 561 4186 σαντας.
595 4124 721 4177 Ἐάν
745 4124 973 4197 ἐντύχῃς
991 4125 1244 4197 νεωτέρῳ
1263 4129 1743 4199 καταπονουμένῳ,

176 4213 350 4277 οὕτως
396 4214 666 4285 δάκρυσον
693 4217 770 4279 ὡς
802 4217 1006 4287 ἐκεῖνος
1067 4217 1159 4270 τὸν
1218 4218 1477 4287 Βενιαμὶν
1528 4220 1620 4273 τὸν
1647 4218 1742 4273 τοῦ

174 4308 359 4372 γήρως
388 4307 501 4358 υἱόν
520 4324 533 4336 ·
560 4308 815 4375 πειράζει
847 4308 942 4361 καὶ
973 4309 1034 4362 σὲ
1066 4309 1229 4380 τυχὸν
1254 4312 1286 4366 ἡ
1321 4310 1630 4376 πλεονεξία,
1665 4312 1740 4375 ὡς

173 4400 261 4448 τὸν
302 4396 500 4466 Ἰωσηφ
533 4398 566 4467 ἡ
596 4398 853 4452 δεσποινα
895 4401 1111 4454 εἵλκυσε
1158 4418 1267 4455 των
1334 4404 1586 4472 ἱματιων,
1651 4406 1736 4460 ἵνα

172 4487 268 4556 τῆς
320 4488 540 4558 ἐντολῆς
584 4492 1041 4562 καταφρονήσῃςς
1074 4493 1376 4564 πρόσριὼον
1402 4496 1471 4550 τά
1521 4496 1735 4565 ἱμάτια·

1846 3304 2019 3355 ciunt.
2078 3300 2186 3355 Sed
2239 3311 2499 3356 externos
2560 3304 2866 3367 mittamus,
2916 3310 3081 3371 atque
3114 3300 3183 3356 ad
3243 3300 3417 3355 triunt

1846 3394 2064 3447 illorum
2095 3393 2239 3445 mille
2266 3392 2546 3447 hominum
2578 3394 2891 3463 exemplum
2913 3408 3017 3449 nos
3040 3392 3412 3447 conferamus:

1844 3485 2080 3555 primum
2141 3484 2266 3537 istic
2316 3484 2762 3539 Christianorum
2821 3499 3019 3552 agmen
3083 3484 3412 3543 imitemur:

1842 3572 2311 3644 quemadmodum
2352 3573 2535 3626 omnia
2567 3572 2681 3626 illis
2737 3560 3038 3625 communia
3067 3580 3221 3625 erant
3256 3570 3409 3643 (Act.

1845 3680 1903 3729 ll,
1934 3666 2039 3731 μς
2091 3681 2163 3729 tv,
2195 3664 2308 3731 52),
2351 3664 2483 3727 vita,
2522 3666 2763 3730 animus,
2807 3666 3125 3730 concordia,
3163 3678 3416 3718 commu-

1844 3760 1929 3813 nis
1960 3773 2170 3821 mensa,
2205 3756 2483 3811 iudivulsa
2517 3754 2859 3822 fraternitas,
2903 3757 3152 3811 charitas
3203 3770 3313 3811 non
3348 3757 3412 3810 li-

1843 3861 1954 3917 cta,
1987 3866 2108 3921 qua:
2137 3866 2204 3906 ex
2237 3851 2427 3906 multis
2480 3850 2809 3919 corporibus
2844 3865 3015 3903 unum
3056 3848 3315 3912 elliceret,
3352 3856 3408 3904 et

1843 3943 2089 4013 diversas
2120 3941 2337 3997 animas
2364 3943 2676 3997 concordia:
2710 3958 2855 3997 nexu
2899 3949 3204 4011 coaptaret.
3239 3940 3411 3996 Multa

1846 4034 1940 4089 tibi
1976 4042 2174 4104 praesto
2204 4043 2337 4088 sunt
2374 4035 2625 4103 exempla
2667 4034 2986 4097 charitatis,
3046 4043 3158 4087 tum
3191 4048 3259 4089 ex
3301 4032 3411 4088 Ve-

1846 4126 1971 4189 teri,
2008 4135 2122 4179 tum
2181 4140 2247 4181 ex
2301 4124 2452 4180 Novo
2503 4124 2881 4181 Testamento.
2930 4124 2988 4180 Si
3035 4137 3225 4181 senem
3266 4123 3413 4180 {anno

1842 4217 2152 4281 confectum
2198 4218 2430 4284 videris,
2466 4218 2615 4274 hunc
2664 4233 2888 4274 accerse
2915 4226 2969 4274 et
3002 4219 3110 4281 ale,
3145 4218 3413 4289 quemad-

1842 4310 2063 4365 modum
2113 4309 2318 4381 Joseph
2364 4304 2559 4367 JaCob.
2616 4310 2673 4366 Si
2711 4311 3093 4383 inigﬁcumiin
3120 4312 3415 4382 angustias

1841 4407 2125 4462 redactum
2174 4407 2478 4472 inveneris,
2540 4423 2610 4462 ne
2661 4408 2964 4462 iracundia:
2998 4422 3110 4479 qua
3167 4407 3416 4478 percitus
3468 4387 3474 4398 ’

1841 4508 1949 4564 est,
2004 4499 2267 4554 ultionem
2303 4500 2612 4569 adiungas;
2671 4499 2769 4554 sed
2822 4499 2999 4569 ipsum
3051 4499 3157 4565 ale,
3220 4509 3281 4554 ut
3319 4498 3417 4556 illo

172 4555 410 4643 φύλαξον
438 4555 517 4648 τῶ
545 4555 863 4651 Κυρίῳ-τὴν
889 4555 1130 4650 πίστιν,
1155 4555 1232 4647 ὼς
1278 4584 1487 4649 ἐκεῖνος
1516 4555 1595 4655 eq)
1618 4588 1728 4640 Πε-
1764 4555 1796 4612 1

1846 4587 2038 4643 fratres
2096 4603 2128 4642 a
2155 4555 2662 4659 quibus'venditus
2716 4555 2915 4642 fuerat.
2964 4587 3025 4641 Si
3059 4587 3115 4642 in
3148 4587 3411 4657 juvenem

169 4669 368 4739 τεφρή.
410 4669 498 4722 Ἐν
525 4670 758 4741 ἐνιαυτῷ
816 4673 915 4745 τὴν
949 4674 1159 4728 ἔνδειαν
1213 4677 1592 4748 οἰκονόμησον,
1653 4684 1730 4743 ως

170 4760 379 4823 ἐκεῖνος
404 4762 462 4814 ὲν
484 4766 597 4825 τοῖς
624 4763 782 4819 ἑπτά.

1837 4695 2084 4735 ετυῐηηε
2124 4688 2181 4735 et
2234 4681 2420 4735 labore
2458 4695 2715 4749 pressum
2769 4681 3060 4742 incideris,
3088 4678 3188 4734 sic
3234 4680 3409 4734 colla.

1834 4788 2047 4844 cryma,
2083 4782 2145 4827 ut
2173 4774 2265 4828 ille
2288 4774 2360 4827 ob
2389 4773 2673 4844 Beniamin
2703 4789 2865 4843 quem
2908 4787 3075 4828 senex
3101 4779 3261 4842 pater
3288 4774 3409 4826 edi.

171 4852 347 4907 derat.
385 4854 529 4920 Quin
582 4865 635 4911 te
682 4857 938 4915 fortassis
981 4876 1200 4930 quoque
1249 4872 1422 4918 tentat
1454 4866 1725 4920 avaritia?
1754 4869 1834 4921 nti
1874 4868 2179 4939 Josephum
2212 4870 2341 4922 hera
2385 4876 2441 4924 te
2488 4870 2735 4925 vestibus
2797 4869 2986 4930 trahit,
3040 4875 3102 4921 ut
3172 4867 3411 4937 mandai

171 4958 290 5002 tum
325 4948 414 5003 Dei
447 4967 548 5019 pro
598 4953 773 5007 nihilo
813 4955 1022 5010 ducas?
1068 4958 1274 5027 projice
1308 4968 1520 5018 vestes.
1549 4961 1720 5018 iratus
1774 4964 2049 5031 abscede,
2106 4962 2263 5017 fidem
2298 4979 2455 5019 serva
2495 4962 2764 5030 Domino,
2808 4972 2867 5017 ut
2904 4963 2997 5019 illa
3071 4960 3358 5034 Putiphari
3384 4978 3406 5023 ξ

171 5044 225 5097 3n
258 5061 372 5099 uno
401 5063 545 5102 anno
571 5060 917 5118 grassantem
963 5061 1259 5121 egestatem
1293 5055 1637 5120 administra,
1669 5067 1727 5111 ut
1770 5059 1862 5113 ille
1898 5068 2106 5127 septem
2140 5060 2325 5113 annis.

238 5141 307 5193 Τί
340 5140 568 5212 ὑποτίθῃ
593 5142 844 5211 ἁφὴ-μὴν
903 5144 1256 5215 εὐπρόσωπον
1290 5150 1368 5212 εἰς
1413 5151 1510 5218 τὴν
1542 5153 1726 5219 ἁμαρ-

1906 5150 2176 5219 Ejusdem.
2208 5181 2277 5191 -—
2307 5149 2449 5217 Quid
2489 5150 2839 5220 plausibilem
2890 5166 3117 5206 causam
3169 5150 3238 5207 ad
3272 5166 3401 5222 peo-

170 5235 325 5301 τὲαν;
354 5235 382 5287 ὁ
404 5234 495 5287 τὸν
527 5234 689 5286 παῖδα
720 5236 969 5304 ποιήσας,
1022 5239 1116 5289 καὶ
1151 5239 1209 5290 σὲ
1236 5240 1510 5308 ἐποίησεν.
1547 5244 1615 5293 "0
1647 5259 1728 5294 σοι

1846 5243 2072 5296 tandum
2104 5242 2304 5311 ﬁngis?
2328 5243 2433 5309 Qui
2465 5251 2517 5295 te
2543 5245 2775 5306 creavit,
2805 5243 2946 5297 idem
2975 5243 3147 5296 tilium
3176 5259 3400 5315 quoque

166 5328 270 5391 τὰς
298 5326 553 5398 ἀφορμὰς
576 5328 968 5398 παρεχόμενος,
988 5331 1179 5401 καὶτῷ
1207 5331 1358 5385 παιδὶ
1378 5332 1606 5405 παρέξει
1630 5335 1729 5400 τάς

1846 5340 1989 5383 tuum
2046 5330 2274 5386 creavit.
2320 5329 2425 5395 Qui
2482 5330 2606 5386 vitae
2662 5331 2925 5400 degenda:
2986 5332 3237 5388 subsidia
3293 5333 3393 5388 tibi

166 5424 265 5473 του
299 5418 415 5489 βίου
443 5418 804 5489 διεξαγωγάς.
1350 5440 1355 5447 ·

1846 5421 2088 5492 praebuit,
2126 5422 2270 5494 idem
2301 5437 2525 5493 quoque
2555 5424 2935 5479 instrumenta
2962 5426 3075 5479 lilio
3107 5425 3392 5493 prebebit,

1800 5502 1801 5505 η
1830 5514 2034 5584 quibus
2066 5514 2236 5568 vitam
2264 5514 2533 5584 transigat

1904 5604 2100 5672 Ejuad.
2132 5636 2203 5646 —
2232 5606 2309 5661 Ne
2346 5607 2556 5662 liberos
2597 5621 2869 5670 causeris,
2897 5623 2931 5663 ο
2980 5623 3165 5665 avare.
3201 5608 3388 5665 Liberi

1830 5695 1926 5749 tibi
1969 5698 2146 5751 sunt?
2184 5701 2582 5768 sempiternum
2629 5699 2767 5767 ipsis
2813 5701 3132 5756 thesaurum
3156 5700 3386 5772 "aggere.

1828 5786 2141 5857 Thesaurus
2175 5798 2358 5845 autem
2393 5791 2751 5862 pecuniarum
2794 5793 2987 5863 plenus
3017 5802 3072 5849 et
3101 5808 3264 5864 opum
3298 5802 3385 5848 est

1830 5880 2017 5951 pietas.
2078 5881 2231 5938 Filiis
2288 5885 2400 5942 tuis
2452 5886 2655 5942 bonum
2688 5886 2877 5960 potius
2940 5901 3161 5955 nomen,
3218 5900 3381 5962 quam

239 5594 333 5664 Μή
370 5596 707 5665 προφασίζου
750 5598 879 5661 τοὺς
909 5601 1120 5667 παῖδας,
1145 5616 1175 5654 ο
1198 5620 1543 5676 πΑεονεκτης.
1594 5610 1729 5662 Πατ-

170 5688 262 5751 δές
316 5689 501 5755 είσιν;
556 5688 854 5761 θησαύριξε
910 5694 1103 5757 αὐτοῖς’
1156 5694 1429 5767 θησαυρὸν
1487 5699 1723 5756 αἰώνιον.

172 5778 457 5850 Θησαυρδς
484 5780 542 5833 δέ
588 5783 735 5835 ἐστιν
760 5782 1011 5838 εὐσέϐεια
1068 5787 1383 5856 χρημάτων.
1417 5792 1727 5848 Κατάλειπε

177 5869 362 5923 παισὶν
390 5868 602 5942 ἀγαθὴν
635 5874 887 5945 μνήμην,
917 5872 950 5948 ἣ
979 5875 1207 5932 πλοῦτον
1269 5880 1455 5935 πολύν.
1513 5883 1729 5946 Πάντας
