4206 6442
221 419 333 484 ι501

1460 423 1693 482 SACRA
1730 423 2068 482 PARALLE
2080 424 2186 479 LA.

3287 410 3316 473 .1
3327 411 3430 476 502

212 540 296 591 λον
322 536 532 609 μακρὰν
565 534 847 609 ὑπαρχων,
890 557 985 594 και
1008 538 1204 609 ψεῦδος
1233 538 1412 608 ὲαυτῳ
1462 554 1755 609 προσμαρ-
1784 550 1830 602 Α
1859 552 1873 591 ε

1784 550 1830 602 Α
1859 538 2113 594 audiens.
2146 538 2284 593 Cum
2318 549 2502 595 autem
2554 554 2787 609 .nagnus
2821 536 2911 591 ille
2937 533 3189 589 medicus
3214 530 3426 584 anima—

208 632 454 701 τυρήσας,
497 631 578 685 ὅτι
643 633 937 702 ἠγάπησας
993 629 1108 699 τδνξ
1128 631 1357 702 πλησίον
1386 630 1461 693 ὡς
1505 628 1754 693 σεαυτὸν,

209 724 294 775 καὶ
320 723 398 775 ὅτι
427 724 699 790 ὲφύλαξας
722 726 787 776 ὲκ
818 724 1071 793 νεότητος
1095 724 1195 795 τὴν
1240 722 1460 790 ἐντολὴν
1490 722 1587 792 τῆς
1617 721 1756 789 ἀγά-

206 830 325 882 πης,
350 814 444 868 καὶ
466 815 724 868 τοσοῦτον
780 814 1071 880 ἀπέδωκας
1132 816 1369 885 ἑκάστῳ.
1400 813 1572 868 Πόθεν
1608 830 1689 866 σοι
1719 813 1752 883 ὴ

205 904 306 955 τῶν
352 907 647 976 χρημάτων
674 906 813 978 αὕτη
876 908 1159 978 περιουσία
1190 925 1204 973 ;
1237 906 1600 976 δαπανητικδν
1645 904 1754 976 γὰρ

206 995 447 1059 πλούτου,
477 998 511 1068 ἡ
550 996 817 1070 θεραπεία
840 998 950 1050 τῶν
985 998 1280 1069 δεομένων.

1855 644 1976 684 rum
2010 638 2064 686 te
2096 632 2391 701 pmcipuis
2422 632 2673 703 partibus
2711 639 2985 686 carentem
3019 624 3250 681 reddere
3285 624 3425 677 inte-

1855 722 2045 787 gritati
2076 721 2252 792 cupit,
2288 722 2619 777 beneﬁcium
2650 720 2800 776 istud
2834 735 2942 774 non
2974 717 3208 787 accipis,
3238 714 3331 769 sed
3369 714 3421 765 in

1855 811 1999 889 luctu
2061 820 2117 867 et
2171 828 2415 868 maerore
2478 812 2747 878 versaris,
2807 821 2970 879 atque
3028 809 3163 862 adeo
3214 802 3423 892 abillo

1855 904 2116 959 mandato
2169 905 2338 961 dubio
2393 905 2584 974 procul
2643 912 2891 959 remotus
2929 917 3024 963 es,
3071 898 3323 966 falsoque
3356 895 3425 949 de

1856 996 2036 1065 teipso
2092 1004 2331 1052 testatus
2386 995 2535 1067 quod
2586 996 2896 1064 proximum
2945 1001 3098 1047 tuum
3150 989 3294 1043 sicut
3344 994 3424 1039 te-

205 1088 373 1155 ipsum
406 1090 663 1146 dilexeris
683 1131 699 1155 ,
731 1091 991 1161 quodque
1032 1102 1362 1162 praeceptum
1393 1090 1678 1144 charitatis
1704 1088 1817 1158 jam
1857 1087 1927 1140 ab
1956 1088 2325 1143 adolescentia
2354 1088 2662 1143 servaveris
2683 1128 2698 1153 ,
2734 1102 2798 1140 ac
2829 1082 3174 1139 tantumdem
3209 1075 3426 1131 unicui-

204 1196 303 1248 que
333 1189 596 1250 quantum
623 1183 716 1236 tibi
741 1182 1067 1238 reddideris.
1111 1182 1267 1241 Unde
1298 1186 1396 1239 tibi
1430 1185 1553 1239 haec
1582 1180 1940 1254 pecuniarum
1989 1182 2192 1251 copia?
2247 1182 2493 1238 studium
2543 1180 2690 1237 enim
2767 1193 2895 1250 erga
2957 1186 3227 1248 pauperes
3282 1169 3422 1224 hanc

205 1281 303 1332 vim
336 1279 527 1346 habet,
559 1288 619 1334 ut
647 1279 868 1336 divitias
895 1281 1207 1337 exhauriat.

270 1373 331 1425 Ti
353 1372 610 1442 πάσχετε.
652 1374 959 1446 ἄνθρωποιΙς
991 1377 1075 1439 τίς
1139 1377 1270 1445 ὑμῖν
1296 1375 1368 1429 τὰ
1401 1376 1651 1447 ὑμέτερα
1679 1374 1758 1437 είς

203 1465 294 1532 τὴν
339 1464 460 1516 καθ’
509 1465 667 1534 ἡμῶν
725 1466 1022 1536 ὲπιόουλὴν
1074 1466 1451 1537 περιέτρεψεν,
1518 1463 1754 1534 συνεργὰ

205 1554 333 1624 πρὸς
361 1555 421 1607 τὸ
458 1553 594 1625 ζῇνς
636 1557 711 1624 μὴ
749 1557 858 1626 γὰρ
895 1557 1085 1625 ἐφόδια
1115 1557 1302 1611 κακῶν
1324 1557 1481 1625 ἐδόθη
1522 1557 1591 1608 τὰ
1618 1556 1753 1625 χρή-

207 1661 364 1712 ματα,
412 1644 605 1714 λύτρον
634 1647 813 1717 ψυχῆς
841 1665 855 1712 ;
898 1648 971 1719 μὴ
1005 1648 1112 1718 γὰρ
1176 1648 1399 1719 ἀφορμὴ
1430 1648 1705 1708 ἀπωλείας
1734 1664 1749 1712 ;

201 1738 297 1805 ὅρα
326 1736 398 1806 μὴ
426 1738 561 1806 μετὰ
594 1738 801 1808 μυρίων
830 1739 1007 1792 πόνων
1036 1739 1266 1793 πλοῦτον
1304 1740 1585 1811 ἁθροίσας,
1622 1739 1755 1809 ὓλην

1946 1366 2487 1433 lbid.—Quidnam
2538 1366 2733 1431 vobis,
2782 1378 2816 1418 o
2855 1362 3139 1423 mortales,
3192 1355 3426 1413 accidit?

1857 1463 1981 1530 quis
2034 1460 2193 1513 vobis
2234 1474 2299 1514 ea
2360 1473 2484 1528 quae
2538 1459 2603 1512 ad
2655 1454 2969 1511 subsidium
3014 1452 3139 1506 vita:
3168 1450 3331 1513 data,
3365 1447 3423 1500 in

1857 1561 2096 1607 vestram
2146 1550 2446 1619 perniciem
2501 1548 2827 1603 convertit?
2876 1545 3225 1615 Nequaquam
3278 1539 3425 1593 enim

1861 1643 1928 1697 ad
1960 1642 2217 1697 vitiorum
2254 1642 2654 1696 adminiculum
2689 1655 2823 1709 opes
2868 1652 3149 1693 concessae
3180 1633 3423 1693 fuerunt,

1860 1734 2069 1801 quibus
2118 1734 2301 1786 anima
2354 1732 2685 1787 redimitur?
2721 1743 3069 1799 nequaquam
3116 1726 3221 1780 illae
3253 1723 3430 1793 perdi-

202 1827 606 1898 ἁμαρτημάτων
638 1830 846 1899 ἑτέροις
899 1832 1350 1905 παρασκευάσῃς,
1381 1830 1497 1885 είτα
1528 1832 1754 1903 εὑρεθῇς
1791 1854 1833 1909 Β
1862 1842 1863 1874 ἰ

1791 1854 1833 1909 Β
1862 1825 2031 1880 tionis
2082 1841 2268 1880 causa:
2322 1825 2486 1879 sunt?
2542 1823 2679 1877 Vide
2721 1839 2821 1887 ne,
2862 1838 2985 1875 cum
3033 1818 3260 1873 divitias
3294 1829 3429 1869 sex-

202 1919 357 1972 διπλᾶ
376 1921 809 1992 τιμωρούμενος.

266 2176 449 2230 Πάντα
498 2177 694 2249 χρυσὸν
735 2178 954 2249 βλέπεις
984 2196 999 2209 ⁸
1033 2182 1209 2235 πάντα
1250 2182 1451 2253 χρυσον
1490 2183 1754 2255 φαντάζῃ.

197 2269 359 2322 Τοῦτό
377 2287 459 2323 σοι
487 2270 793 2325 καθεύδοντι
826 2273 1095 2339 ἐνύπνιον,
1126 2275 1218 2327 καὶ
1257 2276 1579 2345 ἐγρηγορότι
1602 2276 1755 2329 ὲνθὺ-

199 2379 333 2430 μιον.
360 2364 574 2435 Ὠσπερ
618 2364 726 2435 γὰρ
753 2367 802 2417 oi
834 2366 941 2418 ἀπὸ
976 2366 1171 2435 μανίας
1225 2367 1532 2437 παράφοροι
1553 2410 1567 2433 ,
1601 2370 1659 2421 οὐ
1688 2368 1760 2421 τὰ

197 2457 499 2523 πράγματα
536 2457 847 2527 βλέπουσιν,
876 2458 1011 2511 ἀλλὰ
1037 2458 1105 2511 τὰ
1142 2463 1203 2512 ἐκ
1236 2462 1327 2513 τοῦ
1360 2461 1565 2523 πάθους
1624 2478 1758 2529 φαν-

192 2547 461 2612 τάζονται,
496 2548 669 2610 οὑτως
702 2568 796 2602 σου
826 2551 1026 2621 ἡψυχὴ
1063 2554 1119 2621 τῇ
1152 2553 1558 2624 φιλοχρηματία
1590 2570 1759 2605 κατα-

196 2641 474 2709 σχεθείη,
532 2643 709 2696 πάντα
764 2644 989 2714 χρυσὸν,
1029 2648 1204 2698 πάντα
1260 2647 1499 2717 ἄργυρον
1548 2646 1753 2716 βλέπει.

194 2732 377 2787 Ἥδιον
403 2734 469 2788 ἂν
504 2736 633 2798 ἴδοις
653 2736 741 2788 τὸν
762 2738 982 2807 χρυσὸν,
1018 2738 1050 2809 ἢ
1082 2739 1172 2791 τὸν
1198 2738 1373 2809 ἣλιον.

281 2907 653 2977 Λλληλοφάγοι
678 2909 786 2961 τῶν
832 2910 1032 2979 ἰχθύων
1070 2913 1119 2963 oi
1162 2914 1429 2975 πλεῖστοι,
1481 2912 1573 2965 καὶ
1608 2915 1635 2966 ὁ
1672 2930 1759 2983 μι-

192 2998 451 3069 κρότερος
503 3002 633 3070 παρ’
670 3001 900 3064 ἐκείνοις
942 3001 1138 3073 βρῶμὰ
1192 3005 1307 3055 ἐστι
1353 3002 1447 3055 τοῦ
1492 3002 1755 3073 μείζονος.

190 3090 302 3143 Κᾶν
329 3109 460 3143 ποτε
490 3093 669 3163 συμϐῇ
688 3094 777 3145 τὸν
802 3093 894 3145 τοῦ
939 3094 1220 3156 ἐλάττονος
1254 3096 1607 3165 κρατήσαντα
1638 3096 1757 3147 ἑτέ-

1859 1915 2038 1968 centis
2075 1914 2363 1967 laboribus
2396 1912 2768 1967 cumulavcris
2792 1952 2806 1973 ,
2846 1909 3108 1980 peccandi
3140 1906 3427 1961 materiam

1858 2004 1983 2058 aliis
2030 2017 2367 2074 compares,
2441 2012 2669 2071 tumque
2734 2000 2986 2071 duplices
3053 2014 3245 2069 punias
3303 2012 3430 2067 per—

1929 2096 2067 2152 lvas.

1860 2111 2067 2152 sorvas.

1927 2185 2119 2256 Ejusd.
2168 2186 2353 2239 homii.
2407 2185 2486 2238 De
2536 2185 2735 2239 avarit.
2768 2216 2837 2225 —-
2871 2180 3015 2236 Nihil
3072 2195 3180 2235 nor.
3231 2195 3425 2233 aurum

1857 2294 1984 2334 esse
2010 2279 2201 2344 vides;
2251 2279 2389 2333 nihil
2427 2293 2535 2332 non
2572 2292 2763 2332 aurum
2810 2292 2935 2331 esse
2981 2274 3077 2330 tibi
3110 2274 3293 2329 animo
3325 2273 3428 2325 tin-

1858 2371 1965 2439 gis.
1998 2371 2113 2426 Hoc
2144 2373 2429 2426 dormiens
2476 2371 2757 2431 somnias,
2794 2380 2848 2424 et
2879 2368 3155 2438 vigilando
3186 2367 3420 2436 cogitas.

1857 2464 2017 2519 Velut
2038 2467 2184 2519 enim
2218 2465 2253 2519 ii
2276 2467 2369 2533 qui
2397 2463 2583 2518 furore
2611 2463 2804 2534 perciti
2838 2473 2987 2527 sunt,
3018 2476 3127 2515 non
3160 2476 3248 2514 res
3275 2460 3424 2528 ipsas

1857 2567 2134 2620 cernunt,
2167 2559 2261 2613 sed
2291 2574 2352 2612 ea
2386 2575 2508 2628 quae
2538 2558 2765 2613 morbus
2794 2555 2985 2626 objicit
3016 2554 3421 2625 imaginantur:

1858 2652 1939 2708 sic
1972 2652 2196 2706 animus
2232 2658 2362 2706 tuus
2404 2652 2635 2706 avaritia
2675 2659 2988 2719 correptus.
3041 2650 3297 2702 universa
3323 2662 3427 2699 au-

1858 2759 2020 2807 rum,
2079 2744 2338 2797 universa
2395 2752 2682 2814 argentum
2734 2743 2913 2797 videt.
2952 2740 3094 2807 Quin
3144 2739 3426 2793 lubentius

1860 2848 2050 2887 aurum
2076 2849 2237 2900 quam
2268 2834 2436 2887 solem
2469 2832 2856 2901 conspexeris.

1930 2924 2120 2995 Ejusd.
2154 2927 2410 2982 homil..6
2442 2928 2497 2980 in
2533 2927 2790 2983 Ilexaem.
2814 2958 2883 2966 —
2912 2924 3095 2979 Pisces
3134 2938 3331 2993 magna
3361 2939 3427 2975 ex

1860 3027 2013 3089 parte
2041 3034 2163 3073 sese
2200 3020 2445 3074 invicem
2476 3028 2713 3081 vorant,
2744 3026 2799 3073 et
2826 3018 2920 3087 qui
2951 3014 3097 3086 apud
3124 3030 3218 3069 eos
3251 3016 3430 3067 minor

1859 3117 1972 3176 est,
2007 3110 2233 3179 majoris
2279 3110 2463 3180 praeda
2512 3120 2567 3163 ct
2602 3111 2863 3180 pabulum
2918 3116 3025 3163 est.
3059 3106 3214 3173 Quod
3245 3106 3289 3159 si
3331 3120 3428 3158 ca-

190 3200 279 3250 ρου
308 3185 562 3252 γενέσθαι
592 3187 836 3256 θήραμα.
867 3188 971 3239 ὑπὸ
995 3187 1094 3257 τὴν
1125 3188 1253 3256 μίαν
1276 3189 1495 3255 ἄγονται
1517 3189 1760 3257 γαστέρα
1786 3204 1826 3259 C

1786 3204 1826 3259 C
1862 3217 1958 3257 sus
1986 3202 2059 3254 ita
2108 3202 2298 3257 tulerit
2331 3212 2390 3255 ut
2443 3203 2537 3271 qui
2574 3202 2843 3263 minorem
2888 3200 3055 3277 494
3095 3198 3424 3268 arripuerit,

186 3276 274 3329 τοῦ
305 3280 643 3333 τελευταίου.
669 3282 734 3332 Τί
769 3278 863 3334 οὖν
919 3284 1082 3349 ἡμεῖς
1106 3286 1155 3335 oi
1189 3282 1489 3352 ἄνθρωποι.
1543 3284 1669 3337 ἄλλο
1702 3304 1754 3335 τι

189 3372 446 3440 ποιοῦμεν
468 3374 534 3441 τῇ
578 3371 1012 3440 καταδυναστεία
1062 3372 1172 3423 τῶν
1220 3374 1628 3445 ὑποδεεστέρων
1661 3393 1673 3440 ;
1704 3377 1757 3428 τί

186 3459 433 3531 διαφέρει
452 3462 547 3514 τοῦ
570 3462 876 3513 τελευταίου
919 3462 1100 3531 ἰχθύος
1122 3464 1149 3515 ό
1173 3466 1238 3533 τῇ
1273 3463 1572 3535 λαιμάργῳ
1608 3466 1755 3534 φιλο-

190 3554 417 3623 πλουτίᾳ
478 3556 590 3615 τοῖς
656 3553 1005 3623 ἀπληρώτοις
1064 3554 1166 3623 τῆς
1226 3556 1541 3622 πλεονεξίας
1591 3558 1755 3611 αὑτοῦ

188 3645 411 3707 κόλποις
442 3645 868 3715 ὲναποκρὺπτων
929 3648 1057 3709 τοὺς
1085 3646 1370 3714 ἁσθενεῖς;
1409 3650 1615 3713 ἐκεῖνος
1639 3647 1755 3721 εἶχε

186 3736 251 3788 τὰ
280 3736 375 3788 τοῦ
407 3737 659 3805 πένητος,
682 3739 745 3789 σὺ
771 3737 983 3789 τούτων
1004 3739 1182 3792 λαϐὼν
1216 3739 1381 3810 μέρος
1403 3742 1642 3811 ἐποιήσω
1659 3744 1755 3812 τῆς

188 3829 523 3898 περιουσίας,
569 3829 769 3882 ἀδίκων
816 3828 1168 3901 ἀδικώτερος,
1205 3832 1530 3885 πλεονέκτου
1566 3834 1755 3887 πλεον-

187 3921 569 3992 εκτικὼτερος.
605 3922 747 3993 Ὅρα
798 3924 870 3992 μή
922 3940 981 3975 σε
1028 3923 1087 3975 τὸ
1120 3924 1249 3976 αὐτὸ
1303 3926 1478 3994 πέρας
1523 3926 1749 3997 ὲκδέξη-

186 4030 295 4078 ται,
331 4012 625 4083 ἅγκιστρόν
683 4032 808 4074 που,
837 4014 869 4085 ἢ
905 4014 1137 4085 κύρ-τος,
1171 4015 1202 4084 ἢ
1238 4016 1472 4070 δίκτυον.
1528 4017 1751 4081 Πάντως

184 4104 291 4173 γὰρ
321 4105 419 4157 καὶ
443 4106 603 4174 ἡμεῖς
652 4105 823 4157 πολλὰ
869 4104 979 4156 τῶν
1009 4105 1210 4157 ἀδίκων
1238 4106 1614 4172 διεξελθόντες,
1653 4106 1751 4177 τὴν

184 4194 515 4248 τελευταίων
546 4195 815 4265 τιμωρίαν
836 4195 937 4247 οὑκ
957 4196 1395 4265 ἀποδρασόμεθα.

1858 3294 2087 3346 alterius
2148 3295 2327 3361 praeda
2362 3296 2471 3357 sit,
2535 3295 2589 3345 in
2646 3309 2816 3345 unum
2861 3303 2917 3346 et
2966 3294 3255 3356 eumdem,
3329 3304 3428 3357 po-

1860 3384 2045 3436 strenui
2072 3384 2289 3451 utique,
2324 3392 2573 3436 ventrem
2609 3392 2842 3451 uterque
2872 3382 3119 3436 ducitur.
3153 3380 3296 3446 Quid
3330 3380 3430 3447 igi-

1861 3481 1949 3526 tur
1994 3490 2096 3527 nos
2127 3473 2281 3526 aliud
2338 3474 2590 3527 homines
2649 3474 2902 3543 agimus,
2959 3487 3084 3525 cum
3136 3470 3431 3526 inferiores

1862 3564 2268 3634 opprimimus?
2297 3566 2427 3634 quid
2453 3568 2595 3618 inter
2632 3566 2783 3619 hunc
2822 3574 3163 3634 postremum
3194 3564 3430 3632 piscem,

1864 3666 2062 3710 oteum
2130 3657 2404 3711 hominem
2462 3658 2724 3723 interest,
2774 3657 2869 3727 qui
2907 3656 3211 3711 insatiabili
3265 3672 3429 3722 opum

1861 3747 2174 3815 cupiditate
2205 3748 2349 3800 intra
2394 3748 2776 3801 vastissimum
2811 3747 3064 3801 avaritiae
3110 3747 3291 3802 sinum
3329 3747 3432 3798 im-

1857 3836 2082 3893 becilles
2144 3841 2417 3895 includit?
2470 3838 2563 3895 llle
2606 3842 2865 3911 pauperis
2921 3840 3211 3894 facultates
3261 3853 3430 3891 occu-

1856 3931 2045 3996 pabat,
2082 3942 2136 3986 tu
2167 3948 2233 3986 ex
2268 3934 2349 3987 cis
2391 3933 2673 4002 accipiens
2721 3933 3049 3988 substantiae
3080 3941 3184 3985 tua:
3217 3941 3427 4000 partem

1853 4020 2072 4087 fecisti,
2115 4034 2277 4091 teque
2330 4025 2541 4093 injusto
2594 4024 3058 4093 injustiorem;et
3110 4038 3275 4077 avaro
3305 4038 3430 4074 ava-

1854 4111 2055 4166 riorem
2090 4115 2391 4182 prazhuisti.
2430 4112 2650 4169 Videsis
2680 4130 2749 4169 ne
2779 4122 2833 4168 te
2861 4115 2984 4169 linis
3010 4114 3151 4168 idem
3187 4123 3425 4171 manent,

1862 4202 1967 4258 hoc
1997 4215 2119 4269 est,
2164 4206 2421 4261 fortassis
2480 4208 2712 4271 hamus,
2743 4208 2829 4262 vel
2884 4223 2980 4263 vas
3032 4208 3426 4277 piscatorium,

183 4287 267 4340 vel
301 4295 437 4341 rete.
471 4285 711 4341 Prorsus
743 4287 892 4341 enim
948 4302 1086 4353 nos,
1148 4302 1273 4341 cum
1308 4304 1404 4357 per
1458 4288 1633 4343 multa
1710 4288 2003 4359 injustitiaz
2032 4314 2231 4367 genera
2290 4301 2527 4370 grassati
2600 4301 2835 4365 erimus,
2888 4299 3137 4353 ultimam
3208 4312 3424 4367 poenam

183 4400 294 4437 non
326 4382 676 4452 eﬂ‘ugiemus.

268 4478 324 4532 '0
354 4478 447 4531 τὸν
479 4478 536 4544 ἐξ
568 4477 783 4539 ἀδικίας
828 4477 1187 4549 ἠθροισμένον
1234 4479 1465 4532 πλοῦτον
1487 4520 1501 4545 ,
1567 4482 1757 4552 ἱκανὴν

1936 4477 2213 4547 Ejusdem.
2244 4510 2311 4517 —
2336 4478 2437 4541 Qui
2489 4492 2619 4546 opes
2666 4477 2876 4545 iniquis
2922 4476 3230 4531 rationibus
3258 4475 3425 4529 colle-

184 4572 366 4638 ἑαυτῷ
381 4568 516 4641 πρὸς
541 4569 601 4622 τὸ
624 4568 828 4639 ἰσχύειν
856 4570 950 4622 καὶ
966 4573 1187 4640 κρατεῖν
1210 4571 1462 4640 ἀφορμὴν
1478 4566 1615 4625 εἶναι
1636 4573 1752 4643 κρί-
1789 4554 1829 4609 D

1789 4554 1829 4609 θ
1859 4582 1977 4626 ctas
2010 4572 2228 4623 ﬁrmum
2268 4570 2371 4622 sibi
2412 4568 2476 4622 ad
2516 4570 2683 4623 robur
2726 4580 2781 4623 et
2820 4571 3110 4637 potentiam
3142 4581 3264 4621 esse
3295 4567 3424 4619 sub-

182 4681 313 4725 νων,
339 4662 521 4731 ὅμοιός
572 4662 720 4712 ἐστιν
768 4661 1034 4731 ἀρρώστῳ
1060 4663 1119 4715 ἐν
1147 4666 1215 4734 τῇ
1248 4664 1513 4734 περουσία
1541 4664 1643 4735 τῆς
1669 4667 1754 4717 νό-

186 4772 283 4808 σου
320 4754 421 4824 τὴν
456 4753 669 4819 εὐεξίαν
692 4753 980 4823 τιθεμένῳ.

266 4847 394 4899 Ἐὰν
438 4846 554 4915 ἴδῃς
579 4844 697 4896 τινὰ
736 4844 842 4896 τῶν
891 4846 1423 4914 ὑπερπ).ουτοὺντων,
1461 4847 1533 4918 μὴ
1571 4866 1752 4918 μακα-

187 4941 348 5011 ρίσῃς
401 4939 499 5006 τὴν
557 4937 721 5005 ζωήν.
764 4936 887 4989 Ἐὰν
932 4937 1259 5006 πολλαχόθεν
1296 4940 1351 5003 ἐξ
1376 4940 1619 5005 ἀφθόνων
1648 4958 1753 5008 πη-

184 5030 301 5097 γῶν
332 5028 690 5098 περιρῥέηται
744 5029 1016 5096 χρήματα,
1053 5028 1124 5099 μὴ
1164 5030 1428 5102 προσδέξῃ
1451 5031 1615 5083 αὑτοῦ
1654 5033 1750 5101 τὴν

184 5120 527 5191 περιουσίαν.
570 5120 854 5188 Ῥευστὴή
890 5121 1051 5186 φύσις
1084 5122 1178 5172 τοῦ
1234 5122 1483 5185 πλούτου,
1520 5126 1749 5195 χειμάρ-

187 5217 289 5283 ρου
318 5211 570 5280 ὀξύτερον
593 5212 721 5275 τοὺς
740 5211 959 5279 ἔχοντας
983 5216 1314 5285 παρατρέχει
1336 5232 1346 5241 '
1384 5216 1569 5267 ἄλλοτε
1592 5217 1750 5269 ἄλλον

183 5304 403 5373 πέφυκε
421 5301 879 5382 παραμείὸεσθαι.
906 5303 1116 5375 Ὠσπερ
1144 5306 1390 5374 ποταμὸς
1418 5308 1508 5375 ἀφ’
1543 5306 1747 5376 ὑψηλοῦ

183 5395 509 5464 φερόμενος,
570 5393 777 5462 ἐγγίζει
820 5396 918 5465 μὲν
968 5399 1081 5460 τοῖς
1142 5398 1456 5467 παρεστῶσι
1487 5402 1551 5470 τῇ
1590 5400 1748 5471 ὄχθῃ,

181 5483 319 5553 ὁμοῦ
340 5483 395 5535 δὲ
417 5484 615 5552 ἥψατο,
667 5486 759 5537 καὶ
785 5486 944 5549 εὐθὺς
990 5488 1369 5558 ἀπεχώρησεν,
1403 5490 1545 5543 οὕτω
1591 5493 1684 5544 καὶ
1714 5496 1748 5562 ἡ

181 5574 283 5626 τοῦ
317 5573 550 5628 πλούτου
579 5574 821 5640 εὑκολία,
858 5576 1124 5647 ὀξυτάτην
1152 5579 1264 5648 ἔχει
1309 5580 1402 5634 καὶ
1452 5582 1748 5653 ὀλισθηρὰν

180 5664 286 5735 τὴν
311 5664 632 5735 παρουσίαν,
655 5665 849 5729 ἄλλους
878 5669 935 5733 ἐξ
968 5669 1143 5721 ἄλλων
1172 5673 1609 5741 παραμείϐεσθαι
1649 5692 1750 5727 πε-

184 5758 412 5825 φυκυῖα.
457 5757 703 5826 Σήμερον
732 5757 884 5810 τοῦδε
918 5761 945 5811 ὁ
974 5760 1163 5831 ἀγρὸς,
1196 5764 1288 5815 καὶ
1322 5763 1508 5834 αὑριον
1538 5767 1748 5834 ἑτέρου,

188 5846 283 5905 καὶ
306 5848 438 5915 ,μετ’
474 5848 651 5916 ὀλίγον
673 5848 885 5923 ἑτέρου.
930 5849 1261 5922 Ἀποϐλειζιον
1290 5854 1421 5924 πρὸς
1479 5855 1575 5919 τὰς
1604 5858 1658 5911 ἐν
1682 5861 1743 5929 τῇ

1859 4664 2062 4719 sidium
2100 4669 2286 4731 putat,
2321 4661 2411 4713 hic
2444 4661 2642 4715 similis
2687 4669 2771 4715 est
2802 4667 3005 4729 aegroto
3028 4658 3124 4728 qui
3159 4658 3214 4711 in
3248 4656 3421 4711 morbi

1859 4754 2129 4826 gravitate
2164 4753 2455 4806 sanitatem
2492 4752 2797 4805 constituit.

1928 4844 2124 4913 Ejusd.
2188 4842 2371 4895 homil.
2428 4844 2479 4893 in
2540 4842 2690 4895 Psai.
2744 4858 2946 4898 ι.χι.-
2990 4839 3045 4894 Si
3092 4855 3420 4909 quemquam

1859 4936 2197 5007 praedivitum
2235 4936 2449 4986 illorum
2488 4934 2720 4997 videris,
2754 4952 2819 4988 ne
2850 4936 3014 4988 vitam
3048 4934 3220 5001 ipsius
3254 4932 3384 4984 bea-

1857 5038 1967 5081 tam
1998 5027 2174 5081 dicas.
2218 5023 2274 5078 Si
2314 5027 2678 5095 undecunque
2709 5035 2966 5093 tanquam
3012 5042 3077 5079 ex
3109 5023 3403 5078 uberrimis

1858 5122 2098 5174 fontibus
2142 5119 2387 5188 pecunia:
2436 5121 2741 5173 scaturiaut
2796 5135 2862 5172 ne
2911 5112 3389 5187 copiosas'ipsius

1856 5230 1988 5283 opes
2036 5213 2402 5282 amplecteris.
2473 5212 2642 5265 Fluxa
2696 5212 3009 5267 divitiarum
3051 5219 3249 5265 natura
3313 5214 3418 5269 est,

1857 5314 2098 5359 torrente
2144 5304 2391 5373 rapidius
2445 5304 2700 5359 dominos
2756 5320 2888 5359 suos
2946 5304 3225 5373 praeterit;
3276 5302 3415 5355 alios

1857 5404 2023 5465 atque
2050 5395 2187 5449 alios
2220 5396 2455 5451 subinde
2509 5406 2822 5465 permutare
2853 5396 3416 5461 solet.»Quemadnio-

1856 5489 1984 5543 dum
2018 5488 2166 5542 enim
2206 5487 2405 5544 ﬂumen
2441 5504 2471 5543 e
2504 5489 2726 5543 sublimi
2762 5504 2894 5543 cum
2947 5490 3150 5558 impetu
3210 5504 3378 5559 ruens
3401 5531 3413 5549 .

1856 5583 1923 5637 ad
1975 5597 2072 5636 eos
2127 5582 2351 5647 quidem
2409 5583 2503 5653 qui
2540 5583 2595 5637 in
2642 5584 2766 5652 ripa
2805 5593 2936 5638 sunt
2971 5581 3367 5653 apprOpinquaI
3399 5625 3411 5647 ,

1856 5675 2021 5729 simul
2060 5684 2248 5729 autem
2298 5684 2466 5746 atque
2511 5691 2608 5732 eos
2655 5677 2986 5746 contigerit.
3035 5676 3280 5731 abscedit
3308 5686 3416 5729 sla-

1856 5770 1951 5821 tim
1985 5784 2000 5822 :
2037 5768 2120 5822 sic
2153 5769 2318 5823 etiam
2356 5784 2523 5840 opum
2584 5770 2740 5840 copia
2784 5768 3126 5825 cclerrimam
3148 5775 3201 5823 ct
3245 5768 3416 5820 lulu-i-

1859 5876 1976 5915 cam
2044 5860 2397 5932 praesentiam
2445 5862 2645 5929 habet;
2702 5862 2903 5933 quippe
2957 5878 3075 5933 qum
3106 5870 3294 5916 natura
3344 5864 3414 5915 ita
