4206 6442
784 414 807 478 1
819 415 920 481 593

1971 404 2031 462 S.
2061 397 2377 462 JOANNIS
2409 397 2832 457 DAMASCENI

3881 382 4021 448 15οι

783 530 1103 595 comparata
1133 528 1241 586 est,
1280 526 1339 574 ut
1376 518 1514 573 alios
1549 524 1715 587 atque
1755 514 1894 570 alios
1925 513 2158 569 subinde
2193 525 2343 564 com-
2372 511 2424 570 Α

2372 511 2424 570 Α
2449 510 2600 563 πόλει
2631 511 2826 575 οὶκῖας,
2853 509 2994 562 πόσα
3049 507 3153 580 ήδη
3182 507 3276 576 ἀφ’
3304 497 3368 559 οὗ
3438 499 3727 574 γεγόνασιν
3771 498 4011 595 ὀνόματα

783 623 982 668 mutet.
1007 611 1181 666 Hodie
1213 609 1304 664 hic
1336 623 1465 680 ager
1501 609 1668 674 hujus
1699 611 1822 668 est;
1855 604 2099 658 crastino
2137 600 2226 654 die
2261 598 2346 652 al-

784 706 981 768 terius,
1032 711 1086 760 et
1141 703 1309 775 paulo
1357 708 1482 772 post
1537 699 1725 753 itidem
1780 696 1942 750 alius.
1989 693 2155 748 Urbis
2199 691 2345 747 aedes

785 797 1062 862 conspice.
1091 795 1235 861 Quot
1262 811 1376 864 jam
1413 793 1658 852 nomina,
1691 803 1753 843 ex
1779 802 1889 857 quo
1924 795 2167 854 tempore
2199 793 2347 838 stru-

786 901 881 942 ctae.
918 895 1091 952 sunt,
1125 889 1516 949 immutavere,
1561 891 1748 952 utpote
1793 881 1928 934 alias
1982 881 2049 933 ab
2091 879 2216 932 ali's
2237 879 2346 932 'do-

786 981 949 1034 minis
1006 979 1374 1047 nuncupatael
1434 975 1634 1030 Eodem
1685 973 1844 1027 modo
1885 987 2090 1047 aurum
2129 985 2351 1040 quoque

787 1086 882 1138 per
941 1070 1151 1124 domini
1197 1083 1394 1122 manus
1454 1079 1669 1135 semper
1723 1064 1936 1124 fluens,
1995 1061 2060 1115 ad
2119 1062 2352 1114 alterum

2451 601 2859 670 μετειλήφασιν,
2931 598 3121 652 ἄλλοτε
3161 598 3248 649 ἐπ’
3277 595 3436 651 ἄλλου
3495 593 3605 646 τῶν
3656 585 4016 658 κεκτημένων

2446 692 2870 764 ὀνομαζόμεναι,
2929 694 3024 746 καὶ
3047 692 3248 763 χρυσὸς
3285 690 3374 743 ἀεὶ
3400 689 3498 751 τὰς
3529 685 3636 752 τοῦ,
3657 685 3876 754 ἔχοντος
3907 681 4012 749 Χεῖ-

2450 805 2546 858 ρας
2571 788 2830 857 διαρρέων
2862 788 2927 853 ἐφ
2978 785 3168 854 ἕτερον
3221 781 3505 837 διαϐαίνει.
3553 777 3646 832 καὶ
3670 776 3768 829 ἀπ’
3801 772 4014 827 ἐκείνου

2448 879 2584 949 πρὸς
2639 879 2817 932 ἄλλον.
2879 877 3096 930 Μᾶλλον
3137 873 3366 928 δύνασαι
3423 871 3565 942 ὕδωρ
3595 873 3660 940 τῇ
3686 868 3832 939 χειρὶ
3855 882 4015 932 περι-

2453 971 2632 1023 ϐαλὼν
2656 972 2972 1038 κατασχεῖν,
3003 969 3036 1020 i‘
3073 968 3301 1021 πλουτον
3351 964 3565 1034 σεαυτῷ
3611 964 3851 1032 διαρκως
3887 973 4013 1009 συν·

2449 1080 2691 1132 τηρησαι

787 1173 1212 1232 transut,atque
1249 1162 1440 1216 abillo
1472 1177 1666 1215 rursus
1722 1158 1789 1212 ad
1838 1158 2100 1211 alterum.
2161 1155 2402 1214 Facilius
2437 1174 2599 1212 manu
2668 1169 3129 1226 eomprenensam
3193 1152 3430 1208 retinere
3512 1163 3709 1219 aquam
3781 1146 4006 1216 possis,

788 1275 946 1327 quam
975 1258 1193 1311 divitias
1230 1267 1494 1326 perpetuo
1527 1256 1622 1309 tibi
1659 1269 2016 1308 conservare.

855 1349 912 1402 S.
968 1347 1122 1418 στος.
1176 1347 1758 1403 Nazianz.—-Omnis
1825 1347 1919 1417 qui
1975 1348 2161 1415 inique
2204 1347 2315 1417 agit

787 1449 987 1508 ιιι-αδεῑο
1021 1450 1104 1493 est
1136 1440 1203 1491 ad
1239 1456 1296 1494 se
1327 1439 1753 1492 defendendum.

926 1533 1159 1584 Accessit
1194 1531 1258 1583 nd
1290 1548 1367 1584 me
1392 1547 1591 1599 pauper
1622 1550 1634 1584 :
1676 1540 1728 1582 at
1763 1531 1968 1598 frustra
2001 1541 2194 1584 tamen.

928 1602 1156 1665 Christe,
1182 1604 1463 1654 extimesco
1496 1618 1557 1653 ne
1603 1611 1748 1653 tuam
1781 1617 2019 1666 quwrcns
2055 1616 2226 1664 opem,

928 1674 1147 1734 Abeant,
1176 1673 1405 1724 vicissim
1434 1688 1652 1739 prorsus
1686 1671 1776 1722 abs
1816 1683 1862 1723 te
1892 1671 1966 1722 nil
1994 1671 2184 1737 ferens.

929 1741 1074 1794 Nam
1104 1743 1242 1810 quod
1266 1753 1418 1811 negat
1451 1743 1568 1811 quis
1611 1742 1782 1811 alteri,
1821 1742 1874 1791 id
1907 1742 2113 1808 frustra
2142 1742 2290 1807 petit.

1379 1812 1472 1879 (8.
1500 1809 1652 1878 (ἶνες.
1697 1809 1838 1862 Naz.
1874 1820 1939 1863 tr.
1971 1812 2098 1878 51.)

2519 1345 2634 1406 Πᾶς
2657 1345 2684 1395 ό
2709 1341 2932 1405 ἀδικῶν,
2965 1343 3046 1404 εἰς
3074 1338 3372 1408 ἀπολογίαν
3406 1337 3619 1408 ἕτοιμος

2553 1526 2748 1602 Πέῂης
2767 1526 3134 1602 προσῆλθεν,
3153 1521 3273 1602 ,εἵτῖ
3301 1522 3537 1602 datr?st
3560 1521 3644 1602 ιίὴ
3675 1520 3893 1602 τυγων.

2557 1592 2825 1658 Δέδοίικαξ
2853 1592 3079 1662 Χριστὲ.
3096 1596 3180 1663 μὴ
3205 1594 3365 1660 κάγὼ
3391 1593 3649 1663 τήςῗσῆς
3679 1592 3878 1659 χερὸς,

2556 1668 2788 1735 Χρῄζων
2819 1662 3126 1732 ἀπέλθοιμ’
3155 1664 3369 1735 ἐνδεὴς
3395 1662 3787 1735 eum-graium?

2558 1741 2618 1790 Ὃ
2644 1732 2752 1806 γάρ
2773 1755 2861 1801 τις
2875 1740 2947 1791 οὐ
2976 1736 3212 1801 δέδωκε,
3237 1733 3376 1804 μηδ’
3405 1732 3698 1793 ἐλπιζέτω

858 1903 1051 1974 Ejusd.
1095 1913 1233 1958 orat.
1299 1872 1662 1957 ιδξ-Αιεξιε
1721 1903 1942 1957 divitias
1999 1872 2109 1956 non
2163 1901 2424 1967 ames,B

2380 1901 2424 1960 Β
2524 1898 2615 1968 Μὴ
2644 1898 2939 1968 ἀγαπήσῃς
2992 1896 3082 1948 τὸν
3140 1895 3392 1959 πλοῦτον,
3445 1895 3494 1946 εί
3541 1894 3616 1964 μὴ
3655 1872 3872 1962 βοηθεῖν
3922 1894 4008 1945 πέ-

787 1993 893 2048 nisi
923 1993 1184 2062 pauperis
1216 1993 1499 2061 opitulari.

861 2083 1050 2154 Ejusd.
1084 2117 1152 2126 --
1177 2082 1255 2138 Ne
1289 2084 1513 2138 divitias
1570 2091 1790 2138 nostras
1833 2085 2034 2139 alienis
2093 2085 2352 2155 lacrymis

788 2179 1230 2241 admisceamus,
1286 2192 1318 2230 a
1351 2176 1555 2244 quibus
1611 2187 1871 2251 tanquam
1913 2191 1945 2230 a
1994 2178 2247 2247 rubigine
2297 2188 2353 2232 et

788 2269 948 2324 tineis
1014 2276 1430 2328 consumentur.
1484 2267 1606 2332 vel,
1663 2279 1724 2321 ut
1790 2267 2109 2338 Scriptura:-
2158 2285 2356 2326 vocem

787 2375 1073 2430 usurpem,
1101 2370 1450 2415 evomentur.

859 2449 1048 2520 Ejusd.
1107 2461 1248 2505 orat.
1303 2451 1392 2507 15.
1421 2483 1486 2490 ----
1515 2450 1620 2518 Qui
1669 2452 1842 2505 multa
1881 2452 2028 2507 forte
2057 2461 2112 2507 et
2151 2462 2353 2524 praeter

788 2559 942 2612 spem
1002 2555 1336 2598 consecutus
1393 2552 1478 2599 est
1531 2543 1668 2614 (hoc
1727 2547 1875 2598 enim
1942 2545 2349 2616 iniquissimum

790 2633 934 2700 cst),
978 2641 1033 2687 et
1108 2633 1267 2701 cujus
1338 2634 1623 2703 apotheca:
1691 2636 1945 2705 plurimae
2004 2640 2352 2707 angustiores

789 2735 952 2787 sunt,
986 2726 1062 2779 ita
1111 2734 1172 2780 ut
1209 2726 1311 2780 has
1362 2725 1588 2795 quidem
1639 2728 1886 2798 repleat,
1936 2729 2060 2784 illas
2095 2746 2224 2784 vero
2254 2731 2352 2785 de-

789 2823 1010 2883 struat,
1068 2825 1130 2871 ut
1183 2817 1505 2873 obventuris
1591 2819 1694 2873 sibi
1748 2818 1995 2890 frugibus
2053 2822 2354 2879 condendis

791 2909 1091 2978 ampliores
1127 2910 1397 2973 aedificet,
1432 2909 1652 2980 ignorat
1691 2912 1806 2966 fore
1849 2919 1908 2966 ut
1944 2921 2074 2967 ante
2103 2915 2355 2984 rapiatur

789 3014 956 3069 quam
994 3010 1336 3071 speratarqu
1375 3002 1573 3057 evadat
1621 3018 1883 3074 compos;
1925 3005 2192 3061 rationem
2223 3023 2354 3064 vero

791 3091 1144 3148 abundantia:
1191 3094 1343 3148 illius
1393 3093 1624 3157 reddet,
1676 3104 1732 3150 et
1777 3097 2210 3164 ostentationis,
2258 3099 2355 3168 qui

790 3184 1097 3239 alienorum
1152 3184 1422 3240 bonorum
1468 3185 1746 3256 pessimus
1783 3187 2135 3255 dispensator
2181 3191 2354 3244 exsti-

789 3283 1006 3399 ’θ’ἥὲά.
1034 3377 1100 3384 -
1124 3343 1248 3397 Mali
1296 3344 1530 3413 hujusce
1561 3360 1785 3398 causam
1819 3361 2184 3416 agnoscamus
2217 3363 2230 3398 :
2259 3361 2361 3402 cur

795 3443 1008 3504 segetes
1037 3435 1357 3490 exaruerint
1380 3477 1394 3500 ,
1416 3452 1517 3490 cur
1545 3435 1746 3491 horrea
1774 3438 2005 3493 confusa
2033 3477 2048 3502 ,
2079 3445 2133 3493 et
2157 3454 2361 3510 pascua

796 3527 980 3580 ovium
1017 3527 1344 3590 defecerint,
1385 3543 1488 3582 cur
1521 3538 1814 3584 extenuata
1868 3531 2114 3598 speciosa
2171 3539 2357 3596 terra,

798 3635 974 3688 campi
1004 3634 1113 3672 non
1152 3619 1511 3689 p'nguedme,
1538 3619 1635 3674 sed
1681 3637 1919 3677 mterore
1967 3622 2174 3693 perfusi
2208 3625 2358 3692 sint;

797 3726 894 3764 cur
915 3711 1084 3765 valles
1110 3726 1216 3764 non
1243 3710 1643 3766 abundaverint
1663 3713 1957 3774 frumento,
1995 3714 2090 3769 sed
2122 3716 2362 3783 complo-

801 3809 930 3856 rata:
967 3801 1128 3873 [‘95
1183 3796 1428 3868 fuerint;
1514 3819 1614 3858 cur
1691 3815 1904 3860 montes
1948 3805 2138 3868 nohis,
2169 3807 2361 3875 quem-

799 3895 1091 3950 admodum
1119 3896 1286 3963 justis
1329 3903 1489 3963 viris,
1535 3897 1880 3953 dulcedinem
1922 3915 2033 3954 non
2078 3902 2361 3968 sti'larint,

799 4004 864 4044 ac
921 3990 1214 4045 montium.
1254 3991 1458 4044 Gelboe
1517 3991 1961 4046 maledic-tionem
2029 3996 2359 4064 acceperint.

799 4078 959 4134 Tales
980 4081 1241 4135 nimirum
1271 4081 1565 4152 impiorum
1599 4083 1807 4137 divitire
1851 4094 2016 4151 sunt;
2051 4087 2191 4141 tales
2223 4088 2364 4144 male

799 4173 1195 4226 seminantium
1223 4189 1452 4229 messes.
1499 4173 1651 4230 Unde
1672 4177 1894 4230 tandem
1921 4179 2074 4232 hac?
2111 4195 2232 4249 quae
2264 4195 2364 4234 no-

799 4262 881 4315 his
907 4276 1074 4316 causa
1107 4263 1476 4318 calamitatem
1501 4264 1643 4319 hanc
1667 4267 2090 4324 invexitlAlius
2113 4279 2360 4324 nostrum

799 4369 1092 4424 pauperem
1155 4357 1458 4426 oppressit,
1520 4367 1575 4412 et
1629 4368 1790 4412 terra!
1850 4369 2059 4429 partem
2121 4361 2362 4430 aliquam

799 4447 1134 4508 iulervertit,
1197 4463 1262 4501 ac
1297 4449 1525 4502 limitem
1579 4451 1872 4515 scelerate,
1925 4451 2011 4505 vel
2064 4451 2234 4517 furto,
2276 4451 2362 4506 vel

800 4545 988 4604 aperta
1021 4539 1072 4590 vi
1103 4546 1492 4606 transgressus
1530 4547 1638 4602 est,
1684 4541 2019 4610 domumque
2059 4541 2269 4607 domui,
2305 4551 2361 4598 et

800 4642 993 4696 agrmn
1019 4642 1154 4698 agro
1191 4628 1472 4697 adjunxit,
1510 4640 1569 4682 ut
1598 4633 1851 4699 proximo
1906 4633 2119 4702 aliquid
2177 4643 2363 4689 extor-

799 4727 1033 4785 queret,-
1093 4721 1473 4791 pertinacuque
1525 4723 1710 4777 animo
1751 4725 1958 4778 studuit
2012 4732 2072 4778 ut
2116 4725 2364 4780 vicinum

801 4807 1011 4864 nullum
1039 4810 1284 4874 haberet,
1326 4827 1422 4865 ceu
1455 4812 1606 4866 solus
1663 4812 1716 4865 in
1752 4822 1896 4866 terra
1951 4827 2100 4870 esset
2148 4816 2363 4870 habita-

806 4910 986 4956 turus.
1011 4901 1210 4956 Usuris
1238 4903 1382 4957 alius
1408 4910 1462 4957 et
1515 4905 1828 4974 augmentis
1864 4916 2065 4960 terram
2113 4907 2362 4972 fiedavit,

806 4992 1072 5062 colligens
1101 4994 1196 5047 ubi
1234 5003 1532 5048 sementem
1583 5011 1692 5048 non
1736 4996 1883 5059 fecit,
1914 5009 1971 5051 et
2007 5009 2220 5054 metens
2270 4999 2362 5053 ubi

807 5100 916 5139 non
939 5089 1150 5154 sparsTt
1186 5133 1194 5139 .
1234 5103 1341 5140 non
1381 5103 1445 5142 ex
1483 5089 1632 5141 cultu
1685 5105 1968 5157 agrorum,
2007 5093 2101 5146 sed
2127 5107 2190 5146 ex
2229 5107 2365 5162 pau-

803 5192 996 5243 perum
1033 5187 1272 5247 egestate
1299 5188 1354 5232 et
1405 5179 1631 5246 penuria
1700 5179 1989 5234 facultates
2012 5196 2220 5251 augens
2273 5182 2366 5234 Al-

804 5280 890 5323 ter
921 5285 1061 5324 areae
1093 5282 1147 5324 et
1176 5270 1471 5324 torcularis
1504 5271 1762 5341 primitiis
1810 5271 2003 5337 Deum,
2044 5274 2206 5340 cujus
2237 5291 2363 5327 mu-

806 5376 937 5414 nere
996 5363 1180 5413 omnia
1241 5361 1535 5425 habuerat,
1571 5361 1936 5420 defraudavit,
1988 5363 2262 5432 simulque
2307 5381 2367 5420 se

807 5451 1080 5515 ingratum
1137 5451 1293 5519 juxta
1347 5467 1410 5506 ac
1481 5452 1711 5506 stultum
1755 5453 1996 5507 ostendit
2049 5471 2157 5509 non
2205 5458 2364 5512 modo

812 5557 906 5609 pro
936 5543 999 5597 iis
1029 5543 1234 5611 quibus
1285 5543 1574 5598 fruebatur
1607 5546 1788 5599 nullas
1816 5557 1997 5615 grates
2039 5561 2225 5616 agens,
2266 5566 2367 5605 nec

812 5649 1014 5687 rurans
1066 5651 1296 5704 prorsus
1349 5652 1458 5703 quo
1509 5637 1563 5690 in
1603 5688 1614 5696 ,
1667 5645 1851 5690 turum
1895 5653 1991 5707 per
2030 5641 2168 5707 grati
2199 5641 2366 5696 animi

812 5726 1136 5794 obsequium
1187 5728 1571 5782 liberalitatem
1636 5726 1726 5784 Dei
1773 5731 2167 5797 negotiaretur.
2209 5732 2362 5788 Alter

819 5835 915 5872 nec
945 5817 1162 5872 viduam
1201 5836 1298 5875 nec
1323 5821 1624 5892 orphanum
1662 5823 1954 5878 miseratus
2003 5833 2104 5890 est,
2139 5839 2236 5880 nec
2270 5842 2363 5895 pa»

2382 3234 2429 3294 C

2392 4582 2440 4640 D

2454 2011 2596 2046 νησι.

2524 2011 2596 2046 σι.

2483 2011 2613 2154 ηΜὴ
2668 2083 2911 2153 μίξωμεν
2964 2084 3055 2137 τὸν
3121 2083 3384 2154 ἡμέτερον
3432 2081 3662 2136 πλοῦτον
3716 2080 4016 2150 ἀλλοτριοις

2449 2173 2736 2243 δάκρυσιν.
2767 2175 2856 2242 ὑφ’
2893 2168 2968 2228 ὦν
3011 2175 3086 2237 ῶς
3119 2174 3196 2227 ίοῦ
3225 2175 3320 2227 καὶ
3355 2175 3519 2242 σητδς
3545 2173 4013 2243 δαπανηθήσεται,

2431 2269 2508 2352 ’τῆν
2536 2267 2598 2321 τδ
2624 2273 2720 2339 τῆς
2750 2269 2978 2339 Γραφῆς
2999 2270 3198 2334 εἰπεῖν,
3227 2269 3645 2337 ἐξεμεθήσεται.

2532 2445 2591 2499 '0
2612 2445 2678 2499 τὰ
2710 2447 2880 2500 πολλὰ
2901 2447 3059 2516 ἔχων,
3119 2446 3250 2510 ἴσως
3300 2447 3394 2500 καὶ
3443 2448 3572 2515 παρ’
3598 2443 3792 2498 ἐλπίδα
3811 2459 3825 2472 ·
3861 2440 4018 2495 τοῦτο

2451 2539 2562 2608 γὰρ
2592 2539 2692 2611 ήδη
2723 2539 2785 2614 τὴ
2809 2538 3141 2592 ἀδικώτατον
3167 2557 3180 2570 -
3213 2542 3310 2592 καὶ
3357 2540 3475 2600 ταῖς
3529 2537 3753 2599 πολλαῖς
3808 2535 4014 2603 ἀποθή-

2452 2647 2578 2694 καις
2609 2613 3128 2700 στενοχωρούμενος,
3153 2632 3249 2684 καὶ
3277 2629 3374 2694 τὰς
3410 2628 3511 2700 μὲν
3559 2628 3804 2697 πληρῶν,
3837 2626 3938 2687 τὰς
3965 2625 4018 2677 δὲ

2457 2722 2755 2793 καθαιρῶν,
2785 2723 2874 2776 ἵνα
2927 2725 3041 2786 τοῖς
3096 2723 3350 2792 μέλλουσι
3401 2722 3635 2790 καρποῖς
3685 2717 4019 2788 οἰκοδομήσει

2458 2814 2730 2885 μείζονας,
2776 2813 2987 2882 ἀγνοῶν
3006 2814 3092 2867 ὅτι
3113 2812 3223 2866 τῶν
3251 2811 3484 2866 ἐλπίδων
3513 2807 4018 2878 προαναρπάζετιι.

2454 2906 2547 2958 καί
2588 2904 2745 2972 λόγον
2791 2904 2978 2972 ὑφὲξει
3025 2904 3116 2973 ’.ἧς
3171 2902 3431 2973 εὐπορίας
3451 2902 3545 2954 καὶ
3573 2900 3673 2969 τῆς
3700 2897 4019 2967 φαντασίας,

2455 2995 2624 3059 κακὸς
2656 2996 2938 3065 οἰκονόμος
2987 2995 3210 3065 ἀγαθῶν
3259 2993 3556 3066 ἀλλοτρίων
3608 2993 3926 3061 γενόμενος.

3340 3313 3355 3335 ο

2543 3348 2884 3417 Ἐπιγνῶμεν
2931 3346 3026 3400 τοῦ
3081 3347 3252 3400 κακοῦ
3325 3349 3440 3416 τὴν·
3481 3349 3740 3400 υποθεσιν
3794 3364 3807 3377 ·
3863 3347 4028 3400 πόθεν

2462 3440 2836 3511 ἐξηράνθησαν
2915 3438 3234 3510 γεωργίαι,
3284 3438 3634 3508 ᾐσχύνθησαν
3695 3437 3978 3508 ἁποθῆκαι
4012 3477 4027 3500 ,

2462 3533 2556 3586 καὶ
2603 3533 2741 3603 νομὴ
2799 3531 3065 3600 ποιμνίων
3119 3531 3384 3597 ἐξέλιπενσ
3417 3529 3675 3600 ὠλιγώθη
3729 3531 3802 3582 τὰ
3852 3529 4029 3600 ὡραῖα

2460 3627 2560 3693 τῆς
2613 3624 2715 3693 γῆς
2762 3639 2777 3654 ·
2843 3623 2943 3675 οὐκ
3007 3622 3252 3693 ἐπλήσθη
3320 3621 3389 3674 τὰ
3457 3622 3616 3674 πεδία
3709 3621 3973 3689 πιότητος
4014 3662 4026 3679 .

2462 3709 2598 3763 ἀλλὰ
2663 3711 2966 3780 κατηφείας
3099 3711 3200 3764 οὐκ
3276 3709 3583 3781 ἐπλήθυναν
3654 3712 3710 3764 αί
3787 3710 4030 3772 κοιλάδες

2465 3805 2628 3867 σῖτον,
2656 3802 2767 3854 ἀλλ’
2786 3802 3162 3873 ἐκλαύσθησαν
3182 3819 3196 3831 ·
3223 3803 3326 3856 οὐκ
3353 3801 3655 3866 ἐστάλαξαν
3681 3802 3748 3855 τὰ
3778 3801 3880 3872 ὅρη
3904 3801 4031 3868 γλυ-

2463 3897 2668 3966 κασμὸν
2706 3895 2781 3958 ῶς
2810 3895 3032 3966 ὕστερον
3056 3898 3169 3958 τοῖς
3209 3895 3441 3958 δικαίοις
3497 3893 3632 3946 ἀλλὰ
3662 3895 3762 3963 τὴν
3797 3894 4029 3946 Γελϐουέ

2463 3990 2705 4060 κατάραν
2739 3987 2800 4041 ἐκ
2828 3987 2934 4040 τῶν
2967 3988 3227 4046 ἐναντίων
3255 3986 3492 4050 ἐδέξατο.
3526 3986 3780 4048 Τοιοῦτος
3816 3989 3844 4038 ό
3864 3985 4029 4039 πλοῦ-

2461 4097 2552 4143 τος
2577 4081 2685 4134 τῶν
2747 4080 2981 4134 ἀσεϐῶν.
3049 4080 3288 4133 Τοιαῦτα
3314 4071 3426 4133 τῶν
3463 4079 3647 4142 κακῶς
3690 4079 4031 4150 σπειρόντων

2463 4174 2530 4228 τὰ
2558 4173 2821 4244 γεώργια.
2867 4173 2924 4228 Ὀ
2971 4174 3156 4244 μέντοι
3205 4173 3366 4244 ήμῶν
3392 4172 3637 4242 essent};
3677 4172 3914 4242 πένητα,
3943 4189 4032 4224 και

2465 4271 2659 4338 μοῖραν
2681 4269 2784 4338 γῆς
2812 4268 3224 4336 παρεσπάσατο,
3261 4266 3356 4319 καὶ
3374 4267 3522 4337 ὅριον
3551 4265 3793 4336 ὑπερέϐη
3823 4263 4029 4327 κακῶς,

2462 4359 2495 4427 ἢ
2529 4359 2747 4429 κλέψας,
2779 4359 2812 4430 ἦ
2841 4360 3204 4430 τυραννήσας,
3252 4359 3347 4411 καὶ
3407 4357 3640 4424 συνῆψεν
3678 4355 3859 4409 οἰκίαν
3895 4355 4030 4426 πρὸς

2463 4448 2659 4508 οἰκίαν,
2701 4449 2793 4500 καὶ
2813 4449 2981 4517 ἀγρὸν
3015 4449 3149 4516 πρὸς
3177 4448 3366 4516 ἀγρὸν,
3402 4447 3489 4500 ἵνα
3516 4446 3612 4500 τοῦ
3643 4447 3877 4516 πλησίον
3932 4449 4031 4514 ἀφ·

2467 4537 2652 4608 ἐληταί
2675 4555 2748 4603 τι,
2777 4539 2872 4591 καὶ
2902 4539 3102 4609 μηδένα
3132 4539 3274 4608 ἔχειν
3308 4539 3706 4608 ἐφιλονείκησε,
3735 4539 3813 4601 ὠς
3853 4541 4029 4609 μόνως

2465 4631 2705 4700 οἰκήσων
2737 4631 2829 4682 ἐπὶ
2851 4631 2950 4700 τῆς
2978 4630 3102 4698 γῆς.
3140 4631 3199 4683 '0
3223 4631 3280 4683 δέ
3311 4631 3509 4694 τόκοις.
3547 4631 3642 4684 καὶ
3669 4629 4029 4699 πλεονασμοῖς

2466 4719 2564 4789 τὴν
2585 4719 2691 4788 γῆν
2715 4719 2925 4788 ἐμίανε,
2951 4721 3196 4787 συνάγων
3227 4718 3349 4774 ὅθεν
3378 4720 3477 4772 οὐκ
3509 4719 3789 4789 ἔσπειρεν,
3822 4721 3919 4772 καὶ
3951 4721 4030 4772 θε-

2468 4811 2632 4882 ρίζων
2665 4812 2795 4865 ὅπου
2829 4811 2951 4882 μηδ’
2999 4811 3322 4882 ἐσκόρπισεο
3357 4813 3633 4882 γεωργῶν,
3686 4811 3746 4863 οὐ
3774 4812 3873 4882 τὴν
3908 4813 4026 4882 γῆν,

2465 4904 2604 4959 ἀλλὰ
2624 4903 2722 4974 τὴν
2748 4905 2939 4973 χρείαν
2965 4905 3074 4956 τῶν
3107 4903 3373 4973 δεομένων
3395 4921 3407 4935 '
3452 4904 3478 4955 ὁ
3508 4905 3562 4956 δὲ
3597 4905 3854 4972 ἀπαρχὰς
3894 4905 4027 4957 alw-

2467 5015 2556 5060 νος
2579 4999 2671 5049 καὶ
2702 4996 2864 5066 ληνοῦ
2881 4997 2969 5049 τὸν
3003 4997 3176 5049 πάντα
3205 4994 3469 5049 δεδωκότα
3499 4996 3630 5048 Θεὸν
3661 4996 4027 5066 ἀπεστέρησε,

2468 5092 2561 5143 καὶ
2590 5090 2808 5156 γέγονεν
2853 5091 3144 5158 ἀχάριστός
3197 5108 3255 5141 τε
3313 5089 3446 5158 ὁμοῦ
3481 5091 3571 5141 καὶ
3609 5089 3864 5158 ἀνόητος,
3897 5094 4029 5156 μήτε

2467 5181 2606 5248 ὑπὲρ
2637 5175 2710 5234 ὧν
2734 5180 2888 5250 ἔσχεν
2909 5183 3326 5251 εὐχαριστήσας,
3359 5183 3478 5234 οὐδὲ
3503 5182 3564 5233 τὸ
3598 5181 3792 5249 μέλλον
3828 5183 3918 5234 διὰ
3936 5181 4024 5248 τῆς

2466 5273 2852 5342 εὐγνωμοσύνη
2916 5275 3495 5343 πραγματευσάμενος.
3542 5274 3597 5326 '0
3630 5274 3687 5326 δὲ
3722 5275 3907 5343 χήραν
3936 5276 4024 5327 καὶ

2466 5366 2702 5435 ὀρφανὸν
2765 5366 2864 5418 οὐκ
2917 5367 3167 5437 ἠλέησεν,
3204 5366 3323 5418 οὐδὲ
3378 5367 3679 5436 μετ’δςςκεν
3736 5369 3910 5437 ἄρτου
3935 5373 4023 5422 καὶ

2465 5454 2673 5524 τροφῆς
2703 5455 3008 5525 όλίγης’τῷ
3055 5457 3313 5526 δεομένῳ,
3355 5457 3554 5526 μᾶλλον
3597 5458 3651 5510 δὲ
3703 5459 3930 5530 Χριστῷ
3957 5461 4029 5530 τῷ

2467 5549 2786 5619 τρεφομένῳ
2819 5548 2906 5600 διὰ
2929 5548 3039 5601 τῶν
3066 5549 3274 5619 μικρῶν
3299 5550 3668 5620 τρεφομένων).
3723 5551 3783 5603 Ὀ
3813 5553 3869 5605 δὲ
3918 5555 4028 5606 δῶν

2467 5640 2737 5692 ταπεινῶν
2798 5639 3058 5704 ἐξέκλινε,
3109 5643 3205 5693 καὶ
3235 5641 3569 5709 ὲπλαγίασεν
3614 5644 3677 5694 ἐν
3711 5644 3924 5708 ἀδίκοις
3953 5645 4025 5696 δί-

2469 5749 2642 5785 καιον.
2707 5732 2763 5785 Ὀ
2825 5732 2878 5784 δὲ
2937 5732 3093 5785 ἔθυσε
3133 5737 3195 5802 τῇ
3232 5733 3426 5787 ἑαυτοῦ
3455 5736 3669 5806 σαγήνῃ
3706 5736 3876 5788 πολλὰ
3911 5754 4025 5788 συν.

2470 5823 2698 5894 αγούσῃ,
2741 5824 2832 5878 καὶ
2857 5823 2950 5892 τὴν
2983 5825 3234 5894 apt-.1er
3259 5826 3348 5879 τοῦ
3377 5827 3588 5885 πτωγοῠ
3630 5829 3686 5879 ἐκ
3721 5831 3827 5889 τοῖς
3861 5831 4020 5892 simi,-
