4206 6442
232 433 362 499 ms

1440 441 1677 502 SACRA
1720 442 2176 510 PARALLELA.

3315 472 3457 539 1506

226 546 376 613 ἔχων,
403 546 435 615 ἢ
466 547 567 599 οὐκ
625 544 874 617 ἐμνήσθη
903 543 1061 610 Θεοῦ,
1091 544 1126 618 ἢ
1153 546 1340 613 κακῶς
1372 545 1641 623 ἐμνησθη;
1812 562 1855 617 Α

1812 562 1855 617 Α
1886 572 2009 611 nem
2061 575 2162 615 nec
2221 563 2481 635 exiguum
2531 569 2718 625 cibum
2770 571 3059 643 indigenti,
3114 592 3211 633 seu
3268 596 3452 651 ponus

222 636 440 707 λογητὸς
483 637 712 710 Κύριος,
761 637 952 703 εἰπὼν,
999 639 1081 691 ὅτι
1135 639 1634 712 πεπλουτήκαμεν·
1688 644 1783 697 καὶ⁴

220 728 484 782 ὑπέλαϐεν
496 730 723 801 ἀνομίαν
750 731 827 795 ὡς
862 732 991 802 παρ’
1025 730 1195 784 αὐτοῦ
1216 732 1400 786 πάντα
1437 733 1595 803 ἔχων,
1622 735 1682 800 ἐξ
1704 729 1780 789 ὧν

218 820 627 890 κολασθήσεται.
663 822 762 875 Διὰ
779 820 953 875 ταῦτα
983 822 1093 893 γάρ
1144 822 1381 898 ἔρχεται
1412 824 1449 891 ἡ
1494 824 1641 895 ὀργὴ
1671 825 1779 879 τοῦ

218 912 361 966 Θεοῦ
382 914 482 966 ἐπὶ
513 913 656 980 τοὺς
700 914 869 980 υἰοὺς
910 913 1020 981 τῆς
1054 915 1379 982 ἀπειθείας.
1415 916 1514 969 Διὰ
1539 918 1711 971 ταῦτα
1743 918 1777 989 ἣ

216 1008 453 1059 κλείεται
503 1009 533 1061 ό
579 1008 828 1078 οὐρανὸς,
889 1007 923 1077 ἢ
973 1010 1162 1072 κακῶς
1216 1009 1511 1077 ἀνοίγεται.
1545 1010 1610 1062 Τί
1642 1011 1778 1081 πρὸς

210 1100 376 1154 ταῦτα
405 1103 455 1154 oi
484 1104 915 1172 προσκυνοῦντες
938 1086 1029 1155 τὸν
1062 1105 1263 1172 χρυσὸν
1298 1102 1395 1155 καὶ
1430 1102 1510 1155 ..ὸν
1538 1104 1779 1173 ἄργυρον

209 1195 280 1255 ὡς
317 1193 415 1263 τὴν
454 1192 640 1258 Βαάλ;
676 1192 740 1246 Οί
766 1192 1125 1262 περιέποντες
1151 1192 1261 1245 τῶν
1298 1192 1457 1246 λίθων
1488 1195 1585 1257 τὰς
1610 1194 1743 1248 πολυ

208 1284 413 1347 τελείας
454 1286 549 1338 καὶ
576 1285 879 1352 διαυγείας,
918 1284 1015 1339 καὶ
1042 1284 1365 1357 τὴν-ἐσθῆτα
1395 1286 1493 1357 τὴν
1524 1282 1777 1359 μαλακήν

208 1394 261 1427 τε
306 1379 399 1429 καὶ
461 1379 887 1449 περιρρέουσαν,
922 1377 1099 1448 σητῶν
1126 1377 1373 1449 δαπάνην
1410 1381 1505 1432 καὶ
1539 1380 1771 1450 ληστῶν,

211 1471 299 1521 καὶ
322 1470 622 1539 τυράννων,
659 1473 755 1525 καὶ
779 1472 1029 1525 κλεπτῶν
1070 1471 1493 1543 θησαυρίσματα
1514 1491 1529 1540 ;
1553 1477 1601 1527 oi
1630 1475 1771 1546 πλή-

207 1561 281 1613 θει
312 1562 651 1632 γαυριῶντες
680 1563 1029 1635 ἀνδραπόδων
1057 1566 1565 1636 καὶτετραπόδων;
1596 1568 1644 1619 οἱ
1657 1568 1771 1629 τοῖς

206 1654 405 1716 πεδίοις
438 1654 926 1725 ἐμπλατυνόμενοι,
962 1658 1198 1720 καὶτοῖς
1230 1659 1401 1729 ὄρεσι,
1434 1660 1529 1712 καὶ
1563 1660 1631 1714 τά
1671 1659 1771 1729 μὲν

203 1738 434 1808 ἔχοντες,
469 1741 537 1794 τὰ
566 1742 624 1795 δὲ.
651 1742 1204 1814 προσλαμϐάνοντεςς
1233 1748 1275 1799 Τ
1281 1748 1297 1801 ί
1324 1748 1383 1801 δὲ
1408 1750 1456 1801 oi
1477 1751 1591 1812 τοῖς
1628 1749 1769 1819 ὑψη-

202 1830 308 1894 λοῖς
338 1832 557 1903 θρόνοις
582 1835 1067 1909 ,ἐπικαθεζόμενοι,
1105 1840 1199 1895 καὶ
1240 1841 1340 1909 τὴν
1368 1843 1598 1912 ἀρχικὴ-ιδ
1638 1859 1767 1913 amp

1881 650 2126 719 Christo,
2158 655 2250 726 qui
2283 672 2380 726 per
2400 663 2659 729 parvulos
2689 664 2815 720 illos
2832 682 2970 737 quos
2999 670 3225 739 alimus,
3257 650 3447 731 alitur.

1879 744 2035 801 Alius
2080 763 2297 804 rursum
2339 753 2481 807 viam
2527 757 2817 813 humilium
2866 759 3113 829 deﬂexit,
3148 771 3204 819 et
3236 765 3449 835 justum

1879 836 2440 904 iujustis-rationihus
2476 856 2850 908 transversum
2868 854 2997 924 egit.
3026 854 3081 908 In
3105 860 3282 927 portis
3320 876 3450 917 cor-

1843 958 1853 973 »
1882 929 2168 998 ripientem
2198 935 2343 991 alius
2378 938 2505 990 odio
2530 940 2741 996 habuit.
2768 942 2925 1000 Alius
2947 944 3185 1017 denique
3208 950 3310 1005 reti
3347 966 3451 1008 suo

1878 1023 2048 1076 multa
2078 1026 2365 1097 colligenti
2426 1032 2752 1097 immolavit,
2804 1038 3177 1109 pauperisque
3206 1044 3446 1112 praedam

1877 1111 2024 1168 domi
2058 1115 2271 1183 habuit,
2305 1130 2399 1175 aut
2431 1119 2523 1176 Dei
2558 1127 2875 1180 memoriam
2923 1145 2991 1183 ex
3024 1131 3212 1187 animo
3244 1134 3445 1203 ejecit;

1877 1215 1963 1258 aut
1989 1218 2139 1263 certe
2171 1210 2317 1267 illius
2348 1214 2490 1269 male
2513 1217 2835 1273 recordatus
2869 1229 2977 1286 est,
3001 1223 3190 1280 dicens
3228 1242 3242 1279 :
3273 1225 3445 1283 Bene-

1874 1298 2053 1355 dictus
2088 1300 2373 1371 Dominus,
2399 1308 2527 1377 quia
2554 1309 2753 1390 divites
2805 1312 2933 1368 facti
2973 1331 3201 1384 sumus;
3225 1322 3360 1390 quin
3392 1333 3449 1377 et

1875 1391 2223 1459 iniquitatem
2251 1398 2533 1467 c0gitavit,
2570 1416 2633 1456 ac
2654 1381 2699 1457 si
2731 1420 2831 1475 per
2860 1422 2982 1461 sese
3010 1424 3074 1464 ea
3106 1426 3445 1472 consecutus

1872 1489 2039 1542 esset.
2082 1497 2147 1535 ex
2182 1484 2381 1552 quibus
2412 1491 2745 1572 supplicium
2774 1504 3037 1564 patiatur.
3070 1498 3303 1571 Propter
3327 1504 3472 1560 haec'

1870 1573 2008 1625 venit
2032 1575 2115 1626 ira
2143 1573 2241 1629 Dei
2258 1577 2312 1630 in
2340 1578 2482 1647 ﬁlios
2514 1582 2818 1652 difﬁdentia:
2844 1588 3061 1659 (Eplies.
3101 1608 3157 1659 Υ,
3195 1594 3270 1665 6).
3306 1595 3444 1651 Pro-

1872 1671 1991 1732 pter
2033 1666 2165 1729 htec,
2228 1669 2311 1723 vel
2338 1671 2617 1753 clauditur
2661 1678 2884 1743 cmlum,
2921 1683 3002 1736 vel
3048 1683 3101 1739 in
3136 1689 3441 1755 perniciem

1870 1764 2119 1811 nostram
2146 1762 2405 1829 aperitur.
2431 1752 2571 1829 Quid
2604 1767 2806 1825 adliaic
2830 1773 3208 1847 dicemus,qui
3244 1794 3441 1836 aurum

1869 1854 1922 1900 et
1951 1859 2264 1917 argentum,
2316 1854 2463 1911 haud
2533 1874 2696 1916 secus
2742 1877 2806 1916 ac
2858 1864 2934 1919 illi
2969 1870 3249 1937 quondam
3283 1870 3439 1936 Baal,

200 1920 291 1990 νὴν
313 1923 583 1993 αἴροντες,
616 1925 709 1977 καὶ
743 1926 816 1997 μὴ
846 1928 1186 1999 λογιζόμενοι
1212 1931 1304 1983 τὸν
1322 1933 1411 1985 ἐπὶ
1442 1934 1574 1985 πᾶσι
1607 1933 1761 1999 Θεὸν,
1793 1927 1837 1984 Β

1793 1927 1837 1984 Β
1866 1938 2192 1996 adoramus?
2215 1944 2306 2013 qui
2369 1963 2711 2017 gemmarum
2763 1954 2952 2009 luxum
2998 1968 3052 2012 et
3087 1962 3437 2027 splendorem

198 2016 369 2068 καὶτὸ
401 2016 696 2086 ἀπρόσιτον
721 2018 854 2088 ὕψος
903 2020 1006 2089 τῆς
1032 2021 1295 2092 ἀληθινῆς
1339 2023 1641 2093 βασιλείας,
1678 2026 1767 2080 ἵνα

194 2108 266 2171 ὼς
301 2110 608 2180 ὁμοδούλων
666 2112 775 2165 τῶν
822 2114 1078 2184 ὑπηκόων
1122 2115 1386 2185 ἄρχωσιν,
1422 2119 1472 2169 oi
1503 2117 1605 2187 τῆς
1640 2117 1762 2187 ἴσης

194 2199 435 2271 δεόμενοι
494 2204 939 2277 φιλανθρωπίας;
993 2208 1186 2261 σκόπει
1248 2209 1303 2262 δέ
1371 2228 1463 2281 μοι
1498 2211 1761 2278 καὶτοὺς

194 2294 783 2358 κπασπατωιῶντας
833 2299 931 2352 ἐπὶ
959 2300 1183 2353 κλινῶν
1228 2301 1652 2371 ἐλεφαντίνων,
1683 2298 1758 2357 ὦν

194 2384 591 2451 καλῶςὸθεῖος
637 2389 820 2458 Ἀμὼς
874 2391 1235 2460 καθάπτεται,
1282 2395 1381 2448 καὶ
1439 2398 1510 2450 τὰ
1556 2395 1759 2465 ,πρῶτα

184 2478 338 2545 μύρα
360 2483 737 2550 χρωμένους.

1865 2033 2270 2101 persequimur,
2309 2046 2597 2110 vestesque
2646 2045 2837 2101 molles
2864 2057 2917 2102 et
2957 2050 3288 2121 difﬂuentes,
3316 2073 3439 2127 qua:

1865 2138 1893 2175 a
1933 2124 2096 2179 tineis
2123 2126 2511 2195 absumuntur,
2538 2142 2592 2187 et
2616 2134 2926 2194 latronibus
2957 2124 3349 2217 tyrannisque,
3372 2164 3437 2205 ac

1863 2212 2078 2270 furibus
2104 2221 2526 2278 reconduntur?
2562 2228 2656 2296 qui
2718 2212 3001 2287 servorum
3036 2247 3090 2291 et
3123 2241 3437 2313 quadrupe-

1862 2305 1989 2360 dum
2022 2312 2283 2380 gregibt‘s
2333 2316 2647 2383 gestimus?
2693 2324 2789 2391 qui
2848 2305 3161 2386 latifundiis
3182 2340 3237 2386 et
3272 2305 3432 2389 mon-

1865 2399 2010 2454 tibus
2043 2402 2360 2472 dilatamur,
2397 2418 2561 2481 atque
2580 2413 2685 2469 alia
2726 2416 2838 2484 jam
2880 2419 3169 2487 habemus,
3202 2424 3306 2478 alia
3332 2428 3433 2481 ad-

1858 2490 2176 2559 jungimus?
2207 2494 2346 2561 Quid
2410 2515 2541 2555 vero
2598 2502 2801 2560 dicturi
2858 2518 3009 2575 sunt,
3051 2514 3144 2582 qui
3178 2516 3431 2572 sublimi-

192 2570 289 2622 bus
327 2572 551 2629 thronis
580 2575 843 2641 insident,
874 2580 1201 2652 imperiique
1224 2582 1428 2638 larvam
1458 2585 1753 2639 attollunt?
1777 2586 1873 2655 qui
1903 2599 2005 2639 nec
2042 2589 2292 2643 omnium
2343 2594 2642 2664 principem
2686 2596 2879 2663 Deum,
2931 2617 3031 2659 nec
3086 2607 3427 2665 inaccessum

189 2664 299 2717 veri
355 2667 515 2737 regni
580 2668 857 2741 fastigium
912 2686 1188 2745 reputant,
1221 2687 1281 2731 ut
1340 2680 1626 2735 conservis
1704 2689 1965 2751 tanquam
2013 2681 2253 2738 subditis
2324 2685 2632 2756 imperent,
2700 2693 2890 2748 eadem
2955 2698 3059 2768 ipsi
3139 2700 3425 2758 clementia

188 2757 537 2829 indigentes?
568 2761 688 2816 Jam
720 2779 815 2820 eos
843 2783 1065 2838 quoque
1109 2771 1240 2825 mihi
1283 2773 1577 2828 considera
1632 2789 1773 2843 quos
1826 2776 2047 2830 divinus
2107 2776 2277 2833 Amos
2340 2784 2555 2851 egregie
2602 2786 2961 2863 perstringit,_
2995 2792 3091 2859 qui
3157 2794 3211 2847 in
3277 2798 3424 2851 lectis

182 2850 422 2906 eburneis
448 2851 786 2922 deliciamur,
816 2860 1097 2930 primisque
1121 2865 1399 2932 unguentis
1422 2865 1813 2934 perfunduntur
1834 2866 2017 2937 (Amos
2053 2884 2123 2931 vn,
2159 2869 2260 2937 4.).

253 2943 438 3007 Ἀξιόν
459 2960 540 2997 σοι
555 2946 659 3015 τῆς
681 2951 885 3019 σπορᾶς
911 2951 973 3003 τὸ
1000 2951 1157 3023 Θέρος
1181 2969 1195 2983 ·
1217 2955 1447 3024 [Ιικρίαν
1464 2956 1751 3027 ἕσπειρας;

181 3030 380 3101 δρέπου
434 3034 503 3087 τά
551 3036 879 3105 δράγματαο
926 3041 986 3093 τὸ
1047 3043 1262 3106 ἀνελεές
1316 3044 1619 3116 ἐτίμησας;
1662 3047 1752 3117 ἐχε

180 3126 312 3196 ὅπερ
333 3128 650 3197 ἠγάπησας.
689 3131 928 3200 Ἔφυγες
958 3135 1049 3187 τὸν
1100 3135 1280 3200 ἐλεον;
1316 3138 1574 3205 φεύξεταί
1600 3156 1658 3192 σε
1689 3139 1751 3193 τὸ

181 3216 342 3277 ἔλεος.
387 3218 688 3286 Ἐὁδελύξω
724 3222 817 3275 τὸν
843 3226 1061 3295 πτωχόν
1091 3243 1107 3293 ;
1152 3227 1502 3296 βδελύσσεταί
1532 3246 1589 3281 σε
1619 3233 1648 3283 ὁ
1673 3230 1743 3283 δι’

185 3310 322 3379 ἡμᾶς
346 3312 691 3378 πτωχεύσας.
908 3302 911 3305 ’

242 3563 435 3628 Οὐδεὶς
496 3564 632 3617 πότε
684 3566 990 3636 κερδαίνειν
1034 3568 1244 3636 γίνεται
1293 3570 1477 3641 κόρος,
1516 3574 1651 3629 ἀλλὰ
1684 3576 1744 3629 τὸ

173 3656 258 3708 ἀεὶ
324 3654 760 3725 λαμϐανόμενον,
807 3657 907 3728 ὕλη
962 3660 1058 3713 καὶ
1109 3661 1438 3733 ὑπέκκαυμα
1494 3665 1597 3736 τῆς
1645 3668 1741 3721 τοῦ

174 3748 416 3810 πλείονος
438 3749 734 3819 ἐπιθυμίας
762 3752 1107 3807 καθίσταται.

238 3841 328 3910 Μὴ
362 3842 553 3911 ἁπόρει
584 3844 711 3906 τοὺς
737 3846 998 3916 πένητας.
1029 3848 1351 3919 Εἰσέρχεται
1391 3853 1420 3904 ό
1450 3860 1620 3924 πένης
1658 3856 1740 3919 εἰς

170 3932 264 3999 τὴν
296 3930 468 4000 αὐλήν
505 3948 598 3984 σου
650 3932 829 4004 ζητῶν
898 3938 1138 4009 ἐντολὴν,
1187 3943 1280 3995 καὶ
1309 3945 1591 3999 ἀναλίσκει
1644 3948 1737 4001 δύο

168 4020 312 4092 ὠρας
347 4023 516 4093 μηδὲν
540 4025 739 4081 λαϐὼν.
770 4029 880 4082 Καὶ
911 4031 1081 4085 ἐνίοτε
1118 4034 1430 4101 ἐπιτάττεις
1465 4038 1542 4109 τῷ
1566 4041 1736 4111 δούλῳ

170 4131 261 4166 σου
294 4115 479 4185 βαλεῖν
529 4119 689 4171 αὑτὸν
738 4120 862 4184 ἔξω.
920 4123 1034 4176 Ούκ
1078 4125 1319 4196 ἤκουσας
1360 4130 1455 4183 τοῦ
1492 4132 1731 4203 Χριστοῦ

166 4206 417 4275 λέγοντος
434 4225 445 4239 ·
469 4210 572 4275 Εἰς
591 4209 671 4278 ἢν
700 4212 750 4264 δ’
780 4214 857 4266 ἂν
875 4218 1058 4269 πόλιν
1076 4219 1420 4287 εἰσέρχεσθε
1450 4224 1489 4291 ἢ
1512 4228 1728 4292 οἰκίαν,

164 4301 368 4354 eisrara
395 4299 474 4366 τῷ
502 4304 643 4370 οἰκῳ
667 4305 893 4373 ἐκείνῳ·
924 4310 1149 4378 Εἰρήνη
1175 4312 1335 4382 ὑμῖν.
1368 4318 1477 4370 Καὶ
1506 4318 1582 4371 ἂν
1616 4320 1731 4388 μὲν

163 4387 199 4461 ᾗ
216 4394 252 4459 ἡ
279 4394 439 4445 οἰκία
465 4394 605 4458 ἀξία
634 4397 897 4466 εἰρήνης,
929 4400 966 4467 ἠ
992 4402 1198 4471 εἰρήνη
1224 4405 1388 4473 ὑμῶν
1402 4409 1495 4461 ἐπ’
1512 4387 1721 4475 αὐτήν·

162 4484 294 4537 εἰδὲ
321 4484 429 4553 μὴ,
450 4484 796 4550 ἐκτινάξατε
813 4490 908 4542 καὶ
927 4491 1035 4543 τὸν
1060 4497 1371 4562 κονιορτὸν
1392 4496 1509 4550 τῶν
1524 4499 1726 4553 ποδῶν

1932 2959 1990 3011 8.
2031 2955 2147 3010 Nili
2202 2960 2281 3013 vel
2345 2960 2402 3015 S.
2445 2962 2599 3034 Greg.
2642 2965 2894 3037 Nyssem',
2948 2972 3063 3026 vide
3103 2986 3243 3033 orat:
3272 2978 3323 3043 6,
3350 2980 3425 3034 De

1860 3047 1997 3101 beat.
2026 3078 2096 3090 -
2121 3051 2347 3121 Dignam
2414 3066 2665 3114 semente
2717 3076 2954 3117 messem
3011 3064 3169 3123 facis.
3198 3070 3425 3127 Acerbi-

1858 3146 2023 3195 tatem
2060 3144 2392 3199 scminasti?
2444 3150 2757 3219 manipulos
2788 3155 3006 3227 collige.
3041 3159 3423 3218 inhumanita-

1856 3230 2199 3285 temcoluisti
2232 3233 2421 3289 ?habe
2484 3240 2632 3307 quod
2704 3246 2928 3299 amasti.
2980 3246 3419 3310 Misericordiam

1852 3316 2042 3386 fugisti
2069 3321 2093 3373 ἰ
2118 3324 2497 3381 misericordia
2525 3337 2576 3383 te
2608 3331 2800 3401 fugiet.
2834 3335 3137 3407 Pauperem
3164 3358 3421 3400 exsecra-

1848 3413 1938 3462 tus
1967 3411 2063 3464 es?
2095 3415 2480 3471 exsecrabitur
2534 3428 2589 3475 te
2619 3422 2714 3476 ille
2753 3427 2846 3495 qui
2882 3432 3061 3484 nostri
3081 3448 3245 3489 causa
3284 3452 3419 3507 pau-

1844 3508 2110 3567 pertatem
2140 3504 2334 3558 subiit.

1918 3590 2076 3646 Nulla
2111 3611 2352 3666 unquam
2404 3600 2633 3659 satietas
2681 3606 2863 3661 oritur
2894 3623 2909 3660 :
2939 3626 3129 3667 verum
3182 3615 3235 3670 id
3264 3620 3413 3688 quod

1844 3699 2060 3754 semper
2091 3692 2417 3779 assumitur,
2468 3695 2624 3765 plura
2677 3706 3109 3774 concupiscendi
3156 3718 3412 3771 materies

1840 3783 1893 3828 et
1929 3775 2102 3832 fomes
2134 3778 2387 3836 edicitur.

1909 3867 1969 3921 S.
2019 3868 2402 3941 Chrysostomi.
2442 3907 2513 3917 -—-
2566 3877 2847 3952 Pauperes
2908 3904 2978 3945 ne
3037 3893 3405 3954 abdicaveris.

1838 3955 2147 4028 Ingreditur
2200 3964 2255 4018 in
2288 3974 2413 4023 tuas
2444 3970 2587 4025 aedes
2620 3988 2828 4045 pauper
2872 3982 3074 4051 stipem
3128 4003 3405 4056 qumrens.

1835 4057 1890 4103 et
1926 4051 2061 4107 duas
2089 4055 2249 4111 horas
2278 4057 2483 4114 frustra
2534 4067 2964 4136 insumiLQuin
2995 4051 3163 4131 etiam
3199 4079 3405 4137 famulo

1836 4141 2108 4198 interdum
2138 4148 2376 4218 imperas
2411 4164 2504 4207 tuo
2541 4165 2600 4210 ut
2629 4174 2757 4215 eum
2782 4167 3037 4221 extrudat
3066 4170 3248 4227 domo.
3280 4173 3400 4230 Non

1831 4234 2110 4290 Christum
2150 4240 2423 4297 dicentem
2469 4245 2634 4320 496
2668 4253 2911 4309 audisti?
2958 4257 3403 4334 lnquamcunqne

1829 4325 2041 4379 domum
2086 4330 2428 4398 intraveritis,
2478 4341 2634 4394 dicite
2673 4343 2793 4398 huic
2830 4351 3013 4404 domui
3044 4369 3063 4407 :
3093 4353 3212 4410 Pax
3230 4360 3396 4416 vobis.

1828 4413 1897 4468 Et
1930 4421 1973 4469 si
1998 4418 2155 4486 fuerit
2186 4422 2282 4476 illa
2311 4426 2500 4480 donius
2551 4432 2713 4502 digna
2748 4451 2894 4503 pare,
2938 4445 3219 4511 requiescet
3241 4413 3398 4519 super

1825 4526 1941 4562 eam
1968 4528 2072 4579 pax
2093 4526 2265 4568 vestra
2294 4533 2313 4569 :
2342 4520 2425 4572 sin
2446 4532 2639 4587 autem,
2669 4532 2898 4585 excutite
2931 4536 3090 4588 etiam
3130 4541 3393 4605 pulverem
3450 4548 3453 4549 ⁷

163 4577 346 4647 ὑμῶν.
380 4578 565 4647 Ἀμὴν
608 4580 763 4649 λέγω
808 4582 981 4650 ὑμῖν·
1012 4584 1403 4655 ἀνεκτότερον
1444 4590 1616 4645 ἔσται
1646 4593 1724 4662 γῇ
1756 4610 1799 4666 ι)

1969 4577 1975 4579 _
2630 4577 2639 4587 ,
2931 4577 3090 4588 -.......
3130 4577 3390 4605 ,ηυυωωκ

1756 4610 1799 4666 ι)
1826 4601 2013 4669 pedum
2039 4616 2351 4683 vestrorum.
2384 4612 2550 4666 Amen
2587 4618 2706 4671 dico
2735 4621 2898 4685 vobis,
2936 4626 3270 4685 tolerabilius
3292 4637 3390 4687 erit

160 4668 438 4737 Σοδόμων
462 4669 559 4721 καὶ
608 4672 926 4739 Γομόρρων
964 4674 1035 4728 ἐν
1068 4674 1143 4743 τῇ
1204 4678 1394 4746 ἡμέρᾳ
1424 4681 1649 4749 ἐκείνῃ,
1684 4684 1720 4752 ἢ

159 4758 237 4823 τῷ
262 4760 408 4825 οίκῳ
431 4760 659 4826 ἐκείνῳ.
713 4762 1029 4833 Είσέρχεται
1076 4767 1245 4837 πένης
1300 4772 1378 4833 είς
1417 4772 1517 4840 τὴν
1552 4775 1722 4844 αὐλήν

160 4869 271 4910 σου.
303 4852 399 4904 καὶ
435 4854 740 4916 ἐπιτάττεις
762 4855 841 4924 τῷ
870 4856 1040 4927 δούλῳ
1076 4876 1166 4912 σου
1194 4860 1376 4929 βαλεῖν
1410 4866 1570 4916 αὑτὸν
1593 4868 1717 4931 ἔξω.

168 4938 307 4991 Ἀλλ’
341 4941 439 4992 οὐκ
467 4934 637 5007 οἶδας,
667 4944 746 4995 ὅτι
778 4944 872 4996 ἐὰν
908 4945 1074 5018 βάλῃς
1099 4950 1188 5003 τὸν
1218 4952 1427 5022 πένητα
1460 4954 1583 5019 ἐξω,
1627 4959 1718 5010 τὸν

156 5034 386 5101 Χριστὸν
407 5033 652 5101 ἐδίωξας;
683 5036 854 5100 Αὐτὸς
876 5040 984 5109 γάρ
1013 5035 1184 5093 εἶπεν·
1207 5042 1277 5095 "0
1306 5062 1356 5096 τι
1379 5046 1468 5100 ἑνί
1494 5050 1718 5101 τούτων

152 5123 270 5177 τῶν
302 5123 583 5193 ἀδελφῶν
608 5144 725 5195 μου
770 5131 1114 5197 ἐποιήσατε,
1180 5134 1310 5203 ἐμοὶ
1366 5138 1711 5206 ἐποιήσατε.

163 5216 345 5285 Ὁρᾷς,
397 5218 480 5269 ὅτι
529 5217 624 5270 ἐὰν
663 5219 891 5291 ὑϐρίσῃς
934 5224 1025 5275 τὸν
1080 5226 1309 5295 πένητα,
1356 5229 1444 5282 τὸν
1480 5234 1713 5303 Χριστὸν

152 5309 422 5377 ἠτίμασας
454 5328 468 5374 ;
503 5310 686 5363 Ταῦτα
716 5312 879 5379 λέγω,
939 5315 1033 5367 καὶ
1056 5315 1228 5385 λέγων
1276 5319 1336 5372 ού
1394 5322 1710 5392 παύσομαι·

148 5400 271 5468 ἐμοὶ
313 5401 494 5469 μὲντὸ
542 5402 722 5470 λέγειν
774 5404 872 5457 οὐκ
909 5406 1159 5479 ὀκνηρὸν,
1196 5411 1321 5477 ὑμῖν
1364 5412 1421 5465 δὲ
1452 5414 1710 5480 ἀσφαλές.

146 5492 219 5545 Οὐ
254 5493 530 5563 παύσομαι
587 5495 729 5565 ὑμᾶς
778 5497 1068 5565 παιδ;ύων,
1100 5501 1204 5563 ἓως
1242 5497 1302 5556 οὗ
1339 5503 1583 5573 βελτίους
1612 5508 1711 5575 γί-

149 5583 321 5637 νεσθε.
354 5578 580 5650 Βλέπεις
612 5588 839 5657 πένητα,
864 5590 958 5643 καὶ
989 5592 1087 5646 οὐκ
1108 5593 1277 5656 ἐλεεῖς
1300 5612 1313 5659 ;
1340 5597 1461 5659 Πώς
1489 5599 1708 5671 εἰσέρχῃ

146 5675 222 5736 εἰς
262 5674 357 5745 τὴν
404 5677 716 5747 ἐκκλησίαν,
780 5683 873 5734 καὶ
933 5681 1103 5755 alim;
1156 5686 1275 5749 πῶς
1298 5689 1357 5743 τὸ
1393 5692 1567 5759 στόμα
1615 5711 1707 5746 σου

146 5765 396 5832 ἁνοίγεις,
450 5770 544 5821 καὶ
598 5770 828 5841 ἐπικαλῇ
890 5773 981 5826 τὸν
1032 5773 1163 5829 Θεόν
1236 5794 1365 5845 σονς
1419 5782 1492 5836 Οὐ
1534 5784 1705 5854 φο6ῇ;

143 5857 204 5910 ἰὺ
234 5858 486 5928 τρέμεις,
512 5861 571 5915 οὐ
596 5862 858 5931 δέδοικας;
889 5864 1121 5938 Είσέρχῃ
1158 5871 1234 5934 εἰς
1273 5873 1371 5942 τὴν
1410 5876 1704 5948 ἐκκλησίαν

1827 4702 1981 4747 terra:
2007 4693 2359 4753 Sodomorum
2406 4712 2455 4755 et
2503 4702 2918 4766 Comorrliorum
2965 4717 3019 4770 in
3067 4722 3388 4792 diejudirii,

1824 4802 1978 4854 quam
2009 4788 2190 4841 domui
2233 4791 2317 4844 illi
2373 4793 2584 4861 (Matth.
2617 4816 2672 4863 ι,
2712 4801 2923 4875 12-15).
2948 4788 3261 4876 ingreditur
3293 4788 3392 4868 do;-

1825 4892 1967 4928 inuin
2010 4888 2156 4932 tuam
2180 4897 2403 4951 pauper,
2436 4896 2485 4941 et
2519 4904 2682 4943 servo
2706 4897 2961 4966 praecipis
2993 4908 3051 4953 ut
3085 4918 3209 4956 eum
3240 4906 3386 4961 foras

1821 4968 2024 5034 ejiciat.
2093 4971 2172 5024 An
2241 4973 2483 5041 ignoras,
2518 4980 2563 5033 si
2604 4997 2898 5053 pauperem
2953 4993 3278 5055 excluseris.
3334 5010 3388 5054 te

1818 5058 2100 5113 Christum
2150 5065 2461 5129 pepulisse?
2523 5068 2699 5139 Ipsius
2736 5076 2882 5130 enim
2934 5096 3035 5136 vox
3067 5094 3195 5141 est:
3232 5089 3384 5154 Quod

1816 5150 1907 5201 uni
1951 5166 2015 5203 ex
2071 5153 2149 5206 Itis
2180 5155 2439 5221 fratribus
2498 5166 2623 5219 meis
2669 5166 2904 5235 fecistis,
2964 5178 3093 5229 mihi
3154 5180 3377 5247 fecistis.

1816 5240 2030 5309 (Matth.
2067 5260 2194 5310 xxv,
2220 5248 2330 5318 40).
2370 5251 2604 5310 Videsne
2655 5240 3215 5336 quemadmodumpsi
3250 5291 3378 5345 erga

1814 5349 2104 5402 pauperem
2134 5344 2568 5400 contumeliosus
2600 5348 2701 5413 sis,
2738 5350 2959 5410 Christo
3002 5359 3265 5429 injuriam
3296 5344 3374 5422 fe-

1814 5425 1937 5478 cisti
1969 5425 2138 5481 ?Ha:c
2177 5430 2323 5497 dico,
2353 5451 2454 5491 nec
2476 5439 2658 5497 dicere
2687 5442 2958 5503 desinam.
2992 5425 3124 5505 Mihi
3153 5457 3372 5523 quidem

1812 5515 1960 5585 loqui
1987 5534 2095 5573 non
2128 5522 2363 5593 pigrum,
2391 5531 2546 5585 vobis
2574 5544 2757 5589 autem
2795 5544 2995 5594 tutum.
3034 5540 3220 5599 Finem
3249 5563 3371 5603 eru-

1810 5607 1994 5662 diendi
2028 5627 2122 5666 vos
2173 5630 2281 5669 non
2330 5630 2461 5673 ante
2517 5621 2735 5691 faciam,
2760 5643 2924 5698 quam
2953 5635 3213 5693 meliores
3247 5654 3370 5697 esse

1811 5699 1981 5756 factos
2044 5719 2401 5778 conspexero.
2455 5712 2755 5786 Pauperem
2809 5722 2983 5789 vides,
3025 5741 3126 5782 nec
3154 5729 3275 5798 ejus
3315 5743 3368 5787 te

1810 5793 2062 5848 miserit?
2084 5797 2202 5863 Qua
2241 5800 2419 5859 fronte
2448 5808 2737 5865 ecclesiam
2784 5815 3108 5884 ingrederis,
3157 5833 3209 5876 et
3238 5834 3363 5878 vota

1811 5883 1982 5943 facis?
2012 5905 2116 5959 qua
2154 5893 2331 5953 fronte
2357 5912 2417 5954 os
2448 5902 2656 5970 aperis,
2684 5912 2738 5960 et
2767 5905 2861 5963 Dei
2888 5922 3045 5979 opem
3069 5914 3363 5985 imploras?
