4206 6442
784 328 804 389 1
818 329 914 392 ἦθ’]

1986 325 2042 377 ες.
2071 324 2390 379 ,ΙΗΛΝΝιδ
2432 324 2859 386 υΑΜΑδΟΕΝΙ

3869 333 3991 403 1508

778 443 892 493 Non
920 440 1114 492 times?
1159 451 1267 490 non
1318 436 1551 489 tremis?
1589 446 1694 485 non
1752 428 2171 500 perhorreScis?
2208 425 2337 478 t're-
2367 432 2410 484 Λ

2321 453 2337 461 -
2367 432 2410 484 Δ
2443 428 2732 502 εὖξασθαι;
2764 438 2987 505 ποίησον
3039 436 3429 513 ἐλεημοσύνην,
3458 443 3545 497 ἶνα
3571 445 3859 516 ὑπογραφῇ
3905 464 3982 499 σοι

772 533 936 588 catuli
972 545 1137 585 causa
1166 532 1221 582 in
1254 529 1546 581 ecclesiam
1565 524 1764 579 venis?
1792 523 1875 576 fac
1903 522 2334 589 elecmosynam,

773 633 833 677 ut
866 620 1161 693 precationi
1192 628 1301 673 tua:
1344 617 1748 672 subscribatur.
1795 612 2072 668 Interdum
2108 607 2332 677 quidam

772 716 1084 787 imperatori
1120 714 1359 767 libellum
1401 711 1701 781 supplicem
1740 708 2003 769 offerunt,
2035 713 2090 759 et
2123 700 2334 757 idcirco

770 813 1038 865 ducentos
1083 816 1429 863 trcccntosve
1482 817 1743 858 nummos
1786 813 1986 853 aureos
2026 798 2329 851 insumunt:

766 920 870 958 nec
895 912 1073 955 tamen
1109 916 1197 953 res
1243 900 1347 952 illis
1400 912 1464 950 ex
1523 893 1799 949 sententia
1833 890 2100 952 succedit,
2138 887 2232 942 sed
2274 886 2334 941 li-

768 997 948 1051 bellus
975 1004 1233 1061 tanquam
1280 990 1389 1043 vile
1445 985 1668 1055 aliquod
1730 985 1983 1053 legumen
2034 981 2330 1043 retinetur;

768 1102 825 1147 tu
854 1105 984 1143 vero
1030 1088 1167 1140 duos
1219 1085 1412 1138 obolos
1462 1080 1783 1151 impendere
1816 1090 2065 1131 recusas.
2113 1082 2171 1126 ut
2197 1087 2331 1140 sup-

766 1182 988 1254 plicatio
1011 1191 1101 1233 tua
1139 1174 1554 1233 subscribatur?
1584 1172 1649 1225 Et
1685 1181 1935 1225 terrenus
1968 1167 2187 1237 quidem
2220 1165 2329 1219 im-

766 1284 979 1346 perator
1024 1273 1114 1326 hic
1166 1269 1487 1331 subscribit,
1526 1280 1591 1319 ac
1633 1279 1775 1331 s:epc
1808 1261 2009 1316 accidit
2042 1266 2103 1312 ut
2132 1263 2328 1311 contra

761 1384 925 1437 quam
952 1375 1106 1435 optes
1122 1362 1461 1425 subscribat;
1499 1366 1556 1410 at
1588 1357 1633 1411 si
1668 1356 1784 1410 Rex
1834 1368 2021 1424 regum
2071 1348 2325 1405 subscri-

762 1461 957 1531 pserit.
1010 1468 1128 1509 rata
1186 1464 1240 1508 et
1301 1454 1453 1506 firma
1502 1458 1607 1504 est.
1665 1449 1896 1501 Annon
1928 1444 2081 1497 vides
2108 1440 2323 1495 duobus

761 1552 941 1605 obolis
964 1550 1183 1604 viduam
1234 1547 1336 1598 hoc
1370 1543 1595 1606 emisse,
1627 1552 1688 1594 ut
1710 1539 1904 1610 petitio
1949 1552 2050 1592 sua
2083 1532 2328 1590 subscri-

762 1642 1016 1697 beretur?
1043 1641 1219 1707 Atque
1252 1637 1460 1691 idcirco
1499 1636 1609 1689 duo
1635 1643 1877 1688 crateres
1902 1637 2032 1684 ante
2061 1624 2324 1681 Ecclesiae

762 1732 907 1786 fores
946 1744 1070 1785 sunt
1107 1749 1121 1785 :
1159 1731 1391 1784 alterum
1438 1743 1593 1797 aqua:
1629 1727 1681 1780 in
1714 1740 1825 1795 quo
1854 1737 2052 1777 manus
2084 1721 2324 1775 abluun-

2442 525 2476 594 ὴ
2502 524 2705 595 δέησις.
2743 527 2944 581 Ἐνίοτέ
2969 546 3116 593 τινες
3140 532 3478 588 εἰσϐάλλουσι
3503 535 3688 606 δέησιν
3717 535 3985 606 βασιλέως,

2440 615 2533 668 καὶ
2569 616 2919 673 ἀναλίσκουσι
2942 619 3246 688 διακοσίους
3274 624 3308 693 ἢ
3332 626 3674 695 τριακοσίους
3696 626 3983 697 χρυσίνους-

2439 707 2537 760 καὶ
2576 710 2835 774 πολλάκις
2895 711 2974 776 είς
3018 713 3173 767 οὐδὲν
3201 714 3384 778 αὐτοῖς
3424 719 3716 787 προχωρεῖ,
3770 716 3883 769 ἀλλ’
3923 716 3987 771 ὼς

2438 799 2679 870 χιδάριον
2710 802 3031 873 κατέχουσιν
3061 805 3223 859 αὐτόν
3246 823 3261 838 ο
3320 806 3414 860 καὶ
3442 809 3508 862 σὺ
3555 808 3650 862 δύο
3697 808 3897 861 ὀϐολῶν
3934 811 3988 861 οὗ

2438 891 2611 954 θέλεις
2640 893 3023 966 ύπογραφῆναι
3082 896 3179 968 τὴν
3204 897 3391 969 δέησίν
3420 916 3514 952 σου
3539 916 3555 966 ;
3605 899 3867 953 Ἐνταῦθα
3901 902 3990 970 μὲν

2438 984 2688 1054 βασιλεὺς
2714 989 2744 1040 ὁ
2772 987 3010 1057 ἐπίγειος
3042 987 3324 1060 ὕπογράφε
3392 993 3485 1045 καὶ
3508 992 3764 1056 πολλάκις
3788 994 3985 1045 ἐναντία

2434 1077 2582 1132 ἐστὶν
2607 1080 2641 1151 ή
2668 1080 2960 1154 ὑπογραφὴ
2993 1098 3007 1114 ·
3043 1084 3074 1136 ὁ
3104 1082 3451 1149 δέΒασιλεὺς
3474 1084 3581 1138 τῶν
3612 1084 3990 1156 βασιλευόντων

2434 1169 2530 1223 ἐὰν
2557 1170 2870 1245 ὑπογράφῃ,
2925 1173 3237 1245 κεκύρωται
3275 1175 3369 1228 καὶ
3424 1174 3804 1246 βεδεδαίωται.
3850 1173 3989 1241 Εἶδες

2432 1260 2617 1331 δέησιν
2661 1263 2754 1316 δύο
2801 1263 3004 1319 ὀδόλων
3061 1265 3553 1338 ύπογραφομένηνς
3597 1268 3685 1322 διά
3711 1269 3871 1323 τοῦτο
3907 1270 3991 1324 δύο

2432 1352 2704 1423 κρατῆρες
2729 1354 2837 1425 πρὸ
2855 1355 2964 1409 τῶν
2984 1355 3165 1428 θυρῶν
3188 1359 3291 1410 είσι
3320 1359 3418 1429 τῆς
3445 1359 3760 1429 ἐκκλησίας,
3787 1362 3884 1431 μία
3904 1361 3989 1415 τοῦ

2435 1441 2647 1508 ὓδατος,
2682 1449 2739 1499 ἐν
2829 1447 2995 1521 νίπτῃ
3029 1446 3130 1511 τὰς
3162 1449 3369 1519 χεῖρας,
3400 1451 3493 1503 καὶ
3522 1452 3683 1522 ἐτέρα
3712 1454 3746 1521 ἡ
3765 1454 3886 1522 χεὶρ
3903 1454 3989 1506 τοῦ

2431 1534 2683 1608 πένητος,
2712 1531 2831 1611 ἐνῇ
2868 1538 3212 1611 ἀποσμήχεις
3257 1541 3357 1612 τὴν
3401 1542 3581 1614 ψυχήν
3609 1561 3727 1597 σου.
3760 1544 3990 1616 Εἱσέρχῃ

2430 1628 2510 1692 εἰς
2534 1629 2633 1701 τὴν
2662 1629 2978 1700 ἐκκλησίαν,
3012 1632 3107 1685 καὶ
3124 1633 3288 1702 vim
3314 1634 3415 1697 τὰς
3435 1634 3625 1706 χεῖράς
3662 1652 3755 1687 σου
3776 1652 3790 1663 ·
3819 1638 3988 1700 ἐπίδος

2430 1722 2508 1785 εἰς
2537 1724 2693 1793 χεῖρα
2728 1722 2821 1775 τοῦ
2880 1724 3109 1794 πένητος
3145 1725 3350 1793 ὀδολδν,
3396 1728 3490 1781 καὶ
3528 1727 3872 1796 ἀποσμήχεις
3900 1730 3992 1796 τὴν

761 1835 868 1886 tur,
901 1825 1132 1878 alterum
1201 1830 1284 1875 cst
1316 1821 1596 1890 fpziupcris
1650 1832 1846 1871 manus
1898 1816 1951 1869 itt
2008 1828 2117 1884 quo
2172 1783 2400 1866 labesB

2352 1783 2400 1846 Β
2427 1811 2607 1881 ψυχήν
2638 1829 2752 1867 σου.
2795 1813 2920 1866 Ἐἁν
2985 1814 3255 1886 εἰσέλθῃς,
3288 1816 3383 1869 καὶ
3441 1814 3595 1887 εὔξῃ.
3625 1816 3719 1868 xa‘t
3750 1816 3897 1886 νίψῃ.
3921 1817 3990 1887 τῷ

759 1918 953 1971 animm
1011 1917 1429 1983 absterguntur.
1469 1911 1784 1981 Ingredcris
1835 1910 1887 1962 in
1926 1907 2241 1968 ecclesiam,
2268 1911 2323 1958 et

757 2027 953 2066 manus
981 2017 1102 2062 tuas
1133 2007 1314 2061 abluis
1343 2024 1358 2059 :
1386 2004 1553 2073 injice
1601 2004 1653 2058 in
1684 2002 1944 2073 pauperis
1974 2014 2172 2053 manus
2189 1997 2322 2053 obo-

757 2109 892 2167 lum,
923 2114 977 2159 et
1003 2102 1199 2155 anima:
1235 2108 1505 2152 mactuam
1542 2096 1889 2150 absterseris.
1942 2093 1997 2148 Si
2036 2094 2321 2162 ingressus

758 2198 951 2259 fueris,
990 2208 1293 2261 manusque
1337 2190 1538 2244 laveris
1582 2198 1637 2242 et
1675 2188 1942 2248 oraveris,
2005 2199 2104 2239 nec
2134 2195 2319 2238 tamen

754 2289 982 2359 pauperi
1034 2285 1276 2346 dederis,
1312 2282 1572 2352 quidnam
1610 2280 1868 2333 utilitatis
1917 2279 1983 2331 ad
2030 2287 2083 2331 te
2115 2292 2184 2331 ex
2218 2275 2321 2330 hac

758 2399 814 2437 re
837 2381 1076 2436 redibit?
1107 2381 1246 2449 Opes
1304 2377 1495 2441 habes,
1555 2387 1762 2443 easque
1809 2372 1977 2426 humo
2024 2369 2315 2435 conditas;

754 2493 819 2530 ac
852 2488 1244 2541 nonnunquam
1286 2471 1434 2525 fures
1484 2479 1647 2524 noctu
1687 2468 1934 2530 veniunt,
1969 2466 2318 2520 thesaurum-

754 2584 859 2639 que
888 2568 1153 2621 ellodiunt
1180 2575 1235 2620 et
1264 2564 1576 2632 subripiunt
1600 2578 1612 2613 :
1638 2575 1700 2614 ac
1726 2575 1885 2613 manu
1905 2574 2157 2627 surgens,
2187 2573 2314 2612 eum

755 2661 1073 2727 subreptum
1105 2656 1308 2709 cernis.
1343 2653 1438 2709 Vis
1476 2653 1769 2706 facultates
1809 2658 1933 2703 tuas
1961 2650 2185 2703 minime
2216 2648 2315 2702 tibi

758 2750 902 2803 furto
930 2747 1159 2801 subduci
1184 2746 1369 2814 ?quod
1402 2745 1582 2799 dicam
1617 2743 1805 2796 facito.
1835 2742 1940 2796 Eas
1979 2741 2031 2793 in
2062 2748 2312 2793 ventrem

752 2854 1047 2909 pauperum
1080 2836 1375 2899 absconde,
1406 2845 1460 2889 ct
1503 2848 1784 2901 nunquam
1834 2829 2118 2895 compilari
2162 2838 2315 2896 pote-

754 2943 903 2986 runt.
934 2930 1065 2984 Nam
1086 2930 1130 2984 si
1156 2930 1209 2982 in
1232 2937 1429 2981 terram
1449 2926 1750 2987 defodcris,
1771 2939 1862 2977 eas
1888 2924 2127 2975 amittes.
2155 2919 2313 2986 Quod

751 3024 796 3078 si
830 3038 938 3075 non
975 3021 1203 3080 amittis,
1272 3019 1379 3070 illa!
1407 3017 1629 3085 quidem
1670 3014 2071 3075 servabuntur;
2105 3021 2159 3063 at
2189 3028 2311 3064 cum

753 3112 820 3165 iis
843 3121 969 3179 post
1008 3111 1315 3163 discessum
1345 3124 1375 3162 c
1419 3108 1530 3159 vita
1566 3107 1847 3157 cariturus
1890 3105 1991 3164 sis,
2030 3102 2160 3170 quid
2187 3111 2308 3154 tan-

751 3203 875 3254 dem
916 3202 1012 3254 tibi
1048 3201 1349 3269 profutura:
1398 3196 1565 3251 sunt?
1593 3195 1723 3263 quid
1778 3204 1829 3247 te
1860 3193 2212 3245 cumulandis
2232 3191 2311 3241 di-

754 3295 903 3348 vitiis
959 3295 1191 3361 fatigas;
1242 3306 1365 3343 cunt
1416 3288 1507 3341 alii
1538 3287 1593 3340 in
1629 3285 1916 3339 facultates
1956 3293 2078 3336 tuas
2104 3284 2313 3351 ingres-

752 3386 866 3437 stni
898 3385 1145 3452 sint,qui
1202 3381 1352 3434 luxui
1403 3379 1731 3447 deliciisque
1784 3374 2193 3444 indulgebant?
2231 3373 2312 3426 An

753 3492 860 3532 non
888 3476 1208 3544 prophetam
1236 3473 1440 3526 audisti
1496 3472 1770 3525 dicentem
1813 3487 1825 3522 :
1855 3470 2200 3523 Thesaurizat
2232 3468 2318 3519 di-

752 3582 861 3627 ves,
890 3575 938 3618 et
979 3565 1187 3634 ignorat
1225 3564 1307 3615 cui
1348 3561 1682 3632 congregabit
1716 3577 1778 3612 ea
1808 3559 1981 3627 (I’sal.
2034 3574 2186 3621 xvttt,
2220 3557 2315 3627 7)?

754 3656 819 3710 Et
858 3660 908 3709 in
954 3657 1061 3709 alio
1094 3657 1215 3709 loco
1265 3670 1483 3709 rursum
1538 3654 1649 3707 ait:
1711 3651 1972 3717 Iitsipiens
2029 3663 2074 3704 et
2118 3651 2312 3704 stultus

751 3753 1013 3819 peribunt,
1064 3761 1112 3803 et
1157 3751 1443 3819 relinquent
1468 3748 1656 3801 alienis
1707 3748 1915 3800 divitias
1946 3762 2091 3799 suos.
2132 3744 2308 3815 (Paul.

751 3860 942 3908 xum,
1005 3844 1115 3911 Η).
1153 3862 1170 3892 ι
1214 3843 1373 3896 Vides
1411 3840 1542 3911 quid
1597 3840 1665 3893 iis
1701 3841 1914 3893 accidat
1946 3839 2041 3906 qui
2076 3838 2129 3890 itt
2166 3847 2308 3891 terra

750 3936 1179 3991 thcsattrizattt?
1210 3935 1293 3989 fac
1337 3936 1499 4004 igitur
1548 3934 1602 3987 in
1643 3934 1781 3985 cmln
1829 3933 2190 3990 thesaurizcs,
2220 3930 2310 3981 ubi

750 4045 840 4080 nec
873 4029 1011 4080 tinea
1038 4026 1341 4089 demolitur,
1395 4042 1485 4078 nec
1544 4026 1730 4079 vermis
1780 4024 2029 4090 deposcit,
2079 4040 2171 4077 nec
2221 4025 2311 4092 [ur

749 4116 931 4185 e/[odit
973 4114 1191 4180 (Matth.
1234 4132 1311 4178 vt,
1341 4116 1424 4173 l9.
1457 4115 1563 4179 ‘20;
1598 4113 1728 4167 Luc.
1781 4129 1879 4178 xu,
1917 4114 2027 4183 55).
2063 4112 2107 4169 Ο
2143 4114 2309 4167 miser

748 4216 803 4260 ct
837 4207 1177 4269 calamitose,
1204 4214 1362 4259 terra!
1414 4206 1732 4258 thesaurum
1770 4212 1925 4257 tuum
1966 4205 2167 4267 credis,
2209 4218 2309 4258 nec

750 4297 861 4350 Deo
890 4297 1070 4349 credis
1089 4296 1293 4349 dicenti
1332 4314 1345 4349 :
1377 4294 1527 4359 Quod
1573 4312 1675 4349 uno
1709 4310 1772 4348 ea:
1802 4294 2061 4363 fratribus
2092 4296 2218 4348 meis
2237 4296 2307 4361 fe-

748 4389 918 4449 cistis,
949 4387 1076 4439 milu'
1134 4387 1334 4454 fecistis
1368 4384 1587 4455 (Hatth.
1622 4403 1747 4445 xxv.
1776 4387 1909 4453 40)?
1952 4385 2127 4452 Quam
2180 4396 2305 4439 tan—

2426 1903 2484 1957 δὲ
2507 1903 2701 1976 πένητι
2731 1905 2806 1977 μὴ
2843 1906 2970 1977 δῷς,
3030 1907 3085 1961 τί
3134 1908 3359 1978 ὄφελοςς
3413 1908 3641 1963 πλοῦτον
3693 1911 3859 1979 ἔχεις,
3906 1915 3993 1964 καὶ

2427 1996 2691 2067 κρύπτεις
2749 1998 2910 2053 αὐτὸν
2957 2000 3051 2053 ἐπὶ
3095 2001 3193 2071 τῆς
3226 2001 3347 2072 γῆς,
3393 2003 3485 2055 καὶ
3534 2002 3702 2056 ἐνίοτε
3749 2003 3992 2073 ἔρχονται

2427 2087 2620 2152 νυκτὸς
2653 2090 2904 2156 κλέπται,
2944 2093 3039 2146 καὶ
3094 2092 3406 2163 ὀρύσσουσι,
3446 2094 3537 2148 καὶ
3586 2094 3879 2148 κλέπτουσι
3904 2096 3992 2147 τὸν

2426 2178 2731 2251 θησαυρόν·
2792 2185 2884 2236 καὶ
2930 2184 3213 2239 ἀνίστασαι
3245 2186 3411 2257 πρωῒ,
3455 2187 3549 2240 καὶ
3576 2187 3795 2257 βλέπεις
3833 2188 3992 2241 αὑτὸν

2428 2273 2620 2344 σεσυλη
2630 2275 2806 2344 μένον.
2839 2275 3022 2340 Θέλεις
3042 2276 3115 2348 μὴ
3144 2278 3442 2348 συληθῆναι
3462 2296 3477 2344 ;
3500 2280 3528 2333 ὃ
3550 2279 3692 2347 λέγω
3714 2298 3820 2344 σοι,
3838 2279 3996 2333 τοῦτο

2425 2364 2670 2434 ποίησον,
2700 2365 2793 2418 καὶ
2820 2366 3075 2420 οὐδέποτε
3110 2368 3337 2421 συλᾶσαι
3356 2370 3436 2433 είς
3460 2369 3549 2423 τὸν
3569 2368 3765 2425 αἰῶνα.
3806 2369 3993 2423 Χῶσον

2423 2457 2586 2512 αὐτὸν
2612 2459 2692 2521 εἰς
2724 2458 2822 2529 τὴν
2853 2458 3058 2513 κοιλίαν
3079 2460 3189 2514 τῶν
3216 2462 3444 2532 πτωχῶν
3489 2462 3568 2531 τῷ
3604 2463 3839 2533 κινδύνῳ
3872 2481 3990 2533 μου,

2422 2547 2517 2601 καὶ
2541 2547 2796 2601 οὐδέποτε
2822 2547 3045 2601 δύναται
3072 2550 3392 2622 πληθῆναι.
3431 2551 3557 2604 Ἐὰν
3587 2552 3644 2605 δὲ
3676 2553 3865 2623 χώσῃς
3896 2554 3996 2607 αύς-

2420 2640 2510 2694 τὸν
2540 2642 2619 2702 εἰς
2651 2641 2749 2709 τὴν
2782 2645 2905 2712 γῆν,
2931 2643 3154 2706 ἀπολεῖς
3211 2644 3395 2698 αὐτόν.
3433 2645 3544 2698 Καὶ
3570 2646 3667 2699 ἐὰν
3697 2646 3992 2716 ἀπολέσῃς,

2421 2729 2823 2801 φυλαχθήσεται
2848 2749 2859 2761 ·
2891 2734 2986 2787 καὶ
3014 2734 3109 2786 ἐὰν
3142 2734 3280 2804 μετά
3307 2736 3404 2806 τὴν
3434 2735 3692 2807 τελευτήν
3716 2755 3813 2791 σου
3842 2741 3993 2803 ἐκτὸς

2421 2819 2585 2885 αὑτοῦ
2614 2817 2701 2893 ᾖς,
2725 2821 2779 2873 τί
2805 2840 2889 2875 σοι
2912 2822 2973 2875 τὸ
2996 2824 3217 2892 διρελος;
3249 2825 3301 2876 τί
3322 2826 3550 2891 κάμνεις
3579 2828 3672 2879 καὶ
3707 2828 3995 2894 πλουτείςς

2420 2913 2515 2963 καὶ
2546 2912 2694 2964 ἄλλοι
2760 2914 3096 2985 εἰσέρχονται
3151 2917 3229 2977 είς
3279 2914 3345 2969 τὰ
3396 2917 3715 2987 ὑπάρχοντά
3754 2936 3871 2981 σου,
3906 2922 3999 2973 καὶ

2419 3002 2857 3074 κατατρυφῶσιν.
2892 3007 3005 3058 Οὐκ
3025 3008 3261 3077 ἤκουσας
3288 3007 3380 3060 τοῦ
3404 3010 3683 3080 προερήτου
3718 3010 3992 3079 λέγοντος·

2421 3094 2767 3163 Θησαυρίζει
2819 3100 2853 3149 ό
2898 3100 3219 3164 πλούσιος,
3246 3099 3343 3151 καὶ
3382 3103 3493 3154 οὐκ
3522 3098 3688 3156 οἶδεν
3707 3104 3825 3156 τίνι
3850 3120 3997 3157 σω·-

2416 3184 2546 3245 ιὶξει
2573 3188 2726 3238 αὐτά
2746 3204 2763 3247 ;
2785 3188 2894 3240 Καὶ
2926 3190 3085 3241 πάλιν
3108 3191 3340 3258 ἀλλαχοῦ
3363 3192 3511 3259 λέγει
3535 3211 3549 3223 ⁸
3585 3213 3603 3245 ι
3647 3195 3880 3266 Ἀφρων
3905 3196 3999 3249 καὶ

2416 3275 2575 3337 ἄνους
2604 3276 2965 3329 ἀπολοῦνται·
3001 3279 3093 3331 καὶ
3112 3281 3539 3350 καταλείψουσιν
3575 3284 3884 3355 ἀλλοτρίοις
3908 3290 3998 3341 τὸν

2417 3363 2649 3419 πλοῦτον
2678 3366 2877 3421 αὐτῶν.
2903 3386 2923 3419 ι
2964 3369 3125 3440 Ὀρᾷς
3149 3370 3202 3423 τί
3233 3371 3533 3440 πάσχουσιν
3557 3374 3607 3426 οἱ
3634 3374 3999 3446 Θησαυρίζονι-

2414 3477 2504 3522 τες
2533 3460 2625 3513 ἐπὶ
2657 3461 2754 3528 τῆς
2782 3464 2919 3531 γῆς;
2950 3460 3085 3515 ἀλλὰ
3102 3461 3466 3536 θησαυρίζετε
3494 3465 3553 3517 ἐν
3580 3466 3819 3537 οὐρανῷ,
3839 3468 3995 3523 ὅπου

2414 3556 2525 3607 οὐκ
2554 3553 2726 3606 ἔστιν
2754 3555 2792 3621 ἡ
2832 3553 2973 3622 σῆς,
3009 3554 3151 3608 οὐδὲ
3174 3556 3424 3625 σκώληξ
3449 3560 3807 3624 κατεσθίων,
3850 3562 3999 3616 οὐδὲ

2411 3644 2651 3712 λῃστὴς
2702 3643 3064 3713 διορύσσων.
3088 3643 3159 3699 *Ω
3188 3647 3339 3701 ἄθλιε
3372 3649 3468 3701 καὶ
3521 3651 3844 3723 ταλαίπωρε
3879 3671 3893 3683 ·
3927 3657 3993 3725 τῇ

2410 3738 2481 3805 γῇ
2513 3736 2785 3798 πιστεύεις
2812 3737 2903 3789 τὸν
2959 3736 3231 3810 θησαυρόν
3256 3757 3373 3807 σου,
3409 3741 3504 3795 καὶ
3538 3742 3617 3812 τῷ
3655 3742 3777 3813 Θεῷ
3804 3745 3870 3797 ού
3906 3762 3998 3799 ’.τι-

2412 3827 2622 3892 στεύεις
2654 3828 2733 3898 τῷ
2745 3830 3052 3884 είπόντι·¹“0
3079 3831 3168 3885 ἐνὶ
3194 3832 3419 3885 τούτων
3441 3832 3558 3886 τῶν
3580 3833 3997 3903 ﬂagiti-cev

2408 3921 2754 3987 ἐποιήσατε,
2821 3924 2953 3992 ἐμοὶ
3006 3925 3369 3990 ἐποιήσατεξ
3427 3927 3597 3981 Ποίαν
3651 3930 3998 4003 συγγνώμην

2409 4010 2583 4077 Etiam;
2612 4011 2825 4081 Χρυσὸν
2848 4014 3018 4082 φιλεῖς
3043 4014 3134 4068 τὸν
3163 4015 3478 4087 αίμοδόρον,
3518 4017 3610 4071 τὸν
3655 4021 3794 4073 πᾶσι
3830 4024 3997 4076 πολέ-

2413 4118 2553 4171 μιον,
2596 4104 2688 4155 καὶ
2709 4104 2841 4157 πᾶσι
2876 4105 3145 4168 ποθεινὸν,
3176 4106 3272 4159 τὸν
3320 4108 3426 4162 ὑπὸ
3469 4112 3691 4165 πάντων
3718 4114 3993 4185 φιλούμε-

2412 4211 2522 4255 νον.
2556 4195 2649 4248 καὶ
2678 4197 2843 4250 πᾶσιν
2866 4196 3306 4264 ἐπιϐουλεύοντα,
3337 4201 3430 4256 τὸν
3468 4204 3764 4276 δραπέτην,
3788 4208 3891 4263 τὸν
3924 4212 3997 4263 οἰ-

2409 4288 2594 4358 κέτην,
2627 4288 2719 4341 τὸν
2742 4288 3033 4360 ἀγνώμονα
3056 4308 3071 4357 ;
3092 4293 3207 4346 Οὐκ
3241 4290 3392 4359 οἶδας
3421 4291 3531 4361 οἷός
3573 4299 3725 4352 ἐστιν
3757 4304 3787 4354 ὀ
3820 4302 3994 4356 πλοῦ-

2407 4396 2534 4445 τος;
2584 4381 2838 4452 καθάπερ
2892 4384 3065 4455 πόρνη
3126 4387 3503 4456 ἀσυνείδητος,
3551 4390 3728 4460 τούτῳ
3777 4395 3992 4465 ὁμιλεῖ,

746 4478 869 4532 dem
904 4479 1115 4532 veniam
1145 4478 1457 4531 obtinebis?
1479 4480 1683 4530 Aurum
1714 4493 1885 4541 amas,
1916 4478 2059 4547 quod
2080 4479 2301 4533 crudele
2333 4486 2381 4543 ι)

2333 4486 2381 4543 ι)
2409 4473 2616 4526 ἐκεῖθεν
2671 4475 2863 4545 ἐκείνῳ
2913 4476 3077 4541 νεύει,
3108 4478 3253 4550 ἄλλῳ
3306 4481 3629 4540 συντίθεται.
3669 4484 3739 4538 Τί
3783 4482 3864 4551 εἲ,
3894 4490 3993 4543 ἂν.

744 4577 800 4624 et
832 4568 1238 4637 sanguinarium
1266 4576 1389 4633 est;
1426 4568 1569 4635 quod
1606 4569 1674 4621 ab
1707 4569 1963 4622 omnibus
2006 4570 2301 4637 expetitur,

745 4669 909 4719 atque
931 4658 1188 4709 omnibus
1232 4655 1486 4710 infestum
1507 4666 1628 4721 est;
1660 4657 1808 4725 quod
1835 4665 2052 4710 amatur
2082 4657 2152 4711 ab
2184 4673 2303 4710 ont—

745 4754 930 4817 nibus,
965 4758 1019 4806 et
1049 4751 1210 4823 497
1243 4750 1498 4804 omnibus
1534 4748 1764 4819 insidias
1813 4751 1999 4814 struit,
2039 4749 2182 4819 quod
2216 4751 2303 4803 fu-

744 4845 993 4914 gitivum,
1027 4844 1169 4912 quod
1213 4858 1453 4903 servum,
1485 4841 1629 4911 quod
1675 4841 1951 4912 ingratum
1979 4850 2083 4897 est.
2116 4844 2199 4897 An
2254 4852 2306 4898 te

747 4932 887 5009 fugi}
948 4933 1257 5000 cujusmodi
1313 4932 1426 4988 sint
1473 4931 1715 4986 divitia?
1758 4933 1834 4986 uti
1885 4936 2146 4989 meretrix
2178 4951 2304 5005 per-

743 5024 916 5079 fricta:
940 5023 1157 5088 frontis,
1192 5040 1339 5079 nunc
1356 5039 1478 5078 cum
1502 5024 1611 5080 isto
1630 5026 2086 5082 consuetudinem
2119 5029 2300 5093 habet,

742 5130 892 5171 nunc
911 5115 1036 5169 inde
1061 5116 1128 5170 ad
1155 5116 1305 5169 illum
1338 5116 1663 5186 propendet,
1692 5133 1758 5172 ac
1794 5120 2024 5187 posthac
2055 5120 2146 5175 alii
2184 5138 2304 5177 sese

740 5206 1008 5278 adiungit.
1039 5207 1307 5274 Quidnam
1352 5225 1432 5271 es,
1476 5225 1510 5261 o
1561 5211 1727 5266 homo
1756 5211 1779 5264 ?
1805 5210 1978 5266 Hodie
2018 5215 2299 5283 princeps,

740 5311 865 5351 cras
914 5295 1202 5360 subditus;
1261 5295 1422 5351 hodie
1480 5298 1655 5362 dives,
1687 5314 1810 5354 cras
1867 5315 2109 5370 pauper;
2142 5302 2303 5358 hodie

736 5387 829 5454 jus
849 5386 1011 5452 dicis,
1039 5401 1162 5441 cras
1204 5386 1473 5456 judicium
1525 5390 1701 5445 subis.
1733 5389 1815 5444 An
1845 5406 1953 5445 non
1988 5393 2110 5447 vitae
2138 5393 2301 5462 hujus

743 5478 1168 5532 inconstantiam
1192 5480 1502 5550 perspicis?
1534 5496 1718 5537 nonne
1745 5482 1861 5537 haec
1884 5484 2063 5539 instar
2093 5486 2300 5541 umbra:

740 5568 1024 5639 praterit?
1052 5584 1232 5624 nonne
1253 5567 1403 5623 futuo
1420 5570 1579 5625 vilior
1610 5580 1695 5626 cst
1721 5572 1745 5626 ?
1787 5587 1968 5629 nonne
1989 5574 2134 5630 sicut
2171 5590 2298 5630 ara-

740 5675 842 5717 nea
859 5660 1219 5717 distrahitur?
1265 5659 1387 5715 Non
1418 5662 1665 5718 desinam
1694 5679 1793 5721 vos
1814 5665 2036 5732 docere,
2084 5665 2298 5723 faciatis

2408 4564 2627 4635 θρωπε;
2681 4568 2929 4639 Σήμερον
2986 4569 3192 4640 ἄρχων,
3259 4573 3356 4625 καὶ
3399 4574 3589 4645 αὔριον
3632 4580 3989 4649 ἀρχόμενος·

2407 4660 2645 4726 σήμερον
2670 4657 2944 4723 πλούσιος,
2976 4660 3072 4712 καὶ
3093 4658 3282 4731 αὔριον
3316 4662 3484 4733 πένης
3504 4662 3538 4695 ·’
3555 4666 3805 4739 σήμερον
3838 4671 3995 4724 δικά-

2405 4745 2538 4811 ζεις,
2579 4749 2674 4801 καὶ
2696 4747 2885 4820 αὔριον
2935 4749 3151 4824 δικάζῃ.
3196 4750 3359 4824 Ὁρᾷς
3389 4755 3486 4824 τὴν
3539 4756 3633 4809 τοῦ
3660 4756 3781 4826 βίου
3818 4778 3992 4831 μετα-

2405 4839 2598 4911 ϐολήνο
2627 4842 2726 4912 οὐχ
2753 4841 2829 4905 ὡς
2869 4842 2996 4895 σκιά
3060 4845 3431 4915 παρατρέχει;
3475 4849 3535 4901 οὗ
3573 4850 3788 4904 κάπνου
3834 4855 3993 4907 εύτεο

2402 4930 2685 5003 λέστερος;
2717 4934 2813 5003 οὐχ
2846 4934 2920 4997 ὡς
2957 4935 3167 5006 ἀράχνη
3210 4936 3540 5004 διασπᾶταις
3574 4941 3649 4993 Ού
3695 4943 3991 5014 παύσομαι

2403 5024 2545 5094 ὑμᾶς
2577 5025 2846 5079 παιδεύων
2870 5044 2885 5093 ;
2908 5028 3011 5081 κᾶν
3039 5044 3100 5079 τε
3134 5028 3209 5098 μὴ
3260 5029 3467 5098 ποιῆτε.
3502 5030 3830 5101 Γέγραπται
3856 5039 3990 5107 γάρ’

2402 5115 2568 5167 Λάλει
2598 5118 2676 5180 εἰς
2703 5110 2818 5169 ὦτα
2833 5117 3159 5172 ἀκουόντων.
3193 5120 3448 5191 Παρακοὴ
3482 5120 3717 5176 θάνατον
3756 5128 3993 5196 ἐργάζει

2400 5224 2508 5261 ται.
2537 5207 2865 5278 Μιμήσασθε
2892 5210 2987 5262 καὶ
3015 5209 3115 5280 τὴν
3136 5210 3311 5281 χήραν
3334 5213 3545 5283 ἐκείνην
3572 5215 3673 5284 τὴν
3718 5220 3859 5283 τοὺς
3895 5222 3993 5273 δύο

2400 5300 2618 5363 ὀϐολοὺς
2664 5301 2933 5366 ὅώσασαν,
2967 5302 3085 5365 πῶς
3123 5304 3431 5373 ἐδικαιώθη.
3471 5305 3576 5360 Δύο
3611 5307 3845 5374 ὀϐολοὺς
3887 5314 3993 5367 οᾷκ

2402 5391 2562 5461 ἔχεις
2581 5392 2678 5445 ’ένα
2703 5392 2887 5456 δός.¹’0
2910 5392 3074 5463 ἔχεις,
3098 5394 3199 5470 κᾶν
3219 5396 3381 5466 ἄρτον
3400 5413 3414 5428 ·
3438 5398 3540 5451 κᾶν
3561 5401 3827 5466 στέναξον
3861 5407 3991 5458 ἰδὼν

2399 5484 2491 5537 τὸν
2520 5485 2747 5555 πένητα,
2778 5487 2875 5539 καὶ
2898 5487 3144 5541 δέδεκται
3171 5490 3204 5556 ἡ
3232 5489 3433 5560 δέησις.
3469 5492 3526 5543 ’0
3542 5496 3651 5564 γὰρ
3671 5496 3992 5568 ἐπιστάμε-

2399 5591 2488 5638 νος
2512 5575 2580 5628 τὰ
2614 5576 2898 5649 ἀπόρρητα
2926 5578 3023 5648 τῆς
3059 5579 3297 5643 διανοίας
3337 5583 3588 5651 ἑκάστου,
3619 5587 3649 5639 ὀ
3680 5588 3752 5641 τά
3797 5593 3986 5644 πάντα

2400 5667 2655 5738 ἐπιγνοὺς
2686 5670 2811 5741 πρὶν
2837 5670 3123 5740 γενέσεως,
3156 5669 3295 5729 οἶδεν
3325 5676 3407 5730 ὅτι
3451 5679 3499 5731 εί
3536 5675 3705 5751 εἶχες,
3741 5684 3979 5747 ἐδίδους.
