4206 6442
110 514 117 519 ξ
172 447 293 511 1509
1429 446 1660 505 SACRA
1683 445 1771 505 ῬᾺ

1722 445 1972 504 ἎΒΛΙᾸ
1997 446 2156 504 ELA.
3247 436 3383 499 1510

168 564 267 629 Τὴν
285 559 384 629 γὰρ
408 556 632 627 καρδίαν
661 556 914 627 ἐξερευνᾷ
936 558 1027 610 καὶ
1054 552 1213 610 οἶδεν.
1244 557 1588 625 Ἀνθρωπος
1605 574 1710 627 γαρ
1743 568 1783 620 Λ
1822 573 1829 609 l

1743 568 1783 620 Λ
1822 573 2011 611 net-ne.
2040 557 2319 625 Siquidem
2375 566 2639 626 scriptum
2682 566 2803 611 est:
2842 554 3091 624 Loquere
3126 554 3179 606 in
3214 567 3379 604 aures

167 640 355 717 ὀψὲται
374 650 459 713 εις
480 648 822 714 πρόσωπον,
859 647 1003 713 Θεὸς
1030 648 1097 701 δὲ
1120 651 1207 714 εἰς
1234 648 1505 717 καρδίαν.
1818 666 1828 701 :

1818 649 2180 703 audientium.
2213 650 2635 720 lnobsequentia
2691 659 2921 705 mortem
2951 650 3119 720 parit.
3145 647 3378 701 Viduam

164 741 301 793 illam
348 738 681 792 mmulamini
738 755 859 809 qua:
919 740 1059 795 duos
1087 742 1283 797 obolos
1326 742 1475 796 dedit
1509 740 1706 813 (Marc.
1738 758 1834 805 xu,
1867 743 1982 812 42).
2015 742 2208 798 Videte
2258 760 2367 814 qua
2424 748 2640 799 ratione
2692 744 2926 812 justitiae
2968 742 3187 796 laudem
3249 755 3382 795 eon-

167 836 339 884 secuta
364 837 469 884 est.
527 828 673 884 Duos
716 830 909 885 obolos
934 846 1043 885 non
1086 832 1486 887 habes?unum
1514 833 1601 887 da.
1641 832 1698 886 Si
1729 849 1796 887 ne
1832 849 2001 886 uimm
2050 835 2293 904 quidem,
2345 836 2413 889 da
2472 837 2614 906 quod
2672 835 2861 890 habes.
2905 835 2983 889 Da
3045 835 3130 889 vel
3185 847 3382 903 panem

166 939 340 977 unum.
373 924 678 994 lngemisce
731 924 942 990 saltem,
978 938 1105 978 cum
1142 940 1435 996 pauperem
1483 925 1703 991 vidisti;
1736 935 1896 996 atque
1950 936 2127 983 oratio
2185 938 2276 982 tua
2329 940 2481 1001 grata
2540 940 2593 985 et
2650 937 2873 998 accepta
2929 928 3057 983 erit.
3092 926 3197 993 Qui
3233 925 3381 979 enim

163 1016 333 1070 cordis
365 1018 795 1087 uniuscujusque
829 1032 1033 1072 arcana
1066 1022 1238 1085 novit,
1265 1020 1357 1090 qui
1394 1020 1497 1076 scit
1523 1022 1713 1075 omnia
1748 1032 2043 1094 antequam
2093 1027 2365 1089 oriantur,
2436 1031 2779 1095 exploratum
2820 1025 2983 1079 habet
3030 1022 3284 1076 daturum
3328 1028 3382 1072 te

165 1109 342 1164 l'nisse.
408 1108 450 1160 si
516 1109 764 1163 haberes.
823 1106 959 1163 Nam
997 1123 1095 1163 cor
1124 1120 1399 1166 scrutatur
1440 1122 1496 1168 et
1532 1116 1704 1167 novit.
1738 1114 1906 1169 Ilomo
1932 1120 2077 1171 enim
2135 1118 2271 1173 videt
2330 1119 2386 1171 in
2435 1118 2648 1187 faciem,
2700 1120 2840 1173 Deus
2909 1124 3085 1170 autem
3148 1118 3383 1168 intuetur

161 1216 242 1251 cor
268 1199 317 1269 (Ι
337 1199 461 1269 Reg.
495 1216 601 1264 XVI,
637 1200 713 1271 7).

2350 1206 2374 1229 η

312 1318 711 1381 ματαιοπονεῑς,
762 1312 807 1371 ὧ
860 1318 1101 1387 πλούσιε,
1125 1320 1193 1374 τὰ
1231 1320 1339 1376 τῶν
1368 1324 1619 1391 πενήτων
1653 1324 1711 1375 ἐν

159 1404 261 1464 τοῖς
303 1407 409 1467 σοῖς
463 1406 865 1476 ἀποκρύπτωνς
906 1411 958 1464 τί
986 1410 1304 1482 αἰτούμενος
1344 1414 1471 1485 παρ’
1506 1414 1705 1480 αὐτῶν,

158 1494 469 1562 ἀγανακτεῖς
524 1501 599 1561 ὡς
645 1502 856 1553 οἷ’κοοεν
923 1504 1264 1571 ἁναλίσκωνς
1326 1506 1395 1559 τὰ
1479 1506 1709 1577 πατρῷα

158 1586 407 1649 θέλουσιν,
440 1590 501 1641 οὐ
530 1591 597 1642 τὰ
620 1592 687 1645 σά
711 1608 724 1619 ·
755 1593 823 1646 τὰ
846 1594 1258 1665 ἐγχειρισθέντα
1298 1616 1378 1650 σοι
1405 1598 1472 1650 δι’
1492 1599 1705 1662 αὐτοὺς,

156 1677 209 1727 οὔ
242 1679 375 1746 μετὰ
402 1680 498 1732 σοῦ
532 1683 860 1754 γεννηθέντα
891 1686 1100 1751 ἔλαϐες.
1132 1690 1230 1752 Δὸς
1261 1690 1464 1761 καὶτὴν
1481 1692 1702 1762 χρῆσιν·

158 1769 423 1839 κέρδανον,
458 1775 551 1826 καὶ
580 1775 741 1845 ἀρκεῖ
796 1793 899 1843 σοι,
941 1779 1023 1832 ὅτι
1066 1780 1267 1835 διδόναι
1309 1783 1367 1835 οὐ
1410 1784 1704 1855 λαμὸἁνειν

156 1864 541 1930 προσετάκοοτις.

220 2068 383 2121 Αὐτοῦ
414 2070 472 2122 αἱ
499 2070 748 2141 ἁρπαγαὶ
773 2072 866 2125 καὶ
892 2070 1066 2127 ἄλλων
1096 2074 1152 2127 αί
1200 2073 1402 2146 ἡδοναί.
1442 2073 1616 2127 Αὑτοῦ
1650 2078 1702 2128 αξ

154 2158 397 2226 κατάραι,
435 2162 528 2213 καὶ
570 2161 744 2214 ἄλλων
789 2162 846 2215 αί
907 2163 1216 2234 Θεραπεῖαι..
1268 2164 1402 2218 Κατ’
1447 2164 1613 2218 αὐτοῦ
1653 2166 1701 2216 οἱ

153 2252 456 2321 στεναγμοὶ,
492 2253 586 2304 καὶ
649 2254 780 2324 παρ’
832 2256 1039 2327 ἑτέροις
1087 2260 1135 2311 οἱ
1174 2257 1521 2327 πλεονασμοί.
1568 2260 1702 2311 Κατ’

149 2339 301 2391 αὐτοῦ
324 2343 391 2394 τὰ
424 2342 655 2414 δάκρυα,
688 2347 781 2398 καὶ
810 2348 937 2418 παρ’
964 2348 1172 2419 ἑτέροις
1202 2348 1270 2401 τὰ
1290 2351 1543 2420 χρήματα
1564 2368 1576 2379 υ
1599 2351 1702 2401 Λύ-

148 2433 232 2495 16;
257 2437 311 2487 ἐν
332 2436 437 2508 ᾄδῃ
467 2438 775 2503 κολάζεται,
810 2442 903 2493 καὶ
928 2440 1075 2493 ἄλλοι
1106 2440 1362 2503 πολλάκις
1390 2444 1447 2495 ὲν
1467 2446 1577 2505 τοῖς
1606 2445 1701 2495 orb-

148 2529 233 2582 τοῦ
267 2534 578 2602 τρυφῶντες
598 2535 911 2603 ψάλλουσιν.

210 2648 433 2714 Λέοντες
498 2651 613 2721 μὲν,
642 2651 736 2704 καὶ
770 2651 981 2721 ἄρκτοι,
1019 2650 1111 2703 καὶ
1150 2650 1462 2721 παρδάλεις,
1494 2654 1551 2703 ἐν
1609 2652 1703 2722 μέ-

150 2754 260 2801 σαις
281 2744 398 2804 ταῖς
421 2742 630 2802 πόλεσι.
670 2742 815 2800 τίνος
865 2744 1024 2813 χάριν
1061 2743 1356 2811 φιλοτίμως
1387 2743 1699 2810 σιτιζονται,

146 2833 171 2882 6
195 2833 249 2884 δὲ
283 2834 497 2902 πτωχὸς
555 2835 651 2887 ἐπὶ
699 2835 794 2887 τοῦ
830 2835 1077 2904 ,ἐδάφους
1118 2836 1275 2903 ἕρπει
1325 2835 1697 2906 σοντετηκώς;

148 2925 249 2977 Καὶ
378 2925 518 2977 λέων
572 2926 906 2997 θαλπόμενος
949 2927 1056 2979 τῶν
1082 2928 1354 2997 δημοσίων
1396 2928 1571 2998 κρεῶν
1602 2927 1701 2997 τὴν

145 3014 357 3069 κνίσσαν
382 3016 683 3084 ἐρεύγεται
730 3012 951 3081 Οὗτινος
980 3020 1071 3087 τὴν
1100 3018 1288 3089 χρείαν
1308 3019 1695 3090 ὲὰνέρωτήσω,

144 3108 333 3175 μᾶλλον
382 3110 884 3180 ὲγκαλυφθήσομαι.
931 3111 1146 3181 Θηρίων
1176 3112 1284 3180 γὰρ
1322 3112 1542 3176 ὀδόντας
1572 3115 1699 3166 dixe-

140 3198 293 3250 νῶσιν
330 3202 380 3252 οἱ
407 3201 680 3271 ἄνθρωποι
707 3204 847 3256 κατᾶ
876 3203 1197 3272 ἀνθρώπων.

201 3399 288 3467 Μή
316 3414 408 3466 μοι
433 3397 579 3463 λέγε,
612 3396 691 3448 ὅτι
725 3396 920 3447 Πενίαν
964 3394 1255 3466 φοϐοῦμαι.
1286 3397 1482 3449 Πενίαν
1535 3398 1693 3466 φοϐῇ,

138 3490 519 3557 καὶὰμαρτίαν
572 3489 631 3539 οὔ
687 3488 853 3557 φοὸῇ;
908 3489 1103 3540 Πενίαν
1138 3488 1212 3558 μὴ
1262 3489 1527 3559 φοϐηθῇς,
1579 3490 1694 3541 ἀλλ’

136 3582 403 3651 ἁμαρτίαν
429 3580 527 3650 τὴν
549 3582 757 3648 μητέρα
782 3582 880 3648 τῆς
898 3581 1188 3643 κολάσεως.
1227 3583 1287 3632 Ὀ
1316 3584 1696 3652 Δεσπότηςςαί-

133 3670 462 3737 τεῐὲντολὴν,
478 3669 570 3720 καὶ
594 3670 653 3720 οὐ
671 3669 824 3731 δίδως
840 3668 1081 3737 αὺτῷίὉ
1093 3685 1182 3719 ταν
1205 3669 1312 3738 γὰρ
1342 3669 1577 3739 ἀκούσῃς
1604 3672 1695 3722 αὺ-

132 3760 218 3813 τοῦ
236 3761 578 3830 λέγοντοςοὌ
604 3778 655 3811 τι
680 3760 769 3812 ἑνὶ
798 3760 865 3811 ἐκ
882 3760 1108 3811 τούτων
1128 3757 1244 3810 τῶν
1268 3759 1546 3827 ἀδελφῶν
1573 3778 1694 3829 μου

131 3854 469 3922 ἐποιήσατε,
487 3854 615 3920 ἐμοὶ
641 3850 979 3915 ἐποιήσατε,
999 3851 1119 3921 ὅρα,
1154 3852 1182 3903 ὃ
1204 3869 1254 3903 τι
1277 3851 1343 3904 ἂν
1356 3852 1461 3919 δῷς
1482 3851 1558 3921 τῷ
1593 3853 1693 3904 πέ-

133 3962 271 4015 νητι,
309 3945 389 4014 ’τῷ
419 3943 638 4014 Χριστῷ
665 3943 839 4003 δίδως.
881 3942 1003 3993 Ἐὰν
1034 3938 1127 3994 οὖν
1154 3942 1227 4011 μὴ
1261 3942 1365 4010 δῳς
1388 3941 1553 4011 αὐτῷ,
1575 3942 1692 4005 πῶς

132 4040 191 4091 σὺ
214 4040 420 4109 αἰτήσῃ
440 4040 496 4089 ἐν
510 4038 691 4107 ἐκείνῃ
711 4039 777 4105 τῇ
795 4035 997 4105 ἡμέρᾳ,
1014 4034 1099 4086 ἵνα
1122 4035 1318 4106 ἐλεήσῃ
1336 4050 1392 4085 σε
1413 4030 1508 4097 ;Ἀ
1521 4051 1586 4103 ρα
1610 4051 1690 4085 σοι

127 4132 223 4183 οὐκ
242 4130 483 4198 ἐγκαλεῖ,
503 4130 584 4180 ὅτι
612 4124 909 4180 Πεινῶντά
934 4143 1004 4190 με
1045 4122 1221 4191 εἶδες,
1262 4125 1361 4178 καὶ
1388 4126 1498 4179 οὐκ
1525 4124 1686 4192 ἔθρε-

126 4228 280 4292 ψας;
302 4221 574 4292 Διψῶντά
591 4238 667 4289 με
682 4217 857 4285 εἶδες,
877 4219 974 4272 καὶ
996 4221 1106 4271 οὐκ
1123 4219 1436 4283 ἐπότισας;
1462 4221 1690 4288 γυμνόν

122 4313 390 4383 μεεῖδες,
420 4314 513 4365 καὶ
534 4314 644 4369 οὐκ
676 4311 967 4376 ἑνέδυσας
992 4328 1005 4363 :
1036 4311 1100 4361 Τί
1127 4304 1234 4382 ἆρα
1274 4312 1420 4380 ὲρείς
1457 4310 1625 4380 αὐτῷ,
1654 4310 1686 4381 ἢ

126 4408 279 4459 ποίαν
328 4404 659 4473 συγγνώμην
705 4404 885 4472 ἔχειςς
922 4404 993 4455 Σὺ
1036 4405 1133 4471 μὲν
1170 4404 1389 4473 σηρικὰ,
1442 4406 1536 4455 καὶ
1592 4402 1689 4455 λα-

123 4499 260 4568 γῷα,
323 4499 417 4550 καὶ
461 4498 645 4563 αἴγεια
702 4495 1111 4566 περιϐέϐλησαι,
1138 4497 1229 4547 καὶ
1266 4497 1295 4548 6
1324 4495 1492 4565 πένης
1520 4496 1687 4567 ῥάκος

1885 1318 2073 1388 Εμιδά.
2100 1319 2281 1374 homil.
2310 1320 2365 1373 in
2397 1318 2545 1372 Psal.
2579 1334 2805 1373 xxxvui.
2837 1348 2905 1358 —
2939 1316 3079 1383 Quid
3104 1316 3379 1369 incassum

1816 1415 2062 1477 laboras,
2104 1429 2137 1467 o
2173 1413 2353 1476 dives,
2388 1424 2446 1467 ut
2488 1428 2611 1482 quae
2660 1428 2960 1482 pauperuru
3002 1417 3154 1476 sunt,
3183 1409 3295 1461 tuis
3324 1410 3380 1460 in

1810 1506 2087 1559 thesauris
2113 1506 2389 1561 occultes?
2451 1504 2584 1575 quid
2637 1501 2788 1559 cum-
2817 1504 2920 1574 ipsi
2957 1503 3055 1557 abs
3086 1510 3137 1556 te
3166 1508 3378 1571 petunt,

1811 1597 2211 1659 stomacharis,
2242 1606 2501 1666 tanquam
2552 1596 2629 1676 de]
2660 1604 2757 1651 tuo
2793 1595 3042 1649 insumas
3066 1592 3090 1645 ?
3116 1593 3257 1646 bona
3289 1604 3384 1658 pa-

1810 1696 1961 1741 terna
2000 1690 2210 1750 volunt,
2246 1704 2352 1741 non
2380 1699 2473 1742 tua
2503 1704 2516 1738 :
2543 1703 2608 1743 ea
2639 1703 2762 1759 quae
2793 1687 2889 1742 tibi
2920 1701 3021 1741 sua
3050 1700 3220 1740 causa
3246 1700 3382 1737 cou-

1810 1794 1961 1833 cessa
1989 1787 2141 1840 sunt,
2180 1796 2288 1832 non
2320 1794 2443 1849 qua)
2471 1787 2651 1833 tecum
2703 1786 2828 1833 nata
2863 1785 3013 1833 sunt.
3056 1774 3335 1845 Accepisti
3360 1772 3384 1824 ’ἶ

1740 1876 1779 1929 Β
1810 1869 1990 1921 tribue
2026 1886 2037 1920 :
2074 1886 2137 1923 ex
2173 1886 2275 1924 usu
2334 1877 2606 1939 quaestum
2644 1868 2751 1923 fac.
2808 1867 2957 1924 Satis
2990 1869 3089 1922 tibi
3118 1876 3206 1922 est
3235 1864 3381 1937 quod

1729 3232 1774 3292 C

1806 1978 1915 2017 non
1949 1962 2219 2031 accipere,
2252 1962 2348 2017 sed
2376 1963 2714 2030 darejussus
2751 1963 2851 2017 sis.

1876 2072 2069 2142 Ejusd.
2102 2105 2170 2115 —-
2203 2071 2378 2144 Hujus
2414 2084 2545 2128 sunt
2578 2075 2805 2143 rapinae,
2843 2073 3075 2127 aliorum
3133 2073 3382 2141 volupta-

1806 2174 1905 2220 tes.
1943 2166 2119 2234 Hujus
2155 2166 2597 2232 maledictioncs,
2640 2166 2866 2219 aliorum
2918 2166 3099 2219 cultus
3131 2174 3184 2221 et
3215 2166 3379 2219 obse~

1804 2257 1953 2326 quia.
2011 2258 2297 2312 Adversus
2341 2273 2467 2312 eum
2524 2257 2783 2327 gemitus,
2838 2257 2979 2326 apud
3026 2258 3166 2311 alios
3212 2258 3382 2310 incre-

1806 2358 2005 2403 menta.
2039 2351 2321 2404 Adversus
2352 2366 2475 2403 eum
2502 2350 2774 2419 lacryma‘,
2807 2349 2953 2416 apud
2984 2350 3121 2403 alios
3151 2348 3377 2401 divitiae.

1805 2440 1923 2507 Ipse
1966 2442 2019 2494 in
2046 2439 2261 2493 inferno
2315 2440 2694 2501 exerueiatur,
2730 2447 2783 2492 et
2812 2440 2904 2493 alii
2945 2454 3090 2509 saepe
3121 2439 3176 2493 in
3220 2437 3381 2493 bonis

1806 2531 1979 2600 ipsius
2014 2531 2166 2585 luxui
2193 2531 2561 2600 cantibusque
2596 2531 2900 2602 indulgent.

1871 2648 2057 2716 Ejusd.
2089 2679 2151 2688 ——
2177 2647 2316 2713 Quid
2354 2647 2572 2701 tandem
2608 2655 2692 2702 est
2719 2646 2863 2717 quod
2908 2648 3116 2710 leones,
3155 2655 3210 2701 et
3242 2648 3378 2709 ursi,

1802 2750 1856 2795 et
1878 2741 2027 2809 pardi
2055 2740 2107 2792 in
2140 2741 2335 2793 mediis
2365 2741 2595 2794 urbibus
2630 2741 2921 2808 magnilice
2966 2741 3212 2802 aluntur,
3241 2754 3380 2809 pau-

1804 2846 1900 2900 per
1955 2840 2136 2885 aulem
2195 2831 2416 2885 tabidus
2469 2831 2624 2883 humi
2658 2830 2849 2900 repit?
2908 2831 2985 2883 Ac
3038 2830 3123 2884 leo
3147 2830 3376 2900 quidem

1802 2923 2001 2978 blande
2047 2923 2286 2987 fovetur,
2344 2933 2400 2977 et
2445 2924 2789 2993 publicarum
2846 2923 3093 2977 carnium
3162 2929 3381 2976 eructat

1804 3014 2092 3077 nidorem;
2134 3027 2338 3082 pauper
2388 3022 2572 3066 autem
2623 3011 2768 3066 fame
2793 3010 3105 3065 coniicitur.
3143 3008 3303 3075 Quod
3328 3008 3379 3063 si

1803 3107 2029 3173 hujusce
2068 3122 2287 3174 quoque
2315 3106 2392 3158 rei
2424 3119 2650 3160 causam
2679 3104 2960 3166 scisciter,
3000 3104 3235 3173 amplius
3258 3118 3383 3157 eru-

1804 3198 2045 3252 bescam.
2087 3195 2219 3249 Nam
2260 3197 2561 3250 bestiarum
2591 3195 2785 3250 dentes
2820 3212 2942 3262 nos,
2984 3195 3079 3264 qui
3126 3195 3378 3249 homines

1806 3303 2018 3351 sumus,
2056 3288 2111 3339 in
2145 3289 2428 3339 hominum
2464 3287 2757 3354 perniciem
2787 3287 3139 3339 exacuimus.

1864 3398 2056 3463 Ejusd.
2085 3422 2153 3435 --
2191 3396 2269 3449 Ne
2318 3397 2451 3448 mihi
2518 3397 2624 3448 hoc
2666 3396 2875 3449 dixeris
2923 3414 2936 3449 :
2988 3396 3376 3465 Paupertatem

1800 3498 2006 3539 metuo.
2072 3486 2459 3556 Paupertatem
2512 3486 2732 3545 metuis,
2775 3502 2876 3540 nec
2932 3497 3214 3556 peccatum
3246 3490 3381 3542 exti-

1801 3578 2037 3632 mescis?
2067 3578 2144 3632 Ne
2181 3586 2563 3647 paupertatem
2604 3579 3015 3643 forinidaveris,
3049 3580 3142 3633 sed
3183 3581 3379 3650 iniqui-

1800 3680 1989 3733 tatem,
2022 3687 2141 3738 quae
2169 3670 2424 3738 supplicii
2464 3686 2665 3739 parcns
2728 3678 2836 3725 est.
2883 3671 3147 3727 Dominus
3178 3675 3372 3743 stipem

1799 3763 1998 3832 poscit,
2030 3770 2084 3816 et
2125 3762 2403 3830 repulsam
2442 3762 2567 3815 fert.
2621 3760 2756 3815 Nam
2808 3777 2931 3816 cum
2963 3764 3240 3819 dicentem
3273 3780 3373 3818 ari--

1800 3855 1922 3907 dis:
1962 3853 2113 3918 Quod
2147 3854 2240 3905 uni
2272 3868 2337 3906 ea:
2395 3852 2654 3921 fratribus
2710 3855 2839 3907 meis
2881 3854 3105 3923 fecistis,
3143 3858 3268 3910 milii
3302 3860 3376 3927 fe-

1798 3946 1945 3998 cistis
1977 3944 2197 4014 (Matth.
2230 3961 2359 4009 xxv,
2389 3945 2513 4015 40);
2567 3945 2697 4000 hinc
2720 3946 2846 4002 vide
2886 3948 3031 4017 quod
3061 3950 3108 4002 si
3144 3951 3370 4018 pauperi

1797 4036 2032 4099 dederis,
2061 4036 2285 4090 Christo
2317 4036 2556 4092 dederis.
2616 4037 2912 4102 Quocirca,
2944 4039 3051 4092 nisi
3104 4040 3212 4109 ipsi
3250 4041 3368 4102 des,

1796 4143 1902 4197 qua
1945 4128 2123 4182 fronte
2154 4129 2223 4183 ab
2254 4143 2320 4182 eo
2368 4130 2420 4183 in
2456 4130 2550 4182 illa
2583 4128 2671 4184 die
2720 4142 2870 4197 petes
2904 4140 2962 4185 ut
2996 4132 3072 4185 tui
3113 4132 3371 4187 miserea-

1798 4220 1918 4273 tur?
1957 4220 2039 4272 An
2078 4236 2185 4274 non
2236 4220 2334 4273 tibi
2384 4221 2491 4275 hoc
2517 4220 2745 4291 objiciet
2778 4223 3146 4277 :Bsurientem
3180 4239 3261 4277 me
3292 4227 3369 4277 vi-

1795 4312 1941 4372 disti,
1971 4327 2061 4365 nec
2081 4311 2272 4378 pavisti
2298 4328 2317 4375 ;
2342 4312 2607 4365 sitientem
2638 4330 2719 4366 me
2753 4314 2951 4372 vidisti.
2990 4332 3081 4369 nec
3128 4317 3368 4384 potasti;

1794 4403 1992 4456 nudum
2051 4405 2255 4466 vidisti,
2301 4421 2396 4457 nec
2444 4405 2666 4459 induisti
2717 4405 2881 4475 (Ibid.
2927 4406 3019 4473 42,
3050 4408 3181 4478 45)ι
3224 4408 3367 4473 Quid

1793 4496 2015 4550 tandem
2047 4497 2149 4565 ipsi
2182 4497 2431 4551 dicturus
2456 4497 2553 4551 es?
2586 4506 2681 4551 aut
2710 4514 2873 4567 quam
2901 4499 3115 4553 veniam
3155 4500 3369 4553 obtine—

122 4589 218 4640 οὐκ
242 4589 380 4656 ἔχει.
418 4586 524 4638 Καὶ
553 4586 615 4638 σὺ
639 4583 870 4654 τρώγεις
909 4585 1207 4651 φασιανοὺς
1232 4581 1325 4635 καὶ
1365 4584 1534 4651 χῆνας
1557 4622 1571 4646 ,
1599 4581 1697 4633 καὶ
1729 4586 1772 4642 ι)

1729 4586 1772 4642 1)
1800 4589 1932 4644 bis?
1961 4597 2019 4644 tu
2056 4590 2272 4653 sericis,
2321 4590 2695 4658 leporinisque
2727 4598 2779 4644 et
2810 4590 3053 4658 caprinis
3079 4589 3359 4655 indueris;

122 4681 219 4732 ὅσα
244 4680 383 4731 εἰσὶν
432 4679 489 4730 ἐν
529 4677 807 4745 ἐδέσμασι,
869 4676 963 4728 καὶ
994 4676 1022 4725 6
1044 4676 1212 4744 πένης
1244 4676 1345 4726 οὐκ
1392 4672 1565 4741 ίσχύει
1588 4672 1688 4743 τὴν

123 4771 313 4825 ἑαυτοῦ
348 4769 553 4823 κοιλίαν
586 4770 765 4841 ἄρτων
827 4768 1111 4837 χορτάσαι.
1162 4767 1235 4819 Σὺ
1292 4767 1435 4836 ἔχεις
1474 4768 1687 4836 τοίχους

122 4861 492 4930 χρυσορόφους
556 4860 651 4912 καὶ
686 4860 951 4929 μάρμαρα
1008 4858 1413 4925 Λακεδαιμονία
1442 4857 1683 4921 ποικίλα,

124 4954 213 5006 καὶ
240 4954 442 5014 κίονας,
473 4953 566 5003 καὶ
624 4950 1053 5021 περικεφαλαίας
1090 4950 1281 5021 κιρνων
1331 4952 1561 5020 χρυσᾶς,
1593 4952 1686 5003 καὶ

119 5044 147 5095 6
177 5043 347 5111 πένης
369 5041 610 5110 καλύϐην
637 5042 735 5093 οὐκ
758 5041 889 5110 ἔχει.
912 5042 1019 5093 Καὶ
1052 5042 1219 5093 ἐνίοτε
1251 5041 1393 5111 ἔχεις
1420 5042 1508 5093 τὸν
1539 5038 1686 5097 οἷκον

120 5136 227 5189 ἀπὸ
262 5134 537 5203 ἁρπαγῆς,
593 5133 703 5185 ἀπὸ
746 5132 1079 5196 πλεονεξίας.
1141 5133 1250 5185 Καὶ
1312 5133 1682 5203 συντελευτᾷς,

122 5227 215 5279 καὶ
233 5226 469 5291 ἀπάγεις
503 5224 667 5293 μηδὲν
712 5223 874 5292 ἔχων,
914 5225 1007 5275 καὶ
1040 5223 1188 5293 μένει
1217 5223 1246 5275 6
1281 5219 1430 5287 οἴκός
1457 5241 1548 5277 σου
1606 5224 1687 5276 δι-

119 5319 319 5386 ηνεκὴς
360 5318 683 5387 κατήγορος,
711 5315 949 5384 ἐλέγχων
972 5314 1068 5377 τὰς
1111 5315 1207 5377 σὰς
1238 5314 1482 5386 πράξεις.
1519 5316 1686 5368 ’Ἐκα-

120 5429 243 5472 στος
272 5411 381 5479 γὰρ
416 5411 444 5461 6
468 5408 872 5478 παρερχόμενος
906 5406 1086 5477 μέλλει
1128 5407 1307 5473 λέγειν
1328 5424 1340 5438 ·
1381 5403 1531 5468 οὗτος
1556 5409 1583 5459 6
1607 5404 1684 5459 οἶ-

120 5518 214 5563 κος
274 5501 368 5553 τοῦ
437 5500 704 5568 ἆρπαγος,
755 5496 847 5550 τοῦ
904 5496 1251 5550 πλεονέκτου.
1286 5497 1465 5559 Πόσας
1507 5497 1685 5566 χήρας

116 5597 399 5659 ὲκὰκωσε;
431 5593 631 5655 πόσους
650 5592 917 5662 ὀρφανοὺς
934 5591 1154 5658 ἐποίησε
1176 5609 1190 5657 ;
1214 5591 1353 5642 πόσα
1376 5590 1683 5659 ὑπάρχοντα

114 5688 474 5757 καθήρωσε;
516 5687 715 5749 πόσους
747 5687 987 5756 πένητας
1017 5684 1404 5754 ὲπλεονέκτησε
1432 5701 1447 5749 ;
1474 5684 1562 5753 Μή
1594 5700 1684 5752 μοι

115 5781 260 5849 λέγε,
310 5782 392 5833 ὃτι
425 5779 668 5842 ’Υπατός
702 5778 894 5849 εἰμι,ἢ
928 5780 1009 5831 ὃτι
1064 5778 1347 5848 Ὗπαρχός
1404 5778 1539 5845 εἰμι.
1573 5778 1685 5829 Οὐκ

116 5870 231 5927 οἶῖα
256 5871 465 5939 ἀξίωμα
481 5890 495 5904 ο
521 5873 580 5925 οὐ
604 5871 869 5926 διαϐάλλω
881 5870 1132 5925 πλοῦτον·
1163 5870 1295 5929 ἀλλὰ
1316 5870 1439 5932 τοὺς
1450 5869 1525 5927 τῶ
1540 5869 1685 5941 καλῷ

1794 4696 2001 4752 pauper
2029 4695 2162 4735 vero
2192 4696 2261 4735 ne
2287 4695 2502 4751 pannos
2531 4681 2752 4749 quidem
2805 4681 2987 4735 habet.
3036 4679 3114 4734 Tu
3143 4682 3364 4750 phasia-

1794 4774 1905 4833 nis.
1935 4782 1985 4827 et
2014 4774 2323 4834 anseribus,
2357 4782 2412 4826 et
2451 4773 2575 4826 aliis
2605 4773 3028 4842 quibuseunque
3062 4764 3393 4829 esculentis'

1795 4864 2055 4927 vesceris;
2090 4871 2145 4917 et
2171 4878 2377 4931 panper
2411 4878 2480 4916 ne
2505 4872 2750 4916 ventrem
2775 4862 2992 4931 quidem
3021 4877 3181 4916 suum
3222 4880 3361 4933 pane

1795 4954 1995 5008 satiare
2035 4962 2237 5019 potest.
2290 4954 2367 5005 'l‘u
2431 4954 2675 5022 parietes
2726 4955 2934 5007 auratis
2983 4955 3356 5024 laquearibus,

1795 5044 1941 5099 varia
1976 5045 2107 5097 item
2151 5058 2422 5096 marmora
2446 5043 2884 5109 Laceda-monia,
2920 5046 3207 5104 columnas
3229 5064 3359 5119 quo-
3450 5110 3455 5117 ,

1790 5150 1896 5205 que
1928 5142 1982 5188 et
2005 5149 2197 5188 earum
2226 5134 2483 5203 capitella
2530 5150 2696 5189 aurea
2749 5136 2953 5202 habes;
2981 5137 3196 5193 interim
3224 5157 3355 5196 vero

1793 5242 1994 5297 pauper
2028 5227 2403 5297 integumento
2424 5225 2592 5297 498
2617 5237 2785 5283 caret.
2824 5228 2964 5293 Quin
2997 5237 3050 5285 et
3079 5231 3350 5313 interdpm

1789 5323 2010 5373 domum
2052 5335 2116 5373 ex
2169 5320 2376 5388 rapinis
2424 5327 2479 5372 et
2518 5318 2708 5373 fraude
2753 5330 3016 5373 structam
3058 5322 3256 5389 habes;
3288 5342 3352 5379 ac

1793 5422 1846 5464 tu
1880 5412 2098 5479 quidem
2124 5410 2264 5464 diem
2294 5417 2598 5475 extremum
2633 5409 2862 5475 claudis,
2915 5413 3188 5482 rebusque
3230 5429 3350 5467 orn-

1792 5500 1957 5555 nibus
1998 5501 2294 5554 destitutus
2321 5501 2576 5555 abscedis
2614 5515 2629 5551 :
2666 5510 2722 5553 at
2755 5510 2846 5555 tua
2894 5504 3093 5559 domus
3144 5516 3346 5568 manet,

1791 5609 1909 5663 quae
1940 5601 1993 5649 te
2032 5601 2295 5661 perpetuo
2321 5602 2560 5655 accuset,
2592 5592 2907 5665 ﬂagitiaque
2940 5606 3030 5649 tua
3060 5610 3343 5667 coarguat.

1790 5684 2031 5750 Quilibet
2086 5682 2231 5736 enim
2280 5682 2376 5752 qui
2436 5685 2720 5737 transierit
2770 5686 3021 5742 dicturus
3061 5698 3144 5743 est
3177 5704 3190 5741 :
3225 5689 3347 5744 ηερε

1790 5776 1985 5829 domus
2040 5773 2276 5842 raptoris
2327 5781 2449 5828 erat
2510 5782 2566 5828 et
2598 5776 2774 5832 avari.
2833 5774 2977 5841 Quot
3021 5778 3110 5835 ille
3149 5780 3346 5837 viduas

1794 5868 2017 5923 alllixitl
2058 5874 2192 5924 ouot
2223 5864 2500 5934 orphanos
2532 5866 2696 5924 fecit!
2730 5876 2863 5927 auot
2902 5869 3048 5929 bona
3082 5872 3345 5937 diripuit!
