4206 6442
825 401 948 463 1511

1977 399 2037 456 S.
2077 395 2394 456 JOANNIS
2435 397 2858 461 DAMASCENI

3935 408 4060 473 15ἒὲ

817 529 950 588 quot
989 531 1259 586 μέτρω-ες
1291 514 1584 568 fraudavit!
1629 508 1738 566 Nec
1767 510 1899 562 mihi
1930 511 2083 564 dicas
2116 529 2130 562 :
2169 510 2374 563 Consul

2478 513 2661 574 κακῶς
2700 514 3092 585 κεχρημενονς.
3138 517 3215 569 0-3
3265 517 3376 588 γάρ
3415 519 3585 570 κακὸν
3641 521 3704 572 τὸ
3767 521 4056 574 πλουτεῖν·

816 626 974 675 sum;
1007 609 1296 678 praefectus
1349 622 1496 660 sum.
1562 603 1901 674 Dignitatem
1947 618 2059 657 non
2106 617 2391 672 agnosco;

2499 607 2552 657 ετ
2577 622 2630 658 τι
2673 608 2781 678 γὰρ
2811 609 3065 680 ἐποίησεν
3092 611 3122 662 ὁ
3147 608 3229 662 Θε·
3329 611 3469 664 καλά
3498 611 3619 664 λίαν

815 706 1039 759 divitias
1085 719 1195 758 non
1261 701 1553 766 criminor;
1607 701 1702 754 sed
1740 713 1836 754 eos
1866 698 1960 767 qui
2003 698 2145 752 male
2188 698 2258 752 iis
2298 700 2383 752 usi
2409 709 2558 755 sunt.
2600 699 2722 756 Non
2764 704 2911 757 enim
2940 704 3100 759 mala:
3129 703 3339 758 divitia:
3389 716 3539 760 sunt.
3579 708 3779 762 Omnia
3836 713 4056 782 quippe.

815 813 940 869 qut
969 797 1111 849 Deus
1137 793 1288 854 fecit,
1323 792 1483 845 valde
1513 790 1657 844 bona
1681 797 1811 844 sunt
1839 786 1993 857 (Cen.
2029 802 2067 851 ι,
2104 785 2218 853 51).

889 884 1139 956 Ejusdem
1167 886 1220 937 in
1246 883 1401 936 Psal.
1457 895 1649 933 xxxur.
1679 909 1748 918 -—
1778 879 2006 947 Propter
2033 892 2168 946 opes
2205 875 2378 930 libera

815 980 1087 1035 elementa
1135 975 1445 1030 vendimus.
1483 971 1601 1026 Viis
1661 972 2020 1040 imponuntur
2073 967 2378 1037 vectigalia,

817 1087 972 1141 aqua:
992 1069 1237 1124 dominio
1264 1072 1482 1135 parent,
1513 1079 1605 1118 aer
1635 1063 1856 1115 tributis
1907 1059 2233 1127 subjicitur.
2260 1057 2381 1110 Tri-

814 1165 1071 1219 butorum
1107 1171 1415 1222 coaetores,
1436 1165 1488 1211 et
1515 1154 1777 1226 praefecti,
1802 1168 1866 1205 ac
1898 1153 2174 1220 publicani
2217 1153 2379 1204 urbes

813 1265 1030 1310 vexant.
1096 1252 1255 1306 Curis
1315 1248 1517 1302 divites
1591 1243 1983 1306 coniiciuntur,
2045 1242 2379 1296 feneratores

813 1342 1182 1402 sollicitudine
1243 1340 1690 1401 contabescunt,
1754 1344 2005 1403 raptores
2088 1333 2371 1386 hominum

812 1437 1138 1508 perturbant
1200 1434 1387 1494 vitam,
1429 1429 1579 1482 avari
1628 1428 1924 1481 tribunalia
1974 1434 2180 1491 terunt,
2214 1441 2374 1496 δῖοι-

813 1533 1029 1601 phantze
1060 1528 1258 1581 falsum
1324 1522 1658 1586 divendunt;
1694 1532 1937 1592 quastus
1983 1520 2169 1588 eupidi
2205 1534 2373 1587 nego-

811 1621 1038 1673 tiatores
1072 1634 1136 1672 ex
1180 1619 1410 1670 aliorum
1465 1614 1875 1666 calamitatibus
1929 1611 2218 1665 commoda
2281 1619 2372 1662 tua

811 1721 1162 1780 comparant;
1199 1717 1389 1760 mutuo
1417 1706 1731 1760 mentiendo
1775 1703 2165 1773 jusjurandum
2213 1717 2372 1754 omne

811 1804 1272 1872 consumpsimus,
1299 1801 1390 1870 qui
1433 1802 1599 1854 Deum
1634 1798 1898 1851 duntaxat
1928 1798 1993 1848 ad
2020 1795 2374 1864 dcjcrandum

2553 878 2650 929 Διά
2673 878 2740 930 τά
2759 880 3017 949 χρήματα
3065 879 3135 933 τὰ
3183 882 3446 952 ἐλεύθερα
3477 888 3717 954 στοιχεῖα
3765 891 4057 958 πετρᾶν

2484 983 2605 1036 μεν.
2633 971 2696 1020 Δί
2717 971 2825 1023 ὁδοὶ
2851 971 3212 1026 τελωνοῦνται
3235 989 3249 1002 ·
3281 975 3354 1026 τὰ
3398 975 3568 1028 ὕδατα
3603 977 4052 1034 δεσποτεύονται·

2478 1061 2507 1112 ὁ
2538 1059 2645 1130 ἀὴρ
2676 1065 2884 1143 ςῖωναῖς
2905 1064 3291 1119 ὑποϐάλλεται.
3348 1067 3662 1135 Πολυλόγοι,
3695 1073 3792 1123 καὶ
3837 1078 4059 1143 goedi—

2480 1169 2584 1220 γοι,
2618 1155 2715 1205 καὶ
2747 1155 3003 1221 τελῶναι,
3056 1156 3155 1219 τὰς
3187 1157 3370 1221 πόλεις
3412 1159 3750 1229 συνέχουσιν.
3801 1164 3866 1215 Οἱ
3907 1166 4059 1218 πλοί-

2484 1261 2587 1296 σιοι
2615 1248 2735 1308 ταῖς
2795 1249 3074 1316 φροντίσιν
3118 1249 3465 1319 ἑκτήκονται·
3505 1253 3555 1303 οἱ
3609 1253 3892 1308 δανεισταὶ
3943 1262 4057 1319 ταῖς

2483 1338 2773 1407 μερίμναις
2805 1340 3192 1410 μαραίνονται·
3225 1344 3274 1393 οἱ
3307 1343 3554 1412 ἴιρπαγες
3592 1347 3683 1399 τὸν
3717 1348 3834 1417 βίον
3859 1355 4058 1419 ταρατ-

2482 1443 2666 1480 σουσιν
2688 1445 2701 1456 ·
2725 1431 2772 1480 οἱ
2801 1429 3195 1500 φιλοχρήματοι
3216 1431 3285 1484 τὰ
3323 1433 3648 1507 δικαστήρια
3693 1442 4056 1510 κατατρίὼυ-

2481 1535 2563 1569 σιν
2584 1534 2598 1548 ο
2628 1519 2677 1570 οἱ
2709 1521 3038 1587 συκοφάνται
3060 1520 3122 1574 τὸ
3147 1521 3342 1592 ψεῦδος
3368 1529 3872 1594 πιπράσκουσιν-οξ
3902 1534 4056 1604 κερὸ-

2477 1609 2706 1678 έμποροι
2756 1612 2857 1674 τὰς
2901 1612 3183 1683 συμφορὰς
3222 1619 3741 1688 πραγματεύονται,
3797 1625 4056 1693 amas»..-

2475 1701 2794 1771 ψευδόμενοι
2819 1706 2944 1767 τοὺς
2968 1705 3163 1775 ὅρκους
3202 1706 3583 1779 ἀνηλώσαμεν,
3621 1716 3704 1776 εἰς
3743 1715 3804 1767 τὸ
3838 1718 4054 1769 saviari

2485 1795 2645 1860 μόνον
2672 1794 2760 1848 τὸν
2793 1794 2926 1848 Θεὸν
2984 1797 3356 1869 ἐπιστάμενοι.
3395 1802 3457 1854 Ἦ
3485 1805 3557 1872 γῆ
3584 1804 3770 1858 λοιπὸν
3816 1826 3886 1860 τα
3915 1828 4052 1860 καια

813 1908 1126 1947 noscamus.
1185 1891 1353 1944 Terra
1398 1891 1509 1960 jam
1548 1897 1626 1941 tot
1661 1887 1941 1958 gestandis
1983 1887 2142 1940 malis
2205 1885 2377 1952 impar

2482 1887 2773 1969 βαστάζειν
2810 1890 2872 1942 οὑ
2936 1890 3180 1947 δύναται.
3252 1893 3312 1946 '0
3342 1895 3448 1965 ἀὴρ
3497 1898 3690 1969 μέχρις
3737 1902 3907 1952 αὐτοῦ
3965 1905 4052 1954 τε]

808 1996 912 2042 est.
944 1987 1050 2040 Aer
1085 1984 1152 2039 ad
1173 1983 1429 2037 aetherem
1463 1996 1637 2049 usque
1667 1979 2077 2034 contaminatus
2116 1985 2217 2031 est.
2241 1977 2373 2030 Cum

806 2081 991 2148 itaque
1031 2081 1085 2132 in
1121 2077 1278 2131 malis
1323 2088 1670 2128 ornnesnos
1708 2071 1971 2126 concitati
2024 2072 2218 2136 simus,
2252 2085 2378 2139 pro-

805 2174 966 2243 pheta
1000 2172 1165 2226 vitam
1191 2169 1486 2222 humanam
1529 2166 1929 2236 parvipendens
1954 2164 2154 2217 clamat
2207 2179 2220 2214 :
2285 2161 2372 2214 Ve-

805 2273 1102 2316 rumtamen
1156 2276 1285 2314 vane
1347 2259 1696 2312 conturbatur
1749 2257 1918 2310 omnis
1963 2256 2117 2309 homo
2180 2255 2373 2307 virens.

809 2353 984 2423 (Psal.
1015 2368 1268 2414 xxxvul.,
1303 2350 1414 2418 12).
1455 2348 1629 2402 llomo
1661 2347 1833 2408 solus,
1870 2345 2212 2415 0pr0pheta,
2248 2360 2378 2396 con—

804 2445 1104 2499 turbatur?
1165 2443 1455 2497 rationalis
1505 2441 1774 2494 duntaxat
1821 2437 1913 2492 illa
1964 2447 2158 2490 natura
2193 2449 2378 2505 repre-

806 2536 1101 2590 henditur?
1140 2532 1365 2587 Nihilne
1417 2531 1568 2586 aliud
1616 2530 1762 2601 quod
1825 2527 2228 2600 perturbationi
2275 2527 2375 2580 ob-

804 2626 1028 2680 noxium
1055 2624 1147 2690 sit,
1175 2625 1316 2678 inter
1337 2622 1524 2678 omnia
1579 2620 1876 2674 animantia
1921 2618 2217 2688 reperisti'!
2245 2615 2376 2671 Pro-

802 2720 950 2776 fecto
978 2717 1225 2789 quidem,
1258 2716 1467 2787 influit,
1524 2714 1819 2767 turbantur
1857 2714 2025 2768 etiam
2061 2725 2250 2780 aquae;
2280 2709 2377 2764 sed

804 2829 1000 2869 rursus
1034 2809 1428 2882 tranquillitati
1478 2809 1868 2863 restituuntur.
1903 2804 2075 2859 Terra
2130 2817 2376 2858 commo-

806 2916 1003 2974 vetur;
1045 2906 1144 2961 sed
1193 2913 1381 2975 postea
1405 2902 1678 2956 firmatur.
1724 2899 2014 2954 Moventur
2057 2898 2244 2962 venti;
2280 2894 2377 2951 sed

805 3015 1026 3054 rursum
1063 3000 1483 3066 conquiescunt.
1526 2993 1960 3047 Tumultuantur
1994 2990 2123 3046 ferae
2151 3003 2374 3052 omnes;

806 3098 864 3143 at
895 3089 986 3143 ubi
1024 3089 1240 3144 satiata:
1284 3096 1433 3149 sunt,
1492 3099 1616 3139 sese
1671 3090 2050 3151 compescunt.
2084 3079 2378 3134 Excitatur

806 3183 1060 3247 flamma;
1097 3193 1292 3233 verum
1351 3179 1642 3246 absumpta
1687 3177 1916 3229 materia
1953 3189 2075 3245 qua:
2121 3173 2374 3242 subjecta

2478 1979 2693 2049 αἰθέρος
2726 1981 3073 2050 μεμόλυνται.
3106 1984 3265 2037 Οὕτω
3288 1985 3352 2055 δὴ
3374 1987 3590 2039 πάντων
3615 1991 3672 2040 ἐν
3694 1994 3887 2053 κακοῖς
3905 2009 3960 2042 τε
3971 2010 4052 2044 το-

2479 2067 2734 2138 ϐημένων
2782 2072 2960 2140 ἡμῶν,
3008 2074 3038 2125 ὁ
3076 2078 3363 2146 προφήτης
3410 2078 3503 2130 τὸν
3535 2078 3649 2147 βίον
3679 2082 4052 2151 ἐκπτνόμενος

2480 2162 2577 2231 βοᾷ
2605 2163 2779 2230 λέγων
2803 2181 2818 2195 ο
2847 2166 3024 2233 Πλὴν
3039 2167 3242 2236 μάτην
3269 2170 3632 2238 ταράσσεται
3667 2173 3787 2239 πᾶς
3829 2177 4052 2243 ora“..-

2478 2269 2591 2320 πος
2613 2252 2743 2314 ὧν.
2778 2257 3102 2326 Ἀνθρωπος
3145 2262 3327 2328 μόνον,
3363 2256 3409 2314 ὦ
3454 2265 3711 2333 προφῆτα
3736 2308 3754 2330 ,
3786 2268 4054 2336 ταράττει

2474 2360 2606 2408 ται;
2643 2345 2677 2414 ἢ
2702 2344 2892 2415 λογικὴ
2924 2347 3081 2416 μόνον
3138 2349 3335 2415 πλάσις
3379 2357 3792 2424 κατηγορεῖται,
3842 2352 3889 2410 ᾧ
3921 2375 4054 2428 προ.

2478 2434 2656 2504 φῆτας
2692 2435 2856 2487 Οὐδὲν
2887 2436 3072 2508 ἕτερον
3093 2440 3203 2492 τῶν
3230 2442 3288 2493 ὲν
3337 2441 3500 2505 ζώοις
3527 2448 3940 2517 ταρασσόμενον
3971 2444 4057 2501 εὖ.

2479 2544 2600 2596 ρες;
2637 2527 3134 2598 Ναὶ,ταράσσεται,
3160 2534 3318 2604 φησὶ,
3343 2536 3437 2588 καὶ
3465 2537 3532 2590 τὰ
3557 2537 3746 2603 ὕδατα,
3775 2544 3872 2592 καὶ
3892 2542 4054 2594 πάλιν

2475 2619 2934 2676 ἀποκαθίσταται.
2985 2622 3278 2679 Σαλεύεται
3303 2628 3336 2696 ἠ
3367 2628 3460 2696 γῆ,
3497 2632 3593 2682 καὶ
3637 2633 3805 2685 πάλιν
3837 2635 4056 2705 ὲδράζεο

2476 2728 2586 2764 ται.
2641 2713 2932 2767 Κινοῧνται
2974 2715 3024 2768 οἱ
3088 2717 3305 2787 ἄνεμοι,
3359 2722 3455 2774 καὶ
3494 2724 3660 2777 πάλιν
3690 2726 4052 2795 ἠσνγάζονσι.

2476 2803 2799 2877 Θοϐυρεῖται
2821 2811 2930 2860 πᾶν
2977 2808 3188 2880 θηρίον,
3245 2812 3340 2864 καὶ
3373 2817 3766 2887 κορεννύμενον
3795 2820 4053 2872 παύεται.

2478 2898 2813 2970 Διεγείρεται
2840 2902 2994 2969 φλὸξ,
3025 2905 3120 2956 καὶ
3145 2905 3244 2976 τὴν
3273 2909 3641 2980 ὑποκειμένην
3680 2912 3816 2982 ὕλην
3845 2915 4057 2966 ἀναλώ-

2479 3005 2621 3043 σασα
2678 2991 3006 3046 σὸέννυται·
3069 2995 3358 3068 ἄνθρωπος
3411 3000 3469 3053 δὲ
3518 3004 3936 3074 ταρασσόμενος
3968 3009 4058 3058 ἐπὶ

2477 3085 2724 3152 χρήμασι
2761 3085 3018 3140 οὐδέποτε
3077 3089 3547 3146 παύεται.Ἔλα6ε
3573 3094 3757 3159 τοῦτο,
3802 3100 3900 3149 καὶ
3924 3099 4058 3168 πρὸς

2478 3174 2661 3244 ἕτερον
2708 3177 3029 3232 ἀποϐλέπει.
3070 3180 3403 3252 Ἐκράτησεν
3463 3185 3659 3246 ἐκεῖνο,
3695 3187 3794 3239 καὶ
3832 3189 4058 3255 προσέτι

811 3274 1014 3337 fuerat,
1044 3271 1442 3340 exstinguitur.
1475 3268 1651 3322 Homo
1679 3282 1832 3330 vero,
1855 3266 1949 3319 ubi
2007 3266 2370 3334 pecuniarum

2477 3265 2722 3335 κέχηνεν.
2749 3270 2828 3319 Τὰ
2859 3271 3052 3320 ἑκατὸν
3091 3273 3466 3334 διπλασιάζειν
3519 3279 3826 3341 ἐπείγεται,
3866 3282 3966 3332 καὶ
3992 3281 4056 3333 τὰ

809 3381 980 3421 causa
1042 3363 1428 3424 conturbatur,
1480 3371 1759 3427 nunquam
1815 3357 2074 3427 quiescit.
2123 3354 2229 3410 Ubi
2273 3354 2375 3409 hoc

811 3456 1047 3526 accepit,
1078 3454 1146 3509 ad
1176 3452 1312 3507 illud
1346 3451 1576 3521 conjicit
1604 3449 1817 3503 oculos.
1858 3446 1916 3500 Si
1951 3446 2084 3500 illud
2116 3446 2374 3509 tenuerit,

811 3550 1172 3604 aliisrursus
1230 3545 1435 3599 inhiat.
1491 3543 1724 3597 Centum
1753 3539 2036 3608 duplicare
2088 3537 2290 3603 studet,
2324 3543 2379 3590 et

812 3637 1200 3706 conduplicata
1264 3633 1499 3702 decuplo
1561 3630 1771 3698 majora
1826 3628 2012 3682 facere
2065 3626 2375 3688 contendit,

812 3742 977 3802 atque
1001 3731 1085 3785 his
1105 3730 1212 3782 alia
1243 3728 1467 3781 totidem
1500 3739 1780 3795 aggerere.
1812 3722 1998 3793 Neque
2019 3735 2257 3790 unquam
2281 3735 2378 3772 cu-

811 3821 1054 3879 mulandi
1095 3820 1254 3874 ﬁnem
1282 3818 1433 3880 facit,
1465 3815 1647 3885 quoad
1671 3814 1848 3884 ipsius
1879 3813 2006 3866 vitae
2026 3812 2150 3866 ﬁnis
2179 3810 2251 3866 sit
2278 3824 2376 3864 cu-

810 3915 1073 3968 mulatus.
1127 3908 1480 3963 Damnationi
1541 3906 1820 3961 obnoxius
1872 3913 1956 3958 est
1994 3902 2088 3972 qui
2131 3901 2377 3955 avaritiae

810 4008 964 4064 febre
1001 4005 1315 4074 corripitur.
1382 4003 1531 4056 Auro
1580 4001 1703 4070 ipso
1765 3997 1968 4052 fulvior
2009 4004 2066 4050 et
2115 4002 2376 4048 arcuatus

809 4097 1147 4158 obambulat,
1178 4101 1401 4165 propter
1429 4092 1651 4147 divitias
1681 4104 1916 4160 quarum
1947 4087 2115 4141 nimis
2141 4086 2376 4156 cupidus

808 4193 1024 4256 est;ob
1053 4188 1574 4256 divitiasyinquam,
1612 4185 1884 4237 incertum
1919 4181 2072 4235 illum
2113 4182 2374 4244 amicum,

809 4285 1034 4338 infidum
1067 4279 1537 4343 contubernalem,
1567 4276 1899 4330 insidiosum
1925 4273 2216 4339 amasium,
2254 4288 2376 4327 ser-

806 4392 929 4430 vum
956 4377 1256 4436 illusorem,
1277 4371 1701 4425 dilectissimum
1725 4368 2035 4429 irrisorem,
2065 4372 2376 4435 promptum

807 4471 1179 4538 migratorem,
1236 4465 1441 4517 alatum
1499 4463 1777 4531 captivum
1813 4476 1828 4525 ;
1865 4467 2089 4529 propter
2125 4458 2376 4519 divitias,

805 4575 927 4630 qua:
945 4557 1093 4611 omni
1119 4568 1388 4610 nocturno
1410 4561 1628 4623 spectro
1661 4551 1898 4605 leviores
1917 4556 2068 4613 sunt,
2093 4563 2216 4618 qua:
2231 4547 2373 4603 bella

806 4653 1050 4722 pariunt,
1076 4662 1198 4718 qua:
1229 4647 1378 4700 omni
1401 4659 1497 4714 spe
1513 4644 1751 4698 celerius
1770 4641 2008 4711 fugiunt,
2035 4654 2155 4708 qua:
2178 4648 2375 4693 ventus

809 4741 1101 4807 sunt,dum
1133 4747 1352 4794 tenetur
1378 4735 1814 4800 avolans,luxus
1850 4733 2032 4788 omnis
2048 4740 2102 4785 et
2120 4731 2377 4800 nequitia:

806 4842 1085 4906 parentes,
1110 4830 1531 4900 intemperantia
1551 4827 1732 4882 omnis
1761 4837 1816 4881 et
1842 4825 2092 4880 libidinis
2111 4833 2372 4893 patronaz,

808 4925 1012 4980 nullius
1041 4938 1151 4977 non
1184 4921 1304 4974 vitii
1332 4921 1686 4983 inventrices,
1713 4919 2076 4973 exitiosarum
2107 4930 2374 4986 quarum-

809 5031 1027 5086 cunque
1049 5013 1374 5069 deliciarum
1417 5011 1738 5080 adiutrices,
1769 5010 2124 5065 continentiae
2164 5009 2372 5071 hostes,

810 5107 1089 5180 pudicitia:
1115 5104 1464 5167 adversariae,
1495 5111 1551 5156 et
1573 5101 1930 5156 clandestinae
1957 5100 2128 5154 totius
2155 5100 2375 5153 virtutis

777 5241 784 5249 .
813 5198 982 5251 fures.
1012 5193 1155 5260 Quid
1187 5204 1340 5256 vero,
1363 5191 1583 5246 divitias
1615 5191 1879 5245 divitibus
1901 5191 2168 5254 dimissis,
2191 5191 2377 5244 crimi-

812 5286 954 5339 nor?
979 5285 1090 5338 imo
1115 5298 1241 5337 cum
1273 5282 1408 5353 ipsis
1439 5296 1659 5351 quoque
1691 5282 1902 5336 divitiis
1934 5282 2138 5350 injuste
2169 5284 2371 5352 agitur,

813 5385 1002 5446 utpote
1015 5391 1136 5447 quae
1147 5377 1345 5431 vinctae
1363 5374 1553 5430 abillis
1566 5382 1619 5429 et
1635 5382 1950 5429 constricta:
1964 5384 2253 5428 teneantur
2269 5392 2282 5428 :
2301 5383 2376 5427 at-

811 5465 976 5538 949
1005 5480 1113 5535 que
1159 5465 1295 5519 adeo
1331 5465 1475 5518 hanc
1520 5479 1712 5519 vocem
1737 5463 1804 5517 ad
1845 5478 1940 5518 eos
1964 5467 2182 5519 mittere
2236 5465 2371 5518 mihi

813 5558 1074 5614 videntur
1106 5577 1119 5612 :
1153 5557 1295 5624 Quid
1344 5573 1468 5622 nos,
1499 5571 1532 5612 ο
1569 5558 1742 5620 avari,
1776 5558 2088 5613 coercetis?
2112 5559 2243 5629 quid
2276 5574 2373 5614 nos

815 5660 1077 5720 tanquam
1118 5649 1408 5719 fugitivum
1465 5649 1821 5718 mancipium,
1856 5651 2133 5705 sexcentis
2183 5651 2374 5704 vincu-

816 5742 883 5796 lis
915 5740 1393 5813 constringitis?a
1442 5741 1674 5796 metallis
1711 5741 1778 5795 ad
1833 5744 2074 5808 metalla,
2139 5743 2373 5812 indeque

816 5833 872 5886 in
917 5848 1112 5890 manus
1153 5841 1364 5890 vestras
1407 5834 1806 5892 transmittitis.
1837 5835 1940 5892 Per
1973 5852 2070 5892 vos
2119 5840 2280 5893 nobis
2306 5839 2373 5892 li-

2475 3354 2962 3408 διαπλασιασθέντα
3023 3357 3186 3410 πάλιν
3222 3359 3678 3425 δεκαπλασιάζειν
3706 3365 4054 3432 φιλονεικῶν,

2477 3446 2570 3496 ἐπὶ
2599 3447 2872 3510 τοσούτοις
2894 3443 3052 3510 αὖθις
3105 3449 3342 3502 τοσαῦτα
3369 3449 3633 3521 σωρεύειν
3676 3454 4054 3525 ἐπειγόμενος,

2480 3539 2575 3590 xui.
2619 3540 2876 3591 οὐδέποτε
2913 3539 3170 3608 σωρεύων
3200 3542 3452 3606 παύεται,
3492 3544 3597 3606 ἓως
3621 3544 3681 3596 τὸ
3712 3545 3874 3599 τέλος
3897 3549 4055 3600 αι)τοῦ

2481 3629 2751 3700 σωρευθῇ.
2785 3631 3096 3694 Κατάδικός
3128 3633 3266 3695 ἐστι,
3297 3633 3373 3704 τῷ
3404 3635 3622 3704 πυρετῷ
3655 3636 3758 3705 τῆς
3790 3638 4056 3708 φιλαργδο

2483 3720 2602 3786 ρίας
2629 3720 3004 3790 συνεχόμενος,
3029 3722 3336 3793 ὡχρότερος
3362 3725 3457 3776 τοῦ
3487 3727 3712 3794 χρυσίου
3757 3729 3922 3797 περιέ
3932 3747 4053 3799 ρχε·

2477 3828 2586 3877 ται,
2621 3812 2709 3864 διὰ
2729 3814 3224 3883 τὸνίπολυπὸθητον
3255 3815 3506 3880 πλοῦτον,
3548 3817 3638 3869 τὸν
3685 3818 3954 3872 ά6ἑ6αιον
3977 3823 4053 3888 φί-

2478 3901 2588 3967 λον,
2622 3902 2851 3956 πλοῦτον
2911 3903 3002 3955 τὸν
3062 3904 3289 3956 ἄπιστον
3341 3904 3605 3966 σύνοικον.
3641 3908 3732 3960 τὸν
3764 3910 4057 3963 ἐπίϐουλον

2478 3995 2660 4059 πόθον,
2691 3994 2781 4049 τὸν
2811 3994 3176 4047 ὺποδέσποτον
3210 3997 3543 4065 ἑμπαίκτην,
3571 3997 3661 4050 τὸν
3683 4000 3848 4052 πολνέ
3863 4019 4052 4068 pas-:9:

2478 4085 2798 4155 χλευαστὴν,
2831 4086 2922 4138 τὸν
2975 4086 3192 4156 ἕτοιμον
3248 4088 3583 4158 μεταὸάτην,
3620 4089 3708 4141 τὸν
3743 4091 4050 4162 ὑπόπτερον

2477 4179 2720 4248 δέσμιον,
2743 4179 2836 4231 τὸν
2862 4181 3042 4248 πάσης
3071 4179 3298 4249 ὀνείρων
3354 4182 3657 4248 φαντασίας
3696 4186 4049 4254 κουφότεφν.

2478 4272 2567 4324 τὸν
2596 4272 2978 4341 πολεμοποιὸν,
3004 4273 3096 4325 τὸν
3125 4274 3307 4344 πάσης
3338 4273 3551 4336 ἐλπίδος
3599 4267 3882 4346 ὀξυτέρως
3925 4278 4048 4345 95$-

2477 4379 2664 4430 γοντα,
2691 4363 2781 4416 τὸν
2832 4365 2891 4417 ἐν
2923 4365 3002 4432 τῷ
3049 4365 3368 4435 κρατεῖσθαι
3412 4365 3795 4435 ἀφιπτάμενον
3826 4369 4046 4437 ἄνεμον.

2479 4454 2708 4507 πλοῦτον
2743 4455 2833 4508 τὸν
2886 4456 3068 4524 πάσης
3129 4457 3368 4517 ἀσωτίας
3428 4460 3725 4528 γεννήτορα
3757 4460 3847 4510 τὸν
3877 4464 4049 4528 πάσης

2479 4545 2773 4609 ἀκολασίας
2829 4548 3144 4617 συνήγορον,
3197 4547 3288 4601 τὸν
3335 4548 3514 4618 πάσης
3561 4551 3763 4612 κακίας
3800 4552 4048 4620 εὑρέτην,

2475 4637 2567 4688 τὸν
2610 4637 2870 4707 συνεργὸν
2921 4639 3103 4707 πάσης
3128 4639 3469 4710 ψυχοφθόρου
3520 4641 3748 4709 τροιξῆς,
3785 4643 3881 4694 τὸν
3907 4645 4046 4694 άντξ-

2477 4731 2644 4783 παλον
2673 4733 2772 4801 τῆς
2833 4733 3186 4801 ἐγκρατείας,
3221 4732 3309 4785 τὸν
3339 4733 3596 4803 πολέμιον
3620 4734 3720 4802 τῆς
3765 4737 4046 4806 σωφροσύ-

2475 4842 2593 4894 νης,
2624 4824 2714 4875 τὸν
2748 4825 2928 4893 πάσης
2980 4824 3181 4893 ἀρετῆς
3211 4825 3537 4878 λανθάνοντα
3587 4827 3854 4896 κλέπτην.
3895 4830 4046 4880 Ἀλλὰ

2474 4914 2548 4980 τί,
2582 4916 2734 4983 φησι,
2773 4915 3043 4993 διαϐάλλῳ
3090 4915 3180 4967 τὸν
3225 4915 3454 4968 πλοῦτον
3499 4919 3620 4978 τοὺς
3670 4922 4038 4985 κεκτημένος

2474 5006 2955 5074 ἀφείς;ἀὸικεῐται
3012 5010 3107 5061 καὶ
3159 5009 3318 5070 αὐτὸς
3349 5012 3377 5061 ὁ
3405 5010 3654 5073 πλού-επ,
3701 5011 3927 5080 δέσμιος
3961 5011 4045 5064 ὑπ’

2477 5098 2654 5150 αὐτῶν
2706 5100 2798 5151 καὶ
2847 5099 3228 5167 πεπηδημένος
3283 5100 3668 5168 κατεχόμενος.
3728 5102 3914 5154 Ἐο.κέ
3963 5122 4042 5172 μοι

2477 5192 2608 5260 πρὸς
2627 5191 2819 5253 αὐτοὺς
2849 5192 3100 5260 τοιαύτην
3118 5193 3329 5258 αφιέναι
3355 5195 3538 5261 φωνην
3562 5208 3576 5222 ·
3603 5192 3665 5243 Τί
3691 5211 3758 5262 με
3777 5196 3868 5245 τὸν
3892 5197 4042 5247 πλοῦς

2474 5299 2588 5342 τον,
2614 5277 2657 5333 ὦ
2683 5281 3099 5351 φιλοχρήμονες,
3160 5283 3545 5352 συμποδίζετε;
3584 5284 3634 5334 τί
3680 5301 3746 5352 με
3794 5292 4040 5353 καθάπερ

2473 5375 2749 5445 δραπέτην
2774 5376 2984 5446 μυρίοις
3009 5376 3225 5442 δεσμοῖς
3244 5393 3308 5427 πε
3320 5377 3630 5445 ρισιρίγγετε
3663 5393 3676 5438 ;
3704 5378 3812 5427 άπῆ
3852 5380 4040 5446 μετα).-

2475 5462 2579 5514 λων
2608 5465 2687 5526 εἰς
2717 5464 2974 5533 μέταλλα,
3002 5466 3080 5527 είς
3104 5464 3203 5527 τὰς
3230 5466 3574 5534 ύμῶνχεῖρας
3596 5467 4006 5535 παραπέμπετε
4035 5530 4040 5537 Ι

2475 5557 2522 5609 εἰ
2579 5557 2758 5609 θέλετέ
2807 5575 2873 5628 με
2926 5561 3027 5612 κᾶν
3089 5559 3282 5629 μικρὸν
3336 5563 3416 5622 εἰς
3465 5561 3526 5612 τὸ
3575 5561 3690 5628 φῶς
3725 5564 4038 5618 ἀνανεῦσαι.

2475 5650 2670 5703 ἐάσατέ
2723 5667 2788 5720 με
2842 5651 2949 5704 κᾶν
2985 5652 3181 5721 μικρὸν
3203 5654 3280 5712 εἰς
3305 5652 3402 5714 τὰς
3432 5653 3538 5704 τῶν
3578 5657 3829 5724 πενήτων
3870 5657 4038 5719 δεξιὰς

2479 5747 2776 5816 μεταϐῆναι
2830 5743 3201 5810 ἐπειγόμενον.
3244 5741 3423 5808 Ἀλλὰ,
3481 5742 3635 5812 φησὶ,
3678 5746 3896 5808 τέκνοις
3930 5764 4036 5798 σαν.

2476 5839 2592 5905 άγω
2619 5839 2711 5891 τὸν
2739 5836 3032 5906 θησαυρὸν,
3064 5833 3147 5886 ἵνα
3173 5831 3245 5888 μὴ
3273 5832 3461 5898 πενίας
3485 5833 3749 5898 γένωνται
3789 5837 4032 5904 γληρςνιὲ-
