4206 6442
211 403 340 468 1.51:3

1433 401 1667 459 SACRA
1707 399 1902 458 ΡΑΙῖΛ
1917 397 2162 457 LLEIA.

3316 396 3446 461 Nili

207 535 318 589 μοι.
347 517 567 581 Καλῶς,
611 516 642 566 6
670 512 1109 582 πολυφάνταστος
1153 511 1401 571 πλούσιος
1430 510 1498 561 τὰ
1526 507 1768 577 παρόντα
1797 517 1839 571 Α

1797 517 1839 571 Α
1869 511 1993 557 ceat
2023 506 2109 556 vel
2135 504 2410 559 tantillum
2440 505 2616 560 lucem
2669 507 2895 564 intueri.
2934 507 3109 566 Sinite
3137 510 3206 566 ad
3240 528 3446 584 paupe-

204 611 302 663 οὑκ
327 604 461 669 οἶδε.
495 608 591 660 καὶ
619 606 876 676 περὶτῶν
900 605 1202 676 μελλόντων
1221 600 1518 672 φροντίζει.
1547 597 1629 650 Τὰ
1655 595 1774 650 κατ’

203 702 367 756 αὑτὸν
398 701 607 767 ἀγνοεῖ,
634 700 729 752 καὶ
773 698 843 751 τὰ
891 697 1018 768 περὶ
1052 697 1162 748 τῶν
1205 695 1410 748 τέκνων
1428 689 1655 761 ψηφίζει
1682 703 1695 717 ·
1727 688 1775 740 εί

203 793 491 854 θάπτεται,
521 791 621 842 οὐκ
657 790 971 852 ἐπίσταται,
997 784 1232 856 καὶπερὶ
1266 782 1615 854 κληρονόμων
1653 779 1777 848 βου-

211 881 449 934 λεύεται.
485 880 712 950 Ἀφρον,
761 878 882 932 είπέ
942 895 1031 948 μοι
1085 876 1146 929 τὸ
1204 875 1294 928 σὸν
1323 874 1496 937 τέλος,
1529 872 1620 925 καὶ
1655 871 1778 924 τότε

203 973 331 1043 περὶ
347 973 459 1025 τῶν
488 973 696 1026 τέκνων
723 969 1041 1038 ἀσφάλισαι.
1080 969 1214 1022 Εἰπέ
1249 986 1340 1039 μοι
1382 966 1450 1020 τὰ
1483 967 1582 1036 τῆς
1605 965 1778 1034 σήμε-

204 1083 328 1136 ρον,
396 1067 496 1118 καὶ
548 1065 672 1117 τότε
723 1081 808 1116 σοι
868 1062 1144 1116 πιστεύσω
1188 1061 1258 1114 τά
1297 1060 1393 1130 τῆς
1442 1059 1649 1129 αὔριον.
1713 1057 1778 1108 Τί

202 1157 430 1210 σεαυτὸν
461 1157 558 1210 καὶ
585 1156 725 1227 μετά
767 1155 998 1211 θάνατον
1046 1156 1294 1223 ἀπατᾷςς
1339 1152 1392 1205 τί
1415 1151 1610 1232 ⁴θέλεις
1639 1143 1778 1201 εἶναι

201 1249 392 1320 νεκρὸς
433 1247 880 1320 χλευαζόμενος;
945 1247 1012 1299 Τί
1058 1245 1313 1315 διορίζεις
1373 1241 1468 1294 τοῦ
1521 1238 1658 1293 Θεοῦ
1708 1242 1778 1292 τὰ

201 1343 455 1412 πρακτέα
477 1359 494 1405 ;
518 1343 568 1396 τί
597 1341 912 1412 νομοθετεῖς
944 1343 1042 1411 τὴν
1068 1339 1323 1410 πρόνοιαν
1349 1355 1364 1402 ;
1399 1335 1482 1389 Τὰ
1519 1335 1602 1388 σοὶ
1630 1334 1775 1388 δεδο-

201 1441 362 1509 μένα,
395 1441 536 1494 αὑτά
565 1440 820 1511 μερίμνα.
866 1438 1030 1490 Οὐδὲν
1069 1436 1206 1507 πρὸς
1237 1433 1298 1487 σὲ
1345 1433 1476 1504 περὶ
1507 1432 1615 1485 τῶν
1640 1432 1778 1502 μετά

201 1532 279 1585 σέ.
310 1534 385 1584 Οὐ
409 1533 638 1585 δύνασαι
667 1534 761 1585 καὶ
785 1530 978 1598 νεκρὸς
1016 1527 1174 1591 εἶναι,
1209 1527 1304 1581 καί⁹
1334 1525 1606 1594 διοικέτης
1651 1522 1779 1586 ζών-

198 1642 323 1680 των.
352 1625 544 1687 Οὐδεὶς
567 1627 673 1676 τῶν
696 1627 754 1676 ὲν
770 1623 896 1694 ᾅδου
916 1623 1028 1674 τῶν
1057 1621 1199 1690 ὑπὲρ
1224 1622 1327 1688 γῆς
1356 1615 1773 1685 ἐπετρόπευσεν.

201 1715 292 1781 Εἷς
325 1721 478 1770 ἐστιν
501 1720 530 1770 6
551 1718 773 1781 ζώντων
801 1718 895 1768 καὶ
918 1715 1128 1785 νεκρῶν
1151 1711 1362 1782 κριτὴς,
1394 1710 1488 1762 καὶ
1516 1709 1777 1776 ζυγοστα-

198 1813 305 1865 τῶν
345 1814 582 1866 ἑκάστου
632 1812 694 1864 τὸ
726 1811 952 1864 δίκαιον.
987 1803 1332 1874 (θησαυρίζει
1373 1802 1502 1872 γὰρ,
1544 1803 1707 1870 φησὶν
1748 1801 1777 1852 6

1877 609 1997 650 rum
2043 611 2263 660 manus,
2317 614 2427 666 quo
2457 600 2763 655 vehementi
2807 602 2993 657 studio
3041 607 3445 671 contendimus,

1876 689 1961 745 vel
2017 687 2422 757 aliquantulum
2481 691 2863 762 commigrare.
2897 694 2968 748 At
3018 695 3168 762 ﬁliis,
3245 697 3446 768 inquit,

1876 780 2205 834 thesaurum
2267 780 2492 850 colligo,
2546 797 2617 838 ne
2657 788 3000 853 paupertatis
3039 803 3176 843 mea:
3203 788 3450 844 liaaredes

1875 887 1974 927 eos
2033 873 2287 929 habeam.
2327 872 2495 930 Recte
2519 876 2735 932 scilicet
2762 893 2779 934 :
2802 877 2955 934 dives
3009 882 3106 951 qui
3144 883 3320 936 multa
3343 886 3449 941 sibi

1878 964 2066 1018 animo
2092 963 2272 1036 ﬁngit,
2306 969 2599 1035 praesentia
2647 971 2850 1032 nescit,
2881 979 2937 1026 et
2963 971 3030 1028 de
3069 973 3271 1031 futuris
3292 977 3452 1032 solli-

1876 1056 2023 1108 citus
2074 1064 2179 1108 est.
2206 1055 2440 1112 Suarum
2485 1059 2603 1126 ipse
2627 1074 2810 1114 rerum
2841 1069 2928 1116 est
2961 1063 3205 1133 ignarus,
3235 1080 3299 1119 ac
3363 1081 3452 1120 res

1878 1149 2112 1202 ﬁliorum
2170 1159 2445 1218 supputat.
2510 1151 2650 1204 Num
2722 1154 3006 1223 sepultura
3060 1156 3130 1210 sit
3156 1157 3453 1215 donandus

1878 1238 2114 1308 ignorat,
2145 1241 2287 1295 etde
2316 1242 2625 1299 heredibus
2665 1248 2963 1300 consultat.
2999 1245 3200 1314 Stulte,
3241 1251 3451 1307 edicito

1877 1330 2011 1384 mihi
2040 1330 2201 1386 ﬁnem
2238 1341 2412 1396 tuum,
2449 1348 2512 1388 ac
2535 1345 2649 1389 tum
2686 1335 2811 1394 ﬁliis
2843 1341 2958 1395 tuis
2990 1354 3144 1395 cave.
3183 1341 3282 1397 Dic
3314 1344 3450 1399 mihi

1875 1437 1996 1490 quae
2021 1425 2183 1478 hodie
2211 1424 2395 1478 futura
2433 1426 2566 1490 sint,
2623 1443 2689 1482 ac
2725 1440 2839 1485 tum
2864 1432 2931 1486 de
2965 1433 3053 1488 die
3081 1436 3330 1490 crastino
3349 1437 3447 1490 tibi

1876 1513 2038 1568 ﬁdem
2084 1515 2315 1571 habebo.
2375 1517 2516 1584 Quid
2547 1529 2600 1575 te
2650 1524 2765 1592 ipse
2816 1526 2980 1580 etiam
3036 1538 3162 1597 post
3213 1541 3447 1585 mortem

1876 1605 2059 1661 fallis?
2088 1609 2242 1676 quid.
2270 1625 2394 1664 cum
2414 1624 2663 1668 mortuus
2685 1617 2818 1680 eris,
2855 1618 3137 1674 hominum
3192 1622 3448 1678 ludibriis

1875 1717 2071 1772 parere
2098 1703 2218 1757 vis?
2247 1705 2387 1769 Quid
2422 1708 2532 1761 Deo
2558 1724 2682 1777 quae
2715 1712 2926 1781 agenda
2952 1717 3066 1768 sint
3099 1717 3450 1783 praescribis?

1875 1794 2006 1864 quid
2061 1797 2420 1865 providentiae
2480 1801 2653 1870 ipsius
2706 1803 2878 1874 legem
2917 1807 3300 1864 sancis?llzec
3346 1813 3445 1864 tibi

199 1906 513 1974 προφήτης.
541 1901 638 1956 καὶ
666 1905 738 1956 οὺ
774 1900 1050 1969 γινώσκει
1082 1899 1196 1951 τίνι
1224 1895 1476 1963 συνάγει
1511 1892 1678 1946 αὑτά.
1705 1891 1770 1944 Τί
1803 1875 1845 1932 Β

1803 1875 1845 1932 Β
1870 1903 2020 1962 cura:
2047 1890 2160 1944 sint
2212 1907 2337 1960 qua:
2366 1891 2491 1946 data
2523 1904 2656 1948 sunt
2694 1896 2812 1950 tibi.
2845 1898 2978 1962 Quae
3008 1911 3134 1968 post
3165 1909 3218 1957 te
3259 1901 3445 1957 futura

199 1997 304 2048 τῶν
329 1996 583 2065 πενήτων
612 1994 687 2058 ὡς
713 1991 966 2062 ὀρφανῶν
991 1989 1385 2059 κατατρέχεις;
1423 1985 1475 2037 τί
1512 1982 1767 2051 αἰτούμε-

201 2105 284 2149 νος
311 2088 446 2158 παρ’
471 2086 647 2138 αὐτῶν
673 2086 1022 2154 ἀγανακτεῖς,
1065 2082 1140 2145 ὡς
1191 2078 1402 2132 οίκοθεν
1439 2075 1759 2130 ἀναλίσκων.

199 2180 277 2232 Τὰ
301 2179 532 2250 πατρῷα
579 2178 848 2243 θέλουσιν,
897 2175 1019 2244 οὐχὶ
1063 2173 1133 2226 τὰ
1173 2173 1276 2225 σά·
1311 2171 1377 2224 τά
1410 2167 1765 2224 πιστευθέντα

200 2289 281 2323 σοι
311 2272 378 2323 δι’
407 2274 628 2335 αὐτοὺς.
689 2272 781 2324 καὶ
832 2270 954 2339 οὐχὶ
988 2267 1126 2338 μετὰ
1181 2266 1274 2318 σοῦ
1319 2261 1668 2332 γεννηθέντα.
1698 2261 1765 2312 ⁸’Λ

200 2364 410 2427 ἔλαϐες.
437 2366 546 2430 δὺς,
578 2365 672 2416 καὶ
727 2362 825 2430 τὴν
882 2362 1075 2433 χρῆσιν
1105 2359 1385 2428 κέρδανον.
1440 2356 1623 2424 ’Λρκεῖ
1657 2371 1761 2417 σοι,

196 2459 276 2510 δτι
298 2457 519 2519 διδόναι,
550 2456 611 2508 οὐ
637 2455 934 2524 λαμϐάνειν
993 2448 1390 2524 προσετάχθης.
1428 2448 1611 2517 Ἀρκεῖ
1657 2462 1761 2511 σοι,

197 2550 278 2600 ὅτι
330 2547 422 2600 διὰ
465 2547 682 2616 πτωχοῦ
743 2549 773 2599 6
826 2545 958 2608 Θεὸς
997 2545 1097 2612 τὴν
1132 2542 1312 2607 δεξιάν
1349 2557 1430 2592 σοι
1465 2539 1759 2610 προτείνει.

199 2639 420 2709 Βρέχων
489 2638 588 2708 τὴν
623 2639 714 2690 ὑπ’
763 2635 991 2707 οὐρανὸν
1024 2632 1224 2704 χαλκοῦ
1255 2633 1462 2701 ψεκάδα
1499 2649 1559 2684 σε
1595 2647 1763 2698 προσ-

198 2735 357 2784 αιτεῖ.
377 2733 435 2783 Ὀ
459 2731 693 2801 βροντῶν
716 2732 809 2782 καὶ
831 2728 1174 2798 ἀστράπτων,
1193 2725 1466 2793 Ἐλέησον,
1491 2724 1574 2775 σοὶ
1593 2722 1759 2789 λέγει.

210 2824 268 2874 '0
302 2823 644 2892 περιϐάλλων
667 2821 758 2874 τὸν
819 2819 1049 2891 οὐρανὸν
1102 2818 1372 2886 νεφέλαις,
1399 2816 1588 2886 ῥάκιον
1622 2815 1762 2868 αἰτεῖ

202 2916 344 2985 παρὰ
382 2914 499 2967 σοῦ.
537 2915 725 2982 Ἀρκεῖ
780 2930 884 2973 σοι,
927 2913 1008 2964 ὃτι
1054 2911 1104 2962 οἱ
1159 2909 1388 2978 πένητες
1418 2907 1493 2968 ὡς
1537 2906 1668 2957 Θεὸν
1701 2921 1759 2956 σε

197 3007 537 3060 λιτανεύουσι
604 3006 697 3059 καὶ
761 3004 1092 3057 ἱκετεύουσιν
1140 3019 1153 3032 °
1221 3000 1536 3069 υἰκτίρμων
1604 2997 1758 3065 ἐλέη-

200 3118 289 3152 σον
317 3117 332 3130 ’
363 3099 615 3168 ἐλεήμων
644 3097 931 3166 οῖκτειρον.
951 3095 1023 3147 Σὺ
1051 3093 1222 3154 δὲτὰς
1251 3090 1457 3160 ὀφρύας
1488 3090 1755 3157 ἀνασπᾷς,

198 3195 286 3241 καὶ
325 3189 483 3258 μόγις
517 3189 929 3254 Αιτανευομενος
957 3183 1296 3253 ἐπικάμπτῃ.
1340 3180 1439 3241 Δὸς
1477 3179 1659 3240 αὐτοῖς
1688 3178 1756 3229 τά

1873 1992 2024 2046 sunt,
2057 1981 2125 2036 ad
2145 1991 2197 2037 te
2216 1983 2356 2037 nihil
2380 1986 2636 2040 attinent.
2669 1985 2785 2042 Non
2821 2000 2979 2058 potes
2999 1993 3186 2061 simul,
3213 2005 3270 2050 et
3298 2011 3446 2050 mor—

1872 2079 2002 2127 tuus
2045 2088 2191 2139 esse,
2223 2082 2279 2127 et
2311 2077 2552 2131 viventes
2602 2093 2926 2147 procurare.
2973 2082 3144 2138 Nemo
3194 2103 3436 2156 unquam

1870 2179 1934 2220 ex
1991 2164 2058 2220 iis
2104 2167 2196 2236 qui
2243 2170 2298 2220 in
2351 2167 2565 2222 inferno
2615 2180 2767 2234 sunt,
2832 2189 3021 2228 eorum
3064 2179 3156 2246 qui
3213 2180 3265 2232 iu
3299 2191 3441 2235 terra

1872 2268 2060 2327 agunt,
2106 2265 2259 2312 tutor
2301 2261 2536 2315 exstitit.
2597 2261 2753 2319 Unus
2781 2276 2864 2320 est
2902 2267 3149 2322 vivorum
3197 2281 3253 2325 et
3298 2288 3445 2326 mor-

1871 2359 2086 2403 tuorum
2111 2349 2298 2419 judex,
2321 2368 2385 2405 ac
2405 2353 2613 2420 jurium
2639 2357 3070 2429 uniuscujusque
3087 2364 3438 2431 ponderator.

1873 2439 2238 2505 leesaurizat,
2261 2443 2436 2512 inquit
2459 2442 2750 2515 Propheta.
2770 2457 2818 2502 et
2836 2451 3044 2519 ignorat
3065 2453 3150 2505 cui
3170 2467 3442 2525 congreget

1867 2546 1930 2584 ea
1951 2529 2123 2601 (Psal.
2143 2547 2371 2594 xxxviii,
2389 2533 2620 2602 7).Quid
2636 2552 2906 2607 pauperes
2930 2525 3187 2610 tanquam
3207 2546 3440 2614 pupillus

1866 2622 2202 2679 iusectaris?
2235 2625 2405 2692 Quid,
2461 2643 2587 2681 cum
2616 2630 2820 2700 aliquid
2840 2648 2870 2686 a
2901 2640 2954 2687 te
2978 2642 3192 2703 petunt,
3231 2646 3434 2693 stoma—

1865 2715 2074 2780 charis,
2102 2733 2167 2772 ac
2193 2719 2332 2773 side
2365 2727 2460 2773 tuo
2491 2721 2772 2777 insumus?
2812 2723 3048 2782 Paterna
3079 2731 3291 2795 volunt,
3327 2748 3434 2785 non

1866 2815 1990 2873 tua;
2021 2824 2086 2864 ea
2141 2824 2264 2881 qua
2315 2813 2436 2867 lidci
2481 2823 2590 2869 tua:
2653 2819 2954 2874 commissa
2995 2832 3144 2886 sunt,
3175 2839 3284 2878 nou
3315 2841 3438 2895 qua:

1866 2907 2044 2954 tecum
2093 2911 2243 2956 nata.
2305 2904 2377 2958 Da
2438 2921 2561 2974 qua:
2612 2911 2876 2979 accepisti
2911 2921 2965 2965 et
2999 2929 3064 2968 ex
3095 2929 3286 2969 eorum
3331 2933 3442 2971 usu

1865 2995 2298 3049 emolumentum
2338 2999 2438 3052 tibi
2480 2999 2740 3055 concilia.
2790 3001 3000 3057 Sufﬁcit
3034 3005 3132 3058 tibi
3165 3008 3311 3076 quod
3337 3009 3434 3061 da«

1866 3099 1943 3147 re,
2005 3103 2112 3140 non
2170 3093 2423 3160 accipere
2466 3091 2660 3160 jussus
2692 3093 2790 3148 sis.
2841 3095 2989 3152 Satis
3013 3099 3086 3153 sit
3135 3100 3234 3153 tibi
3284 3105 3433 3171 quod

1864 3174 2011 3232 Deus
2062 3194 2160 3248 per
2195 3197 2488 3251 pauperem
2535 3201 2756 3239 manum
2793 3187 2871 3240 ad.
2898 3197 2950 3242 te
2997 3193 3297 3258 protendit.
3330 3195 3432 3259 Qui

199 3256 392 3341 aétiTiv,
439 3279 569 3348 πρὶν
593 3279 821 3346 ὲπιστῇς
879 3275 956 3344 τῷ
984 3274 1298 3342 λογοθεσίῳ.
1339 3272 1438 3332 Δὸς
1478 3272 1657 3328 αὐτοῖς
1689 3268 1760 3319 τὰ
1784 3256 1830 3314 C

1784 3256 1830 3314 C
1865 3275 2068 3320 terram
2089 3272 2263 3327 imbre
2293 3275 2562 3342 infundit,
2586 3281 2830 3345 guttulas
2858 3256 3108 3338 naris—abs
3141 3291 3192 3337 te
3207 3256 3432 3355 supplex

195 3376 370 3425 αὐτῶν
387 3391 400 3403 ·
438 3372 649 3438 πατέρα
670 3366 850 3432 ἔχουσι
875 3362 1118 3430 βασιλέα.
1137 3361 1232 3423 Δὸς
1255 3361 1434 3420 αὐτοῖς
1459 3359 1524 3409 τὰ
1559 3359 1756 3420 αὐτῶν,

197 3467 285 3518 καὶ
317 3463 448 3516 λάϐε
475 3461 622 3526 παρὰ
654 3475 745 3509 του
778 3454 981 3523 πατρὸς
1003 3452 1183 3505 αὐτῶν
1216 3447 1566 3520 ἀμεριμνίαν.
1593 3448 1757 3500 Ποίαν

195 3551 783 3625 ἀμεριμνίανςλφησίκ
819 3545 942 3614 Ἐφ’
978 3545 1128 3598 ὅσον
1150 3542 1474 3608 ἐποιήσατε
1509 3539 1600 3590 ἑνὶ
1627 3540 1757 3591 τού-

197 3665 308 3700 των
357 3644 476 3699 τῶν
530 3643 890 3709 ἐλαχίστων.
941 3638 1069 3706 ἐμοί
1117 3636 1463 3702 ἐποιήσατε.
1534 3631 1596 3682 '0
1649 3631 1756 3700 γὰρ

193 3738 378 3790 ἐλεῶν
417 3735 676 3802 πτωχὸν,
710 3730 960 3790 δανείζει
1003 3731 1144 3794 Θεῷ,
1194 3727 1361 3796 φησὶν
1387 3727 1415 3777 6
1445 3723 1746 3793 προφήτης.

1865 3361 2070 3426 poscit.
2104 3363 2209 3426 Qui
2253 3375 2405 3418 tonat
2435 3381 2488 3421 et
2521 3369 2788 3439 fulgurat,
2813 3373 3256 3430 misericordiam
3285 3389 3434 3434 tuam

1864 3450 2138 3518 implorat.
2184 3453 2289 3520 Qui
2353 3459 2595 3516 nubibus
2651 3463 2852 3519 cmlum
2907 3469 3107 3536 operit,
3139 3471 3352 3524 vilema
3384 3484 3437 3525 te

1864 3556 2105 3610 pannum
2163 3547 2428 3614 postulat.
2465 3551 2613 3605 Satis
2677 3555 2777 3609 tibi
2809 3571 2930 3612 esse
2993 3558 3155 3614 debet
3207 3563 3349 3630 quod
3383 3573 3435 3616 te

1863 3647 2132 3701 pauperes
2158 3640 2232 3690 uti
2263 3640 2427 3694 Deum
2461 3653 2659 3711 rogant
2687 3653 2739 3697 et
2761 3646 3088 3704 obsecrant:
3119 3649 3432 3706 MisericOrs

1857 3724 2147 3794 miserere;
2187 3731 2500 3797 miserator,
2543 3744 2594 3788 te
2641 3740 2815 3792 nostri
2849 3740 3148 3796 misereat.
3180 3741 3259 3796 Tu
3305 3760 3432 3799 vero

195 3828 553 3900 supercilium
605 3824 836 3886 attollis,
857 3838 922 3879 ac
972 3824 1060 3877 vix
1100 3822 1230 3874 ullis
1253 3818 1508 3889 precibus
1536 3814 1850 3868 inﬂecteris.
1887 3814 2092 3872 Tl'ibue
2127 3820 2262 3890 ipsis
2299 3839 2420 3892 qua:
2454 3840 2553 3880 sua
2577 3839 2723 3895 sunt,
2754 3840 3046 3901 antequam
3082 3835 3196 3890 illic
3226 3836 3304 3891 sis
3338 3834 3429 3891 uhi

195 3923 510 3983 referendas
534 3923 772 3976 rationes
809 3921 995 3974 habes.
1022 3919 1226 3971 Tribue
1253 3917 1388 3984 ipsis
1417 3927 1540 3982 qua:
1560 3927 1660 3965 sua
1690 3917 1819 3962 sunt
1844 3927 1857 3974 ;
1884 3925 2007 3964 nam
2039 3912 2253 3970 Patrem
2284 3919 2486 3975 habent
2506 3937 2709 3990 regem.
2741 3926 2813 3978 Da
2847 3927 2984 3996 ipsis
3005 3944 3124 4000 quae
3153 3947 3252 3985 sua
3276 3942 3425 3996 sunt,

192 4030 243 4075 et
275 4022 343 4074 ab
379 4030 568 4072 corum
611 4013 769 4069 Patre
799 4014 1042 4066 animum
1074 4011 1140 4064 ab
1160 4007 1529 4065 sollicitudine
1557 4004 1785 4057 liberum
1819 4003 2028 4073 accipe.
2060 4006 2230 4072 Quem
2273 4012 2400 4066 mihi
2432 4014 2673 4066 animum
2702 4020 2849 4071 curis
2876 4032 3188 4090 exemptum
3212 4037 3424 4083 narras.

195 4119 409 4186 inquit?
439 4114 712 4183 Quod‘unt'
747 4127 812 4165 ex
847 4109 1078 4163 minimis
1105 4110 1231 4160 meis
1271 4104 1493 4172 fecistis,
1547 4098 1674 4152 mihi
1704 4098 1901 4166 fecistis
1951 4101 2189 4169 (Matth.
2220 4122 2346 4170 xxv,
2407 4108 2534 4177 40).
2585 4109 2717 4163 Nam
2754 4112 3026 4179 feueratur
3068 4114 3201 4180 Deo,
3249 4118 3426 4186 inquit

190 4209 476 4280 propheta,
508 4207 597 4274 qui
632 4205 907 4256 miseretur
957 4197 1202 4286 pauperis
1223 4195 1243 4265 (
1263 4194 1418 4286 Prov.
1452 4206 1571 4286 xix,
1595 4189 1744 4286 17).“

261 4299 430 4351 Ἴδετε
466 4297 555 4347 τὸν
578 4292 828 4352 πλοῦτον,
851 4289 941 4342 τὸν
976 4285 1252 4356 δραπέτην
1277 4301 1289 4312 ο
1319 4283 1380 4335 οὑ
1399 4282 1677 4352 δραπέτην
1703 4281 1758 4330 δε

198 4393 380 4461 μόνον,
407 4387 544 4441 ἀλλά
600 4386 694 4437 καὶ
727 4380 1073 4452 ἀνδροφόνον.
1103 4379 1179 4430 Οὐ
1207 4377 1314 4446 γὰρ
1357 4371 1758 4442 καταλιμπάνει

193 4484 352 4553 μόνον
383 4481 509 4543 τοὺς
541 4478 764 4548 ἔχοντας
793 4472 980 4536 αὑτὸν,
1008 4471 1144 4526 ἀλλά
1173 4471 1265 4524 καὶ
1299 4469 1492 4536 σφάζει
1529 4467 1748 4528 αὐτούς.

190 4575 377 4626 Πίστιν
405 4571 514 4642 γὰρ
544 4571 644 4623 οὐκ
671 4569 806 4638 ἔχει.
834 4565 1033 4637 Θηρίον
1053 4563 1201 4615 ἐστὶν
1223 4564 1250 4614 6
1272 4559 1498 4622 πλοῦτος
1521 4559 1742 4612 ἰοϐόλον·

186 4666 276 4715 ἐὰν
333 4662 652 4730 κατέχεται,
709 4658 944 4726 φεύγειο
988 4655 1083 4707 ἐὰν
1140 4652 1520 4722 σκορπίζεται,
1570 4667 1746 4718 παρα-

1934 4291 2228 4361 Ejusdem,
2288 4299 2485 4358 Enarr.
2545 4307 2600 4359 in
2657 4307 2807 4361 Psal.
2869 4324 3014 4371 xuv,
3076 4311 3140 4364 de
3192 4310 3417 4381 Eutrop.

1853 4381 2160 4448 (Nonnihil
2216 4391 2432 4449 diversa
2463 4400 2529 4450 ah
2563 4399 2786 4470 editis.)
2819 4400 3104 4456 —Videte
3169 4403 3416 4467 divitias.

1852 4472 2019 4539 hunc,
2069 4480 2312 4550 inquam,
2371 4486 2654 4557 fugitivum
2713 4493 3414 4564 servum;necfugitivum

1853 4567 2038 4630 modo,
2069 4572 2161 4625 sed
2181 4583 2234 4627 et
2263 4574 2618 4632 homicidam.
2640 4578 2823 4649 Neque
2837 4584 2984 4636 enim
3009 4597 3143 4638 suos
3177 4591 3413 4638 tantum-

1851 4660 2012 4712 modo
2090 4662 2338 4723 dominos
2409 4670 2670 4725 deserit:
2734 4674 2829 4728 sed
2880 4673 3044 4728 etiam
3094 4676 3408 4730 obtruncat.

188 4761 357 4826 μένει.
399 4755 819 4822 Ἐσκόρπισεν,
859 4751 1085 4804 ἔδωκεν
1110 4749 1233 4812 τοῖς
1271 4747 1564 4810 πένησινο
1594 4745 1633 4810 ὴ
1659 4742 1747 4795 δι-

187 4851 478 4914 καιοσύνη
507 4847 694 4899 αὐτοῦ
721 4844 887 4912 μένει
918 4845 1004 4905 είς
1031 4843 1137 4894 τὸν
1165 4841 1348 4893 αἰῶνα
1372 4839 1476 4891 τοῦ
1511 4834 1740 4899 αἰῶνος.

186 4941 488 5008 Σκόρπισον
522 4933 614 4989 οὖν
645 4935 828 5002 αὑτὸν,
861 4935 948 4986 ἵνα
986 4934 1144 5004 μένῃ.
1174 4931 1550 5001 Θησαυρίσατε
1583 4927 1743 4978 αὑτὸν

184 5035 236 5082 ἐν
259 5033 368 5091 τοῖς
395 5030 667 5098 οὐρανοῖς,
700 5028 832 5079 ὅπου
864 5024 1106 5094 κλέπτης
1129 5023 1227 5075 οὐκ
1251 5023 1477 5088 ἐγγίζει,
1502 5019 1618 5071 οὐδὲ
1645 5017 1741 5086 σὴς

183 5123 505 5192 διαφθείρει.
549 5120 656 5172 Ποῦ
686 5121 736 5170 οἱ
785 5119 1188 5185 πλουτήσαντες
1225 5114 1330 5182 πρὸ
1374 5113 1566 5182 ἡμῶν;
1615 5111 1740 5175 ἐλη-

184 5216 548 5284 σμονήθησαν.
592 5212 792 5273 Ἡδέως
821 5214 885 5263 Ξιν
919 5212 1147 5281 ἐροίμην
1179 5209 1304 5271 τοὺς
1349 5205 1737 5266 ἀποθανόντας,

184 5309 270 5360 καὶ
288 5307 516 5375 ἠρώτων
534 5305 748 5368 αὐτούς·
771 5303 876 5355 Ποῦ
900 5306 928 5354 6
949 5303 1192 5364 πλοῦτος,
1210 5300 1301 5352 καὶ
1322 5301 1370 5351 οἱ
1391 5296 1734 5368 στρατιῶται,

183 5399 271 5448 καὶ
297 5397 361 5447 τὰ
391 5395 515 5464 ξίφη
547 5394 615 5446 τά
645 5396 1027 5464 ἀστράπτοντα
1063 5397 1124 5444 ἐκ
1144 5394 1238 5459 τῆς
1271 5391 1502 5454 ἀκόνηςς
1534 5387 1642 5440 Ποῦ
1669 5388 1736 5439 τά

179 5489 578 5559 ἀργυρώματα,
611 5488 703 5539 καὶ
731 5489 787 5540 αἱ
820 5487 991 5539 κλίναι
1018 5487 1075 5536 αἱ
1109 5485 1376 5554 ἀργυραῖς
1399 5483 1500 5534 ποῦ
1522 5483 1571 5532 οἱ
1594 5483 1737 5532 οἰκέ-

179 5598 293 5642 ταις
323 5580 424 5631 ποῦ
448 5581 497 5632 οἱ
528 5579 803 5649 εὐνοῦχοις
832 5579 932 5632 ποῦ
957 5580 1005 5630 0i
1028 5581 1205 5647 φίλοι;
1231 5577 1330 5628 ποῦ
1361 5580 1416 5628 αἱ
1444 5576 1608 5628 οἰκίαι
1635 5591 1648 5639 ;
1671 5576 1736 5625 Τί

1845 4747 2004 4804 Nulla
2033 4756 2234 4824 quippe
2257 4759 2360 4827 ipsi
2405 4762 2535 4816 ﬁdes
2577 4765 2736 4818 inest.
2787 4764 2996 4819 Divitiae
3051 4766 3290 4821 veneﬁca
3317 4768 3409 4822 be-

1845 4843 1944 4894 stia
1969 4854 2116 4899 sunt.
2143 4846 2277 4901 Cum
2317 4860 2594 4916 tenentur,
2621 4855 2870 4924 fugiunt;
2901 4870 3025 4910 cum
3054 4869 3403 4925 sparguntur,

1844 4947 2145 4992 remanent.
2205 4940 2490 5010 Dispersit,
2521 4949 2664 5001 enim
2697 4949 2872 5016 inquit
2900 4949 3012 5012 ille,
3047 4947 3192 5001 dedit
3210 4965 3404 5017 paupe-

1844 5026 1988 5080 ribus
2028 5043 2048 5080 :
2072 5031 2290 5099 justitia
2316 5038 2428 5103 ejus
2448 5050 2619 5092 manet
2641 5045 2694 5093 in
2715 5041 2963 5094 swculum
2997 5041 3179 5093 sa'culi
3217 5041 3397 5110 (Psal.

1841 5132 1950 5180 cxi,
1979 5117 2074 5187 9).
2111 5119 2220 5178 llas
2253 5140 2380 5196 ergo
2437 5129 2706 5200 disperge,
2745 5139 2805 5183 ut
2855 5138 3129 5183 maneant.
3160 5129 3217 5183 In
3247 5131 3401 5184 ccelis

1839 5225 1934 5266 cas
1968 5213 2298 5282 thesauriza,
2331 5219 2421 5270 ubi
2454 5221 2545 5288 fur
2579 5239 2680 5275 non
2713 5224 3014 5292 appropiat,
3055 5239 3215 5291 neque
3256 5224 3393 5275 tinea

1841 5308 2130 5374 corrumpit
2152 5309 2170 5374 (
2195 5305 2325 5361 Luc.
2360 5326 2452 5363 xu.
2483 5313 2552 5366 55
2572 5315 2610 5380 ).
2641 5312 2744 5368 Ubi
2777 5322 2907 5370 sunt
2930 5314 3005 5367 illi
3032 5314 3276 5382 opulenti
3298 5318 3390 5382 qui

1843 5404 1968 5449 ante
2021 5413 2121 5452 nos
2147 5397 2406 5455 fuerunt?
2458 5404 2732 5459 oblivione
2783 5405 2966 5459 obruti
2995 5413 3144 5460 sunt.
3179 5403 3394 5457 Luben~

1839 5499 2016 5545 autem
2045 5506 2110 5545 ex
2145 5493 2212 5547 iis
2267 5498 2358 5564 qui
2393 5496 2765 5562 decesserunt,
2823 5513 3128 5567 quererem
3173 5511 3237 5549 ac
3283 5499 3389 5548 sci-

1839 5583 2064 5635 scitarer
2107 5584 2199 5637 ubi
2235 5601 2420 5640 eorum
2457 5602 2587 5657 opes
2615 5590 2744 5652 sint,
2777 5589 2870 5643 ubi
2907 5589 3167 5649 militares
3199 5588 3388 5655 copiae.

1836 5681 1887 5726 et
1922 5672 2187 5742 fulgentes
2216 5679 2440 5746 cuspide
2473 5695 2570 5734 sua
2620 5681 2828 5750 gladii;
2868 5682 2957 5735 ubi
2995 5695 3125 5732 vasa
3187 5693 3376 5747 argen-

1838 5777 1940 5828 tea,
1973 5776 2027 5820 et
2064 5768 2187 5821 lecti
2246 5774 2519 5840 argentei;
2564 5773 2656 5826 ubi
2691 5773 2902 5834 famuli,
2948 5772 3038 5825 ubi
3091 5771 3380 5839 spadones,

1837 5858 1924 5911 ubi
1973 5858 2133 5928 500
2159 5864 2339 5916 amici.
2373 5865 2461 5918 ubi
2499 5867 2662 5920 :edcs.
2691 5865 2828 5930 Quid
2860 5865 3080 5918 divitias
3111 5863 3380 5926 contines,

501 5977 761 6033 PAIEBUL
809 5978 894 6030 (In
969 5977 1135 6032 ΧΓὶλ

2840 5982 2906 6051 48

181 5673 424 5741 κατέχεις
472 5673 700 5724 πλοῦτον
734 5674 824 5725 τὸν
875 5678 929 5725 ὲν
971 5671 1148 5743 καιρῷ
1197 5671 1440 5738 ἀνάγκης
1486 5669 1635 5721 οὐδέν
1675 5687 1732 5721 σε

181 5768 484 5834 ὠφελοῦντα
505 5786 519 5831 ;
550 5766 686 5832 Ἐγὼ
707 5767 765 5816 οὐ
791 5767 1123 5832 κεκόλλημαι
1143 5766 1254 5825 τοῖς
1285 5764 1552 5825 πλουσίοις
1570 5804 1582 5823 ,
1603 5761 1756 5814 ἀλλά⁶

181 5863 284 5918 rei?
323 5861 505 5920 κακῶς
537 5859 613 5925 τῷ
667 5857 878 5907 πλού-τοι
924 5856 1301 5925 κεχρημένοις.
1335 5857 1409 5905 (l6
1455 5857 1542 5907 τὸν
1576 5854 1731 5905 15mi-
