4206 6442
786 375 917 442 1515

1979 384 2037 444 S.
2073 383 2392 445 JOANNIS
2425 385 2851 448 DAMASCENI

3333 329 3360 337 ον

3898 399 4036 466 1516

779 506 841 544 ex
869 490 1088 560 quibus,
1117 506 1240 546 cum
1267 492 1574 548 necessitas
1602 502 1777 565 urget,
1807 493 1946 548 nihil
1966 495 2222 550 utilitatis
2256 509 2342 550 ea-

2450 513 2566 550 σιον
2596 496 2870 554 διασάλλω
2899 501 2933 572 ῆ
2975 501 3222 574 λοιὼρῶ,
3269 505 3345 576 μὴ
3373 507 3606 574 γένοιτο,
3639 508 3777 565 ἀλλὰ
3807 512 3900 567 τὸν
3929 517 4030 586 ἆρ-

779 584 936 652 pias?
973 582 1072 638 llic
1111 599 1212 654 ego
1271 585 1473 640 divites
1530 601 1643 641 non
1699 586 1940 657 exagito,
1996 588 2091 642 sed
2122 602 2217 642 eos
2251 587 2346 657 qui

777 679 990 735 divitiis
1030 680 1349 735 abutuntur.
1411 679 1530 736 Non
1576 681 1796 736 divitem
1819 680 2072 746 traduco,
2097 695 2199 736 nec
2230 696 2345 735 ma-

776 770 997 826 ledictis
1071 773 1303 838 lacesso,
1367 774 1532 840 absit,
1565 773 1660 829 sed
1717 782 2016 845 raptorem,
2059 773 2222 828 Aliud
2263 781 2347 829 est

774 861 951 928 dives,
1009 864 1161 920 aliud
1191 875 1400 934 raptor,
1466 865 1615 919 aliud
1649 866 1891 921 habendi
1927 864 2185 936 cupidus.
2239 864 2346 919 Res

773 953 958 1010 divide
1001 971 1014 1007 :
1053 972 1123 1011 ne
1144 973 1206 1012 ea
1255 960 1427 1028 junge
1467 973 1590 1028 qua:
1620 975 1822 1014 nexum
1851 975 1962 1012 non
1998 957 2224 1013 habent.
2258 958 2348 1012 Di-

769 1061 868 1102 ves
892 1062 975 1102 es.
1024 1047 1144 1104 Non
1170 1050 1455 1120 prohibeo,
1494 1066 1596 1106 nec
1636 1052 1904 1106 obtrecto.
1937 1049 2130 1105 Aliena
2159 1049 2346 1121 rapis?

769 1138 874 1195 hoc
896 1143 1252 1211 reprehendo.
1293 1142 1475 1201 Habes
1525 1161 1648 1217 quae
1695 1154 1784 1199 tua
1822 1144 1989 1199 sunt?
2018 1145 2106 1200 his
2140 1144 2339 1200 fruere.

767 1230 960 1285 Aliena
991 1231 1207 1287 sumis?
1241 1247 1352 1288 non
1379 1235 1540 1302 sileo,
1569 1234 1665 1290 sed
1706 1234 1902 1288 clamo.
1944 1231 2040 1289 Vis
2082 1249 2169 1290 me
2202 1234 2341 1305 lapi-

766 1324 930 1379 dibus
960 1326 1190 1394 petere?
1223 1335 1426 1396 praesto
1461 1343 1604 1383 sum.
1646 1325 1742 1381 Vis
1781 1326 1914 1380 mihi
1950 1335 2119 1396 caput
2149 1342 2342 1396 ampu-

689 1424 692 1427 '
768 1417 920 1470 tare?
951 1431 1060 1471 non
1089 1431 1307 1474 recuso.
1372 1421 1690 1490 Promptum
1735 1428 1821 1474 est
1845 1419 1978 1473 mihi
2016 1420 2340 1489 sanguinem

763 1508 1122 1577 profundere,
1156 1512 1322 1566 modo
1371 1522 1657 1582 peccatum
1693 1521 1848 1567 tuum
1887 1511 2254 1574 lucrifaciam,
2286 1519 2340 1566 et

763 1615 792 1650 a
827 1609 879 1653 te
909 1601 1261 1657 submoveam
1289 1621 1302 1657 :
1335 1603 1388 1658 id
1433 1603 1569 1658 mihi
1606 1619 1756 1660 cura:
1803 1613 1910 1668 est,
1944 1605 2206 1674 quoniam
2239 1601 2337 1656 tibi

761 1693 1046 1747 nocivum.
1099 1693 1282 1749 Unum
1314 1694 1417 1750 hoc
1452 1695 1584 1750 mihi
1617 1695 1890 1751 duntaxat
1915 1710 2064 1750 curae
2086 1702 2193 1756 est,
2233 1708 2336 1747 au-

758 1781 1026 1838 dientium
1055 1785 1352 1856 profectus.
1386 1789 1550 1859 Atqui
1598 1803 1868 1858 pauperes
1903 1788 1996 1841 lilii
2031 1787 2138 1841 mei
2182 1794 2333 1851 sunt,

2460 607 2632 659 παγα.
2661 592 2827 646 ’Δλλο
2852 594 3129 661 πλούσιος,
3153 597 3281 652 ἄλλο
3307 599 3512 670 ἅρπαξ,
3549 604 3644 657 καὶ
3674 606 3803 659 ἀλλο
3831 608 4026 663 πλεονο

2453 683 2639 754 ἕκτης.
2675 685 2828 772 Δίελε
2889 686 2958 740 τὰ
3005 689 3338 760 πράγματα·
3374 693 3452 764 μὴ
3489 695 3651 766 μίσγε
3691 698 3760 751 τά
3787 700 4023 772 ἄμικτα.

2451 773 2713 838 Πλούσιος
2740 771 2824 844 el;
2853 777 2914 830 οὐ
2969 779 3184 846 κωλύω,
3215 783 3277 835 οὐ
3328 783 3563 853 ζηλεύω.
3615 771 3912 859 Ἀρπάζεις
3958 797 4028 847 τὰ

2447 863 2733 936 ἀλλὰτρια;
2766 870 3076 940 κατηγορῶ.
3105 872 3292 944 Ἔχεις
3317 875 3386 928 τὰ
3406 875 3477 930 σά
3500 893 3516 943 ;
3549 878 3789 936 ἀπόλαυε
3812 885 4018 941 αὐτῶν.

2448 957 2762 1048 ⁴λαμϐάνεις
2811 961 2880 1015 τὰ
2928 962 3220 1034 ἀλλότρια;
3248 968 3308 1020 οὐ
3366 969 3578 1036 σιωπῶ,
3615 971 3754 1027 ἀλλά
3802 978 4018 1048 κράζω.

2447 1045 2634 1112 Θέλεις
2691 1067 2758 1120 με
2795 1049 3053 1120 λιθάσαι;
3091 1053 3309 1127 ἕτοιμός
3349 1060 3488 1128 ειμι.
3546 1045 3869 1134 ’Δποτεμεῖν
3917 1069 4020 1139 τὴν

2447 1141 2694 1212 κεφαλὴν
2732 1141 2942 1209 θέλεις;
2977 1147 3038 1198 οὺ
3084 1147 3478 1222 παραιτοῦμαι.
3514 1151 3588 1207 Τὸ
3614 1151 3754 1227 αἷμα
3799 1159 4022 1230 ἕτοιμός

2444 1231 2561 1299 εἰμι
2587 1233 2792 1302 ἐκχεῖν,
2823 1235 2983 1305 μόνον
3024 1240 3124 1310 τὴν
3154 1241 3432 1312 ἁμαρτίαν
3476 1261 3572 1299 σου
3607 1249 3880 1320 κερδήσω,
3920 1255 4021 1306 καὶ

2444 1320 2677 1375 κωλύσω
2702 1324 2874 1397 αὐτὴν
2904 1326 3010 1380 ἀπὸ
3039 1329 3156 1384 σοῦ.
3189 1331 3342 1401 Ἐμοὶ
3373 1333 3546 1402 μέλει,
3577 1337 3764 1410 ἐπειδή
3794 1358 3856 1394 σε
3887 1342 4020 1411 βλά-

2443 1429 2603 1466 πτει⁶
2641 1414 2764 1479 ἑνός
2815 1435 2908 1487 μοι
2967 1419 3128 1490 μόνον
3184 1423 3358 1492 μέλει,
3405 1425 3506 1497 τῆς
3565 1433 3853 1503 προκοπῆς
3906 1435 4019 1487 τῶν

2442 1508 2774 1563 ἀκουόντων.
2803 1512 2915 1566 Καὶ
2948 1517 2998 1568 οἱ
3033 1515 3264 1587 πένητες
3297 1519 3406 1590 ὲμά
3427 1522 3614 1590 τέκνα,
3644 1527 3739 1580 καὶ
3765 1531 3814 1581 οἱ
3850 1529 4017 1583 πλού-

2442 1617 2548 1654 σιοι
2579 1603 2688 1671 ἐμὰ
2709 1602 2876 1657 τέκνα
2905 1607 3064 1662 εἰσίν.
3113 1609 3177 1662 'H
3206 1611 3344 1682 αὑτὴ
3372 1614 3480 1686 γὰρ
3516 1617 3730 1690 γαστὴρ
3768 1621 4016 1690 ἀμφοτέ-

2443 1709 2570 1763 ρους
2602 1694 2866 1765 ὡδίνησεν
2886 1713 2900 1728 ·
2937 1699 2994 1753 αἱ
3025 1702 3189 1757 αὑταὶ
3236 1705 3443 1775 ὠδῖνες,
3473 1712 3564 1766 καὶ
3595 1715 3642 1766 οί
3673 1717 3830 1769 αὐτοὶ
3860 1719 4014 1772 πόνοι

2437 1785 2785 1858 ἀμφοτέρους
2843 1789 3051 1848 ἔτεκον,
3094 1794 3222 1852 Ἐὰν
3272 1802 3599 1875 κεκόλλησαι
3650 1806 3730 1878 τῷ
3778 1811 4012 1880 πένητι,

757 1878 1001 1948 itemque
1045 1878 1141 1932 filii
1176 1880 1281 1935 mei
1334 1890 1465 1935 sunt
1517 1882 1736 1936 divites.
1797 1879 1941 1935 ldem
1969 1879 2114 1934 enim
2144 1890 2334 1951 uterus

2439 1880 2732 1948 κατηγορῶ
2765 1898 2880 1947 σου,
2915 1885 2973 1937 οὐ
3021 1885 3115 1939 τοῦ
3152 1890 3385 1960 πένητος
3439 1898 3696 1952 τοσοῦτον
3734 1900 3862 1954 ὅσον
3907 1878 4014 1958 τοῦ

757 1968 955 2024 ambos
983 1971 1315 2039 parturivit;
1379 1971 1544 2025 iidem
1594 1969 1836 2034 dolores,
1867 1968 2057 2024 eadem
2091 1967 2331 2021 tormina

2439 1967 2716 2025 πλουσίου.
2754 1971 2814 2025 '0
2869 1975 3040 2048 πένης
3081 1979 3191 2052 γὰρ
3222 1955 3376 2038 ούδὲν
3427 1987 3574 2058 μέγα
3616 1991 3914 2048 ἀδικεῖται.

759 2066 1026 2130 utrosque
1094 2071 1442 2130 pepererunt.
1475 2061 1636 2127 Quod
1691 2062 1738 2118 si
1767 2077 2066 2132 pauperem
2121 2061 2327 2130 carpis,

757 2149 1098 2218 reprehendo
1120 2160 1190 2217 te,
1214 2158 1447 2206 nectam
1482 2152 1748 2222 pauperis
1777 2152 1953 2206 vicem
1977 2165 2144 2221 quam
2177 2161 2326 2205 tuam

757 2238 938 2294 doleo.
980 2237 1195 2309 Pauper
1245 2241 1392 2294 enim
1430 2241 1574 2296 haud
1627 2244 1703 2296 ita
1756 2256 2008 2311 magnam
2063 2242 2321 2311 injuriam

2431 2058 2577 2129 ἔχεις
2603 2061 2710 2158 γάρ
2737 2065 2900 2158 αὑτοῦ
2953 2070 3218 2141 ἁρπάσαι,
3243 2076 3294 2128 εί
3337 2079 3536 2150 μήτιγε
3587 2081 3683 2136 ἐὰν
3709 2081 3827 2156 εἶχε
3874 2091 4016 2158 χρή-

2638 2155 2712 2250 Σξδ
2743 2157 2817 2250 δὲ,
2840 2161 2938 2250 ,εἰς
2983 2163 3084 2235 τὴν
3123 2166 3305 2239 ψυχήν
3343 2186 3439 2224 σου
3497 2155 4012 2250 ὲπιόουλεύειςήτην

2433 2241 2656 2315 βλάϐην,
2675 2248 2937 2318 ἁρπάζων
2965 2253 3193 2326 πένητα.

757 2337 976 2406 accipit.
1015 2337 1177 2430 Quid
1248 2339 1396 2393 enim
1429 2340 1476 2394 ei
1525 2340 1720 2410 eripis.
1752 2339 1798 2396 si
1829 2339 2082 2411 pecuniis
2135 2336 2407 2394 caret?tu
2438 2351 2573 2394 vero
2595 2341 2795 2398 animae
2835 2345 2954 2416 ipse
3013 2358 3122 2405 tua:
3174 2350 3409 2410 insidias
3465 2357 3655 2425 struis,
3707 2375 4010 2430 pauperem

759 2429 1086 2501 diripiendo.
1118 2495 1136 2518 '

828 2523 1014 2594 Ejusd.
1033 2517 1535 2594 ibid.—Quousque
1552 2523 1832 2594 pecuniae?
1848 2538 2138 2596 quousque
2153 2539 2338 2597 argen-

2503 2517 2682 2590 Μέχρι
2716 2522 2848 2576 πότε
2878 2526 3176 2595 χρήματα;
3226 2531 3388 2604 μέχρι
3419 2536 3550 2588 πότε
3587 2537 4007 2609 ἀργυρὼματας

753 2629 843 2676 tea
871 2618 1116 2688 supellex
1144 2618 1168 2671 ?
1195 2633 1485 2689 quousque
1505 2615 1835 2673 famulorum
1883 2619 2282 2672 assentationes
2313 2617 2335 2670 ?

2439 2609 2597 2682 μέχρι
2623 2613 2751 2667 πότε
2770 2615 3052 2672 κολακεϊαι
3086 2623 3349 2690 οίκετῶν;
3387 2625 3547 2697 μέχρι
3590 2631 3717 2682 πότε
3745 2627 3890 2694 οἶνος
3918 2633 4010 2683 ὲκ-

754 2726 1046 2783 quousque
1083 2713 1273 2766 vinum
1300 2711 1575 2769 effusum?
1618 2714 1908 2781 quousque
1935 2717 2200 2764 coronata
2229 2724 2329 2778 po-

2439 2703 2718 2774 ίεόμενος;
2752 2708 2914 2780 μέχρι
2958 2713 3090 2766 πότε
3129 2717 3404 2787 κρατηρες
3437 2720 3803 2790 ἐστεμμένοις
3844 2726 4009 2792 μέχρι

756 2805 921 2858 cola?
973 2819 1268 2874 quousque
1324 2801 1582 2858 Satanica
1617 2800 1896 2865 convivia,
1948 2809 2114 2870 atque
2142 2799 2325 2854 alllatu

2439 2794 2556 2847 ιτότε
2602 2801 2884 2866 συμπόσια
2941 2803 3249 2872 Σατανικὰ,
3281 2809 3377 2861 καὶ
3408 2809 3728 2875 διαόολικῆς
3760 2816 4008 2883 γέμοντα

750 2895 1031 2951 diabolica
1082 2895 1326 2950 referta?
1370 2896 1453 2948 Au
1485 2903 1538 2949 te
1586 2893 1724 2963 fugit
1785 2901 2110 2962 praesentem
2159 2891 2324 2946 vitam

750 2988 886 3043 nihil
914 2987 1064 3043 aliud
1117 2988 1229 3043 nisi
1261 2988 1403 3042 viam
1451 2985 1613 3041 esse?
1651 3001 1720 3038 an
1759 3000 1818 3040 es
1850 2984 2073 3040 nescius
2095 2997 2198 3039 nos
2239 2982 2325 3038 his

2439 2976 2531 3029 οὐκ
2564 2975 2722 3034 οἶσθα
2769 2981 2852 3034 ὅτι
2905 2983 3329 3056 ἀποδημοῦμενς
3371 2989 3446 3060 μὴ
3498 2991 3608 3062 γὰρ
3641 2992 3874 3062 πολίτης
3917 2989 4003 3045 εῐ·

750 3080 1132 3150 peregrinari?
1165 3077 1304 3133 Num
1355 3078 1501 3132 enim
1547 3078 1637 3132 hic
1671 3077 1812 3132 civis
1841 3076 1938 3132 es?
1965 3091 2032 3130 an
2065 3090 2172 3129 non
2205 3075 2324 3128 via-

2439 3067 2608 3140 ὁδίτης
2633 3068 2701 3125 εί.
2727 3073 2842 3126 Οὐκ
2890 3075 3056 3146 ἐσμὲν
3105 3079 3345 3143 πολῖται,
3382 3081 3500 3135 ἀλλ’
3528 3083 3700 3138 ὁδῖται
3733 3087 3830 3138 καὶ
3869 3085 4008 3138 ὁδοι-

750 3172 880 3227 tor?
929 3172 1080 3227 cives
1124 3170 1313 3240 utique
1367 3186 1475 3223 nou
1535 3184 1748 3234 sumus,
1791 3168 1886 3224 sed
1951 3168 2209 3222 viatores.
2249 3166 2326 3222 Ne

2439 3161 2730 3258 negatalﬁ;
2749 3165 2940 3258 sin-11;,
2981 3169 3120 3238 Ἐχω
3151 3172 3307 3242 τήνδε
3354 3174 3454 3244 τὴν
3496 3175 3684 3228 πόλιν·
3713 3179 3816 3230 οὐκ
3859 3178 4006 3246 ἔχεις

750 3260 954 3316 dixeris
992 3261 1188 3316 :llanc
1241 3261 1520 3315 civitatem
1577 3259 1771 3312 habeo.
1826 3258 1970 3311 Nihil
2015 3259 2104 3311 hic
2132 3257 2320 3310 habes.

2439 3252 2584 3302 οὐδὲν
2613 3255 2870 3307 ἐνταῦθα.
2904 3257 2968 3310 Ἦ
2992 3259 3147 3320 πόλις
3180 3263 3334 3328 ἡμῶν
3356 3265 3470 3318 ἀνω
3497 3265 3726 3320 ἐστί.Τά
3760 3269 4008 3337 παρόντα

681 3375 687 3382 ·
749 3355 958 3410 Civitas
1006 3361 1198 3406 nostra
1253 3363 1476 3404 sursum
1502 3356 1605 3401 est.
1641 3346 1938 3400 Praesentia
1995 3343 2132 3397 nihil
2154 3351 2322 3406 sunt;

2439 3340 2583 3391 οὐδέν
2613 3342 2760 3393 ἐστιν
2781 3358 2796 3374 ο
2825 3343 2941 3406 ὁδός
2974 3345 3081 3398 εἰσι
3134 3347 3203 3399 τὰ
3234 3349 3502 3419 παρόντα.
3548 3353 3838 3421 Ὁδεύομεν
3879 3360 4005 3412 καθ’

753 3443 853 3498 iter
883 3451 1016 3499 sunt
1044 3442 1357 3514 praesentia.
1395 3438 1653 3506 Quotidie
1688 3438 1793 3492 iter
1825 3436 2077 3490 facimus.
2110 3435 2319 3490 Natura

2439 3431 2664 3501 ἡμέραν.
2699 3432 2765 3484 Ἢ
2798 3433 2961 3501 φύσις
2986 3435 3194 3506 τρέχει.
3231 3436 3386 3490 Ἐστι
3425 3457 3511 3502 τις
3555 3444 3612 3492 ἐν
3657 3443 3764 3510 ὀδῷ
3792 3447 4003 3498 οἰκοδο-

752 3537 945 3590 currit.
990 3534 1191 3605 Ecquis
1258 3542 1342 3589 cst
1390 3532 1483 3602 qui
1550 3531 1655 3586 iter
1710 3527 1923 3600 agendo
1971 3528 2190 3582 domum
2229 3543 2324 3580 ex-

2439 3522 2550 3591 μῶν
2592 3523 2804 3589 οίκίαν;
2839 3525 2993 3578 Ἐστι
3024 3545 3108 3590 τις
3139 3529 3242 3598 ὁδῷ
3269 3534 3530 3600 χρήματα
3575 3534 4001 3605 ἀποτιθέμενοςς

749 3629 958 3682 struat?
995 3626 1129 3693 Quis
1154 3625 1244 3679 ille
1280 3635 1365 3681 est
1397 3623 1490 3692 qui
1533 3621 1587 3676 in
1619 3621 1813 3676 itinere
1841 3619 2101 3690 pecunias
2122 3632 2321 3672 recon-

2439 3613 2601 3666 "U‘tav
2655 3615 2868 3685 ὁδεύῃς,
2911 3621 3006 3672 xa‘t
3056 3620 3281 3691 είσέρχῃ
3310 3623 3391 3685 εἰς
3444 3623 3778 3694 πανδοχεῖον,
3816 3628 3895 3696 μὴ
3941 3629 4006 3680 τὸ

747 3721 877 3778 dat?
927 3717 1064 3774 Cum
1104 3716 1375 3779 ambulas,
1405 3726 1566 3786 atque
1597 3715 1653 3769 in
1693 3713 2062 3768 diversorium
2131 3712 2320 3781 ingre-

2439 3705 2744 3776 πανδοχεῖον
2780 3710 3146 3776 καλλωπίζεις
3178 3713 3210 3782 ἢ
3248 3714 3455 3778 κτίζεις
3477 3731 3491 3779 ;
3517 3713 3600 3779 οὓ,
3638 3717 3799 3787 φησίν
3824 3735 3837 3748 ο
3866 3720 4003 3773 ἀλλὰ

749 3813 924 3872 deris.
978 3824 1047 3863 an
1107 3808 1477 3864 diversorium
1529 3807 1813 3861 exornas?
1861 3821 1930 3860 an
1970 3819 2079 3859 non
2131 3804 2320 3874 potius

2439 3796 2680 3866 τρώγεις,
2706 3799 2902 3864 πίνεις,
2921 3802 3018 3854 καὶ
3036 3803 3234 3873 ἐπείγῃ
3253 3805 3348 3857 τοῦ
3379 3805 3612 3871 ἐξελθεῖν
3631 3823 3645 3871 ;
3675 3809 4000 3878 Πανδοχείον

743 3903 874 3962 'edis
901 3910 956 3957 et
983 3901 1150 3967 bibis,
1185 3909 1352 3971 atque
1397 3899 1584 3970 egredi
1637 3899 1908 3954 festinas?
1945 3897 2318 3953 Diversorium

2439 3889 2520 3942 ὤν
2550 3891 2698 3944 ἐστιν
2725 3893 2754 3944 6
2789 3893 2980 3962 παρὼν
3005 3894 3140 3962 βίος.
3168 3895 3357 3959 Οὕτως
3387 3898 3732 3969 εἰσήλθομεν,
3766 3902 3865 3952 καὶ
3897 3920 3998 3955 και

751 3996 938 4064 itaque
992 4003 1077 4049 est
1105 3994 1222 4046 haec
1243 3993 1359 4048 vita
1413 4007 1680 4062 praesens.
1720 3992 1836 4046 Hoc
1865 3989 2028 4044 modo
2073 3989 2316 4059 ingressi

2439 3981 2696 4053 εαλύομεν
2720 3985 2800 4048 εἰς
2821 3984 2914 4038 τὸν
2938 3990 3183 4057 παρόντα
3213 3988 3327 4057 βίον
3345 4006 3360 4021 ’
3393 3989 3717 4062 σπεύσωμεν
3755 3994 4000 4056 ἐξελθεῖν

753 4102 966 4149 sumus,
999 4096 1059 4140 et
1079 4085 1428 4141 diversamur
1457 4088 1511 4141 in
1541 4085 1644 4140 hac
1675 4087 1810 4151 vita,
1839 4084 1970 4137 hinc
1995 4081 2319 4137 studeamus

2439 4070 2567 4139 μετά
2599 4071 2774 4143 καλῆς
2812 4073 3044 4139 ἐλπίδος.
3077 4077 3259 4147 Μηδὲν
3297 4079 3547 4149 ἀφῶμεν,
3585 4081 3704 4134 οὐδὲ
3772 4085 3848 4153 μὴ
3893 4086 3997 4137 ἀπο

752 4193 876 4231 cum
931 4191 1028 4247 spe
1084 4175 1372 4231 excedere.
1432 4175 1578 4230 Nihil
1629 4174 1758 4230 istic
1807 4173 2204 4242 relinquamus,
2249 4186 2320 4225 ne

2439 4162 2723 4236 ›λέσωμεν.
2757 4165 2886 4219 Ὅτε
2923 4168 3175 4241 εἰσέλθῃς
3204 4170 3287 4232 εἰς
3327 4170 3387 4223 τὸ
3421 4172 3756 4242 πανδοχεῖον,
3780 4174 3992 4242 λέγεις·

749 4269 1084 4327 amittamus.
1135 4266 1442 4338 llospitium
1508 4267 1805 4337 ingressus,
1859 4261 2123 4318 aistac
2159 4261 2318 4316 nobis

2439 4257 2657 4328 Ποίησον
2683 4258 2813 4327 ἡμῖν
2836 4258 3031 4328 ἕτοιμα
3051 4259 3120 4312 τὰ
3142 4259 3347 4327 ψυκτά,
3371 4262 3454 4314 ὅτι
3478 4263 3578 4334 τὴν
3608 4268 3780 4316 νύκτα
3811 4266 3894 4318 ὁδε
3905 4267 3995 4318 ύο-

747 4369 812 4414 ut
858 4377 1023 4432 quam
1093 4362 1336 4432 primum
1385 4359 1733 4425 reficiamur;
1767 4373 1892 4412 nam
1917 4357 1986 4411 de
2015 4365 2178 4410 nocte
2212 4354 2319 4410 iter

2439 4365 2549 4416 μεν.
2584 4347 2860 4414 Ὡσαύτως
2889 4350 2944 4403 δὲ
2983 4351 3075 4405 καὶ
3118 4353 3196 4423 τῷ
3225 4354 3530 4426 παιδαρίῳ·
3569 4356 3898 4424 Ἀσφάλισαι
3927 4362 3995 4411 τὰ

753 4451 954 4508 ficturi
1002 4466 1218 4507 sumus.
1256 4451 1502 4521 Itemque
1562 4449 1770 4503 famulo
1806 4446 2042 4503 :Vestes
2095 4454 2318 4501 nostras

2439 4442 2640 4511 ἱμάτια,
2669 4442 2754 4495 ἵνα
2780 4443 2946 4514 μηδὲν
2963 4444 3333 4516 λησμονήσῃς,
3358 4447 3434 4516 μή
3457 4464 3510 4499 τι
3537 4448 3832 4518 ἀπόληται,
3858 4451 3993 4502 ἀλλά

747 4546 808 4597 in
833 4551 950 4598 tuto
967 4543 1204 4607 colloca,
1229 4559 1332 4598 nec
1361 4542 1687 4612 cujusquam
1719 4538 2076 4600 obliviscere,
2099 4536 2318 4608 nequid

2439 4529 2602 4584 πάντα
2633 4531 2712 4595 είς
2737 4532 2836 4598 τὴν
2879 4533 3055 4585 οἰκίαν
3085 4534 3478 4605 ἐπαγάγωμεν.
3505 4535 3662 4590 Οὕτω
3701 4540 3799 4591 καὶ
3830 4541 3991 4608 ἡμεῖς

755 4639 914 4694 nobis
976 4637 1334 4708 deperdatur,
1391 4637 1486 4692 sed
1535 4633 1758 4690 domum
1819 4633 2004 4688 omnia
2051 4632 2312 4686 feramus.

2439 4621 2706 4693 ιλέπωμεν
2747 4625 3058 4694 πανδοχεῖον
3089 4626 3182 4678 τὸν
3212 4627 3456 4697 παρόντα
3503 4627 3636 4698 βίον.
3669 4630 3856 4700 Μηδὲν
3887 4627 3986 4684 ὦδε

751 4729 956 4786 Eodem
983 4730 1145 4786 modo
1167 4745 1269 4784 nos
1295 4742 1517 4799 quoque
1543 4728 1710 4780 vitam
1741 4725 1882 4779 hanc
1913 4731 2176 4794 tauquam
2213 4722 2318 4776 ho-

2439 4714 2806 4786 ιαταλίπωμεν
2837 4719 2894 4770 ἐν
2930 4735 3007 4788 τῳ
3039 4719 3371 4788 πανδοκείῳ·
3408 4719 3581 4774 πάντα
3625 4723 3706 4782 εἰς
3742 4724 3844 4791 τὴν
3883 4741 3986 4793 μη-

757 4818 982 4888 spitium
1019 4818 1356 4873 intueamur.
1412 4815 1558 4869 Nihil
1593 4815 1703 4877 hic,
1737 4811 1791 4866 id
1821 4821 1927 4877 est,
1957 4811 2012 4866 in
2072 4809 2316 4880 hospitio

2439 4804 2667 4875 rp6mlw
2719 4807 3134 4876 ἀπενέγκωμεν.
3192 4809 3403 4879 Ὀδίτης
3448 4801 3496 4861 εἶ
3544 4812 3636 4864 καὶ
3680 4810 3983 4882 δδοιπόρος.

769 4909 1166 4977 relinquamus.
1251 4905 1447 4960 Omnia
1505 4904 1561 4958 in
1613 4903 1955 4972 metropolim
2021 4901 2314 4956 nobiscum

2439 4897 2618 4951 ιᾶλλον
2650 4898 2706 4952 δὲ
2727 4899 2821 4951 καὶ
2852 4900 3028 4953 ὁδί-εσυ
3060 4901 3462 4970 εὐτελέστερος,
3503 4902 3625 4964 Πῶς
3673 4903 3787 4970 ἐγὼ
3811 4904 3982 4972 λέγω

750 4999 1068 5058 efferamus.
1096 4999 1282 5054 Viator
1308 5013 1392 5063 es,
1413 4996 1546 5066 quin
1587 5004 1641 5051 et
1667 4994 1874 5049 viatore
1911 4995 2109 5064 quovis
2129 4994 2313 5050 vilior.

753 5086 986 5154 Quinam
1024 5085 1217 5143 istud?
1247 5085 1436 5140 Viator
1501 5085 1656 5138 novit
1682 5098 1794 5154 quo
1842 5091 2090 5154 tempore
2127 5081 2182 5136 in
2209 5081 2312 5135 ho-

747 5179 976 5249 spitium
1029 5177 1339 5249 ingreditur
1371 5194 1386 5233 :
1416 5176 1569 5230 novit
1619 5175 1784 5230 etiam
1850 5173 2203 5246 quandouam
2240 5174 2314 5228 sit

747 5284 1102 5343 egressurus.
1128 5268 1242 5340 Ego
1277 5285 1409 5323 vero
1439 5269 1495 5322 in
1523 5266 1691 5336 hujus
1725 5265 1851 5320 vitae
1891 5265 2192 5336 hospitium
2226 5265 2313 5320 iu-

746 5361 994 5429 gredior,
1051 5374 1153 5416 nec
1185 5359 1402 5429 quando
1432 5358 1535 5411 sim
1560 5356 1811 5412 exiturus
1851 5356 2001 5410 novi.
2037 5354 2312 5411 Interdum

751 5457 810 5509 in
875 5453 1374 5525 longum-tempus
1435 5450 1690 5504 alimenta
1747 5456 1996 5518 paro;et
2058 5446 2314 5501 dominus

760 5537 912 5605 ,neus
946 5559 1029 5599 me
1053 5541 1350 5598 confestim
1385 5542 1642 5603 accersit,
1693 5540 1880 5610 aitque
1918 5555 1931 5590 :
1971 5539 2165 5601 Stulte,
2197 5555 2313 5608 quur

762 5636 964 5694 oarastt’
999 5636 1152 5705 cujus
1179 5644 1329 5688 erunt
1349 5636 1374 5688 .’
1402 5637 1516 5687 Hac
1539 5633 1676 5686 enim
1711 5641 1860 5685 nocte
1890 5632 2070 5683 anima
2101 5641 2192 5683 tua
2222 5630 2314 5684 tibi

2432 2887 2748 2959 ἐνεργείας;
2783 2891 2898 2946 Οὐκ
2927 2890 3107 2959 οἶσθα,
3137 2898 3218 2951 ὅτι
3240 2899 3268 2951 6
3301 2899 3492 2971 παρὼν
3523 2901 3635 2970 βίος
3671 2905 3790 2965 ὁδός
3817 2908 4006 2967 ὲστιν;

2427 4989 2486 5042 Ὀ
2513 4991 2698 5061 ὁδίτης
2729 4987 2872 5044 οἶδεν
2921 4994 3049 5044 πότε
3088 4993 3396 5064 εἰσέρχεται
3427 4995 3484 5045 ἐν
3528 4993 3607 5061 τῷ
3656 4996 3960 5063 musque.

2416 5083 2509 5134 καὶ
2541 5077 2681 5135 οἶδεν
2712 5087 2840 5136 ποτε
2885 5084 3188 5152 ἐξέρχεται.
3225 5083 3365 5153 Ἐγὼ
3392 5084 3448 5137 δὲ
3472 5085 3793 5154 εἰσέρχ-ιξιαι
3828 5089 3906 5148 είς
3930 5089 3985 5137 τὸ

2416 5173 2728 5244 πανδοχεῖον
2754 5174 2850 5231 τοῦ
2882 5175 2998 5246 βίου
3027 5179 3242 5243 τούτου,
3267 5177 3359 5231 καὶ
3387 5177 3488 5230 οὐκ
3517 5174 3635 5230 οἴδα
3659 5179 3788 5230 πότε
3827 5178 3978 5247 ἐξερ-

2415 5283 2598 5335 χομαι.
2643 5267 2842 5320 Ἐνίοτε
2892 5267 2948 5319 δὲ
2995 5267 3087 5320 καὶ
3133 5267 3494 5338 ὲτοιμάζομαι
3540 5266 3736 5320 πολλοῦ
3788 5271 3979 5338 “duo.

2413 5356 2501 5409 διὰ
2535 5355 2764 5426 τροφὰς,
2791 5356 2882 5409 καὶ
2920 5359 2948 5409 ὁ
2983 5355 3248 5427 δεσπότης
3287 5374 3388 5427 μου
3436 5358 3783 5428 παραχρῆμα
3829 5358 3983 5409 καὶεί

2417 5465 2484 5518 με
2503 5465 2516 5478 ⁸
2553 5450 2790 5517 Ἀφρον,
2816 5448 2852 5501 ἅ
2878 5451 3232 5518 ἡτοίμασας,
3256 5449 3372 5502 τίνι
3401 5448 3572 5503 ἔσται
3603 5465 3621 5512 ;
3649 5449 3766 5514 τὴν
3795 5453 3980 5501 νύκτα

2413 5541 2641 5607 ταύτην
2678 5541 3051 5607 lapidi-ovat
3105 5539 3220 5607 τὴν
3252 5539 3463 5610 ψυχήν
3513 5559 3630 5596 σου
3667 5542 3790 5595 ἀπὸ
3842 5541 3975 5593 αὖ.

2418 5633 2647 5701 "Aﬁnio;
2679 5633 2712 5700 ἡ
2756 5631 2932 5695 ἔξοδος
2966 5631 3151 5701 ἡμῶν·
3183 5632 3414 5695 ἄττατος
3447 5634 3479 5702 ἡ
3510 5633 3686 5696 κτίσις
3707 5652 3718 5663 ο
3765 5635 3977 5686 ἐπίϐου-

763 5731 1031 5799 auferelur
1065 5727 1258 5795 .(Luc.
1289 5741 1384 5787 xli,
1406 5726 1534 5793 20).
1563 5725 1811 5779 Incertus
1873 5732 2063 5778 noster
2131 5724 2312 5778 exitus

2439 5740 2501 5785 ,ος
2534 5726 2566 5789 ἡ
2596 5722 2927 5783 ἀπόλαυσις
2973 5722 3159 5791 μυρίοι
3207 5725 3459 5792 κρημνοὶ,
3504 5729 3598 5777 καὶ
3640 5726 3976 5795 πανταχόθει

757 5830 858 5884 est,
883 5823 1096 5891 incerta
1125 5819 1425 5897 possessio,
1462 5827 1719 5874 sexcenta
1748 5817 2072 5890 urateipitia,
2111 5816 2310 5872 fluctus

2439 5817 2654 5887 εύματα.
2692 5817 2755 5869 Τί
2787 5816 2944 5887 μέηῃ.
2975 5815 3066 5868 καὶ
3087 5815 3348 5881 ’θορυεεῖς
3394 5833 3449 5868 σε
3487 5818 3610 5888 περὶ
3646 5819 3744 5882 τὰς
3781 5820 3970 5882 σκιάς,
