4206 6442
216 437 343 505 1517

1400 428 1635 488 SACRA
1672 423 2129 485 I’ARALLELJL

3320 407 3455 473 1518

212 548 453 621 Τι’ἄφεις
483 552 577 621 τήν
616 550 892 620 ἀλήθειαν,
926 546 1273 619 καὶῖτρέχεις
1313 546 1405 600 ἐπὶ
1432 546 1530 615 τὴν
1574 555 1770 610 σκιαν;
1802 562 1815 602 Α

1886 539 2136 609 undique.
2163 536 2305 603 Quid
2338 536 2485 590 circa
2527 534 2750 589 umbras
2780 534 3043 594 moraris,
3074 528 3285 600 tibique
3317 504 3454 597 ipse.

214 648 444 718 μίσησον
478 647 583 717 χρή
593 663 757 715 ματα,
786 644 881 698 καλ⁸
910 643 1099 712 ἀγάπα
1136 660 1231 695 σου
1260 641 1357 705 τὴν
1385 642 1552 714 ζωήν.
1597 640 1782 708 Ῥεψον

210 739 279 792 τα
304 740 435 791 ὄντα
462 738 557 791 τοῦ
592 738 706 808 βίου
740 737 909 802 κακὰ,
949 739 1038 791 ἵνα
1070 736 1140 789 τὰ
1170 738 1285 789 ἐκεῖ
1314 735 1497 801 ἀγαθὰ
1525 735 1783 807 κληρονο-

214 834 411 904 μήσῃς.
445 826 571 884 Οἷόν
603 849 656 883 τι
684 832 828 899 λέγω
854 846 867 860 ο
897 830 988 900 Μὴ
1012 827 1266 900 ἀρπάσῃς
1290 827 1522 898 πένητα.
1559 828 1633 897 μὴ
1662 828 1783 879 ἑπι-

213 924 465 994 θυμήσῃς
491 923 558 977 τὰ
595 922 688 977 τοῦ
717 922 980 993 πλησίον⁹
1012 921 1111 992 τὴν
1141 921 1317 993 χήραν
1348 919 1423 991 μὴ
1453 918 1747 990 γυμνὼσῃς
1766 933 1779 947 ·

211 1018 299 1068 τὸν
326 1017 564 1085 ὀρφανὸν
604 1016 680 1086 μὴ
724 1014 977 1086 ἀρπάσῃς
997 1032 1010 1045 ·
1042 1014 1140 1083 τήν
1173 1012 1353 1067 οἰκίαν
1383 1012 1458 1084 μὴ
1490 1008 1783 1085 λάϐῃςτοῦ

213 1110 470 1176 πένητος.
494 1110 561 1161 Εἴ
585 1126 731 1171 τινος
763 1106 1199 1178 ἐπιλαμϐάνεται
1225 1105 1287 1158 τὸ
1326 1106 1587 1169 συνειδὸς,
1625 1105 1786 1168 αὐτός

212 1202 361 1254 ἐστιν
398 1202 427 1253 ὁ
456 1201 649 1265 αἴτιος.
683 1201 747 1253 Τί
776 1201 1045 1271 ἁρπάζεις
1095 1199 1332 1270 πένητα;
1386 1198 1440 1252 τί
1495 1197 1781 1269 ἁρπάζεις,

212 1294 344 1346 ὅπου
382 1294 574 1362 φθόνος
619 1293 709 1346 καὶ
744 1292 1011 1361 κατάραι,
1047 1292 1327 1362 Ἀρπασον
1363 1292 1495 1345 ὅπου
1527 1290 1787 1359 στέφανος

212 1386 545 1457 ἀφθαρσίας.
596 1386 688 1456 Μὴ
718 1383 934 1457 ἅρπαζε
962 1386 1031 1439 τὰ
1053 1388 1152 1455 τῆς
1189 1387 1310 1454 γῆς,
1347 1385 1480 1456 μηδὲ
1522 1387 1619 1455 τὴν
1659 1384 1815 1454 γῆν,-

214 1479 349 1531 ἀλλὰ
388 1480 639 1550 ἅρπασον
670 1478 761 1532 τὸν
793 1479 1044 1548 οὐρανόν.
1078 1478 1308 1543 Βιαστὴ
1340 1480 1449 1547 γάρ
1487 1478 1638 1537 ἐστι.
1680 1495 1787 1547 φη-

216 1572 321 1632 σῖν,
356 1573 393 1638 ἡ
420 1572 713 1635 ,βασιλεία
730 1570 848 1625 τῶν
886 1570 1177 1640 οὐρανῶν,
1206 1569 1303 1623 καὶ
1319 1569 1568 1633 βιασταὶ
1599 1567 1785 1636 ἁρπά-

215 1662 427 1720 ζουσιν
448 1662 659 1728 αὐτήν.
700 1662 994 1732 Ἀρπάζεις
1026 1661 1117 1715 τὸν
1153 1660 1381 1731 πένητα,
1413 1662 1499 1712 τὸν
1528 1658 1790 1730 ἐντυγχά-

216 1771 405 1816 νοντα,
424 1754 568 1807 κατᾶ
621 1753 715 1807 σοῦ
754 1752 832 1823 τῷ
888 1752 1006 1821 Θεῷ
1049 1751 1216 1805 νύκτα
1261 1753 1355 1806 καὶ
1402 1751 1647 1822 ἡμέραν,
1695 1751 1791 1805 καὶΙ

219 1844 461 1919 ﬂamina;
488 1847 773 1916 ’Ἅρπασον
798 1844 890 1899 τὸν
916 1845 1172 1916 Χριστὸν,
1204 1845 1294 1899 τὸν
1344 1844 1673 1899 ἐπαινοῦντά
1706 1862 1785 1899 σε.

1884 632 2158 688 tumultus
2201 628 2521 694 cies?Quid
2574 628 2766 682 relicta
2815 626 3048 681 veritate
3102 622 3170 676 ad
3201 620 3455 675 umbram

1882 724 2099 781 curris?
2128 722 2272 793 Opes
2302 721 2429 775 odio
2466 722 2626 784 habe,
2656 734 2721 773 ac
2764 720 2930 771 vitam
2965 726 3114 770 tuam
3139 727 3283 766 ama.
3318 710 3455 764 Vera

1885 818 2051 887 hujus
2087 817 2209 870 vitze
2238 813 2378 868 mala
2419 813 2618 883 abjiec,
2659 821 2720 865 ut
2767 810 2964 863 futurae
2984 809 3125 862 bona
3145 818 3459 872 consequa-

1885 910 1984 965 ris.
2032 907 2271 963 Perindc
2309 911 2393 959 cst
2428 917 2493 957 ac
2524 904 2603 957 sic
2657 902 2852 955 dixero
2884 913 2899 951 :
2938 895 3017 951 Ne
3046 908 3347 966 pauperem
3377 890 3461 944 di—

1886 1002 2076 1073 ripias,
2133 1015 2201 1055 nc
2242 994 2717 1069 pr0pinqui501
2764 994 2909 1047 bona
2969 988 3359 1058 concupiscas,
3394 997 3464 1036 ne

1889 1096 2108 1151 viduam
2171 1094 2399 1165 spolies,
2468 1089 2683 1159 pupillo
2735 1086 3028 1140 facultates
3073 1096 3144 1136 ne
3209 1076 3457 1137 auferas.

1886 1189 2106 1245 domum
2148 1186 2410 1258 pauperis
2454 1198 2565 1238 non
2619 1189 2973 1249 extorqueas.
3019 1174 3076 1230 Si
3107 1187 3273 1245 quem
3330 1184 3464 1223 cou-

1888 1281 2119 1339 scientia
2146 1276 2516 1349 reprehendit,
2543 1276 2634 1329 hic
2664 1275 2719 1327 in
2759 1274 2919 1341 culpa
2952 1278 3060 1326 est.
3095 1266 3235 1332 Quid
3255 1277 3465 1335 paupe-

1888 1388 1999 1430 rem
2034 1368 2409 1442 diripis?quid
2441 1367 2587 1437 rapis
2616 1365 2705 1420 ubi
2734 1361 3057 1419 obtrectatio
3081 1368 3136 1414 et
3179 1356 3464 1412 maledicta

1889 1463 2055 1519 sunt?
2079 1462 2196 1517 lllic
2228 1459 2435 1531 rapias,
2480 1457 2571 1513 ubi
2604 1469 2808 1511 corona
2854 1447 3301 1507 immortalitatis.
3344 1442 3463 1497 Non

1891 1563 2137 1617 terrena,
2188 1565 2297 1605 nor.
2347 1558 2573 1612 terram,
2638 1545 2735 1601 sed
2782 1544 2986 1599 caelum
3020 1554 3173 1611 rape.
3232 1536 3465 1606 Regnum

1889 1646 2035 1700 enim
2101 1642 2371 1707 caelorum,
2436 1640 2620 1711 inquit
2660 1638 2945 1700 Christus,
2996 1634 3100 1688 vim
3132 1630 3361 1701 patitur,
3413 1639 3462 1681 et

1894 1737 2102 1791 violenti
2146 1737 2362 1805 rapiunt
2417 1732 2822 1802 illnd(Matth.
2875 1745 2953 1793 xr,
3008 1727 3126 1796 12).
3168 1724 3467 1793 Pauperem

1892 1831 2086 1901 diripis
2140 1845 2322 1885 :cum
2383 1828 2476 1899 qui
2542 1827 2711 1881 Deum
2776 1822 3012 1881 subinde
3052 1821 3108 1874 in
3165 1815 3468 1888 perniciem

218 1910 330 2005 Τὴν
378 1910 531 1992 κάτω
565 1910 862 2008 ’βασιλείαν
916 1910 1012 1990 ὲόιν
1068 1936 1309 2009 ζητήσῃς
1368 1938 1653 2009 ἁρπασαι,
1691 1936 1793 1990 κᾶν

1895 1933 2042 1978 tuam
2095 1921 2186 1977 die
2240 1929 2517 1991 nocteque
2548 1919 2829 1980 convenit,
2860 1925 2915 1972 et
2949 1922 3145 1970 contra
3183 1920 3237 1966 te
3264 1910 3472 1965 vocife—

220 2028 442 2099 νοηθῇς,
480 2028 731 2094 κολάζει·
759 2030 857 2101 τὴν
886 2028 943 2083 δὲ
983 2029 1095 2083 ἄνω
1122 2028 1218 2083 ἐὰν
1259 2028 1334 2101 μή
1363 2030 1641 2101 ἁρπάσῃς,
1674 2030 1792 2083 τότε

221 2122 406 2189 χεῖρον
432 2121 670 2185 κολάζει,

291 2400 470 2477 Ἧψαι
518 2407 710 2478 λύχνον
762 2410 820 2462 ἐν
862 2413 928 2481 τῇ
960 2408 1262 2479 ἐκκ).ησία;
1318 2407 1433 2461 ἀλλ’
1479 2407 1725 2478 εἰσῆλθεν
1768 2411 1797 2462 ὁ

223 2501 395 2571 πένης
440 2503 467 2554 ὁ
527 2502 630 2555 ὑπὸ
667 2502 760 2555 σοῦ
809 2503 1110 2575 ἀδικηθεὶς,
1140 2503 1231 2555 καὶ
1279 2502 1367 2556 διὰ
1408 2501 1516 2555 τῶν
1547 2501 1796 2572 δακρύων

224 2595 677 2664 κατεντυγχάνων
732 2595 809 2664 τῷ
847 2595 987 2665 Θεῷ,
1036 2595 1228 2649 ἔσϐεσε
1284 2596 1376 2647 τὸν
1425 2594 1617 2665 λύχνον
1677 2612 1793 2649 σου.

228 2685 476 2750 Ἕδωκας
518 2687 597 2757 τῷ
632 2689 825 2758 πένητι
858 2687 1053 2759 ἄρτον;
1092 2689 1204 2741 ἀλλ’
1238 2690 1269 2758 ὴ
1310 2687 1480 2758 ἀγέλη
1512 2688 1619 2741 τῶν
1658 2687 1797 2757 βοῶν

227 2778 452 2832 καὶτῶν
482 2780 768 2850 προϐάτων
806 2800 899 2835 σου
936 2781 1229 2853 ὁλόκληρον
1259 2770 1534 2851 θέροςτοῦ
1567 2780 1797 2850 πένητος

225 2872 656 2941 κατενεμήσατο.
694 2872 784 2943 Μὴ
824 2873 1091 2944 ἀδικήσῃς
1126 2872 1317 2937 πολλὰ,
1350 2874 1443 2926 καὶ
1476 2873 1798 2943 καλλοποιή-

226 2976 323 3032 σῃς
344 2962 521 3029 ὀλίγα.
553 2963 644 3033 Μὴ
676 2965 939 3036 ἀδικήσῃς
960 2965 1050 3018 τὸν
1086 2964 1313 3034 πλησίον
1345 2980 1438 3016 σου
1457 2980 1470 2993 ·
1511 2963 1586 3033 μὴ
1609 2963 1798 3015 κονδυ-

225 3054 380 3124 λίσῃς
400 3055 493 3106 τὸν
521 3055 784 3124 ὀρφανόνο
812 3057 885 3126 μή
919 3056 1427 3127 καταδυναστεύσῃς
1457 3056 1555 3127 τήν
1583 3056 1757 3126 χήραν
1780 3070 1795 3084 ·

228 3144 301 3214 μὴ
326 3146 604 3218 φθονήσῃς
630 3147 721 3200 τὸν
750 3148 987 3215 γείτονα.

307 3325 367 3377 Ὁ
397 3325 536 3395 πρὸς
564 3326 689 3389 τοὺς
720 3328 776 3380 ἐν
800 3327 1040 3396 ὑπεροχῇ
1072 3327 1305 3392 βλέπων.
1336 3326 1435 3393 τῆς
1459 3325 1625 3392 οὔσης
1648 3324 1795 3392 αὐτῷ

226 3412 489 3481 εὐπορίας
536 3413 596 3463 οὐ
638 3410 925 3480 δυνήσεται
965 3410 1148 3463 λαϐεῖν
1182 3410 1464 3479 αἴσθησιν·
1494 3405 1603 3471 οἷον
1637 3412 1664 3462 ὁ
1706 3428 1795 3463 κε-

228 3501 502 3570 κτημένος
552 3500 747 3552 ἑκατὸν
773 3500 1097 3569 χρυσίνους,
1131 3499 1225 3553 ἐὰν
1272 3502 1438 3571 νοήσῃ
1475 3501 1565 3553 τὸν
1616 3501 1797 3555 διακο-

229 3591 377 3654 σίους
408 3590 620 3660 ἔχοντα,
652 3584 803 3643 οὐδὲν
843 3592 1112 3661 ἡγήσεται
1152 3590 1317 3661 ἔχειν,
1346 3596 1444 3662 τῆς
1496 3592 1795 3661 ἐπιθυμίας

226 3683 334 3733 τῶν
360 3680 624 3733 πλειόνων
653 3680 818 3733 αὑτὸν
842 3680 1159 3750 κεντούσης.
1190 3682 1307 3734 Κᾶν
1345 3681 1484 3734 αὐτὰ
1511 3682 1670 3753 λάϐῃ,
1698 3684 1795 3753 τὴν

228 3772 527 3839 ἐπιθυμίαν
556 3771 675 3824 οὐδὲ
705 3770 879 3834 οὕτως
917 3772 1276 3842 ἀποθήσεται,
1314 3772 1516 3843 ἐτέρων
1539 3773 1797 3827 πλειόνων

232 3862 540 3932 ἐφιέμενος.
568 3862 677 3913 Καὶ
706 3862 739 3931 ή
769 3861 877 3913 τῶν
920 3860 1129 3913 οὐδέπω
1159 3848 1503 3929 κτησθέντων
1533 3860 1798 3932 ἐπιθυμία

227 3953 493 4024 διηνεκῶς
522 3952 685 4006 αὐτὸν
714 3952 1025 4023 ἐνοχλοῦσα,
1048 3953 1159 4006 τῶν
1189 3953 1289 4023 ήδη
1316 3953 1671 4023 συνηγμένων
1697 3953 1797 4023 τὴν

230 4044 423 4116 ἡδονὴν
447 4045 547 4099 οὐκ
577 4044 771 4115 ἀφίησι
800 4043 1103 4099 φαίνεσθαι.

314 4395 651 4466 Ἐπισφαλὴς
678 4395 707 4447 ὁ
750 4393 861 4463 βίος
900 4410 1013 4456 τοις
1062 4394 1371 4460 πλουτουσι,
1403 4411 1498 4448 και
1534 4395 1797 4465 δυσμετα-

233 4489 503 4559 χείριστος
530 4489 563 4557 ή
599 4486 886 4557 μεταϐολή.
918 4486 1037 4539 Ἔτι
1057 4486 1114 4539 δὲ
1147 4486 1358 4554 λέγεις⁹
1394 4486 1618 4551 πολλοὺς
1650 4487 1797 4539 οἰκέ-

1898 2012 2092 2067 ratur?
2128 2011 2413 2067 Christum
2473 2026 2625 2081 rape,
2671 2009 2766 2079 qui
2799 2010 2903 2062 hoc
2946 2017 2996 2060 te
3024 2002 3247 2059 nomine
3274 1996 3469 2054 lauda—

1896 2109 1996 2163 bit.
2026 2105 2083 2159 Si
2111 2114 2390 2159 terrenqu
2420 2118 2649 2173 regnum
2678 2101 2930 2163 invadas,
2950 2114 3014 2153 ac
3038 2096 3124 2152 vel
3147 2098 3200 2149 in
3226 2095 3468 2147 animum

1897 2202 2001 2255 hoc
2029 2198 2338 2261 induxeris,
2373 2197 2465 2251 ille
2500 2207 2551 2250 te
2594 2209 2756 2265 poena
2812 2192 2977 2247 allicit
3014 2211 3026 2246 :
3070 2190 3299 2245 cmleste
3336 2199 3465 2240 vero

1897 2289 2002 2343 nisi
2038 2286 2309 2361 rapueris,
2347 2294 2481 2340 tunc
2533 2284 2755 2355 gravius
2792 2281 3156 2337 excruciabit.

1965 2404 2243 2472 Ejusdem.
2272 2434 2339 2444 ——
2378 2400 2689 2455 Lucernam
2727 2400 2782 2452 in
2832 2397 3069 2452 ecclesia
3106 2394 3411 2450 accendisti
3448 2393 3471 2443 ?

1896 2511 2082 2550 verum
2121 2496 2404 2565 ingressus
2440 2507 2649 2564 pauper
2678 2498 2783 2553 cst,
2818 2489 2913 2561 qui
2939 2489 3105 2545 laasus
3137 2502 3167 2540 a
3198 2496 3249 2543 te
3272 2485 3470 2548 fuerat,

1896 2598 1950 2643 et
2004 2605 2101 2659 per
2160 2590 2436 2660 lacrymas
2497 2587 2788 2641 adversum
2834 2591 2890 2638 te
2932 2581 3281 2637 intercedens
3325 2578 3471 2650 apud

1902 2682 2092 2745 Deum,
2139 2683 2420 2736 lucernam
2460 2689 2613 2734 tuam
2645 2679 2931 2735 exstinxit.
2964 2678 3200 2747 Pauperi
3268 2690 3467 2745 panem

1898 2774 2142 2830 dedisti?
2167 2784 2221 2827 at
2253 2790 2385 2843 grex
2421 2774 2589 2827 boum
2626 2780 2679 2826 et
2709 2773 2893 2826 ovium
2927 2780 3150 2825 tuarum
3191 2769 3471 2841 integram

1899 2869 2158 2940 pauperis
2198 2883 2429 2922 messem
2467 2868 2731 2937 depastus
2761 2846 2867 2921 esi.
2899 2863 2976 2920 Ne
3006 2865 3058 2918 id
3091 2879 3249 2933 agas,
3280 2872 3340 2917 ut
3370 2877 3471 2934 pro

1900 2962 2087 3015 multis
2115 2960 2336 3029 injuriis
2360 2969 2413 3014 ct
2442 2959 2740 3013 calumniis
2766 2972 2939 3028 pauca
2973 2955 3242 3011 beneficia
3270 2970 3470 3024 repen-

1899 3053 2015 3107 das.
2054 3052 2131 3106 Ne
2164 3053 2413 3123 proximo
2446 3060 2541 3104 tuo
2572 3049 2833 3119 injuriam
2881 3048 3093 3103 inferas
3126 3065 3140 3102 ε
3180 3061 3248 3101 ne
3268 3045 3469 3116 pugnis

1900 3146 2167 3216 pupillum
2207 3143 2535 3205 contendas,
2592 3159 2660 3197 ne
2691 3141 2913 3196 viduam
2955 3141 3260 3211 opprimas,
3292 3154 3359 3194 ue
3392 3139 3469 3191 vi—

1825 3256 1867 3312 c
1903 3242 2026 3292 ciuo
2062 3238 2330 3291 invideas.

1972 3327 2163 3395 Ejusd.
2203 3358 2273 3367 —
2309 3328 2412 3391 Qui
2475 3327 2601 3380 illos
2660 3327 2908 3380 intuetur
2965 3325 3061 3395 qui
3099 3326 3295 3395 opibus
3326 3339 3470 3393 prir-

1900 3419 2193 3472 stantiores
2216 3428 2365 3479 sunt,
2396 3418 2441 3472 is
2471 3431 2696 3471 suarum
2751 3414 3076 3470 facultatum
3140 3420 3305 3471 sens’u
3332 3414 3472 3470 allici

1899 3523 2177 3579 nunquam
2239 3506 2639 3577 poterit.Verbi
2674 3506 2873 3577 gratia,
2910 3506 3004 3577 qui
3029 3515 3246 3562 centum
3272 3522 3471 3562 aureos

1901 3602 2083 3664 habet,
2120 3600 2165 3655 si
2202 3600 2439 3654 alterum
2484 3600 2783 3668 inspexerit
2813 3598 2909 3669 qui
2944 3599 3215 3654 ducentos
3245 3598 3469 3664 habeat,

1899 3692 2037 3746 nihil
2088 3706 2146 3746 se
2189 3691 2393 3745 habere
2450 3688 2745 3744 censebit:
2784 3697 2974 3760 utpote
2995 3705 3162 3761 quem
3198 3690 3467 3759 majorum

1898 3796 2065 3850 opum
2097 3781 2366 3851 cupiditas
2419 3779 2753 3836 exstimulet.
2780 3778 2885 3845 Qui
2920 3779 2967 3833 si
3001 3779 3102 3835 hos
3136 3795 3353 3850 quoque
3380 3795 3473 3833 ac-

1900 3874 2127 3944 ceperit,
2177 3888 2244 3927 ne
2273 3873 2353 3926 sic
2386 3872 2612 3942 quidem
2670 3871 2961 3944 cupiditati
3017 3888 3131 3927 suae
3165 3873 3324 3928 ﬁdem
3359 3882 3473 3928 sta—

1900 3975 2016 4020 tuet
2045 3982 2059 4019 :
2090 3971 2149 4018 ut
2174 3964 2266 4034 qui
2291 3964 2444 4034 plura
2472 3963 2577 4017 alia
2612 3972 2849 4035 expetat.
2875 3964 2952 4019 lta
2984 3964 3040 4020 lit
3063 3973 3121 4020 ut
3141 3980 3330 4022 eorum
3354 3982 3475 4036 qua:

1900 4057 2142 4112 nondum
2176 4056 2409 4127 adeptus
2472 4065 2556 4112 est
2584 4058 2880 4128 cupiditas,
2904 4059 3183 4128 negotium
3212 4069 3474 4129 perpetuo

1902 4146 2207 4211 facesseris,
2274 4147 2629 4215 voluptatem,
2658 4162 2821 4217 quam
2856 4158 3026 4218 parta:
3055 4149 3257 4205 divitia:
3281 4150 3473 4206 alfcrre

1907 4249 2187 4309 poterant,
2212 4253 2479 4309 apparere
2515 4255 2625 4293 non
2654 4240 2826 4299 sinat.

1971 4393 2161 4461 Ejusd.
2190 4425 2258 4433 —
2289 4391 2523 4448 Lubrica
2546 4393 2811 4450 divitibus
2843 4394 2950 4449 vita
2974 4400 3080 4460 est,
3111 4394 3467 4465 dilIicilisquc

1899 4486 2150 4539 mutatio.
2218 4484 2425 4539 Forsan
2488 4485 2669 4540 adhuc
2723 4485 2890 4550 dicis,
2929 4500 3218 4541 servorum
3273 4502 3472 4558 greges

234 4597 333 4642 τας
375 4579 646 4649 περιάγει,
705 4582 799 4631 καὶ
846 4578 1019 4631 πολλὰ
1068 4577 1331 4646 κέκτηται
1378 4577 1585 4648 πλέθρα
1632 4578 1734 4647 γῆς
1766 4578 1794 4630 ὁ

1899 4578 2341 4640 circumducere,
2411 4585 2465 4630 ct
2504 4578 2665 4646 plura
2718 4586 2877 4633 terra:
2932 4577 3131 4649 jugera
3177 4580 3471 4649 possidere

235 4670 499 4722 πλουτῶν.
534 4668 753 4739 Πρῶτον
804 4669 903 4738 μὲν
938 4669 1179 4738 χαλεπὰς
1224 4669 1333 4734 ’έξει
1391 4669 1489 4732 τὰς
1544 4668 1791 4734 εὐθύνας,

235 4762 451 4814 πάντων
486 4760 563 4830 τῷ
612 4760 729 4831 Θεῷ
764 4762 856 4813 τὸν
908 4763 1066 4829 λόγον
1112 4761 1347 4830 ὑπέχων.
1380 4761 1455 4813 Οὐ
1506 4763 1614 4831 γὰρ
1644 4762 1794 4825 ὅπως

233 4850 577 4913 ἀπολαύσειε,
633 4852 790 4921 μόνον
820 4851 1030 4916 ἔλαϐεν,
1074 4852 1189 4905 ἀλλ’
1243 4853 1392 4913 ὅπως
1442 4852 1535 4904 καὶ
1585 4853 1795 4923 ἑτέροις

233 4947 439 5010 γένοιτο
478 4946 761 5015 χρήσιμος.
800 4944 1061 5013 Δεύτερον
1086 4944 1162 5005 δὲ,
1197 4944 1277 4995 ὃτι
1312 4942 1471 4995 πλέον
1504 4944 1655 4996 οὐδὲν
1688 4944 1795 4995 ἀπὸ

233 5038 327 5105 τῆς
366 5038 678 5107 περιουσίας
718 5036 865 5106 αύτῴ
900 5038 1111 5104 γίνεται
1152 5036 1379 5105 ταύτης,
1420 5037 1452 5105 ἣ
1490 5037 1791 5107 φροντίδες,

234 5129 323 5181 καί
358 5128 637 5198 μέριμναι,
670 5130 762 5181 καὶ
813 5131 973 5199 ὀργαὶ
1025 5128 1413 5197 καθημεριναὶ,
1452 5126 1548 5177 καὶ
1589 5127 1794 5193 ἀγανα-

235 5222 471 5290 κτήσεις,
516 5222 610 5275 καὶ
650 5222 709 5274 τὸ
738 5221 825 5275 διὰ
854 5221 1053 5284 παντὸς
1104 5217 1240 5273 εἶναι
1286 5221 1343 5272 ὲν
1391 5222 1661 5290 ταραχαῖς
1702 5220 1796 5271 καὶ

234 5312 501 5382 θορύϐοις.
544 5308 713 5376 Οὗτος
748 5313 846 5381 μὲν
880 5314 989 5381 γὰρ
1021 5314 1220 5383 μυρίας
1259 5313 1458 5383 πληροῖ
1491 5312 1792 5381 γαστέρας·

236 5408 337 5458 ὗδὲ
386 5408 547 5475 πένης
582 5407 706 5475 μίαν
738 5407 938 5476 πληροῖ
967 5406 1124 5475 μόνον
1146 5422 1159 5436 ·
1195 5405 1330 5459 ἀλλὰ
1368 5406 1461 5458 καί
1500 5399 1656 5465 οὗτος
1700 5405 1798 5457 κά-

236 5500 407 5559 κεῖνος
444 5498 591 5567 μίαν,
626 5500 717 5551 καὶ
746 5498 803 5550 ἓν
855 5498 1155 5569 ἀμφότεροι
1203 5496 1568 5567 θεραπεύουσι
1606 5496 1794 5565 σῶμα·

238 5591 345 5640 αλλ’
383 5591 412 5641 ὁ
444 5591 540 5659 μὲν
580 5591 749 5659 χωρὶς
770 5590 1009 5658 ἀγωνίας
1047 5591 1139 5644 καὶ
1168 5589 1341 5653 δέους,
1373 5590 1401 5642 ὁ
1437 5589 1495 5642 δὲ
1528 5589 1665 5659 μετὰ
1702 5588 1796 5641 τοῦ

243 5682 454 5750 τρέμειν
491 5683 583 5735 καὶ
624 5683 920 5736 δεδοικέναι
961 5682 1059 5744 τὰς
1108 5682 1527 5747 ἐπαναστάσεις,
1559 5683 1654 5734 καὶ
1694 5700 1797 5751 μυ-

239 5774 362 5835 ρίων
380 5774 585 5826 δεῖσθαι
602 5775 709 5826 τῶν
734 5775 1189 5845 συνεφαψομένων
1212 5774 1359 5844 αὑτῴ
1380 5776 1477 5843 τῆς
1500 5774 1603 5826 τῶν
1623 5791 1797 5843 πραγ·

239 5862 420 5927 μάτων
456 5864 786 5933 οἰκονομίας.
828 5865 916 5921 Μὴ
957 5867 1132 5918 τοίνυν
1174 5861 1300 5929 εἶδε,
1336 5865 1409 5927 ὡς
1456 5864 1655 5933 πολλὴν
1684 5864 1793 5933 ἔχει

1896 4688 2021 4726 eum
2061 4672 2154 4740 qui
2214 4671 2367 4723 dives
2425 4670 2517 4724 sit.
2550 4674 2617 4725 At
2650 4670 2885 4739 primum
2920 4671 3139 4740 quidem
3174 4672 3359 4740 gravis
3390 4672 3469 4726 illi

1897 4780 2131 4819 censura
2164 4764 2303 4825 erit,
2340 4764 2538 4833 quippe
2559 4778 2684 4816 cum
2703 4779 2892 4818 corum
2919 4764 3161 4816 omnium
3193 4766 3466 4818 rationem

1898 4858 2011 4914 Deo
2068 4858 2403 4911 reddendam
2460 4859 2681 4914 habeat.
2726 4859 2909 4929 Neque
2939 4862 3087 4916 enim
3118 4876 3214 4915 eas
3242 4869 3302 4914 ut
3340 4872 3464 4914 tan-

1899 4952 2179 5005 tummodo
2233 4952 2506 5004 frueretur
2548 4952 2779 5020 accepit,
2817 4954 2915 5007 sed
2981 4961 3039 5006 ut
3070 4954 3194 5008 aliis
3246 4968 3469 5023 quoque

1899 5042 2122 5095 utilitati
2154 5048 2319 5094 esset.
2352 5038 2555 5095 Deinde
2600 5058 2664 5095 ex
2695 5042 2796 5096 hac
2836 5043 3151 5097 divitiarum
3182 5045 3343 5113 copia
3382 5046 3466 5098 ni-

1901 5135 1975 5188 hil
1998 5133 2144 5187 aliud
2164 5132 2231 5185 ad
2255 5148 2379 5186 eum
2413 5134 2571 5197 redit,
2594 5148 2758 5203 quam
2783 5149 2950 5197 cum,
2972 5136 3461 5199 etsollicitudines,

1898 5238 1951 5281 et
1977 5226 2306 5297 quotidiana:
2337 5225 2653 5286 iracundiae.
2678 5236 2732 5281 et
2758 5227 3186 5297 indignationes,
3215 5237 3379 5298 atque
3411 5230 3463 5282 in

1899 5320 2178 5389 perpetuis
2200 5318 2608 5373 turbationibus
2632 5328 2687 5373 et
2730 5321 3055 5375 tumultibus
3084 5321 3315 5376 versari.
3347 5322 3446 5390 ipsi

1899 5412 2046 5466 enim
2095 5422 2384 5466 sexcentos
2440 5423 2660 5467 ventres
2716 5412 2944 5483 implere
2992 5428 3220 5469 necesse
3251 5413 3412 5467 habet
3451 5456 3457 5462 .

1901 5518 2108 5572 pauper
2160 5518 2290 5557 vero
2325 5518 2492 5556 unum
2524 5503 2811 5558 duntaxat.
2845 5502 2991 5569 Quin
3020 5507 3188 5560 etiam
3233 5513 3461 5575 uterqm»

1902 5608 2070 5648 unum
2117 5594 2466 5648 solummodo
2493 5604 2737 5648 ventrem
2786 5606 2951 5665 atque
2978 5594 3203 5649 unicum
3259 5610 3453 5666 corpu.

1901 5691 2095 5747 curat;
2146 5700 2332 5739 verum
2368 5684 2457 5737 hic
2488 5685 2607 5740 sine
2651 5694 2799 5741 metu
2831 5695 2884 5741 et
2915 5686 3309 5752 sollicitudine,
3377 5690 3463 5741 ille

1902 5783 2081 5829 autem
2145 5790 2267 5828 cum
2308 5783 2550 5829 tremore
2610 5784 2663 5831 et
2704 5778 3032 5831 insidiarum
3087 5788 3259 5843 metu,
3297 5787 3463 5846 atque

1904 5868 1971 5922 ita
2001 5867 2255 5935 denique.
2290 5878 2341 5920 ut
2377 5880 2760 5922 sexcentarum
2795 5869 3081 5924 hominum
3118 5885 3286 5941 opera
3318 5871 3463 5925 indis
