4206 6442
741 373 873 438 13-19

1961 384 2021 444 Ξ.
2046 383 2366 447 JOANNIS
2400 390 2830 453 DAMASCENI

3845 406 3867 469 1
3878 409 3993 470 520

727 497 874 555 seat,
910 502 1003 557 qm
1049 503 1232 544 rerum
1266 493 1708 562 procurationem
1747 508 1934 548 secum
1969 497 2297 566 suscipiant.

2405 517 2746 574 περιουσιαν,
2772 505 2890 559 ἀλλ’
2916 507 2964 560 εί
3001 508 3161 566 πλέον
3183 529 3235 567 τι
3257 515 3357 587 τῆς
3384 517 3584 589 πολλῆς
3613 519 3818 593 ταύτης
3843 524 3992 577 ἀπο-

729 579 861 645 ρυιο
885 594 1009 634 cum
1034 581 1107 634 ita
1131 580 1265 646 sint,
1303 597 1371 636 ne
1395 583 1498 638 hoc
1542 585 1909 653 perspexeris,
1936 586 2085 655 quod
2117 586 2312 657 ingen-

727 680 837 725 tem
894 673 1259 728 substantiam
1326 675 1546 740 habeat,
1619 677 1714 732 scd
1772 693 1840 730 au
1873 695 1936 732 ex
1971 679 2072 733 hac
2101 679 2308 750 ingenti

727 765 883 834 copia
917 765 1258 835 perfruatur.
1370 769 1373 771 ’

799 856 992 927 Ejusd.
1021 887 1092 896 —
1119 857 1224 926 Qui
1277 860 1524 914 molliter
1569 871 1622 915 et
1672 861 1905 916 delicate
1939 861 2098 929 vixit,
2151 877 2215 917 ac
2246 878 2308 919 se

727 959 903 1004 totum
959 951 1130 1022 hujus
1163 953 1290 1008 vitae
1324 953 1490 1008 rebus
1515 952 1708 1018 aflixit,
1735 969 1862 1008 eum
1889 954 1960 1009 ab
1985 953 2055 1008 iis
2081 955 2303 1010 abstra-

728 1042 878 1096 hitur
908 1050 966 1098 et
1023 1043 1387 1117 disjungitur,
1447 1045 1580 1100 hinc
1625 1045 1852 1116 gravius
1909 1044 2301 1114 discruciatur,

727 1135 1018 1206 magisque
1067 1136 1382 1208 ingemiscit
1426 1145 1494 1212 et_
1550 1137 1907 1194 lamentatur.
1967 1136 2039 1194 At
2094 1154 2306 1211 pauper

728 1241 836 1280 non
892 1227 1058 1294 item;
1096 1228 1194 1283 sed
1246 1243 1372 1283 cum
1428 1229 1703 1299 superiori
1751 1238 2002 1300 tempore
2063 1231 2302 1286 multum

723 1318 926 1388 diuque
955 1319 1028 1374 sit
1059 1319 1509 1391 philosophatus,
1568 1334 1678 1374 non
1714 1320 1834 1391 pari
1864 1321 2040 1378 animi
2063 1337 2303 1379 maerore

725 1422 956 1466 mortem
1020 1413 1313 1484 suscipiet.
1346 1413 1424 1468 Ac
1465 1415 1583 1484 ipsa
1607 1414 1862 1484 proinde,
1886 1415 2002 1470 sive
2032 1431 2300 1486 praesens,

724 1504 841 1558 sive
903 1503 958 1558 in
987 1507 1397 1576 exspectatione
1453 1507 1633 1576 posita
1689 1505 1782 1571 sit,
1840 1506 2109 1577 majorem
2172 1509 2299 1563 huic

725 1610 888 1663 quam
915 1595 995 1649 illi
1015 1603 1286 1651 terrorem
1317 1597 1538 1652 incutit.

794 1688 954 1758 502
989 1688 1048 1742 S.
1073 1686 1265 1759 Cyri“.
1297 1721 1367 1729 —
1392 1687 1537 1744 Sane
1562 1689 1610 1744 is
1644 1688 1739 1759 qui
1769 1689 2012 1754 laaditur,
2045 1703 2159 1759 prae
2191 1690 2296 1744 tri-

2412 593 2586 649 λαύει.

2486 864 2544 917 '0
2593 867 3121 940 καταμαλακισθεὶς,
3183 877 3278 930 καὶ
3309 880 3423 943 τοῖς
3458 881 3730 953 παροῦσιν
3780 885 3986 941 ἑαυτὸν

2405 957 2786 1028 προσηλώσας,
2817 964 3216 1034 ἀποσπώμενος
3245 971 3339 1025 καὶ
3370 973 3761 1046 χωριζόμενος,
3794 979 3984 1049 μειζό-

2402 1069 2508 1118 νως
2532 1055 2810 1124 δάκνεται,
2840 1061 2934 1115 καὶ
2957 1062 3161 1133 μᾶλλον
3184 1065 3436 1137 ὀδύρεται
3464 1070 3560 1125 καὶ
3587 1071 3798 1145 θρηνεῖ.
3835 1076 3898 1129 Ὀ
3922 1077 3986 1129 δὲ

2405 1147 2575 1218 πένης
2604 1151 2704 1222 οὐχ
2758 1153 2957 1219 οὕτως,
3001 1157 3137 1212 ἀλλά
3186 1160 3360 1215 πολλά
3412 1163 3782 1238 φιλοσοφήσας
3834 1173 3982 1224 κατά

2400 1240 2492 1294 τὸν
2516 1242 2828 1316 ἔμπροσθεν
2850 1247 3064 1319 χρόνον,
3092 1252 3154 1306 οὐ
3181 1255 3320 1324 μετά
3343 1256 3611 1329 τοσαύτης
3635 1259 3849 1328 δέξεται
3878 1262 3983 1332 τῆς

2399 1333 2640 1406 ἀθυμίας
2671 1339 2764 1393 τὸν
2814 1340 3069 1406 θάνατον.
3097 1344 3238 1400 ὥστε
3287 1348 3382 1402 καὶ
3418 1349 3632 1421 παρὼν,
3665 1354 3759 1406 καὶ
3800 1370 3980 1424 προσ-

2397 1424 2728 1498 δοκώμενος,
2759 1433 2952 1506 ἐκείνῳ
2980 1435 3182 1504 μᾶλλόν
3211 1441 3326 1495 ἐστι
3354 1441 3586 1514 φοϐερὸς
3607 1443 3642 1514 ἢ
3674 1445 3874 1516 τούτῳ.

2468 1690 2694 1757 Πάντως
2717 1695 2746 1748 ὁ
2775 1695 3152 1769 ἀδικούμενος,
3183 1703 3586 1774 καταφλέγεται
3618 1707 3719 1777 μὲν
3750 1708 3859 1761 ὑπὸ
3888 1709 3977 1762 λύ-

723 1782 870 1836 stitia
917 1783 1141 1851 quidem
1183 1782 1507 1838 incenditur
1539 1799 1555 1836 :
1595 1797 1720 1837 cum
1783 1790 1973 1837 autem
2011 1791 2292 1852 acceptam

2399 1797 2527 1852 πης.
2559 1784 2872 1855 ἀμύνασθαι
2893 1789 2951 1843 δὲ
2975 1792 3076 1846 οὐκ
3100 1793 3263 1864 ἔχων,
3288 1795 3322 1866 ἢ
3353 1795 3441 1850 διὰ
3471 1798 3581 1851 τῶν
3610 1800 3740 1852 ἴσων
3769 1800 3974 1865 ἐλθεῖν,

723 1873 986 1942 iujuriam
1048 1873 1270 1939 ulcisci,
1301 1882 1396 1928 aut
1429 1889 1528 1946 par
1579 1874 1786 1930 referre
1815 1888 1927 1929 non
1955 1874 2160 1944 possit,
2207 1875 2292 1928 in-

2399 1871 2508 1925 έσθ⁹
2537 1875 2628 1929 ὅτε
2648 1876 2737 1931 διὰ
2757 1879 2918 1935 τοῦτο
2945 1885 3044 1954 τῆς
3066 1857 3275 1939 ἀνωθεν
3300 1857 3457 1959 δίκης
3479 1889 3539 1942 τὸ
3558 1889 3785 1961 κέντρον
3814 1857 3978 1944 καλεῖ

721 1966 934 2020 terdum
973 1966 1186 2020 idcirco
1219 1965 1418 2021 divinae
1467 1966 1698 2034 justitiae
1733 1966 1990 2023 aculeum
2022 1966 2078 2020 in
2108 1967 2295 2022 subsi-

719 2060 869 2111 dium
927 2065 1109 2113 vocat.

792 2170 849 2227 S.
874 2169 1125 2225 Maximi.
1167 2170 1427 2228 —Nemo
1484 2171 1883 2242 flagitiosorum
1939 2181 2046 2238 est,
2098 2173 2193 2245 qui
2225 2174 2295 2228 id

718 2265 862 2334 quod
894 2265 1039 2334 juris
1068 2263 1142 2319 sit
1168 2279 1293 2320 esse
1313 2266 1521 2318 malum
1551 2279 1659 2318 non
1691 2265 2007 2319 arbitretur.

789 2377 847 2434 S.
865 2377 1119 2434 Clamant.
1137 2387 1280 2433 orat.
1304 2397 1322 2431 ι
1353 2379 1484 2445 Quis
1507 2377 1645 2433 dives
1674 2377 1960 2433 solvendus
1988 2379 2080 2444 sit,
2107 2397 2127 2431 ι
2159 2379 2295 2451 §M.

716 2500 783 2509 —
818 2469 1002 2526 Vende
1032 2485 1156 2540 qua:
1178 2471 1369 2526 habes.
1396 2469 1535 2537 Quid
1566 2478 1650 2526 est
1685 2469 2040 2540 quamobrem
2068 2471 2294 2540 quidam

717 2580 825 2617 nou
885 2572 1138 2635 prompto
1176 2563 1360 2617 animo
1409 2563 1514 2618 hoc
1569 2561 1895 2632 suscipiant,
1925 2571 1982 2617 ut
2010 2549 2295 2618 facultates

720 2672 852 2711 suas
917 2655 1200 2726 abjiciant,
1243 2663 1407 2725 atque
1465 2653 1718 2710 alrectum
1779 2668 1990 2721 earum,
2043 2656 2294 2711 immodi-

717 2762 950 2818 camque
981 2747 1360 2817 cupiditatem,
1391 2761 1608 2801 necnon
1644 2745 1860 2816 vigilias
1896 2745 1950 2801 in
1987 2745 2056 2802 iis
2084 2763 2293 2820 augen-

716 2841 824 2902 dis,
859 2839 1106 2904 morbos,
1155 2853 1340 2904 curas,
1377 2847 1432 2893 et
1455 2840 1646 2908 spinas
1690 2838 1836 2901 vitae,
1868 2836 2072 2906 quibus
2102 2855 2292 2896 semen

717 2933 1043 2989 suffocatur.

786 3047 842 3103 S.
882 3047 1021 3103 Nili.
1048 3078 1113 3088 —
1144 3044 1399 3118 Magnum
1461 3046 1529 3100 iis
1559 3045 1657 3115 qui
1688 3045 1877 3101 virtuti
1905 3046 2292 3116 comparandae

2396 1965 2534 2036 πρὸς
2563 1971 2908 2044 ἐπικουρίαν.

2467 2170 2718 2242 Πέφυκεν
2747 2175 2977 2241 ἕκαστος
3005 2176 3115 2231 τῶν
3151 2179 3476 2252 κακουργῶν
3519 2182 3753 2254 ἀνδρῶν,
3796 2185 3861 2237 τὸ
3901 2185 3974 2237 δί-

2396 2278 2552 2316 καιον
2584 2259 2726 2319 εἶναι
2753 2268 2996 2339 νομίζειν
3029 2271 3220 2327 κακόν.

2466 2377 2728 2450 Πὼλησόν
2759 2397 2854 2437 σου
2895 2383 2966 2438 τά
2990 2385 3326 2456 ὑπάρχοντα.
3363 2387 3430 2442 Τί
3462 2388 3524 2441 οὐ
3549 2389 3860 2461 προχείρως
3887 2389 3973 2443 δέ-

2395 2471 2582 2540 χονταί
2608 2489 2754 2538 τινες
2778 2473 2879 2547 τὴν
2918 2471 3269 2549 ὑπάρχουσαν
3297 2478 3487 2534 οὐσίαν
3515 2482 3845 2553 ἀπορρίψω,
3870 2484 3972 2552 τὴν

2395 2563 2534 2634 πρὸς
2561 2565 2702 2620 αὑτά
2752 2567 3118 2638 συμπάθειαν,
3157 2571 3257 2644 τὴν
3309 2572 3595 2644 ὑπεράγαν
3643 2575 3970 2645 ἐπιθυμίαν,

2393 2655 2492 2727 τὴν
2513 2658 2643 2729 περὶ
2663 2659 2836 2732 αὐτὴν
2859 2661 3188 2734 ἀγρυπνίαν,
3214 2664 3316 2735 τὴν
3345 2665 3519 2732 νόσον,
3542 2667 3642 2730 τὰς
3671 2667 3970 2738 μερίμνας,

2393 2749 2493 2814 τὰς
2522 2751 2766 2817 ἀκάνθας
2792 2752 2885 2808 τοῦ
2922 2754 3061 2826 βίου,
3088 2756 3149 2810 αῖ
3173 2757 3235 2810 τὸ
3274 2757 3494 2830 σπέρμα
3531 2759 3630 2828 τῆς
3663 2758 3810 2826 ζωῆς
3839 2776 3972 2830 συμ-

2395 2843 2679 2912 πνίγουσιν
2699 2862 2715 2911 ;

2462 3049 2623 3118 Μέγα
2666 3051 2781 3115 τοῖς
2810 3051 2949 3124 πρὸς
2977 3053 3187 3125 ἀρετὴν
3229 3055 3604 3125 ἐπειγομένοις
3637 3055 3898 3125 ἐμπόδιον
3933 3057 3969 3127 ἡ

717 3141 961 3195 student.
983 3138 1432 3210 impedimentum
1457 3135 1613 3192 allert
1636 3146 2008 3207 praeposterus
2034 3137 2128 3193 ille
2148 3153 2282 3208 erga

2399 3140 2503 3194 τῶν
2535 3144 2818 3214 κοσμικῶν
2838 3147 3183 3217 πραγμάτων
3211 3149 3549 3218 συμπάθεια,
3577 3148 3672 3202 καὶ
3695 3148 3844 3220 ψυχῇ
3873 3150 3969 3202 καὶ

717 3231 879 3300 hujus
897 3228 1084 3283 mundi
1110 3243 1197 3283 res
1228 3227 1475 3291 aﬂ‘ectus,
1499 3242 1560 3281 ac
1587 3243 1750 3296 saepe,
1776 3235 1892 3281 tum
1907 3230 2146 3298 corpori,
2178 3237 2294 3281 tum

2401 3231 2611 3301 σώματι
2643 3215 2906 3300 πολλάκις
2951 3236 3174 3310 ὀλεθρον
3203 3215 3558 3310 προξενοῦσα.
3608 3240 3673 3292 Τί
3710 3215 3968 3311 Να-

715 3322 912 3376 anith
951 3320 1250 3390 perniciem
1283 3317 1514 3372 invehit.
1545 3317 1685 3382 Quid
1705 3317 1848 3370 enim
1879 3317 2092 3371 Naboth
2118 3317 2293 3371 Israe-

718 3417 869 3469 lilam
905 3415 961 3469 in
1015 3411 1245 3468 exitium
1275 3410 1509 3479 conjecit
1543 3408 1659 3463 ?an
1691 3423 1800 3463 non
1823 3408 2097 3464 invidiosa
2129 3409 2292 3463 vinea

715 3505 762 3558 ei
826 3510 1058 3558 mortem
1110 3499 1430 3565 accersivit,
1462 3507 1525 3552 ut
1557 3512 1683 3569 quae
1713 3496 1961 3551 vicinum
2001 3496 2195 3552 Achab
2220 3497 2288 3551 ad

720 3597 896 3669 ipsius
940 3596 1144 3652 caadem
1195 3593 1501 3650 excitarit?
1529 3591 1672 3658 Quid
1727 3601 1907 3647 autem
1944 3589 2084 3647 duas
2113 3591 2290 3646 tribus

716 3699 767 3744 ct
797 3689 1075 3745 dimidiam
1129 3686 1358 3741 alterius
1388 3683 1636 3754 impulit,
1675 3689 1733 3738 ut
1765 3691 1920 3746 extra
1972 3681 2291 3752 promissio-

716 3783 802 3837 nis
855 3791 1058 3836 terram
1094 3777 1499 3837 subsisterent?
1529 3791 1600 3832 an
1659 3792 1769 3832 non
1797 3790 2063 3846 pecorum
2097 3776 2288 3830 multi-

715 3875 881 3930 tudo?
905 3872 1049 3940 Quid
1084 3873 1249 3928 etiam
1275 3869 1377 3926 Lot
1404 3870 1474 3925 ab
1509 3869 1829 3925 Abrahamo
1857 3867 2136 3939 disjunxit
2162 3868 2186 3920 ?
2212 3883 2284 3922 an

716 3983 820 4021 non
874 3967 1064 4035 ingens
1099 3971 1478 4020 armentorum
1522 3976 1812 4026 numerus,
1837 3968 2101 4032 perpetua
2143 3959 2288 4015 inter

713 4068 960 4130 pastores
988 4057 1168 4129 jurgia
1193 4070 1444 4124 movens,
1480 4053 1665 4126 quoad
1691 4069 1924 4125 prorsus
1962 4070 2059 4111 eos
2089 4054 2159 4110 ab
2201 4055 2287 4110 in-

714 4152 892 4206 vicem
930 4149 1172 4205 avulsit?

783 4266 998 4336 Ioseph.
1025 4295 1092 4304 —
1131 4264 1290 4320 Nulla
1336 4273 1448 4317 tam
1498 4262 1708 4320 nefaria
1750 4263 1839 4317 via
1888 4272 1994 4328 est,
2020 4276 2143 4333 quae
2171 4276 2283 4317 non

715 4366 960 4428 quaestus
978 4371 1149 4412 causa
1182 4355 1416 4412 ineatur.

787 4491 1083 4556 Fortassis‘jr
1106 4491 1350 4547 animum
1419 4492 1488 4545 ad
1519 4505 1638 4546 eam
1678 4491 2008 4546 sententiam
2040 4505 2150 4546 non
2181 4487 2282 4542 ad-

2395 3321 2586 3374 ϐουθαὶ
2615 3321 2706 3375 τὸν
2743 3323 3085 3394 Ἰσραηλίτην
3105 3325 3422 3387 ἀπώλεσεν;
3450 3331 3550 3379 οὐκ
3575 3330 3819 3397 ἄμπελος
3846 3332 3966 3383 ἐπί-

2395 3413 2588 3484 φθονος
2626 3414 2799 3478 αἴτιος
2833 3413 2982 3484 αὐτῷ
3008 3416 3239 3469 θανάτου
3271 3417 3588 3486 γεγένηται,
3630 3419 3769 3488 πρὸς
3800 3420 3967 3488 φόνον

2392 3506 2560 3560 αὐτοῦ
2613 3507 2844 3578 κινήσας
2873 3508 2966 3562 τὸν
3001 3509 3219 3578 γείτονα
3256 3509 3492 3581 Ἀχαά6;
3527 3511 3593 3564 Τί
3627 3511 3684 3564 δὲ
3719 3512 3819 3575 τὰς
3872 3513 3968 3565 δὺο

2391 3597 2563 3668 ἥμισυ
2593 3596 2766 3667 φυλάς
2813 3597 2921 3662 ἔξω
2971 3599 3069 3670 τῆς
3106 3600 3588 3672 ἐπαγγελλομένης
3621 3602 3725 3671 γῆς
3779 3604 3965 3672 μεῖναι

2391 3686 2838 3758 παρεσκεύασενς
2887 3688 2948 3741 οὺ
2979 3688 3187 3760 πλῆθος
3238 3692 3492 3762 κτηνῶν;
3530 3692 3596 3744 Τί
3623 3692 3681 3745 δὲ
3737 3694 3836 3746 καὶ
3873 3695 3964 3746 τὸν

2390 3779 2515 3834 Λὼτ
2546 3780 2655 3834 ἀπὸ
2681 3779 2776 3833 τοῦ
2809 3781 3057 3853 Ἀϐραάμ
3089 3781 3389 3853 ὲχώρισεν;
3421 3784 3518 3854 οὐχ
3552 3785 3582 3838 ὁ
3608 3785 3715 3837 τῶν
3747 3783 3964 3855 βοσκη-

2392 3872 2578 3944 μάτων
2621 3873 2788 3937 πολὺς
2818 3873 3072 3945 ἀριθμὸς,
3108 3876 3352 3946 συνεχεῖς
3389 3878 3500 3939 τοῖς
3529 3875 3758 3946 ποιμέσι
3799 3879 3958 3949 κινήο

2390 3983 2489 4029 σας
2526 3966 2624 4028 τὰς
2652 3967 2856 4037 ἐριδας,
2885 3966 2990 4030 ἕως
3023 3967 3221 4031 αὐτοὺς
3277 3967 3461 4021 τέλεον
3509 3969 3820 4042 ἀπέρρηξεν
3863 3971 3960 4025 ἀπ’

2386 4059 2630 4129 ἀλλήλων
2651 4077 2664 4124 ;

2454 4259 2644 4312 Πᾶσαν
2675 4256 2935 4326 ἀθέμιτον
2954 4257 3073 4313 ὁδὸν
3085 4257 3240 4314 ’ποιεῖ
3260 4261 3324 4314 τὺ
3349 4262 3560 4333 κέρδος.

2459 4477 2615 4544 Ἴσως
2660 4480 2761 4532 οὐκ
2816 4479 3124 4550 ἐπέστησας
3171 4481 3250 4552 τῷ
3300 4487 3595 4554 προσφυῶς
3644 4489 3955 4559 χρησμοδοο

711 4585 916 4655 jecisti,
947 4599 1112 4655 quam
1147 4581 1367 4652 quidam
1410 4592 1535 4653 apte
1567 4581 1636 4636 ad
1678 4583 1825 4638 hunc
1853 4581 2078 4638 modum
2117 4589 2280 4637 extu-

2399 4571 2588 4640 τοῦντι,
2623 4572 2718 4626 καὶ
2767 4572 3016 4641 λέγοντι·
3043 4575 3136 4647 Μὴ
3167 4575 3364 4630 σπεῦδε
3404 4577 3676 4647 πλουτεῖν,
3706 4582 3783 4653 μὴ
3815 4585 3954 4653 saxi.

712 4677 779 4731 lit
808 4692 821 4728 :
847 4675 925 4730 Ne
982 4675 1209 4730 festines
1240 4673 1430 4736 ditari,
1496 4687 1566 4728 ne
1599 4672 1785 4727 statim
1816 4673 1872 4727 in
1902 4679 2281 4743 paupertatem

716 4766 950 4821 ittcitlal.

787 4901 1119 4956 Hominibus
1165 4899 1275 4957 illis
1301 4897 1396 4968 qui
1445 4898 1733 4952 avaritiam
1778 4913 1843 4953 ac
1879 4897 2283 4968 parcimoniam

723 4996 788 5050 ad
834 5004 1137 5050 extremum
1185 4993 1395 5057 colunt,
1446 4990 1646 5045 multas
1679 4990 1865 5045 divina
1937 4991 2286 5061 providentia

721 5085 1171 5142 detrimentorum
1202 5084 1523 5140 occasiones
1549 5096 1746 5154 parare
1765 5083 2075 5140 consuevit.

789 5221 1050 5277 Philonis.
1079 5253 1148 5262 —
1168 5219 1488 5275 Divitiarum
1515 5219 1894 5290 pulchritudo,
1927 5236 2037 5276 non
2073 5221 2132 5276 in
2157 5236 2284 5276 cru-

715 5315 914 5379 mcnis,
972 5314 1067 5370 sed
1099 5315 1155 5369 in
1215 5330 1517 5388 pauperum
1569 5322 1810 5383 egestate
1847 5313 2078 5370 levanda
2108 5314 2284 5386 posita

717 5417 819 5462 CSI.

787 5541 846 5597 S.
864 5541 912 5593 Ν
920 5541 1219 5598 ilia—Nihil
1235 5543 1455 5598 omnino
1474 5542 1572 5598 tibi
1597 5541 1777 5599 studio
1794 5547 2010 5608 est,non
2028 5541 2284 5612 praeclara

712 5633 849 5696 vita,
917 5648 1026 5688 non
1079 5644 1226 5691 recta
1257 5634 1672 5698 doctrina,-non
1715 5649 2105 5705 oppressorum
2127 5649 2281 5699 cura,

716 5741 825 5780 non
856 5727 1155 5797 quidquam
1187 5727 1358 5792 aliud,
1384 5737 1581 5798 praeter
1597 5729 1702 5783 hoc
1721 5741 1912 5794 unum,
1937 5727 2085 5796 quod
2105 5743 2278 5796 amas,

717 5825 880 5889 atque
905 5819 962 5875 in
989 5820 1132 5876 votis
1163 5820 1353 5888 babes,
1376 5827 1432 5877 et
1453 5819 1666 5889 colligis
1691 5817 2102 5876 oloconitidem.

2388 4663 2557 4734 πένης
2582 4663 2734 4737 γένῃ.

2458 4894 2584 4957 Τοῖς
2609 4895 2709 4966 τὴν
2740 4894 2917 4966 ἄκραν
2953 4896 3391 4966 φιλοχρηματίαν
3421 4898 3513 4950 καὶ
3551 4898 3846 4966 φειδωλίαν
3875 4902 3948 4966 ἐξ·

2385 4986 2687 5055 ησκηκόσιν
2711 4987 3041 5059 ἀνθρώποις,
3074 4987 3275 5052 πολλάς
3304 4987 3440 5059 πρὸς
3462 4989 3664 5058 ζημίαν
3696 4991 3949 5062 ἀφορμάς

2388 5081 2421 5147 ἡ
2452 5077 2684 5149 Πρόνοια
2707 5081 3012 5150 περιποιεῖν
3039 5079 3246 5133 εἴωθεν.

2457 5211 2698 5265 Πλούτου
2730 5211 2791 5266 τὸ
2829 5211 3024 5275 κάλλος
3055 5212 3155 5265 οὐκ
3185 5213 3242 5265 ὲν
3287 5212 3606 5282 βαλαντὶοις,
3637 5213 3752 5266 ἀλλ’
3795 5217 3855 5267 ἐν
3881 5217 3946 5285 τῇ

2386 5301 2494 5355 τῶν
2517 5303 2828 5376 χρῃζόντων
2850 5305 3160 5375 ἐπικουρίᾳ.

2454 5543 2621 5598 Οὐδὲν
2676 5545 2913 5615 πάμπαν
2964 5542 3322 5608 σπουδάζεται
3365 5542 3512 5613 παρὰ
3567 5541 3693 5608 σοῦ,
3725 5541 3786 5595 οὗ
3836 5539 3947 5610 βίος

2385 5637 2658 5708 λαμπρὸς,
2690 5639 2750 5690 οὺ
2787 5636 2945 5704 λόγος
2973 5636 3152 5707 ὀρθὸς,
3192 5636 3254 5689 οὐ
3298 5635 3602 5706 προστασία
3631 5633 3742 5689 τῶν
3774 5633 3947 5686 61269-

2389 5730 2589 5800 μένων,
2618 5729 2679 5782 οὐ
2704 5731 2774 5783 τὰ
2817 5728 2962 5799 ἑξῆς,
2993 5729 3134 5798 πλὴν
3167 5726 3258 5782 τοῦ
3304 5727 3500 5796 φιλεῖν,
3545 5726 3643 5779 καὶ
3675 5725 3744 5779 δι’
3785 5725 3945 5794 εὐχῆς

2386 5820 2674 5887 ποιεῖσθαι,
2704 5820 2802 5875 καὶ
2835 5818 3109 5888 συλλέγειν
3134 5819 3203 5873 τὰ
3235 5818 3581 5873 ὁλοκωνίτιδα
