4206 6442
230 397 358 461 i521

1489 402 1726 463 SACRA
1763 404 2217 465 PARALLELA.

3336 407 3462 471 15322

224 514 508 593 Tl'i‘A._l'.
536 515 781 593 -Αηερὶ
837 517 1025 593 ἕρηων
1064 519 1161 593 καί
1204 521 1511 593 πράξεωνο
1548 522 1665 593 καὶΔ
1697 520 1786 593 ότι
1812 527 1863 585 Α

1812 527 1863 585 Α
1890 521 2022 577 ΤΙΤ.
2064 522 2286 577 X.—De
2316 524 2558 593 operibus
2583 531 2632 577 et
2659 522 2957 577 actionibus
2991 539 3011 576 :
3036 531 3084 576 et
3109 522 3247 591 quod
3277 523 3461 592 qualia

289 584 465 659 ὁποῖά
494 585 739 659 agape,
766 584 1033 659 τοσαῦτα
1064 590 1159 645 καὶ
1181 584 1504 659 ὐεὲίσταται
1526 608 1541 623 ’
1575 590 1673 645 καὶ
1704 590 1786 657 ὡς

289 655 441 732 χιιτᾲ
478 656 719 732 τὰᾳὲρχα
740 657 916 732 ῄμῶζ
958 659 1056 712 καὶ
1092 663 1124 713 ὀ
1155 655 1373 729 μισθὸς
1408 655 1784 732 ἐξομοιοῦται

287 725 449 793 παρὰ
479 725 588 780 τοῦ
619 727 768 782 Θεοῦ
791 725 983 797 ήμῶν.

291 875 311 908 t
348 857 477 911 Ἐάν
524 877 607 923 τις
646 858 723 931 δῷ
775 860 964 931 μῶμον
1009 864 1085 933 τῷ
1118 864 1363 934 πλησίον,
1413 865 1489 929 ὡς
1527 864 1783 936 ἐποίησεν

216 948 386 1018 αὐτῷ,
418 948 683 1015 ὡσαύτως
717 952 1200 1024 ἀντιποιηθήσεται
1234 956 1384 1027 αὑτῷ
1406 974 1421 988 ο
1467 957 1781 1029 σύντριμμα

214 1042 335 1095 ἀντὶ
356 1043 764 1115 συντρίμματος
779 1063 795 1078 ·
822 1046 1102 1116 ὀφθαλμὸν
1126 1050 1245 1102 ἀντὶ
1262 1050 1543 1121 ὀφθαλμοῦ
1558 1068 1572 1082 ·
1592 1052 1779 1105 ὀδόντα

213 1134 334 1188 ἀντὶ
363 1135 599 1202 ὀδόντος.
632 1138 835 1193 Καθότι
869 1140 935 1194 ἂν
970 1140 1046 1212 δῷ
1077 1142 1268 1212 μῶμον
1303 1142 1597 1215 ἀνθρώπῳ,
1629 1143 1774 1197 οὕτω

212 1224 500 1297 δοθήσεται
521 1228 691 1299 αὐτῷ.
724 1249 744 1282 ι
1440 1248 1445 1253 ·

286 1335 305 1369 ι
343 1318 702 1391 Κατέδραμον
737 1322 913 1377 ὀπίσω
955 1323 1329 1393 Ἀδωνιϐεζὲκ,
1356 1329 1452 1379 καὶ
1478 1326 1775 1381 κατέλαϐον

214 1409 393 1478 ιὺτόν,
420 1412 518 1465 καὶ
543 1412 826 1484 ἀπέκοψαν
853 1416 923 1469 τὰ
947 1414 1092 1489 ἄκρα
1118 1416 1226 1471 τῶν
1247 1419 1446 1490 χειρῶν
1467 1419 1655 1487 αὐτοῦ,
1681 1423 1775 1474 καὶ

218 1502 317 1555 τῶν
354 1505 536 1560 ποδῶν
569 1506 883 1562 αὐτοῦ.Καὶ
909 1507 1063 1563 εῐπεν
1088 1512 1473 1576 ’Δδωνιϐεζέκθ
1520 1512 1775 1585 Ἐϐδομή-

212 1612 374 1650 κοντα
413 1596 655 1667 βασιλεῖς
679 1602 747 1655 τὰ
788 1602 935 1674 ἄκρα
964 1602 1074 1657 τῶν
1103 1605 1281 1659 ποδῶν
1315 1603 1496 1675 αὐτῶν
1529 1607 1625 1659 καὶ
1664 1607 1773 1661 τῶν

213 1688 413 1759 χειρῶν
445 1690 627 1746 αὐτῶν
656 1694 1121 1767 ἀποκεκομμένοι,
1159 1692 1299 1769 ἦσαν
1327 1698 1680 1768 συλλέγοντες
1703 1699 1773 1753 τὰ

213 1779 471 1835 ὗποκάτω
505 1782 606 1852 τῆς
645 1785 923 1857 τραπέζης
968 1805 1095 1858 μου.
1140 1788 1338 1854 Καθὼς
1366 1785 1461 1844 οὖν
1515 1791 1769 1862 ἐποίησα,

212 1871 382 1935 οὕτως
411 1874 796 1931 ἀνταπέδωκέν
826 1896 915 1948 μοι
937 1879 966 1931 ὀ
999 1879 1153 1944 Θεός.
1181 1901 1200 1933 ι

284 1981 303 2015 ι
334 1966 400 2017 Οἱ
430 1967 747 2040 σπείροντες
770 1971 841 2025 τὰ
872 1970 1079 2041 ἄτοπα,
1111 1973 1307 2039 ὀδύνας
1342 1974 1619 2047 θεριοῦσιν
1649 1977 1776 2030 ἑαυ-

212 2057 344 2120 τοῖς.
382 2077 400 2109 ι

284 2167 303 2200 ‹
350 2148 668 2221 Ἀποδοθείη
698 2151 847 2224 αὑτῷ
872 2152 910 2208 ἀ
939 2153 1198 2227 ἔπραξεν.
1228 2174 1247 2207 ι

284 2258 303 2291 ι
343 2241 498 2295 Κενά
523 2245 703 2307 κενοῖς
731 2244 1091 2317 ἀποϐήσεται.
1122 2268 1141 2301 ι

286 2353 303 2384 ε
348 2334 723 2409 Ἀνταπόδομα
750 2338 974 2409 χειλέων
1008 2340 1175 2396 αὐτοῦ
1210 2341 1497 2415 δοθήσεται
1541 2346 1709 2416 αὐτῷ.
1753 2365 1770 2397 ι

288 2550 307 2583 ι
346 2531 599 2587 Ἐδονται
642 2536 742 2606 τῆς
770 2536 982 2592 ἑαυτῶν
1013 2537 1135 2592 ὀδοῦ
1182 2540 1305 2604 τοὺς
1363 2543 1630 2614 καρποὺς,
1684 2545 1778 2597 καὶ

209 2623 306 2694 τῆς
336 2625 549 2679 ἑαυτῶν
582 2628 837 2694 ἀσεϐείας
855 2631 1277 2705 πλησθήσονται.
1322 2635 1650 2707 Ἐξετασμὸς
1671 2639 1777 2709 γὰρ

210 2719 430 2783 ἀσεϐεῖς
460 2720 593 2777 ὀλεῖ.
637 2740 656 2774 ι

287 2832 305 2865 ι
339 2811 770 2886 Τεκταινόμενος
797 2817 1005 2887 ἀγαθά,
1031 2819 1187 2892 ζητεῖ
1215 2821 1373 2891 vitam
1392 2837 1407 2853 ο
1442 2822 1778 2894 ὲκζητοῦντκ

209 2904 267 2958 δὲ
293 2905 446 2960 κακά
466 2909 838 2983 καταλήψεται
864 2911 1045 2967 αὐτόν.
1091 2931 1111 2963 i

359 3085 421 3141 Ὀ
451 3089 693 3161 σπείρων
734 3090 936 3160 φαῦλα,
972 3092 1179 3165 θερίσει
1218 3095 1399 3149 κακά’
1443 3099 1778 3169 ματαιότητα

212 3176 267 3230 δὲ
300 3178 482 3250 ἔργων
512 3181 675 3235 αὑτοῦ
707 3183 1036 3240 συντελέσει.
1077 3203 1097 3236 ι

286 3290 307 3323 c
347 3271 480 3326 Δότε
510 3274 651 3341 αὐτῇ
680 3276 787 3324 ἀπὸ
805 3277 914 3325 τῶν
941 3279 1170 3341 καρπῶν
1202 3281 1404 3346 χειρῶν
1434 3282 1624 3352 αὐτῆς.
1655 3299 1673 3332 i

289 3468 311 3503 ε
347 3452 449 3505 Ὃν
463 3452 663 3522 τρόπον
686 3454 967 3525 ἐποίησας,
996 3455 1167 3520 οὕτως
1192 3456 1343 3511 ἔσται
1398 3477 1505 3515 σοι.
1544 3460 1619 3513 Τὸ
1655 3464 1784 3516 άντ-

216 3540 471 3612 απόδομά
494 3560 590 3597 σου
622 3544 1117 3618 ἀνταποδοθήσεται
1147 3550 1227 3614 είς
1257 3550 1500 3622 κεφαλήν
1535 3568 1652 3606 σου.
1696 3572 1719 3603 ι

291 3738 312 3772 ι
352 3719 438 3775 Τά
457 3737 771 3794 γεννήματα
792 3728 900 3779 τῶν
919 3727 1097 3798 ὲργων
1125 3733 1306 3785 αυτῶν
1337 3733 1642 3803 φάγωνται.
1686 3756 1707 3788 ι

290 3918 310 3951 ‹
346 3900 487 3954 Οὐαὶ
516 3901 595 3973 τῷ
618 3903 806 3977 ἀνόμῳ
825 3923 843 3939 ο
879 3910 1096 3980 πονηρά
1110 3912 1253 3968 κατά
1285 3914 1355 3967 τά
1383 3914 1521 3986 ἔργα
1536 3918 1646 3972 τῶν
1667 3938 1781 3991 χει-

215 3991 328 4062 ρῶν
367 3992 533 4047 αὐτοῦ
562 3994 853 4068 δοθήσεται
871 4000 1043 4073 αὐτῷ.
1082 4022 1101 4056 i

287 4103 309 4136 s
363 4084 504 4154 Ἐγὼ
532 4087 738 4159 Κύριος
780 4091 990 4157 ἐτάζων
1034 4096 1282 4167 καρδίας,
1335 4100 1429 4153 καὶ
1466 4101 1782 4173 δοκιμάζων

213 4177 469 4246 νεφροὺς,
499 4177 594 4232 τοῦ
637 4180 821 4236 δοῦναι
852 4184 1069 4257 ἑκάστῳ
1099 4188 1241 4243 κατά
1265 4190 1364 4255 τὰς
1394 4191 1547 4256 ὀδοὺς
1589 4196 1781 4265 αὐτοῦ,

212 4266 307 4320 καὶ
346 4266 483 4321 κατὰ
503 4270 630 4334 τοὺς
651 4273 898 4343 καρποὺς
923 4274 1033 4329 τῶν
1069 4277 1514 4351 ἐπιτηδευμάτων
1538 4284 1725 4340 αὐτοῦ.
1754 4305 1782 4339 ι

288 4488 308 4521 τ
348 4469 548 4534 Καθὼς
569 4472 813 4544 ἐποίησε,
838 4479 1104 4549 ποιήσατε
1134 4482 1297 4554 αὐτῇ.
1336 4503 1356 4536 ι

1956 595 2073 665 quis
2133 594 2284 663 facit,
2346 595 2480 648 talia
2534 596 2697 649 etiam
2734 594 2841 661 ipse
2888 594 3153 665 sustineat
3186 594 3464 664 :quodque

1955 663 2199 789 operias
2244 668 2441 720 nostris
2473 681 2668 720 merces
2716 666 2854 732 apud
2886 663 3055 718 Deum
3103 663 3347 717 nostrum
3377 681 3462 718 re-

1955 752 2082 789 snon
2122 748 2227 789 eat.
2776 762 2779 765 -

1954 752 2227 805 spondeat.
2776 762 2779 765 ·

1950 871 2119 927 Lavit.
2158 888 2309 935 xxiv,
2351 871 2441 936 19,
2484 871 2574 926 20.
2608 902 2675 913 —-
2706 888 2725 923 ι
2749 869 2809 925 Si
2842 869 2969 940 quis
3030 867 3245 924 dederit
3283 866 3461 921 labem

1877 968 2125 1037 proximo
2153 981 2276 1033 suo,
2300 967 2438 1021 sicut
2479 965 2627 1031 fecit,
2657 965 2735 1020 sic
2766 965 2857 1020 ﬁet
2883 964 2933 1020 ei
2965 982 2981 1019 :
3010 962 3304 1019 fracturam
3362 975 3462 1030 pro

1876 1058 2137 1123 fractura,
2201 1060 2420 1113 oculum
2481 1072 2581 1129 pro
2630 1056 2815 1121 oculo,
2868 1055 3085 1110 dentem
3135 1068 3237 1124 pro
3296 1052 3461 1107 dente

1877 1152 2147 1208 restituet.
2180 1150 2406 1216 Qualem
2466 1148 2726 1203 inﬂixerit
2776 1147 3045 1202 maculam
3092 1146 3322 1211 homini,
3380 1144 3460 1199 sic

1875 1240 2093 1298 dabitur
2111 1243 2181 1299 ei.
2210 1260 2231 1295 ι

1943 1333 2123 1389 ludio.
2155 1350 2193 1398 ι,
2218 1333 2441 1390 5-7.—-t
2465 1332 2532 1388 Et
2551 1331 2829 1403 persecuti
2856 1340 2985 1388 sunt
3014 1336 3140 1400 post
3178 1328 3455 1382 Adonibe-

1881 1426 2035 1492 secb,
2082 1434 2139 1483 et
2184 1423 2716 1496 comprehenderunt
2745 1437 2893 1487 eum,
2952 1428 3015 1477 et-
3033 1426 3457 1489 amputaverunt

1878 1516 2255 1575 extremitates
2286 1532 2545 1573 manuum
2584 1516 2706 1587 ejus
2735 1521 2790 1571 et
2813 1513 3013 1584 pedum
3041 1511 3183 1580 ejus.
3215 1509 3283 1563 Et
3318 1509 3459 1562 dixit

1878 1609 2259 1665 Adonibesech
2313 1624 2328 1660 :
2370 1606 2726 1677 Septuaginta
2773 1620 2950 1676 reges,
3008 1601 3451 1658 extremitatibus

1873 1700 2069 1771 pedum
2129 1707 2376 1771 ipsorum
2432 1708 2486 1756 et
2538 1712 2801 1752 manuum
2870 1696 3119 1767 ipsorum
3167 1691 3453 1750 abscissis,

1874 1800 2037 1848 erant
2085 1794 2407 1864 colligentes
2453 1807 2577 1863 quas
2638 1789 2902 1845 caderent
2931 1788 3034 1843 sub
3089 1800 3276 1840 mensa
3313 1796 3454 1836 mea.

1808 1862 1849 1917 Β
1878 1862 2353 1951 Quemadmodum
2376 1862 2511 1957 ergo
2536 1883 2685 1949 feci,
2705 1882 2779 1935 ita
2812 1880 3052 1936 reddidit
3080 1877 3213 1932 mihi
3244 1877 3405 1931 Deus.
3430 1893 3448 1924 ιι

1946 1976 2048 2031 Job
2125 1995 2202 2044 tv,
2267 1978 2321 2033 8.
2352 2007 2423 2019 —
2458 1996 2476 2029 ι
2510 1976 2612 2043 Qui
2671 1981 2866 2032 serunt
2916 1972 3181 2044 pessima,
3228 1968 3451 2023 dolores

1878 2071 1981 2126 sibi
2004 2070 2140 2137 ipsis
2163 2079 2387 2127 metent.
2427 2089 2446 2121 ι

1951 2179 1970 2212 ‹
2011 2158 2338 2216 Reddantur
2363 2159 2414 2215 ei
2446 2174 2571 2229 quae
2595 2157 2747 2212 fecit.
2784 2176 2803 2209 ›

1952 2273 1971 2306 ε
2010 2252 2157 2309 Vana
2187 2253 2346 2309 vanis
2376 2261 2639 2309 eventura
2666 2259 2813 2305 sunt.

1946 2347 2105 2419 503
2138 2348 2297 2402 Prov.
2347 2363 2458 2413 xu,
2514 2345 2600 2399 M.
2644 2375 2711 2385 -—
2758 2362 2777 2395 ‹
2829 2341 3139 2397 Retributio
3179 2337 3453 2393 labiorum

1879 2456 2103 2499 suorum
2136 2439 2357 2495 dabitur
2385 2440 2455 2494 ei.
2492 2457 2511 2490 ι

1948 2535 2109 2590 Prov.
2141 2550 2185 2600 ι,
2209 2533 2301 2591 51.
2325 2564 2394 2575 -
2427 2552 2445 2585 ι
2480 2529 2785 2588 Comedent
2828 2526 3041 2584 fructus
3087 2526 3193 2581 via:
3237 2540 3371 2588 suae,
3405 2535 3459 2578 et

1878 2629 2159 2697 impietate
2188 2641 2286 2683 sua
2318 2625 2715 2697 implebuntur.
2746 2620 2882 2677 Nam
2899 2618 3236 2676 examinatio
3257 2617 3471 2687 impios.

1915 2719 2091 2776 erdet.
2125 2738 2143 2771 ι

1880 2737 2091 2792 peruet.
2125 2738 2143 2771 ι

1952 2812 2107 2868 Prov.
2145 2828 2219 2873 xt,
2243 2811 2335 2865 27.
2370 2842 2437 2851 —
2470 2827 2490 2862 ι
2522 2810 2629 2876 Qui
2676 2814 2838 2880 parat
2879 2806 3048 2873 bona,
3091 2803 3290 2875 quaerit
3332 2816 3455 2873 gra-

1880 2904 2009 2967 tiam
2059 2920 2073 2958 :
2124 2910 2461 2975 quaerentem
2519 2909 2702 2956 autem
2751 2897 2933 2963 mala,
2988 2895 3460 2966 comprehendent

1877 3012 2022 3053 eum.
2060 3013 2079 3049 D

1947 3088 2105 3143 Prov.
2146 3104 2299 3153 xxu,
2350 3088 2404 3142 8.
2434 3118 2504 3127 —
2541 3102 2561 3138 ι
2592 3083 2700 3151 Qui
2758 3081 2999 3139 seminat
3046 3092 3237 3150 prava,
3292 3077 3460 3132 mete!

1805 3207 1851 3268 ο
1881 3181 2045 3239 mala.
2068 3178 2381 3236 Vanitatem
2408 3188 2592 3234 autem
2610 3190 2840 3246 operum
2866 3186 3093 3268 suorum
3128 3170 3399 3242 perﬁciet.
3434 3189 3453 3222 ι

1957 3272 2116 3329 Prov.
2146 3288 2299 3335 xxxi,
2330 3270 2420 3326 3|.
2460 3302 2527 3311 —
2560 3288 2577 3320 ι
2612 3270 2750 3324 Date
2779 3267 2831 3322 ei
2857 3265 2928 3321 de
2967 3263 3150 3318 fructu
3192 3278 3459 3319 manuum

1886 3376 2135 3419 suarum.
2167 3381 2187 3415 Ι

1953 3451 2088 3507 Abd.
2127 3469 2165 3519 ι,
2198 3452 2375 3509 15.-
2414 3472 2433 3506 ι
2470 3452 2943 3519 Quemadmodum
2981 3452 3187 3519 fecisti,
3235 3452 3317 3509 sic
3357 3451 3463 3506 erit

1885 3544 1983 3599 tibi
2038 3563 2051 3599 :
2107 3546 2530 3602 retributionem
2601 3554 2751 3600 tuam
2824 3553 3111 3602 convertet
3176 3546 3230 3600 in
3294 3551 3463 3615 caput

1882 3645 2062 3691 tuum.
2105 3655 2124 3688 ι

1953 3727 2113 3783 Prov.
2142 3743 2299 3798 xvm,
2321 3729 2414 3786 20.
2439 3762 2505 3772 —-
2541 3748 2560 3782 ι
2601 3728 2890 3786 Genimina
2930 3742 3194 3784 manuum
3229 3743 3456 3785 suarum

1881 3819 2196 3875 comedent.
2237 3838 2256 3872 ι

1947 3916 2081 3970 Isai.
2125 3932 2203 3977 ιη.
2257 3917 2309 3971 9.
2339 3948 2405 3957 -
2455 3937 2475 3967 ι
2524 3914 2615 3969 Vae
2669 3915 2909 3985 iniquo:
2948 3914 3249 3972 secundum
3289 3927 3453 3983 opera

1879 4022 2140 4062 manuum
2179 4008 2353 4077 ipsius
2389 4008 2607 4063 dabitur
2635 4010 2706 4064 ei.
2747 4028 2765 4060 ι

1945 4098 2147 4154 Jerem.
2205 4116 2352 4165 xvn,
2413 4099 2502 4154 10.
2536 4132 2605 4142 -
2649 4118 2669 4152 σ
2722 4100 2837 4172 Ego
2889 4101 3160 4158 Dominus
3206 4100 3451 4170 probans

1878 4189 2067 4255 corda,
2102 4200 2158 4247 et
2193 4202 2449 4249 scrutans
2496 4208 2697 4261 renes;
2737 4201 2800 4247 ut
2854 4194 2976 4249 dem
3032 4193 3335 4263 unicuique
3364 4207 3450 4247 se-

1877 4286 2120 4341 cundum
2147 4286 2265 4341 vias
2299 4302 2453 4354 suas,
2491 4297 2547 4343 et
2578 4286 2881 4343 secundum
2937 4288 3151 4345 fructus
3183 4288 3448 4344 adiuven-

1878 4377 2089 4433 tionum
2138 4378 2407 4449 ipsorum.
2448 4399 2473 4433 ι

1946 4468 2146 4525 let-em.
2173 4486 2226 4536 1.,
2270 4469 2360 4524 29.
2393 4500 2461 4511 —
2494 4489 2515 4522 ε
2556 4469 2712 4525 Sicut
2743 4468 2891 4535 fecit,
2923 4466 3089 4524 facite
3120 4466 3217 4522 illi.
3253 4486 3273 4519 ι

288 4579 310 4611 ‹
348 4560 505 4614 Κατά
536 4563 637 4625 τὰς
656 4563 807 4629 ὀδοὺς
828 4566 1009 4622 αὐτῶν
1034 4553 1255 4642 ποιήσων
1289 4574 1507 4645 αὐτοῖς,
1537 4579 1630 4633 καὶ
1669 4583 1783 4646 τοίς
1808 4553 1859 4613 Ῑ)

1808 4553 1859 4613 Ι)
1954 4560 2149 4616 Ezech.
2202 4577 2351 4627 xxiv,
2406 4563 2494 4617 14.
2522 4592 2589 4601 ——
2629 4581 2647 4614 ι
2687 4559 3001 4615 Secundum
3037 4560 3155 4615 vias
3205 4559 3446 4629 ipsorum

215 4651 483 4721 κρίμασιν
514 4653 696 4707 αὐτῶν
751 4657 1026 4730 ἐκδικήσω
1067 4662 1288 4731 αὐτοὺς,
1333 4668 1428 4720 καὶ
1478 4671 1779 4739 γνώσονται

212 4744 294 4798 ὅτι
324 4742 434 4812 ἐγὼ
458 4745 680 4817 Κύριος.
719 4766 739 4799 ι

298 4857 318 4891 s
341 4837 420 4891 Δι’
448 4831 525 4894 ὧν
552 4857 637 4904 τις
666 4840 994 4914 ἁμαρτάνει,
1023 4845 1113 4902 διὰ
1144 4849 1349 4907 τούτων
1388 4853 1731 4921 κολάζεται.ι

300 5035 322 5071 s
352 5017 415 5070 Ol.
444 5018 779 5087 φυλάξαντες
809 5023 1083 5097 ὀσιότητά,
1110 5028 1515 5103 ὀσιωθήσονται.
1545 5056 1563 5087 ι

307 5207 327 5242 ι
352 5192 445 5262 Μή
467 5193 611 5246 ποίει
652 5196 818 5261 κακὰ,
866 5200 961 5253 καὶ
984 5200 1045 5254 οὐ
1074 5203 1149 5274 μή
1198 5222 1256 5257 σε
1304 5209 1580 5283 καταλάϐῃ
1613 5214 1777 5270 κακά.

232 5284 529 5355 Ἀπόστηθι
555 5286 667 5342 ἀπὸ
692 5288 902 5358 ἀδίκου,
934 5293 1031 5347 καὶ
1056 5294 1273 5351 ἕκκλινε
1291 5300 1401 5354 ἀπὸ
1430 5303 1728 5375 ἁμαρτίας.
1754 5328 1773 5360 ›

294 5483 314 5515 ‹
360 5463 567 5533 ’Δγαθά
588 5465 705 5529 τοῖς
740 5465 971 5535 ἀγαθοῖς
1005 5469 1229 5547 ἐκτίσθη
1266 5475 1363 5531 ἀπ’
1397 5478 1603 5550 ἀρχῆς·
1637 5483 1779 5538 οὕτω

216 5562 329 5623 τοῖς
354 5561 695 5633 ἁμαρτωλοῖς
719 5564 883 5621 κακά.
924 5584 943 5618 ι

295 5672 314 5703 ε
357 5650 562 5723 Ἄνδρα
592 5653 735 5707 κατὰ
764 5655 832 5709 τὰ
852 5656 988 5729 ἔργα
1013 5660 1179 5716 αὐτοῦ
1208 5668 1400 5737 κρινεῖ,
1432 5667 1523 5722 τεαὶ
1553 5670 1777 5735 ἕκαστος

224 5748 363 5802 κατᾶ
395 5749 530 5820 ἔργα
561 5751 726 5807 αὐτοῦ
757 5754 995 5827 εὑρήσει.
1035 5776 1057 5810 ι

1888 4651 2085 4706 faciam
2139 4654 2242 4719 eis,
2294 4663 2350 4709 et
2402 4654 2626 4724 jutliciis
2678 4655 2919 4724 ipsorum
2959 4654 3193 4709 ulciscar
3234 4669 3349 4719 eos,
3396 4663 3450 4708 et

1886 4755 2218 4814 cognoscent
2250 4747 2378 4816 quia
2406 4762 2509 4818 ego
2544 4747 2827 4801 Dominus.
2872 4764 2892 4798 ι

1959 4837 2089 4906 Sap.
2148 4856 2221 4903 xl,
2259 4840 2341 4894 16.
2375 4873 2444 4882 -
2477 4858 2494 4891 t
2531 4838 2632 4895 Per
2660 4855 2783 4911 quae
2813 4840 2939 4910 quis
2973 4849 3181 4910 peccat,
3212 4856 3305 4909 per
3335 4838 3447 4892 hmc

1886 4940 1940 4988 et
1978 4933 2224 5001 punitur.
2260 4953 2279 4985 ι

1958 5024 2088 5094 Sap.
2121 5042 2196 5089 vt,
2235 5028 2319 5081 10.
2348 5059 2415 5068 -
2449 5044 2468 5080 ι
2499 5026 2606 5093 Qui
2650 5026 2974 5083 custodierit
3000 5028 3446 5096 sanctimoniam,

1888 5117 2342 5173 sanctificabitur.
2382 5139 2400 5171 ι

1957 5210 2125 5265 Eccli.
2158 5228 2252 5277 vn,
2286 5212 2335 5266 l.
2364 5244 2429 5254 —
2466 5232 2485 5266 α
2520 5211 2639 5268 Noli
2674 5213 2856 5268 facere
2894 5213 3034 5267 mala
3057 5252 3071 5276 ,
3135 5220 3189 5267 et
3230 5227 3341 5269 non
3395 5221 3451 5269 te

1886 5304 2311 5373 apprehendent.
2354 5306 2603 5361 Abscede
2644 5306 2713 5360 ab
2775 5306 3004 5375 injuste,
3055 5314 3109 5363 et
3158 5304 3375 5361 declina
3418 5324 3447 5361 a

1885 5406 2127 5465 peccato.
2166 5416 2184 5447 ›

1959 5486 2120 5542 Eccli.
2156 5505 2340 5551 χχχιχ,
2364 5490 2454 5545 '25.
2487 5522 2557 5533 —
2597 5509 2614 5542 ‹
2655 5490 2799 5546 Bona
2836 5492 2995 5547 bonis
3020 5501 3200 5547 creata
3230 5501 3357 5548 sunt
3381 5494 3449 5548 ab

1886 5577 2041 5636 initio
2076 5597 2087 5609 -
2124 5588 2179 5633 et
2216 5580 2408 5634 eodem
2444 5582 2603 5637 modo
2636 5585 3017 5652 peccatoribus
3043 5586 3207 5639 mala.
3249 5604 3269 5637 ι

1958 5666 2122 5725 Eccli.
2153 5688 2260 5734 xvi,
2299 5673 2384 5727 l2.
2428 5706 2497 5716 -
2527 5694 2545 5727 ι
2587 5673 2874 5731 Hominem
2926 5677 3230 5731 secundum
3285 5693 3445 5747 opera

1885 5780 1984 5820 sua
2036 5765 2341 5834 judicabit;
2392 5776 2445 5823 et
2500 5772 2880 5841 unusquisque
2932 5768 3233 5826 secundum
3288 5782 3448 5825 actus

1896 5871 2029 5913 suos
2067 5857 2328 5914 inveniet.
2370 5878 2389 5911 ι
