4206 6442
212 408 348 473 1525

1383 387 1514 449 SAC
1524 387 1620 445 ΒΑ
1656 379 2119 442 PARALLELA.

3314 366 3446 429 13:26

208 525 385 579 ἔναντι
416 518 647 592 Κυρίου.
674 514 989 586 Ἄνθρωπος
1018 510 1125 582 γὰρ
1156 509 1315 578 σοφὸς
1343 508 1401 562 ἐν
1428 504 1591 560 παντὶ
1618 500 1774 553 ευλα-
1805 502 1849 554 Α

1878 509 1991 549 ram
2029 491 2333 548 mutabitur
2374 496 2588 557 tempus
2622 504 2636 540 :
2672 495 2725 541 et
2762 486 2877 541 haec
2921 486 3107 540 omnia
3159 485 3321 540 citata
3350 501 3446 540 co-

207 616 531 689 ϐηθήσεται.
575 629 595 665 ι
648 634 661 649 ο

280 810 298 844 ι
347 790 441 845 Ἐν
466 789 691 859 ἀγαθοῖς
720 785 911 860 ἀνδρὸς
932 786 981 839 οἱ
1002 784 1187 856 ἐχθροὶ
1217 780 1381 836 αὑτοῦ
1410 782 1467 835 ἐν
1491 778 1659 852 λύπῃ,
1681 775 1775 830 καὶ

206 884 263 936 ἐν
292 884 488 947 κακοῖς
519 880 684 938 αὑτοῦ
715 880 809 935 καὶ
837 881 866 933 ὁ
902 879 1053 949 φίλος
1080 874 1590 950 διαχωρισθήσεται.
1623 890 1642 924 ι

283 1084 303 1116 ι
335 1065 454 1119 Πᾶν
480 1064 509 1118 ὅ
528 1063 623 1118 ἐὰν
656 1018 869 1135 ἐπαχθῇ
897 1079 1002 1127 σοι,
1031 1060 1204 1127 δέξαι,
1230 1059 1327 1113 καὶ
1355 1059 1415 1113 ἐν
1432 1057 1776 1128 ἀλαλάγματι

206 1155 595 1221 ταπεινώσεως
624 1173 718 1209 σου
756 1152 1203 1227 μακροθὺμησον,
1232 1153 1313 1206 ὅτι
1342 1150 1694 1222 δοκιμάζεται
1720 1151 1779 1203 ἐν

207 1252 342 1322 πυρὶ
365 1250 588 1322 χρυσὸς,
616 1253 709 1304 καὶ
743 1249 1019 1321 ἄνθρωποι
1038 1246 1221 1301 δεκτοὶ
1250 1246 1307 1300 ἐν
1339 1244 1557 1318 καμίνῳ
1587 1261 1776 1297 ταπει-

206 1358 446 1408 νωσεως.
486 1360 507 1395 ι

276 1516 636 1588 Κυϐερνήτου
664 1517 842 1589 χρεία,
889 1518 975 1570 ἵνα
1027 1516 1122 1571 καὶ
1163 1516 1222 1568 ἐν
1264 1514 1475 1586 γαλήνῃ
1508 1514 1603 1568 τοῦ
1662 1512 1776 1583 βίου

208 1612 431 1665 πάντων
477 1612 626 1683 αὑτῷ
656 1612 797 1666 κατὰ
824 1609 955 1683 ῥοῦν
991 1611 1314 1682 προϊόντων,
1350 1608 1451 1673 τάς
1477 1607 1778 1679 μεταϐολὰς

209 1703 523 1773 ἐκδέκηται,
556 1703 651 1757 καὶ
678 1703 752 1775 μὴ
783 1704 858 1767 ὡς
879 1703 1165 1768 ἀθανάτοις
1205 1700 1625 1772 ἐπαναπαὺηται
1666 1702 1779 1764 τοῖς

210 1796 473 1869 παροῦσι,
505 1797 599 1851 καὶ
643 1798 700 1851 ἐν
725 1800 845 1860 ταῖς
886 1796 1369 1867 σκυθρωποτέραις
1411 1794 1778 1849 καταστάσεσι

1877 600 1993 639 ram
2027 584 2158 640 Deo.
2205 581 2378 637 llomo
2424 579 2567 635 enim
2600 577 2822 649 sapiens
2849 576 2905 632 in
2946 577 3206 634 omnibus
3233 593 3447 633 revere-

1876 677 2044 732 bitur.
2078 696 2097 729 ι
2440 740 2443 743 Α

1954 771 2118 826 Eccli.
2157 787 2252 836 xu,
2296 771 2349 826 9.
2376 801 2443 809 —
2483 785 2501 818 ‹
2546 762 2603 818 1η
2632 760 2793 817 bonis
2838 761 2942 817 viri
2989 761 3201 817 inimici
3232 761 3353 831 ejus
3390 760 3448 814 in

1877 880 2114 921 maerore
2141 873 2269 921 sunt
2308 882 2322 918 :
2365 872 2420 918 et
2446 862 2502 915 in
2544 855 2707 913 malis
2738 855 2931 927 ipsius,
2964 856 3175 911 amicus
3224 870 3446 925 quoque

1876 956 1998 1027 ejus
2033 958 2099 1014 ab
2128 973 2194 1015 eo
2223 966 2530 1026 separatur.
2571 971 2590 1007 ι

1948 1049 2117 1107 Eccli.
2151 1066 2208 1117 ιι,
2246 1051 2301 1117 4,
2336 1050 2387 1105 5.
2418 1082 2485 1090 -
2528 1069 2546 1103 ι
2578 1048 2757 1106 Omne
2799 1046 2947 1119 quod
2988 1043 3088 1100 tibi
3125 1042 3449 1113 applicitum

1879 1144 2067 1211 fuerit,
2097 1144 2306 1215 accipe,
2325 1152 2379 1199 et
2410 1145 2462 1198 in
2484 1146 2727 1199 clamore
2761 1138 3085 1196 humilitatis
3109 1144 3216 1193 tua:
3240 1135 3451 1205 patien-

1878 1237 2013 1292 tiam
2050 1235 2232 1291 habe:
2271 1238 2533 1308 quoniam
2587 1239 2642 1293 in
2694 1238 2820 1308 igne
2862 1232 3129 1305 probatur
3174 1243 3367 1283 aurum
3398 1235 3452 1280 et

1879 1330 2163 1394 argentum
2194 1341 2208 1391 ;
2245 1325 2496 1381 homines
2532 1341 2662 1381 vero
2717 1321 3075 1396 receptibiles
3122 1319 3179 1375 in
3234 1315 3451 1374 camino

1881 1417 2300 1473 humiliationis.
2341 1437 2359 1471 ι
2746 1456 2747 1459 η

1949 1507 2008 1563 S.
2048 1508 2222 1563 Basil.
2252 1510 2310 1563 in
2352 1509 2522 1576 princ.
2572 1508 2734 1564 Prov.
2771 1540 2837 1549 -—
2872 1507 3251 1561 Gubernatore
3311 1517 3452 1574 opus

1878 1611 1959 1655 est
1990 1601 2226 1666 homini,
2253 1611 2311 1656 ut
2343 1604 2397 1656 in
2438 1602 2754 1672 tranquillis
2805 1600 3037 1669 hujusce
3084 1598 3209 1652 vitae
3262 1595 3451 1660 rebus,

1879 1702 2044 1765 atque
2074 1695 2142 1747 ad
2172 1694 2345 1764 ipsius
2377 1694 2722 1749 voluntatem
2764 1691 3088 1756 fluentibus,
3120 1689 3452 1743 mutationes
3514 1726 3520 1741 .

1878 1796 2177 1856 exspectet,
2205 1801 2268 1842 ac
2292 1801 2399 1841 non
2431 1785 2814 1856 praesentibus,
2856 1791 3117 1853 tanquam
3149 1781 3194 1835 si
3225 1780 3452 1835 immor-

213 1861 305 1959 μὴ⁷
334 1887 613 1958 ἀπελπίζῃ
667 1886 881 1954 ἑαυτὸν,
916 1861 1051 1960 μηδέ
1096 1891 1163 1960 τῇ
1215 1861 1581 1959 περισσοτέρᾳ.
1632 1885 1776 1957 λὺπῃ
1809 1861 1851 1915 Β

1881 1878 2019 1932 tales
2059 1886 2266 1942 essent,
2315 1878 2671 1958 acquiescat;
2703 1891 2805 1931 nec
2857 1889 3057 1929 rursus
3102 1873 3159 1927 in
3201 1870 3453 1926 adversis

209 1979 547 2043 καταποθεὶς
600 1980 933 2053 ὑποϐρύχιος
986 1981 1245 2053 φέρηται.
1278 1980 1415 2034 Οὑτε
1463 1978 1568 2052 γὰρ
1620 1978 1778 2046 ὑγεία

210 2068 489 2141 σώματος,
534 2069 657 2125 οὑτε
685 2074 933 2145 νεότητος
962 2072 1139 2139 ἄνθος,
1172 2070 1295 2126 οὑτε
1327 2072 1582 2143 εὑθήνεια
1608 2071 1776 2136 οἴκου,

211 2164 309 2234 οὑχ
350 2166 383 2234 ή
423 2164 583 2235 λοιπὴ
621 2163 716 2218 τοῦ
758 2164 873 2236 βίου
940 2166 1208 2238 εὑημερία
1244 2165 1474 2219 ἐπιπολὺ
1514 2163 1775 2235 διαμένει.

226 2257 365 2310 Ἀλλ’
400 2259 461 2311 ἐν
483 2259 548 2328 τῇ
573 2258 722 2330 εὑδίᾳ
752 2259 925 2331 ταύτῃ
980 2258 1073 2313 τοῦ
1103 2259 1219 2329 βίου
1269 2258 1491 2330 ἐκδέχου
1522 2257 1650 2311 ποτέ
1688 2258 1781 2311 καὶ

211 2350 463 2420 χειμῶνα
491 2352 852 2424 πραγμάτων.
881 2352 1037 2417 ’Ἥξει
1058 2353 1164 2424 γὰρ
1193 2352 1369 2419 νόσος,
1411 2353 1506 2405 καὶ
1531 2351 1651 2423 ἥξει
1680 2369 1782 2405 πε-

211 2439 319 2506 νία,
351 2441 454 2495 οὑκ
482 2442 569 2496 ἀεὶ
599 2444 740 2498 κατά
768 2443 1022 2515 πρύμναν
1055 2442 1345 2514 ἱσταμένου
1389 2441 1483 2496 τοῦ
1535 2442 1780 2514 πνεύμα-

211 2547 323 2598 τος,
354 2534 494 2587 ἀλλά
549 2536 642 2588 καὶ
682 2535 776 2590 τὸν
806 2536 1178 2607 ὑπέρϐλεπτον
1232 2538 1289 2589 ἐν
1340 2536 1494 2599 πᾶσι,
1545 2534 1782 2607 ζηλωτὸν

214 2624 469 2696 ἀδόκητοι
505 2628 766 2692 πολλάκις
793 2628 997 2695 ἀδοξίαι
1019 2629 1517 2701 καταλαμϐάνουσι,
1549 2628 1644 2683 καὶ
1676 2630 1780 2683 πᾶ-

217 2732 315 2769 σαν
347 2717 649 2790 εὑημερέαν
686 2720 836 2790 βίου,
879 2715 990 2774 οἷον
1038 2721 1293 2784 σπιλάδες
1335 2720 1478 2784 τινές
1524 2722 1784 2793 περιστά-

220 2823 368 2860 σεσιν
408 2808 729 2882 ἀϐουλήτοις
764 2812 1154 2883 συνετάραξαν.
1204 2812 1317 2866 Καὶ
1378 2812 1628 2883 συνέχεια
1674 2813 1783 2866 τῶν

218 2900 402 2953 κακῶν
422 2903 611 2974 ὥσπερ
645 2904 864 2975 κύματά
890 2906 1058 2973 ἐστιν,
1089 2905 1224 2960 ἄλλα
1246 2906 1331 2958 ἐπ’
1361 2905 1541 2968 ἄλλοις
1569 2906 1783 2975 ἐπειγό-

220 3007 378 3058 μενα,
430 2992 767 3062 τραχύνοντα
833 3011 927 3047 σου
956 2994 1047 3047 τὸν
1103 2995 1238 3066 βίον,
1274 2996 1370 3049 καὶ
1419 2996 1782 3066 περιϊστῶντα

218 3079 448 3152 φοϐερόν
490 3099 571 3136 σοι
614 3083 715 3154 τῆς
763 3084 909 3156 ζωῆς
940 3084 1032 3139 τὸν
1058 3082 1323 3147 κλυδῶνα,
1358 3083 1471 3136 ἀλλ’
1496 3082 1615 3153 ὄψει
1652 3083 1782 3136 ποτὲ

218 3173 311 3225 καὶ
333 3172 523 3227 τοῦτον
550 3174 977 3247 παραδραμόντα
1017 3175 1152 3247 πρὸς
1185 3175 1495 3247 ἱλαρότητα,
1523 3176 1617 3229 καὶ
1658 3175 1781 3228 λευ-
1807 3210 1851 3270 c

220 3264 320 3335 κὴν
344 3265 517 3327 ὅντως
545 3268 625 3329 εἰς
652 3267 897 3336 γαλήνην
933 3267 1024 3320 τὸν
1064 3267 1178 3331 βίον
1217 3267 1643 3333 μεταϐληθέντα.
1678 3261 1779 3318 Οὗ-

218 3369 307 3415 τος
330 3349 427 3405 οὖν
458 3356 604 3403 ἐστιν
632 3353 660 3403 ὁ
688 3351 780 3421 νοή
791 3368 907 3421 μων
927 3351 1288 3424 κυϐερνήτης,
1330 3356 1358 3405 ὁ
1389 3354 1782 3425 στοχαζόμενος

219 3443 318 3511 τῆς
347 3442 718 3513 ὑποκειμένης
738 3442 974 3511 φύσεως,
1015 3443 1530 3514 μεταχειριζόμενος
1555 3445 1621 3498 τὰ
1643 3464 1783 3516 συμ·

222 3533 510 3598 πίπτοντα,
543 3534 638 3585 καὶ
656 3534 848 3602 ὅμοιος
872 3533 1049 3604 ἐαυτῷ
1083 3534 1373 3604 διαμένων,
1402 3537 1538 3606 μήτε
1562 3538 1784 3608 ἐπαιρό-

225 3642 381 3694 μενος
413 3626 472 3680 ἐν
503 3628 622 3690 ταῖς
651 3626 961 3699 εὐθυμίαις,
1003 3629 1141 3699 μήτε
1183 3629 1540 3685 καταπίπτων
1577 3633 1634 3685 ἐν
1663 3634 1784 3695 ταῖς

224 3718 548 3788 συμφοραῖς.

289 3900 486 3963 Νόσον,
527 3902 620 3957 καὶ
649 3903 859 3970 πενίαν,
894 3904 986 3957 καὶ
1012 3905 1247 3971 ἀδοξίαν,
1280 3908 1371 3961 καὶ
1415 3908 1662 3975 θάνατον,
1694 3914 1785 3964 καὶ

220 3992 320 4044 ὅσα
348 3991 567 4063 λυπηρά
595 3996 706 4058 τοῖς
734 3995 1062 4068 ἀνθρώποις,
1108 3997 1260 4053 οὑπω
1290 4002 1349 4053 ἐν
1377 4005 1443 4072 τῇ
1470 4003 1633 4074 μοίρᾳ
1676 4004 1786 4058 τῶν

223 4081 413 4135 κακῶν
441 4084 891 4154 καταλογίζεσθαι
919 4088 1090 4153 ἀξιον,
1122 4090 1212 4144 διὰ
1244 4092 1305 4144 τὸ
1353 4094 1487 4162 μηδὲ
1530 4094 1597 4147 τὰ
1635 4096 1783 4148 ἀντι-

223 4176 464 4244 κείμενα
491 4176 703 4241 τούτοις
752 4181 809 4232 ἐν
864 4183 976 4243 τοῖς
1016 4181 1292 4252 μεγίστοις
1321 4184 1471 4254 ἡμᾶς
1500 4185 1608 4238 τῶν
1650 4187 1783 4254 ἀγα-

223 4266 333 4320 θῶν
358 4269 632 4339 ἀριθμεῖν,
664 4270 739 4335 ὡς
767 4271 835 4325 τά
871 4273 968 4343 μὲν
993 4276 1055 4327 ἐκ
1088 4274 1301 4342 φύσεώς
1331 4277 1467 4341 ἐστι,
1497 4278 1566 4331 τά
1601 4277 1657 4330 δὲ
1696 4280 1787 4332 καὶ

224 4362 609 4434 συμφερόντως
635 4364 848 4428 πολλοῖς
873 4366 1262 4438 ἀπαντήσαντα
1286 4370 1552 4437 φαίνεται.

1880 1970 2214 2041 despondeat
2242 1971 2513 2036 animum,
2548 1970 2833 2040 nimiaque
2880 1967 3176 2036 absorptus
3231 1964 3451 2019 tristitia

1881 2075 2213 2135 pessumeat.
2272 2063 2381 2119 Nec
2427 2064 2573 2118 enim
2624 2060 2878 2132 corporis
2913 2061 3145 2122 sanitas,
3198 2073 3301 2114 nec
3353 2055 3454 2113 flos

1876 2157 2135 2228 juvenilis
2189 2158 2389 2225 aetatis,
2437 2172 2537 2213 nec
2571 2155 2769 2211 domus
2816 2169 2950 2225 opes
3009 2161 3062 2207 et
3108 2152 3302 2222 copiae,
3354 2166 3454 2205 nec

1880 2251 2117 2322 denique
2146 2250 2358 2322 reliqua
2393 2250 2515 2306 vitte
2544 2248 2777 2306 felicitas
2806 2248 3065 2304 diuturna
3100 2255 3209 2304 est.
3246 2244 3454 2301 Verum

1880 2342 1935 2397 in
1969 2342 2193 2412 hujusce
2231 2344 2354 2397 vita:
2381 2342 2675 2397 serenitate
2724 2355 2904 2395 rerum
2954 2339 3184 2394 hiemem
3227 2345 3282 2393 et
3317 2346 3455 2393 tem-

1881 2440 2146 2503 pestatem
2198 2432 2534 2503 praastolare.
2599 2431 2789 2487 Veniet
2848 2431 3157 2503 siquidem,
3208 2430 3452 2497 morbus,

1881 2524 2061 2580 veniet
2090 2532 2144 2581 et
2178 2535 2497 2595 paupertas,
2526 2531 2689 2580 vento
2719 2524 2867 2579 haud
2895 2538 3110 2593 semper
3135 2522 3203 2577 ad
3230 2522 3453 2592 puppim

1883 2620 2145 2675 instante.
2208 2618 2352 2685 Quin
2405 2619 2671 2674 illustrem
2707 2632 2930 2689 quoque
2986 2616 3041 2671 in
3105 2614 3362 2670 omnibus
3401 2622 3455 2669 et

1883 2712 2297 2783 suspiciendum
2323 2711 2598 2766 hominem
2632 2711 2928 2780 inopinatae
2954 2723 3197 2780 persaepe
3221 2706 3455 2778 ignomi-

1884 2805 1988 2859 nise
2016 2814 2309 2875 occupant,
2349 2816 2402 2860 et
2431 2819 2651 2859 omnem
2691 2804 2816 2858 vitae
2844 2801 3163 2858 felicitatem
3198 2815 3297 2855 ceu
3330 2816 3455 2854 sco-

1885 2891 1996 2962 puli
2048 2893 2307 2962 quidam,
2360 2908 2458 2963 per
2519 2892 2827 2963 insperatas
2889 2907 3070 2947 rerum
3126 2891 3452 2947 acerbitates

1885 2984 2301 3039 conturbaruut.
2334 2984 2512 3055 Atque
2565 2985 2829 3059 continua
2864 2984 3240 3039 calamitatum
3278 2984 3451 3040 series

1886 3076 2121 3147 speciem
2159 3076 2453 3145 quamdam
2481 3074 2748 3132 ﬂuctuum
2793 3074 3057 3143 referunt,
3089 3084 3147 3130 ut
3178 3092 3297 3146 qua:
3334 3076 3452 3129 alite

1886 3183 2050 3238 super
2095 3167 2232 3223 alias
2279 3166 2552 3233 cieantur,
2581 3175 2861 3238 totamque
2889 3169 3055 3223 vitam
3098 3177 3449 3238 exasperent.

1886 3267 1941 3311 et
1978 3260 2303 3313 horrendam
2332 3261 2428 3314 tibi
2456 3263 2746 3330 procellam
2776 3271 3083 3317 accersant.
3114 3262 3255 3328 Quin
3288 3264 3449 3316 etiam

1886 3349 2101 3405 videbis
2133 3352 2463 3420 quandoque
2497 3352 2609 3406 haec
2648 3353 2702 3406 in
2736 3352 3070 3409 hilaritatem
3100 3355 3363 3421 transire,
3399 3363 3454 3411 et

1888 3439 1943 3493 in
1976 3456 2226 3495 serenam
2278 3457 2469 3497 revera
2508 3441 2963 3512 tranquillitatem
3006 3443 3171 3500 vitam
3225 3448 3448 3501 mutari.

1888 3535 2154 3601 Quocirca
2191 3536 2237 3589 is
2269 3536 2512 3605 prudens
2545 3544 2875 3603 gubernator
2908 3537 2999 3604 sit,
3024 3538 3117 3607 qui
3146 3538 3450 3608 subjectam

1888 3639 2139 3683 naturam
2192 3632 2438 3699 apprime
2483 3644 2841 3700 cognoscens,
2878 3630 3021 3685 hanc
3055 3632 3193 3686 scite
3232 3639 3449 3696 tractet,

1886 3732 1941 3779 et
1964 3726 2047 3780 sui
2083 3740 2298 3796 semper
2339 3726 2535 3780 similis
2567 3736 2842 3796 perstans,
2866 3741 2970 3782 nec
2996 3726 3256 3782 secundis
3287 3727 3452 3783 rebus

1869 3808 2184 3885 lattollatur,
2222 3834 2323 3875 nec
2359 3821 2412 3874 in
2454 3820 2856 3875 calamitatibus
2892 3820 3148 3875 concidat

1957 3911 2149 3980 Ejusd.
2181 3944 2248 3953 ——
2278 3912 2516 3982 AEquum
2575 3913 2799 3967 minime
2850 3910 3035 3976 fuerit,
3094 3912 3348 3968 morbum
3399 3923 3454 3968 et

1888 4014 2204 4077 egestatem,
2230 4007 2489 4076 probrum
2518 4014 2574 4061 et
2600 4015 2857 4071 mortem,
2889 4015 2945 4063 et
2965 4022 3304 4077 quaecunque
3334 4021 3453 4059 mo-

1888 4099 2022 4153 lesta
2066 4099 2384 4154 hominibus
2439 4098 2719 4164 accidunt,
2775 4099 2830 4154 in
2893 4099 3167 4155 malorum
3223 4113 3453 4153 numero

1888 4192 2179 4262 collocare,
2218 4192 2441 4264 quando
2473 4208 2574 4248 nec
2612 4207 2676 4248 ea
2715 4208 2837 4263 quae
2871 4208 2996 4248 cum
3048 4194 3134 4249 his
3186 4202 3453 4263 pugnant,

1889 4283 2046 4354 505
2080 4285 2221 4340 inter
2252 4300 2466 4339 summa
2497 4286 2642 4341 bona
2678 4300 3057 4342 numeramus.
3118 4284 3338 4340 Etenim
3390 4300 3454 4340 ea

1890 4377 2087 4447 partim
2122 4393 2153 4431 a
2191 4387 2383 4432 natura
2422 4384 2670 4443 manant,
2706 4378 2931 4448 partim,
2974 4385 3035 4432 ut
3083 4393 3311 4435 cernere
3343 4387 3450 4443 est,

1890 4467 1956 4522 ad
1996 4468 2285 4524 utilitatem
2319 4469 2608 4539 permultis
2644 4468 2926 4525 accidunt.

293 4559 442 4613 Ἀνω
478 4558 743 4632 νεὺωμεν,
804 4562 1065 4631 ἀδελφοί⁶
1117 4563 1177 4617 ἐν
1229 4567 1395 4619 παντὶ
1460 4568 1638 4638 καιρῷ
1693 4570 1787 4623 καὶ
1818 4594 1851 4649 Π

1960 4559 2017 4614 8.
2057 4558 2212 4631 Creg.
2256 4560 2398 4615 Naz.
2450 4569 2593 4617 orat.
2638 4560 2708 4615 ad
2756 4561 2890 4615 cives
2936 4557 3332 4615 Nazianzenos.
3387 4593 3457 4603 ——

222 4653 540 4724 περιστάσει
569 4654 717 4725 πάσῃ
749 4654 1181 4725 προϐαλλώμεθα
1225 4656 1326 4727 τὴν
1373 4658 1540 4729 καλήν
1569 4659 1781 4726 ἐλπίδα,

224 4748 361 4818 μήτε
412 4747 468 4800 ἐν
498 4749 619 4809 ταῖς
666 4745 982 4817 ἐπιθυμίαις
1021 4747 1412 4819 ἀποϐάλλωμεν
1450 4751 1540 4805 τὸν
1597 4754 1780 4823 φόϐον,

224 4838 363 4907 μήτε
390 4838 446 4890 ἐν
473 4838 586 4899 τοῖς
607 4836 868 4908 λυπηροῖς
898 4838 958 4891 τὸ
983 4836 1191 4891 εὑελπι.
1222 4840 1565 4911 Μνησθῶμεν
1599 4844 1694 4897 καὶ
1725 4846 1783 4898 ἐν

220 4928 372 4998 εὑδίᾳ.
419 4928 519 4998 τῆς
579 4927 769 4998 ζάλης,
800 4930 891 4982 καὶ
937 4932 997 4982 ἐν
1026 4933 1376 5002 χειμῶνιτοῦ
1426 4934 1780 5006 κυϐερνήτου.

230 5021 395 5074 Ἀλλά
434 5024 509 5091 μὴ
538 5023 659 5084 ταῖς
702 5020 943 5091 θλίψεσιν
973 5024 1397 5095 ἐκκακήσωμεν,
1443 5030 1578 5099 μηδὲ
1612 5032 1782 5097 γενὼ·

221 5113 363 5184 μεθα
392 5113 566 5166 δοῦλοι
595 5114 774 5170 κακοί.
838 5116 1183 5183 Ἀγαθὺνοντι
1226 5120 1324 5187 μὲν
1367 5119 1785 5195 ἐξομολογούμε-

219 5222 298 5257 νοι
331 5204 409 5275 τῷ
438 5204 706 5276 Δεσπότῃ,
761 5204 1066 5260 παιδεύοντι
1117 5207 1173 5259 δὲ
1219 5208 1293 5280 μὴ
1330 5214 1778 5284 προστιθέμενοι·

219 5296 399 5351 καίτοι
423 5295 555 5350 ποτε
596 5296 868 5367 κρείσσων
912 5298 1102 5366 ὑγείας
1133 5300 1307 5364 νόσος,
1348 5305 1442 5356 καὶ
1477 5305 1783 5377 ὑπόμνησις

219 5388 458 5452 ἀνέσεως
483 5428 499 5454 ,
538 5389 633 5444 καὶ
689 5390 979 5459 ἐπίσκεψις
1031 5392 1310 5462 ἀμελείας,
1347 5396 1439 5449 καὶ
1482 5399 1782 5474 ἐπιστροφή

222 5484 643 5554 συγχωρήσεως.
681 5485 834 5553 Μήτε
872 5485 963 5537 διὰ
1001 5486 1098 5549 τὰς
1144 5490 1429 5560 συμφορὰς
1470 5493 1778 5565 πίπτωμεν,

224 5573 363 5644 μήτε
388 5572 477 5627 διὰ
502 5574 593 5628 τὸν
618 5573 778 5644 κόρον
808 5575 1135 5647 ὑϐρίζωμεν.

296 5837 445 5909 Μήτε
472 5838 657 5907 ὑγείαν
689 5843 865 5897 πᾶσαν
890 5842 1275 5917 θαυμάζωμεν,
1311 5849 1445 5918 μήτε
1486 5849 1633 5904 νόσον
1666 5851 1780 5905 δικ-

1889 4654 2122 4709 Sursum
2156 4656 2471 4710 attollamus
2507 4655 2722 4721 oculos,
2760 4653 2988 4720 fratres;
3024 4655 3076 4708 in
3122 4655 3272 4709 omni
3320 4663 3456 4710 tem-

1884 4762 2019 4818 pore
2047 4754 2103 4802 et
2131 4747 2188 4802 in
2218 4748 2366 4802 omni
2394 4762 2579 4802 rerum
2603 4754 2753 4803 statu
2780 4747 2982 4801 bonam
3012 4760 3165 4816 spem
3197 4746 3454 4816 praefera-

1887 4853 2023 4894 mus.
2062 4837 2154 4892 Sic
2208 4853 2308 4893 nos
2368 4852 2789 4908 comparemus,
2837 4844 2897 4893 ut
2929 4850 3031 4892 nec
3062 4837 3119 4891 in
3157 4838 3323 4893 rebus
3367 4854 3454 4893 se-

1885 4932 2079 4987 cundis
2110 4941 2338 4995 metum,
2372 4946 2473 4987 nec
2503 4934 2559 4987 in
2594 4931 2841 4988 adversis
2896 4948 3047 5003 spem
3102 4930 3456 5001 abjiciamus.

1887 5025 2156 5081 Memores
2184 5027 2381 5089 simus,
2413 5036 2527 5081 tum
2562 5025 2901 5096 tempestatis
2931 5025 2987 5081 in
3021 5024 3451 5095 tranquillitate,

1886 5130 1996 5172 tum
2026 5116 2410 5187 gubernatoris
2444 5117 2497 5171 in
2524 5125 2863 5187 tempestate.
2898 5117 2976 5172 Ac
3010 5132 3122 5172 non
3147 5117 3200 5171 in
3224 5116 3455 5170 calami-

1884 5205 2089 5260 tatibus
2123 5203 2467 5275 frangamur,
2502 5219 2603 5260 nec
2635 5220 2827 5262 servos
2855 5206 3030 5261 malos
3072 5220 3176 5260 nos
3209 5204 3452 5273 praebea-

1889 5311 2037 5360 mus;
2072 5295 2209 5350 bene
2259 5295 2327 5350 de
2358 5297 2517 5351 nobis
2570 5296 2802 5352 merenti
2834 5294 3067 5351 Domino
3097 5296 3457 5359 confitentes.

1883 5403 2007 5443 cum
2028 5405 2155 5444 vero
2172 5389 2237 5443 ab
2261 5389 2380 5458 ipso
2401 5390 2759 5459 castigamur,
2781 5389 3099 5445 recedentes
3128 5408 3141 5443 ε
3168 5390 3292 5443 licet
3316 5404 3457 5459 prte-

1885 5481 2136 5536 stabilior
2170 5482 2468 5552 aliquando
2502 5483 2736 5537 sanitate
2761 5481 3457 5545 sitmorbus,submonitio

1886 5575 2233 5641 remissione,
2274 5575 2487 5630 incuria
2528 5575 2790 5639 visitatio,
2840 5583 2895 5629 et
2929 5574 3337 5629 animadversio
3365 5590 3452 5627 ve—

1886 5666 1993 5718 nia.
2031 5664 2140 5720 Nec
2189 5673 2407 5735 propter
2452 5666 2792 5721 calamitates
2832 5666 3032 5720 animis
3070 5667 3449 5727 concidamus,

1886 5770 1983 5809 nec
2015 5765 2235 5825 propter
2258 5758 2597 5815 saturitatem
2629 5756 2925 5811 insolrntcs
2954 5771 3055 5811 nes
3093 5756 3449 5825 praebeamus.

1958 5846 2147 5917 Ejusd.
2181 5880 2247 5892 ε-
2284 5847 2638 5920 Nequaquam
2674 5849 2960 5905 sanitatem
3011 5864 3225 5905 omnem
3274 5864 3431 5918 snspt
