4206 6442
242 438 368 502 1529

1411 447 1643 507 SACRA
1681 446 2117 508 PARALLELA

3325 444 3458 508 1530

236 558 573 625 πράγμασιν
628 557 763 610 ἀλλὰ
801 560 921 627 τότε
957 561 1051 613 καὶ
1108 562 1276 615 πλέον·
1311 566 1653 638 εὐχαριστεῖν
1685 568 1782 629 δτῖ,
1814 570 1863 628 Α

1814 570 1863 628 Α
1890 567 2045 624 [estis
2077 566 2377 623 conticere.
2412 568 2524 622 lino
2555 580 2687 622 vero
2726 576 2840 620 tum
2893 564 3187 636 ampliores
3236 581 3456 635 quoque

232 649 452 713 εἰδότας,
478 650 560 701 ὃτι
590 650 662 702 ὃν
686 650 888 720 ἀγαπᾷ
917 654 1149 722 Κύριος,
1189 657 1475 725 παιδεύει,
1506 662 1793 730 μαστιγοῖ

1789 663 1793 669 ’
1890 662 2096 732 gratias
2125 676 2287 731 agere
2318 661 2604 726 debemus,
2642 659 2775 715 illud
2799 661 3143 730 exploratum
3168 657 3451 720 habentes,

229 737 295 791 δὲ
310 737 507 793 πάντα
531 741 685 805 υἱὸν,
717 741 790 796 ὃν
824 744 1240 815 παραδέχεται.

297 916 477 987 Τάφος
508 920 805 987 διαδέξεται
828 923 888 977 τὸ
924 925 1024 997 τῆς
1047 925 1204 997 δόξης
1231 926 1402 992 τέλος.

293 1102 501 1176 Ὠσπερ
524 1109 902 1180 ἀπειροκάλων
927 1111 988 1164 τὸ
1018 1111 1137 1166 λίαν
1172 1114 1491 1184 ἐπαίρεσθαι
1530 1118 1648 1180 ταῖς
1685 1118 1776 1170 εὑ-

222 1198 598 1267 σπλαγχνίαις,
639 1201 813 1266 οὕτως
862 1204 1140 1275 ἀνάνδρων
1182 1206 1243 1259 τὸ
1287 1210 1692 1281 καταπτήσσειν
1720 1213 1777 1264 ὲν

220 1292 328 1353 τοῖς
360 1291 716 1363 πταίσμασιν.
765 1295 940 1362 Ὀξεῖα
978 1296 1088 1367 γὰρ
1118 1298 1176 1351 ὲν
1206 1299 1538 1371 ἀμφοτέροις
1572 1304 1606 1373 ή
1638 1320 1777 1373 μετα

221 1384 369 1457 ϐολὴ.

287 1478 555 1550 Καθάπερ
590 1480 720 1535 ἴδιόν
747 1482 862 1536 ἐστι
893 1482 984 1537 τοῦ
1012 1484 1186 1554 φωτὸς
1205 1488 1268 1540 τδ
1293 1488 1568 1557 φωτίζειν,
1603 1488 1775 1554 οὕτως
1862 1538 1865 1542 .

220 1570 346 1623 [διον
372 1571 512 1625 Θεοῦ
549 1573 611 1626 τὸ
662 1574 832 1629 ἐλεεῖν
882 1578 977 1629 καὶ
999 1578 1292 1651 οἰκτείρειν
1320 1582 1388 1634 τά
1422 1584 1597 1635 οἰκεῖα
1622 1584 1777 1654 ποιή-

219 1679 382 1731 ματα.
454 1664 758 1736 Ἔλεήμων
807 1669 916 1739 γάρ
962 1670 1063 1725 καὶ
1106 1673 1418 1741 οἰκτίρμων
1461 1676 1493 1726 ό
1538 1675 1772 1741 Κύριος,

216 1754 356 1808 κατὰ
404 1757 509 1828 τὴν
556 1760 741 1829 φωνὴν
787 1761 971 1816 Δαϐίδ.
1028 1764 1179 1833 Μήτε
1211 1760 1303 1819 οὖν
1329 1764 1601 1837 άπογνῷς,
1638 1768 1772 1839 μήτε

215 1854 658 1926 καταφρονήσῃς.

282 2030 509 2087 Πάντων
542 2052 636 2088 σου
659 2036 768 2090 τῶν
797 2042 1141 2111 πραγμάτων
1166 2046 1658 2117 κατευοδουμένων,
1686 2050 1775 2104 ἐκ·

211 2119 365 2193 δέχου
395 2126 722 2200 μεταϐολήν.
749 2131 858 2185 Καὶ
886 2133 1047 2187 πάλιν
1066 2135 1170 2189 ὑπὸ
1190 2136 1609 2210 ἀπροσδοκήτων
1638 2159 1773 2213 συμ-

210 2215 392 2286 φορῶν
429 2218 817 2292 κυκλούμενος,
867 2224 1139 2295 φαντάζου
1192 2229 1262 2282 τά
1295 2230 1536 2299 χρηστὰ,
1576 2234 1669 2286 καὶ
1704 2233 1772 2286 τά

209 2307 518 2375 κρείττονα.
587 2348 593 2352 -

276 2400 351 2451 Οὐ
385 2400 496 2472 χρὴ
551 2402 839 2475 δυσφορεῖν
880 2406 973 2459 ἐπὶ
1018 2410 1131 2471 τοῖς
1175 2408 1582 2479 συμϐαίνουσιν,
1634 2412 1770 2467 άλλά

207 2490 406 2559 μᾶλλον
420 2494 711 2566 ἐπιθυμεῖν
736 2498 829 2551 ἐπὶ
846 2502 968 2563 ταῖς
992 2500 1212 2565 πολλαῖς
1234 2503 1465 2573 θλίψεσι.
1488 2504 1585 2558 Διά
1611 2505 1769 2559 τοῦτο

204 2585 332 2653 γὰρ,
369 2587 559 2655 φησιν,
594 2588 791 2660 ἐθλιψά
840 2609 899 2645 σε
948 2593 1043 2646 καὶ
1092 2594 1500 2666 ὲλιμαγχόνησά
1549 2614 1631 2662 σε,
1681 2598 1768 2651 ἵνα

202 2676 493 2749 ψωμισθῇς
521 2679 582 2733 τὺ
614 2680 788 2751 μάννα
831 2684 932 2755 τῆς
954 2686 1230 2754 γνώσεως,
1272 2689 1365 2742 καὶ
1409 2689 1494 2743 ἐπ’
1524 2690 1767 2761 ἐσχάτων

201 2762 260 2821 εὖ
293 2785 354 2821 σε
389 2772 627 2843 ποιήσω.

276 2860 336 2914 '0
357 2861 470 2916 τῶν
485 2864 792 2938 ἀνθρώπων
817 2868 933 2940 βίος
950 2872 1302 2943 ὁμοιούμενος
1324 2874 1570 2943 πελάγει,
1596 2894 1763 2947 κυμα-

198 2951 389 3019 τὼσεις
419 2957 517 3009 καὶ
553 2960 792 3030 στροφὰς
841 2965 1105 3029 παντοίας
1136 2967 1507 3038 προσδέχεται,
1536 2971 1677 3023 κατά
1702 2987 1762 3023 τε

198 3046 503 3119 εὐπραγίας
534 3052 631 3104 καὶ
657 3054 1059 3125 κακοπραγίας.
1082 3058 1322 3130 ἰδρυται
1345 3063 1454 3130 γάρ
1481 3062 1632 3116 οὐδὲν
1652 3065 1761 3120 τῶν

206 3140 467 3209 γηγενῶν,
500 3142 638 3198 ἀλλὰ
664 3142 768 3199 ὦδε
797 3148 1022 3203 κάκεῖσε
1048 3150 1365 3223 διαφέρεται
1386 3196 1400 3217 ,
1435 3152 1521 3208 οἶα
1552 3156 1759 3226 σκάφος

196 3231 525 3290 θαλαττεῦον
552 3237 648 3291 ὑπ’
680 3240 940 3297 ἐναντίων
960 3244 1320 3315 πραγμάτων.

196 3413 237 3466 Τ
241 3414 377 3489 ΙΤΛ.
408 3413 514 3489 ηδ’.
532 3417 756 3489 -ξ-Περὶ
782 3419 1070 3489 εὐθηνίας
1090 3422 1189 3474 καὶ
1213 3424 1525 3489 εὐπορίαςο
1557 3426 1653 3479 καὶ
1679 3426 1767 3481 ὅτι

258 3484 491 3609 ἓιὲέἴῖς
519 3484 828 3556 εὐπορίαις
865 3488 1031 3558 φιλεῖ
1078 3491 1151 3545 τὰ
1193 3484 1581 3563 ἀμαρὲήμὰτα
1604 3497 1767 3565 τίνε-

267 3685 288 3718 ι
325 3666 578 3736 Ἐφαγεν
625 3667 842 3735 Ἰακὼϐ,
875 3672 971 3725 καὶ
1000 3673 1329 3748 ἐνεπλήσθη,
1354 3679 1448 3733 καὶ
1471 3680 1763 3737 ἀπελάκτι-

198 3778 285 3814 σεν
308 3762 338 3814 ὀ
364 3761 748 3833 ὴγαπημένος.
790 3783 811 3816 ι

268 3870 291 3905 ι
328 3852 526 3921 Φαγὼν
560 3853 657 3906 καὶ
710 3856 1067 3928 ἐμπλησθεὶς,
1127 3862 1361 3935 πρόσεχε
1398 3868 1633 3938 σεαυτῷ,
1686 3871 1762 3941 μὴ

193 3943 426 4017 ίπιλάθῃ
455 3944 663 4017 Κυρίου
689 3947 784 4002 τοῦ
807 3950 943 4005 Θεοῦ
973 3970 1088 4009 σου.
1124 3973 1142 4006 ι

265 4147 283 4180 ι
312 4129 409 4201 Μὴ
460 4129 672 4200 φαγὼν,
713 4134 805 4186 καὶ
857 4136 1212 4207 ἐμπλησθεὶς,
1264 4141 1357 4194 καὶ
1382 4144 1557 4208 οἰκίας
1592 4148 1761 4213 καλάς

192 4221 575 4292 οἰκοδομήσας,
627 4226 722 4277 καὶ
771 4231 1106 4300 κατοικήσας
1159 4235 1217 4285 ὲν
1256 4235 1467 4302 αὑταῖς,
1524 4241 1760 4294 καὶτῶν

191 4312 480 4381 προϐάτων
518 4332 634 4377 σου,
672 4317 767 4370 καὶ
793 4320 902 4373 τῶν
921 4321 1060 4391 βοῶν
1084 4342 1181 4379 σου
1206 4327 1637 4398 πληθυνθέντων,
1663 4336 1758 4404 ἀρ-

192 4404 382 4497 γυρίου
413 4406 511 4497 και
549 4409 775 4479 χρυσίου
816 4411 1233 4481 πληθυνθέντων
1273 4435 1375 4485 σοι,
1423 4422 1497 4491 μὴ
1540 4424 1760 4497 ὑψωθῇς

188 4494 246 4546 ὲν
278 4496 347 4564 τῇ
381 4496 578 4568 καρδίᾳ
612 4513 726 4552 σου.
761 4517 779 4549 ι

1888 752 2032 823 quod
2067 764 2221 823 quem
2256 751 2395 806 Deus
2434 760 2603 816 amat,
2644 751 2782 805 hunc
2830 753 3074 823 castigat,
3122 760 3173 804 et
3218 750 3453 819 ﬂagellat

1884 862 2088 901 omnem
2107 846 2280 914 [ilium
2316 861 2467 916 quem
2493 846 2676 913 recipit
2711 842 2901 915 (Hebr.
2937 860 3035 908 χιι,
3067 844 3141 915 6).

1950 936 2007 993 S.
2031 935 2604 1009 Chrysost.—Gloriaa
2646 934 2808 990 linem
2840 932 3087 987 tumulus
3120 941 3453 1001 excepturus

1879 1036 2181 1187 estiosephi.
2216 1150 2284 1160 —
2312 1117 2786 1184 Quemadmodum
2826 1115 3136 1185 ineptorum
3164 1111 3446 1166 hominum

1876 1211 2144 1269 estrebus
2174 1211 2435 1283 praeclare
2462 1210 2635 1281 gestis
2662 1207 3009 1279 gloriari,sic
3042 1214 3097 1263 et
3128 1206 3446 1278 ignavorum

1876 1308 1961 1358 est
1987 1305 2188 1359 erratis
2219 1300 2590 1359 consternari.
2657 1299 2828 1356 Velox
2880 1299 3029 1355 enim
3077 1298 3135 1353 in
3199 1298 3449 1367 utrisque

1877 1396 2107 1455 mutatio
2135 1403 2241 1454 est.

1946 1488 2004 1544 S.
2033 1487 2173 1544 Nili.
2204 1520 2273 1531 —
2302 1486 2774 1556 Quemadmodum
2833 1483 2975 1539 lucis
3021 1480 3306 1553 proprium
3364 1488 3449 1535 est

1873 1580 2219 1651 splendorem
2272 1581 2467 1637 all’erre
2509 1600 2523 1636 :
2566 1581 2648 1637 sic
2695 1579 2858 1635 etiam
2910 1577 3029 1641 Dei,
3087 1575 3253 1630 rebus
3302 1589 3333 1627 a
3387 1590 3449 1628 se

1871 1674 2110 1728 conditis
2149 1673 2583 1740 misericordiam
2640 1671 2939 1741 impertire.
2986 1668 3119 1722 Nam
3148 1669 3446 1721 misericors

1869 1777 1919 1821 et
1949 1769 2227 1821 miserator
2248 1776 2326 1822 est
2351 1767 2625 1829 Dominus,
2662 1772 2723 1819 ut
2752 1763 2923 1819 David
2955 1761 3135 1832 inquit
3160 1759 3333 1831 (Psat.
3355 1775 3444 1820 cx,

1874 1861 1908 1914 4
1925 1864 1964 1930 ).
1992 1860 2360 1927 Quamobrem
2388 1860 2464 1914 ita
2488 1867 2543 1915 te
2565 1872 2845 1928 compara,
2864 1863 2923 1911 ut
2948 1870 3048 1910 nec
3065 1853 3449 1923 desperatione

1806 1932 1849 1987 Β
1878 1953 2165 2025 frangaris,
2205 1969 2308 2009 nec
2335 1954 2515 2023 ipsum
2541 1959 2885 2005 contemnas.

1945 2045 2081 2102 Cum
2115 2060 2207 2101 res
2236 2059 2427 2099 omnes
2452 2051 2560 2098 tua:
2582 2058 2649 2097 ex
2678 2039 2949 2096 sententia
2971 2045 3294 2100 succedunt,
3326 2051 3445 2089 mu-

1873 2141 2138 2195 tationem
2160 2146 2442 2209 exspecta.
2474 2137 2554 2193 Ac
2582 2132 2777 2190 rursus
2805 2149 2930 2188 eum
2965 2131 3268 2201 inopinatis
3300 2130 3443 2184 cala-

1871 2230 2154 2286 mitatibus
2207 2228 2452 2300 undique
2501 2225 2797 2291 obsideris,
2846 2222 3076 2279 meliora
3127 2230 3182 2278 et
3235 2220 3443 2276 leniora

1869 2325 2074 2393 cogita.

1937 2412 2019 2469 Ob
2046 2414 2307 2469 adversos
2337 2426 2523 2467 rerum
2561 2416 2791 2465 eventus
2824 2403 3159 2462 discruciari
3217 2401 3442 2458 minime

1867 2507 2146 2572 convenit,
2168 2519 2361 2561 verum
2387 2504 2445 2559 in
2473 2501 2661 2557 multis
2684 2498 3068 2556 aﬂlictionibus
3096 2497 3238 2552 bono
3260 2496 3440 2549 animo

1866 2615 2009 2656 esse.
2047 2598 2129 2655 0b
2187 2613 2310 2655 eam
2343 2599 2490 2653 enim
2524 2610 2751 2651 causam
2793 2593 2960 2648 atllixi
3012 2602 3084 2659 te,
3128 2590 3329 2661 inquit,
3386 2598 3441 2643 et

1864 2695 2009 2751 fame
2030 2693 2302 2765 oppressi,
2324 2701 2384 2747 ut
2401 2692 2649 2749 scientia:
2665 2705 2865 2746 manna
2888 2689 3103 2756 ederes,
3124 2702 3188 2743 ac
3204 2687 3438 2756 benigne

1865 2790 2084 2844 tandem
2116 2788 2216 2843 tibi
2246 2785 2507 2842 facerem.

1933 2879 2072 2937 Vitae
2096 2880 2383 2936 hominum
2429 2877 2605 2934 maris
2633 2875 2812 2933 instar
2837 2875 3037 2930 ﬂuctus
3088 2873 3433 2935 innumeros,

1862 2976 2179 3045 variasque,
2220 2983 2335 3029 tum
2363 2974 2420 3029 in
2459 2971 2763 3043 prosperis,
2800 2978 2915 3024 tum
2950 2969 3005 3021 in
3051 2964 3303 3021 adversis
3352 2979 3437 3019 re-

1860 3069 1964 3124 bus
1998 3069 2331 3123 mutationes
2372 3066 2636 3121 admittit.
2680 3063 2870 3134 Neque
2897 3062 3042 3117 enim
3089 3068 3435 3114 terrenarum

1861 3176 2042 3215 rerum
2073 3159 2376 3230 quidquam
2422 3158 2637 3212 ﬁrmum
2690 3165 2746 3211 et
2801 3153 2999 3210 stabile
3045 3160 3132 3207 est
3185 3168 3200 3206 :
3246 3163 3434 3203 verum

1789 3274 1832 3327 ρ
1864 3256 1974 3310 huc
2004 3262 2171 3324 atque
2222 3253 2354 3309 illuc
2399 3268 2502 3308 ceu
2540 3251 2701 3307 navis
2743 3249 2924 3305 ventis
2964 3245 3165 3303 validis
3210 3244 3433 3315 agitata,

1869 3344 2063 3399 fertur.

1866 3437 2000 3492 TIT.
2035 3435 2151 3491 XII.
2183 3468 2250 3477 -——
2276 3436 2353 3489 De
2393 3434 2723 3489 abundantia
2759 3443 2808 3488 et
2847 3434 3127 3501 fertilitate
3161 3450 3180 3487 :
3219 3444 3269 3487 et
3295 3450 3431 3504 quoa

2113 3522 2174 3562 eo
2202 3516 2430 3576 tempore
2458 3514 2673 3576 peccata
2703 3506 2913 3575 patrari
2940 3506 3163 3560 soleant.

1935 3688 2089 3745 Deut.
2123 3704 2295 3751 χχχιι,
2326 3688 2413 3743 15.
2446 3720 2511 3729 -
2542 3707 2561 3740 ι
2594 3687 2845 3743 Comedit
2868 3686 3058 3752 Jacob,
3086 3686 3433 3757 repletusque

1860 3790 1969 3848 est,
2006 3789 2062 3837 et
2092 3780 2463 3837 recalcitravit
2500 3779 2759 3835 dilectus.
2800 3800 2819 3832 ι

1936 3874 2088 3929 Deut.
2116 3890 2193 3939 νι,
2235 3875 2324 3928 12.
2350 3902 2421 3913 -
2455 3894 2473 3924 ι
2512 3875 2648 3929 Cum
2687 3874 2998 3928 comederis
3036 3882 3092 3928 et
3146 3880 3429 3927 saturatus

1862 3966 2068 4033 fueris,
2105 3966 2324 4023 attende
2373 3966 2498 4032 tibi,
2551 3982 2620 4022 ne
2669 3966 3018 4022 obliviscaris
3069 3964 3287 4021 Domini
3336 3965 3428 4019 Dei

1861 4058 1961 4113 tui.
1992 4076 2012 4111 ι

1932 4149 2084 4205 Deut.
2118 4165 2236 4215 νιιι,
2269 4149 2461 4206 12-14.
2494 4179 2563 4191 --
2606 4167 2626 4201 ι
2664 4147 2744 4205 Νε
2794 4164 2918 4205 cum
2976 4141 3288 4203 comederis
3311 4185 3328 4210 ,
3376 4154 3430 4199 et

1860 4247 2140 4293 saturatus
2170 4238 2361 4300 fueris.
2387 4249 2442 4294 et
2468 4238 2663 4292 domos
2704 4236 3082 4304 aediﬁcaveris,
3129 4243 3185 4291 et
3215 4235 3427 4290 habita~

1860 4332 2004 4386 veris
2029 4333 2085 4386 in
2118 4332 2220 4393 eis,
2252 4347 2486 4401 cumque
2526 4347 2655 4387 oves
2686 4340 2793 4386 tua:
2833 4339 2887 4385 et
2919 4331 3086 4385 boves
3119 4329 3196 4384 tui
3242 4328 3428 4382 multi-

1858 4422 2042 4492 plicati
2084 4421 2304 4488 fuerint,
2326 4431 2381 4475 et
2417 4422 2838 4490 multiplicatum
2882 4420 3048 4475 fuerit
3088 4419 3190 4473 tibi
3229 4434 3424 4473 aurum

1855 4523 1911 4567 et
1938 4519 2247 4583 argentum,
2278 4511 2559 4567 extollaris
2580 4512 2635 4565 in
2669 4512 2839 4566 corde
2867 4518 2984 4564 tuo.
3015 4529 3033 4562 ι

261 4603 281 4637 ι
321 4587 522 4680 1Ιιαγὼν
546 4590 642 4643 καὶ
667 4591 808 4645 πιὼν
836 4594 1069 4667 πρόσεχε
1106 4600 1351 4671 σεαυτῷ,
1399 4602 1473 4674 μὴ
1508 4602 1752 4679 πλανηθῇ
1786 4624 1831 4680 ι)

1789 4624 1831 4680 D
1931 4603 2085 4659 Prov.
2125 4620 2281 4669 χχιιι,
2319 4606 2370 4659 1.
2411 4634 2481 4644 -—
2516 4622 2534 4656 ι
2567 4604 2705 4659 Cum
2751 4603 3060 4658 comederis
3108 4610 3165 4657 et
3192 4602 3421 4666 biberis,

184 4677 442 4748 ήκαρδίᾳ
466 4695 581 4745 σου,
608 4680 685 4753 μὴ
716 4683 1004 4758 ἀπατηθῇς
1039 4689 1097 4741 ὲν
1117 4694 1383 4766 χορτασίᾳ
1414 4697 1642 4763 κοιλίας.
1676 4719 1695 4751 ι

259 4874 280 4907 ι
329 4857 804 4949 Ἔμεγαλύνθησαν
852 4866 947 4919 καὶ
977 4868 1334 4940 ἐπλούτησαν·
1366 4872 1751 4949 ὲλιπάνθησαν,

185 4947 619 5039 ὲστεατὼθησαν,
652 4954 747 5007 καὶ
774 4957 1093 5025 παρέϐησαν
1121 4959 1316 5027 λόγους
1345 4980 1448 5033 μου
1482 4967 1561 5029 εἰς
1586 4947 1752 5039 πονη-

186 5056 301 5107 ρον.
345 5057 363 5089 ι

256 5150 276 5183 ι
310 5129 483 5185 Τοῦτο
505 5134 764 5208 άνόμημα
788 5138 1057 5211 Σοδόμων,
1096 5143 1177 5197 ὅτι
1207 5146 1264 5199 ὲν
1291 5147 1636 5222 ὑπερηφανίᾳ
1658 5153 1750 5207 καὶ

182 5223 470 5296 πλησμονῇ
503 5226 702 5296 ἄρτων,
750 5231 845 5283 καὶ
902 5234 959 5287 ὲν
987 5235 1211 5309 εὐθηνίᾳ.
1261 5241 1403 5293 οῖνου
1433 5244 1749 5299 ὲσπατά).ων

181 5314 322 5383 αὕτη
349 5317 444 5369 καὶ
463 5319 521 5370 αἱ
550 5319 844 5392 θυγατέρες
868 5324 1055 5396 αὐτῆς,
1076 5329 1169 5380 καὶ
1193 5335 1370 5401 χειρὸς
1398 5337 1637 5406 πτωχοῦ,
1655 5339 1748 5390 καὶ

183 5407 414 5498 πένητος
442 5410 540 5463 οὐκ
566 5413 1048 5485 ἀντελαμϐάνοντο,
1083 5421 1177 5473 καὶ
1205 5424 1464 5495 ἐποίησαν
1491 5428 1746 5498 άνόμημα

182 5496 415 5553 ἐνώπιόν
447 5520 571 5570 μου.
610 5523 629 5557 ι

220 5678 233 5693 ‘
258 5606 279 5639 ι
311 5589 548 5695 Πρόσεχε
605 5594 683 5666 μὴ
729 5597 1137 5674 ἀποπλανηοῇς,
1196 5608 1287 5658 καὶ
1322 5611 1661 5681 ταπεινωθῇς
1690 5613 1746 5665 ἐν

182 5695 490 5754 ευφροσυνῃ
536 5702 651 5741 σου.
691 5708 708 5741 ο

255 5770 319 5822 Ai
346 5770 586 5842 εὐθηνίαι
642 5778 735 5833 τοῦ
789 5780 903 5851 βίου
948 5784 1067 5839 ἀντὶ
1112 5792 1476 5862 πειρατηρίων
1509 5794 1743 5863 γίνονται

183 5862 295 5925 τοῖς
324 5863 551 5928 πολλοῖς.

1854 4701 2071 4754 attende
2097 4699 2194 4753 tibi
2226 4700 2431 4768 ipsi,ne
2458 4698 2717 4753 dilatetur
2755 4712 2855 4751 cor
2886 4707 3059 4751 tuum.
3088 4695 3164 4749 Ne
3193 4696 3425 4750 seducu-

1853 4791 1932 4848 ris
1957 4796 2011 4845 in
2040 4792 2296 4846 alimonia
2333 4791 2560 4845 ventris.
2602 4810 2621 4843 ι

1922 4880 2079 4950 507
2114 4879 2309 4933 Jerem.
2341 4895 2394 4943 ν,
2427 4880 2517 4933 28.
2542 4908 2613 4920 --
2652 4897 2671 4931 ι
2710 4878 3038 4947 Magniﬁcati
3081 4887 3229 4942 sunt,
3257 4886 3309 4931 et
3333 4876 3419 4931 di-

1851 4972 1993 5027 vites
2022 4971 2149 5025 facti
2180 4979 2308 5026 sunt
2332 4971 2677 5042 impinguati,
2707 4980 2761 5026 et
2791 4970 2947 5040 adipe
2972 4971 3121 5025 obesi
3147 4988 3162 5037 ;
3198 4979 3254 5024 et
3280 4985 3421 5040 prae-

1850 5063 2077 5116 varicati
2103 5072 2233 5118 sunt
2262 5079 2545 5119 sermones
2576 5078 2729 5119 meos
2758 5064 2814 5116 in
2846 5063 3075 5117 malum.
3117 5082 3137 5114 ι

1920 5154 2111 5208 Ezeclt.
2144 5171 2255 5220 xvi,
2277 5156 2369 5220 49,
2395 5154 2482 5210 50.
2508 5185 2578 5212 —.-
2624 5174 2643 5207 ι
2682 5154 2807 5209 liazc
2843 5163 2929 5211 est
2950 5155 3213 5224 iniquitas
3246 5153 3420 5209 Sodo-

1850 5262 1971 5312 mae,
1996 5247 2124 5316 quia
2155 5249 2210 5301 in
2241 5247 2521 5317 superbia,
2549 5254 2605 5303 et
2655 5249 2949 5304 saturitate
3000 5262 3224 5317 panum,
3267 5253 3323 5300 et
3364 5245 3420 5299 in

1848 5341 2183 5395 abundantia
2208 5341 2318 5395 vini
2362 5341 2656 5397 luxuriata:
2695 5350 2845 5407 sunt,
2890 5341 3005 5395 haec
3045 5347 3099 5393 et
3127 5338 3249 5393 ﬁliae
3272 5338 3416 5407 ejus,

1848 5439 2115 5487 etmanus
2142 5432 2402 5502 pauperis
2419 5441 2475 5488 et
2502 5433 2660 5505 egeni
2696 5449 2804 5489 non
2834 5432 3337 5503 apprehenderunt,
3363 5442 3420 5487 et

1847 5523 2033 5593 inique
2062 5532 2288 5595 egerant
2306 5540 2494 5580 coram
2523 5543 2630 5583 me.
2660 5546 2680 5581 ι

1916 5614 2083 5673 Eccti.
2119 5632 2238 5681 χιιι,
2280 5618 2333 5672 8.
2360 5649 2428 5659 ——
2453 5638 2471 5671 ι
2510 5619 2655 5677 Cave
2678 5636 2748 5677 ne
2778 5622 3086 5687 seducaris,
3115 5627 3284 5692 atque
3310 5619 3415 5675 hu-

1846 5708 2076 5763 milieris
2110 5710 2166 5764 in
2203 5710 2393 5764 lietitia
2421 5720 2534 5765 tua.
2570 5732 2589 5766 ι

1914 5798 1971 5852 8.
2002 5800 2171 5855 Basil.
2212 5832 2280 5841 —-
2310 5802 2443 5857 Vita:
2479 5808 2868 5877 prosperitates
2893 5806 3259 5863 tentationum
3291 5807 3411 5863 loco

1851 5891 2121 5960 plerisque
2152 5896 2492 5961 contingunt.
