4206 6442
210 436 346 504 1533

1412 444 1651 505 SACRA
1688 442 2146 506 PARALLELA.

3309 434 3445 504 1534

202 555 344 626 τητά
367 568 487 609 σου.
523 554 633 608 Καὶ
660 551 817 609 δώσω
845 555 945 626 τὴν
963 556 1119 609 πόλιν
1140 554 1233 609 τοῦ
1275 556 1457 626 Ἀμὼν
1490 560 1568 622 είς
1608 556 1778 627 νομὰς
1804 562 1853 618 Α

1804 562 1853 618 Α
1880 569 2047 616 tuam.
2086 559 2153 615 Et
2188 559 2327 614 dabo
2356 557 2635 614 civitatem
2668 558 2844 611 Amon
2884 555 2941 609 in
2973 566 3177 625 pascua
3210 552 3445 608 eamel0'

204 646 493 718 καμήλων,
523 647 619 701 καὶ
643 648 770 713 τοὺς
786 648 935 713 υἱοὺς
989 649 1169 719 ’Δμὼν
1196 651 1276 713 είς
1312 649 1513 720 νομέας
1562 650 1773 721 προϐά·

199 758 327 793 των.
369 759 389 792 1

271 805 665 891 Νουθετεῖσθαι
692 832 773 886 δεῖ
790 836 856 905 τῇ
883 834 992 887 τῶν
1021 834 1264 906 πλησίων
1297 835 1507 907 πληγῇ,
1553 838 1648 891 καὶ
1686 836 1775 890 διὰ

183 924 309 1000 Ξτῶν
327 923 634 996 ἀλλοτρίων
661 926 849 979 κακῶν
872 924 943 979 τά
976 927 1150 980 οἰκεῖα
1177 925 1237 981 εὖ
1268 927 1534 983 τίθεσθαι.

271 1096 527 1152 Φύλασσε
559 1099 775 1167 σαυτὸν,
803 1099 1002 1172 πτῶμα
1030 1101 1077 1155 δ’
1099 1102 1262 1157 ἄλλον
1300 1102 1376 1175 μὴ
1403 1102 1556 1173 γέλα.

270 1275 366 1344 Μὴ
397 1275 636 1347 γελάσῃς
668 1276 866 1346 πτῶμα
891 1277 985 1332 τοῦ
1028 1278 1220 1344 πέλας.
1248 1280 1499 1335 Διάϐαινε
1526 1282 1583 1335 δὲ
1604 1285 1780 1352 ἀσφα-

202 1366 323 1438 λὴς,
379 1368 486 1438 ὅση
518 1385 602 1422 σοι
638 1368 886 1441 δύναμις,
915 1370 1051 1425 ἀλλά
1099 1373 1193 1427 καὶ
1235 1372 1379 1426 δίδου
1408 1377 1565 1447 χεῖρα
1608 1377 1780 1446 χαμαὶ

202 1459 473 1531 κειμένῳ.

266 1555 565 1626 Χρηστοὺς
590 1550 731 1609 εἶναι
778 1556 884 1628 χρὴ
930 1558 1044 1621 τοῖς
1088 1560 1518 1629 προεμπεσοῦσι,
1570 1560 1664 1613 καὶ
1704 1560 1781 1632 τῷ

204 1649 342 1721 ἐλέῳ
362 1649 599 1705 κτᾶσθαι
624 1650 714 1704 τὸν
738 1649 907 1706 ἔλεον.

285 1826 378 1880 Ἐν
417 1829 543 1892 ταῖς
569 1828 877 1900 ἀλλοτρίαις
915 1831 1224 1902 συμφοραῖς
1257 1830 1320 1885 τά
1347 1832 1525 1886 οἰκεῖα
1553 1832 1614 1887 εὖ
1638 1834 1783 1889 τίθε-

1876 668 2019 715 rum,
2049 658 2103 707 et
2132 651 2274 706 tilios
2301 650 2473 705 Amon
2502 648 2557 703 in
2587 653 2836 719 pastores
2869 645 3074 701 ovium.
3108 661 3128 696 ι

1948 836 2010 891 S.
2048 833 2202 906 Greg.
2226 832 2492 886 Nazianz.
2515 860 2587 871 —
2615 828 2694 885 Ex
2715 827 2951 883 aliorum
2983 826 3163 897 plaga,
3193 831 3358 895 atque
3385 838 3450 877 ex

1878 926 2121 997 ipsorum
2154 923 2557 979 calamitatibus
2586 919 2973 975 documentum
3014 915 3083 970 ad
3114 930 3202 970 res
3232 921 3450 969 nostras

1878 1027 2023 1076 recte
2045 1014 2449 1088 componendas
2467 1022 2687 1083 captare
2709 1010 2995 1067 debemus.

1952 1110 2118 1180 Ejud.
2145 1140 2214 1149 —-
2247 1105 2369 1162 Tibi
2401 1106 2506 1177 ipsi
2554 1104 2799 1170 cavesis,
2834 1116 2934 1157 nec
2984 1099 3213 1154 alterius
3261 1111 3448 1152 casum

1879 1202 2151 1260 derideas.

1948 1290 2144 1362 Ejusd.
2163 1320 2234 1330 —-
2254 1288 2334 1344 Ne
2362 1287 2527 1344 vicini
2551 1299 2740 1341 casum
2776 1282 2980 1338 rideas.
3016 1279 3216 1334 Verum
3243 1286 3299 1333 tu
3328 1274 3452 1347 qui-

1879 1385 2023 1449 dem,
2056 1398 2219 1453 quam
2255 1381 2527 1437 tutissime
2567 1377 2795 1448 poteris,
2853 1373 3067 1437 incede,
3116 1387 3181 1426 ac
3229 1369 3307 1424 illi
3356 1366 3452 1438 qui

1882 1478 2033 1535 humi
2060 1478 2225 1549 jacet,
2259 1489 2479 1530 manum
2513 1471 2752 1544 porrige.

1955 1570 2142 1640 Ejusd.
2162 1598 2234 1609 —
2270 1567 2545 1637 Benignos
2578 1580 2679 1618 nos
2706 1578 2828 1619 esse
2865 1567 3082 1631 oportet
3125 1558 3182 1613 in
3211 1557 3332 1612 illos
3359 1554 3455 1625 qui

1882 1664 1939 1718 in
1978 1659 2317 1718 calamitates
2358 1660 2514 1728 prius
2546 1653 2876 1717 inciderunt,
2910 1664 2974 1706 ac
3003 1665 3101 1720 per
3131 1648 3452 1704 misericor-

1882 1755 2027 1810 diam
2063 1750 2495 1808 misericordiam
2530 1747 2688 1802 nobis
2719 1744 3034 1801 conciliare.

1958 1844 2324 1917 Ejusd.—ln
2364 1840 2558 1896 alienis
2598 1836 3009 1894 calamitatibus
3044 1831 3209 1887 rebus
3250 1821 3456 1883 nostris

207 1918 331 2013 σθαι
364 1918 499 1991 χρὴ,
534 1921 649 2013 καὶ
684 1920 949 1985 δανείζειν
974 1920 1094 1993 Θεῷ
1137 1922 1231 1975 τὸν
1262 1923 1411 1976 ἔλεον
1441 1923 1625 1990 ἐλέους
1648 1926 1786 1999 χρῄ-
1814 1921 1858 1978 Β

1814 1921 1858 1978 Β
1886 1941 2221 2013 prospicere,
2275 1942 2329 1990 et
2374 1934 2484 1989 Deo
2517 1928 2949 1986 misericordiam
3002 1925 3251 1981 fenerare
3295 1920 3452 1975 debe-

204 2010 425 2075 ζοντας,
459 2011 556 2065 καὶ
598 2013 673 2083 μὴ
704 2014 1066 2084 καταφρονεῖν
1092 2012 1202 2068 τῶν
1235 2012 1561 2085 ἀνθρώπων,
1583 2016 1787 2088 ἀνθρὼ-

206 2120 348 2167 mu;
376 2103 563 2168 ὄντας.

202 2200 238 2263 ς
279 2196 456 2251 ’Ὀταν
509 2196 625 2269 ῖδῃς
652 2197 744 2252 τὸν
777 2197 971 2271 ἐχθρὸν
1016 2198 1326 2270 ἐμπεσόντα
1356 2201 1436 2265 εἰς
1472 2201 1573 2267 τὰς
1600 2203 1787 2272 χεῖρας

204 2287 305 2351 τὰς
331 2289 457 2355 σὰς,
489 2290 564 2360 μὴ
599 2288 787 2361 νόμιζε
837 2290 1128 2363 τιμωρίας,
1185 2291 1321 2346 ἀλλά
1347 2293 1619 2365 σωτηρίας
1644 2296 1786 2347 ἐκεῖ-

205 2399 297 2434 νον
322 2378 469 2437 εἶναι
498 2383 591 2437 τὸν
619 2385 836 2456 καιρόν.
872 2384 972 2439 Διά
1020 2383 1183 2438 τοῦτο
1208 2385 1329 2439 τότε
1355 2386 1591 2457 μάλιστα
1614 2386 1788 2455 φείδε-

206 2470 333 2524 σθαι
356 2471 444 2525 δεῖ
465 2471 576 2526 τῶν
608 2472 838 2545 ἐχθρῶν,
872 2474 999 2527 ὅταν
1047 2474 1230 2528 αὐτῶν
1266 2474 1557 2544 γενώμεθα
1584 2474 1783 2547 κύριοι.

205 2562 404 2617 Πολλοὶ
432 2563 673 2634 βασιλεῖς
702 2567 796 2619 ἐπὶ
832 2566 932 2637 τὴν
966 2567 1141 2638 ἀρχὴν
1170 2567 1436 2632 ἐλθόντες,
1466 2569 1594 2631 τοὺς
1618 2570 1785 2623 πάλαι

206 2651 588 2726 λελυπηκότας
617 2655 894 2722 λαϐόντες,
925 2656 1075 2722 ἄξιον
1136 2658 1316 2711 αὐτῶν
1345 2652 1487 2712 εἶναι
1525 2659 1787 2729 ἐνόμισαν

1887 2045 2011 2085 mus
2044 2042 2169 2083 cum
2216 2024 2321 2095 ipsi
2355 2020 2734 2078 misericordia
2785 2031 2924 2086 opus
2959 2014 3303 2077 habeamus;
3360 2022 3456 2063 nec

1886 2122 2133 2180 homines
2163 2114 2466 2187 aspernari,
2496 2107 2713 2181 quando
2747 2106 2849 2177 ipsi
2890 2105 3144 2160 homines
3171 2118 3385 2157 sumus.

1957 2215 2018 2271 S.
2052 2213 2326 2283 Chrysost.
2355 2238 2426 2249 -—
2454 2206 2592 2262 Cum
2622 2203 2838 2257 hostem
2883 2207 3035 2253 tuum
3066 2198 3120 2251 in
3154 2207 3274 2250 tuas
3318 2192 3451 2247 inci-

1885 2308 2034 2362 disse
2053 2318 2251 2359 manus
2280 2298 2508 2360 videris,
2535 2311 2604 2350 ne
2635 2303 2848 2363 tempus
2884 2288 3029 2346 istud
3057 2303 3178 2344 esse
3205 2286 3457 2349 ultionis,

1886 2401 1981 2459 sed
2044 2397 2238 2454 salutis
2308 2393 2582 2451 existima.
2650 2387 2921 2453 Quocirca
2983 2394 3095 2438 tum
3154 2380 3457 2453 praesertim

1886 2494 2136 2551 hostibus
2180 2485 2511 2560 parcendum
2551 2490 2658 2549 est,
2698 2494 2823 2535 cum
2865 2493 2962 2533 eos
3015 2477 3073 2531 iu
3132 2482 3456 2544 potestatem

1888 2596 2130 2643 nostram
2164 2582 2414 2639 redactos
2463 2576 2750 2631 habemus.
2791 2570 2942 2626 Multi
2980 2569 3291 2641 principes,
3329 2582 3457 2621 cum

1888 2689 2106 2751 arrepto
2136 2676 2387 2747 imperio,
2423 2686 2520 2727 eos
2553 2684 2584 2724 a
2609 2667 2812 2740 quibus
2841 2663 2954 2719 laesi
2984 2661 3235 2727 fuerant,
3279 2658 3459 2727 cepis-

204 2745 397 2844 6£xqp_
413 2747 490 2819 μὴ
511 2839 522 2844 _
539 2748 844 2819 ἀπαιτῆσαι
881 2749 992 2803 τῶν
1050 2750 1630 2821 πεπλημμελημένων,
1690 2754 1788 2807 καὶ

1888 2782 2032 2839 sent,
2049 2765 2261 2844 aequum
2290 2769 2694 2834 honestumque
2716 2775 2838 2817 esse
2858 2764 3185 2815 censuerunt
3203 2759 3457 2822 acceptas

203 2836 305 2908 τῆς
335 2836 593 2904 ἐξουσίας
627 2842 665 2912 ἡ
712 2839 1002 2913 περιουσία
1023 2841 1371 2912 καταλλαγῆς
1414 2844 1670 2908 ὑπόθεσις
1700 2846 1790 2914 γέ.

206 2946 393 2997 γονεν.

192 3142 199 3148 -
271 3113 445 3169 Οὐδὲν
477 3114 886 3189 ἀσφαλέστερον
914 3118 1011 3172 τοῦ
1060 3117 1341 3188 φείδεσθαι
1387 3120 1496 3173 τῶν
1550 3120 1783 3191 ἐχθρῶν⁹

1889 2870 2121 2941 injurias
2167 2864 2396 2919 minime
2434 2857 2737 2914 vindicare.
2807 2855 2987 2923 Atque
3044 2865 3108 2905 ex
3168 2846 3458 2919 potestatis

1889 2940 2244 3031 amplitudine
2272 2953 2471 3008 factum
2502 2956 2587 3005 est
2619 2955 2679 3002 ut
2722 2960 2848 3001 cum
2891 2943 2973 2999 eis
3016 2943 3070 2996 in
3105 2940 3333 3011 gratiam
3376 2951 3460 2991 re-

1930 3050 2112 3102 ierint.

1930 3053 1940 3105 i
2012 3052 2112 3102 int.

1888 3052 1921 3107 d
1947 3068 2152 3211 :jusd.
2180 3168 2251 3179 —
2287 3134 2435 3189 Nihil
2481 3138 2566 3187 est
2602 3129 2775 3185 tutius
2806 3140 2969 3198 quam
3027 3120 3265 3178 inimicis
3303 3119 3459 3190 igno-

201 3206 364 3320 οὐδὲῖ
390 3207 803 3320 σφαλερώτερον
840 3208 937 3264 τοῦ
970 3209 1255 3282 βούλεσθαι
1277 3212 1568 3267 διεκδικεῖν
1594 3214 1786 3268 ἐαυτὸν
1815 3263 1861 3320 C

1687 3216 1786 3268 ’τὸν
1815 3263 1861 3320 c
1891 3248 2083 3299 scere;
2109 3229 2245 3285 nihil
2276 3222 2640 3299 periculosius
2675 3233 2837 3291 quam
2866 3218 3105 3287 seipsum
3138 3211 3348 3267 ulcisci.

202 3299 299 3352 καὶ
330 3300 662 3370 ἀμύνεσθαι.
870 3356 879 3367 ,η

272 3393 464 3460 Πολλῷ
490 3389 676 3459 μεῖζον
698 3387 794 3443 καὶ
822 3388 1258 3461 κερδαλεώτερον
1286 3393 1348 3445 τὸ
1376 3392 1664 3461 φείσασθαι
1689 3395 1784 3448 τοῦ

200 3480 534 3549 διαφθεῖραι.
579 3478 637 3531 Ὀ
667 3478 769 3549 μὲν
796 3479 903 3550 γὰρ
936 3480 1254 3553 διαφθείρας
1283 3482 1375 3536 τὸν
1419 3484 1634 3555 ἐχθρὸν,
1692 3487 1786 3539 καὶ

202 3570 619 3639 καταγνώσεται
668 3570 931 3636 πολλάκις
975 3574 1166 3627 ἐαυτοῦ
1188 3616 1203 3642 ,
1251 3575 1349 3629 καὶ
1393 3579 1628 3650 πονηρὸν
1673 3581 1783 3644 ἕξει

204 3662 469 3727 συνειδὸς,
526 3662 647 3717 καθ’
690 3665 930 3737 ἑκάστην
960 3666 1173 3738 ἡμέραν
1209 3668 1303 3722 καὶ
1343 3669 1494 3741 ὥραν
1538 3672 1644 3725 ὑπὸ
1686 3673 1785 3744 τῆς

202 3753 486 3825 ἁμαρτίας
510 3753 727 3824 ἐκείνης
756 3754 1105 3827 διωκόμενος.
1142 3759 1201 3813 '0
1219 3760 1276 3814 δὲ
1310 3763 1658 3832 φεισάμενος,
1697 3782 1785 3833 μι-

204 3844 341 3916 κρὸν
368 3846 716 3918 καρτερήσας
742 3848 953 3918 χρόνον,
994 3851 1259 3918 γάννυται
1319 3854 1457 3924 μετά
1483 3856 1655 3910 ταῦτα
1689 3859 1784 3912 καὶ

204 3940 407 4009 τρυφᾷ,
449 3940 691 4011 χρηστὰς
736 3941 832 3995 καὶ
874 3942 1135 4014 ἀμείνους
1168 3946 1513 4018 κτησάμενος
1541 3949 1780 4015 ἐλπίδας,

202 4032 299 4085 καὶ
318 4031 419 4096 τὰς
466 4031 701 4102 ἀμοισάς
749 4034 848 4106 τῆς
896 4034 1246 4103 ἀνεξικακίας
1292 4040 1442 4109 παρά
1496 4042 1591 4095 τοῦ
1645 4042 1782 4096 Θεοῦ

202 4118 500 4192 προσδοκᾷ.
536 4121 647 4175 Καὶ
680 4122 734 4176 ετ
783 4140 917 4177 ποτε
945 4126 1241 4201 παραπέσῃ
1281 4130 1389 4183 τινὶ
1418 4130 1594 4201 δεινῷ,
1644 4134 1784 4202 μετά

201 4212 409 4285 πολλῆς
444 4215 757 4288 παρρησίας
788 4219 1084 4293 ἀπαιτήσει
1128 4222 1222 4277 τὸν
1248 4222 1382 4278 Θεὸν
1425 4224 1525 4296 τὴν
1577 4226 1783 4281 ἀντίδο-

204 4323 311 4363 σιν.

269 4400 588 4473 Περιφανὴς
627 4404 721 4458 καὶ
746 4404 1108 4478 ἀξιοζήλωτος
1157 4410 1433 4484 ἀγαθότης
1463 4412 1632 4480 ἐστὶν,
1684 4414 1778 4487 δη-

201 4491 338 4564 λαδὴ
356 4492 417 4546 τὸ
437 4494 651 4564 ὀρέγειν
676 4496 826 4553 ἐλεον
846 4501 960 4564 τοῖς
979 4499 1230 4571 μισοῦσιν
1246 4504 1393 4574 ἡμᾶς
1414 4505 1776 4577 αἱρουμένοις,

1957 3403 2144 3476 Ejusd.
2183 3432 2252 3442 ——
2279 3398 2465 3468 Longe
2496 3393 2676 3464 majus
2716 3400 2801 3448 est
2849 3405 2914 3445 ac
2962 3389 3299 3444 fructuosius
3331 3403 3459 3457 par-

1885 3514 2009 3554 cere
2039 3508 2200 3565 quam
2236 3491 2587 3545 obtruncare.
2620 3484 2722 3550 Qui
2773 3485 2917 3537 enim
2971 3480 3253 3535 inimicum
3284 3495 3315 3534 e
3342 3495 3454 3534 me-

1885 3588 1975 3643 dio
2013 3583 2321 3646 sustulerit,
2352 3580 2441 3634 hic
2474 3593 2534 3634 se
2563 3589 2780 3647 quoque
2807 3572 3121 3643 frequenter
3148 3570 3453 3636 accusabit,

1885 3690 1939 3735 et
1988 3679 2129 3733 male
2153 3675 2257 3732 sibi
2314 3671 2573 3727 conscius
2622 3668 2749 3733 erit,
2805 3666 3148 3736 singulisque
3177 3663 3370 3719 diebus
3401 3672 3457 3717 et

1886 3769 2037 3825 horis
2075 3776 2301 3837 peccato
2338 3763 2443 3816 hoc
2472 3758 2705 3815 cruciari
2755 3772 2813 3812 se
2850 3756 3070 3811 sentiet.
3111 3753 3217 3820 Qui
3270 3760 3454 3808 autem

1887 3860 2171 3933 ignoverit,
2203 3857 2293 3912 ubi
2327 3852 2647 3926 patientiam
2686 3848 3079 3917 aliquantisper
3115 3846 3449 3916 praestiterit,

1887 3955 1941 4008 in
1995 3964 2209 4007 summa
2264 3954 2611 4019 postmodum
2658 3943 2823 3997 animi
2876 3940 3062 3995 latitia
3094 3945 3148 3993 et
3178 3938 3453 4007 voluptate

1885 4044 2211 4109 versabitur,
2264 4051 2318 4096 et
2374 4037 2589 4093 meliori
2634 4051 2730 4105 spe
2784 4034 3010 4097 nitetur,
3064 4036 3450 4100 exspectansa

1884 4137 1996 4193 Deo
2024 4134 2296 4207 patientia:
2324 4147 2439 4189 suae
2475 4129 2781 4200 praemium.
2816 4128 2893 4181 Ac
2922 4122 3188 4196 siquando
3214 4123 3268 4176 in
3300 4121 3448 4175 cala-

1885 4230 2129 4284 mitatem
2156 4226 2392 4294 aliquam
2422 4219 2695 4286 inciderit,
2724 4233 2849 4274 cum
2886 4216 3089 4288 ingenti
3121 4215 3317 4270 ﬁducia
3353 4226 3452 4281 par

1884 4322 1990 4380 sibi
2027 4320 2217 4377 referri
2242 4333 2270 4372 a
2303 4317 2413 4372 Deo
2445 4313 2760 4385 postulabit.

1955 4414 2017 4470 S.
2052 4412 2241 4484 Cyrill.
2276 4440 2344 4452 --
2376 4408 2644 4464 Praeclara
2688 4416 2851 4474 atque
2891 4399 3237 4458 aemulatione
3283 4395 3446 4465 digna

1883 4508 2101 4564 bonitas
2131 4515 2235 4570 est,
2264 4500 2701 4559 misericordiam
2730 4498 2799 4553 iis
2825 4494 2917 4566 qui
2955 4508 3053 4548 nos
3090 4490 3215 4546 odio
3246 4488 3448 4542 habere

204 4584 301 4638 καὶ
328 4584 430 4657 τὴν
454 4587 613 4657 χεῖρα
644 4586 834 4659 φέρειν
881 4590 1196 4664 ἐπίκουρον*
1248 4593 1531 4665 βούλεσθαι
1583 4598 1642 4652 δὲ
1684 4600 1777 4653 καὶ
1808 4617 1852 4674 ι)

1808 4617 1852 4674 ι)
1879 4601 2069 4657 volunt
2089 4605 2369 4669 praestare,
2387 4605 2716 4661 manumque
2737 4589 2793 4644 in
2808 4586 3066 4642 auxilium
3090 4582 3262 4643 ferre;
3286 4577 3445 4647 quin-

205 4674 403 4741 σώζειν
453 4678 674 4746 αὐτοὺς,
706 4682 807 4735 οὐκ
862 4683 1219 4754 ἐμϐαίνοντας
1258 4686 1478 4757 μᾶλλον,
1526 4690 1623 4743 καὶ
1662 4686 1774 4744 οἷον

206 4768 486 4837 κειμένοις
542 4770 962 4843 ἐποχουμένους,
1011 4776 1108 4829 καὶ
1156 4778 1257 4847 τῆς
1310 4780 1538 4849 ἐνούσης
1589 4783 1774 4848 αὐτοῖς

202 4859 519 4929 ἀθλιότητος
547 4864 1013 4934 καταμειδιῶντας
1062 4869 1573 4942 ἀφιλοικτιρμόνως,
1603 4877 1773 4947 δρῶν-

203 4971 305 5017 τας
325 4953 382 5006 δὲ
406 4955 608 5024 μᾶλλον
626 4960 825 5019 ἐκεῖνα.
854 4960 922 5013 τὰ
945 4959 1011 5012 δι’
1038 4956 1112 5013 ὧν
1138 4962 1240 5027 ἔξω
1256 4965 1497 5031 γένοιντο
1525 4969 1771 5036 παγίδος,

204 5046 563 5117 ποιουμένους
601 5049 657 5102 δὲ
684 5049 779 5105 καὶ
806 5051 955 5115 λιτὰς
989 5053 1126 5124 ὑπὲρ
1158 5055 1335 5109 αὐτῶν
1374 5060 1509 5126 πρὸς
1542 5061 1634 5115 τὸν
1662 5062 1775 5115 τῶν

203 5138 344 5193 ὅλων
373 5140 494 5205 ἐξου
504 5141 771 5206 σιὰζοντα.

274 5229 389 5293 Τὰς
408 5232 693 5302 συμφορὰς
720 5234 907 5301 ἐλεεῖν,
936 5236 996 5288 οὐ
1027 5241 1202 5306 μισεῖν
1232 5243 1526 5311 προσῆκεν.

276 5409 354 5462 Οὐ
384 5409 489 5480 χρὴ
519 5410 613 5464 ἐπὶ
639 5414 799 5465 παντὶ
828 5413 1082 5485 πτώματι
1105 5417 1199 5469 καὶ
1222 5418 1371 5490 πάσῃ
1418 5420 1661 5492 ἁμαρτίᾳ
1682 5423 1774 5475 ἀν-

206 5499 426 5572 θρώπου
460 5503 803 5574 ἐπαίρεσθαι,
864 5507 983 5559 οὐδὲ
1024 5509 1327 5580 ἐπιχαίρειν
1356 5513 1486 5565 ποτὲ
1535 5512 1612 5583 τῷ
1640 5516 1774 5567 ὐπο-

208 5594 636 5663 σχετλιασθέντι,
671 5599 825 5651 κάνεὶ
872 5598 1001 5671 δοκῇ
1047 5603 1075 5654 ὁ
1111 5602 1349 5667 τοιοῦτος
1376 5606 1566 5676 ἐχθρὸς
1595 5607 1774 5672 φόνιος

209 5680 369 5736 εἶναι⁸
410 5686 607 5753 μᾶλλον
631 5688 691 5741 δὲ
735 5692 1077 5762 συμπάσχειν
1101 5696 1196 5745 καὶ
1228 5696 1535 5764 συναλγεῖν,
1563 5700 1656 5751 καὶ
1686 5701 1775 5753 εὑ-

168 5843 182 5867 ¹
211 5775 310 5845 χὴν
334 5776 474 5848 ὑπὲρ
511 5779 676 5832 αὐτοῦ
723 5782 861 5852 πρὸς
888 5783 980 5835 τὸν
1028 5784 1160 5836 Θεὸν
1208 5790 1498 5853 ποιεῖσθαι,
1546 5789 1771 5857 δεδιότα,

211 5868 308 5921 καὶ
351 5873 676 5941 πεφρικότα,
723 5876 817 5928 καὶ
844 5874 1293 5948 διαλογιζόμενον,
1341 5881 1549 5951 μήποτε
1598 5884 1627 5937 ό
1682 5888 1778 5949 μὲν

1873 4694 2036 4750 etiam
2065 4704 2254 4748 eorum
2288 4686 2450 4743 saluti
2515 4683 2758 4746 studere,
2814 4691 2917 4733 nec
2970 4684 3082 4729 tam
3132 4669 3445 4741 jacentibus

1876 4785 2164 4844 insultare,
2193 4786 2249 4835 et
2285 4777 2563 4832 miseriam
2600 4774 2655 4827 in
2695 4785 2803 4841 qua
2832 4775 3126 4823 versantur
3154 4761 3442 4817 immiseri-

1874 4876 2116 4933 corditer
2139 4870 2388 4933 irridere,
2412 4881 2575 4937 quam
2624 4878 2687 4919 ea
2728 4862 2910 4916 facere
2934 4868 2988 4915 et
3017 4855 3217 4916 moliri,
3244 4852 3442 4922 quibus

1873 4987 1904 5026 e
1939 4971 2131 5040 laqueo
2156 4964 2319 5021 eximi
2348 4961 2585 5033 possint.
2618 4958 2697 5012 Ac
2753 4962 3016 5027 praeterea
3071 4947 3343 5018 supplices
3377 4945 3440 4996 ad

1872 5077 1995 5117 eum
2032 5072 2130 5128 pro
2163 5056 2273 5111 illis
2307 5053 2400 5123 qui
2432 5050 2599 5106 rebus
2620 5046 2875 5102 omnibus
2890 5040 3223 5101 dominatur,
3255 5048 3439 5105 preces

1875 5154 2156 5209 adhibere.

1947 5245 2007 5299 S.
2039 5242 2182 5296 Nili.
2211 5272 2279 5282 ——
2308 5236 2699 5293 Calamitatum
2743 5227 2992 5285 misereri
3023 5220 3297 5283 convenit,
3333 5234 3439 5272 non

1874 5354 1966 5395 eas
1992 5338 2193 5392 odisse.

1945 5430 2165 5485 Minime
2208 5444 2423 5498 acquum
2470 5433 2557 5481 est
2605 5422 2674 5479 ad
2705 5433 2918 5477 omnem
2948 5413 3182 5470 hominis
3222 5411 3433 5479 lapsum

1881 5535 1930 5577 at
1967 5532 2246 5593 peceatum
2272 5536 2393 5577 sese
2420 5519 2720 5575 insolenter
2737 5512 2947 5575 eﬂ‘erre,
2976 5518 3029 5564 et
3053 5506 3101 5562 ei
3134 5504 3225 5575 qui
3266 5502 3427 5557 mise-

1875 5618 1972 5671 riis
2000 5614 2247 5684 deiectus
2270 5616 2435 5683 jacet,
2479 5611 2762 5671 insultare,
2803 5601 3047 5675 quamvis
3076 5595 3274 5665 alioqui
3306 5610 3421 5649 cru-

1880 5708 2196 5763 delissimus
2224 5707 2397 5762 hostis
2424 5720 2548 5760 esse
2580 5702 2860 5761 videatur;
2892 5708 3078 5749 verum
3113 5690 3282 5759 ipsius
3330 5704 3419 5758 po-

1879 5798 1989 5853 tius
2024 5797 2197 5853 viccm
2229 5797 2433 5859 dolere,
2473 5810 2538 5849 ac
2562 5802 2682 5847 vota
2714 5802 2813 5859 pro
2839 5799 2904 5842 eo
2928 5782 2995 5836 ad
3031 5780 3195 5835 Deum
3232 5777 3430 5846 facere,

1884 5896 2138 5957 metuque
2169 5898 2223 5945 et
2258 5903 2453 5956 pavore
2480 5884 2637 5951 allici,
2682 5892 2972 5946 secumque
3011 5880 3280 5943 reputare,
3311 5867 3426 5926 ﬁeri
