4206 6442
760 370 898 437 1535

1921 377 1978 436 8.
2006 379 2245 439 ΙΟᾹΝΝ
2254 382 2326 441 IS
2368 384 2790 451 DAMASCENI

3860 404 3997 473 1536

754 498 913 552 posse
942 490 1001 537 ut
1032 485 1118 539 ille
1158 486 1252 553 qui
1309 486 1554 553 deiectus
1612 488 1980 561 subactusque
2009 491 2171 563 509
2208 503 2316 557 est,
2347 546 2350 553 ,

2424 499 2855 569 ὕποσκελισθεὶς,
2908 508 3306 579 τροπαιοςόρος
3364 502 3678 583 ἀναδειχθῇ,
3735 516 3767 566 ὀ
3821 514 3993 569 δὲνο-

752 577 930 627 \‘iclttr
965 577 1181 631 tandem
1223 578 1440 639 evadat.
1474 580 1520 634 is
1576 595 1707 636 vero
1734 584 1826 650 qui
1879 592 2030 640 stare
2082 587 2319 656 videtur,

752 677 949 737 {ra-ter
980 671 1443 739 exspectationem
1476 669 1630 727 suam
1690 676 2017 745 gravissime
2074 688 2320 744 corruat,

745 769 801 815 et
826 762 880 815 in
909 760 1176 830 ejusmodi
1214 762 1369 831 lapsu
1399 764 1652 821 intereat.
1688 767 2056 831 Quamobrem
2084 771 2322 828 inimicis

747 853 974 906 omnino
1012 869 1111 905 nos
1146 868 1369 923 parcere
1411 865 1647 924 oportet,
1703 874 1827 912 cum
1863 860 1919 915 in
1959 876 2199 917 nostram
2226 879 2324 934 po-

750 954 1003 999 testatem
1032 961 1250 999 venere.

820 1037 879 1092 Si
904 1039 1212 1107 quempiam
1244 1054 1371 1093 raro
1400 1055 1427 1093 a
1463 1040 1683 1096 virtutis
1705 1045 1982 1101 curriculo
2008 1047 2319 1116 deﬂectere,

750 1140 807 1185 et
836 1132 888 1185 in
928 1130 1133 1185 diaboli
1180 1134 1426 1187 fraudem
1466 1139 1749 1208 contingat
1781 1138 1915 1205 labi,
1948 1155 2083 1195 cave
2113 1143 2180 1196 de
2203 1145 2323 1211 ipso
2344 1199 2362 1218 ,

753 1225 851 1279 tibi
889 1225 1164 1279 calculum
1209 1242 1418 1293 sumas,
1475 1244 1713 1298 eumque
1766 1232 2122 1289 condemnes.
2172 1235 2320 1301 Quin

752 1316 884 1370 time
913 1316 1093 1386 potius
1124 1332 1193 1371 ne
1224 1329 1280 1372 tu
1315 1335 1536 1388 quoque
1561 1322 1720 1375 simul
1756 1323 1945 1379 cadas.

821 1409 1073 1463 Aliorum
1120 1410 1293 1464 laetari
1335 1412 1673 1479 calamitate,
1715 1416 1821 1469 etsi
1870 1418 2203 1489 quandoque
2229 1422 2319 1490 ju-

753 1509 898 1555 stum
932 1511 1039 1566 est,
1068 1509 1247 1557 tamen
1279 1504 1347 1558 ab
1379 1503 1721 1561 humanitate
1746 1507 2009 1563 alienum.

753 1611 889 1668 TIT.
931 1612 1047 1669 XV.
1078 1644 1145 1653 —
1174 1614 1250 1668 De
1289 1617 1649 1684 beneﬁcentia,
1691 1631 1744 1674 et
1793 1621 2059 1678 oblatione
2104 1640 2172 1679 ea:
2218 1625 2321 1679 iui-

1269 1687 1385 1756 quis
1421 1688 1602 1754 apibus
1636 1689 1804 1758 facta.

824 1775 1063 1830 IParal.
1121 1791 1212 1830 nt
1236 1817 1251 1842 ,
1292 1777 1382 1840 22,
1416 1778 1508 1832 25.
1553 1808 1620 1817 -
1656 1799 1675 1832 ‹
1717 1780 1866 1836 Dixit
1904 1783 2077 1839 David
2108 1783 2272 1841 Ornat
2302 1806 2316 1840 :

753 1866 829 1920 Da
878 1867 1011 1921 mibi
1051 1869 1231 1923 locum
1293 1885 1454 1935 ποτε,
1507 1882 1563 1925 et
1610 1873 1896 1929 aediﬁcabo
1944 1876 1997 1931 in
2050 1893 2113 1931 ea
2144 1879 2317 1934 altare
2350 1846 2392 1901 Β

752 1958 981 2013 Domino
1011 1978 1024 2013 :
1064 1977 1164 2029 pro
1195 1963 1429 2031 pecunia
1461 1963 1626 2033 digna
1658 1965 1727 2019 da
1764 1983 1885 2022 eam
1924 1969 2080 2037 mihi,
2115 1978 2171 2026 et
2194 1987 2319 2028 ces-

750 2051 901 2105 sabit
932 2053 1092 2122 plaga
1146 2067 1178 2106 a
1218 2055 1442 2123 populo.
1477 2054 1543 2109 Et
1596 2055 1740 2112 dixit
1786 2056 1937 2114 Orna
1982 2062 2049 2117 ad
2098 2061 2312 2122 David;

749 2143 951 2211 Accipe
986 2142 1111 2209 tibi,
1158 2151 1215 2198 et
1271 2143 1441 2200 faciat
1496 2146 1753 2206 dominus
1816 2167 1972 2209 meus
2017 2169 2111 2209 rex
2168 2156 2317 2224 quod

751 2235 956 2288 bonum
993 2243 1079 2290 est
1107 2236 1164 2289 in
1215 2248 1524 2323 conspectu
1578 2257 1700 2296 suo.
1734 2240 1804 2297 Et
1841 2243 1985 2298 dixit
2015 2262 2110 2302 rex
2144 2266 2157 2301 :
2208 2247 2317 2304 Ne-

750 2342 1053 2397 quaquam,
1106 2344 1283 2384 emam
1336 2342 1562 2403 argento
1620 2337 1815 2403 quanti
1862 2338 2136 2396 valuerit:
2185 2344 2318 2413 quia

753 2439 861 2476 non
890 2438 1104 2477 sumam
1138 2432 1230 2477 tua
1271 2422 1527 2490 Domino,
1580 2435 1640 2481 ut
1669 2426 1893 2483 oll’eram
1934 2430 2318 2491 holocaustum

749 2515 927 2583 gratis
962 2512 1194 2569 Domino
1250 2513 1382 2571 Deo.
1444 2516 1512 2571 Et
1568 2520 1722 2575 dedit
1779 2520 1946 2575 David
2001 2525 2163 2581 Orme
2220 2543 2321 2596 pro

753 2606 875 2661 loco
900 2606 1009 2662 isto
1050 2608 1221 2664 siclos
1252 2610 1398 2672 auri.
1430 2612 1696 2679 ponderis
1733 2613 2057 2685 iustissimi,
2088 2633 2320 2675 sexcen-

752 2709 859 2758 tos.
900 2719 919 2754 ι

823 2792 990 2848 Eccli.
1038 2810 1224 2862 xxxrv,
1270 2796 1382 2863 21,
1415 2798 1506 2862 24,
1546 2798 1638 2854 28.
1685 2832 1754 2842 —
1789 2820 1810 2854 ι
1866 2802 2203 2863 lmmolantis
2253 2824 2320 2863 ex

751 2883 945 2955 iniquo
975 2884 1155 2940 hostia
1196 2893 1513 2955 contempta
1546 2898 1652 2954 est,
1685 2906 1788 2946 nec
1819 2893 2158 2962 beneplacita
2186 2907 2322 2952 sunt

750 2993 982 3032 munera
1022 2978 1369 3048 iniquorum.
1404 2978 1506 3046 Qui
1541 2981 1701 3038 oﬂ‘ert
1731 2986 2066 3041 sacrificium
2091 3004 2157 3044 ex
2192 2991 2323 3047 sub‘

752 3071 959 3126 stantia
1015 3085 1340 3142 pauperum,
1388 3074 1549 3144 quasi
1602 3076 1697 3145 qui
1752 3077 2002 3132 victimat
2054 3081 2320 3138 ﬁliumin

2425 592 2586 662 μίσας
2619 595 2890 658 ἵστασθαι,
2921 597 3154 662 ἐξαίσιον
3176 598 3401 672 ὕστερον
3434 603 3635 672 πτῶμα
3667 605 3991 675 καταρραγῇ

2422 688 2574 760 παρὰ
2606 688 2696 757 τὴν
2717 690 3069 760 προσδοκίαν,
3104 691 3198 744 καὶ
3242 692 3549 765 ἐναποθάνῃ
3578 694 3656 765 τῷ
3710 696 3989 764 πτώματι.

2422 781 2518 832 Διὰ
2548 779 2703 833 τοῦτο
2738 782 2861 834 τότε
2896 783 3130 852 μάλιστα
3156 784 3238 837 δεῖ
3284 785 3565 854 φείδεσθαι
3611 788 3721 840 τῶν
3755 788 3988 861 ἐχθρῶν,

2420 874 2546 926 ὅταν
2571 872 2751 927 αὐτῶν
2767 874 3056 945 γενώμεθα
3087 875 3289 947 κύριοι.

2490 1049 2608 1103 Κᾶν
2634 1048 2738 1102 πού
2765 1067 2887 1102 τινα
2916 1049 3158 1113 σπανίως
3185 1050 3369 1122 συμϐῇ
3418 1051 3703 1106 ἀποκλῖναι
3724 1054 3828 1124 τῆς
3860 1055 3987 1126 ἀρε·-

2419 1137 2539 1207 τῆς,
2584 1139 2681 1190 καὶ
2731 1138 2813 1207 τῷ
2859 1139 3095 1209 διαϐόλῳ
3133 1144 3511 1210 παραπεσεῖν,
3546 1143 3620 1214 μὴ
3651 1143 3773 1197 θέλε
3800 1144 3989 1198 τοῦτον

2419 1230 2680 1295 δικάζειν,
2713 1232 2805 1283 καὶ
2834 1232 3201 1303 κατακρίνειν.
3225 1233 3395 1288 Φοδοῦ
3420 1235 3479 1288 δὲ
3524 1236 3747 1306 μᾶλλον,
3785 1236 3861 1307 μὴ
3896 1239 3992 1291 καὶ

2422 1323 2949 1393 συμπτωματισθῇς.

2485 1413 2710 1484 Χαίρειν
2729 1415 2824 1468 ἐπὶ
2843 1418 2962 1479 ταῖς
2978 1415 3090 1470 τῶν
3128 1418 3339 1488 ἐχθρῶν
3368 1422 3636 1491 ἀτυχίαις,
3681 1423 3730 1475 εί
3780 1424 3875 1476 καὶ
3909 1424 3989 1476 δίο

2420 1506 2575 1560 καιόν
2598 1524 2752 1576 ποτε,
2777 1508 2895 1564 ἀλλ’
2921 1510 3021 1565 οὐκ
3042 1510 3398 1581 ἀνθρώπινον.

2420 1621 2599 1679 ΤΙΤΛ.
2616 1621 2716 1679 1Ε’.
2741 1656 2808 1665 -
2827 1624 2963 1694 Περὶ
2975 1628 3392 1700 εὐεργεσι⁸ας,ῆ
3409 1630 3757 1700 προσφορᾶς
3776 1633 3844 1697 ἐξ
3871 1633 3992 1687 ἀεί·

2947 1714 3073 1750 κων
3097 1698 3438 1767 γινομένης.

2493 1807 2514 1842 ι
2551 1783 2719 1842 Εἶπεν
2738 1788 2902 1843 Δαδὶδ
2940 1789 3020 1862 τῷ
3056 1792 3237 1860 Ὀρνᾶ·
3290 1794 3390 1855 Ad;
3413 1810 3503 1862 μοι
3529 1794 3697 1848 τόπον
3723 1798 3823 1867 τῆς
3852 1798 3989 1861 ἅλω,

2418 1884 2512 1936 καὶ
2563 1883 2902 1953 οἰκοδομήσω
2957 1885 3018 1937 ὲν
3071 1884 3213 1954 αὐτῇ
3242 1884 3624 1958 θυσιαστήριον
3650 1887 3730 1959 τῷ
3775 1891 3989 1959 Κυρίῳο

2416 1974 2681 2045 ἀργυρίου
2698 1974 2787 2036 δός
2808 1991 2899 2045 μοι
2918 1974 3100 2041 αὐτὸν,
3134 1978 3229 2029 καὶ
3258 1977 3580 2048 παύσεταιή
3601 1978 3783 2052 πληγὴ
3811 1983 3879 2035 ὲκ
3896 1983 3993 2036 τοῦ

2416 2066 2568 2120 λαοῦ.
2593 2066 2704 2120 Ka't
2726 2062 2879 2120 εἶπεν
2917 2068 3082 2139 ’ορνᾶ
3110 2068 3247 2140 πρὸς
3268 2068 3450 2121 Δαὸίδο
3477 2069 3622 2122 Λάϐε
3645 2071 3881 2142 σεαυτῷ,
3898 2074 3996 2127 καὶ

2418 2160 2701 2228 ποιησάτω
2727 2161 2756 2213 ὁ
2777 2158 2965 2231 κύριός
2992 2177 3093 2230 μου
3116 2163 3147 2213 ὀ
3167 2159 3423 2229 βασιλεὺς
3450 2162 3512 2215 τὸ
3529 2162 3735 2231 ἀγαθὸν
3762 2163 3994 2217 ἐνώπιον

2418 2251 2603 2308 αὐτοῦ.
2636 2253 2744 2306 Καὶ
2775 2250 2930 2306 εἶπεν
2956 2254 2986 2306 ὁ
3005 2252 3253 2323 βασιλεύς
3277 2270 3291 2284 ·
3323 2254 3454 2324 Οὐχί
3476 2271 3491 2284 ο
3515 2255 3631 2308 ἀλλ’
3661 2256 3695 2326 ἧ
3738 2257 3998 2327 ἀγοράσω

2418 2346 2682 2417 ἀργυρίου
2730 2346 2908 2411 ἀξίου,
2943 2348 3108 2401 ὅτιού
3164 2346 3240 2417 μὴ
3293 2347 3445 2401 λάὅω
3470 2348 3538 2402 τὰ
3585 2348 3655 2402 σὰ
3684 2349 3767 2419 τῷ
3802 2351 3997 2421 Κυρίῳ

2420 2439 2733 2506 ἀνενεγκεῖν
2766 2436 3129 2491 ὁλοκαύτωσιν
3154 2440 3363 2509 δωρεὰν
3394 2440 3585 2511 Κυρίῳ
3614 2440 3693 2511 τῷ
3719 2441 3861 2513 θεῷ.
3885 2443 3996 2494 Καὶ

2420 2528 2587 2583 ἔδωκε
2638 2529 2801 2585 Δασὶδ
2830 2530 2912 2601 τῷ
2966 2530 3129 2602 Ὀρνᾱ
3174 2533 3302 2603 περὶ
3333 2532 3501 2588 τόπου
3554 2533 3719 2588 αὑτοῦ
3774 2534 3995 2599 σίκλους

2420 2620 2643 2692 χρυσίου
2676 2621 2844 2692 ὁλκῆς
2876 2620 3206 2687 ἑξακοσίους.
3246 2643 3264 2676 ο

2497 2824 2517 2856 ι
2543 2802 2827 2868 Θυσιάζων
2880 2803 2940 2869 ἐξ
2967 2803 3169 2857 ἀδίκων
3232 2802 3393 2857 θυσία
3435 2805 3836 2875 μεμωκημένη,
3900 2805 3997 2858 καὶ

2422 2898 2522 2950 οὐκ
2565 2898 2647 2960 είς
2695 2895 2944 2950 εὐδοκίαν
2998 2896 3300 2966 δωρήματα
3362 2897 3616 2966 ἀνὼμων.
3670 2898 3826 2951 θύων
3879 2900 4000 2951 υἱδν

2424 2970 2605 3042 ἔναντι
2634 2987 2838 3058 πατρὸς
2876 2984 3065 3051 αὑτοῦ,
3098 2985 3271 3049 οὕτως
3317 2988 3347 3038 ὁ
3379 2988 3670 3057 προσάγων
3702 2987 3896 3042 θυσίαν
3932 2992 3998 3043 ἐκ

2423 3080 2723 3152 χρημάτων
2752 3079 3019 3149 πενήτων.
3076 3073 3171 3142 Εἷς
3191 3079 3511 3149 οἰκοδομῶν,
3542 3081 3636 3134 καὶ
3683 3077 3766 3141 εἷς
3799 3080 3997 3135 καθαι-

750 3170 1053 3233 conspectu
1080 3164 1257 3235 patris
1279 3164 1391 3221 sui.
1423 3164 1577 3222 Unus
1603 3168 1911 3236 aediﬁcans,
1944 3180 2001 3224 et
2047 3188 2190 3230 unus
2220 3176 2316 3231 de-
2342 3199 2350 3241 ι

2424 3173 2553 3245 ρῶν·
2580 3173 2664 3236 τίς
2679 3171 2919 3240 ὠφέλεια
2950 3171 3129 3226 πλέων
3157 3172 3193 3242 ἢ
3223 3172 3425 3237 κόποςς
3458 3169 3540 3237 εἷς
3566 3174 3999 3245 εὖχόμενος,καὶ

752 3264 1006 3323 struens;
1034 3258 1163 3328 quid
1194 3258 1424 3328 prodest
1448 3259 1557 3313 illis
1587 3262 1690 3313 nisi
1724 3262 1927 3315 labor?
1950 3263 2104 3320 Unus
2129 3280 2321 3331 orans,

750 3353 807 3401 et
833 3362 978 3402 unus
1013 3350 1385 3415 malediceus;
1421 3349 1717 3418 cuiusnam
1765 3366 1955 3407 vocem
1988 3352 2175 3409 audiet
2217 3353 2324 3409 Do-

752 3436 973 3490 minus?
1007 3454 1027 3488 ι

820 3524 887 3582 S.
927 3525 1199 3598 Chrysa“.
1240 3559 1307 3569 —
1336 3527 1441 3596 Qui
1479 3544 1568 3584 res
1616 3529 1850 3588 alterius
1898 3544 2151 3607 usurpat,
2201 3553 2325 3594 eas-

750 3634 858 3689 que
877 3619 1033 3675 alteri
1076 3621 1293 3686 tribuit,
1323 3637 1432 3676 non
1464 3622 1633 3678 modo
1658 3624 2058 3683 misericordia:
2090 3644 2319 3688 munere

750 3725 860 3766 non
898 3711 1167 3784 fungitur,
1200 3714 1295 3770 sed
1333 3722 1390 3769 et
1418 3715 1749 3786 gravissimo
1778 3719 1987 3776 scelere
2023 3735 2084 3777 se
2113 3726 2319 3779 astrin-

752 3803 850 3872 git.
882 3803 1017 3859 Nam
1048 3806 1095 3861 si
1118 3821 1187 3861 ex
1223 3807 1292 3862 iis
1330 3822 1453 3878 qua:
1483 3816 1682 3878 praeter
1700 3810 1795 3879 jus
1824 3811 2125 3884 collegisti,
2152 3817 2320 3874 misel

751 3894 916 3962 reris,
954 3904 1008 3952 te
1035 3898 1223 3966 potius
1252 3913 1443 3953 eorum
1469 3900 1747 3967 misereat,
1782 3904 1991 3972 quibus
2022 3906 2195 3965 infers
2238 3911 2320 3964 in-

748 3984 977 4055 jtl'iam.
1010 3990 1226 4046 Etenim
1261 3992 1310 4047 is
1337 3992 1558 4048 demum
1592 3993 1721 4063 pius
1755 3994 2042 4054 habendus
2070 4007 2178 4065 est,
2207 4018 2315 4059 non

2422 3261 2503 3325 εἷς
2532 3263 2939 3330 καταριτιμενος·
2968 3265 3112 3322 τίνος
3130 3265 3312 3329 φωνῆς
3329 3265 3705 3321 είσακούσεται
3739 3270 3766 3322 ὁ
3790 3269 3999 3322 Δεσπό-

2421 3370 2599 3425 τηςς»

2507 3534 2567 3588 '0
2589 3534 2658 3587 τὰ
2684 3532 2871 3605 ἑτέρου
2901 3530 3221 3601 λαμϐάνων.
3269 3531 3364 3584 καὶ
3388 3531 3560 3603 ἑτέρῳ
3593 3531 3767 3594 διδοὺς
3807 3532 3913 3587 οὐκ
3936 3535 3999 3602 ή-

2422 3627 2636 3698 λέησεν,
2667 3625 2804 3680 ἀλλὰ
2831 3624 2927 3679 καὶ
2950 3624 3208 3693 ἠδίκησεν
3254 3623 3468 3678 ἀδικίαν
3499 3626 3600 3697 τὴν
3624 3626 3881 3696 ἐσχάτην.
3933 3628 3999 3681 Εἰ

2426 3722 2525 3792 μὲν
2554 3720 2664 3790 γὰρ
2689 3719 2858 3783 ἐλεεῖς
2885 3717 2948 3784 ἐξ
2990 3710 3065 3772 ὧν
3091 3717 3318 3784 ἀδικεῖς,
3368 3718 3590 3787 ὲλέησον
3638 3716 3732 3782 οὓς
3763 3719 3997 3783 ἀδικεῖς.

2424 3814 2668 3885 Εὐσεϐὴς
2712 3814 2820 3884 γὰρ
2848 3814 3075 3876 ἐκεῖνος,
3114 3812 3213 3882 οὐχ
3264 3811 3294 3863 ὁ
3327 3810 3555 3875 πολλοὺς
3586 3810 3771 3876 ἐλεῶν,
3815 3811 3937 3865 ἀλλ’
3968 3814 4000 3866 ὁ

2427 3905 2593 3977 μηδὲν
2612 3903 2964 3960 ἀδικῶν.”Ετι
3068 3901 3120 3955 εῖ
3134 3900 3212 3974 τι]
3238 3900 3297 3954 δὲ
3323 3902 3419 3956 καὶ
3435 3900 3594 3954 πάλιν
3614 3901 3784 3954 ἐλεεῖν
3805 3901 3996 3973 βούλῃ,

2432 4002 2655 4071 ἐλέησον
2693 3997 2801 4053 ἀπὸ
2828 3994 2936 4049 σῶν
2966 3992 3197 4066 καρπῶν
3224 3992 3592 4065 δικαιοσύνης.

750 4084 844 4154 qui
870 4085 1170 4142 multorum
1202 4090 1553 4157 misereatur,
1586 4092 1685 4147 sed
1725 4094 1820 4163 qui
1874 4095 2151 4153 neminem
2208 4100 2411 4172 injuria
2469 4097 2695 4154 alliciat.
2735 4093 2895 4162 Quod
2945 4092 2993 4148 si
3051 4090 3488 4147 misericordiam
3554 4092 3835 4162 impertire
3880 4092 3999 4166 vis,

752 4182 821 4239 de
849 4182 1083 4254 iustitiae
1121 4184 1399 4242 fructibus
1441 4188 1492 4240 id
1537 4187 1725 4245 facito.

825 4273 883 4328 Si
914 4276 1245 4346 pauperibus
1280 4279 1544 4353 seminas,
1586 4295 1710 4350 quae
1759 4290 1854 4338 tua
1886 4295 2016 4341 sunt
2051 4286 2316 4344 semines.

754 4366 947 4422 Aliena
998 4366 1274 4437 siquidem
1333 4370 1625 4426 acerbiora
1679 4373 1910 4432 zizaniis
1970 4386 2120 4432 sunt.
2185 4377 2319 4434 Nam

756 4472 948 4528 agrum
985 4460 1122 4516 colis
1151 4476 1313 4531 quem
1343 4472 1550 4519 metere
1583 4479 1691 4519 non
1718 4470 1923 4537 possis.

2490 4280 2555 4334 Ei.
2588 4276 2833 4346 σπείρεις
2860 4274 3114 4343 πτωχοῖς,
3143 4270 3213 4325 τὰ
3247 4271 3472 4326 σεαυτοῦ
3502 4275 3743 4344 σπεῖρον.
3776 4277 3860 4332 Τὰ
3889 4283 4000 4352 γὰρ

2420 4372 2678 4441 ἀλλότρια
2704 4366 2959 4432 ζιζανίων
3009 4363 3327 4437 πικρότερα·
3357 4367 3623 4437 γεωργεῖς
3650 4367 3761 4441 γὰρ
3801 4371 3997 4445 ἀγρδη

2424 4464 2483 4517 ὃν
2514 4463 2728 4534 θερίσαι
2749 4460 2809 4514 οὐ
2836 4458 3081 4513 δύνασαι.

756 4566 894 4623 ΤΙΤ.
919 4567 1069 4624 XVI.
1094 4602 1165 4649 ——_-
1189 4570 1291 4649 De_
1309 4573 1753 4649 redemptoribus.
1788 4586 1838 4649 et
1865 4581 2317 4649 procuratoribus,

2422 4580 2607 4633 ΤΙΤΔ.
2639 4577 2755 4645 ις’.
2774 4572 3000 4649 eaeo!
3032 4570 3385 4649 ἐρτξολασῷν,
3559 4573 3877 4649 ἐντολέων,
3912 4585 3999 4649 εις

1070 4641 1160 4710 qui
1190 4656 1246 4695 se
1272 4641 1326 4695 in
1348 4641 1550 4696 alienas
1579 4645 1699 4699 lites
1736 4647 2004 4715 injiciunt.

826 4726 985 4784 Prov.
1055 4745 1218 4796 nrt,
1280 4730 1469 4786 I7.—
1527 4751 1546 4785 ι
1606 4732 1762 4789 Sicut
1807 4737 1904 4806 qui
1960 4742 2321 4811 apprehendit

757 4820 988 4877 caudam
1016 4822 1194 4887 canis,
1231 4822 1315 4878 sic
1341 4824 1435 4893 qui
1476 4834 1678 4895 praeest
1709 4826 1793 4881 liti
1828 4828 2038 4886 alienae.
2088 4850 2108 4884 ι

829 4908 939 4965 Isa.
985 4926 1232 4979 xxxvut,
1298 4911 1443 4966 7.-
1490 4932 1510 4965 ‹
1570 4913 1876 4971 Consilium
1947 4919 2318 4991 improborum

760 5002 954 5073 iniqua
982 5003 1147 5059 vult:
1187 5003 1371 5060 delere
1410 5007 1648 5063 humiles
1688 5011 2041 5068 sermonibus
2072 5013 2318 5083 injustis,

756 5102 817 5150 et
840 5093 1111 5165 dissipare
1130 5110 1412 5153 sermones
1441 5113 1738 5168 pauperum
1769 5101 1822 5153 iu
1851 5101 2082 5170 judicio.
2121 5125 2141 5158 ι

833 5184 1001 5241 Eccli.
1030 5202 1184 5251 χιιι,
1212 5187 1304 5244 26.
1344 5219 1414 5228 —
1440 5208 1459 5241 ι
1494 5189 1603 5258 Qui
1647 5202 1882 5248 conatur
1928 5197 2099 5253 multa
2136 5215 2317 5271 agere,

761 5278 969 5333 incidet
991 5277 1049 5334 in
1078 5280 1361 5350 judicium.
1403 5303 1423 5335 ι

836 5368 1005 5425 Eccli.
1031 5384 1110 5433 XI,
1137 5371 1190 5426 9.
1220 5405 1290 5415 -
1322 5392 1341 5426 ι
1381 5373 1460 5429 De
1485 5375 1705 5446 negotio
1728 5379 1874 5448 quod
1920 5381 2019 5436 tibi
2064 5397 2319 5439 necessa—

767 5462 908 5517 rium
938 5478 1049 5519 non
1084 5472 1194 5533 est,
1233 5481 1302 5522 ne
1339 5468 1596 5523 certeris.
1627 5487 1646 5520 ι

768 5570 904 5629 'l'l‘l'.
945 5574 1108 5630 XVII.
1132 5606 1203 5617 —
1228 5576 1302 5632 De
1334 5578 1513 5647 probis
1538 5580 1817 5650 episcopis,
1860 5593 1909 5637 et
1941 5584 2198 5640 "tandem
2223 5585 2320 5640 Dei

1372 5652 1718 5705 servantibus.

841 5731 1006 5791 Leuit.
1041 5738 1368 5804 ut,l7,25,
1397 5738 1582 5795 ιι.-ι
1606 5739 1797 5800 Omnis
1816 5744 2051 5801 ltomoin
2070 5762 2182 5818 quo
2209 5745 2323 5804 lue-

773 5828 845 5884 rit
868 5829 1099 5896 macula,
1132 5845 1239 5888 non
1261 5832 1482 5891 accedet
1511 5842 1567 5889 ut
1591 5835 1798 5892 oll‘erat.
1821 5838 1992 5896 llumo
2015 5855 2214 5907 caecus.
2242 5845 2319 5899 vel

2557 4642 2881 4716 ἀλλοτρίας
2917 4643 3090 4709 δίκας
3117 4642 3370 4708 ἑαυτοὺς
3400 4643 3852 4712 ἐμΐαλλόντων.

2494 4761 2513 4794 ι
2529 4743 2739 4810 ’Ὠσπερ
2767 4741 2796 4793 ὁ
2812 4736 3033 4808 κρατῶν
3054 4735 3252 4806 κέρκου
3275 4735 3461 4799 κυνὸς,
3476 4736 3646 4802 οὕτως
3662 4739 3691 4791 ὁ
3713 4743 3997 4810 προεστὼς

2419 4833 2705 4904 ἀλλοτρίας
2730 4830 2987 4902 κρίσεως.
3013 4847 3031 4878 ι

2493 4945 2512 4978 ι
2543 4922 2717 4995 Βουλῆ
2747 4921 2855 4976 τῶν
2883 4919 3136 4991 πονηρῶν
3182 4921 3356 4989 ἄνομα
3387 4918 3654 4991 βούλεται,
3692 4927 3994 4995 καταφθεῖ-

2422 5036 2513 5090 ραι
2538 5018 2826 5079 ταπεινοὺς
2853 5016 2914 5069 ὲν
2932 5013 3112 5082 λόγοις
3147 5012 3376 5080 ἀδίκοις,
3405 5014 3502 5067 καὶ
3528 5014 3885 5074 διασκεδάσαι
3910 5020 3995 5075 λζ.-

2419 5126 2549 5180 γους
2576 5108 2823 5167 πενήτων
2847 5109 2906 5159 ὲν
2928 5104 3128 5173 κρίσει.
3166 5124 3184 5155 ι

2502 5202 2561 5255 Ὁ
2588 5199 2801 5254 διώκων
2832 5197 3208 5270 ὲργολάὸειαν,
3239 5197 3562 5268 ἐμπεσεῖται
3591 5199 3674 5263 εἰς
3699 5203 3904 5273 κρίσιν.
3928 5222 3947 5256 ι

2495 5396 2514 5429 ι
2546 5377 2682 5446 Περὶ
2710 5375 3031 5448 πράγματος
3066 5371 3128 5431 οὗ
3164 5379 3264 5432 οὐκ
3287 5377 3401 5433 ἔστι
3420 5396 3506 5433 σοι
3543 5380 3721 5451 χρεία,
3765 5383 3843 5457 μὴ
3875 5385 3991 5457 ἐρέ-

2422 5471 2555 5535 θιζε.
2596 5491 2613 5522 ο

2422 5587 2603 5640 ΤΙΤΛ.
2636 5585 3306 5659 ΙΖἏ-Περίέπισκόπων
3321 5586 3615 5659 χρηστῶν,
3625 5588 3731 5659 ,καί
3762 5594 3987 5659 φυλατ-

2716 5659 2940 5711 τόντων
2969 5657 3073 5722 τὰς
3099 5658 3347 5723 ἐντολὰς
3368 5658 3476 5712 τοῦ
3503 5658 3671 5714 Θεοῦ.

2500 5767 2517 5799 ι
2541 5750 2654 5812 Πᾶς
2684 5748 2987 5820 ἄνθρωπος,
3006 5741 3052 5817 ᾧ
3076 5745 3191 5822 ἂνῇ
3227 5750 3415 5819 μῶμος
3444 5753 3503 5804 ὲν
3530 5751 3698 5822 αὐτῷ,
3726 5754 3792 5806 οὐ
3822 5771 3983 5824 πρεσ-

2430 5840 2699 5895 εὶεύτετειι
2736 5842 3078 5914 πρςσςέρειν.
3122 5841 3437 5913 ’Ἄνθρωπος
3475 5844 3691 5913 τυφλὸς,
3729 5845 3764 5915 ἢ
3797 5846 3978 5915 χωλὸς,
