4206 6442
180 430 308 494 1537

1371 424 1605 485 SACRA
1643 422 2079 484 PARALLELA
2092 464 2105 480 .

3286 418 3422 485 1538

174 542 208 611 ἢ
239 537 540 609 κολοὸὁριν,
604 536 636 607 ἢ
676 536 1015 607 ἀπότμητος,
1072 536 1105 608 ἦ
1158 530 1203 605 ᾧ
1256 536 1321 591 ἂν
1362 533 1745 612 ᾖσύντριμμα
1782 539 1825 595 Α

1782 539 1825 595 Α
1853 536 2111 596 claudus,
2152 534 2234 587 vel
2274 550 2407 589 naso
2459 535 2730 594 mulilato,
2768 535 2851 589 vel
2898 533 3122 589 auribus
3172 544 3423 605 amputa-

176 628 409 699 χειρὺςῆ
439 628 620 692 ποδὸς,
651 628 684 698 ἢ
710 630 928 698 κυρτὸς,
964 627 998 697 ἢ
1030 627 1225 699 ἔφηλος
1251 629 1377 690 τοὺς
1404 628 1752 698 ὀφθαλμοὺς,

178 724 211 793 ἧ
236 721 476 785 πτιλλὸς,
505 722 537 793 ἢ
571 714 616 788 ᾧ
644 721 712 775 ἂν
812 723 870 774 ὲν
900 721 1051 792 αὐτῷ
1080 720 1238 792 ψώρα
1269 721 1459 790 ἀγρία,
1487 722 1521 791 ἢ
1551 720 1758 792 λειχὴν,

178 813 209 884 ἢ
242 812 517 884 μονόρχις.
558 813 621 865 οὐ
666 813 985 883 προσεγγιεῖ
1027 811 1119 865 τοῦ
1153 816 1542 882 προσενεγκεῖν
1569 810 1760 871 θυσίας

178 904 386 975 Κυρίῳ,
443 905 527 957 ὅτι
560 903 752 974 μῶμος
785 904 844 956 ἐν
886 902 1055 971 αὐτῷ.
1093 902 1227 955 Ἀπὸ
1282 902 1390 954 τῶν
1434 899 1622 970 δώρων
1654 899 1762 952 τῶν

179 997 348 1065 ἁγίων
375 996 634 1065 φάγεται,
661 995 800 1067 πλὴν
824 996 959 1067 πρὸς
990 996 1052 1048 τὸ
1078 994 1476 1063 καταπέτασμα
1497 995 1558 1046 οὐ
1590 1009 1757 1063 προσ-

181 1088 482 1153 ελεύσεται,
513 1090 607 1142 καὶ
638 1090 773 1159 πρὸς
816 1089 876 1141 τὸ
922 1086 1313 1157 θυσιαστήριόν
1344 1102 1444 1156 μου
1474 1086 1574 1138 οὐκ
1615 1084 1766 1153 ὲγγί-

180 1182 282 1245 ζει.
305 1178 546 1233 Γυναῖκα
577 1180 784 1251 πόρνην
826 1179 919 1232 καὶ
953 1177 1339 1250 βεϐηλωμένην
1376 1177 1440 1229 οὐ
1470 1176 1756 1248 λήψονται,

182 1276 262 1327 δτι
286 1272 435 1342 ἅγιοι
459 1272 616 1326 εἰσίν.
656 1291 675 1324 ι

262 1470 280 1503 ι
320 1452 383 1505 Οί
421 1452 588 1522 ἱερεῖς
648 1467 741 1504 σου
776 1450 1084 1505 ὲνδὺσονται
1135 1449 1517 1523 δικαιοσύνην,
1576 1450 1672 1503 καὶ
1713 1448 1763 1502 οἱ

189 1544 321 1597 ὅσιοί
355 1560 453 1596 σου
483 1544 797 1612 ἀγαλλιάσει
819 1542 1261 1611 ἀγαλλιάσονται.
1290 1562 1309 1595 ι

265 1658 283 1689 ι
311 1637 573 1701 Γνωστῶς
604 1637 886 1708 ὲπιγνώσῃ
908 1636 1085 1707 ψυχὰς
1113 1637 1361 1707 ποιμνίου
1396 1654 1514 1702 σου,
1540 1635 1634 1690 καὶ
1655 1634 1767 1689 ὲπι-

196 1732 410 1800 στήσεις
438 1731 670 1802 καρδίαν
705 1748 798 1783 σου
819 1733 939 1793 σαῖς
964 1730 1209 1798 ἀγέλαις.
1249 1748 1265 1781 ι

1861 627 1957 687 tis,
1992 626 2076 680 vel
2113 625 2424 694 cuicunque
2473 624 2641 695 510
2699 624 2861 679 fuerit
2914 626 3175 679 contritio
3229 642 3428 682 manus

1862 725 1956 770 aut
2000 715 2177 786 pedis,
2215 716 2300 769 vel
2354 717 2644 781 gihliosus.
2692 715 2774 769 vel
2827 716 3058 784 ephelus
3110 716 3311 776 oculis,
3342 717 3429 770 vel

1862 810 2220 873 maculosus;
2250 808 2333 863 vel
2370 809 2533 862 homo
2567 810 2621 861 in
2665 822 2778 877 quo
2826 806 2992 861 fuerit
3025 807 3243 861 scabies
3275 823 3431 876 agre-

1862 901 1985 964 stis,
2016 901 2104 955 vel
2140 900 2420 971 impetigo,
2460 900 2543 953 vel
2574 900 2741 953 unius
2781 899 3048 964 testiculi,
3086 916 3194 954 non
3228 917 3432 972 appro-

1862 993 2153 1064 pinquabtt
2188 995 2255 1047 ad
2306 991 2642 1047 oderendum
2698 991 2971 1046 sacriﬁcia
3014 990 3267 1056 Domino,
3300 994 3431 1062 quia

1864 1085 2075 1141 macula
2104 1093 2189 1139 est
2218 1085 2273 1139 in
2306 1100 2394 1139 eo.
2437 1084 2515 1139 Ex
2556 1084 2717 1139 donis
2749 1083 2962 1139 sanctis
2991 1082 3243 1137 comedet
3279 1103 3293 1138 :
3334 1101 3433 1139 ve-

1862 1187 2173 1234 rumtamen
2200 1177 2269 1232 ad
2299 1176 2479 1231 velum
2508 1191 2618 1230 non
2649 1176 2899 1239 accedet,
2942 1183 2996 1231 et
3021 1175 3087 1229 ad
3121 1177 3296 1229 altare
3323 1192 3434 1230 non

1864 1271 2349 1342 appropinquabit.
2379 1268 2661 1325 Mulierem
2683 1270 3027 1324 meretricem
3058 1277 3112 1325 et
3141 1268 3431 1340 profanam

1864 1376 1974 1415 non
1998 1362 2295 1432 accipient,
2332 1361 2594 1432 quoniam
2635 1362 2813 1416 sancti
2845 1371 2996 1416 sunt.
3027 1380 3047 1414 ι

1936 1452 2084 1507 Psal.
2135 1468 2333 1516 cxxxr,
2383 1453 2436 1507 9.
2476 1482 2545 1493 -—
2591 1472 2610 1505 ι
2648 1452 2975 1510 Sacerdotes
3007 1454 3082 1508 tui
3136 1452 3439 1508 induantur

1861 1544 2159 1613 justitiam,
2186 1555 2241 1601 et.
2276 1545 2451 1599 sancti
2481 1545 2558 1599 tui
2589 1543 2958 1600 exsultatione
2986 1545 3363 1599 exsultabunt.
3412 1563 3433 1596 ι

1942 1635 2102 1690 Prov.
2150 1652 2342 1700 xxvu,
2389 1637 2580 1693 25.—
2612 1655 2631 1688 ι
2689 1635 2838 1692 Scite
2873 1652 3177 1707 cognosces
3225 1639 3438 1691 animas

1867 1727 2081 1797 pecoris
2141 1728 2244 1790 tui,
2302 1734 2357 1782 et
2402 1742 2577 1797 pones
2636 1741 2734 1781 cor
2796 1735 2953 1780 tuum
3018 1742 3184 1798 super
3246 1742 3439 1799 greges

1870 1828 2015 1874 tuos.
2062 1839 2081 1871 ι

265 1932 282 1963 ι
304 1912 629 1982 Ποιμαίνετε
673 1912 743 1965 τά
773 1911 1023 1982 πρόϐατα
1065 1910 1165 1982 τῆς
1222 1912 1459 1979 σφαγῆς,
1491 1908 1527 1963 ἃ.
1553 1911 1603 1962 οί
1634 1926 1765 1981 κτη-
1794 1882 1841 1941 Β

1794 1882 1841 1941 Β
1943 1912 2106 1966 Zach.
2152 1928 2243 1975 xl,
2276 1912 2329 1965 4.
2360 1945 2427 1955 -
2465 1932 2485 1965 ι
2518 1911 2737 1969 Pascite
2770 1930 2901 1970 oves
2936 1912 3267 1975 occisionis,
3298 1927 3439 1983 quas

196 2004 416 2073 σάμενοι
458 2002 821 2073 κατέσφαζον,
872 2005 965 2057 καὶ
1008 2003 1068 2055 οὐ
1132 2000 1544 2072 μετεμελοῦντο,
1594 2000 1689 2054 καὶ
1716 2002 1765 2053 oi

194 2096 500 2161 πωλοῦντες
520 2098 658 2151 αὐτὰ
681 2096 864 2164 ἔλεγον
889 2112 902 2126 θ
938 2095 1241 2166 Εὐλογητὸς
1271 2095 1496 2165 Κὺριος,
1541 2095 1637 2149 καὶ
1665 2110 1765 2146 πε-

196 2192 605 2262 πλουτήκαμεν,
662 2191 759 2245 καὶ
786 2190 836 2244 οί
882 2189 1141 2261 ποιμένες
1169 2188 1351 2243 αὐτῶν
1384 2188 1483 2243 οὐκ
1530 2189 1767 2259 ἔπασχον

192 2280 343 2334 οὐδὲν
374 2280 463 2334 ἐπ’
495 2281 701 2344 αὐτοῖς.
1068 2284 1073 2289 ’

268 2390 288 2423 ι
307 2373 403 2425 Υίὲ
448 2372 763 2444 ἀνθρώπου,
820 2372 1025 2425 σκοπὸν
1054 2371 1263 2426 δέδωκά
1290 2390 1348 2425 σε
1382 2370 1460 2442 τῷ
1488 2370 1622 2441 οἴκῳ
1662 2368 1763 2423 Ἰσ-

198 2466 352 2537 ραὴλ,
389 2467 485 2520 καὶ⁵
506 2466 737 2521 ἀκοῦσαι
768 2467 833 2519 ὲκ
862 2465 957 2519 τοῦ
1006 2465 1272 2536 στόματός
1306 2483 1406 2536 μου
1436 2465 1614 2533 λόγον,
1674 2464 1767 2517 καὶ.

196 2559 491 2612 διαστεῖλαι
547 2558 730 2623 αὐτοῖς
780 2558 912 2630 παρ’
944 2558 1100 2629 ἐμοῦ.
1145 2559 1234 2611 Ἑν
1261 2559 1339 2630 τῷ
1387 2559 1566 2626 λέγειν
1599 2574 1665 2627 με
1690 2556 1768 2627 τῷ

196 2652 400 2722 ἀνόμῳ,
425 2652 766 2722 ἀποστρέψαι
799 2652 909 2705 ἀπὸ
931 2651 1039 2704 τῶν
1067 2652 1203 2705 ὁδῶν
1229 2650 1393 2705 αὑτοῦ
1424 2650 1518 2703 τοῦ
1550 2649 1649 2721 ζῇν
1672 2650 1768 2703 αὺ-

198 2743 303 2795 τόνο
336 2745 434 2798 ὲάν
467 2746 496 2798 ὁ
524 2744 726 2815 ἀνομος
755 2745 959 2808 ἐκεῖνος
991 2746 1057 2816 τῇ
1083 2744 1265 2816 ἀδικίᾳ
1298 2742 1464 2798 αὑτοῦ
1497 2742 1771 2812 ἀποθάνη-

199 2852 304 2899 ται,
336 2836 396 2888 τὺ
421 2830 561 2905 αἷμα
589 2836 754 2889 αὐτοῦ
778 2840 841 2890 ὲκ
873 2837 974 2906 τῆς
1005 2836 1187 2908 χειρός
1209 2854 1302 2889 σου
1329 2835 1632 2906 ὲκζητήσω.
1661 2835 1771 2888 Καὶ

203 2925 264 2976 σὺ
294 2924 387 2978 ὲάν
405 2926 683 2997 διαστείλῃ
724 2925 802 2997 τῷ
830 2926 1037 2998 ἀνόμῳ,
1065 2926 1160 2980 καὶ
1196 2926 1270 2999 μὴ
1296 2925 1615 2998 ἀποστρέψῃ
1664 2925 1772 2978 ἀπὸ

201 3020 296 3086 τῆς
322 3018 552 3090 ἀνομίας
582 3018 769 3083 αὑτοῦ,
823 3021 881 3072 ὲν
910 3022 978 3091 τῇ
1037 3019 1223 3090 ἀδικίᾳ
1272 3018 1436 3073 αὐτοῦ
1486 3017 1772 3070 ἀποθανεῖ-

200 3127 306 3171 ται.
330 3113 424 3163 καὶ
451 3111 515 3163 σὺ
546 3111 643 3181 τὴν
663 3109 844 3181 ψυχήν
871 3128 966 3164 σου
1000 3111 1159 3183 ῥύσῃ.
1197 3110 1307 3165 Kal.
1322 3110 1383 3165 ὲν
1404 3108 1485 3179 τῷ
1516 3108 1774 3180 ἀποστρέ-

1866 2006 1957 2076 qui
1991 2007 2383 2076 possederunt,
2442 2007 2877 2070 interﬁciebant,
2931 2018 2986 2061 et
3038 2021 3147 2060 non
3205 2006 3440 2075 agebant

1865 2098 2292 2170 pwnitentiam;
2343 2106 2399 2155 et
2450 2100 2550 2170 qui
2611 2100 2922 2155 vendebant
2967 2113 3084 2165 eas,
3138 2098 3437 2152 dicebant:

1865 2192 2195 2249 Benedictus
2243 2192 2532 2255 Dominus,
2588 2201 2642 2248 et
2679 2192 2881 2248 divites
2941 2190 3071 2246 facti
3118 2206 3337 2251 sumus,
3386 2198 3441 2244 ct

1866 2295 2118 2359 pastores
2152 2301 2346 2341 earum
2375 2285 2513 2340 nihil
2544 2284 2891 2355 patiebantur
2930 2299 3098 2355 super
3128 2284 3228 2339 eis.
3273 2302 3293 2336 ι

1936 2378 2129 2433 Εεεείι.
2170 2392 2235 2433 m
2258 2416 2273 2441 ,
2302 2375 2494 2434 17-21.
2525 2404 2595 2415 ——
2632 2393 2651 2427 ι
2690 2374 2796 2428 Fili
2830 2374 3093 2437 hominis,
3130 2374 3433 2444 speculato-

1866 2488 1982 2529 rem
2014 2472 2140 2527 dedi
2200 2478 2258 2527 te
2288 2469 2472 2525 domui
2511 2467 2713 2533 Israel,
2767 2476 2819 2522 et
2871 2478 2932 2522 ut
2979 2467 3170 2522 audias
3219 2483 3290 2522 ex
3342 2481 3441 2523 ore

1867 2577 1990 2618 meo
2014 2561 2265 2626 verbum,
2294 2566 2348 2615 et
2394 2558 2683 2630 praecipias
2721 2559 2802 2615 eis
2844 2573 2909 2612 ex
2952 2573 3059 2612 me.
3112 2557 3169 2611 Si
3221 2556 3441 2611 dicente

1866 2671 1955 2711 me
1986 2655 2053 2709 ad
2085 2654 2360 2725 iniquum,
2395 2661 2456 2707 ut
2492 2660 2773 2707 avertatur
2803 2667 2833 2705 a
2866 2652 2969 2706 viis
2996 2652 3135 2715 suis,
3169 2658 3223 2705 ut
3253 2651 3437 2713 vivat;

1870 2748 1917 2803 si
1956 2748 2183 2817 iniquus
2213 2746 2303 2801 ille
2336 2747 2391 2800 in
2439 2745 2727 2816 iniquitate
2774 2759 2875 2799 sua
2930 2752 3188 2799 mortuus
3249 2742 3437 2805 fuerit,

1870 2837 2191 2908 sanguinem
2238 2834 2359 2905 ejus
2413 2834 2480 2891 de
2531 2850 2696 2889 manu
2744 2843 2838 2889 tua
2891 2835 3194 2904 requiram.
3246 2833 3342 2888 Sin
3378 2839 3440 2887 tu

1871 2927 2194 2997 praeceperis
2227 2927 2448 2996 iniquo,
2486 2940 2584 2979 nec
2618 2941 2919 2981 conversus
2952 2926 3113 2981 fuerit
3143 2941 3208 2981 ex
3241 2925 3444 2995 iniqui-

1870 3026 1979 3074 tate
2010 3034 2130 3084 sua,
2172 3018 2225 3071 in
2264 3018 2534 3086 injustitia
2568 3033 2669 3073 sua
2704 3018 2985 3083 morietur,
3021 3026 3077 3071 et
3102 3026 3158 3070 tu
3197 3019 3440 3071 animam

1872 3121 2019 3165 tuam
2062 3109 2346 3163 liberabis.
2392 3107 2456 3162 Et
2491 3124 2615 3163 cum
2649 3109 2910 3163 averterit
2945 3124 3003 3163 se
3030 3113 3238 3177 justus,
3266 3116 3321 3164 et
3358 3107 3443 3163 fe-

204 3219 316 3269 φειν
348 3202 577 3268 δίκαιον,
599 3206 694 3258 καὶ
716 3205 932 3274 ποιήσει
957 3206 1334 3275 παράπτωμα,
1371 3203 1429 3256 ὲν
1447 3204 1567 3266 ταῖς
1598 3203 1774 3272 ἀμαρ-
1802 3232 1846 3294 C

1802 3232 1846 3294 ο
1875 3202 2013 3257 cerit
2043 3201 2325 3263 delictum,
2356 3202 2409 3254 in
2446 3199 2689 3270 peccatis
2735 3200 2851 3254 suis
2886 3201 3175 3265 morietur,
3207 3214 3273 3253 eo
3300 3198 3447 3269 quod

204 3296 339 3357 τίαις
368 3295 535 3348 αὐτοῦ
561 3296 932 3361 ἀποθανεῖται,
981 3296 1115 3349 διότι
1147 3297 1207 3351 οὐ
1242 3294 1317 3364 μὴ
1365 3294 1681 3364 μνησθῶσιν
1718 3295 1773 3344 αἱ

202 3387 535 3438 δικαιοσύναι
562 3382 750 3443 αὐτοῦ,
775 3381 870 3434 καὶ
894 3381 953 3433 τὸ
979 3376 1119 3451 αἷμα
1152 3381 1217 3433 ὲκ
1240 3380 1340 3451 τῆς
1362 3380 1543 3451 χειρός
1577 3398 1670 3433 σου
1686 3380 1776 3433 ὲκ-

206 3478 439 3542 ζητήσω.
485 3473 608 3525 Ἐἀν
634 3471 690 3523 δὲ
718 3471 992 3541 διαστείλῃ
1015 3470 1091 3541 τῷ
1128 3470 1320 3541 δικαίῳ
1345 3469 1440 3524 τοῦ
1477 3470 1553 3541 μὴ
1590 3471 1774 3541 ἀμαρ-

206 3566 401 3626 τάνειν,
427 3564 493 3616 σὺ
523 3564 619 3635 τὴν
650 3564 877 3617 σεαυτοῦ
904 3562 1081 3633 ψυχὴν
1117 3564 1275 3634 ῥύσῃ.
1307 3581 1326 3615 ι

276 3675 294 3707 ι
321 3651 481 3711 Οἶνον
503 3657 562 3710 οὐ
594 3656 669 3727 μὴ
713 3656 875 3709 πίωσι
907 3656 1016 3719 πᾶς
1041 3655 1218 3725 ἱερεὺς
1263 3657 1321 3709 ὲν
1351 3654 1429 3727 τῷ
1461 3653 1775 3726 εἰσπορεύε-

210 3745 328 3798 σθαι
362 3746 527 3800 αὐτὸν
555 3746 637 3809 εἰς
657 3747 756 3817 τὴν
785 3745 951 3815 αὐλὴν
979 3746 1277 3819 ἐσωτέραν.
1316 3747 1411 3801 Ἐκ
1434 3746 1651 3801 πάντων
1667 3745 1777 3799 τῶν

209 3838 470 3909 ἀπαρχῶν
492 3837 648 3907 ὑμῶν
676 3841 787 3900 τοῖς
807 3838 1039 3905 ἱερεῦσιν
1079 3837 1251 3893 ἔσται.
1292 3857 1311 3891 ι

282 3950 299 3982 ι
323 3932 387 3983 Οί
415 3928 747 3998 φυλάξαντες
778 3929 940 3992 ὁσίως
978 3929 1048 3983 τὰ
1078 3929 1218 3996 ὅσια,
1243 3930 1650 4002 ὀσιωθήσονται,
1684 3931 1777 3985 καὶ

210 4023 256 4075 oi
282 4022 623 4092 διδαχθέντες
643 4019 806 4085 αὐτὰ,
837 4020 1160 4091 εὑρήσουσιν
1183 4020 1498 4089 ἀπολογίαν.
1526 4039 1545 4073 ι

284 4222 301 4255 ι
338 4202 428 4274 Μὴ
454 4203 604 4275 ζήτει
634 4204 780 4273 παρὰ
811 4203 1001 4271 κυρίου
1055 4201 1401 4271 κηδεμονίαν,
1438 4201 1575 4273 μηδὲ
1627 4201 1777 4274 παρὰ

214 4296 472 4364 βασιλέως
518 4296 787 4367 καθέδραν
824 4297 1000 4367 δόξης.
1034 4296 1122 4349 Ἐν
1170 4296 1266 4367 ὅλῃ
1304 4296 1450 4367 ψυχῇ
1487 4312 1579 4349 σου
1615 4296 1776 4349 εὐλα-

212 4388 303 4439 ϐοῦ
328 4389 416 4441 τὸν
443 4387 666 4458 Κύριον,
704 4388 947 4450 καὶτοὺς
977 4388 1141 4457 ἱερεῖς
1173 4386 1340 4440 αὐτοῦ
1372 4385 1638 4457 θαύμαζε.
1688 4386 1778 4440 Ἐν

212 4480 306 4551 ὅλη
324 4480 551 4550 δυνάμει
590 4496 684 4533 σου
704 4478 893 4546 δόξαζε
939 4478 1032 4533 τὸν
1058 4479 1362 4550 ποιήσαντά
1383 4497 1465 4545 σε,
1506 4479 1602 4533 καὶ
1650 4479 1778 4544 τοὺς

1879 3310 1989 3345 non
2031 3302 2194 3347 eruut
2226 3293 2281 3346 in
2318 3295 2584 3345 memoria
2614 3292 2844 3358 justitia:
2892 3292 3084 3357 illius;
3131 3300 3187 3346 et
3224 3293 3449 3362 sangui-

1878 3396 1997 3435 nem
2039 3384 2159 3449 ejus
2189 3383 2256 3435 de
2297 3396 2459 3434 manu
2500 3389 2596 3434 tua
2634 3383 2933 3450 requiram.
2983 3382 3043 3437 Si
3094 3394 3275 3439 autem
3311 3400 3450 3454 prae—

1876 3473 2089 3541 ceperis
2136 3472 2286 3541 justo
2343 3481 2401 3526 ut
2448 3488 2559 3527 non
2616 3482 2829 3543 peccet,
2893 3483 2950 3529 ιιι
3007 3476 3245 3530 animam
3300 3486 3451 3532 tuam

1877 3564 2163 3620 liberabis.
2208 3584 2226 3616 ι

1946 3655 2138 3709 Ezech.
2168 3672 2316 3721 xuv,
2348 3657 2440 3723 2|,
2473 3656 2637 3712 50.—-
2671 3677 2689 3709 ι
2724 3656 2927 3713 Vinum
2957 3673 3064 3713 non
3090 3658 3240 3714 bibet
3271 3661 3453 3716 omnis

1878 3748 2161 3811 sacerdos,
2197 3750 2419 3819 quando
2447 3749 2788 3820 ingredietur
2830 3749 2886 3803 in
2947 3749 3149 3804 atrium
3193 3750 3449 3806 interius.

1877 3841 1954 3896 Ex
1978 3843 2235 3897 omnibus
2277 3843 2537 3913 primitiis
2571 3842 2799 3909 vestris,
2832 3842 3220 3898 sacerdotibus
3254 3843 3381 3898 erit.
3423 3862 3442 3894 ι

1875 3972 1879 3975 -
1945 3933 2071 4004 Sap.
2105 3950 2194 3997 v1,
2234 3936 2316 3989 ll.
2345 3962 2413 3972 —
2452 3953 2469 3986 ι
2511 3934 2618 4000 Qui
2671 3934 2823 4003 justa
2870 3933 3260 3999 custodierint,
3313 3948 3448 3990 san-

1876 4025 2313 4081 ctiﬁcabuntur:
2371 4033 2427 4079 et
2490 4027 2585 4095 qui
2633 4024 2932 4081 didicerint
2986 4024 3116 4092 ista,
3168 4020 3451 4081 invenient

1874 4116 2007 4188 quid
2040 4118 2426 4188 respondeant.
2467 4136 2486 4169 ι

1948 4208 2114 4263 Eccli.
2150 4225 2251 4274 vit,
2290 4210 2346 4276 4,
2379 4210 2467 4262 3|.
2496 4239 2563 4250 —
2594 4227 2611 4260 ι
2649 4206 2773 4263 Noli
2815 4222 3065 4277 quaerere
3120 4208 3189 4263 ab
3227 4208 3448 4265 homine

1876 4301 2161 4365 ducatum,
2215 4316 2393 4371 neque
2452 4315 2639 4371 arege
2695 4300 3016 4355 cathedram
3074 4300 3324 4357 honoris.
3389 4301 3445 4357 In

1876 4400 1991 4447 tota
2038 4393 2218 4447 anima
2242 4401 2331 4446 tua
2364 4407 2552 4463 quaere
2586 4391 2900 4457 Dominum,
2934 4402 2988 4448 et
3027 4392 3348 4448 sacerdotes
3379 4395 3445 4448 il-

1877 4484 1987 4540 lius
2024 4485 2265 4555 suscipe.
2305 4482 2363 4538 lu
2390 4484 2543 4539 omni
2594 4485 2799 4540 virtute
2849 4493 2940 4538 tua
3003 4484 3245 4555 gloriﬁea
3286 4485 3442 4539 illum

213 4572 552 4643 λειτουργοὺς
585 4572 748 4626 αὐτοῦ
800 4573 874 4643 μὴ
905 4572 1296 4645 ὲγκαταλίπῃς.
1329 4572 1500 4627 Φοσοῦ
1524 4572 1617 4627 τὸν
1657 4571 1773 4626 Κύ-
1806 4574 1851 4632 D

1806 4574 1851 4632 Ι)
1877 4576 1971 4648 qui
1997 4574 2127 4632 fecit
2154 4584 2229 4641 te,
2264 4585 2317 4631 et
2343 4576 2628 4632 ministros
2654 4576 2773 4647 ejus
2807 4592 2876 4631 ne
2892 4576 3263 4645 derelinquas.
3293 4574 3445 4630 Time

217 4683 348 4737 ριον,
395 4667 491 4719 καὶ
506 4665 725 4729 δόξασον
772 4664 944 4735 ἱερέα,
973 4664 1070 4719 καὶ
1097 4663 1184 4728 δὸς
1210 4664 1309 4735 τὴν
1349 4663 1545 4737 μερίδα
1570 4664 1773 4733 αὐτῶν,

216 4758 391 4822 καθὼς
432 4758 736 4811 ἐνετείλατό
759 4775 862 4811 σοι.
904 4775 924 4810 ι

292 4869 309 4902 ι
350 4848 674 4920 ιΗγούμενόν
687 4867 745 4902 σε
773 4847 1116 4919 κατέστησαν
1131 4866 1146 4913 ;
1169 4847 1243 4917 μὴ
1272 4847 1523 4918 ὲπαίρου.
1542 4846 1699 4901 Γίνου
1720 4847 1778 4902 ὲν

218 4942 393 5006 αὐτοῖς
438 4944 513 5007 ὡς
542 4937 621 5007 εἷς
652 4942 713 5007 ἐξ
764 4941 963 4995 αὐτῶν.
991 4942 1277 5014 Φρόπισον
1315 4941 1525 5006 αὐτῶν,
1564 4942 1657 4994 καὶ
1686 4940 1777 4993 οὖ-

220 5054 321 5099 τως
374 5036 625 5100 κάθισον,
685 5036 781 5089 καὶ
833 5037 1013 5088 πᾶσαν
1066 5034 1165 5107 τὴν
1192 5034 1382 5106 χρείαν
1416 5052 1509 5087 σου
1546 5034 1778 5105 ποιήσας

220 5128 506 5193 ἀνάπεσον,
540 5128 629 5181 ἵνα
678 5127 986 5199 εὐφρανθῇς
1022 5126 1088 5179 δι’
1128 5127 1360 5191 αὐτοὺς,
1397 5127 1492 5178 καὶ
1532 5124 1778 5187 εὐδοκίας

224 5220 373 5291 χάριν
404 5219 572 5291 λάϐῃς
595 5218 688 5274 τὸν
718 5218 1002 5287 στέφανον.
1022 5238 1040 5268 ι

295 5328 312 5361 ι
362 5309 559 5363 Ἐλθὼν
596 5311 625 5362 ὁ
684 5308 886 5379 Ἰησοῦς
916 5310 994 5371 εἰς
1042 5308 1111 5361 τά
1144 5308 1284 5379 μέρη
1310 5308 1645 5377 Καισαρείας
1679 5306 1779 5376 τῆς

220 5402 502 5465 Φιλίππου,
529 5420 547 5452 ι
581 5401 675 5454 καὶ
694 5400 762 5454 τὰ
782 5400 961 5453 λοιπά.

291 5513 311 5547 ι
342 5492 507 5549 Εἶπεν
539 5494 570 5547 δ
613 5493 814 5565 Κύριος
840 5493 915 5563 τῷ
950 5492 1157 5562 Πέτρῳο
1190 5490 1371 5560 Σίμων
1411 5490 1581 5553 Ἰωνᾶ,
1639 5488 1779 5557 ἀγα-

223 5587 327 5657 πᾷς
358 5603 453 5655 με;
495 5606 514 5638 ι

299 5695 320 5731 ι
370 5677 612 5745 Ἐγένετο
645 5676 971 5748 φιλονείκεια
1011 5676 1069 5727 ὲν
1095 5677 1205 5736 τοῖς
1254 5671 1545 5743 μαθηταῖς,
1574 5669 1656 5735 τίς
1678 5671 1777 5724 αὖ·
1808 5736 1813 5741 _

227 5770 332 5826 τῶν
356 5770 499 5824 δοκεῖ
532 5765 668 5823 εἶναι
719 5767 935 5838 μείζων.
975 5767 1033 5820 '0
1062 5766 1118 5820 δὲ
1153 5764 1359 5837 Ἰησοῦς
1401 5760 1551 5817 εἶπεν
1574 5763 1779 5825 αὐτοῖς’

228 5862 291 5919 0!
334 5862 567 5935 βασιλεῖς
606 5860 714 5918 τῶν
747 5861 915 5917 ἐθνῶν
946 5857 1431 5929 κατακυριεύουσιν
1458 5856 1658 5923 αὐτῶν,
1690 5856 1782 5909 καὶ

1878 4669 2190 4732 Dominum,
2223 4675 2277 4725 et
2309 4668 2519 4723 honora
2554 4668 2920 4733 sacerdotem,
2970 4676 3023 4722 et
3061 4666 3131 4722 da
3182 4666 3294 4722 illis
3319 4682 3447 4738 par-

1878 4765 1984 4813 tem
2018 4773 2174 4812 suam
2199 4757 2346 4812 sicut
2376 4757 2666 4811 mandavit
2698 4757 2821 4811 tibi.
2858 4775 2876 4808 ι

1950 4847 2116 4902 Eccli.
2156 4864 2340 4911 χχχιι,
2376 4848 2580 4903 1-5.-
2614 4866 2633 4899 ι
2683 4847 2971 4903 [lectorem
3011 4855 3065 4903 te
3095 4850 3447 4918 posuerunt?

1878 4938 1991 4992 noli
2024 4937 2219 4991 extolli
2254 4947 2414 4994 :esto
2452 4940 2507 4993 in
2554 4938 2664 4995 illis
2702 4940 2849 4995 sicut
2884 4956 3028 4995 unus
3054 4956 3118 4995 ex
3149 4942 3304 5009 ipsis.
3335 4940 3447 4994 Cu-

1878 5043 1993 5083 ram
2025 5029 2244 5082 illorum
2276 5028 2439 5091 habe,
2471 5039 2524 5084 et
2548 5030 2629 5084 sic
2650 5031 2896 5097 conside,
2935 5041 2990 5087 et
3008 5033 3156 5087 omni
3188 5048 3321 5086 cura
3348 5041 3443 5086 tua

1878 5118 2130 5189 explicita
2163 5118 2441 5184 recumbe,
2475 5126 2536 5173 ut
2572 5120 2775 5175 laeteris
2815 5129 3041 5191 propter
3076 5121 3216 5185 illos,
3261 5127 3317 5174 et
3349 5120 3445 5174 be-

1878 5208 2204 5264 nevolentia:
2240 5208 2469 5278 gratiam
2506 5208 2742 5277 accipias
2782 5222 3065 5263 coronam.
3102 5226 3121 5259 ι

1951 5301 2144 5355 Matth.
2182 5316 2302 5363 avt,
2339 5299 2427 5353 1'5.
2456 5331 2525 5341 —
2558 5317 2578 5351 ι
2617 5298 2780 5352 Venit
2820 5296 2982 5354 Jesus
3017 5297 3073 5352 in
3105 5302 3289 5367 partes
3326 5295 3443 5351 Cae-

1879 5410 2047 5451 sarea:
2074 5392 2328 5462 Philippi,
2369 5410 2388 5444 ι
2422 5399 2475 5447 et
2499 5406 2621 5461 quae
2647 5402 2980 5461 sequuntur.

1948 5485 2109 5540 Jaan.
2144 5500 2273 5547 nt,
2317 5484 2403 5538 16.
2436 5513 2505 5524 -
2544 5502 2562 5533 ι
2604 5481 2750 5536 Dixit
2792 5480 2954 5538 Jesus
2991 5479 3201 5536 Petro:
3249 5477 3441 5534 Simon

1878 5576 2038 5643 Jona,
2087 5576 2270 5647 diligis
2301 5591 2388 5630 me
2420 5576 2541 5645 plus
2584 5574 2711 5629 his?
2753 5592 2771 5624 ι
2808 5583 2917 5629 etc.

1950 5670 2074 5724 Luc.
2107 5682 2218 5722 χιιι
2241 5708 2255 5733 ,
2289 5666 2356 5720 24
2400 5683 2537 5736 seqq.
2573 5695 2641 5703 -—
2676 5684 2695 5717 ι
2728 5662 2895 5721 Facta
2936 5672 3019 5720 est
3042 5662 3325 5720 contentio
3355 5662 3441 5718 in-

1882 5772 1966 5817 ter
1994 5759 2326 5830 discipulos,
2373 5758 2499 5828 quis
2528 5772 2719 5812 eorum
2754 5757 3033 5811 videretur
3074 5770 3200 5810 esse
3239 5754 3437 5822 major.

1882 5855 2045 5911 Jcsus
2076 5863 2257 5909 autem
2290 5851 2427 5906 dixit
2453 5851 2535 5906 eis
2561 5869 2574 5906 :
2608 5848 2784 5920 Reges
2808 5848 3052 5921 gentium
3083 5846 3439 5904 dominantur
