4206 6442
221 413 351 483 1541

1432 409 1665 469 SACRA
1728 402 2187 465 PARALLELA.

3324 404 3465 472 1542

213 533 493 603 φιλόξενον
521 570 537 596 ,
609 527 903 599 φιλάγαθον
977 525 1248 599 σώφρονα,
1295 525 1545 591 δίκαιον,
1601 526 1782 589 ὅσιον,

1889 533 1996 572 non
2042 529 2451 586 percussorem,
2493 530 2601 570 non
2636 516 2814 587 turpis
2852 517 2996 573 lucri
3042 518 3325 589 cupidum,
3364 521 3462 577 sed

213 627 483 698 ἐγκρατῆ.
524 645 544 678 ι

284 826 305 861 ι
350 805 560 877 Μηδείς
606 822 701 859 σου
755 800 1150 876 περιφρονείτω
1179 802 1278 870 τῆς
1307 798 1577 869 νεότητος.
1626 798 1789 850 Ὑπο-

214 900 497 970 μίμνησκε
516 896 711 959 αὑτοῦς
737 896 932 967 ἀρχαῖς
957 898 1050 948 καὶ
1072 893 1343 959 ἐξουσίαις
1370 889 1784 954 ὑποτάττεσθαι,

211 990 553 1061 πειθαρχεῖν,
586 988 724 1060 πρὸς
744 989 849 1041 πᾶν
868 986 1026 1057 ἔργον
1057 985 1265 1056 ἀγαθὸν
1289 983 1541 1054 ἑτοίμους
1567 977 1730 1037 εἶναι.
1762 999 1781 1033 ι

288 1189 307 1222 ι
350 1167 833 1230 Ἐπισκοποῦντες,
857 1165 930 1237 μὴ
958 1161 1338 1233 ἀναγκαστῶς,
1356 1160 1472 1217 ἀλλ’
1497 1159 1784 1225 ἑκουσίως,

211 1260 350 1330 μηδὲ
417 1255 847 1329 αἰσχροκερδῶς,
886 1255 1023 1310 ἀλλὰ
1083 1252 1381 1326 προθύμως
1424 1250 1566 1305 κατὰ
1620 1250 1783 1303 Θεόνο

211 1348 347 1420 μηδὲ
377 1348 457 1411 ὡς
494 1346 988 1419 κατακυριεύοντες
1014 1346 1124 1399 τῶν
1158 1345 1399 1416 κλήρων,
1456 1342 1591 1396 ἀλλὰ
1619 1344 1786 1405 τύπος

207 1441 489 1510 γινόμενοι
526 1441 619 1493 τοῦ
649 1438 923 1510 ποιμνίου.
963 1457 981 1488 ι

277 1534 386 1586 Τὸν
422 1533 743 1604 προεστῶτα
790 1532 866 1603 μὴ
905 1530 1176 1601 ἐπαιρέτω
1227 1530 1289 1582 τὸ
1327 1526 1563 1599 ἀξίωμα,
1594 1529 1681 1582 ἵνα
1711 1526 1786 1600 μὴ

207 1626 421 1699 ἐκπέσῃ
456 1626 551 1680 τοῦ
616 1625 967 1697 μακαρισμοῦ
1021 1625 1122 1693 τῆς
1174 1619 1701 1692 ταπεινοφροσύνης,
1751 1618 1785 1688 ἢ

208 1719 305 1773 καὶ
329 1718 498 1780 αὐτὸς
530 1715 861 1785 τυφλωθεὶς
909 1718 996 1780 εὶς
1026 1714 1206 1780 κρίμα
1235 1709 1469 1779 ἐμπέσῃ
1507 1706 1613 1761 τοῦ
1660 1706 1785 1760 δια·

206 1812 420 1864 ϐόλον.
464 1807 606 1861 Ἀλλ’
653 1809 829 1861 ἐκεῖνο
870 1804 1170 1869 πεπείσθω,
1200 1804 1339 1872 ὃτιὴ
1374 1801 1480 1855 τῶν
1522 1799 1784 1852 πλειόνων

206 1902 500 1972 ἐπιμέλεια
542 1900 799 1954 πλειόνων
839 1900 986 1951 ἐστὶν
1019 1897 1311 1967 ὑπηρεσία.
1357 1896 1443 1957 Ὠς
1472 1890 1566 1947 οὖν
1592 1895 1620 1946 ὀ
1659 1892 1786 1945 πο).-

206 1996 319 2059 λοῖς
358 1995 459 2066 μὲν
484 1994 769 2065 ὑπηρετῶν
793 1988 1344 2062 τετραυματισμένοις
1364 2027 1379 2050 ,
1414 1986 1508 2039 καὶ
1530 1984 1781 2052 άποξύων

210 2087 310 2157 μὲν
326 2088 453 2150 τοὺς
477 2086 681 2157 ἰχῶρας
700 2085 929 2137 ἑκάστου
952 2082 1281 2153 τραύματος,
1314 2079 1605 2151 προσάγων
1629 2077 1685 2130 δὲ
1706 2077 1776 2128 τὰ

209 2176 531 2247 βοηθήματα
552 2174 693 2229 κατὰ
713 2175 811 2246 τὴν
836 2174 1067 2244 ίδιότητα
1093 2172 1193 2241 τῆς
1214 2170 1582 2241 ὑποκειμένης
1603 2168 1782 2222 κακώ-

209 2284 370 2330 σεως,
389 2268 510 2337 οὐχὶ
537 2266 823 2339 ὲπὰρσεως
834 2265 1086 2336 ἀφορμὴν
1110 2264 1210 2334 τὴν
1240 2263 1547 2335 ὑπηρεσίαν
1566 2259 1780 2331 λαμϐά-

208 2377 305 2419 νει,
346 2359 486 2414 ἀλλὰ
507 2360 707 2431 μᾶλλον
723 2357 1103 2420 ταπεινώσεως
1121 2358 1211 2410 καὶ
1229 2357 1465 2425 ἀγωνίας
1486 2370 1499 2385 ⁸
1528 2356 1621 2407 καὶ
1648 2354 1779 2407 πολὺ

206 2452 371 2505 πλέον
392 2446 543 2515 οὗτος
564 2452 592 2504 ὁ
614 2452 683 2505 τὰ
709 2450 1063 2522 ἀσθενήματα
1090 2450 1269 2504 ἰᾶσθαι
1292 2449 1393 2519 τῆς
1423 2446 1779 2517 ἀδελφότητος

208 2543 539 2608 πιστευθεὶς,
565 2544 642 2606 ὼς
664 2544 879 2598 πάντων
909 2545 1205 2614 ὑπηρέτης,
1236 2542 1330 2594 καὶ
1377 2541 1518 2610 ὑπὲρ
1560 2541 1778 2593 πάντων

208 2635 365 2704 λόγον
382 2637 521 2707 ἔχων
545 2637 749 2703 δοῦναι,
779 2637 1106 2691 διανοεῖσθαι
1146 2636 1239 2689 καὶ
1280 2635 1521 2706 ἁγωνιᾷν
1552 2634 1775 2703 ὀφείλει.

213 2728 405 2797 Τούτῳ
440 2730 548 2800 γὰρ
576 2730 653 2800 τῷ
682 2729 872 2799 τρόπῳ
899 2728 1378 2798 κατορθωθήσεται
1409 2728 1443 2780 0‘
1464 2726 1660 2789 σκοπὸς
1683 2726 1777 2779 τοῦ

207 2821 413 2891 Κυρίου
453 2821 696 2885 εἰπόντος
719 2838 733 2851 ·
762 2821 838 2875 El
865 2838 955 2887 τις
988 2822 1146 2875 θέλει
1179 2820 1250 2873 ἐν
1277 2820 1420 2888 ὑμῖν
1449 2816 1598 2874 εἶναι
1622 2818 1778 2887 πρῶ-

207 2928 330 2978 τος,
393 2914 551 2966 ἔστω
586 2911 828 2966 πάντων
878 2912 1162 2981 ἔσχατος,
1211 2910 1310 2965 καὶ
1368 2909 1608 2963 πάντων
1654 2907 1778 2962 διὰ-

208 3021 411 3070 κονος.

1891 608 2235 675 hospitalem,
2262 608 2584 678 benignum,
2609 609 2882 676 sobrium,
2912 610 3147 680 justum,
3178 622 3459 679 sanctum,

1890 700 2292 763 continentem,
2327 719 2345 751 ι
2381 710 2491 754 etc.

1962 794 2069 849 Tit.
2138 808 2213 858 ιι,
2272 792 2459 847 15.-
2509 813 2527 844 ι
2588 793 2761 849 Nemo
2817 796 3247 853 adolescentiam
3312 806 3459 854 tuam

1889 893 2226 942 contemnat.
2256 884 2507 939 Admone
2537 886 2659 943 illos
2698 887 3047 958 principibus
3088 899 3141 945 et
3177 896 3465 961 potestati—

1888 978 1990 1035 bus
2037 978 2294 1034 subditos
2327 993 2473 1044 esse,
2514 976 2659 1033 dicto
2696 978 2945 1044 obedire,
2996 982 3065 1035 ad
3120 998 3284 1038 omne
3320 999 3464 1055 opus

1886 1070 2092 1126 bonum
2133 1079 2359 1140 paratos
2391 1086 2535 1127 esse.
2579 1089 2599 1124 ι

1959 1163 1988 1217 Ι
2027 1160 2177 1216 Petr.
2225 1178 2278 1226 v,
2305 1163 2357 1216 ’5.
2394 1192 2462 1200 -
2498 1182 2516 1215 ι
2554 1162 2935 1229 Providentes,
2969 1180 3076 1218 non
3113 1177 3329 1232 coaete,
3363 1168 3463 1223 sed

1887 1263 2224 1326 spontanee;
2262 1270 2440 1324 neque
2479 1255 2659 1325 turpis
2701 1254 2841 1308 lucri
2878 1256 3082 1325 gratia,
3125 1260 3218 1310 sed
3256 1258 3459 1312 volun-

1889 1345 2028 1401 tarie
2072 1343 2375 1400 secundum
2428 1343 2597 1398 Deum
2640 1364 2652 1398 :
2697 1360 2876 1415 neque
2923 1354 2981 1399 ut
3015 1346 3372 1404 dominantes
3403 1351 3459 1405 in

1887 1435 2073 1499 cleris,
2109 1434 2206 1489 sed
2241 1432 2419 1488 forma
2451 1432 2583 1487 facti
2606 1436 2806 1505 gregis.
2846 1453 2864 1485 ι

1953 1526 2013 1580 S.
2051 1525 2218 1580 Basil.
2254 1540 2320 1579 ex
2362 1541 2556 1579 canon.
2602 1525 2834 1581 Constit.
2886 1539 3072 1597 quaest.
3106 1530 3160 1583 5.
3203 1559 3271 1568 ——
3303 1531 3460 1585 Anti-

1887 1618 2035 1673 stitis
2076 1618 2288 1673 animos
2326 1618 2569 1686 dignitas
2598 1635 2705 1672 non
2743 1621 2982 1685 attollat,
3034 1637 3100 1676 ne
3144 1622 3215 1676 ab
3244 1622 3464 1677 humili-

1888 1711 2025 1765 tatis
2070 1719 2126 1764 et
2173 1710 2459 1765 modestia-
2519 1711 2862 1766 beatitudine
2913 1713 3154 1777 excidat,
3206 1724 3301 1769 aut
3338 1717 3459 1785 ipse

1887 1802 2055 1858 etiam
2081 1802 2134 1854 in
2171 1802 2477 1869 superbiam
2517 1801 2711 1865 elatus,
2745 1804 2797 1856 in
2813 1804 3076 1873 judicium
3108 1789 3460 1862 incidatdia-

1890 1889 1996 1942 ὁοίί
2038 1887 2090 1958 (1
2135 1887 2269 1941 Tim.
2329 1905 2425 1955 ιιι,
2475 1888 2550 1952 6).
2610 1888 2752 1955 Quin
2793 1894 2975 1959 potius
3030 1894 3131 1948 hoc
3173 1895 3280 1949 sibi
3334 1911 3460 1965 pcr-

1888 1981 2137 2045 suadeat,
2174 1981 2475 2034 multormn
2526 1996 2714 2035 curam
2749 1997 2940 2051 gerere
2973 1984 3112 2038 nihil
3147 1987 3295 2040 aliud
3337 2002 3460 2043 esse

1882 2088 2047 2144 quam
2087 2072 2281 2126 multis
2311 2071 2598 2126 inservire.
2654 2072 3129 2137 Quemadmodum
3164 2076 3333 2146 igitur
3363 2080 3456 2149 qui

1881 2164 2071 2220 multis
2105 2163 2314 2218 sauciis
2358 2177 2580 2233 operam
2613 2172 2799 2227 navat,
2835 2180 2901 2219 ac
2947 2174 3060 2219 tum
3108 2167 3455 2237 singulorum

1879 2258 2167 2311 vulnerum
2208 2255 2369 2325 512
2410 2256 2617 2310 saniem
2649 2257 2847 2321 eradit,
2879 2264 2996 2312 tum
3037 2261 3237 2330 cuique
3278 2261 3457 2317 dolori

1880 2358 2319 2404 consentaneum
2342 2347 2650 2403 remedium
2682 2348 2931 2414 adhibet,
2964 2344 3054 2404 hic
3084 2367 3151 2407 ex
3182 2353 3456 2422 ejusmodi

1881 2442 2061 2497 ofﬁcio
2100 2440 2360 2496 elationis
2417 2455 2614 2497 ansam
2688 2456 3039 2512 nequaquam
3092 2445 3311 2515 arripit,
3360 2448 3458 2503 sed

1882 2534 2214 2590 humilitatis
2244 2534 2427 2604 potius
2471 2543 2526 2587 et
2570 2534 2968 2591 sollicitudinis
2999 2555 3014 2591 :
3043 2538 3239 2593 eodem
3272 2530 3456 2606 modo,

1882 2636 1937 2680 et
1965 2624 2189 2696 quidem
2217 2624 2390 2678 multo
2416 2625 2589 2694 magis
2616 2625 2665 2681 is
2698 2625 2768 2679 ad
2814 2624 3180 2697 queontius
3212 2632 3456 2688 sodalitii

1887 2716 2264 2772 inﬁrmitatum
2318 2716 2536 2771 curatio
2593 2727 2829 2787 spectat,
2888 2720 3037 2776 velut
3074 2724 3167 2791 qui
3212 2726 3456 2780 omnium

1886 2810 2138 2865 minister
2182 2808 2275 2875 sit,
2333 2809 2720 2879 rationemque
2759 2826 2861 2881 pro
2914 2813 3177 2869 omnibus
3227 2817 3459 2872 redden-

1885 2902 2008 2958 dam
2045 2901 2267 2961 haheat,
2300 2902 2377 2954 ita
2417 2901 2603 2955 animo
2642 2903 2984 2961 constitutus
3024 2920 3150 2960 esse
3178 2906 3361 2973 debet,
3394 2924 3458 2962 ac

1885 2992 2182 3065 trepidare.
2226 2992 2341 3047 lloc
2391 2997 2537 3048 enim
2581 3002 2747 3064 pacto
2793 2995 2927 3050 illud
2976 2999 3257 3066 prazstabit
3309 3002 3456 3070 quod

207 3096 310 3150 sibi
353 3097 619 3154 Dominus
664 3099 1025 3169 proponebat,
1064 3115 1188 3155 cum
1222 3100 1432 3155 diceret
1480 3118 1494 3154 :
1540 3096 1602 3154 Si
1644 3096 1761 3166 quis
1795 3093 1902 3148 vult
1938 3090 2076 3142 inter
2122 3103 2211 3141 vos
2266 3088 2471 3155 primus
2518 3105 2649 3152 esse,
2696 3092 2764 3143 sit
2817 3093 3051 3145 omnium
3113 3095 3452 3168 novissimus,

204 3198 253 3241 et
293 3193 533 3243 omnium
560 3192 800 3246 minister
830 3191 1023 3263 (Marc.
1057 3209 1135 3258 lx,
1166 3194 1283 3263 54).

287 3285 347 3338 ’0
376 3285 476 3354 τὴν
512 3287 698 3357 κοινὴν
727 3289 984 3357 φροντίδα
1031 3288 1480 3351 πεπιστευμένος,
1508 3288 1584 3347 ὡς
1630 3286 1778 3347 ὀφεί-
1809 3289 1850 3339 C

206 3376 312 3427 λων
346 3378 509 3440 λόγον
532 3370 720 3424 δοῦναι
751 3369 881 3439 περὶ
926 3368 1157 3422 ἑκάστου
1188 3368 1297 3421 τῶν
1329 3369 1773 3440 ἐμπεπιστευμέ-

205 3484 332 3527 νων,
372 3464 516 3514 οὕτω
545 3459 859 3515 διακείσθω.

273 3638 585 3693 Μανθάνειν
631 3638 1120 3709 ἁνεπαισχύντως,
1193 3640 1288 3693 καὶ
1347 3639 1617 3694 διδάσκειν
1682 3642 1775 3693 ἀν-

206 3732 531 3801 επιφθόνως,
578 3730 675 3784 καὶ
717 3732 770 3782 εἴ
806 3748 858 3784 τι
893 3731 1025 3801 παρ’
1071 3730 1262 3801 ἐτέρου
1312 3732 1640 3799 δεδίδακται,
1699 3732 1773 3802 μὴ

205 3824 584 3895 ἐπικρύπτειν,
607 3822 795 3892 ῶσπερ
837 3823 893 3875 αἱ
933 3822 1133 3891 φαῦλαι
1155 3824 1264 3877 τῶν
1288 3824 1580 3892 γυναικῶν,
1619 3826 1673 3878 αἱ
1706 3825 1775 3877 τὰ

204 3917 329 3970 νόθα
378 3914 856 3984 ὑποϐαλλόμεναιο,
886 3914 1024 3969 ἀλλὰ
1074 3915 1374 3987 κηρύσσειν
1417 3916 1774 3987 εὐγνωμόνως

201 4010 291 4063 τὸν
328 4008 546 4078 Πατέρα
577 4006 672 4060 τοῦ
702 4007 898 4077 Λόγου.

281 4187 603 4259 Ἀνθρὼπῳ,
627 4186 868 4258 χαλεποῦ
918 4187 1072 4253 ὄντος
1102 4186 1198 4242 τοῦ
1244 4189 1448 4244 εἰδέναι
1480 4190 1767 4262 ἄρχεσθαι,

202 4280 498 4335 κινδυνεύει
573 4279 774 4350 μᾶλλον
826 4279 1204 4351 χαλεπώτερον
1265 4277 1405 4334 εἶναι
1456 4282 1518 4335 τὸ
1568 4282 1766 4335 εἰδέναι

201 4376 390 4446 ἄρχειν
416 4372 718 4442 ἀνθρώπων
739 4386 756 4402 ⁸
806 4372 900 4424 καὶ
948 4372 1183 4442 μάλιστα
1205 4373 1383 4444 ἀρχὴν
1427 4374 1632 4443 ταύτην
1666 4376 1766 4446 τὴν

200 4465 495 4534 ἡμετέραν,
525 4462 623 4533 τὴν
652 4464 711 4515 ἐν
733 4462 881 4532 νόμῳ
907 4460 1035 4533 θείῳ
1064 4461 1160 4515 καὶ
1187 4462 1324 4533 πρὸς
1347 4463 1480 4518 Θεὸν
1503 4466 1764 4534 ἄγουσαν,

199 4551 265 4625 ἦς
297 4554 420 4606 ὅσον
447 4553 508 4605 τὺ
545 4551 677 4622 ὕψος
707 4553 798 4605 καὶ
831 4552 1160 4624 τὸρξίωμα,
1187 4553 1442 4610 τοσοῦτον
1467 4560 1562 4610 καὶ
1592 4559 1619 4611 ὁ
1651 4557 1765 4611 κίν-

199 4646 371 4709 δυνος.

266 4822 418 4892 Αὖτη
448 4839 531 4892 μοι
568 4822 813 4890 φαίνεται
836 4820 915 4891 τῷ
938 4820 1049 4874 ὅντι
1080 4820 1242 4893 τέχνη
1268 4839 1351 4885 τις
1375 4819 1513 4875 εἶναι
1539 4822 1763 4892 τεχνῶν,

198 4918 290 4968 καὶ
325 4916 599 4985 ἐπιστήμη
630 4914 969 4984 ἐπιστημῶν,
1004 4914 1287 4984 ἄνθρωπον
1318 4915 1470 4982 ἄγειν
1499 4914 1563 4965 τὸ
1602 4914 1765 4966 πολυ-

197 5006 546 5077 τροπιῖνιατον
578 5005 716 5069 ζῶον
744 5008 840 5060 καὶ
866 5006 1275 5059 ποικιλώτατον.

267 5102 482 5169 Ὥσπερ
528 5101 638 5162 τοῖς
670 5100 939 5170 σώμασιν,
978 5100 1037 5153 οὑ
1064 5099 1163 5169 τὴν
1192 5099 1362 5169 αὐτὴν
1410 5098 1763 5169 φαρμακείαν

197 5193 290 5245 καὶ
317 5190 523 5261 τροφὴν
555 5191 959 5263 προσφέρονται
1013 5192 1272 5257 ἅπαντες,
1304 5190 1455 5243 ἄλλοι
1479 5191 1533 5243 δὲ
1567 5190 1753 5261 ἄλλην,

196 5286 223 5354 ῆ
262 5282 633 5347 εὐεκτοῦντες,
671 5283 703 5354 ῆ
740 5283 1057 5353 κάμνοντες,
1108 5280 1249 5334 οὑτω
1308 5282 1402 5333 καὶ
1438 5280 1536 5343 τὰς
1582 5280 1758 5350 ψυχὰς

192 5374 437 5443 ὖιαςρόρῳ
461 5374 606 5444 λόγῳ
626 5375 719 5428 καὶ
744 5374 932 5444 ἀγωγῇ
964 5372 1347 5444 θεραπευτέον.
1380 5373 1670 5445 Μάρτυρες
1701 5372 1756 5425 δὲ

192 5467 286 5533 τῆς
327 5462 644 5533 θεραπείας,
678 5458 751 5517 ὧν
775 5464 866 5516 καὶ
896 5462 963 5516 τὰ
1011 5464 1177 5533 πάθη.
1209 5462 1348 5526 Τοὺς
1383 5462 1483 5533 μὲν
1511 5464 1633 5530 ἄγει
1666 5463 1755 5515 λό-

190 5572 305 5620 γος,
342 5557 390 5608 οἱ
413 5555 468 5607 δὲ
496 5554 851 5624 ρυθμίζονται
880 5555 1298 5626 παραδείγματι.
1331 5556 1394 5608 Οἱ
1421 5555 1519 5625 μὲν
1547 5554 1756 5607 δέονται

194 5648 444 5714 κέντρου,
469 5646 519 5698 οί
552 5646 608 5699 δὲ
649 5645 887 5717 χαλινοῦ.
919 5647 1029 5700 Καὶ
1072 5647 1120 5699 οἱ
1155 5647 1250 5717 μὲν
1290 5650 1397 5717 γάρ
1423 5648 1528 5699 εἱσι
1567 5646 1756 5709 νωθείς

196 5737 286 5786 καὶ
322 5736 631 5805 δυσκίνητοι
680 5738 816 5809 πρὸς
865 5737 925 5789 τὸ
948 5737 1132 5797 καλὸν,
1190 5736 1283 5801 οὒς
1323 5741 1390 5807 τῇ
1446 5737 1626 5807 πληγῇ
1658 5736 1754 5789 τοῦ

199 5826 353 5898 λξγου
386 5828 707 5900 διεγερτέον,
738 5832 785 5883 οἱ
825 5829 880 5883 δὲ
920 5829 1237 5901 θερμότεροι
1286 5828 1379 5883 τοῦ
1423 5829 1648 5900 μετρίου
1679 5828 1756 5898 τῷ

1965 3274 2100 3326 Ibid.
2132 3284 2317 3342 qiurst.
2350 3274 2441 3327 25.
2471 3303 2541 3312 οσ-
2567 3273 2671 3337 Οιιί
2700 3288 3046 3329 communem
3072 3274 3321 3328 omnium
3353 3290 3451 3328 cu-

1880 3373 1993 3411 ram
2028 3363 2291 3427 suscepit,
2324 3375 2390 3412 eo
2417 3361 2602 3413 animo
2649 3378 2774 3416 esse
2817 3362 2998 3427 debet,
3048 3373 3311 3435 tanquam
3349 3382 3451 3437 pro

1881 3464 2212 3518 unoquoque
2254 3464 2447 3516 eorum
2494 3451 2587 3520 qui
2634 3466 2751 3506 sua:
2796 3452 2921 3508 ﬁdei
2960 3456 3244 3512 commissi
3297 3470 3447 3523 sunt,

1879 3542 2149 3597 rationem
2177 3541 2250 3594 sit
2290 3541 2634 3596 redditurus.

1950 3631 2200 3700 Ejusdem
2223 3634 2375 3701 epist.
2411 3634 2536 3685 1.-
2556 3634 2780 3690 Discere
2810 3634 2929 3690 sine
2968 3636 3197 3706 pudore,
3238 3647 3294 3694 et
3324 3642 3445 3696 sine
3474 3682 3477 3689 .

1880 3724 2084 3778 invidia
2118 3722 2318 3779 docere
2361 3732 2617 3795 oportet:
2670 3728 2717 3782 si
2752 3728 2883 3797 quid
2912 3730 2981 3783 ab
3009 3730 3117 3785 alio
3157 3730 3440 3800 didiceris,

1878 3814 2102 3868 minime
2149 3814 2369 3868 silentio
2405 3814 2759 3871 dissimulare
2805 3816 3288 3887 (quemadmodum
3338 3821 3441 3873 im-

1875 3908 2060 3979 probae
2099 3908 2355 3963 mulieres
2392 3910 2591 3976 solent,
2624 3926 2747 3979 qua
2768 3911 3110 3967 adulterinos
3140 3911 3287 3968 fetus
3335 3929 3438 3984 pro

1874 4001 1991 4057 suis
2019 4002 2384 4072 supponunt),
2427 4000 2521 4057 sed
2554 4001 2791 4057 candido
2822 4004 3007 4058 animo
3038 4002 3200 4059 Verbi
3223 4003 3435 4061 Patrem

1874 4094 2199 4163 praedicare.

1941 4186 1999 4240 S.
2024 4184 2175 4257 Greg.
2214 4184 2487 4242 Nazianz.
2522 4196 2663 4243 orat.
2709 4187 2761 4240 1.
2792 4216 2863 4226 -
2885 4186 3023 4242 Cum
3057 4184 3263 4244 homini
3295 4189 3433 4244 ditii-

1870 4277 1978 4334 cile
2008 4280 2079 4333 sit
2126 4293 2296 4335 nosse
2346 4294 2564 4347 parere,
2604 4287 2721 4335 tum
2765 4294 2899 4335 vero
2946 4279 3111 4351 longe
3161 4280 3434 4337 diﬂicilius

1868 4372 2083 4428 videtur
2134 4374 2279 4430 scire
2327 4375 2650 4430 hominibus
2688 4375 2978 4443 imperare,
3023 4388 3088 4430 ac
3127 4377 3430 4446 praesertim

1870 4467 1973 4521 hoc
1993 4478 2183 4522 nostro
2216 4467 2469 4537 imperio,
2513 4467 2659 4538 quod
2707 4467 2826 4538 lege
2851 4468 3039 4522 divina
3073 4468 3433 4524 administra-

1867 4565 1959 4613 tur
1986 4565 2044 4613 et
2069 4557 2138 4613 ad
2170 4556 2342 4613 Deum
2375 4558 2531 4613 ducit
2565 4578 2579 4612 :
2628 4559 2794 4629 cujus
2826 4567 3036 4629 quanto
3064 4560 3242 4630 major
3267 4560 3435 4616 celsi-

1796 4668 1842 4724 ι)
1872 4647 2003 4703 tudo
2029 4656 2083 4702 et
2112 4648 2353 4719 dignitas
2385 4652 2477 4717 sit,
2514 4658 2668 4707 tanto
2709 4665 2932 4722 quoque
2956 4653 3178 4721 gravius
3216 4655 3433 4723 pericu-

1870 4740 1981 4794 lum
2007 4748 2111 4794 est.

1936 4826 2072 4880 Ibid.
2114 4858 2183 4867 —
2229 4826 2357 4882 Haec
2386 4826 2518 4882 mihi
2544 4844 2675 4884 vere
2725 4844 2817 4886 ars
2858 4832 3057 4887 artium
3092 4842 3148 4888 et
3199 4835 3433 4890 scientia

1866 4921 2224 4975 scientiarum
2246 4936 2371 4977 esse
2398 4921 2640 4988 videtur,
2674 4924 2953 4980 hominem
2984 4941 3194 4997 regere,
3228 4929 3433 4984 animal

1866 5012 1999 5067 illud
2038 5012 2176 5068 mire
2204 5013 2508 5083 multiplex,
2544 5022 2600 5069 et
2627 5030 2791 5085 quam
2820 5018 3057 5074 maxime
3088 5020 3328 5074 varium.

1931 5102 2069 5157 Ibid.
2106 5132 2177 5142 -—
2208 5101 2391 5158 Veluti
2432 5120 2534 5160 nec
2565 5107 2993 5175 medicamenta,
3036 5125 3139 5164 nec
3171 5111 3430 5166 alimenta

1862 5194 2049 5249 eadem
2099 5197 2427 5267 corporibus
2471 5200 2734 5255 omnibus
2789 5201 3123 5266 oﬂ‘eruntur,
3177 5204 3275 5258 sed
3322 5205 3429 5261 alia

1864 5285 2007 5347 aliis,
2034 5301 2133 5355 pro
2168 5302 2384 5353 eorum,
2418 5289 2505 5343 vel
2539 5290 2820 5355 sanitatis,
2859 5292 2943 5347 vel
2970 5292 3298 5348 valetudinis
3332 5310 3425 5349 ra-

1862 5377 2007 5431 tione
2035 5395 2047 5431 :
2086 5379 2169 5433 sic
2197 5379 2398 5433 anima:
2424 5378 2653 5436 diverso
2678 5383 2841 5439 modo
2866 5392 2920 5438 et
2948 5384 3116 5439 ductu
3139 5395 3422 5443 curantur.

1858 5468 1936 5522 Ac
1982 5472 2293 5525 curationis
2346 5480 2520 5528 testes
2573 5484 2703 5529 sunt
2757 5476 2852 5546 qui
2907 5477 3115 5532 morbis
3165 5476 3423 5544 hujusce-

1858 5560 2008 5617 modi
2044 5572 2335 5617 vexantur.
2366 5565 2523 5621 Alios
2556 5574 2738 5621 movet
2776 5568 2980 5632 oratio,
3022 5568 3121 5621 alii
3151 5568 3423 5625 antistitis

1854 5654 2107 5722 exemplo
2134 5664 2566 5723 componuntur.
2644 5657 2968 5715 Calcaribus
3015 5658 3109 5712 alii
3151 5675 3291 5731 opus
3322 5660 3421 5714 ha-

1858 5745 2009 5810 bent,
2042 5746 2130 5799 alii
2172 5746 2350 5802 freno.
2380 5747 2513 5803 Nam
2543 5750 2636 5819 qui
2679 5751 2823 5807 lente
2850 5760 2901 5806 ct
2936 5752 3176 5821 segniter
3206 5752 3273 5807 ad
3309 5752 3403 5805 vir.

1856 5842 2022 5917 tutem
2056 5843 2365 5904 moventur,
2419 5838 2473 5893 hi
2518 5840 2811 5896 verborum
2855 5840 3098 5898 stimulis
3136 5839 3415 5896 excitandi
