4206 6442
801 399 895 426 ,νὴ

797 429 859 459 μὲ
883 431 897 457 )

1944 387 2001 443 S.
2038 380 2354 443 IOANNIS
2393 381 2814 440 DAMASCENI

3849 386 3987 452 15H

758 527 922 576 sunt;
952 512 1048 581 qui
1091 523 1218 564 vero
1255 506 1458 577 spiritu
1495 503 1618 572 plus
1655 514 1817 570 quam
1863 512 1963 567 par
1997 496 2069 550 sit
2117 495 2320 547 incale-
2349 505 2389 558 Α

2355 505 2393 558 Α
2422 491 2694 562 πνεύματι
2741 494 2834 544 καὶ
2888 492 3250 546 δυτκάθεκτοι
3289 496 3408 558 ταῖς
3456 496 3674 565 ὁρμαῖς,
3729 498 3984 570 καθάπερ

757 619 943 671 scunt,
979 620 1034 662 et
1064 604 1326 675 praecipiti
1363 603 1570 669 impetu
1615 598 1885 657 fertmtur,
1918 593 2066 646 velut
2096 589 2316 658 equulei

755 702 1008 771 generosi
1061 699 1250 768 procul
1307 710 1335 746 ιι
1384 702 1528 746 meta
1575 691 1937 749 cursitantos,
1992 686 2092 738 hos
2126 683 2318 750 utique

755 793 1026 847 orationis
1085 791 1241 842 freno
1294 800 1549 840 coercere
1617 780 1955 851 praestiterit.
2007 777 2150 829 Aliis
2200 775 2320 827 laus

758 887 1003 955 prodest.
1057 881 1181 932 aliis
1215 877 1596 946 reprehensio,
1644 870 1804 925 modo
1836 879 2066 936 utraque
2111 874 2321 933 tempe-

757 951 896 1026 stiva
951 967 1362 1036 prudenterque
1413 962 1760 1014 adhibeatur.
1806 955 1957 1008 Alios
2002 951 2321 1005 adhortatio

755 1062 1002 1131 corrigit,
1032 1060 1171 1110 alios
1199 1050 1544 1122 objurgatio;
1578 1056 1745 1116 atque
1776 1046 1889 1099 haec
1920 1056 2111 1096 rursus
2147 1052 2319 1108 quos-

752 1156 900 1215 dam,
938 1153 982 1204 si
1014 1149 1193 1219 palam
1222 1150 1554 1214 arguantur;
1589 1140 1752 1202 alios,
1809 1138 1856 1190 si
1901 1132 2128 1188 remotis
2173 1128 2322 1181 arbi-

757 1249 860 1301 tris
899 1247 1270 1311 incrcpentur.
1323 1237 1466 1290 Sunt
1507 1233 1654 1299 enim
1683 1230 1780 1300 qui
1817 1227 1954 1283 nihil
1985 1232 2180 1279 curent
2211 1220 2321 1290 pri-

757 1347 913 1390 vatas
957 1331 1387 1393 admonitiones,
1430 1325 1651 1395 publica
1701 1334 1833 1373 vero
1887 1313 2322 1385 reprehensione

757 1427 1150 1488 emendentur;
1196 1427 1325 1475 sunt
1357 1430 1547 1470 rursus
1583 1411 1700 1482 qui,
1728 1425 1856 1464 cum
1883 1408 2110 1462 liberius
2135 1404 2322 1457 redar-

756 1531 1018 1591 guantur,
1056 1513 1317 1584 pudorem
1366 1521 1584 1563 omnem
1637 1505 1974 1572 abstergant,
2022 1506 2324 1564 contraque

760 1613 984 1683 privatis
1035 1603 1489 1675 castigationibus
1531 1599 1788 1652 meliores
1833 1597 1941 1647 illis
1997 1592 2152 1652 ﬁant,
2183 1601 2322 1658 quos

759 1709 930 1757 \icvni
965 1715 1124 1755 suam
1156 1701 1341 1751 dolere
1365 1692 1709 1764 perspiciunt
1735 1708 1746 1741 :
1778 1689 1880 1740 hoc
1912 1684 2158 1738 vicissim
2191 1695 2317 1733 mu-

755 1802 908 1853 neris
940 1793 1320 1865 rependcntes,
1372 1795 1430 1839 ut
1475 1799 1663 1838 eorum
1696 1779 1919 1834 monitis
1972 1786 2180 1827 morem
2229 1785 2320 1840 ge-

2417 584 2592 637 πῶλοι
2631 586 2869 651 γενναῖοι
2921 583 3027 648 ἔξω
3051 584 3152 652 τῆς
3194 585 3397 654 νύσσης
3439 585 3674 649 θέοντες.
3707 587 3849 650 Τοὺς
3884 590 3987 658 μὲν

2419 676 2640 739 ἔπαινος
2659 674 2889 745 ῶνησεν,
2918 677 3043 738 τοὺς
3069 675 3126 727 δὲ
3168 674 3337 744 ψόγος
3357 691 3371 705 ·
3406 676 3690 747 ἀμφότερα
3724 678 3864 747 μετά
3889 678 3986 731 τοῦ

2419 769 2614 838 καιροῦ
2642 769 2736 820 καὶ
2766 766 2862 820 τοῦ
2892 767 3073 835 λόγου.
3106 767 3244 831 Τοὺς
3277 767 3378 836 μὲν
3406 768 3751 839 παράκλησις
3784 787 3989 841 κατορ-

2419 860 2522 925 θοῖ,
2545 862 2672 925 τοὺς
2703 861 2760 914 δὲ
2801 859 3118 930 ἐπιτίμησις
3143 877 3157 890 ·
3187 862 3281 913 καὶ
3319 856 3496 925 αὖθις,
3532 862 3656 924 τοὺς
3697 863 3796 932 μὲν
3818 865 3877 915 ὲν
3909 864 3991 932 τῷ

2419 953 2582 1020 κοινῴ
2611 951 3077 1022 διελεγχομὲνους,
3112 952 3239 1014 τοὺς
3267 952 3323 1004 δὲ
3349 952 3605 1023 κρύόδην.
3633 954 3849 1008 Φιλοῦσι
3880 957 3990 1024 γάρ

2421 1042 2471 1092 οἱ
2505 1041 2602 1111 μὲν
2631 1044 2994 1113 καταφρονεῖν
3032 1042 3142 1095 τῶν
3194 1043 3341 1096 ίδίων
3367 1043 3807 1114 νουθετημάτων,
3845 1047 3987 1116 πλή-

2420 1134 2546 1197 θους
2575 1135 2916 1202 καταγνώσει
2952 1133 3410 1206 σωφρονιζόμενοι
3434 1154 3450 1168 ·
3475 1137 3525 1190 οἱ
3567 1137 3624 1190 δὲ
3658 1140 3792 1210 πρὸς
3825 1140 3985 1192 ἐλευ-

2421 1225 2610 1295 θερίαν
2637 1227 2746 1280 τῶν
2771 1228 3008 1298 ἐλέγχων
3037 1230 3434 1298 ἀναισχυντεῖν,
3468 1229 3545 1300 τῷ
3581 1231 3680 1300 τῆς
3723 1233 3985 1302 ἐπιτιμή-

2422 1330 2558 1415 σεως
2610 1318 2895 1415 μυστηρίῳ
2947 1320 3473 1390 παιδαγωτούμενοι,
3507 1323 3601 1374 καὶ
3631 1323 3989 1387 ἀντιδιδόντες

2418 1423 2519 1512 της
2544 1410 2889 1478 συμπαθείας
2913 1410 3011 1481 τὴν
3032 1413 3346 1466 εὐπάθειαν.
3375 1413 3496 1466 Τῶν
3519 1414 3618 1484 μὲν
3645 1419 3993 1486 παρατηρεῖν

2420 1500 2696 1568 ἐπιμελῶς
2728 1504 3045 1571 ἀναγκαῖον,
3096 1506 3258 1576 μέχρι
3293 1510 3387 1558 καὶ
3428 1507 3535 1559 τῶν
3580 1510 3988 1577 σμικροτάτων,

2422 1592 2544 1643 ὅσον
2569 1591 2628 1644 τὸ
2646 1593 2852 1660 οἴεσθαι
2873 1595 3173 1649 λανθάνειν
3200 1597 3307 1649 τῶν
3325 1598 3378 1648 δὲ
3402 1599 3548 1649 ἐστιν
3564 1598 3599 1652 ὃ.
3622 1599 3716 1650 καὶ⁵
3741 1603 3993 1670 παρορᾷ-ι

2421 1683 2662 1786 ἀμεινον,
2696 1684 2836 1736 ῶστε
2871 1688 3110 1755 ὁρῶντας
3144 1687 3220 1757 μὴ
3252 1688 3407 1758 όρᾷν,
3440 1691 3535 1741 καὶ
3574 1691 3874 1752 ἀκούοντας
3911 1693 3993 1760 μὴ

2421 1777 2642 1827 ἀκούειν
2668 1793 2680 1803 ·
2707 1777 2846 1846 μήτε
2867 1780 2933 1846 τῇ
2965 1780 3290 1848 χρηστότητι
3314 1778 3654 1849 μαλακίζειν,
3689 1781 3829 1850 μήτε
3858 1797 3990 1849 τραο

755 1900 898 1944 rant.
936 1887 1168 1953 Quidam
1199 1883 1273 1936 ita
1319 1878 1560 1934 sollicite
1600 1869 1934 1925 observandi
1967 1873 2117 1929 sunt,
2159 1871 2219 1914 ut
2256 1875 2325 1915 ne
2355 1855 2389 1914 Ε

2355 1855 2402 1914 Β
2428 1860 2609 1930 χὺνειν
2630 1865 2698 1932 τῇ
2727 1863 3075 1936 χαλεπότητι.

756 1987 985 2042 minima
1043 1979 1265 2052 quidem
1341 1988 1531 2027 eorum
1585 1976 1767 2022 errata
1827 1960 2307 2018 dissimulentur:

2355 1964 2553 2010 contra
2625 1959 2681 2011 in
2733 1961 2858 2015 aliis
2899 1964 3165 2018 nonnulla
3213 1964 3494 2035 praeterire
3558 1965 3733 2020 satius
3795 1965 3993 2030 fuerit,

757 2085 831 2135 ita
874 2088 935 2134 ut
980 2075 1230 2130 videntes
1274 2082 1381 2122 non
1443 2064 1770 2120 videmnus,
1821 2066 1876 2109 et
1925 2054 2211 2105 audientes
2253 2062 2362 2102 non
2435 2049 2747 2106 audiamus.
2817 2052 3008 2125 Neque
3065 2071 3288 2111 rursum
3365 2059 3698 2130 benignitate
3759 2059 3996 2112 nimium

755 2180 969 2247 oportet
996 2167 1271 2226 emollire,
1305 2171 1487 2226 neque
1514 2153 1811 2207 severitate
1839 2158 2190 2214 exasperare.

829 2272 962 2325 Ibid.
1003 2294 1072 2304 —-
1114 2261 1216 2315 llic
1263 2259 1482 2310 demum
1536 2246 1843 2320 spirittralis
1900 2240 2082 2294 omnis
2128 2235 2321 2308 przeie-

756 2378 929 2422 ctura:
957 2361 1082 2417 ﬁnis
1124 2371 1245 2412 esse
1283 2354 1464 2413 debet,
1493 2356 1554 2400 ut
1587 2346 1680 2415 qui
1727 2344 1927 2411 praeest
1955 2338 2169 2404 privata
2204 2329 2322 2383 ubi-

755 2473 864 2529 que
899 2448 1185 2507 commoda
1220 2459 1321 2500 sua
1347 2440 1607 2512 negligat,
1634 2443 1796 2504 atque
1836 2430 2068 2483 aliorum
2101 2420 2320 2476 utilitati

757 2549 1038 2604 consulat.

829 2641 985 2714 513
1037 2635 1225 2697 Eiusd.
1274 2639 1410 2681 orat.
1453 2625 1508 2678 in
1557 2619 1752 2675 Pasch.
1784 2645 1854 2657 —
1887 2613 2042 2668 Filiis
2094 2619 2321 2679 parcere

757 2746 978 2806 paterna
1011 2732 1093 2784 lex
1125 2737 1230 2780 est.

835 2825 1020 2894 Fjusd.
1058 2850 1130 2860 —
1157 2815 1370 2869 Alentis
1401 2809 1568 2865 etiam
1620 2799 1881 2856 alimonia
1935 2793 2184 2847 doctrina
2214 2795 2320 2842 est.

831 2884 1274 2985 bimi—Animi
1311 2902 1654 2959 serenitatem
1687 2897 1742 2946 in
1771 2884 2134 2958 objurgando,
2159 2889 2214 2935 et
2237 2896 2322 2933 se-

761 3011 1042 3063 veritatem
1077 3004 1131 3056 in
1163 2996 1433 3052 laudando
1465 2989 1719 3044 adhibere
1756 2979 2035 3038 convenit,
2077 2988 2141 3024 ac
2196 2984 2328 3022 neu-

761 3116 902 3158 trum
931 3113 1024 3169 per
1053 3088 1560 3148 immoderationem
1606 3075 1965 3135 labefactare;
1998 3079 2184 3119 verum
2224 3061 2328 3112 hoc

763 3155 1040 3265 praestare,
1072 3196 1130 3240 ut
1159 3195 1213 3241 et
1254 3191 1481 3252 paterna
1520 3169 1827 3242 objurgatio
1875 3164 1970 3226 sit,
2000 3171 2053 3215 et
2090 3155 2329 3211 laudatio

761 3246 985 3356 gravis:
1028 3281 1107 3335 sic
1140 3289 1331 3342 nempe
1365 3281 1426 3323 ut
1454 3281 1555 3321 nec
1609 3260 1864 3316 mollities
1919 3251 2185 3306 dissoluta
2236 3246 2328 3307 sit,

2497 2229 2663 2299 Οὗτος
2692 2235 2818 2304 ὅρος
2847 2236 3024 2309 πάσης
3054 2240 3423 2310 πνευματικῆς
3469 2243 3823 2312 προστασίας,
3854 2260 3992 2297 παν-

2424 2326 2592 2396 ταχοῦ
2625 2329 2686 2380 τὸ
2713 2329 2832 2381 καθ’
2873 2331 3064 2384 ἑαυτὸν
3101 2337 3347 2403 παρορᾷν
3378 2337 3514 2402 πρὸς
3560 2336 3624 2388 τὸ
3654 2337 3763 2386 τῶν
3811 2336 3994 2388 ἄλλων

2425 2419 2725 2492 συμφέρον.

2495 2605 2706 2658 Παίδων
2731 2605 3010 2675 φείδεσθαι
3035 2609 3302 2680 πατρικὸς
3331 2610 3517 2677 νόμος.

2497 2780 2687 2853 Τροςρὴ
2717 2784 2810 2836 καὶ
2832 2784 2924 2837 τοῦ
2953 2785 3243 2856 τρέφοντάς
3273 2789 3419 2841 ἐστιν
3456 2790 3489 2859 ἡ
3522 2788 3744 2852 δίδαξις.

2511 2875 2863 2945 Ἐπιτιμῆσαι
2885 2878 3153 2947 γαληνῶς,
3178 2882 3462 2933 ἐπαινέσαι
3485 2880 3868 2946 παιδευτικῶς,
3896 2883 3997 2934 καὶ

2435 2967 2727 3037 μηδέτερον
2757 2971 2820 3037 τῇ
2857 2970 3095 3040 ἀμετρίᾳ
3147 2970 3528 3040 λυμαίνεσθαι,
3573 2972 3708 3024 ἀλλὰ
3761 2973 3995 3042 ποιῆσαι

2432 3064 2530 3111 καὶ
2579 3062 2678 3129 τὴν
2740 3062 3056 3131 ἐπιτίμησιν
3118 3065 3419 3133 πατρικὴν,
3478 3065 3568 3116 καὶ
3624 3065 3715 3116 τὸν
3771 3067 3998 3117 ἔπαινον

2433 3153 2692 3222 ἀρχικόν·
2728 3155 2866 3223 μήτε
2910 3154 2972 3206 τὸ
2999 3155 3207 3208 ἁπαλὸν
3234 3155 3477 3221 ἔκλυτον,
3524 3159 3656 3226 μήτε
3694 3159 3893 3223 στὺςον
3936 3173 3998 3208 τι

2434 3245 2704 3313 αὐστηρόν
2726 3263 2740 3276 ·
2767 3247 2906 3298 ἀλλὰ
2937 3247 2999 3298 τὸ
3033 3249 3132 3317 μὲν
3167 3249 3488 3316 ἐπιείκειαν,
3525 3251 3584 3302 τὸ
3615 3250 3669 3302 δὲ
3704 3255 3994 3319 ςξρόνηςιν.

780 3319 942 3338 'lﬂ'I-‘l
971 3323 985 3335 ο
1029 3319 1107 3335 σιν
1140 3319 1261 3331 ..υ-υ
1285 3319 1330 3326 -ν
1371 3319 1424 3323 μ-
1456 3319 1481 3321 η

764 3319 865 3428 lnec
902 3369 1094 3424 acerba
1132 3319 1416 3417 severitas,
1475 3353 1570 3404 sed
1621 3348 1792 3397 altera
1842 3341 2104 3393 lenitatis.
2153 3338 2326 3381 altera
2357 3319 2389 3369 C

2357 3319 2399 3369 C
2433 3338 2528 3380 καὶ
2551 3337 2863 3396 ιριλοσοφίαν
2900 3340 3202 3397 ἀιινς-Ατςρα,

765 3462 1060 3535 prudentia:
1113 3466 1312 3514 nomen
1379 3447 1646 3502 retineat;
1702 3443 1934 3500 utraque
1988 3436 2168 3480 autem
2205 3435 2326 3476 cum

765 3549 1112 3627 philosophia
1142 3544 1434 3610 conjuncta
1467 3537 1557 3588 sit.

839 3612 1119 3713 Ejusd.——
1170 3636 1384 3700 Quanta
1442 3621 1756 3681 sublimitas
1812 3613 2163 3684 dignitasque
2223 3612 2327 3665 cst,

767 3750 916 3795 tanto
939 3748 1102 3806 grave
1132 3739 1214 3784 est
1251 3721 1572 3796 periculum.

839 3794 1027 3898 Eju:d.
1056 3853 1126 3866 -
1150 3794 1494 3877 Sacerdotes,
1541 3808 1749 3896 indpite
1773 3801 2062 3873 justitiam.
2112 3794 2334 3848 Pascua:

767 3940 898 3979 oves
940 3937 1047 3974 non
1073 3918 1468 3984 dispergamus,
1501 3921 1602 3958 nec
1632 3887 1976 3958 occidamus,
2012 3906 2107 3962 pro
2138 3887 2334 3958 quibus

769 4022 1004 4072 animam
1035 4025 1189 4066 suam
1216 4009 1390 4059 bonus
1422 4002 1512 4054 ille
1547 4007 1734 4066 pastor
1761 3990 1968 4063 posuit,
1997 3986 2090 4056 qui
2128 3997 2335 4047 cogno-

770 4107 875 4161 scit
903 4117 1054 4164 suas,
1086 4110 1140 4154 et
1168 4113 1198 4150 a
1228 4099 1343 4150 suis
1385 4087 1773 4160 cognoscitur;
1805 4083 1896 4151 qui
1929 4088 2090 4132 vocat
2115 4088 2209 4128 eas
2238 4086 2336 4124 no-

772 4198 1036 4258 minatitn,
1065 4201 1120 4246 et
1154 4188 1454 4243 introducit
1500 4196 1595 4236 eas
1626 4177 1809 4249 (Joan.
1852 4191 1907 4237 x,
1940 4175 2018 4242 '5),
2057 4179 2112 4224 et
2157 4165 2367 4220 educit~

773 4292 844 4342 ab
872 4256 1190 4340 inlidelitate
1219 4279 1284 4332 ad
1312 4277 1489 4336 ﬁdem,
1521 4281 1576 4325 et
1600 4270 1669 4322 ab
1691 4269 1858 4320 hacce
1878 4265 1990 4316 vita
2022 4261 2088 4313 ad
2115 4256 2337 4311 alterius

775 4385 894 4434 vita:
941 4380 1205 4447 requiem.
1235 4372 1539 4424 Metuamus
1571 4381 1661 4425 ne,
1694 4363 1835 4432 quod
1873 4359 2155 4425 Scriptura
2191 4367 2340 4405 cont-

777 4441 1034 4532 minatur,
1063 4466 1328 4537 judicium
1359 4477 1390 4514 ει
1427 4460 1586 4513 nobis
1614 4441 1840 4523 incipiat
1862 4449 1913 4520 (ι
1941 4449 2087 4502 Petr.
2112 4463 2183 4510 iv,
2220 4443 2338 4519 l7);

778 4581 846 4620 ne
870 4561 1109 4630 duplicia
1143 4563 1370 4628 peccata
1397 4555 1463 4608 de
1495 4565 1658 4604 manu
1694 4546 1909 4600 Domini
1955 4542 2339 4610 suscipiamus,

779 4668 830 4712 et
860 4626 982 4709 cum
1037 4626 1161 4720 ipsi
1195 4663 1306 4701 non
1363 4643 1753 4714 ingrediamur,
1789 4637 1930 4690 alios
1969 4633 2064 4702 qui
2127 4626 2336 4701 ingredi
2369 4655 2411 4710 υ

782 4752 1008 4815 possunt
1034 4739 1424 4811 prohibeamus
1447 4731 1596 4804 (Luc.
1632 4745 1710 4791 xt,
1742 4728 1854 4794 52).

855 4834 1015 4900 Oves,
1042 4841 1255 4886 vestros
1284 4835 1531 4898 pastores
1572 4831 1921 4890 nequaquam
1956 4811 2186 4884 pascite,
2239 4822 2339 4862 nec

790 4931 930 4983 ultra
964 4925 1223 4980 terminos
1259 4927 1476 4975 vestros
1524 4911 1817 4981 assurgite.
1872 4908 2055 4961 Satius
2083 4904 2239 4957 vobis
2271 4902 2344 4954 sit

791 5032 850 5077 ut
879 5029 1025 5075 recte
1075 5015 1395 5088 pascamini.
1424 5011 1730 5065 Censuram
1763 5005 1819 5058 in
1852 5001 2066 5070 judices
2089 5012 2156 5050 ne
2189 4994 2342 5048 vobis

792 5112 1077 5180 arrogetis,
1130 5123 1232 5163 nec
1276 5108 1452 5174 legum
1514 5098 1783 5154 latoribus
1833 5096 1978 5166 leges
2027 5088 2338 5158 imponatis.

794 5205 909 5259 Non
945 5206 1088 5257 enim
1116 5200 1474 5257 dissensionis
1495 5205 1550 5252 et
1579 5192 1921 5250 confusionis
1955 5190 2096 5243 Deus
2117 5192 2221 5248 est,
2246 5180 2339 5236 sed

797 5297 943 5365 pacis
971 5294 1020 5360 (Ι
1057 5294 1176 5348 Cor.
1205 5309 1317 5355 XIV,
1356 5292 1468 5359 '53).

867 5386 1216 5454 Praeceptoris
1240 5383 1432 5438 oculus
1459 5380 1623 5433 tacita
1651 5376 1900 5432 doctrina
1928 5381 2031 5429 est.

868 5475 924 5529 S.
958 5473 1108 5543 Greg.
1138 5474 1297 5541 Nyss.
1326 5501 1395 5512 —
1426 5471 1696 5535 Quantum
1738 5464 1957 5534 corpori
1983 5467 2206 5533 praestat
2229 5458 2346 5513 ani-

803 5584 941 5631 mus,
985 5575 1194 5619 tantum
1250 5579 1462 5634 quoque
1493 5565 1541 5618 is
1584 5563 1676 5631 qui
1732 5561 1927 5613 animis
1955 5555 2219 5616 medetur,
2251 5567 2346 5608 eos

833 5659 1067 5713 ntecellit
1095 5659 1188 5727 qui
1217 5672 1440 5725 corpora
1472 5656 1732 5709 duntaxat
1753 5661 1965 5706 curant.

872 5749 935 5804 S.
964 5749 1228 5818 Chrysost.
1250 5750 1343 5800 lib.
1367 5765 1423 5801 ιιι
1451 5748 1525 5802 De
1549 5748 1750 5801 sacerd.
1771 5744 2026 5798 ——Tanto
2058 5741 2346 5797 sublimius

803 5845 944 5896 conlo
974 5844 1330 5898 sacerdotium
1375 5851 1486 5899 est.
1523 5848 1723 5908 quanto
1763 5840 1984 5907 spiritus
2018 5851 2179 5889 carne
2215 5849 2338 5904 prm-

805 5937 1048 5989 stantior.

2501 3592 2662 3644 Ὅσον
2692 3591 2752 3642 τὸ
2786 3589 2920 3659 ὕψος
2948 3590 3040 3641 καὶ
3067 3589 3128 3643 τὸ
3153 3589 3392 3658 ἀξίωμα,
3416 3589 3668 3643 τοσοῦτον
3693 3595 3784 3644 καὶ
3807 3597 3836 3645 6
3876 3598 3998 3647 κίν-

2429 3685 2601 3746 δυνος.

2501 3780 2564 3831 υί
2600 3780 2781 3848 ἱερεῖς,
2812 3775 3104 3830 ἐνδύσασθε
3138 3776 3500 3844 δικαιοσύνην.
3549 3777 3638 3846 Μὴ
3667 3776 3991 3845 διασπεὶριψ

2433 3891 2536 3943 μεν
2579 3876 2650 3924 τά
2691 3871 2935 3940 πρόϐατα
2978 3870 3079 3939 τῆς
3127 3871 3379 3938 νομικῆς,
3429 3869 3522 3922 καὶ
3566 3869 3995 3939 διαφθείρωμεν,

2434 3964 2571 4032 ὑπὲρ
2603 3957 2678 4016 ῶν
2731 3963 2896 4031 ἔθηκε
2925 3963 3024 4031 τὴν
3073 3961 3250 4030 ψυχὴν
3281 3962 3308 4011 6
3342 3961 3546 4029 ποιμὴν
3567 3961 3596 4010 6
3625 3962 3812 4023 καλὸς,
3840 3965 3868 4013 6
3908 3979 3997 4027 γι-

2435 4057 2657 4108 νώσκων
2693 4056 2762 4108 τά
2791 4056 2918 4117 ἴδια,
2951 4055 3045 4106 καὶ
3085 4053 3491 4121 γινωσκόμενος
3524 4054 3628 4104 ὑπὸ
3668 4053 3778 4106 τῶν
3828 4054 3944 4105 ἰδίω
3961 4079 3998 4112 ι,

2437 4149 2530 4200 καὶ
2563 4147 2744 4199 καλῶν
2771 4149 2889 4200 κατ’
2915 4147 3106 4216 ὁνομα,
3152 4149 3247 4198 καὶ
3293 4149 3533 4212 εἰσαγων
3559 4146 3733 4213 αὐτα,
3763 4146 3863 4198 καὶ
3909 4147 4000 4208 ἐξ·

2440 4242 2586 4308 άγων
2614 4240 2721 4292 ἀπό
2742 4256 2801 4291 τε
2824 4240 3080 4299 ἀπιστίας
3103 4240 3180 4301 είς
3209 4241 3413 4303 πίστιν,
3445 4240 3539 4289 καὶ
3581 4238 3686 4290 ἀπὸ
3722 4238 3819 4306 τῆς
3853 4236 4000 4306 ξωτδς

2438 4338 2640 4403 ταύτης
2674 4337 2754 4396 είς
2793 4336 2892 4403 τὴν
2947 4333 3160 4385 ἐκεῖθεν
3183 4333 3491 4384 ἀνάπαυσιν
3512 4347 3525 4360 ο
3559 4332 3889 4399 φοϐηθῶμεν
3927 4349 4003 4399 μη

2439 4429 2532 4497 ἀφ’
2565 4429 2722 4498 ἡμῶν
2767 4430 3001 4498 ἄρξηται
3028 4429 3088 4479 τὸ
3131 4429 3303 4496 κρίμα
3353 4428 3445 4477 καὶ
3493 4426 3591 4493 τὴν
3623 4426 3885 4492 ἀπειλήν
3927 4443 4004 4492 μη

2441 4520 2691 4589 λάῧωμεν
2720 4521 2783 4571 ἐκ
2813 4517 2992 4589 χειρὸς
3023 4517 3229 4586 Κυρίου
3257 4517 3437 4589 Δδιπλᾶ.
3482 4519 3548 4566 τα
3596 4517 4001 4583 ἁμαρτήματα,

2441 4614 2591 4665 αὐτοί
2628 4629 2687 4664 τε
2727 4614 2827 4664 ουκ
2860 4613 3140 4672 εἰσιόντες,
3187 4579 3281 4662 καί
3311 4609 3435 4670 τοὺς
3466 4607 3728 4658 εἰσελθεῖν
3767 4607 4003 4674 δυναμε-

2439 4728 2559 4771 νους
2589 4708 2904 4767 κωλύοντες.

2509 4801 2591 4854 Τὰ
2615 4800 2883 4870 πρόϐατα,
2917 4795 2993 4868 μὴ
3029 4795 3344 4866 ποιμαίνετε
3379 4795 3503 4855 τους
3546 4791 3837 4859 ποιμένας,
3869 4791 4002 4859 μηδὲ

2440 4898 2579 4967 ὑπὲρ
2597 4897 2723 4957 τοὺς
2745 4894 2949 4946 ἑαυτῶν
2972 4894 3129 4961 ὅρους
3154 4888 3464 4958 ἐπαίρεσθε.
3502 4888 3685 4955 Ἀρκεῖ
3719 4887 3828 4953 γαρ
3875 4884 4004 4950 ὑμίι

2442 4994 2508 5042 ἀν
2541 4989 2722 5051 καλῶς
2775 4985 3159 5055 ποιμαίνησθε.
3203 4984 3294 5050 »1η
3345 4985 3555 5050 κρίνετε
3601 4983 3725 5039 τους
3779 4991 4002 5043 κριτας,

2446 5083 2582 5151 μηδὲ
2630 5079 2952 5148 νομοθετὶπε
2985 5080 3096 5138 τοῖς
3131 5076 3468 5144 νομοθέταις.
3516 5073 3587 5122 Ου
3636 5070 3747 5137 γάρ
3792 5071 3946 5119 ἐστιν
3980 5084 4008 5116 ο

2442 5179 2572 5239 Θεὸς
2616 5172 3023 5233 ἀκαταστασίας
3066 5171 3160 5222 καὶ
3201 5167 3450 5230 ἀταξίας,
3482 5164 3597 5218 ἀλλ’
3647 5165 3874 5232 είρῄνης
3913 5180 4009 5212 και

2442 5271 2666 5335 τάξεως.

2517 5367 2625 5419 Καὶ
2651 5364 2926 5435 ὀφθαλμὸς
2958 5359 3240 5415 παιδευτοῦ
3267 5355 3527 5410 σιωπῶσα
3555 5354 3898 5406 διδασκαλία.

2517 5459 2682 5510 Ὅσον
2729 5457 3052 5528 κρείττωνή
3097 5454 3238 5522 ψυχή
3279 5451 3371 5502 τοῦ
3437 5451 3707 5517 σώματος,
3767 5446 4010 5514 cessi-.13

2445 5552 2770 5622 τιμιώτερος
2828 5549 2935 5601 τῶν
2985 5551 3051 5600 τα
3094 5562 3320 5615 σώματα
3371 5543 3786 5612 θεραπευόντων
3826 5543 3852 5590 6
3911 5556 4009 5598 τας

2445 5645 2620 5716 ψυχάς
2649 5644 2958 5714 ἐξιώμενος.

2519 5739 2784 5793 Τοσοῦτον
2817 5736 3087 5805 ἀνώτερον
3130 5731 3399 5800 βασιλείας
3438 5731 3668 5795 ἕστηκεν
3712 5721 4008 5795 [syra-3mg.

2448 5835 2568 5884 ὅσον
2606 5830 2908 5899 πνεύματος
2937 5829 3027 5877 καὶ
3061 5822 3255 5893 σαρκὸς
3289 5822 3346 5873 τὸ
3381 5822 3559 5887 μέςηιν.
