  <div class='ocr_page' id='page_1' title='image "/cluster/home/n/w/nwhite01/storage/ocr_20150623/95/nnc1.0046979816/778.png"; bbox 0 0 4206 6442; ppageno 0'>
   <div class='ocr_carea' id='block_1_1' title="bbox 221 431 353 500">
    <p class='ocr_par' dir='ltr' id='par_1_1' title="bbox 221 431 353 500">
     <span class='ocr_line' id='line_1_1' title="bbox 221 431 353 500; baseline 0.008 -3"><span class='ocrx_word' id='word_1_1' title='bbox 221 431 353 500; x_wconf 72' lang='grc' dir='ltr'><strong>15ιὸ</strong></span> 
     </span>
    </p>
   </div>
   <div class='ocr_carea' id='block_1_2' title="bbox 283 540 1851 615">
    <p class='ocr_par' dir='ltr' id='par_1_2' title="bbox 283 540 1851 615">
     <span class='ocr_line' id='line_1_2' title="bbox 283 540 1851 615; baseline -0.001 -17"><span class='ocrx_word' id='word_1_2' title='bbox 283 545 357 598; x_wconf 86' lang='grc' dir='ltr'><strong>Οὐ</strong></span> <span class='ocrx_word' id='word_1_3' title='bbox 387 544 498 615; x_wconf 84' lang='grc' dir='ltr'><strong>γὰρ</strong></span> <span class='ocrx_word' id='word_1_4' title='bbox 526 543 641 597; x_wconf 75' lang='grc' dir='ltr'><strong>ἔστι</strong></span> <span class='ocrx_word' id='word_1_5' title='bbox 678 541 746 596; x_wconf 73' lang='grc' dir='ltr'><strong>τὰ</strong></span> <span class='ocrx_word' id='word_1_6' title='bbox 773 542 881 595; x_wconf 84' lang='grc' dir='ltr'><strong>τῶν</strong></span> <span class='ocrx_word' id='word_1_7' title='bbox 913 541 1103 614; x_wconf 78' lang='grc' dir='ltr'><strong>ἱερέων</strong></span> <span class='ocrx_word' id='word_1_8' title='bbox 1143 540 1485 613; x_wconf 76' lang='grc' dir='ltr'>κρύπτεσθαι</span> <span class='ocrx_word' id='word_1_9' title='bbox 1537 542 1774 595; x_wconf 83' lang='grc' dir='ltr'><strong>ὲλαττώ-</strong></span> <span class='ocrx_word' id='word_1_10' title='bbox 1809 540 1851 596; x_wconf 79' lang='grc' dir='ltr'><strong>Α</strong></span> 
     </span>
    </p>
   </div>
   <div class='ocr_carea' id='block_1_3' title="bbox 223 634 1785 708">
    <p class='ocr_par' dir='ltr' id='par_1_3' title="bbox 223 634 1785 708">
     <span class='ocr_line' id='line_1_3' title="bbox 223 634 1785 708; baseline -0.004 -17"><span class='ocrx_word' id='word_1_11' title='bbox 223 655 380 708; x_wconf 83' lang='grc' dir='ltr'><strong>ματα,</strong></span> <span class='ocrx_word' id='word_1_12' title='bbox 413 636 550 689; x_wconf 78' lang='grc' dir='ltr'><strong>ἀλλὰ</strong></span> <span class='ocrx_word' id='word_1_13' title='bbox 576 636 673 690; x_wconf 77' lang='grc' dir='ltr'><strong>καὶ</strong></span> <span class='ocrx_word' id='word_1_14' title='bbox 698 635 768 689; x_wconf 80' lang='grc' dir='ltr'><strong>τὰ</strong></span> <span class='ocrx_word' id='word_1_15' title='bbox 795 637 1135 706; x_wconf 74' lang='grc' dir='ltr'><strong>σμικρότατα</strong></span> <span class='ocrx_word' id='word_1_16' title='bbox 1155 634 1368 705; x_wconf 78' lang='grc' dir='ltr'><strong>ταχέως</strong></span> <span class='ocrx_word' id='word_1_17' title='bbox 1398 634 1675 706; x_wconf 82' lang='grc' dir='ltr'><strong>κατάδηλα</strong></span> <span class='ocrx_word' id='word_1_18' title='bbox 1706 634 1785 702; x_wconf 81' lang='grc' dir='ltr'><strong>γί-</strong></span> 
     </span>
    </p>
   </div>
   <div class='ocr_carea' id='block_1_4' title="bbox 225 747 383 784">
    <p class='ocr_par' dir='ltr' id='par_1_4' title="bbox 225 747 383 784">
     <span class='ocr_line' id='line_1_4' title="bbox 225 747 383 784; baseline -0.006 0"><span class='ocrx_word' id='word_1_19' title='bbox 225 747 383 784; x_wconf 70' lang='grc' dir='ltr'><strong>θεται.</strong></span> 
     </span>
    </p>
   </div>
   <div class='ocr_carea' id='block_1_5' title="bbox 282 840 1789 915">
    <p class='ocr_par' dir='ltr' id='par_1_5' title="bbox 282 840 1789 915">
     <span class='ocr_line' id='line_1_5' title="bbox 282 840 1789 915; baseline -0.005 -17"><span class='ocrx_word' id='word_1_20' title='bbox 282 844 360 898; x_wconf 85' lang='grc' dir='ltr'><strong>Οὐ</strong></span> <span class='ocrx_word' id='word_1_21' title='bbox 388 843 497 915; x_wconf 85' lang='grc' dir='ltr'><strong>χρὴ</strong></span> <span class='ocrx_word' id='word_1_22' title='bbox 524 843 627 915; x_wconf 81' lang='grc' dir='ltr'><strong>τὴν</strong></span> <span class='ocrx_word' id='word_1_23' title='bbox 659 840 874 895; x_wconf 87' lang='grc' dir='ltr'><strong>σύνεσιν</strong></span> <span class='ocrx_word' id='word_1_24' title='bbox 897 840 1086 913; x_wconf 78' lang='grc' dir='ltr'><strong>ἡλικίᾳ</strong></span> <span class='ocrx_word' id='word_1_25' title='bbox 1128 842 1355 912; x_wconf 89' lang='grc' dir='ltr'><strong>κρίνειν,</strong></span> <span class='ocrx_word' id='word_1_26' title='bbox 1386 841 1507 894; x_wconf 77' lang='grc' dir='ltr'><strong>οὐδὲ</strong></span> <span class='ocrx_word' id='word_1_27' title='bbox 1534 841 1627 893; x_wconf 78' lang='grc' dir='ltr'><strong>τὸν</strong></span> <span class='ocrx_word' id='word_1_28' title='bbox 1650 857 1789 907; x_wconf 63' lang='grc' dir='ltr'><strong>πρε-τ</strong></span> 
     </span>
    </p>
   </div>
   <div class='ocr_carea' id='block_1_6' title="bbox 220 933 1787 1006">
    <p class='ocr_par' dir='ltr' id='par_1_6' title="bbox 220 933 1787 1006">
     <span class='ocr_line' id='line_1_6' title="bbox 220 933 1787 1006; baseline -0.004 -18"><span class='ocrx_word' id='word_1_29' title='bbox 220 935 419 1006; x_wconf 84' lang='grc' dir='ltr'><strong>σϐύτην</strong></span> <span class='ocrx_word' id='word_1_30' title='bbox 446 935 556 988; x_wconf 77' lang='grc' dir='ltr'><strong>ἀπὸ</strong></span> <span class='ocrx_word' id='word_1_31' title='bbox 598 934 699 1005; x_wconf 85' lang='grc' dir='ltr'><strong>τῆς</strong></span> <span class='ocrx_word' id='word_1_32' title='bbox 742 934 935 997; x_wconf 77' lang='grc' dir='ltr'><strong>πολιᾶς</strong></span> <span class='ocrx_word' id='word_1_33' title='bbox 970 933 1308 1004; x_wconf 78' lang='grc' dir='ltr'><strong>δοκιμάζειν,</strong></span> <span class='ocrx_word' id='word_1_34' title='bbox 1353 934 1474 986; x_wconf 78' lang='grc' dir='ltr'><strong>οὐδὲ</strong></span> <span class='ocrx_word' id='word_1_35' title='bbox 1520 934 1613 987; x_wconf 76' lang='grc' dir='ltr'><strong>τὸν</strong></span> <span class='ocrx_word' id='word_1_36' title='bbox 1667 933 1787 984; x_wconf 83' lang='grc' dir='ltr'><strong>νέον</strong></span> 
     </span>
    </p>
   </div>
   <div class='ocr_carea' id='block_1_7' title="bbox 217 1023 1787 1095">
    <p class='ocr_par' dir='ltr' id='par_1_7' title="bbox 217 1023 1787 1095">
     <span class='ocr_line' id='line_1_7' title="bbox 217 1023 1787 1095; baseline -0.003 -16"><span class='ocrx_word' id='word_1_37' title='bbox 217 1026 433 1087; x_wconf 82' lang='grc' dir='ltr'><strong>πάντως</strong></span> <span class='ocrx_word' id='word_1_38' title='bbox 466 1025 755 1095; x_wconf 79' lang='grc' dir='ltr'><strong>ἀπείργειν</strong></span> <span class='ocrx_word' id='word_1_39' title='bbox 782 1026 879 1094; x_wconf 85' lang='grc' dir='ltr'><strong>τῆς</strong></span> <span class='ocrx_word' id='word_1_40' title='bbox 901 1026 1159 1093; x_wconf 81' lang='grc' dir='ltr'><strong>τοιαύτης</strong></span> <span class='ocrx_word' id='word_1_41' title='bbox 1193 1026 1493 1089; x_wconf 76' lang='grc' dir='ltr'><strong>διακονίας,</strong></span> <span class='ocrx_word' id='word_1_42' title='bbox 1524 1024 1662 1079; x_wconf 81' lang='grc' dir='ltr'><strong>ἀλλὰ</strong></span> <span class='ocrx_word' id='word_1_43' title='bbox 1696 1023 1787 1077; x_wconf 80' lang='grc' dir='ltr'><strong>τὸν</strong></span> 
     </span>
    </p>
   </div>
   <div class='ocr_carea' id='block_1_8' title="bbox 218 1115 1399 1186">
    <p class='ocr_par' dir='ltr' id='par_1_8' title="bbox 218 1115 1399 1186">
     <span class='ocr_line' id='line_1_8' title="bbox 218 1115 1399 1186; baseline 0.003 -19"><span class='ocrx_word' id='word_1_44' title='bbox 218 1115 492 1183; x_wconf 79' lang='grc' dir='ltr'><strong>νεόφυτον.</strong></span> <span class='ocrx_word' id='word_1_45' title='bbox 524 1115 667 1169; x_wconf 83' lang='grc' dir='ltr'><strong>Πολὺ</strong></span> <span class='ocrx_word' id='word_1_46' title='bbox 686 1116 742 1169; x_wconf 83' lang='grc' dir='ltr'><strong>δὲ</strong></span> <span class='ocrx_word' id='word_1_47' title='bbox 772 1116 1095 1185; x_wconf 83' lang='grc' dir='ltr'><strong>ἀμφοτέρων</strong></span> <span class='ocrx_word' id='word_1_48' title='bbox 1122 1116 1181 1168; x_wconf 84' lang='grc' dir='ltr'><strong>τὸ</strong></span> <span class='ocrx_word' id='word_1_49' title='bbox 1213 1116 1399 1186; x_wconf 82' lang='grc' dir='ltr'><strong>μέσον.</strong></span> 
     </span>
    </p>
   </div>
   <div class='ocr_carea' id='block_1_9' title="bbox 283 1313 1785 1387">
    <p class='ocr_par' dir='ltr' id='par_1_9' title="bbox 283 1313 1785 1387">
     <span class='ocr_line' id='line_1_9' title="bbox 283 1313 1785 1387; baseline 0.001 -19"><span class='ocrx_word' id='word_1_50' title='bbox 283 1316 349 1368; x_wconf 77' lang='grc' dir='ltr'>Οἱ</span> <span class='ocrx_word' id='word_1_51' title='bbox 381 1313 569 1368; x_wconf 72' lang='grc' dir='ltr'><strong>πολλοὶ</strong></span> <span class='ocrx_word' id='word_1_52' title='bbox 612 1314 743 1375; x_wconf 76' lang='grc' dir='ltr'><strong>ὅταν</strong></span> <span class='ocrx_word' id='word_1_53' title='bbox 790 1314 913 1367; x_wconf 81' lang='grc' dir='ltr'><strong>τινὰ</strong></span> <span class='ocrx_word' id='word_1_54' title='bbox 961 1315 1113 1367; x_wconf 72' lang='grc' dir='ltr'><strong>ἴδωσι</strong></span> <span class='ocrx_word' id='word_1_55' title='bbox 1143 1315 1441 1387; x_wconf 82' lang='grc' dir='ltr'><strong>χρημάτων</strong></span> <span class='ocrx_word' id='word_1_56' title='bbox 1473 1315 1785 1386; x_wconf 84' lang='grc' dir='ltr'><strong>κρείττονα,</strong></span> 
     </span>
    </p>
   </div>
   <div class='ocr_carea' id='block_1_10' title="bbox 216 1405 1788 1478">
    <p class='ocr_par' dir='ltr' id='par_1_10' title="bbox 216 1405 1788 1478">
     <span class='ocr_line' id='line_1_10' title="bbox 216 1405 1788 1478; baseline 0.001 -18"><span class='ocrx_word' id='word_1_57' title='bbox 216 1407 416 1470; x_wconf 81' lang='grc' dir='ltr'><strong>εὐθέως</strong></span> <span class='ocrx_word' id='word_1_58' title='bbox 443 1408 607 1460; x_wconf 76' lang='grc' dir='ltr'><strong>αὐτὸν</strong></span> <span class='ocrx_word' id='word_1_59' title='bbox 632 1407 939 1477; x_wconf 74' lang='grc' dir='ltr'><strong>ἐπιτήδειον</strong></span> <span class='ocrx_word' id='word_1_60' title='bbox 962 1405 1102 1460; x_wconf 77' lang='grc' dir='ltr'><strong>εἶναι</strong></span> <span class='ocrx_word' id='word_1_61' title='bbox 1138 1408 1275 1475; x_wconf 78' lang='grc' dir='ltr'><strong>πρὸς</strong></span> <span class='ocrx_word' id='word_1_62' title='bbox 1309 1407 1516 1478; x_wconf 89' lang='grc' dir='ltr'><strong>ταύτην</strong></span> <span class='ocrx_word' id='word_1_63' title='bbox 1550 1410 1788 1476; x_wconf 70' lang='grc' dir='ltr'><strong>ἀποφαί-</strong></span> 
     </span>
    </p>
   </div>
   <div class='ocr_carea' id='block_1_11' title="bbox 218 1498 1787 1574">
    <p class='ocr_par' dir='ltr' id='par_1_11' title="bbox 218 1498 1787 1574">
     <span class='ocr_line' id='line_1_11' title="bbox 218 1498 1787 1574; baseline 0.003 -22"><span class='ocrx_word' id='word_1_64' title='bbox 218 1517 394 1553; x_wconf 81' lang='grc' dir='ltr'><strong>νονται</strong></span> <span class='ocrx_word' id='word_1_65' title='bbox 438 1498 773 1569; x_wconf 77' lang='grc' dir='ltr'><strong>οἰκονομίαν.</strong></span> <span class='ocrx_word' id='word_1_66' title='bbox 820 1500 882 1553; x_wconf 85' lang='grc' dir='ltr'>Ὀ</span> <span class='ocrx_word' id='word_1_67' title='bbox 918 1500 1160 1561; x_wconf 84' lang='grc' dir='ltr'><strong>τοιοῦτος</strong></span> <span class='ocrx_word' id='word_1_68' title='bbox 1190 1500 1408 1571; x_wconf 84' lang='grc' dir='ltr'>λυμεὼν</span> <span class='ocrx_word' id='word_1_69' title='bbox 1435 1502 1502 1555; x_wconf 85' lang='grc' dir='ltr'><strong>ἂν</strong></span> <span class='ocrx_word' id='word_1_70' title='bbox 1536 1502 1621 1572; x_wconf 80' lang='grc' dir='ltr'><strong>εἴη</strong></span> <span class='ocrx_word' id='word_1_71' title='bbox 1652 1521 1787 1574; x_wconf 88' lang='grc' dir='ltr'><strong>προ-</strong></span> 
     </span>
    </p>
   </div>
   <div class='ocr_carea' id='block_1_12' title="bbox 216 1591 1218 1663">
    <p class='ocr_par' dir='ltr' id='par_1_12' title="bbox 216 1591 1218 1663">
     <span class='ocr_line' id='line_1_12' title="bbox 216 1591 1218 1663; baseline 0.002 -18"><span class='ocrx_word' id='word_1_72' title='bbox 216 1592 439 1663; x_wconf 83' lang='grc' dir='ltr'><strong>στάτης,</strong></span> <span class='ocrx_word' id='word_1_73' title='bbox 470 1592 564 1644; x_wconf 77' lang='grc' dir='ltr'><strong>καὶ</strong></span> <span class='ocrx_word' id='word_1_74' title='bbox 590 1591 754 1653; x_wconf 80' lang='grc' dir='ltr'><strong>λύκος</strong></span> <span class='ocrx_word' id='word_1_75' title='bbox 774 1592 898 1645; x_wconf 74' lang='grc' dir='ltr'><strong>ἀντὶ</strong></span> <span class='ocrx_word' id='word_1_76' title='bbox 938 1591 1218 1659; x_wconf 77' lang='grc' dir='ltr'><strong>ποιμένος.</strong></span> 
     </span>
    </p>
   </div>
   <div class='ocr_carea' id='block_1_13' title="bbox 282 1785 1783 1861">
    <p class='ocr_par' dir='ltr' id='par_1_13' title="bbox 282 1785 1783 1861">
     <span class='ocr_line' id='line_1_13' title="bbox 282 1785 1783 1861; baseline 0.002 -20"><span class='ocrx_word' id='word_1_77' title='bbox 282 1788 491 1859; x_wconf 74' lang='grc' dir='ltr'><strong>Μηδεὶς</strong></span> <span class='ocrx_word' id='word_1_78' title='bbox 519 1786 656 1857; x_wconf 88' lang='grc' dir='ltr'><strong>μήτε</strong></span> <span class='ocrx_word' id='word_1_79' title='bbox 688 1785 805 1838; x_wconf 89' lang='grc' dir='ltr'><strong>νέον</strong></span> <span class='ocrx_word' id='word_1_80' title='bbox 846 1785 1126 1860; x_wconf 80' lang='grc' dir='ltr'><strong>διαϐάλλῃ,</strong></span> <span class='ocrx_word' id='word_1_81' title='bbox 1159 1788 1297 1859; x_wconf 87' lang='grc' dir='ltr'><strong>μήτε</strong></span> <span class='ocrx_word' id='word_1_82' title='bbox 1341 1788 1573 1861; x_wconf 82' lang='grc' dir='ltr'><strong>γέροντα</strong></span> <span class='ocrx_word' id='word_1_83' title='bbox 1605 1791 1783 1859; x_wconf 80' lang='grc' dir='ltr'><strong>ἐγκω-</strong></span> 
     </span>
    </p>
   </div>
   <div class='ocr_carea' id='block_1_14' title="bbox 1465 424 2201 491">
    <p class='ocr_par' dir='ltr' id='par_1_14' title="bbox 1465 424 2201 491">
     <span class='ocr_line' id='line_1_14' title="bbox 1465 424 2201 491; baseline -0.011 -2"><span class='ocrx_word' id='word_1_84' title='bbox 1465 430 1702 491; x_wconf 82' lang='lat' dir='ltr'>SACRA</span> <span class='ocrx_word' id='word_1_85' title='bbox 1740 428 1823 484; x_wconf 71' lang='lat' dir='ltr'><strong>PA</strong></span> <span class='ocrx_word' id='word_1_86' title='bbox 1838 424 2201 484; x_wconf 81' lang='lat' dir='ltr'><strong>RALLELA.</strong></span> 
     </span>
    </p>
   </div>
   <div class='ocr_carea' id='block_1_15' title="bbox 3333 421 3469 486">
    <p class='ocr_par' dir='ltr' id='par_1_15' title="bbox 3333 421 3469 486">
     <span class='ocr_line' id='line_1_15' title="bbox 3333 421 3469 486; baseline 0 -1"><span class='ocrx_word' id='word_1_87' title='bbox 3333 421 3469 486; x_wconf 62' lang='grc'><strong>1546</strong></span> 
     </span>
    </p>
   </div>
   <div class='ocr_carea' id='block_1_16' title="bbox 1952 529 3468 600">
    <p class='ocr_par' dir='ltr' id='par_1_16' title="bbox 1952 529 3468 600">
     <span class='ocr_line' id='line_1_16' title="bbox 1952 529 3468 600; baseline 0.001 -15"><span class='ocrx_word' id='word_1_88' title='bbox 1952 530 2095 585; x_wconf 86' lang='lat' dir='ltr'><strong>Ibid.</strong></span> <span class='ocrx_word' id='word_1_89' title='bbox 2130 558 2200 571; x_wconf 84' lang='lat'><strong>—-</strong></span> <span class='ocrx_word' id='word_1_90' title='bbox 2229 529 2373 586; x_wconf 84' lang='lat' dir='ltr'><strong>Fieri</strong></span> <span class='ocrx_word' id='word_1_91' title='bbox 2420 546 2528 584; x_wconf 92' lang='lat' dir='ltr'><strong>non</strong></span> <span class='ocrx_word' id='word_1_92' title='bbox 2585 536 2767 600; x_wconf 77' lang='lat' dir='ltr'><strong>potest</strong></span> <span class='ocrx_word' id='word_1_93' title='bbox 2817 540 2877 584; x_wconf 92' lang='lat' dir='ltr'><strong>ut</strong></span> <span class='ocrx_word' id='word_1_94' title='bbox 2930 531 3279 586; x_wconf 88' lang='lat' dir='ltr'><strong>sacerdotum</strong></span> <span class='ocrx_word' id='word_1_95' title='bbox 3336 537 3468 588; x_wconf 89' lang='lat' dir='ltr'><strong>vitia</strong></span> 
     </span>
    </p>
   </div>
   <div class='ocr_carea' id='block_1_17' title="bbox 1887 621 3468 692">
    <p class='ocr_par' dir='ltr' id='par_1_17' title="bbox 1887 621 3468 692">
     <span class='ocr_line' id='line_1_17' title="bbox 1887 621 3468 692; baseline -0.001 -14"><span class='ocrx_word' id='word_1_96' title='bbox 1887 624 2124 678; x_wconf 80' lang='lat' dir='ltr'><strong>obscura</strong></span> <span class='ocrx_word' id='word_1_97' title='bbox 2152 622 2293 682; x_wconf 89' lang='lat' dir='ltr'><strong>sint;</strong></span> <span class='ocrx_word' id='word_1_98' title='bbox 2322 637 2513 676; x_wconf 83' lang='lat' dir='ltr'><strong>verum</strong></span> <span class='ocrx_word' id='word_1_99' title='bbox 2540 629 2593 676; x_wconf 90' lang='lat' dir='ltr'><strong>et</strong></span> <span class='ocrx_word' id='word_1_100' title='bbox 2624 621 2901 677; x_wconf 90' lang='lat' dir='ltr'><strong>levissima</strong></span> <span class='ocrx_word' id='word_1_101' title='bbox 2934 636 3154 692; x_wconf 88' lang='lat' dir='ltr'><strong>quoque</strong></span> <span class='ocrx_word' id='word_1_102' title='bbox 3181 624 3367 678; x_wconf 84' lang='lat' dir='ltr'><strong>statim</strong></span> <span class='ocrx_word' id='word_1_103' title='bbox 3412 624 3468 678; x_wconf 92' lang='lat' dir='ltr'><strong>in</strong></span> 
     </span>
    </p>
   </div>
   <div class='ocr_carea' id='block_1_18' title="bbox 1886 713 2545 784">
    <p class='ocr_par' dir='ltr' id='par_1_18' title="bbox 1886 713 2545 784">
     <span class='ocr_line' id='line_1_18' title="bbox 1886 713 2545 784; baseline -0.002 -17"><span class='ocrx_word' id='word_1_104' title='bbox 1886 725 2135 784; x_wconf 90' lang='lat' dir='ltr'><strong>apertum</strong></span> <span class='ocrx_word' id='word_1_105' title='bbox 2161 713 2545 783; x_wconf 77' lang='lat' dir='ltr'><strong>proferuntur.</strong></span> 
     </span>
    </p>
   </div>
   <div class='ocr_carea' id='block_1_19' title="bbox 1958 823 3473 897">
    <p class='ocr_par' dir='ltr' id='par_1_19' title="bbox 1958 823 3473 897">
     <span class='ocr_line' id='line_1_19' title="bbox 1958 823 3473 897; baseline 0.001 -18"><span class='ocrx_word' id='word_1_106' title='bbox 1958 823 2148 894; x_wconf 81' lang='lat' dir='ltr'><strong>Ejusd.</strong></span> <span class='ocrx_word' id='word_1_107' title='bbox 2172 854 2245 866; x_wconf 90' lang='lat'><strong>—-</strong></span> <span class='ocrx_word' id='word_1_108' title='bbox 2271 826 2461 896; x_wconf 80' lang='lat' dir='ltr'><strong>Neque</strong></span> <span class='ocrx_word' id='word_1_109' title='bbox 2492 823 2839 896; x_wconf 88' lang='lat' dir='ltr'><strong>prudentiam</strong></span> <span class='ocrx_word' id='word_1_110' title='bbox 2871 832 3030 880; x_wconf 82' lang='lat' dir='ltr'><strong>aetate</strong></span> <span class='ocrx_word' id='word_1_111' title='bbox 3057 824 3263 890; x_wconf 88' lang='lat' dir='ltr'><strong>metiri,</strong></span> <span class='ocrx_word' id='word_1_112' title='bbox 3291 840 3473 897; x_wconf 89' lang='lat' dir='ltr'><strong>neque</strong></span> 
     </span>
    </p>
   </div>
   <div class='ocr_carea' id='block_1_20' title="bbox 1887 919 3474 989">
    <p class='ocr_par' dir='ltr' id='par_1_20' title="bbox 1887 919 3474 989">
     <span class='ocr_line' id='line_1_20' title="bbox 1887 919 3474 989; baseline 0.001 -17"><span class='ocrx_word' id='word_1_113' title='bbox 1887 934 2072 973; x_wconf 89' lang='lat' dir='ltr'><strong>senem</strong></span> <span class='ocrx_word' id='word_1_114' title='bbox 2102 934 2169 975; x_wconf 82' lang='lat' dir='ltr'><strong>ex</strong></span> <span class='ocrx_word' id='word_1_115' title='bbox 2195 920 2399 975; x_wconf 88' lang='lat' dir='ltr'><strong>canitie</strong></span> <span class='ocrx_word' id='word_1_116' title='bbox 2440 921 2678 989; x_wconf 88' lang='lat' dir='ltr'><strong>probare</strong></span> <span class='ocrx_word' id='word_1_117' title='bbox 2711 919 2993 985; x_wconf 92' lang='lat' dir='ltr'><strong>convenit,</strong></span> <span class='ocrx_word' id='word_1_118' title='bbox 3025 935 3129 975; x_wconf 88' lang='lat' dir='ltr'><strong>nec</strong></span> <span class='ocrx_word' id='word_1_119' title='bbox 3158 934 3358 975; x_wconf 83' lang='lat' dir='ltr'><strong>rursus</strong></span> <span class='ocrx_word' id='word_1_120' title='bbox 3381 921 3474 987; x_wconf 81' lang='lat' dir='ltr'><strong>ju-</strong></span> 
     </span>
    </p>
   </div>
   <div class='ocr_carea' id='block_1_21' title="bbox 1889 1010 3474 1075">
    <p class='ocr_par' dir='ltr' id='par_1_21' title="bbox 1889 1010 3474 1075">
     <span class='ocr_line' id='line_1_21' title="bbox 1889 1010 3474 1075; baseline 0.002 -12"><span class='ocrx_word' id='word_1_121' title='bbox 1889 1026 2078 1065; x_wconf 90' lang='lat' dir='ltr'><strong>venem</strong></span> <span class='ocrx_word' id='word_1_122' title='bbox 2115 1013 2184 1065; x_wconf 92' lang='lat' dir='ltr'><strong>ab</strong></span> <span class='ocrx_word' id='word_1_123' title='bbox 2213 1010 2598 1066; x_wconf 86' lang='lat' dir='ltr'><strong>ecclesiastico</strong></span> <span class='ocrx_word' id='word_1_124' title='bbox 2631 1011 2943 1065; x_wconf 89' lang='lat' dir='ltr'><strong>ministerio</strong></span> <span class='ocrx_word' id='word_1_125' title='bbox 2997 1011 3346 1075; x_wconf 82' lang='lat' dir='ltr'><strong>submovere,</strong></span> <span class='ocrx_word' id='word_1_126' title='bbox 3374 1010 3474 1066; x_wconf 88' lang='lat' dir='ltr'><strong>sed</strong></span> 
     </span>
    </p>
   </div>
   <div class='ocr_carea' id='block_1_22' title="bbox 1888 1100 3475 1174">
    <p class='ocr_par' dir='ltr' id='par_1_22' title="bbox 1888 1100 3475 1174">
     <span class='ocr_line' id='line_1_22' title="bbox 1888 1100 3475 1174; baseline 0.001 -18"><span class='ocrx_word' id='word_1_127' title='bbox 1888 1101 2245 1172; x_wconf 87' lang='lat' dir='ltr'><strong>ne0phytum.</strong></span> <span class='ocrx_word' id='word_1_128' title='bbox 2305 1100 2454 1157; x_wconf 89' lang='lat' dir='ltr'><strong>Inter</strong></span> <span class='ocrx_word' id='word_1_129' title='bbox 2513 1115 2811 1174; x_wconf 88' lang='lat' dir='ltr'><strong>utrumque</strong></span> <span class='ocrx_word' id='word_1_130' title='bbox 2872 1117 3041 1173; x_wconf 89' lang='lat' dir='ltr'><strong>porro</strong></span> <span class='ocrx_word' id='word_1_131' title='bbox 3096 1103 3330 1157; x_wconf 90' lang='lat' dir='ltr'><strong>multum</strong></span> <span class='ocrx_word' id='word_1_132' title='bbox 3386 1113 3475 1159; x_wconf 85' lang='lat' dir='ltr'><strong>est</strong></span> 
     </span>
    </p>
   </div>
   <div class='ocr_carea' id='block_1_23' title="bbox 1886 1193 2729 1250">
    <p class='ocr_par' dir='ltr' id='par_1_23' title="bbox 1886 1193 2729 1250">
     <span class='ocr_line' id='line_1_23' title="bbox 1886 1193 2729 1250; baseline 0.001 -2"><span class='ocrx_word' id='word_1_133' title='bbox 1886 1193 2248 1250; x_wconf 83' lang='lat' dir='ltr'><strong>discriminis.</strong></span> <span class='ocrx_word' id='word_1_134' title='bbox 2726 1195 2729 1197; x_wconf 73' lang='grc'><em>’</em></span> 
     </span>
    </p>
   </div>
   <div class='ocr_carea' id='block_1_24' title="bbox 1958 1305 3473 1380">
    <p class='ocr_par' dir='ltr' id='par_1_24' title="bbox 1958 1305 3473 1380">
     <span class='ocr_line' id='line_1_24' title="bbox 1958 1305 3473 1380; baseline 0.004 -21"><span class='ocrx_word' id='word_1_135' title='bbox 1958 1305 2155 1375; x_wconf 80' lang='lat' dir='ltr'><strong>Ejusd.</strong></span> <span class='ocrx_word' id='word_1_136' title='bbox 2180 1336 2252 1349; x_wconf 90' lang='lat'><strong><em>—-</em></strong></span> <span class='ocrx_word' id='word_1_137' title='bbox 2271 1305 2428 1362; x_wconf 83' lang='lat' dir='ltr'><strong>Mulli</strong></span> <span class='ocrx_word' id='word_1_138' title='bbox 2463 1308 2710 1378; x_wconf 89' lang='lat' dir='ltr'><strong>suntqui</strong></span> <span class='ocrx_word' id='word_1_139' title='bbox 2739 1309 2904 1364; x_wconf 87' lang='lat' dir='ltr'><strong>simul</strong></span> <span class='ocrx_word' id='word_1_140' title='bbox 2935 1316 3103 1378; x_wconf 90' lang='lat' dir='ltr'><strong>atque</strong></span> <span class='ocrx_word' id='word_1_141' title='bbox 3135 1305 3378 1380; x_wconf 86' lang='lat' dir='ltr'><strong>aliquem</strong></span> <span class='ocrx_word' id='word_1_142' title='bbox 3403 1308 3473 1365; x_wconf 92' lang='lat' dir='ltr'><strong>ab</strong></span> 
     </span>
    </p>
   </div>
   <div class='ocr_carea' id='block_1_25' title="bbox 1888 1400 3475 1473">
    <p class='ocr_par' dir='ltr' id='par_1_25' title="bbox 1888 1400 3475 1473">
     <span class='ocr_line' id='line_1_25' title="bbox 1888 1400 3475 1473; baseline 0.004 -21"><span class='ocrx_word' id='word_1_143' title='bbox 1888 1400 2086 1469; x_wconf 85' lang='lat' dir='ltr'><strong>opibus</strong></span> <span class='ocrx_word' id='word_1_144' title='bbox 2107 1400 2496 1455; x_wconf 85' lang='lat' dir='ltr'><strong>abhorrentem</strong></span> <span class='ocrx_word' id='word_1_145' title='bbox 2520 1400 2778 1465; x_wconf 89' lang='lat' dir='ltr'><strong>viderint,</strong></span> <span class='ocrx_word' id='word_1_146' title='bbox 2805 1403 3061 1473; x_wconf 85' lang='lat' dir='ltr'><strong>protinus</strong></span> <span class='ocrx_word' id='word_1_147' title='bbox 3098 1419 3222 1459; x_wconf 92' lang='lat' dir='ltr'><strong>eum</strong></span> <span class='ocrx_word' id='word_1_148' title='bbox 3249 1404 3319 1459; x_wconf 83' lang='lat' dir='ltr'><strong>ad</strong></span> <span class='ocrx_word' id='word_1_149' title='bbox 3368 1405 3475 1459; x_wconf 81' lang='lat' dir='ltr'><strong>hu-</strong></span> 
     </span>
    </p>
   </div>
   <div class='ocr_carea' id='block_1_26' title="bbox 1885 1491 3475 1568">
    <p class='ocr_par' dir='ltr' id='par_1_26' title="bbox 1885 1491 3475 1568">
     <span class='ocr_line' id='line_1_26' title="bbox 1885 1491 3475 1568; baseline 0.003 -22"><span class='ocrx_word' id='word_1_150' title='bbox 1885 1491 2125 1562; x_wconf 85' lang='lat' dir='ltr'><strong>jusmodi</strong></span> <span class='ocrx_word' id='word_1_151' title='bbox 2159 1507 2363 1547; x_wconf 92' lang='lat' dir='ltr'><strong>munus</strong></span> <span class='ocrx_word' id='word_1_152' title='bbox 2397 1492 2713 1549; x_wconf 89' lang='lat' dir='ltr'><strong>obeundum</strong></span> <span class='ocrx_word' id='word_1_153' title='bbox 2739 1495 2995 1551; x_wconf 88' lang='lat' dir='ltr'><strong>idoneum</strong></span> <span class='ocrx_word' id='word_1_154' title='bbox 3019 1507 3271 1552; x_wconf 84' lang='lat' dir='ltr'><strong>censent.</strong></span> <span class='ocrx_word' id='word_1_155' title='bbox 3306 1496 3475 1568; x_wconf 81' lang='lat' dir='ltr'><strong>Atqui</strong></span> 
     </span>
    </p>
   </div>
   <div class='ocr_carea' id='block_1_27' title="bbox 1888 1585 3473 1659">
    <p class='ocr_par' dir='ltr' id='par_1_27' title="bbox 1888 1585 3473 1659">
     <span class='ocr_line' id='line_1_27' title="bbox 1888 1585 3473 1659; baseline 0.003 -20"><span class='ocrx_word' id='word_1_156' title='bbox 1888 1585 2003 1640; x_wconf 85' lang='lat' dir='ltr'><strong>ﬁeri</strong></span> <span class='ocrx_word' id='word_1_157' title='bbox 2058 1592 2240 1656; x_wconf 82' lang='lat' dir='ltr'><strong>potest</strong></span> <span class='ocrx_word' id='word_1_158' title='bbox 2271 1592 2331 1639; x_wconf 93' lang='lat' dir='ltr'><strong>ut</strong></span> <span class='ocrx_word' id='word_1_159' title='bbox 2375 1585 2423 1642; x_wconf 92' lang='lat' dir='ltr'><strong>is</strong></span> <span class='ocrx_word' id='word_1_160' title='bbox 2471 1586 2741 1657; x_wconf 87' lang='lat' dir='ltr'><strong>pestilens</strong></span> <span class='ocrx_word' id='word_1_161' title='bbox 2777 1588 3013 1643; x_wconf 81' lang='lat' dir='ltr'><strong>antistes</strong></span> <span class='ocrx_word' id='word_1_162' title='bbox 3051 1589 3146 1656; x_wconf 87' lang='lat' dir='ltr'><strong>sit,</strong></span> <span class='ocrx_word' id='word_1_163' title='bbox 3179 1604 3245 1645; x_wconf 89' lang='lat' dir='ltr'><strong>ac</strong></span> <span class='ocrx_word' id='word_1_164' title='bbox 3288 1589 3473 1659; x_wconf 85' lang='lat' dir='ltr'><strong>lupus,</strong></span> 
     </span>
    </p>
   </div>
   <div class='ocr_carea' id='block_1_28' title="bbox 1887 1680 2247 1743">
    <p class='ocr_par' dir='ltr' id='par_1_28' title="bbox 1887 1680 2247 1743">
     <span class='ocr_line' id='line_1_28' title="bbox 1887 1680 2247 1743; baseline 0 -16"><span class='ocrx_word' id='word_1_165' title='bbox 1887 1688 1997 1728; x_wconf 92' lang='lat' dir='ltr'><strong>non</strong></span> <span class='ocrx_word' id='word_1_166' title='bbox 2035 1680 2247 1743; x_wconf 88' lang='lat' dir='ltr'><strong>pastor.</strong></span> 
     </span>
    </p>
   </div>
   <div class='ocr_carea' id='block_1_29' title="bbox 1961 1777 3471 1864">
    <p class='ocr_par' dir='ltr' id='par_1_29' title="bbox 1961 1777 3471 1864">
     <span class='ocr_line' id='line_1_29' title="bbox 1961 1777 3471 1864; baseline 0.005 -22"><span class='ocrx_word' id='word_1_167' title='bbox 1961 1787 2238 1859; x_wconf 77' lang='lat' dir='ltr'><strong>Ejusdem,</strong></span> <span class='ocrx_word' id='word_1_168' title='bbox 2290 1800 2429 1845; x_wconf 81' lang='lat' dir='ltr'><strong>orat.</strong></span> <span class='ocrx_word' id='word_1_169' title='bbox 2480 1792 2507 1847; x_wconf 79' lang='grc'><strong>1</strong></span> <span class='ocrx_word' id='word_1_170' title='bbox 2556 1792 2613 1846; x_wconf 85' lang='lat' dir='ltr'><strong>in</strong></span> <span class='ocrx_word' id='word_1_171' title='bbox 2664 1790 2797 1847; x_wconf 79' lang='lat' dir='ltr'><strong>Psal</strong></span> <span class='ocrx_word' id='word_1_172' title='bbox 2851 1808 2902 1846; x_wconf 88' lang='lat' dir='ltr'><strong>L.</strong></span> <span class='ocrx_word' id='word_1_173' title='bbox 2942 1790 3151 1849; x_wconf 83' lang='lat' dir='ltr'><strong>—-Nec</strong></span> <span class='ocrx_word' id='word_1_174' title='bbox 3209 1777 3471 1864; x_wconf 80' lang='lat' dir='ltr'><strong>juvenem</strong></span> 
     </span>
    </p>
   </div>
   <div class='ocr_carea' id='block_1_30' title="bbox 220 1878 1802 1954">
    <p class='ocr_par' dir='ltr' id='par_1_30' title="bbox 220 1878 1782 1954">
     <span class='ocr_line' id='line_1_30' title="bbox 220 1878 1782 1954; baseline 0.004 -23"><span class='ocrx_word' id='word_1_175' title='bbox 220 1879 409 1951; x_wconf 75' lang='grc' dir='ltr'><strong>μιὰζῃ.</strong></span> <span class='ocrx_word' id='word_1_176' title='bbox 446 1878 582 1932; x_wconf 73' lang='grc' dir='ltr'><strong>Οὔτε</strong></span> <span class='ocrx_word' id='word_1_177' title='bbox 609 1879 718 1948; x_wconf 84' lang='grc' dir='ltr'><strong>γὰρ</strong></span> <span class='ocrx_word' id='word_1_178' title='bbox 752 1879 971 1949; x_wconf 72' lang='grc' dir='ltr'><strong>ήπολιὰ</strong></span> <span class='ocrx_word' id='word_1_179' title='bbox 1005 1880 1196 1952; x_wconf 80' lang='grc' dir='ltr'><strong>ἁρετὴ,</strong></span> <span class='ocrx_word' id='word_1_180' title='bbox 1228 1880 1353 1935; x_wconf 79' lang='grc' dir='ltr'><strong>οὔτε</strong></span> <span class='ocrx_word' id='word_1_181' title='bbox 1386 1884 1418 1954; x_wconf 85' lang='grc' dir='ltr'><strong>ή</strong></span> <span class='ocrx_word' id='word_1_182' title='bbox 1453 1884 1643 1952; x_wconf 84' lang='grc' dir='ltr'><strong>νεότης</strong></span> <span class='ocrx_word' id='word_1_183' title='bbox 1685 1903 1782 1938; x_wconf 85' lang='grc' dir='ltr'><strong>κα-</strong></span> 
     </span>
    </p>
   </div>
   <div class='ocr_carea' id='block_1_31' title="bbox 1887 1878 3472 1954">
    <p class='ocr_par' dir='ltr' id='par_1_31' title="bbox 1888 1882 3472 1953">
     <span class='ocr_line' id='line_1_31' title="bbox 1888 1882 3472 1953; baseline 0.003 -17"><span class='ocrx_word' id='word_1_184' title='bbox 1888 1882 2181 1953; x_wconf 88' lang='lat' dir='ltr'><strong>quisquam</strong></span> <span class='ocrx_word' id='word_1_185' title='bbox 2214 1884 2562 1946; x_wconf 88' lang='lat' dir='ltr'><strong>criminetur,</strong></span> <span class='ocrx_word' id='word_1_186' title='bbox 2614 1897 2719 1937; x_wconf 88' lang='lat' dir='ltr'><strong>nec</strong></span> <span class='ocrx_word' id='word_1_187' title='bbox 2757 1898 2943 1938; x_wconf 91' lang='lat' dir='ltr'><strong>senem</strong></span> <span class='ocrx_word' id='word_1_188' title='bbox 2973 1884 3232 1941; x_wconf 83' lang='lat' dir='ltr'><strong>laudibus</strong></span> <span class='ocrx_word' id='word_1_189' title='bbox 3262 1886 3472 1940; x_wconf 72' lang='lat' dir='ltr'><strong>eiierat.</strong></span> 
     </span>
    </p>
   </div>
   <div class='ocr_carea' id='block_1_32' title="bbox 216 1973 1781 2044">
    <p class='ocr_par' dir='ltr' id='par_1_32' title="bbox 216 1973 1781 2044">
     <span class='ocr_line' id='line_1_32' title="bbox 216 1973 1781 2044; baseline 0.004 -21"><span class='ocrx_word' id='word_1_190' title='bbox 216 1973 326 2025; x_wconf 86' lang='grc' dir='ltr'><strong>κία.</strong></span> <span class='ocrx_word' id='word_1_191' title='bbox 358 1973 549 2025; x_wconf 74' lang='grc' dir='ltr'><strong>Πολλοὶ</strong></span> <span class='ocrx_word' id='word_1_192' title='bbox 579 1973 674 2026; x_wconf 82' lang='grc' dir='ltr'><strong>καὶ</strong></span> <span class='ocrx_word' id='word_1_193' title='bbox 703 1974 759 2027; x_wconf 84' lang='grc' dir='ltr'><strong>ἐν</strong></span> <span class='ocrx_word' id='word_1_194' title='bbox 785 1975 996 2044; x_wconf 82' lang='grc' dir='ltr'><strong>νεότητι</strong></span> <span class='ocrx_word' id='word_1_195' title='bbox 1038 1974 1355 2042; x_wconf 80' lang='grc' dir='ltr'><strong>φιλοσοφίαν</strong></span> <span class='ocrx_word' id='word_1_196' title='bbox 1387 1976 1740 2041; x_wconf 79' lang='grc' dir='ltr'><strong>ύπεδείξαντο</strong></span> <span class='ocrx_word' id='word_1_197' title='bbox 1766 1995 1781 2010; x_wconf 72' lang='grc' dir='ltr'><strong><em>ο</em></strong></span> 
     </span>
    </p>
   </div>
   <div class='ocr_carea' id='block_1_33' title="bbox 216 2063 1785 2142">
    <p class='ocr_par' dir='ltr' id='par_1_33' title="bbox 216 2063 1785 2142">
     <span class='ocr_line' id='line_1_33' title="bbox 216 2063 1785 2142; baseline 0.005 -27"><span class='ocrx_word' id='word_1_198' title='bbox 216 2063 401 2117; x_wconf 79' lang='grc' dir='ltr'><strong>πολλοὶ</strong></span> <span class='ocrx_word' id='word_1_199' title='bbox 429 2067 524 2118; x_wconf 74' lang='grc' dir='ltr'><strong>καὶ</strong></span> <span class='ocrx_word' id='word_1_200' title='bbox 559 2065 667 2136; x_wconf 79' lang='grc' dir='ltr'><strong>γὰρ</strong></span> <span class='ocrx_word' id='word_1_201' title='bbox 699 2068 757 2119; x_wconf 83' lang='grc' dir='ltr'><strong>ὲν</strong></span> <span class='ocrx_word' id='word_1_202' title='bbox 782 2067 939 2135; x_wconf 81' lang='grc' dir='ltr'><strong>γήρει</strong></span> <span class='ocrx_word' id='word_1_203' title='bbox 987 2065 1484 2139; x_wconf 85' lang='grc' dir='ltr'><strong>ὑπεσκελίσθησαν.</strong></span> <span class='ocrx_word' id='word_1_204' title='bbox 1518 2070 1629 2122; x_wconf 76' lang='grc' dir='ltr'><strong>Καὶ</strong></span> <span class='ocrx_word' id='word_1_205' title='bbox 1675 2070 1785 2142; x_wconf 79' lang='grc' dir='ltr'><strong>γὰρ</strong></span> 
     </span>
    </p>
   </div>
   <div class='ocr_carea' id='block_1_34' title="bbox 215 2153 1786 2231">
    <p class='ocr_par' dir='ltr' id='par_1_34' title="bbox 215 2153 1786 2231">
     <span class='ocr_line' id='line_1_34' title="bbox 215 2153 1786 2231; baseline 0.005 -25"><span class='ocrx_word' id='word_1_206' title='bbox 215 2157 263 2206; x_wconf 88' lang='grc' dir='ltr'><strong>οἱ</strong></span> <span class='ocrx_word' id='word_1_207' title='bbox 293 2157 445 2223; x_wconf 81' lang='grc' dir='ltr'><strong>τρεῖς</strong></span> <span class='ocrx_word' id='word_1_208' title='bbox 471 2156 656 2219; x_wconf 84' lang='grc' dir='ltr'><strong>παῖδες</strong></span> <span class='ocrx_word' id='word_1_209' title='bbox 694 2158 751 2208; x_wconf 86' lang='grc' dir='ltr'><strong>ὲν</strong></span> <span class='ocrx_word' id='word_1_210' title='bbox 779 2160 847 2227; x_wconf 84' lang='grc' dir='ltr'><strong>τῇ</strong></span> <span class='ocrx_word' id='word_1_211' title='bbox 881 2155 1095 2227; x_wconf 76' lang='grc' dir='ltr'><strong>καμίνῳ</strong></span> <span class='ocrx_word' id='word_1_212' title='bbox 1143 2153 1304 2227; x_wconf 77' lang='grc' dir='ltr'><strong>ἦσαν,</strong></span> <span class='ocrx_word' id='word_1_213' title='bbox 1357 2159 1451 2210; x_wconf 69' lang='grc' dir='ltr'><strong>καὶ</strong></span> <span class='ocrx_word' id='word_1_214' title='bbox 1481 2158 1578 2231; x_wconf 84' lang='grc' dir='ltr'><strong>τὴν</strong></span> <span class='ocrx_word' id='word_1_215' title='bbox 1609 2161 1786 2229; x_wconf 80' lang='grc' dir='ltr'>φλόγα</span> 
     </span>
    </p>
   </div>
   <div class='ocr_carea' id='block_1_35' title="bbox 214 2250 1786 2329">
    <p class='ocr_par' dir='ltr' id='par_1_35' title="bbox 214 2250 1786 2329">
     <span class='ocr_line' id='line_1_35' title="bbox 214 2250 1786 2329; baseline 0.005 -27"><span class='ocrx_word' id='word_1_216' title='bbox 214 2250 403 2321; x_wconf 78' lang='grc' dir='ltr'><strong>δρόσον</strong></span> <span class='ocrx_word' id='word_1_217' title='bbox 445 2252 800 2321; x_wconf 81' lang='grc' dir='ltr'><strong>εἰργάσαντο·</strong></span> <span class='ocrx_word' id='word_1_218' title='bbox 850 2252 942 2305; x_wconf 72' lang='grc' dir='ltr'><strong>καὶ</strong></span> <span class='ocrx_word' id='word_1_219' title='bbox 970 2254 1169 2324; x_wconf 78' lang='grc' dir='ltr'><strong>Δανιὴλ</strong></span> <span class='ocrx_word' id='word_1_220' title='bbox 1220 2254 1566 2328; x_wconf 85' lang='grc' dir='ltr'><strong>δωδεκαέτης</strong></span> <span class='ocrx_word' id='word_1_221' title='bbox 1589 2256 1684 2320; x_wconf 82' lang='grc' dir='ltr'><strong>ὣν,</strong></span> <span class='ocrx_word' id='word_1_222' title='bbox 1708 2258 1786 2329; x_wconf 83' lang='grc' dir='ltr'><strong>τῷ</strong></span> 
     </span>
    </p>
   </div>
   <div class='ocr_carea' id='block_1_36' title="bbox 215 2344 1789 2421">
    <p class='ocr_par' dir='ltr' id='par_1_36' title="bbox 215 2344 1789 2421">
     <span class='ocr_line' id='line_1_36' title="bbox 215 2344 1789 2421; baseline 0.004 -24"><span class='ocrx_word' id='word_1_223' title='bbox 215 2346 371 2416; x_wconf 87' lang='grc' dir='ltr'><strong>δήμῳ</strong></span> <span class='ocrx_word' id='word_1_224' title='bbox 400 2346 479 2417; x_wconf 84' lang='grc' dir='ltr'><strong>τῷ</strong></span> <span class='ocrx_word' id='word_1_225' title='bbox 514 2344 787 2416; x_wconf 83' lang='grc' dir='ltr'><strong>Ἐϐραῐκῷ</strong></span> <span class='ocrx_word' id='word_1_226' title='bbox 821 2345 1111 2413; x_wconf 82' lang='grc' dir='ltr'><strong>διελέγετο,</strong></span> <span class='ocrx_word' id='word_1_227' title='bbox 1145 2347 1239 2399; x_wconf 78' lang='grc' dir='ltr'><strong>καὶ</strong></span> <span class='ocrx_word' id='word_1_228' title='bbox 1267 2350 1390 2410; x_wconf 76' lang='grc' dir='ltr'><strong>τοὺς</strong></span> <span class='ocrx_word' id='word_1_229' title='bbox 1418 2349 1637 2413; x_wconf 82' lang='grc' dir='ltr'><strong>λέοντας</strong></span> <span class='ocrx_word' id='word_1_230' title='bbox 1659 2353 1789 2421; x_wconf 84' lang='grc' dir='ltr'><strong>πρό-</strong></span> 
     </span>
    </p>
   </div>
   <div class='ocr_carea' id='block_1_37' title="bbox 215 2437 1785 2513">
    <p class='ocr_par' dir='ltr' id='par_1_37' title="bbox 215 2437 1785 2513">
     <span class='ocr_line' id='line_1_37' title="bbox 215 2437 1785 2513; baseline 0.004 -25"><span class='ocrx_word' id='word_1_231' title='bbox 215 2437 355 2491; x_wconf 82' lang='grc' dir='ltr'><strong>ϐατα</strong></span> <span class='ocrx_word' id='word_1_232' title='bbox 381 2437 641 2510; x_wconf 76' lang='grc' dir='ltr'><strong>ἐποίησεν</strong></span> <span class='ocrx_word' id='word_1_233' title='bbox 662 2456 676 2470; x_wconf 88' lang='grc'><strong>·</strong></span> <span class='ocrx_word' id='word_1_234' title='bbox 709 2439 770 2491; x_wconf 81' lang='grc' dir='ltr'><strong>ού</strong></span> <span class='ocrx_word' id='word_1_235' title='bbox 798 2441 895 2508; x_wconf 80' lang='grc' dir='ltr'><strong>τὴν</strong></span> <span class='ocrx_word' id='word_1_236' title='bbox 921 2439 1083 2507; x_wconf 86' lang='grc' dir='ltr'><strong>φύσιν</strong></span> <span class='ocrx_word' id='word_1_237' title='bbox 1123 2438 1465 2508; x_wconf 82' lang='grc' dir='ltr'><strong>μεταϐαλὼν,</strong></span> <span class='ocrx_word' id='word_1_238' title='bbox 1507 2440 1644 2494; x_wconf 87' lang='grc' dir='ltr'><strong>ἀλλά</strong></span> <span class='ocrx_word' id='word_1_239' title='bbox 1687 2443 1785 2513; x_wconf 83' lang='grc' dir='ltr'><strong>τὴν</strong></span> 
     </span>
    </p>
   </div>
   <div class='ocr_carea' id='block_1_38' title="bbox 214 2530 1787 2606">
    <p class='ocr_par' dir='ltr' id='par_1_38' title="bbox 214 2530 1787 2606">
     <span class='ocr_line' id='line_1_38' title="bbox 214 2530 1787 2606; baseline 0.004 -24"><span class='ocrx_word' id='word_1_240' title='bbox 214 2530 509 2600; x_wconf 78' lang='grc' dir='ltr'><strong>θηριωδεαν</strong></span> <span class='ocrx_word' id='word_1_241' title='bbox 536 2532 714 2585; x_wconf 75' lang='grc' dir='ltr'><strong>αὐτῶν</strong></span> <span class='ocrx_word' id='word_1_242' title='bbox 756 2536 819 2606; x_wconf 74' lang='grc' dir='ltr'><strong>τῇ</strong></span> <span class='ocrx_word' id='word_1_243' title='bbox 856 2535 1037 2587; x_wconf 80' lang='grc' dir='ltr'><strong>πίστει</strong></span> <span class='ocrx_word' id='word_1_244' title='bbox 1069 2532 1392 2605; x_wconf 82' lang='grc' dir='ltr'><strong>χαλινώσας.</strong></span> <span class='ocrx_word' id='word_1_245' title='bbox 1432 2536 1539 2587; x_wconf 75' lang='grc' dir='ltr'><strong>Καὶ</strong></span> <span class='ocrx_word' id='word_1_246' title='bbox 1576 2537 1787 2597; x_wconf 80' lang='grc' dir='ltr'><strong>Παυλος</strong></span> 
     </span>
    </p>
   </div>
   <div class='ocr_carea' id='block_1_39' title="bbox 214 2624 1788 2700">
    <p class='ocr_par' dir='ltr' id='par_1_39' title="bbox 214 2624 1788 2700">
     <span class='ocr_line' id='line_1_39' title="bbox 214 2624 1788 2700; baseline 0.003 -24"><span class='ocrx_word' id='word_1_247' title='bbox 214 2626 547 2697; x_wconf 84' lang='grc' dir='ltr'><strong>γεγηρακὼς</strong></span> <span class='ocrx_word' id='word_1_248' title='bbox 598 2624 665 2700; x_wconf 84' lang='grc' dir='ltr'><strong>ἦν</strong></span> <span class='ocrx_word' id='word_1_249' title='bbox 710 2630 802 2681; x_wconf 77' lang='grc' dir='ltr'><strong>καὶ</strong></span> <span class='ocrx_word' id='word_1_250' title='bbox 853 2627 1284 2697; x_wconf 85' lang='grc' dir='ltr'><strong>πεπολιωμένος,</strong></span> <span class='ocrx_word' id='word_1_251' title='bbox 1333 2628 1427 2681; x_wconf 79' lang='grc' dir='ltr'><strong>καὶ</strong></span> <span class='ocrx_word' id='word_1_252' title='bbox 1487 2629 1788 2696; x_wconf 81' lang='grc' dir='ltr'><strong>σκυλευτὴς</strong></span> 
     </span>
    </p>
   </div>
   <div class='ocr_carea' id='block_1_40' title="bbox 215 2720 1787 2794">
    <p class='ocr_par' dir='ltr' id='par_1_40' title="bbox 215 2720 1787 2794">
     <span class='ocr_line' id='line_1_40' title="bbox 215 2720 1787 2794; baseline 0.002 -22"><span class='ocrx_word' id='word_1_253' title='bbox 215 2720 407 2786; x_wconf 80' lang='grc' dir='ltr'><strong>γέγονε</strong></span> <span class='ocrx_word' id='word_1_254' title='bbox 454 2721 566 2774; x_wconf 86' lang='grc' dir='ltr'><strong>τῶν</strong></span> <span class='ocrx_word' id='word_1_255' title='bbox 622 2721 984 2789; x_wconf 80' lang='grc' dir='ltr'><strong>Ἑκκλησιῶν.</strong></span> <span class='ocrx_word' id='word_1_256' title='bbox 1022 2721 1130 2773; x_wconf 76' lang='grc' dir='ltr'><strong>Καὶ</strong></span> <span class='ocrx_word' id='word_1_257' title='bbox 1181 2721 1320 2790; x_wconf 77' lang='grc' dir='ltr'><strong>μετὰ</strong></span> <span class='ocrx_word' id='word_1_258' title='bbox 1362 2721 1535 2773; x_wconf 76' lang='grc' dir='ltr'><strong>ταῦτα</strong></span> <span class='ocrx_word' id='word_1_259' title='bbox 1565 2723 1626 2775; x_wconf 84' lang='grc' dir='ltr'><strong>τὸ</strong></span> <span class='ocrx_word' id='word_1_260' title='bbox 1657 2723 1787 2794; x_wconf 78' lang='grc' dir='ltr'><strong>βρα-</strong></span> 
     </span>
    </p>
   </div>
   <div class='ocr_carea' id='block_1_41' title="bbox 214 2812 1786 2883">
    <p class='ocr_par' dir='ltr' id='par_1_41' title="bbox 214 2812 1786 2883">
     <span class='ocr_line' id='line_1_41' title="bbox 214 2812 1786 2883; baseline 0.002 -19"><span class='ocrx_word' id='word_1_261' title='bbox 214 2814 359 2867; x_wconf 85' lang='grc' dir='ltr'><strong>ϐεῖον</strong></span> <span class='ocrx_word' id='word_1_262' title='bbox 387 2814 486 2883; x_wconf 85' lang='grc' dir='ltr'><strong>τῆς</strong></span> <span class='ocrx_word' id='word_1_263' title='bbox 531 2815 768 2875; x_wconf 86' lang='grc' dir='ltr'><strong>πίστεως</strong></span> <span class='ocrx_word' id='word_1_264' title='bbox 812 2814 1084 2883; x_wconf 78' lang='grc' dir='ltr'><strong>ἥρπασεν,</strong></span> <span class='ocrx_word' id='word_1_265' title='bbox 1126 2814 1220 2865; x_wconf 77' lang='grc' dir='ltr'><strong>καὶ</strong></span> <span class='ocrx_word' id='word_1_266' title='bbox 1263 2812 1532 2883; x_wconf 80' lang='grc' dir='ltr'><strong>πρόϐατον</strong></span> <span class='ocrx_word' id='word_1_267' title='bbox 1565 2815 1786 2882; x_wconf 80' lang='grc' dir='ltr'><strong>γέγονεν</strong></span> 
     </span>
    </p>
   </div>
   <div class='ocr_carea' id='block_1_42' title="bbox 214 2902 1786 2975">
    <p class='ocr_par' dir='ltr' id='par_1_42' title="bbox 214 2902 1786 2975">
     <span class='ocr_line' id='line_1_42' title="bbox 214 2902 1786 2975; baseline 0.002 -20"><span class='ocrx_word' id='word_1_268' title='bbox 214 2903 575 2971; x_wconf 78' lang='grc' dir='ltr'><strong>ἀγαθότητος,</strong></span> <span class='ocrx_word' id='word_1_269' title='bbox 612 2904 706 2955; x_wconf 78' lang='grc' dir='ltr'><strong>καὶ</strong></span> <span class='ocrx_word' id='word_1_270' title='bbox 730 2904 927 2973; x_wconf 81' lang='grc' dir='ltr'><strong>κήρυξ,</strong></span> <span class='ocrx_word' id='word_1_271' title='bbox 966 2903 1061 2955; x_wconf 75' lang='grc' dir='ltr'><strong>καὶ</strong></span> <span class='ocrx_word' id='word_1_272' title='bbox 1092 2902 1411 2966; x_wconf 83' lang='grc' dir='ltr'><strong>ἀπόστολος.</strong></span> <span class='ocrx_word' id='word_1_273' title='bbox 1450 2904 1540 2975; x_wconf 84' lang='grc' dir='ltr'><strong>Μὴ</strong></span> <span class='ocrx_word' id='word_1_274' title='bbox 1569 2904 1660 2958; x_wconf 82' lang='grc' dir='ltr'><strong>οὖν</strong></span> <span class='ocrx_word' id='word_1_275' title='bbox 1694 2906 1786 2958; x_wconf 87' lang='grc' dir='ltr'><strong>τὸν</strong></span> 
     </span>
    </p>
   </div>
   <div class='ocr_carea' id='block_1_43' title="bbox 215 2994 1786 3068">
    <p class='ocr_par' dir='ltr' id='par_1_43' title="bbox 215 2994 1786 3068">
     <span class='ocr_line' id='line_1_43' title="bbox 215 2994 1786 3068; baseline 0 -21"><span class='ocrx_word' id='word_1_276' title='bbox 215 2996 333 3048; x_wconf 75' lang='grc' dir='ltr'><strong>νέον</strong></span> <span class='ocrx_word' id='word_1_277' title='bbox 363 2994 641 3056; x_wconf 74' lang='grc' dir='ltr'><strong>διάϐαλλε,</strong></span> <span class='ocrx_word' id='word_1_278' title='bbox 667 2995 803 3065; x_wconf 71' lang='grc' dir='ltr'><strong>μηδὲ</strong></span> <span class='ocrx_word' id='word_1_279' title='bbox 824 2995 915 3047; x_wconf 85' lang='grc' dir='ltr'><strong>τὸν</strong></span> <span class='ocrx_word' id='word_1_280' title='bbox 934 2994 1287 3065; x_wconf 82' lang='grc' dir='ltr'><strong>γεγηρακότα</strong></span> <span class='ocrx_word' id='word_1_281' title='bbox 1317 2995 1545 3047; x_wconf 79' lang='grc' dir='ltr'><strong>ἐπαίνει.</strong></span> <span class='ocrx_word' id='word_1_282' title='bbox 1577 2996 1651 3047; x_wconf 86' lang='grc' dir='ltr'><strong>Ού</strong></span> <span class='ocrx_word' id='word_1_283' title='bbox 1678 2997 1786 3068; x_wconf 81' lang='grc' dir='ltr'><strong>γὰρ</strong></span> 
     </span>
    </p>
   </div>
   <div class='ocr_carea' id='block_1_44' title="bbox 213 3087 1787 3159">
    <p class='ocr_par' dir='ltr' id='par_1_44' title="bbox 213 3087 1787 3159">
     <span class='ocr_line' id='line_1_44' title="bbox 213 3087 1787 3159; baseline -0.002 -17"><span class='ocrx_word' id='word_1_284' title='bbox 213 3093 271 3143; x_wconf 80' lang='grc' dir='ltr'><strong>ἐν</strong></span> <span class='ocrx_word' id='word_1_285' title='bbox 300 3090 367 3159; x_wconf 85' lang='grc' dir='ltr'><strong>τῇ</strong></span> <span class='ocrx_word' id='word_1_286' title='bbox 396 3090 631 3159; x_wconf 77' lang='grc' dir='ltr'><strong>διαφορᾷ</strong></span> <span class='ocrx_word' id='word_1_287' title='bbox 656 3091 752 3157; x_wconf 76' lang='grc' dir='ltr'><strong>τῆς</strong></span> <span class='ocrx_word' id='word_1_288' title='bbox 783 3087 1002 3158; x_wconf 75' lang='grc' dir='ltr'><strong>ἡλικίας</strong></span> <span class='ocrx_word' id='word_1_289' title='bbox 1029 3089 1201 3157; x_wconf 83' lang='grc' dir='ltr'><strong>ἁρετὴ</strong></span> <span class='ocrx_word' id='word_1_290' title='bbox 1233 3088 1325 3139; x_wconf 85' lang='grc' dir='ltr'><strong>καὶ</strong></span> <span class='ocrx_word' id='word_1_291' title='bbox 1352 3088 1541 3151; x_wconf 86' lang='grc' dir='ltr'><strong>κακία,</strong></span> <span class='ocrx_word' id='word_1_292' title='bbox 1572 3088 1708 3141; x_wconf 82' lang='grc' dir='ltr'><strong>ἀλλά</strong></span> <span class='ocrx_word' id='word_1_293' title='bbox 1731 3092 1787 3141; x_wconf 82' lang='grc' dir='ltr'><strong>ὲν</strong></span> 
     </span>
    </p>
   </div>
   <div class='ocr_carea' id='block_1_45' title="bbox 212 3176 1784 3253">
    <p class='ocr_par' dir='ltr' id='par_1_45' title="bbox 212 3176 1784 3253">
     <span class='ocr_line' id='line_1_45' title="bbox 212 3176 1784 3253; baseline -0.001 -19"><span class='ocrx_word' id='word_1_294' title='bbox 212 3185 277 3252; x_wconf 84' lang='grc' dir='ltr'><strong>τῇ</strong></span> <span class='ocrx_word' id='word_1_295' title='bbox 316 3182 547 3252; x_wconf 62' lang='grc' dir='ltr'><strong>διαφορᾷ</strong></span> <span class='ocrx_word' id='word_1_296' title='bbox 574 3182 675 3250; x_wconf 80' lang='grc' dir='ltr'><strong>τῆς</strong></span> <span class='ocrx_word' id='word_1_297' title='bbox 701 3182 949 3250; x_wconf 85' lang='grc' dir='ltr'><strong>γνώμης.</strong></span> <span class='ocrx_word' id='word_1_298' title='bbox 980 3181 1099 3233; x_wconf 82' lang='grc' dir='ltr'><strong>Κᾶν</strong></span> <span class='ocrx_word' id='word_1_299' title='bbox 1130 3176 1195 3253; x_wconf 80' lang='grc' dir='ltr'><strong>ᾗς</strong></span> <span class='ocrx_word' id='word_1_300' title='bbox 1229 3181 1510 3250; x_wconf 78' lang='grc' dir='ltr'><strong>νηφάλιος,</strong></span> <span class='ocrx_word' id='word_1_301' title='bbox 1540 3181 1692 3233; x_wconf 81' lang='grc' dir='ltr'><strong>οὐδέν</strong></span> <span class='ocrx_word' id='word_1_302' title='bbox 1723 3198 1784 3233; x_wconf 85' lang='grc' dir='ltr'><strong>σε</strong></span> 
     </span>
    </p>
   </div>
   <div class='ocr_carea' id='block_1_46' title="bbox 1886 1971 3476 2042">
    <p class='ocr_par' dir='ltr' id='par_1_46' title="bbox 1886 1971 3476 2042">
     <span class='ocr_line' id='line_1_46' title="bbox 1886 1971 3476 2042; baseline 0 -15"><span class='ocrx_word' id='word_1_303' title='bbox 1886 1972 2077 2042; x_wconf 86' lang='lat' dir='ltr'><strong>Neque</strong></span> <span class='ocrx_word' id='word_1_304' title='bbox 2118 1973 2266 2028; x_wconf 90' lang='lat' dir='ltr'><strong>enim</strong></span> <span class='ocrx_word' id='word_1_305' title='bbox 2323 1971 2559 2027; x_wconf 83' lang='lat' dir='ltr'><strong>canities</strong></span> <span class='ocrx_word' id='word_1_306' title='bbox 2588 1973 2767 2028; x_wconf 82' lang='lat' dir='ltr'><strong>virtus</strong></span> <span class='ocrx_word' id='word_1_307' title='bbox 2796 1980 2905 2033; x_wconf 90' lang='lat' dir='ltr'><strong>est,</strong></span> <span class='ocrx_word' id='word_1_308' title='bbox 2941 1988 3044 2028; x_wconf 90' lang='lat' dir='ltr'><strong>nec</strong></span> <span class='ocrx_word' id='word_1_309' title='bbox 3089 1973 3353 2042; x_wconf 82' lang='lat' dir='ltr'><strong>juventus</strong></span> <span class='ocrx_word' id='word_1_310' title='bbox 3392 1975 3476 2027; x_wconf 87' lang='lat' dir='ltr'><strong>vi-</strong></span> 
     </span>
    </p>
   </div>
   <div class='ocr_carea' id='block_1_47' title="bbox 1890 2062 3473 2134">
    <p class='ocr_par' dir='ltr' id='par_1_47' title="bbox 1890 2062 3473 2134">
     <span class='ocr_line' id='line_1_47' title="bbox 1890 2062 3473 2134; baseline 0.001 -17"><span class='ocrx_word' id='word_1_311' title='bbox 1890 2064 2046 2118; x_wconf 91' lang='lat' dir='ltr'><strong>tium.</strong></span> <span class='ocrx_word' id='word_1_312' title='bbox 2100 2062 2253 2117; x_wconf 88' lang='lat' dir='ltr'><strong>Multi</strong></span> <span class='ocrx_word' id='word_1_313' title='bbox 2294 2064 2459 2117; x_wconf 91' lang='lat' dir='ltr'><strong>etiam</strong></span> <span class='ocrx_word' id='word_1_314' title='bbox 2515 2063 2571 2117; x_wconf 91' lang='lat' dir='ltr'><strong>in</strong></span> <span class='ocrx_word' id='word_1_315' title='bbox 2608 2062 2841 2132; x_wconf 89' lang='lat' dir='ltr'><strong>juvenili</strong></span> <span class='ocrx_word' id='word_1_316' title='bbox 2888 2071 3047 2118; x_wconf 69' lang='lat' dir='ltr'><strong>aetate</strong></span> <span class='ocrx_word' id='word_1_317' title='bbox 3106 2063 3473 2134; x_wconf 72' lang='lat' dir='ltr'><strong>philosophia:</strong></span> 
     </span>
    </p>
   </div>
   <div class='ocr_carea' id='block_1_48' title="bbox 1886 2155 3473 2226">
    <p class='ocr_par' dir='ltr' id='par_1_48' title="bbox 1886 2155 3473 2226">
     <span class='ocr_line' id='line_1_48' title="bbox 1886 2155 3473 2226; baseline 0.001 -15"><span class='ocrx_word' id='word_1_318' title='bbox 1886 2156 2217 2211; x_wconf 88' lang='lat' dir='ltr'><strong>documenta</strong></span> <span class='ocrx_word' id='word_1_319' title='bbox 2249 2156 2640 2226; x_wconf 71' lang='lat' dir='ltr'><strong>praebuerunt;</strong></span> <span class='ocrx_word' id='word_1_320' title='bbox 2698 2156 2861 2209; x_wconf 92' lang='lat' dir='ltr'><strong>multi</strong></span> <span class='ocrx_word' id='word_1_321' title='bbox 2915 2155 3107 2211; x_wconf 87' lang='lat' dir='ltr'><strong>itidem</strong></span> <span class='ocrx_word' id='word_1_322' title='bbox 3150 2157 3209 2211; x_wconf 91' lang='lat' dir='ltr'><strong>in</strong></span> <span class='ocrx_word' id='word_1_323' title='bbox 3248 2166 3473 2212; x_wconf 88' lang='lat' dir='ltr'><strong>senecta</strong></span> 
     </span>
    </p>
   </div>
   <div class='ocr_carea' id='block_1_49' title="bbox 1887 2248 3474 2320">
    <p class='ocr_par' dir='ltr' id='par_1_49' title="bbox 1887 2248 3474 2320">
     <span class='ocr_line' id='line_1_49' title="bbox 1887 2248 3474 2320; baseline 0.001 -17"><span class='ocrx_word' id='word_1_324' title='bbox 1887 2249 2129 2320; x_wconf 86' lang='lat' dir='ltr'><strong>prolapsi</strong></span> <span class='ocrx_word' id='word_1_325' title='bbox 2188 2257 2341 2303; x_wconf 92' lang='lat' dir='ltr'><strong>sunt.</strong></span> <span class='ocrx_word' id='word_1_326' title='bbox 2405 2248 2698 2304; x_wconf 86' lang='lat' dir='ltr'><strong>Enimvero</strong></span> <span class='ocrx_word' id='word_1_327' title='bbox 2742 2258 2858 2303; x_wconf 88' lang='lat' dir='ltr'><strong>tres</strong></span> <span class='ocrx_word' id='word_1_328' title='bbox 2920 2250 3073 2317; x_wconf 88' lang='lat' dir='ltr'><strong>pueri</strong></span> <span class='ocrx_word' id='word_1_329' title='bbox 3132 2250 3188 2305; x_wconf 89' lang='lat' dir='ltr'><strong>in</strong></span> <span class='ocrx_word' id='word_1_330' title='bbox 3244 2248 3474 2305; x_wconf 79' lang='lat' dir='ltr'><strong>fornace</strong></span> 
     </span>
    </p>
   </div>
   <div class='ocr_carea' id='block_1_50' title="bbox 1886 2341 3472 2403">
    <p class='ocr_par' dir='ltr' id='par_1_50' title="bbox 1886 2341 3472 2403">
     <span class='ocr_line' id='line_1_50' title="bbox 1886 2341 3472 2403; baseline 0.002 -9"><span class='ocrx_word' id='word_1_331' title='bbox 1886 2352 2064 2403; x_wconf 87' lang='lat' dir='ltr'><strong>erant,</strong></span> <span class='ocrx_word' id='word_1_332' title='bbox 2097 2350 2151 2397; x_wconf 92' lang='lat' dir='ltr'><strong>et</strong></span> <span class='ocrx_word' id='word_1_333' title='bbox 2179 2341 2449 2395; x_wconf 82' lang='lat' dir='ltr'><strong>ﬂammam</strong></span> <span class='ocrx_word' id='word_1_334' title='bbox 2495 2341 2550 2395; x_wconf 91' lang='lat' dir='ltr'><strong>in</strong></span> <span class='ocrx_word' id='word_1_335' title='bbox 2594 2356 2774 2395; x_wconf 90' lang='lat' dir='ltr'><strong>rorem</strong></span> <span class='ocrx_word' id='word_1_336' title='bbox 2817 2349 3230 2397; x_wconf 85' lang='lat' dir='ltr'><strong>converterunt.</strong></span> <span class='ocrx_word' id='word_1_337' title='bbox 3267 2342 3335 2397; x_wconf 87' lang='lat' dir='ltr'><strong>Et</strong></span> <span class='ocrx_word' id='word_1_338' title='bbox 3363 2343 3472 2397; x_wconf 87' lang='lat' dir='ltr'><strong>Da-</strong></span> 
     </span>
    </p>
   </div>
   <div class='ocr_carea' id='block_1_51' title="bbox 1888 2435 3470 2505">
    <p class='ocr_par' dir='ltr' id='par_1_51' title="bbox 1888 2435 3470 2505">
     <span class='ocr_line' id='line_1_51' title="bbox 1888 2435 3470 2505; baseline 0.002 -18"><span class='ocrx_word' id='word_1_339' title='bbox 1888 2435 1997 2488; x_wconf 88' lang='lat' dir='ltr'><strong>niel</strong></span> <span class='ocrx_word' id='word_1_340' title='bbox 2036 2435 2360 2491; x_wconf 78' lang='lat' dir='ltr'><strong>duodecimo</strong></span> <span class='ocrx_word' id='word_1_341' title='bbox 2382 2435 2561 2489; x_wconf 68' lang='lat' dir='ltr'><strong>aetatis</strong></span> <span class='ocrx_word' id='word_1_342' title='bbox 2593 2450 2739 2489; x_wconf 80' lang='lat' dir='ltr'><strong>anno</strong></span> <span class='ocrx_word' id='word_1_343' title='bbox 2768 2435 2837 2489; x_wconf 90' lang='lat' dir='ltr'><strong>ad</strong></span> <span class='ocrx_word' id='word_1_344' title='bbox 2872 2435 3134 2505; x_wconf 81' lang='lat' dir='ltr'><strong>populum</strong></span> <span class='ocrx_word' id='word_1_345' title='bbox 3179 2435 3470 2492; x_wconf 70' lang='lat' dir='ltr'><strong>Hebraeum</strong></span> 
     </span>
    </p>
   </div>
   <div class='ocr_carea' id='block_1_52' title="bbox 1889 2524 3474 2591">
    <p class='ocr_par' dir='ltr' id='par_1_52' title="bbox 1889 2524 3474 2591">
     <span class='ocr_line' id='line_1_52' title="bbox 1889 2524 3474 2591; baseline 0.008 -21"><span class='ocrx_word' id='word_1_346' title='bbox 1889 2524 2205 2577; x_wconf 72' lang='lat' dir='ltr'><strong>concionem</strong></span> <span class='ocrx_word' id='word_1_347' title='bbox 2244 2524 2508 2589; x_wconf 87' lang='lat' dir='ltr'><strong>habebat;</strong></span> <span class='ocrx_word' id='word_1_348' title='bbox 2535 2525 2665 2591; x_wconf 89' lang='lat' dir='ltr'><strong>quin</strong></span> <span class='ocrx_word' id='word_1_349' title='bbox 2695 2537 2748 2579; x_wconf 93' lang='lat' dir='ltr'><strong>et</strong></span> <span class='ocrx_word' id='word_1_350' title='bbox 2775 2541 2839 2579; x_wconf 88' lang='lat' dir='ltr'><strong>ex</strong></span> <span class='ocrx_word' id='word_1_351' title='bbox 2866 2525 3119 2582; x_wconf 84' lang='lat' dir='ltr'><strong>leonibus</strong></span> <span class='ocrx_word' id='word_1_352' title='bbox 3148 2541 3280 2582; x_wconf 90' lang='lat' dir='ltr'><strong>oves</strong></span> <span class='ocrx_word' id='word_1_353' title='bbox 3310 2527 3474 2583; x_wconf 78' lang='lat' dir='ltr'><strong>facie-</strong></span> 
     </span>
    </p>
   </div>
   <div class='ocr_carea' id='block_1_53' title="bbox 1890 2616 3472 2685">
    <p class='ocr_par' dir='ltr' id='par_1_53' title="bbox 1890 2616 3472 2685">
     <span class='ocr_line' id='line_1_53' title="bbox 1890 2616 3472 2685; baseline 0.004 -17"><span class='ocrx_word' id='word_1_354' title='bbox 1890 2616 1979 2668; x_wconf 80' lang='lat' dir='ltr'><strong>bat</strong></span> <span class='ocrx_word' id='word_1_355' title='bbox 2016 2633 2027 2668; x_wconf 90' lang='lat'><strong>:</strong></span> <span class='ocrx_word' id='word_1_356' title='bbox 2068 2631 2173 2669; x_wconf 89' lang='lat' dir='ltr'><strong>non</strong></span> <span class='ocrx_word' id='word_1_357' title='bbox 2205 2617 2424 2685; x_wconf 79' lang='lat' dir='ltr'><strong>quidem</strong></span> <span class='ocrx_word' id='word_1_358' title='bbox 2464 2626 2657 2670; x_wconf 86' lang='lat' dir='ltr'><strong>natura</strong></span> <span class='ocrx_word' id='word_1_359' title='bbox 2702 2632 2894 2671; x_wconf 89' lang='lat' dir='ltr'><strong>eorum</strong></span> <span class='ocrx_word' id='word_1_360' title='bbox 2928 2626 3159 2683; x_wconf 86' lang='lat' dir='ltr'><strong>mutata,</strong></span> <span class='ocrx_word' id='word_1_361' title='bbox 3209 2620 3305 2675; x_wconf 84' lang='lat' dir='ltr'><strong>sed</strong></span> <span class='ocrx_word' id='word_1_362' title='bbox 3337 2621 3472 2675; x_wconf 80' lang='lat' dir='ltr'><strong>feri-</strong></span> 
     </span>
    </p>
   </div>
   <div class='ocr_carea' id='block_1_54' title="bbox 1889 2705 3471 2776">
    <p class='ocr_par' dir='ltr' id='par_1_54' title="bbox 1889 2705 3471 2776">
     <span class='ocr_line' id='line_1_54' title="bbox 1889 2705 3471 2776; baseline 0.006 -19"><span class='ocrx_word' id='word_1_363' title='bbox 1889 2713 1997 2759; x_wconf 88' lang='lat' dir='ltr'><strong>tate</strong></span> <span class='ocrx_word' id='word_1_364' title='bbox 2023 2705 2177 2760; x_wconf 84' lang='lat' dir='ltr'><strong>freno</strong></span> <span class='ocrx_word' id='word_1_365' title='bbox 2198 2706 2321 2760; x_wconf 90' lang='lat' dir='ltr'><strong>ﬁdei</strong></span> <span class='ocrx_word' id='word_1_366' title='bbox 2346 2722 2685 2776; x_wconf 88' lang='lat' dir='ltr'><strong>compressa.</strong></span> <span class='ocrx_word' id='word_1_367' title='bbox 2707 2706 2772 2760; x_wconf 86' lang='lat' dir='ltr'><strong>Et</strong></span> <span class='ocrx_word' id='word_1_368' title='bbox 2800 2709 3005 2764; x_wconf 82' lang='lat' dir='ltr'><strong>l’aulus</strong></span> <span class='ocrx_word' id='word_1_369' title='bbox 3030 2725 3199 2766; x_wconf 83' lang='lat' dir='ltr'><strong>senex</strong></span> <span class='ocrx_word' id='word_1_370' title='bbox 3222 2720 3277 2765; x_wconf 92' lang='lat' dir='ltr'><strong>et</strong></span> <span class='ocrx_word' id='word_1_371' title='bbox 3297 2726 3471 2767; x_wconf 80' lang='lat' dir='ltr'><strong>canus</strong></span> 
     </span>
    </p>
   </div>
   <div class='ocr_carea' id='block_1_55' title="bbox 1888 2799 3472 2873">
    <p class='ocr_par' dir='ltr' id='par_1_55' title="bbox 1888 2799 3472 2873">
     <span class='ocr_line' id='line_1_55' title="bbox 1888 2799 3472 2873; baseline 0.004 -20"><span class='ocrx_word' id='word_1_372' title='bbox 1888 2813 2012 2853; x_wconf 91' lang='lat' dir='ltr'><strong>cum</strong></span> <span class='ocrx_word' id='word_1_373' title='bbox 2079 2808 2258 2862; x_wconf 89' lang='lat' dir='ltr'><strong>esset,</strong></span> <span class='ocrx_word' id='word_1_374' title='bbox 2320 2799 2597 2855; x_wconf 85' lang='lat' dir='ltr'><strong>Ecclesias</strong></span> <span class='ocrx_word' id='word_1_375' title='bbox 2653 2802 3062 2871; x_wconf 78' lang='lat' dir='ltr'><strong>populabatur;</strong></span> <span class='ocrx_word' id='word_1_376' title='bbox 3117 2805 3472 2873; x_wconf 85' lang='lat' dir='ltr'><strong>postmodum</strong></span> 
     </span>
    </p>
   </div>
   <div class='ocr_carea' id='block_1_56' title="bbox 1891 2888 3474 2965">
    <p class='ocr_par' dir='ltr' id='par_1_56' title="bbox 1891 2888 3474 2965">
     <span class='ocr_line' id='line_1_56' title="bbox 1891 2888 3474 2965; baseline 0.009 -25"><span class='ocrx_word' id='word_1_377' title='bbox 1891 2904 2020 2943; x_wconf 86' lang='lat' dir='ltr'><strong>vero</strong></span> <span class='ocrx_word' id='word_1_378' title='bbox 2045 2888 2166 2944; x_wconf 91' lang='lat' dir='ltr'><strong>ﬁdei</strong></span> <span class='ocrx_word' id='word_1_379' title='bbox 2193 2889 2428 2960; x_wconf 88' lang='lat' dir='ltr'><strong>palmam</strong></span> <span class='ocrx_word' id='word_1_380' title='bbox 2457 2891 2660 2960; x_wconf 87' lang='lat' dir='ltr'><strong>rapuit,</strong></span> <span class='ocrx_word' id='word_1_381' title='bbox 2700 2902 2864 2961; x_wconf 90' lang='lat' dir='ltr'><strong>atque</strong></span> <span class='ocrx_word' id='word_1_382' title='bbox 2893 2895 3012 2949; x_wconf 91' lang='lat' dir='ltr'><strong>ovis</strong></span> <span class='ocrx_word' id='word_1_383' title='bbox 3048 2894 3213 2960; x_wconf 88' lang='lat' dir='ltr'><strong>bona,</strong></span> <span class='ocrx_word' id='word_1_384' title='bbox 3242 2904 3297 2951; x_wconf 90' lang='lat' dir='ltr'><strong>et</strong></span> <span class='ocrx_word' id='word_1_385' title='bbox 3334 2911 3474 2965; x_wconf 63' lang='lat' dir='ltr'><strong>pra!-</strong></span> 
     </span>
    </p>
   </div>
   <div class='ocr_carea' id='block_1_57' title="bbox 1889 2984 3474 3054">
    <p class='ocr_par' dir='ltr' id='par_1_57' title="bbox 1889 2984 3474 3054">
     <span class='ocr_line' id='line_1_57' title="bbox 1889 2984 3474 3054; baseline 0.004 -17"><span class='ocrx_word' id='word_1_386' title='bbox 1889 2998 1974 3044; x_wconf 89' lang='lat' dir='ltr'><strong>co,</strong></span> <span class='ocrx_word' id='word_1_387' title='bbox 2008 2990 2062 3037; x_wconf 89' lang='lat' dir='ltr'><strong>et</strong></span> <span class='ocrx_word' id='word_1_388' title='bbox 2090 2984 2372 3052; x_wconf 82' lang='lat' dir='ltr'><strong>apostolus</strong></span> <span class='ocrx_word' id='word_1_389' title='bbox 2404 2986 2635 3039; x_wconf 84' lang='lat' dir='ltr'><strong>exstitit.</strong></span> <span class='ocrx_word' id='word_1_390' title='bbox 2661 2984 2793 3050; x_wconf 74' lang='lat' dir='ltr'><strong>Qua:</strong></span> <span class='ocrx_word' id='word_1_391' title='bbox 2826 3002 2951 3040; x_wconf 90' lang='lat' dir='ltr'><strong>cum</strong></span> <span class='ocrx_word' id='word_1_392' title='bbox 2980 2988 3053 3041; x_wconf 89' lang='lat' dir='ltr'><strong>ita</strong></span> <span class='ocrx_word' id='word_1_393' title='bbox 3084 2990 3222 3054; x_wconf 90' lang='lat' dir='ltr'><strong>sint,</strong></span> <span class='ocrx_word' id='word_1_394' title='bbox 3254 3006 3359 3044; x_wconf 89' lang='lat' dir='ltr'><strong>nou</strong></span> <span class='ocrx_word' id='word_1_395' title='bbox 3388 2999 3474 3046; x_wconf 89' lang='lat' dir='ltr'><strong>est</strong></span> 
     </span>
    </p>
   </div>
   <div class='ocr_carea' id='block_1_58' title="bbox 1889 3076 3469 3151">
    <p class='ocr_par' dir='ltr' id='par_1_58' title="bbox 1889 3076 3469 3151">
     <span class='ocr_line' id='line_1_58' title="bbox 1889 3076 3469 3151; baseline 0.007 -24"><span class='ocrx_word' id='word_1_396' title='bbox 1889 3089 1988 3128; x_wconf 90' lang='lat' dir='ltr'><strong>cur</strong></span> <span class='ocrx_word' id='word_1_397' title='bbox 2017 3076 2100 3129; x_wconf 90' lang='lat' dir='ltr'><strong>vel</strong></span> <span class='ocrx_word' id='word_1_398' title='bbox 2142 3076 2398 3144; x_wconf 90' lang='lat' dir='ltr'><strong>juvenem</strong></span> <span class='ocrx_word' id='word_1_399' title='bbox 2457 3078 2745 3147; x_wconf 69' lang='lat' dir='ltr'><strong>suggilles,</strong></span> <span class='ocrx_word' id='word_1_400' title='bbox 2802 3081 2887 3133; x_wconf 88' lang='lat' dir='ltr'><strong>vel</strong></span> <span class='ocrx_word' id='word_1_401' title='bbox 2935 3096 3121 3136; x_wconf 88' lang='lat' dir='ltr'><strong>senem</strong></span> <span class='ocrx_word' id='word_1_402' title='bbox 3181 3083 3469 3151; x_wconf 71' lang='lat' dir='ltr'><strong>praedices.</strong></span> 
     </span>
    </p>
   </div>
   <div class='ocr_carea' id='block_1_59' title="bbox 1888 3166 3469 3237">
    <p class='ocr_par' dir='ltr' id='par_1_59' title="bbox 1888 3166 3469 3237">
     <span class='ocr_line' id='line_1_59' title="bbox 1888 3166 3469 3237; baseline 0.006 -17"><span class='ocrx_word' id='word_1_403' title='bbox 1888 3166 2076 3236; x_wconf 86' lang='lat' dir='ltr'><strong>Neque</strong></span> <span class='ocrx_word' id='word_1_404' title='bbox 2103 3168 2249 3223; x_wconf 92' lang='lat' dir='ltr'><strong>enim</strong></span> <span class='ocrx_word' id='word_1_405' title='bbox 2281 3170 2334 3222; x_wconf 91' lang='lat' dir='ltr'><strong>in</strong></span> <span class='ocrx_word' id='word_1_406' title='bbox 2366 3172 2543 3225; x_wconf 86' lang='lat' dir='ltr'><strong>aetatis</strong></span> <span class='ocrx_word' id='word_1_407' title='bbox 2595 3170 2903 3226; x_wconf 79' lang='lat' dir='ltr'><strong>diﬁerentia</strong></span> <span class='ocrx_word' id='word_1_408' title='bbox 2935 3175 3115 3229; x_wconf 88' lang='lat' dir='ltr'><strong>virtus</strong></span> <span class='ocrx_word' id='word_1_409' title='bbox 3161 3181 3215 3230; x_wconf 89' lang='lat' dir='ltr'><strong>et</strong></span> <span class='ocrx_word' id='word_1_410' title='bbox 3252 3175 3469 3237; x_wconf 89' lang='lat' dir='ltr'><strong>vitium,</strong></span> 
     </span>
    </p>
   </div>
   <div class='ocr_carea' id='block_1_60' title="bbox 214 3257 1802 3344">
    <p class='ocr_par' dir='ltr' id='par_1_60' title="bbox 214 3268 1779 3344">
     <span class='ocr_line' id='line_1_60' title="bbox 214 3268 1779 3344; baseline -0.001 -16"><span class='ocrx_word' id='word_1_411' title='bbox 214 3275 555 3341; x_wconf 74' lang='grc' dir='ltr'><strong>καταϐλὰψει</strong></span> <span class='ocrx_word' id='word_1_412' title='bbox 579 3274 638 3325; x_wconf 73' lang='grc' dir='ltr'><strong>τὸ</strong></span> <span class='ocrx_word' id='word_1_413' title='bbox 671 3274 847 3343; x_wconf 79' lang='grc' dir='ltr'><strong>ἄωρον</strong></span> <span class='ocrx_word' id='word_1_414' title='bbox 878 3274 977 3341; x_wconf 84' lang='grc' dir='ltr'><strong>τῆς</strong></span> <span class='ocrx_word' id='word_1_415' title='bbox 1006 3272 1222 3343; x_wconf 76' lang='grc' dir='ltr'><strong>ἡλικίας</strong></span> <span class='ocrx_word' id='word_1_416' title='bbox 1245 3289 1257 3301; x_wconf 71' lang='grc'><strong>⁸</strong></span> <span class='ocrx_word' id='word_1_417' title='bbox 1292 3273 1394 3324; x_wconf 72' lang='grc' dir='ltr'><strong>κᾶν</strong></span> <span class='ocrx_word' id='word_1_418' title='bbox 1416 3268 1482 3344; x_wconf 75' lang='grc' dir='ltr'><strong>ᾗς</strong></span> <span class='ocrx_word' id='word_1_419' title='bbox 1518 3273 1779 3343; x_wconf 71' lang='grc' dir='ltr'><strong>ῥᾴθυμος,</strong></span> 
     </span>
    </p>
   </div>
   <div class='ocr_carea' id='block_1_61' title="bbox 1887 3257 3469 3344">
    <p class='ocr_par' dir='ltr' id='par_1_61' title="bbox 1889 3260 3469 3333">
     <span class='ocr_line' id='line_1_61' title="bbox 1889 3260 3469 3333; baseline 0.009 -22"><span class='ocrx_word' id='word_1_420' title='bbox 1889 3260 1980 3313; x_wconf 89' lang='lat' dir='ltr'><strong>sed</strong></span> <span class='ocrx_word' id='word_1_421' title='bbox 2013 3260 2067 3313; x_wconf 92' lang='lat' dir='ltr'><strong>in</strong></span> <span class='ocrx_word' id='word_1_422' title='bbox 2092 3262 2291 3314; x_wconf 92' lang='lat' dir='ltr'><strong>mentis</strong></span> <span class='ocrx_word' id='word_1_423' title='bbox 2312 3260 2474 3333; x_wconf 72' lang='grc'><strong>514</strong></span> <span class='ocrx_word' id='word_1_424' title='bbox 2488 3271 2543 3315; x_wconf 91' lang='lat' dir='ltr'><strong>et</strong></span> <span class='ocrx_word' id='word_1_425' title='bbox 2576 3278 2774 3318; x_wconf 90' lang='lat' dir='ltr'><strong>sensus</strong></span> <span class='ocrx_word' id='word_1_426' title='bbox 2796 3265 3116 3321; x_wconf 85' lang='lat' dir='ltr'><strong>discrimine</strong></span> <span class='ocrx_word' id='word_1_427' title='bbox 3138 3268 3469 3325; x_wconf 88' lang='lat' dir='ltr'><strong>consistunt.</strong></span> 
     </span>
    </p>
   </div>
   <div class='ocr_carea' id='block_1_62' title="bbox 213 3364 1788 3435">
    <p class='ocr_par' dir='ltr' id='par_1_62' title="bbox 213 3364 1788 3435">
     <span class='ocr_line' id='line_1_62' title="bbox 213 3364 1788 3435; baseline -0.001 -15"><span class='ocrx_word' id='word_1_428' title='bbox 213 3366 370 3420; x_wconf 80' lang='grc' dir='ltr'><strong>οὐδέν</strong></span> <span class='ocrx_word' id='word_1_429' title='bbox 408 3382 466 3417; x_wconf 88' lang='grc' dir='ltr'><strong>σε</strong></span> <span class='ocrx_word' id='word_1_430' title='bbox 495 3365 766 3435; x_wconf 69' lang='grc' dir='ltr'><strong>ὼιρελήσει</strong></span> <span class='ocrx_word' id='word_1_431' title='bbox 805 3364 866 3417; x_wconf 83' lang='grc' dir='ltr'><strong>τὸ</strong></span> <span class='ocrx_word' id='word_1_432' title='bbox 902 3365 1097 3435; x_wconf 85' lang='grc' dir='ltr'><strong>γῆρας.</strong></span> <span class='ocrx_word' id='word_1_433' title='bbox 1150 3364 1316 3417; x_wconf 82' lang='grc' dir='ltr'><strong>ΙΙολιὰ</strong></span> <span class='ocrx_word' id='word_1_434' title='bbox 1345 3364 1454 3434; x_wconf 85' lang='grc' dir='ltr'><strong>γὰρ</strong></span> <span class='ocrx_word' id='word_1_435' title='bbox 1487 3367 1548 3417; x_wconf 85' lang='grc' dir='ltr'><strong>ού</strong></span> <span class='ocrx_word' id='word_1_436' title='bbox 1604 3367 1788 3435; x_wconf 83' lang='grc' dir='ltr'><strong>τρίχες</strong></span> 
     </span>
    </p>
   </div>
   <div class='ocr_carea' id='block_1_63' title="bbox 213 3450 1788 3528">
    <p class='ocr_par' dir='ltr' id='par_1_63' title="bbox 213 3450 1788 3528">
     <span class='ocr_line' id='line_1_63' title="bbox 213 3450 1788 3528; baseline -0.002 -15"><span class='ocrx_word' id='word_1_437' title='bbox 213 3460 429 3524; x_wconf 77' lang='grc' dir='ltr'><strong>λευκαὶ,</strong></span> <span class='ocrx_word' id='word_1_438' title='bbox 478 3458 616 3511; x_wconf 75' lang='grc' dir='ltr'><strong>ἀλλὰ</strong></span> <span class='ocrx_word' id='word_1_439' title='bbox 663 3457 843 3527; x_wconf 78' lang='grc' dir='ltr'><strong>ψυχῆς</strong></span> <span class='ocrx_word' id='word_1_440' title='bbox 895 3457 1089 3528; x_wconf 83' lang='grc' dir='ltr'><strong>ἀρετή.</strong></span> <span class='ocrx_word' id='word_1_441' title='bbox 1139 3450 1309 3518; x_wconf 76' lang='grc' dir='ltr'><strong>Οὗτος</strong></span> <span class='ocrx_word' id='word_1_442' title='bbox 1355 3457 1533 3508; x_wconf 84' lang='grc' dir='ltr'><strong>τοίνυν</strong></span> <span class='ocrx_word' id='word_1_443' title='bbox 1574 3457 1788 3510; x_wconf 79' lang='grc' dir='ltr'><strong>όΔαϐ”ιδ</strong></span> 
     </span>
    </p>
   </div>
   <div class='ocr_carea' id='block_1_64' title="bbox 214 3550 1785 3622">
    <p class='ocr_par' dir='ltr' id='par_1_64' title="bbox 214 3550 1785 3622">
     <span class='ocr_line' id='line_1_64' title="bbox 214 3550 1785 3622; baseline -0.002 -16"><span class='ocrx_word' id='word_1_444' title='bbox 214 3554 334 3617; x_wconf 83' lang='grc' dir='ltr'><strong>νέος</strong></span> <span class='ocrx_word' id='word_1_445' title='bbox 358 3553 459 3617; x_wconf 85' lang='grc' dir='ltr'><strong>ὣν,</strong></span> <span class='ocrx_word' id='word_1_446' title='bbox 490 3552 698 3622; x_wconf 84' lang='grc' dir='ltr'><strong>ὥριμον</strong></span> <span class='ocrx_word' id='word_1_447' title='bbox 736 3552 826 3603; x_wconf 82' lang='grc' dir='ltr'><strong>τὸν</strong></span> <span class='ocrx_word' id='word_1_448' title='bbox 868 3550 1074 3621; x_wconf 81' lang='grc' dir='ltr'><strong>καρπὸν</strong></span> <span class='ocrx_word' id='word_1_449' title='bbox 1103 3551 1203 3618; x_wconf 70' lang='grc' dir='ltr'><strong>τῆς</strong></span> <span class='ocrx_word' id='word_1_450' title='bbox 1250 3550 1453 3619; x_wconf 78' lang='grc' dir='ltr'><strong>ἀρετῆς</strong></span> <span class='ocrx_word' id='word_1_451' title='bbox 1504 3551 1785 3620; x_wconf 84' lang='grc' dir='ltr'><strong>ἐκέκτητο.</strong></span> 
     </span>
    </p>
   </div>
   <div class='ocr_carea' id='block_1_65' title="bbox 211 3638 1785 3712">
    <p class='ocr_par' dir='ltr' id='par_1_65' title="bbox 211 3638 1785 3712">
     <span class='ocr_line' id='line_1_65' title="bbox 211 3638 1785 3712; baseline -0.004 -14"><span class='ocrx_word' id='word_1_452' title='bbox 211 3638 423 3698; x_wconf 84' lang='grc' dir='ltr'><strong>Ἦλθεν</strong></span> <span class='ocrx_word' id='word_1_453' title='bbox 454 3646 482 3697; x_wconf 86' lang='grc' dir='ltr'><strong>ό</strong></span> <span class='ocrx_word' id='word_1_454' title='bbox 503 3642 753 3712; x_wconf 79' lang='grc' dir='ltr'><strong>Σαμουὴλ</strong></span> <span class='ocrx_word' id='word_1_455' title='bbox 783 3642 920 3711; x_wconf 77' lang='grc' dir='ltr'><strong>πρὸς</strong></span> <span class='ocrx_word' id='word_1_456' title='bbox 949 3640 1039 3692; x_wconf 78' lang='grc' dir='ltr'><strong>τὸν</strong></span> <span class='ocrx_word' id='word_1_457' title='bbox 1083 3640 1301 3703; x_wconf 74' lang='grc' dir='ltr'><strong>Ἰεσσαὶ,</strong></span> <span class='ocrx_word' id='word_1_458' title='bbox 1340 3640 1476 3710; x_wconf 75' lang='grc' dir='ltr'><strong>ἔχων</strong></span> <span class='ocrx_word' id='word_1_459' title='bbox 1514 3642 1574 3692; x_wconf 80' lang='grc' dir='ltr'><strong>τὸ</strong></span> <span class='ocrx_word' id='word_1_460' title='bbox 1596 3640 1785 3711; x_wconf 84' lang='grc' dir='ltr'><strong>κέρας,</strong></span> 
     </span>
    </p>
   </div>
   <div class='ocr_carea' id='block_1_66' title="bbox 215 3731 1788 3804">
    <p class='ocr_par' dir='ltr' id='par_1_66' title="bbox 215 3731 1788 3804">
     <span class='ocr_line' id='line_1_66' title="bbox 215 3731 1788 3804; baseline -0.006 -10"><span class='ocrx_word' id='word_1_461' title='bbox 215 3740 349 3794; x_wconf 78' lang='grc' dir='ltr'><strong>ἔνθα</strong></span> <span class='ocrx_word' id='word_1_462' title='bbox 369 3739 433 3793; x_wconf 68' lang='grc' dir='ltr'><strong>τὸ</strong></span> <span class='ocrx_word' id='word_1_463' title='bbox 464 3737 643 3790; x_wconf 75' lang='grc' dir='ltr'><strong>ἔλαιον</strong></span> <span class='ocrx_word' id='word_1_464' title='bbox 669 3731 737 3804; x_wconf 81' lang='grc' dir='ltr'><strong>ἦν</strong></span> <span class='ocrx_word' id='word_1_465' title='bbox 782 3734 832 3787; x_wconf 79' lang='lat'><strong>.0</strong></span> <span class='ocrx_word' id='word_1_466' title='bbox 855 3734 1029 3801; x_wconf 79' lang='grc' dir='ltr'><strong>ἆγιον.</strong></span> <span class='ocrx_word' id='word_1_467' title='bbox 1071 3736 1178 3787; x_wconf 80' lang='grc' dir='ltr'><strong>Καὶ</strong></span> <span class='ocrx_word' id='word_1_468' title='bbox 1207 3733 1261 3786; x_wconf 85' lang='grc' dir='ltr'><strong>τί</strong></span> <span class='ocrx_word' id='word_1_469' title='bbox 1300 3749 1497 3801; x_wconf 79' lang='grc' dir='ltr'><strong>φησιν;</strong></span> <span class='ocrx_word' id='word_1_470' title='bbox 1535 3733 1788 3802; x_wconf 70' lang='grc' dir='ltr'><strong>Ἔπεμψέ</strong></span> 
     </span>
    </p>
   </div>
   <div class='ocr_carea' id='block_1_67' title="bbox 219 3823 1787 3902">
    <p class='ocr_par' dir='ltr' id='par_1_67' title="bbox 219 3823 1787 3902">
     <span class='ocr_line' id='line_1_67' title="bbox 219 3823 1787 3902; baseline -0.004 -20"><span class='ocrx_word' id='word_1_471' title='bbox 219 3848 289 3902; x_wconf 85' lang='grc' dir='ltr'><strong>με</strong></span> <span class='ocrx_word' id='word_1_472' title='bbox 327 3831 357 3881; x_wconf 88' lang='lat'><strong>0</strong></span> <span class='ocrx_word' id='word_1_473' title='bbox 396 3829 529 3892; x_wconf 82' lang='grc' dir='ltr'><strong>θεὸς</strong></span> <span class='ocrx_word' id='word_1_474' title='bbox 565 3827 788 3895; x_wconf 77' lang='grc' dir='ltr'><strong>ποιῆσαι</strong></span> <span class='ocrx_word' id='word_1_475' title='bbox 826 3825 1048 3895; x_wconf 77' lang='grc' dir='ltr'><strong>βασιλέα</strong></span> <span class='ocrx_word' id='word_1_476' title='bbox 1091 3824 1202 3877; x_wconf 84' lang='grc' dir='ltr'><strong>τῶν</strong></span> <span class='ocrx_word' id='word_1_477' title='bbox 1259 3823 1391 3876; x_wconf 77' lang='grc' dir='ltr'><strong>υἱῶν</strong></span> <span class='ocrx_word' id='word_1_478' title='bbox 1428 3840 1522 3876; x_wconf 87' lang='grc' dir='ltr'><strong>σου</strong></span> <span class='ocrx_word' id='word_1_479' title='bbox 1568 3825 1684 3877; x_wconf 73' lang='grc' dir='ltr'><strong>ἕνα.</strong></span> <span class='ocrx_word' id='word_1_480' title='bbox 1730 3823 1787 3875; x_wconf 86' lang='lat'><strong>&#39;0</strong></span> 
     </span>
    </p>
   </div>
   <div class='ocr_carea' id='block_1_68' title="bbox 228 3916 1789 3988">
    <p class='ocr_par' dir='ltr' id='par_1_68' title="bbox 228 3916 1789 3988">
     <span class='ocr_line' id='line_1_68' title="bbox 228 3916 1789 3988; baseline -0.005 -12"><span class='ocrx_word' id='word_1_481' title='bbox 228 3923 431 3976; x_wconf 79' lang='grc' dir='ltr'><strong>Ἰεσσαὶ</strong></span> <span class='ocrx_word' id='word_1_482' title='bbox 448 3921 687 3981; x_wconf 81' lang='grc' dir='ltr'><strong>ἀκούσας</strong></span> <span class='ocrx_word' id='word_1_483' title='bbox 716 3919 960 3988; x_wconf 81' lang='grc' dir='ltr'><strong>βασιλέα,</strong></span> <span class='ocrx_word' id='word_1_484' title='bbox 990 3916 1218 3987; x_wconf 80' lang='grc' dir='ltr'><strong>νομίσας</strong></span> <span class='ocrx_word' id='word_1_485' title='bbox 1257 3916 1453 3986; x_wconf 72' lang='grc' dir='ltr'><strong>ἐκεινῳ</strong></span> <span class='ocrx_word' id='word_1_486' title='bbox 1482 3917 1789 3986; x_wconf 73' lang='grc' dir='ltr'><strong>ἐπιτήδειον</strong></span> 
     </span>
    </p>
   </div>
   <div class='ocr_carea' id='block_1_69' title="bbox 214 4009 1788 4081">
    <p class='ocr_par' dir='ltr' id='par_1_69' title="bbox 214 4009 1788 4081">
     <span class='ocr_line' id='line_1_69' title="bbox 214 4009 1788 4081; baseline -0.004 -12"><span class='ocrx_word' id='word_1_487' title='bbox 214 4012 359 4069; x_wconf 85' lang='grc' dir='ltr'><strong>εἷναι</strong></span> <span class='ocrx_word' id='word_1_488' title='bbox 398 4014 458 4066; x_wconf 81' lang='grc' dir='ltr'><strong>τὸ</strong></span> <span class='ocrx_word' id='word_1_489' title='bbox 484 4013 720 4081; x_wconf 76' lang='grc' dir='ltr'><strong>ἀξίωμα,</strong></span> <span class='ocrx_word' id='word_1_490' title='bbox 763 4011 884 4079; x_wconf 88' lang='grc' dir='ltr'><strong>ἄγει</strong></span> <span class='ocrx_word' id='word_1_491' title='bbox 912 4011 1002 4063; x_wconf 80' lang='grc' dir='ltr'><strong>τὸν</strong></span> <span class='ocrx_word' id='word_1_492' title='bbox 1037 4010 1254 4079; x_wconf 82' lang='grc' dir='ltr'><strong>πρῶτον</strong></span> <span class='ocrx_word' id='word_1_493' title='bbox 1280 4010 1415 4073; x_wconf 75' lang='grc' dir='ltr'><strong>υἱον,</strong></span> <span class='ocrx_word' id='word_1_494' title='bbox 1441 4009 1535 4062; x_wconf 87' lang='grc' dir='ltr'><strong>καί</strong></span> <span class='ocrx_word' id='word_1_495' title='bbox 1571 4026 1733 4078; x_wconf 84' lang='grc' dir='ltr'><strong>φησιν</strong></span> <span class='ocrx_word' id='word_1_496' title='bbox 1759 4012 1788 4062; x_wconf 88' lang='lat'><strong>0</strong></span> 
     </span>
    </p>
   </div>
   <div class='ocr_carea' id='block_1_70' title="bbox 213 4099 1789 4179">
    <p class='ocr_par' dir='ltr' id='par_1_70' title="bbox 213 4099 1789 4179">
     <span class='ocr_line' id='line_1_70' title="bbox 213 4099 1789 4179; baseline -0.007 -18"><span class='ocrx_word' id='word_1_497' title='bbox 213 4106 529 4179; x_wconf 82' lang='grc' dir='ltr'><strong>προφήτης·</strong></span> <span class='ocrx_word' id='word_1_498' title='bbox 582 4104 805 4174; x_wconf 73' lang='grc' dir='ltr'><strong>Πάραγε</strong></span> <span class='ocrx_word' id='word_1_499' title='bbox 849 4100 1030 4162; x_wconf 80' lang='grc' dir='ltr'><strong>αὐτὸν,</strong></span> <span class='ocrx_word' id='word_1_500' title='bbox 1078 4102 1177 4152; x_wconf 72' lang='grc' dir='ltr'><strong>οὐκ</strong></span> <span class='ocrx_word' id='word_1_501' title='bbox 1226 4099 1530 4170; x_wconf 78' lang='grc' dir='ltr'><strong>ηὐδόκησεν</strong></span> <span class='ocrx_word' id='word_1_502' title='bbox 1575 4099 1604 4150; x_wconf 92' lang='lat'><strong>0</strong></span> <span class='ocrx_word' id='word_1_503' title='bbox 1656 4099 1789 4161; x_wconf 75' lang='grc' dir='ltr'><strong>Θεὸς</strong></span> 
     </span>
    </p>
   </div>
   <div class='ocr_carea' id='block_1_71' title="bbox 213 4185 1788 4266">
    <p class='ocr_par' dir='ltr' id='par_1_71' title="bbox 213 4185 1788 4266">
     <span class='ocr_line' id='line_1_71' title="bbox 213 4185 1788 4266; baseline -0.008 -12"><span class='ocrx_word' id='word_1_504' title='bbox 213 4202 275 4254; x_wconf 78' lang='grc' dir='ltr'><strong>ὲν</strong></span> <span class='ocrx_word' id='word_1_505' title='bbox 307 4196 479 4266; x_wconf 82' lang='grc' dir='ltr'><strong>αὐτῷ.</strong></span> <span class='ocrx_word' id='word_1_506' title='bbox 524 4196 683 4264; x_wconf 80' lang='grc' dir='ltr'><strong>Ἀγει</strong></span> <span class='ocrx_word' id='word_1_507' title='bbox 710 4195 801 4247; x_wconf 83' lang='grc' dir='ltr'><strong>τὸν</strong></span> <span class='ocrx_word' id='word_1_508' title='bbox 824 4192 1078 4263; x_wconf 84' lang='grc' dir='ltr'><strong>δεύτερον</strong></span> <span class='ocrx_word' id='word_1_509' title='bbox 1109 4208 1123 4221; x_wconf 80' lang='lat'><strong><em>°</em></strong></span> <span class='ocrx_word' id='word_1_510' title='bbox 1164 4192 1287 4244; x_wconf 78' lang='grc' dir='ltr'><strong>οὐδὲ</strong></span> <span class='ocrx_word' id='word_1_511' title='bbox 1324 4185 1502 4254; x_wconf 75' lang='grc' dir='ltr'><strong>οὗτος.</strong></span> <span class='ocrx_word' id='word_1_512' title='bbox 1531 4191 1636 4244; x_wconf 82' lang='grc' dir='ltr'><strong>Τὸν</strong></span> <span class='ocrx_word' id='word_1_513' title='bbox 1667 4191 1788 4262; x_wconf 77' lang='grc' dir='ltr'><strong>τρί-</strong></span> 
     </span>
    </p>
   </div>
   <div class='ocr_carea' id='block_1_72' title="bbox 212 4282 1789 4356">
    <p class='ocr_par' dir='ltr' id='par_1_72' title="bbox 212 4282 1789 4356">
     <span class='ocr_line' id='line_1_72' title="bbox 212 4282 1789 4356; baseline -0.008 -9"><span class='ocrx_word' id='word_1_514' title='bbox 212 4309 311 4347; x_wconf 80' lang='grc' dir='ltr'><strong>τον</strong></span> <span class='ocrx_word' id='word_1_515' title='bbox 338 4307 352 4321; x_wconf 75' lang='grc'><strong><em>⁸</em></strong></span> <span class='ocrx_word' id='word_1_516' title='bbox 383 4289 506 4342; x_wconf 75' lang='grc' dir='ltr'><strong>οὐδὲ</strong></span> <span class='ocrx_word' id='word_1_517' title='bbox 535 4284 719 4346; x_wconf 76' lang='grc' dir='ltr'><strong>οὗτος·</strong></span> <span class='ocrx_word' id='word_1_518' title='bbox 752 4288 842 4338; x_wconf 84' lang='grc' dir='ltr'><strong>τὸν</strong></span> <span class='ocrx_word' id='word_1_519' title='bbox 882 4286 1161 4356; x_wconf 85' lang='grc' dir='ltr'><strong>τέταρτον,</strong></span> <span class='ocrx_word' id='word_1_520' title='bbox 1212 4284 1302 4335; x_wconf 85' lang='grc' dir='ltr'><strong>τὸν</strong></span> <span class='ocrx_word' id='word_1_521' title='bbox 1348 4282 1618 4352; x_wconf 84' lang='grc' dir='ltr'><strong>πέμπτον.</strong></span> <span class='ocrx_word' id='word_1_522' title='bbox 1669 4284 1789 4335; x_wconf 83' lang='grc' dir='ltr'><strong>Ἀν-</strong></span> 
     </span>
    </p>
   </div>
   <div class='ocr_carea' id='block_1_73' title="bbox 216 4373 1787 4455">
    <p class='ocr_par' dir='ltr' id='par_1_73' title="bbox 216 4373 1787 4455">
     <span class='ocr_line' id='line_1_73' title="bbox 216 4373 1787 4455; baseline -0.006 -19"><span class='ocrx_word' id='word_1_523' title='bbox 216 4381 407 4455; x_wconf 86' lang='grc' dir='ltr'><strong>ηλὼθη</strong></span> <span class='ocrx_word' id='word_1_524' title='bbox 443 4381 473 4433; x_wconf 98' lang='lat'><strong>0</strong></span> <span class='ocrx_word' id='word_1_525' title='bbox 502 4379 659 4450; x_wconf 76' lang='grc' dir='ltr'><strong>χορὸς</strong></span> <span class='ocrx_word' id='word_1_526' title='bbox 700 4378 806 4430; x_wconf 77' lang='grc' dir='ltr'><strong>τῶν</strong></span> <span class='ocrx_word' id='word_1_527' title='bbox 850 4376 1076 4438; x_wconf 79' lang='grc' dir='ltr'><strong>παίδων,</strong></span> <span class='ocrx_word' id='word_1_528' title='bbox 1109 4376 1203 4428; x_wconf 77' lang='grc' dir='ltr'><strong>καὶ</strong></span> <span class='ocrx_word' id='word_1_529' title='bbox 1247 4375 1275 4425; x_wconf 92' lang='lat'><strong>0</strong></span> <span class='ocrx_word' id='word_1_530' title='bbox 1317 4373 1649 4444; x_wconf 81' lang='grc' dir='ltr'><strong>ζητούμενος</strong></span> <span class='ocrx_word' id='word_1_531' title='bbox 1691 4377 1787 4445; x_wconf 80' lang='grc' dir='ltr'><strong>οὐχ</strong></span> 
     </span>
    </p>
   </div>
   <div class='ocr_carea' id='block_1_74' title="bbox 212 4464 1788 4544">
    <p class='ocr_par' dir='ltr' id='par_1_74' title="bbox 212 4464 1788 4544">
     <span class='ocr_line' id='line_1_74' title="bbox 212 4464 1788 4544; baseline -0.006 -17"><span class='ocrx_word' id='word_1_532' title='bbox 212 4474 534 4544; x_wconf 80' lang='grc' dir='ltr'><strong>ηὑρίσκετο.</strong></span> <span class='ocrx_word' id='word_1_533' title='bbox 591 4469 755 4536; x_wconf 72' lang='grc' dir='ltr'><strong>Λέγει</strong></span> <span class='ocrx_word' id='word_1_534' title='bbox 793 4467 977 4537; x_wconf 80' lang='grc' dir='ltr'><strong>αύτῷ·</strong></span> <span class='ocrx_word' id='word_1_535' title='bbox 1025 4467 1209 4536; x_wconf 83' lang='grc' dir='ltr'><strong>Ἔχεις</strong></span> <span class='ocrx_word' id='word_1_536' title='bbox 1252 4464 1450 4531; x_wconf 81' lang='grc' dir='ltr'><strong>ἄλλον;</strong></span> <span class='ocrx_word' id='word_1_537' title='bbox 1484 4466 1725 4537; x_wconf 74' lang='grc' dir='ltr'><strong>ᾐσχύνθη</strong></span> <span class='ocrx_word' id='word_1_538' title='bbox 1759 4468 1788 4518; x_wconf 92' lang='lat'><strong>0</strong></span> 
     </span>
    </p>
   </div>
   <div class='ocr_carea' id='block_1_75' title="bbox 217 4557 1787 4635">
    <p class='ocr_par' dir='ltr' id='par_1_75' title="bbox 217 4557 1787 4635">
     <span class='ocr_line' id='line_1_75' title="bbox 217 4557 1787 4635; baseline -0.012 -14"><span class='ocrx_word' id='word_1_539' title='bbox 217 4567 408 4635; x_wconf 80' lang='grc' dir='ltr'><strong>πατήρ</strong></span> <span class='ocrx_word' id='word_1_540' title='bbox 435 4581 449 4595; x_wconf 84' lang='grc'><em>’</em></span> <span class='ocrx_word' id='word_1_541' title='bbox 487 4566 634 4632; x_wconf 82' lang='grc' dir='ltr'><strong>Ἐχω</strong></span> <span class='ocrx_word' id='word_1_542' title='bbox 688 4562 805 4623; x_wconf 68' lang='grc' dir='ltr'><strong>ἕνα,</strong></span> <span class='ocrx_word' id='word_1_543' title='bbox 857 4560 1040 4629; x_wconf 76' lang='grc' dir='ltr'><strong>φησὶν,</strong></span> <span class='ocrx_word' id='word_1_544' title='bbox 1081 4558 1296 4629; x_wconf 77' lang='grc' dir='ltr'><strong>μικρὸν,</strong></span> <span class='ocrx_word' id='word_1_545' title='bbox 1337 4557 1562 4627; x_wconf 83' lang='grc' dir='ltr'><strong>εὐτελῆ·</strong></span> <span class='ocrx_word' id='word_1_546' title='bbox 1634 4557 1787 4628; x_wconf 76' lang='grc' dir='ltr'><strong>βασι-</strong></span> 
     </span>
    </p>
   </div>
   <div class='ocr_carea' id='block_1_76' title="bbox 211 4642 1815 4726">
    <p class='ocr_par' dir='ltr' id='par_1_76' title="bbox 211 4642 1815 4726">
     <span class='ocr_line' id='line_1_76' title="bbox 211 4642 1815 4726; baseline -0.004 -19"><span class='ocrx_word' id='word_1_547' title='bbox 211 4660 313 4712; x_wconf 83' lang='grc' dir='ltr'><strong>λέα</strong></span> <span class='ocrx_word' id='word_1_548' title='bbox 350 4659 553 4726; x_wconf 79' lang='grc' dir='ltr'><strong>ζητεῖς,</strong></span> <span class='ocrx_word' id='word_1_549' title='bbox 607 4654 821 4724; x_wconf 83' lang='grc' dir='ltr'><strong>μικρὸν,</strong></span> <span class='ocrx_word' id='word_1_550' title='bbox 863 4652 1073 4721; x_wconf 81' lang='grc' dir='ltr'><strong>εὐτελῆ,</strong></span> <span class='ocrx_word' id='word_1_551' title='bbox 1128 4650 1381 4719; x_wconf 83' lang='grc' dir='ltr'><strong>ποιμένα.</strong></span> <span class='ocrx_word' id='word_1_552' title='bbox 1441 4642 1815 4718; x_wconf 60' lang='grc' dir='ltr'><strong>Ἀνθρωπος,</strong></span> 
     </span>
    </p>
   </div>
   <div class='ocr_carea' id='block_1_77' title="bbox 213 4740 1782 4818">
    <p class='ocr_par' dir='ltr' id='par_1_77' title="bbox 213 4740 1782 4818">
     <span class='ocr_line' id='line_1_77' title="bbox 213 4740 1782 4818; baseline -0.009 -14"><span class='ocrx_word' id='word_1_553' title='bbox 213 4749 512 4818; x_wconf 79' lang='grc' dir='ltr'><strong>ἐξουθενεί,</strong></span> <span class='ocrx_word' id='word_1_554' title='bbox 540 4746 655 4801; x_wconf 87' lang='grc' dir='ltr'><strong>ἀλλ’</strong></span> <span class='ocrx_word' id='word_1_555' title='bbox 683 4749 711 4799; x_wconf 89' lang='grc' dir='ltr'>ὁ</span> <span class='ocrx_word' id='word_1_556' title='bbox 742 4745 875 4804; x_wconf 74' lang='grc' dir='ltr'><strong>Θεὸς</strong></span> <span class='ocrx_word' id='word_1_557' title='bbox 911 4746 1183 4811; x_wconf 82' lang='grc' dir='ltr'><strong>στεφανοῖ.</strong></span> <span class='ocrx_word' id='word_1_558' title='bbox 1210 4743 1293 4794; x_wconf 79' lang='grc' dir='ltr'><strong>Οὐ</strong></span> <span class='ocrx_word' id='word_1_559' title='bbox 1321 4740 1429 4810; x_wconf 76' lang='grc' dir='ltr'><strong>γὰρ</strong></span> <span class='ocrx_word' id='word_1_560' title='bbox 1461 4740 1540 4804; x_wconf 86' lang='grc' dir='ltr'><strong>ὡς</strong></span> <span class='ocrx_word' id='word_1_561' title='bbox 1572 4740 1782 4806; x_wconf 70' lang='grc' dir='ltr'><strong>ὄψεται</strong></span> 
     </span>
    </p>
   </div>
   <div class='ocr_carea' id='block_1_78' title="bbox 212 4834 1783 4910">
    <p class='ocr_par' dir='ltr' id='par_1_78' title="bbox 212 4834 1783 4910">
     <span class='ocr_line' id='line_1_78' title="bbox 212 4834 1783 4910; baseline -0.01 -12"><span class='ocrx_word' id='word_1_562' title='bbox 212 4845 547 4910; x_wconf 79' lang='grc' dir='ltr'><strong>ἅνθρωπος,</strong></span> <span class='ocrx_word' id='word_1_563' title='bbox 563 4840 771 4906; x_wconf 67' lang='grc' dir='ltr'><strong>ὄψεται</strong></span> <span class='ocrx_word' id='word_1_564' title='bbox 794 4839 954 4902; x_wconf 85' lang='grc' dir='ltr'><strong>Θεός.</strong></span> <span class='ocrx_word' id='word_1_565' title='bbox 979 4839 1318 4901; x_wconf 70' lang='grc' dir='ltr'><strong>Ἀνθρωπος</strong></span> <span class='ocrx_word' id='word_1_566' title='bbox 1336 4836 1421 4897; x_wconf 70' lang='grc' dir='ltr'><strong>εἷς</strong></span> <span class='ocrx_word' id='word_1_567' title='bbox 1441 4834 1783 4898; x_wconf 77' lang='grc' dir='ltr'><strong>πρόσωπον,</strong></span> 
     </span>
    </p>
   </div>
   <div class='ocr_carea' id='block_1_79' title="bbox 215 4925 1786 5001">
    <p class='ocr_par' dir='ltr' id='par_1_79' title="bbox 215 4925 1786 5001">
     <span class='ocr_line' id='line_1_79' title="bbox 215 4925 1786 5001; baseline -0.01 -9"><span class='ocrx_word' id='word_1_568' title='bbox 215 4936 365 5001; x_wconf 81' lang='grc' dir='ltr'><strong>Θεὸς</strong></span> <span class='ocrx_word' id='word_1_569' title='bbox 393 4936 461 4987; x_wconf 78' lang='grc' dir='ltr'><strong>δὲ</strong></span> <span class='ocrx_word' id='word_1_570' title='bbox 487 4938 573 4999; x_wconf 80' lang='grc' dir='ltr'><strong>εἰς</strong></span> <span class='ocrx_word' id='word_1_571' title='bbox 606 4931 879 4999; x_wconf 73' lang='grc' dir='ltr'><strong>καρδίαν.</strong></span> <span class='ocrx_word' id='word_1_572' title='bbox 906 4929 993 4991; x_wconf 82' lang='grc' dir='ltr'><strong>Μὴ</strong></span> <span class='ocrx_word' id='word_1_573' title='bbox 1026 4929 1132 4997; x_wconf 79' lang='grc' dir='ltr'><strong>γὰρ</strong></span> <span class='ocrx_word' id='word_1_574' title='bbox 1173 4926 1545 4996; x_wconf 78' lang='grc' dir='ltr'><strong>πολυσαρκίαν</strong></span> <span class='ocrx_word' id='word_1_575' title='bbox 1593 4925 1786 4995; x_wconf 70' lang='grc' dir='ltr'><strong>ζητοῖ.-</strong></span> 
     </span>
    </p>
   </div>
   <div class='ocr_carea' id='block_1_80' title="bbox 217 5017 1283 5097">
    <p class='ocr_par' dir='ltr' id='par_1_80' title="bbox 217 5017 1283 5097">
     <span class='ocr_line' id='line_1_80' title="bbox 217 5017 1283 5097; baseline -0.012 -18"><span class='ocrx_word' id='word_1_576' title='bbox 217 5046 342 5097; x_wconf 86' lang='grc' dir='ltr'><strong>μεν,</strong></span> <span class='ocrx_word' id='word_1_577' title='bbox 369 5025 546 5093; x_wconf 71' lang='grc' dir='ltr'><strong>ψυχῆς</strong></span> <span class='ocrx_word' id='word_1_578' title='bbox 576 5024 854 5089; x_wconf 75' lang='grc' dir='ltr'><strong>εὐγένειαν</strong></span> <span class='ocrx_word' id='word_1_579' title='bbox 888 5017 1283 5087; x_wconf 75' lang='grc' dir='ltr'><strong>ἐπιθυμοῦμεν.</strong></span> 
     </span>
    </p>
   </div>
   <div class='ocr_carea' id='block_1_81' title="bbox 215 5116 883 5182">
    <p class='ocr_par' dir='ltr' id='par_1_81' title="bbox 215 5116 883 5182">
     <span class='ocr_line' id='line_1_81' title="bbox 215 5116 883 5182; baseline -0.01 -9"><span class='ocrx_word' id='word_1_580' title='bbox 215 5126 321 5174; x_wconf 78' lang='lat' dir='ltr'><strong>leui</strong></span> <span class='ocrx_word' id='word_1_581' title='bbox 376 5118 580 5178; x_wconf 81' lang='lat' dir='ltr'><strong>habeo,</strong></span> <span class='ocrx_word' id='word_1_582' title='bbox 640 5116 813 5182; x_wconf 80' lang='lat' dir='ltr'><strong>inquit.</strong></span> <span class='ocrx_word' id='word_1_583' title='bbox 871 5132 883 5166; x_wconf 89' lang='lat'>:</span> 
     </span>
    </p>
   </div>
   <div class='ocr_carea' id='block_1_82' title="bbox 1886 3349 3469 3427">
    <p class='ocr_par' dir='ltr' id='par_1_82' title="bbox 1886 3349 3469 3427">
     <span class='ocr_line' id='line_1_82' title="bbox 1886 3349 3469 3427; baseline 0.005 -24"><span class='ocrx_word' id='word_1_584' title='bbox 1886 3349 1965 3404; x_wconf 84' lang='lat' dir='ltr'><strong>Ac</strong></span> <span class='ocrx_word' id='word_1_585' title='bbox 1998 3352 2244 3419; x_wconf 89' lang='lat' dir='ltr'><strong>proinde,</strong></span> <span class='ocrx_word' id='word_1_586' title='bbox 2269 3368 2369 3407; x_wconf 88' lang='lat' dir='ltr'><strong>nec</strong></span> <span class='ocrx_word' id='word_1_587' title='bbox 2406 3360 2452 3407; x_wconf 83' lang='lat' dir='ltr'><strong>si</strong></span> <span class='ocrx_word' id='word_1_588' title='bbox 2486 3355 2707 3408; x_wconf 83' lang='lat' dir='ltr'><strong>sobrius</strong></span> <span class='ocrx_word' id='word_1_589' title='bbox 2728 3366 2783 3409; x_wconf 90' lang='lat' dir='ltr'><strong>et</strong></span> <span class='ocrx_word' id='word_1_590' title='bbox 2806 3357 3047 3425; x_wconf 81' lang='lat' dir='ltr'><strong>prudens</strong></span> <span class='ocrx_word' id='word_1_591' title='bbox 3080 3358 3273 3424; x_wconf 80' lang='lat' dir='ltr'><strong>fueris,</strong></span> <span class='ocrx_word' id='word_1_592' title='bbox 3307 3357 3469 3427; x_wconf 84' lang='lat' dir='ltr'><strong>quid-</strong></span> 
     </span>
    </p>
   </div>
   <div class='ocr_carea' id='block_1_83' title="bbox 1888 3446 3467 3519">
    <p class='ocr_par' dir='ltr' id='par_1_83' title="bbox 1888 3446 3467 3519">
     <span class='ocr_line' id='line_1_83' title="bbox 1888 3446 3467 3519; baseline 0.004 -20"><span class='ocrx_word' id='word_1_593' title='bbox 1888 3461 2055 3515; x_wconf 89' lang='lat' dir='ltr'><strong>quam</strong></span> <span class='ocrx_word' id='word_1_594' title='bbox 2096 3446 2194 3500; x_wconf 89' lang='lat' dir='ltr'><strong>tibi</strong></span> <span class='ocrx_word' id='word_1_595' title='bbox 2243 3446 2552 3502; x_wconf 88' lang='lat' dir='ltr'><strong>detrimenti</strong></span> <span class='ocrx_word' id='word_1_596' title='bbox 2598 3460 2930 3519; x_wconf 64' lang='lat' dir='ltr'><strong>praematura</strong></span> <span class='ocrx_word' id='word_1_597' title='bbox 2982 3459 3118 3506; x_wconf 70' lang='lat' dir='ltr'><strong>astas</strong></span> <span class='ocrx_word' id='word_1_598' title='bbox 3176 3451 3467 3517; x_wconf 75' lang='lat' dir='ltr'><strong>attulerit;</strong></span> 
     </span>
    </p>
   </div>
   <div class='ocr_carea' id='block_1_84' title="bbox 1892 3539 3469 3613">
    <p class='ocr_par' dir='ltr' id='par_1_84' title="bbox 1892 3539 3469 3613">
     <span class='ocr_line' id='line_1_84' title="bbox 1892 3539 3469 3613; baseline 0.006 -23"><span class='ocrx_word' id='word_1_599' title='bbox 1892 3553 1989 3593; x_wconf 88' lang='lat' dir='ltr'><strong>nec</strong></span> <span class='ocrx_word' id='word_1_600' title='bbox 2018 3540 2061 3594; x_wconf 91' lang='lat' dir='ltr'><strong>si</strong></span> <span class='ocrx_word' id='word_1_601' title='bbox 2094 3539 2278 3610; x_wconf 76' lang='lat' dir='ltr'><strong>segnis</strong></span> <span class='ocrx_word' id='word_1_602' title='bbox 2303 3540 2647 3610; x_wconf 84' lang='lat' dir='ltr'><strong>ignavusque</strong></span> <span class='ocrx_word' id='word_1_603' title='bbox 2681 3543 2782 3605; x_wconf 89' lang='lat' dir='ltr'><strong>sis,</strong></span> <span class='ocrx_word' id='word_1_604' title='bbox 2806 3543 3104 3613; x_wconf 85' lang='lat' dir='ltr'><strong>quidquam</strong></span> <span class='ocrx_word' id='word_1_605' title='bbox 3132 3552 3187 3599; x_wconf 91' lang='lat' dir='ltr'><strong>te</strong></span> <span class='ocrx_word' id='word_1_606' title='bbox 3210 3555 3469 3600; x_wconf 82' lang='lat' dir='ltr'><strong>senectus</strong></span> 
     </span>
    </p>
   </div>
   <div class='ocr_carea' id='block_1_85' title="bbox 1885 3630 3467 3702">
    <p class='ocr_par' dir='ltr' id='par_1_85' title="bbox 1885 3630 3467 3702">
     <span class='ocr_line' id='line_1_85' title="bbox 1885 3630 3467 3702; baseline 0.007 -20"><span class='ocrx_word' id='word_1_607' title='bbox 1885 3630 2115 3699; x_wconf 88' lang='lat' dir='ltr'><strong>juvabit.</strong></span> <span class='ocrx_word' id='word_1_608' title='bbox 2153 3632 2424 3687; x_wconf 85' lang='lat' dir='ltr'><strong>Senectus</strong></span> <span class='ocrx_word' id='word_1_609' title='bbox 2464 3633 2607 3686; x_wconf 90' lang='lat' dir='ltr'><strong>enim</strong></span> <span class='ocrx_word' id='word_1_610' title='bbox 2636 3651 2745 3689; x_wconf 90' lang='lat' dir='ltr'><strong>non</strong></span> <span class='ocrx_word' id='word_1_611' title='bbox 2777 3637 2827 3689; x_wconf 90' lang='lat' dir='ltr'><strong>in</strong></span> <span class='ocrx_word' id='word_1_612' title='bbox 2868 3638 3100 3690; x_wconf 88' lang='lat' dir='ltr'><strong>crinium</strong></span> <span class='ocrx_word' id='word_1_613' title='bbox 3131 3637 3353 3702; x_wconf 86' lang='lat' dir='ltr'><strong>canitie,</strong></span> <span class='ocrx_word' id='word_1_614' title='bbox 3372 3640 3467 3693; x_wconf 87' lang='lat' dir='ltr'><strong>sed</strong></span> 
     </span>
    </p>
   </div>
   <div class='ocr_carea' id='block_1_86' title="bbox 1891 3723 3468 3792">
    <p class='ocr_par' dir='ltr' id='par_1_86' title="bbox 1891 3723 3468 3792">
     <span class='ocr_line' id='line_1_86' title="bbox 1891 3723 3468 3792; baseline 0.005 -17"><span class='ocrx_word' id='word_1_615' title='bbox 1891 3723 1943 3776; x_wconf 91' lang='lat' dir='ltr'><strong>in</strong></span> <span class='ocrx_word' id='word_1_616' title='bbox 1979 3723 2145 3776; x_wconf 86' lang='lat' dir='ltr'><strong>animi</strong></span> <span class='ocrx_word' id='word_1_617' title='bbox 2181 3723 2387 3776; x_wconf 90' lang='lat' dir='ltr'><strong>virtute</strong></span> <span class='ocrx_word' id='word_1_618' title='bbox 2413 3723 2517 3776; x_wconf 89' lang='lat' dir='ltr'><strong>sita</strong></span> <span class='ocrx_word' id='word_1_619' title='bbox 2562 3734 2666 3778; x_wconf 91' lang='lat' dir='ltr'><strong>est.</strong></span> <span class='ocrx_word' id='word_1_620' title='bbox 2703 3724 2795 3778; x_wconf 83' lang='lat' dir='ltr'><strong>Sic</strong></span> <span class='ocrx_word' id='word_1_621' title='bbox 2833 3726 3093 3778; x_wconf 88' lang='lat' dir='ltr'><strong>nimirum</strong></span> <span class='ocrx_word' id='word_1_622' title='bbox 3128 3725 3317 3792; x_wconf 87' lang='lat' dir='ltr'><strong>David,</strong></span> <span class='ocrx_word' id='word_1_623' title='bbox 3339 3743 3468 3783; x_wconf 88' lang='lat' dir='ltr'><strong>cum</strong></span> 
     </span>
    </p>
   </div>
   <div class='ocr_carea' id='block_1_87' title="bbox 1891 3813 3470 3884">
    <p class='ocr_par' dir='ltr' id='par_1_87' title="bbox 1891 3813 3470 3884">
     <span class='ocr_line' id='line_1_87' title="bbox 1891 3813 3470 3884; baseline 0.005 -17"><span class='ocrx_word' id='word_1_624' title='bbox 1891 3814 2070 3867; x_wconf 90' lang='lat' dir='ltr'><strong>adhuc</strong></span> <span class='ocrx_word' id='word_1_625' title='bbox 2122 3813 2344 3884; x_wconf 84' lang='lat' dir='ltr'><strong>juvenis</strong></span> <span class='ocrx_word' id='word_1_626' title='bbox 2404 3826 2579 3880; x_wconf 82' lang='lat' dir='ltr'><strong>esset,</strong></span> <span class='ocrx_word' id='word_1_627' title='bbox 2647 3826 2923 3871; x_wconf 85' lang='lat' dir='ltr'><strong>maturum</strong></span> <span class='ocrx_word' id='word_1_628' title='bbox 2973 3818 3194 3873; x_wconf 86' lang='lat' dir='ltr'><strong>virtutis</strong></span> <span class='ocrx_word' id='word_1_629' title='bbox 3228 3817 3470 3875; x_wconf 79' lang='lat' dir='ltr'><strong>fructum</strong></span> 
     </span>
    </p>
   </div>
   <div class='ocr_carea' id='block_1_88' title="bbox 1891 3908 3467 3979">
    <p class='ocr_par' dir='ltr' id='par_1_88' title="bbox 1891 3908 3467 3979">
     <span class='ocr_line' id='line_1_88' title="bbox 1891 3908 3467 3979; baseline 0.001 -16"><span class='ocrx_word' id='word_1_630' title='bbox 1891 3908 2221 3978; x_wconf 88' lang='lat' dir='ltr'><strong>possidebat.</strong></span> <span class='ocrx_word' id='word_1_631' title='bbox 2262 3908 2425 3963; x_wconf 83' lang='lat' dir='ltr'><strong>Venit</strong></span> <span class='ocrx_word' id='word_1_632' title='bbox 2465 3924 2628 3979; x_wconf 88' lang='lat' dir='ltr'><strong>porro</strong></span> <span class='ocrx_word' id='word_1_633' title='bbox 2676 3908 2897 3965; x_wconf 86' lang='lat' dir='ltr'><strong>Samuel</strong></span> <span class='ocrx_word' id='word_1_634' title='bbox 2950 3912 3015 3964; x_wconf 87' lang='lat' dir='ltr'><strong>ad</strong></span> <span class='ocrx_word' id='word_1_635' title='bbox 3068 3908 3243 3972; x_wconf 84' lang='lat' dir='ltr'><strong>Jesse,</strong></span> <span class='ocrx_word' id='word_1_636' title='bbox 3292 3926 3467 3966; x_wconf 85' lang='lat' dir='ltr'><strong>cornu</strong></span> 
     </span>
    </p>
   </div>
   <div class='ocr_carea' id='block_1_89' title="bbox 1890 4001 3470 4074">
    <p class='ocr_par' dir='ltr' id='par_1_89' title="bbox 1890 4001 3470 4074">
     <span class='ocr_line' id='line_1_89' title="bbox 1890 4001 3470 4074; baseline 0.003 -19"><span class='ocrx_word' id='word_1_637' title='bbox 1890 4010 2129 4073; x_wconf 75' lang='lat' dir='ltr'><strong>gestans,</strong></span> <span class='ocrx_word' id='word_1_638' title='bbox 2162 4001 2218 4056; x_wconf 89' lang='lat' dir='ltr'><strong>in</strong></span> <span class='ocrx_word' id='word_1_639' title='bbox 2244 4018 2356 4072; x_wconf 92' lang='lat' dir='ltr'><strong>quo</strong></span> <span class='ocrx_word' id='word_1_640' title='bbox 2394 4013 2643 4056; x_wconf 85' lang='lat' dir='ltr'><strong>sanctum</strong></span> <span class='ocrx_word' id='word_1_641' title='bbox 2672 4012 2822 4058; x_wconf 87' lang='lat' dir='ltr'><strong>esset</strong></span> <span class='ocrx_word' id='word_1_642' title='bbox 2869 4003 3074 4059; x_wconf 80' lang='lat' dir='ltr'><strong>oleum.</strong></span> <span class='ocrx_word' id='word_1_643' title='bbox 3105 4003 3170 4058; x_wconf 81' lang='lat' dir='ltr'><strong>Et</strong></span> <span class='ocrx_word' id='word_1_644' title='bbox 3193 4004 3324 4074; x_wconf 87' lang='lat' dir='ltr'><strong>quid</strong></span> <span class='ocrx_word' id='word_1_645' title='bbox 3351 4005 3470 4060; x_wconf 82' lang='lat' dir='ltr'><strong>ait?</strong></span> 
     </span>
    </p>
   </div>
   <div class='ocr_carea' id='block_1_90' title="bbox 1893 4094 3464 4167">
    <p class='ocr_par' dir='ltr' id='par_1_90' title="bbox 1893 4094 3464 4167">
     <span class='ocr_line' id='line_1_90' title="bbox 1893 4094 3464 4167; baseline 0.001 -17"><span class='ocrx_word' id='word_1_646' title='bbox 1893 4094 2041 4150; x_wconf 85' lang='lat' dir='ltr'><strong>Misit</strong></span> <span class='ocrx_word' id='word_1_647' title='bbox 2070 4110 2157 4149; x_wconf 90' lang='lat' dir='ltr'><strong>me</strong></span> <span class='ocrx_word' id='word_1_648' title='bbox 2202 4096 2348 4151; x_wconf 87' lang='lat' dir='ltr'><strong>Deus</strong></span> <span class='ocrx_word' id='word_1_649' title='bbox 2385 4106 2446 4148; x_wconf 93' lang='lat' dir='ltr'><strong>ut</strong></span> <span class='ocrx_word' id='word_1_650' title='bbox 2480 4110 2648 4149; x_wconf 91' lang='lat' dir='ltr'><strong>unum</strong></span> <span class='ocrx_word' id='word_1_651' title='bbox 2680 4111 2711 4149; x_wconf 94' lang='lat' dir='ltr'><strong>e</strong></span> <span class='ocrx_word' id='word_1_652' title='bbox 2742 4097 2855 4151; x_wconf 89' lang='lat' dir='ltr'><strong>tuis</strong></span> <span class='ocrx_word' id='word_1_653' title='bbox 2893 4096 3017 4150; x_wconf 82' lang='lat' dir='ltr'><strong>ﬁliis</strong></span> <span class='ocrx_word' id='word_1_654' title='bbox 3056 4112 3237 4167; x_wconf 78' lang='lat' dir='ltr'><strong>regem</strong></span> <span class='ocrx_word' id='word_1_655' title='bbox 3269 4096 3464 4151; x_wconf 78' lang='lat' dir='ltr'><strong>facian:</strong></span> 
     </span>
    </p>
   </div>
   <div class='ocr_carea' id='block_1_91' title="bbox 1892 4184 3453 4257">
    <p class='ocr_par' dir='ltr' id='par_1_91' title="bbox 1892 4184 3453 4257">
     <span class='ocr_line' id='line_1_91' title="bbox 1892 4184 3453 4257; baseline 0 -17"><span class='ocrx_word' id='word_1_656' title='bbox 1892 4185 2013 4257; x_wconf 80' lang='lat' dir='ltr'><strong>(cir.</strong></span> <span class='ocrx_word' id='word_1_657' title='bbox 2040 4185 2065 4240; x_wconf 84' lang='grc'><em>1</em></span> <span class='ocrx_word' id='word_1_658' title='bbox 2095 4184 2221 4255; x_wconf 78' lang='lat' dir='ltr'><strong>Reg.</strong></span> <span class='ocrx_word' id='word_1_659' title='bbox 2248 4188 2379 4250; x_wconf 80' lang='lat' dir='ltr'><strong>xw).</strong></span> <span class='ocrx_word' id='word_1_660' title='bbox 2412 4186 2614 4239; x_wconf 86' lang='lat' dir='ltr'><strong>Audito</strong></span> <span class='ocrx_word' id='word_1_661' title='bbox 2635 4184 2789 4240; x_wconf 80' lang='lat' dir='ltr'><strong>Jesse</strong></span> <span class='ocrx_word' id='word_1_662' title='bbox 2821 4188 2963 4255; x_wconf 78' lang='lat' dir='ltr'><strong>regis</strong></span> <span class='ocrx_word' id='word_1_663' title='bbox 3007 4186 3245 4253; x_wconf 88' lang='lat' dir='ltr'><strong>nomine,</strong></span> <span class='ocrx_word' id='word_1_664' title='bbox 3282 4187 3453 4240; x_wconf 80' lang='lat' dir='ltr'><strong>tilium</strong></span> 
     </span>
    </p>
   </div>
   <div class='ocr_carea' id='block_1_92' title="bbox 1892 4275 3468 4340">
    <p class='ocr_par' dir='ltr' id='par_1_92' title="bbox 1892 4275 3468 4340">
     <span class='ocr_line' id='line_1_92' title="bbox 1892 4275 3468 4340; baseline -0.001 -9"><span class='ocrx_word' id='word_1_665' title='bbox 1892 4288 2019 4331; x_wconf 87' lang='lat' dir='ltr'><strong>natu</strong></span> <span class='ocrx_word' id='word_1_666' title='bbox 2050 4277 2345 4330; x_wconf 86' lang='lat' dir='ltr'><strong>maximum</strong></span> <span class='ocrx_word' id='word_1_667' title='bbox 2395 4276 2635 4335; x_wconf 88' lang='lat' dir='ltr'><strong>adducit,</strong></span> <span class='ocrx_word' id='word_1_668' title='bbox 2682 4275 2983 4329; x_wconf 86' lang='lat' dir='ltr'><strong>arbitratus</strong></span> <span class='ocrx_word' id='word_1_669' title='bbox 3014 4290 3139 4329; x_wconf 88' lang='lat' dir='ltr'><strong>eum</strong></span> <span class='ocrx_word' id='word_1_670' title='bbox 3174 4277 3240 4328; x_wconf 83' lang='lat' dir='ltr'><strong>ad</strong></span> <span class='ocrx_word' id='word_1_671' title='bbox 3276 4275 3468 4340; x_wconf 86' lang='lat' dir='ltr'><strong>hujus-</strong></span> 
     </span>
    </p>
   </div>
   <div class='ocr_carea' id='block_1_93' title="bbox 1891 4363 3464 4437">
    <p class='ocr_par' dir='ltr' id='par_1_93' title="bbox 1891 4363 3464 4437">
     <span class='ocr_line' id='line_1_93' title="bbox 1891 4363 3464 4437; baseline -0.002 -17"><span class='ocrx_word' id='word_1_672' title='bbox 1891 4367 2035 4420; x_wconf 86' lang='lat' dir='ltr'><strong>modi</strong></span> <span class='ocrx_word' id='word_1_673' title='bbox 2089 4366 2408 4437; x_wconf 83' lang='lat' dir='ltr'><strong>dignitatem</strong></span> <span class='ocrx_word' id='word_1_674' title='bbox 2471 4364 2732 4419; x_wconf 75' lang='lat' dir='ltr'><strong>idoneum</strong></span> <span class='ocrx_word' id='word_1_675' title='bbox 2765 4380 2909 4420; x_wconf 87' lang='lat' dir='ltr'><strong>esse.</strong></span> <span class='ocrx_word' id='word_1_676' title='bbox 2973 4363 3251 4433; x_wconf 84' lang='lat' dir='ltr'><strong>Propheta</strong></span> <span class='ocrx_word' id='word_1_677' title='bbox 3287 4380 3464 4419; x_wconf 80' lang='lat' dir='ltr'><strong>vero:</strong></span> 
     </span>
    </p>
   </div>
   <div class='ocr_carea' id='block_1_94' title="bbox 1893 4458 3471 4530">
    <p class='ocr_par' dir='ltr' id='par_1_94' title="bbox 1893 4458 3471 4530">
     <span class='ocr_line' id='line_1_94' title="bbox 1893 4458 3471 4530; baseline 0.001 -20"><span class='ocrx_word' id='word_1_678' title='bbox 1893 4461 2098 4512; x_wconf 81' lang='lat' dir='ltr'><strong>Amove</strong></span> <span class='ocrx_word' id='word_1_679' title='bbox 2153 4458 2337 4523; x_wconf 90' lang='lat' dir='ltr'><strong>hunc;</strong></span> <span class='ocrx_word' id='word_1_680' title='bbox 2400 4474 2513 4514; x_wconf 92' lang='lat' dir='ltr'><strong>non</strong></span> <span class='ocrx_word' id='word_1_681' title='bbox 2579 4469 2836 4530; x_wconf 89' lang='lat' dir='ltr'><strong>acceptus</strong></span> <span class='ocrx_word' id='word_1_682' title='bbox 2896 4468 2982 4515; x_wconf 89' lang='lat' dir='ltr'><strong>est</strong></span> <span class='ocrx_word' id='word_1_683' title='bbox 3049 4459 3299 4514; x_wconf 89' lang='lat' dir='ltr'><strong>Domino.</strong></span> <span class='ocrx_word' id='word_1_684' title='bbox 3356 4460 3471 4513; x_wconf 81' lang='lat' dir='ltr'><strong>Ad-</strong></span> 
     </span>
    </p>
   </div>
   <div class='ocr_carea' id='block_1_95' title="bbox 1894 4550 3466 4618">
    <p class='ocr_par' dir='ltr' id='par_1_95' title="bbox 1894 4550 3466 4618">
     <span class='ocr_line' id='line_1_95' title="bbox 1894 4550 3466 4618; baseline 0.002 -16"><span class='ocrx_word' id='word_1_685' title='bbox 1894 4550 2047 4603; x_wconf 86' lang='lat' dir='ltr'><strong>ducit</strong></span> <span class='ocrx_word' id='word_1_686' title='bbox 2086 4550 2177 4605; x_wconf 92' lang='lat' dir='ltr'><strong>ille</strong></span> <span class='ocrx_word' id='word_1_687' title='bbox 2227 4551 2568 4618; x_wconf 85' lang='lat' dir='ltr'><strong>secundum;</strong></span> <span class='ocrx_word' id='word_1_688' title='bbox 2605 4562 2662 4606; x_wconf 88' lang='lat' dir='ltr'><strong>at</strong></span> <span class='ocrx_word' id='word_1_689' title='bbox 2708 4569 2808 4607; x_wconf 87' lang='lat' dir='ltr'><strong>nec</strong></span> <span class='ocrx_word' id='word_1_690' title='bbox 2840 4554 2944 4607; x_wconf 89' lang='lat' dir='ltr'><strong>iste</strong></span> <span class='ocrx_word' id='word_1_691' title='bbox 2988 4553 3179 4607; x_wconf 84' lang='lat' dir='ltr'><strong>etiam.</strong></span> <span class='ocrx_word' id='word_1_692' title='bbox 3220 4552 3466 4605; x_wconf 88' lang='lat' dir='ltr'><strong>Tertium</strong></span> 
     </span>
    </p>
   </div>
   <div class='ocr_carea' id='block_1_96' title="bbox 1892 4642 3470 4713">
    <p class='ocr_par' dir='ltr' id='par_1_96' title="bbox 1892 4642 3470 4713">
     <span class='ocr_line' id='line_1_96' title="bbox 1892 4642 3470 4713; baseline 0.003 -20"><span class='ocrx_word' id='word_1_693' title='bbox 1892 4642 2134 4704; x_wconf 88' lang='lat' dir='ltr'><strong>adducit,</strong></span> <span class='ocrx_word' id='word_1_694' title='bbox 2169 4658 2269 4697; x_wconf 89' lang='lat' dir='ltr'><strong>nec</strong></span> <span class='ocrx_word' id='word_1_695' title='bbox 2299 4643 2344 4697; x_wconf 84' lang='lat' dir='ltr'><strong>is</strong></span> <span class='ocrx_word' id='word_1_696' title='bbox 2374 4660 2591 4713; x_wconf 88' lang='lat' dir='ltr'><strong>quoque</strong></span> <span class='ocrx_word' id='word_1_697' title='bbox 2629 4656 2783 4707; x_wconf 89' lang='lat' dir='ltr'><strong>erat;</strong></span> <span class='ocrx_word' id='word_1_698' title='bbox 2832 4655 2948 4697; x_wconf 89' lang='lat' dir='ltr'><strong>tum</strong></span> <span class='ocrx_word' id='word_1_699' title='bbox 2988 4653 3268 4712; x_wconf 87' lang='lat' dir='ltr'><strong>quartum,</strong></span> <span class='ocrx_word' id='word_1_700' title='bbox 3310 4644 3470 4713; x_wconf 88' lang='lat' dir='ltr'><strong>quiu-</strong></span> 
     </span>
    </p>
   </div>
   <div class='ocr_carea' id='block_1_97' title="bbox 1888 4733 3468 4804">
    <p class='ocr_par' dir='ltr' id='par_1_97' title="bbox 1888 4733 3468 4804">
     <span class='ocr_line' id='line_1_97' title="bbox 1888 4733 3468 4804; baseline 0.003 -20"><span class='ocrx_word' id='word_1_701' title='bbox 1888 4744 2031 4799; x_wconf 87' lang='lat' dir='ltr'><strong>tmn;</strong></span> <span class='ocrx_word' id='word_1_702' title='bbox 2057 4733 2277 4802; x_wconf 82' lang='lat' dir='ltr'><strong>jamque</strong></span> <span class='ocrx_word' id='word_1_703' title='bbox 2311 4734 2547 4788; x_wconf 88' lang='lat' dir='ltr'><strong>ﬁliormu</strong></span> <span class='ocrx_word' id='word_1_704' title='bbox 2580 4737 2782 4790; x_wconf 89' lang='lat' dir='ltr'><strong>chorus</strong></span> <span class='ocrx_word' id='word_1_705' title='bbox 2814 4744 3178 4804; x_wconf 88' lang='lat' dir='ltr'><strong>consumptus</strong></span> <span class='ocrx_word' id='word_1_706' title='bbox 3205 4744 3345 4798; x_wconf 85' lang='lat' dir='ltr'><strong>erat,</strong></span> <span class='ocrx_word' id='word_1_707' title='bbox 3366 4750 3468 4789; x_wconf 90' lang='lat' dir='ltr'><strong>nec</strong></span> 
     </span>
    </p>
   </div>
   <div class='ocr_carea' id='block_1_98' title="bbox 1888 4825 3466 4897">
    <p class='ocr_par' dir='ltr' id='par_1_98' title="bbox 1888 4825 3466 4897">
     <span class='ocr_line' id='line_1_98' title="bbox 1888 4825 3466 4897; baseline 0.003 -21"><span class='ocrx_word' id='word_1_708' title='bbox 1888 4834 2065 4878; x_wconf 88' lang='lat' dir='ltr'><strong>tamen</strong></span> <span class='ocrx_word' id='word_1_709' title='bbox 2106 4825 2487 4880; x_wconf 84' lang='lat' dir='ltr'><strong>inveniebatur</strong></span> <span class='ocrx_word' id='word_1_710' title='bbox 2520 4829 2609 4879; x_wconf 83' lang='lat' dir='ltr'><strong>ille</strong></span> <span class='ocrx_word' id='word_1_711' title='bbox 2641 4829 2735 4897; x_wconf 91' lang='lat' dir='ltr'><strong>qui</strong></span> <span class='ocrx_word' id='word_1_712' title='bbox 2779 4829 3150 4896; x_wconf 68' lang='lat' dir='ltr'><strong>quaarebatur.</strong></span> <span class='ocrx_word' id='word_1_713' title='bbox 3186 4828 3328 4880; x_wconf 87' lang='lat' dir='ltr'><strong>Dixit</strong></span> <span class='ocrx_word' id='word_1_714' title='bbox 3363 4828 3466 4880; x_wconf 83' lang='lat' dir='ltr'><strong>ita-</strong></span> 
     </span>
    </p>
   </div>
   <div class='ocr_carea' id='block_1_99' title="bbox 1888 4915 3469 4986">
    <p class='ocr_par' dir='ltr' id='par_1_99' title="bbox 1888 4915 3469 4986">
     <span class='ocr_line' id='line_1_99' title="bbox 1888 4915 3469 4986; baseline 0.001 -17"><span class='ocrx_word' id='word_1_715' title='bbox 1888 4934 1993 4985; x_wconf 75' lang='lat' dir='ltr'><strong>quo</strong></span> <span class='ocrx_word' id='word_1_716' title='bbox 2049 4915 2269 4970; x_wconf 87' lang='lat' dir='ltr'><strong>Samuel</strong></span> <span class='ocrx_word' id='word_1_717' title='bbox 2323 4935 2337 4971; x_wconf 92' lang='lat'><strong>:</strong></span> <span class='ocrx_word' id='word_1_718' title='bbox 2383 4917 2654 4971; x_wconf 88' lang='lat' dir='ltr'><strong>Nullusne</strong></span> <span class='ocrx_word' id='word_1_719' title='bbox 2715 4926 2975 4986; x_wconf 60' lang='lat' dir='ltr'><strong>pra&#39;terea</strong></span> <span class='ocrx_word' id='word_1_720' title='bbox 3017 4918 3113 4971; x_wconf 91' lang='lat' dir='ltr'><strong>tibi</strong></span> <span class='ocrx_word' id='word_1_721' title='bbox 3171 4917 3314 4970; x_wconf 91' lang='lat' dir='ltr'><strong>ﬁlius</strong></span> <span class='ocrx_word' id='word_1_722' title='bbox 3346 4917 3469 4970; x_wconf 86' lang='lat' dir='ltr'><strong>est?</strong></span> 
     </span>
    </p>
   </div>
   <div class='ocr_carea' id='block_1_100' title="bbox 1886 5007 3464 5079">
    <p class='ocr_par' dir='ltr' id='par_1_100' title="bbox 1886 5007 3464 5079">
     <span class='ocr_line' id='line_1_100' title="bbox 1886 5007 3464 5079; baseline 0.001 -19"><span class='ocrx_word' id='word_1_723' title='bbox 1886 5008 2097 5061; x_wconf 76' lang='lat' dir='ltr'><strong>Pudore</strong></span> <span class='ocrx_word' id='word_1_724' title='bbox 2158 5008 2403 5062; x_wconf 81' lang='lat' dir='ltr'><strong>suil&#39;usus</strong></span> <span class='ocrx_word' id='word_1_725' title='bbox 2457 5020 2607 5079; x_wconf 80' lang='lat' dir='ltr'><strong>pater</strong></span> <span class='ocrx_word' id='word_1_726' title='bbox 2641 5030 2654 5064; x_wconf 88' lang='lat'>:</span> <span class='ocrx_word' id='word_1_727' title='bbox 2692 5007 2867 5063; x_wconf 87' lang='lat' dir='ltr'><strong>Unum</strong></span> <span class='ocrx_word' id='word_1_728' title='bbox 2932 5010 3221 5079; x_wconf 87' lang='lat' dir='ltr'><strong>parvulum</strong></span> <span class='ocrx_word' id='word_1_729' title='bbox 3281 5017 3337 5061; x_wconf 90' lang='lat' dir='ltr'><strong>et</strong></span> <span class='ocrx_word' id='word_1_730' title='bbox 3383 5009 3464 5061; x_wconf 93' lang='lat' dir='ltr'><strong>vi-</strong></span> 
     </span>
    </p>
   </div>
   <div class='ocr_carea' id='block_1_101' title="bbox 939 5102 3462 5179">
    <p class='ocr_par' dir='ltr' id='par_1_101' title="bbox 939 5102 3462 5179">
     <span class='ocr_line' id='line_1_101' title="bbox 939 5102 3462 5179; baseline -0.005 -13"><span class='ocrx_word' id='word_1_731' title='bbox 939 5129 1123 5166; x_wconf 79' lang='lat' dir='ltr'><strong>verum</strong></span> <span class='ocrx_word' id='word_1_732' title='bbox 1187 5126 1365 5179; x_wconf 76' lang='lat' dir='ltr'><strong>regem</strong></span> <span class='ocrx_word' id='word_1_733' title='bbox 1422 5108 1646 5177; x_wconf 67' lang='lat' dir='ltr'><strong>qumris,</strong></span> <span class='ocrx_word' id='word_1_734' title='bbox 1702 5106 1747 5160; x_wconf 88' lang='lat' dir='ltr'><strong>is</strong></span> <span class='ocrx_word' id='word_1_735' title='bbox 1800 5114 1980 5158; x_wconf 89' lang='lat' dir='ltr'><strong>autem</strong></span> <span class='ocrx_word' id='word_1_736' title='bbox 2039 5103 2165 5157; x_wconf 88' lang='lat' dir='ltr'><strong>vilis</strong></span> <span class='ocrx_word' id='word_1_737' title='bbox 2230 5115 2314 5158; x_wconf 88' lang='lat' dir='ltr'><strong>est</strong></span> <span class='ocrx_word' id='word_1_738' title='bbox 2368 5105 2556 5172; x_wconf 85' lang='lat' dir='ltr'><strong>opilio.</strong></span> <span class='ocrx_word' id='word_1_739' title='bbox 2614 5104 2788 5157; x_wconf 82' lang='lat' dir='ltr'><strong>llotno</strong></span> <span class='ocrx_word' id='word_1_740' title='bbox 2837 5103 3145 5173; x_wconf 89' lang='lat' dir='ltr'><strong>vilipendit,</strong></span> <span class='ocrx_word' id='word_1_741' title='bbox 3200 5111 3254 5155; x_wconf 88' lang='lat' dir='ltr'><strong>at</strong></span> <span class='ocrx_word' id='word_1_742' title='bbox 3320 5102 3462 5157; x_wconf 86' lang='lat' dir='ltr'><strong>Deus</strong></span> 
     </span>
    </p>
   </div>
   <div class='ocr_carea' id='block_1_102' title="bbox 212 5195 3453 5267">
    <p class='ocr_par' dir='ltr' id='par_1_102' title="bbox 212 5195 3453 5267">
     <span class='ocr_line' id='line_1_102' title="bbox 212 5195 3453 5267; baseline -0.006 -2"><span class='ocrx_word' id='word_1_743' title='bbox 212 5220 465 5267; x_wconf 86' lang='lat' dir='ltr'><strong>coronat.</strong></span> <span class='ocrx_word' id='word_1_744' title='bbox 500 5208 621 5262; x_wconf 85' lang='lat' dir='ltr'><strong>Non</strong></span> <span class='ocrx_word' id='word_1_745' title='bbox 650 5210 787 5261; x_wconf 80' lang='lat' dir='ltr'><strong>enim</strong></span> <span class='ocrx_word' id='word_1_746' title='bbox 816 5216 872 5257; x_wconf 82' lang='lat' dir='ltr'><strong>ut</strong></span> <span class='ocrx_word' id='word_1_747' title='bbox 924 5207 1056 5259; x_wconf 85' lang='lat' dir='ltr'><strong>videt</strong></span> <span class='ocrx_word' id='word_1_748' title='bbox 1114 5206 1284 5267; x_wconf 83' lang='lat' dir='ltr'><strong>homo,</strong></span> <span class='ocrx_word' id='word_1_749' title='bbox 1314 5205 1391 5256; x_wconf 82' lang='lat' dir='ltr'><strong>sic</strong></span> <span class='ocrx_word' id='word_1_750' title='bbox 1432 5204 1567 5256; x_wconf 83' lang='lat' dir='ltr'><strong>videt</strong></span> <span class='ocrx_word' id='word_1_751' title='bbox 1612 5201 1774 5253; x_wconf 85' lang='lat' dir='ltr'><strong>Deus.</strong></span> <span class='ocrx_word' id='word_1_752' title='bbox 1808 5198 1973 5252; x_wconf 83' lang='lat' dir='ltr'><strong>Homo</strong></span> <span class='ocrx_word' id='word_1_753' title='bbox 2013 5199 2198 5265; x_wconf 81' lang='lat' dir='ltr'><strong>quippe</strong></span> <span class='ocrx_word' id='word_1_754' title='bbox 2232 5199 2368 5251; x_wconf 78' lang='lat' dir='ltr'><strong>videt</strong></span> <span class='ocrx_word' id='word_1_755' title='bbox 2406 5200 2460 5249; x_wconf 78' lang='lat' dir='ltr'><strong>in</strong></span> <span class='ocrx_word' id='word_1_756' title='bbox 2517 5200 2753 5265; x_wconf 81' lang='lat' dir='ltr'><strong>faciem:</strong></span> <span class='ocrx_word' id='word_1_757' title='bbox 2793 5195 2933 5249; x_wconf 81' lang='lat' dir='ltr'><strong>Deus</strong></span> <span class='ocrx_word' id='word_1_758' title='bbox 3000 5206 3176 5249; x_wconf 82' lang='lat' dir='ltr'><strong>autem</strong></span> <span class='ocrx_word' id='word_1_759' title='bbox 3218 5197 3453 5247; x_wconf 74' lang='lat' dir='ltr'><strong>intuetur</strong></span> 
     </span>
    </p>
   </div>
   <div class='ocr_carea' id='block_1_103' title="bbox 215 5290 2879 5375">
    <p class='ocr_par' dir='ltr' id='par_1_103' title="bbox 215 5290 2879 5375">
     <span class='ocr_line' id='line_1_103' title="bbox 215 5290 2879 5375; baseline -0.006 -15"><span class='ocrx_word' id='word_1_760' title='bbox 215 5325 307 5362; x_wconf 69' lang='grc' dir='ltr'><strong>σοι·</strong></span> <span class='ocrx_word' id='word_1_761' title='bbox 345 5305 397 5375; x_wconf 85' lang='grc' dir='ltr'><strong>(Ι</strong></span> <span class='ocrx_word' id='word_1_762' title='bbox 434 5306 559 5375; x_wconf 81' lang='lat' dir='ltr'><strong>Reg.</strong></span> <span class='ocrx_word' id='word_1_763' title='bbox 592 5320 702 5369; x_wconf 79' lang='lat' dir='ltr'><strong>xw,</strong></span> <span class='ocrx_word' id='word_1_764' title='bbox 735 5305 810 5369; x_wconf 80' lang='lat'><strong>7).</strong></span> <span class='ocrx_word' id='word_1_765' title='bbox 857 5298 975 5352; x_wconf 84' lang='lat' dir='ltr'><strong>Non</strong></span> <span class='ocrx_word' id='word_1_766' title='bbox 1020 5299 1164 5352; x_wconf 82' lang='lat' dir='ltr'><strong>enim</strong></span> <span class='ocrx_word' id='word_1_767' title='bbox 1230 5297 1553 5349; x_wconf 86' lang='lat' dir='ltr'><strong>obesitatem</strong></span> <span class='ocrx_word' id='word_1_768' title='bbox 1609 5294 1926 5361; x_wconf 68' lang='lat' dir='ltr'><strong>quaerimus,</strong></span> <span class='ocrx_word' id='word_1_769' title='bbox 1981 5292 2075 5346; x_wconf 87' lang='lat' dir='ltr'><strong>sed</strong></span> <span class='ocrx_word' id='word_1_770' title='bbox 2104 5291 2271 5343; x_wconf 83' lang='lat' dir='ltr'><strong>animi</strong></span> <span class='ocrx_word' id='word_1_771' title='bbox 2307 5290 2486 5359; x_wconf 85' lang='lat' dir='ltr'><strong>potius</strong></span> <span class='ocrx_word' id='word_1_772' title='bbox 2512 5290 2879 5344; x_wconf 85' lang='lat' dir='ltr'><strong>nobilitatem.</strong></span> 
     </span>
    </p>
   </div>
   <div class='ocr_carea' id='block_1_104' title="bbox 291 5410 1780 5493">
    <p class='ocr_par' dir='ltr' id='par_1_104' title="bbox 291 5410 1780 5493">
     <span class='ocr_line' id='line_1_104' title="bbox 291 5410 1780 5493; baseline -0.011 -16"><span class='ocrx_word' id='word_1_773' title='bbox 291 5424 479 5477; x_wconf 76' lang='grc' dir='ltr'><strong>Βούλει</strong></span> <span class='ocrx_word' id='word_1_774' title='bbox 509 5422 723 5493; x_wconf 82' lang='grc' dir='ltr'><strong>μαθεῖν,</strong></span> <span class='ocrx_word' id='word_1_775' title='bbox 776 5420 875 5487; x_wconf 79' lang='grc' dir='ltr'><strong>ὅση</strong></span> <span class='ocrx_word' id='word_1_776' title='bbox 906 5417 1013 5469; x_wconf 82' lang='grc' dir='ltr'><strong>τῶν</strong></span> <span class='ocrx_word' id='word_1_777' title='bbox 1046 5414 1232 5485; x_wconf 81' lang='grc' dir='ltr'><strong>ἱερέων</strong></span> <span class='ocrx_word' id='word_1_778' title='bbox 1270 5413 1418 5465; x_wconf 75' lang='grc' dir='ltr'><strong>ἐστὶν</strong></span> <span class='ocrx_word' id='word_1_779' title='bbox 1440 5414 1473 5481; x_wconf 82' lang='grc' dir='ltr'>ἡ</span> <span class='ocrx_word' id='word_1_780' title='bbox 1508 5410 1738 5479; x_wconf 85' lang='grc' dir='ltr'><strong>δύναμις</strong></span> <span class='ocrx_word' id='word_1_781' title='bbox 1765 5427 1780 5473; x_wconf 90' lang='lat'><strong>;</strong></span> 
     </span>
    </p>
   </div>
   <div class='ocr_carea' id='block_1_105' title="bbox 225 5503 1784 5585">
    <p class='ocr_par' dir='ltr' id='par_1_105' title="bbox 225 5503 1784 5585">
     <span class='ocr_line' id='line_1_105' title="bbox 225 5503 1784 5585; baseline -0.011 -14"><span class='ocrx_word' id='word_1_782' title='bbox 225 5519 510 5585; x_wconf 83' lang='grc' dir='ltr'><strong>Ἐννόησον</strong></span> <span class='ocrx_word' id='word_1_783' title='bbox 573 5515 634 5566; x_wconf 81' lang='grc' dir='ltr'><strong>τὸ</strong></span> <span class='ocrx_word' id='word_1_784' title='bbox 670 5514 998 5582; x_wconf 57' lang='grc' dir='ltr'><strong>τβάπτισμα,</strong></span> <span class='ocrx_word' id='word_1_785' title='bbox 1047 5525 1155 5559; x_wconf 87' lang='grc' dir='ltr'><strong>των</strong></span> <span class='ocrx_word' id='word_1_786' title='bbox 1225 5504 1641 5575; x_wconf 73' lang='grc' dir='ltr'><strong>ἁμαρτημάτων</strong></span> <span class='ocrx_word' id='word_1_787' title='bbox 1688 5503 1784 5571; x_wconf 77' lang='grc' dir='ltr'><strong>τὴν</strong></span> 
     </span>
    </p>
   </div>
   <div class='ocr_carea' id='block_1_106' title="bbox 212 5595 1785 5677">
    <p class='ocr_par' dir='ltr' id='par_1_106' title="bbox 212 5595 1785 5677">
     <span class='ocr_line' id='line_1_106' title="bbox 212 5595 1785 5677; baseline -0.011 -15"><span class='ocrx_word' id='word_1_788' title='bbox 212 5610 428 5677; x_wconf 78' lang='grc' dir='ltr'><strong>ἄφεσιν,</strong></span> <span class='ocrx_word' id='word_1_789' title='bbox 456 5605 553 5675; x_wconf 77' lang='grc' dir='ltr'><strong>τὴν</strong></span> <span class='ocrx_word' id='word_1_790' title='bbox 584 5603 875 5664; x_wconf 82' lang='grc' dir='ltr'><strong>υἱοθεσίαν,</strong></span> <span class='ocrx_word' id='word_1_791' title='bbox 911 5602 981 5651; x_wconf 77' lang='grc' dir='ltr'><strong>τὰ</strong></span> <span class='ocrx_word' id='word_1_792' title='bbox 1026 5598 1195 5668; x_wconf 82' lang='grc' dir='ltr'><strong>μυρία</strong></span> <span class='ocrx_word' id='word_1_793' title='bbox 1241 5595 1443 5663; x_wconf 76' lang='grc' dir='ltr'><strong>ἀγαθὰ,</strong></span> <span class='ocrx_word' id='word_1_794' title='bbox 1482 5595 1517 5647; x_wconf 80' lang='grc' dir='ltr'>ἃ</span> <span class='ocrx_word' id='word_1_795' title='bbox 1552 5596 1637 5646; x_wconf 74' lang='grc' dir='ltr'><strong>διὰ</strong></span> <span class='ocrx_word' id='word_1_796' title='bbox 1684 5596 1785 5664; x_wconf 82' lang='grc' dir='ltr'><strong>τῆς</strong></span> 
     </span>
    </p>
   </div>
   <div class='ocr_carea' id='block_1_107' title="bbox 212 5688 1785 5765">
    <p class='ocr_par' dir='ltr' id='par_1_107' title="bbox 212 5688 1785 5765">
     <span class='ocr_line' id='line_1_107' title="bbox 212 5688 1785 5765; baseline -0.01 -11"><span class='ocrx_word' id='word_1_797' title='bbox 212 5700 512 5761; x_wconf 79' lang='grc' dir='ltr'><strong>ἐπιθέσεως</strong></span> <span class='ocrx_word' id='word_1_798' title='bbox 541 5696 648 5747; x_wconf 83' lang='grc' dir='ltr'><strong>τῶν</strong></span> <span class='ocrx_word' id='word_1_799' title='bbox 673 5696 872 5765; x_wconf 80' lang='grc' dir='ltr'><strong>χειρῶν</strong></span> <span class='ocrx_word' id='word_1_800' title='bbox 902 5694 1106 5746; x_wconf 82' lang='grc' dir='ltr'><strong>τούτων</strong></span> <span class='ocrx_word' id='word_1_801' title='bbox 1129 5710 1213 5744; x_wconf 86' lang='grc' dir='ltr'><strong>σοι</strong></span> <span class='ocrx_word' id='word_1_802' title='bbox 1248 5689 1637 5759; x_wconf 80' lang='grc' dir='ltr'><strong>παραγίνεται,</strong></span> <span class='ocrx_word' id='word_1_803' title='bbox 1690 5688 1785 5740; x_wconf 79' lang='grc' dir='ltr'><strong>καὶ</strong></span> 
     </span>
    </p>
   </div>
   <div class='ocr_carea' id='block_1_108' title="bbox 212 5781 1779 5861">
    <p class='ocr_par' dir='ltr' id='par_1_108' title="bbox 212 5781 1779 5861">
     <span class='ocr_line' id='line_1_108' title="bbox 212 5781 1779 5861; baseline -0.008 -16"><span class='ocrx_word' id='word_1_804' title='bbox 212 5793 303 5845; x_wconf 80' lang='grc' dir='ltr'><strong>διὰ</strong></span> <span class='ocrx_word' id='word_1_805' title='bbox 334 5793 435 5861; x_wconf 78' lang='grc' dir='ltr'><strong>τῆς</strong></span> <span class='ocrx_word' id='word_1_806' title='bbox 458 5790 794 5857; x_wconf 77' lang='grc' dir='ltr'><strong>ἐπικλήσεως</strong></span> <span class='ocrx_word' id='word_1_807' title='bbox 826 5788 924 5856; x_wconf 81' lang='grc' dir='ltr'><strong>τῆς</strong></span> <span class='ocrx_word' id='word_1_808' title='bbox 954 5786 1059 5839; x_wconf 76' lang='grc' dir='ltr'><strong>ὑπὸ</strong></span> <span class='ocrx_word' id='word_1_809' title='bbox 1095 5782 1301 5837; x_wconf 86' lang='grc' dir='ltr'><strong>τούτων</strong></span> <span class='ocrx_word' id='word_1_810' title='bbox 1335 5798 1418 5833; x_wconf 82' lang='grc' dir='ltr'><strong>σοι</strong></span> <span class='ocrx_word' id='word_1_811' title='bbox 1465 5781 1779 5850; x_wconf 76' lang='grc' dir='ltr'><strong>γινομένης.</strong></span> 
     </span>
    </p>
   </div>
   <div class='ocr_carea' id='block_1_109' title="bbox 229 5872 1783 5952">
    <p class='ocr_par' dir='ltr' id='par_1_109' title="bbox 229 5872 1783 5952">
     <span class='ocr_line' id='line_1_109' title="bbox 229 5872 1783 5952; baseline -0.008 -11"><span class='ocrx_word' id='word_1_812' title='bbox 229 5886 368 5941; x_wconf 76' lang='grc' dir='ltr'><strong>Ἀλλ’</strong></span> <span class='ocrx_word' id='word_1_813' title='bbox 423 5884 611 5952; x_wconf 76' lang='grc' dir='ltr'><strong>ἐπειδὴ</strong></span> <span class='ocrx_word' id='word_1_814' title='bbox 656 5880 916 5952; x_wconf 66' lang='grc' dir='ltr'><strong>ῥᾳθύμως</strong></span> <span class='ocrx_word' id='word_1_815' title='bbox 966 5881 1145 5942; x_wconf 77' lang='grc' dir='ltr'><strong>αὐτοῖς</strong></span> <span class='ocrx_word' id='word_1_816' title='bbox 1206 5872 1646 5949; x_wconf 75' lang='grc' dir='ltr'><strong>προσερχόμεθα,</strong></span> <span class='ocrx_word' id='word_1_817' title='bbox 1690 5878 1783 5929; x_wconf 69' lang='grc' dir='ltr'><strong>καὶ</strong></span> 
     </span>
    </p>
   </div>
   <div class='ocr_carea' id='block_1_110' title="bbox 498 5976 1115 6040">
    <p class='ocr_par' dir='ltr' id='par_1_110' title="bbox 498 5976 1115 6040">
     <span class='ocr_line' id='line_1_110' title="bbox 498 5976 1115 6040; baseline -0.008 -1"><span class='ocrx_word' id='word_1_818' title='bbox 498 5984 763 6040; x_wconf 72' lang='grc' dir='ltr'><strong>ΡΑΤιιοε..</strong></span> <span class='ocrx_word' id='word_1_819' title='bbox 797 5980 917 6038; x_wconf 76' lang='lat' dir='ltr'><strong>Gn.</strong></span> <span class='ocrx_word' id='word_1_820' title='bbox 937 5976 1115 6037; x_wconf 77' lang='lat' dir='ltr'><strong>XCV.</strong></span> 
     </span>
    </p>
   </div>
   <div class='ocr_carea' id='block_1_111' title="bbox 1965 5400 3469 5481">
    <p class='ocr_par' dir='ltr' id='par_1_111' title="bbox 1965 5400 3469 5481">
     <span class='ocr_line' id='line_1_111' title="bbox 1965 5400 3469 5481; baseline -0.003 -17"><span class='ocrx_word' id='word_1_821' title='bbox 1965 5411 2159 5481; x_wconf 84' lang='lat' dir='ltr'><strong>Ejusd.</strong></span> <span class='ocrx_word' id='word_1_822' title='bbox 2187 5443 2254 5452; x_wconf 91' lang='lat'><strong><em>—</em></strong></span> <span class='ocrx_word' id='word_1_823' title='bbox 2289 5409 2380 5463; x_wconf 81' lang='lat' dir='ltr'><strong>Vis</strong></span> <span class='ocrx_word' id='word_1_824' title='bbox 2413 5410 2556 5463; x_wconf 86' lang='lat' dir='ltr'><strong>scire</strong></span> <span class='ocrx_word' id='word_1_825' title='bbox 2593 5416 2799 5479; x_wconf 87' lang='lat' dir='ltr'><strong>quanta</strong></span> <span class='ocrx_word' id='word_1_826' title='bbox 2835 5407 3187 5461; x_wconf 84' lang='lat' dir='ltr'><strong>sacerdotum</strong></span> <span class='ocrx_word' id='word_1_827' title='bbox 3228 5400 3469 5472; x_wconf 79' lang='lat' dir='ltr'><strong>potentia</strong></span> 
     </span>
    </p>
   </div>
   <div class='ocr_carea' id='block_1_112' title="bbox 1851 5498 3469 5573">
    <p class='ocr_par' dir='ltr' id='par_1_112' title="bbox 1851 5498 3469 5573">
     <span class='ocr_line' id='line_1_112' title="bbox 1851 5498 3469 5573; baseline -0.006 -14"><span class='ocrx_word' id='word_1_828' title='bbox 1851 5514 1859 5521; x_wconf 91' lang='lat'>&#39;</span> <span class='ocrx_word' id='word_1_829' title='bbox 1891 5506 1997 5559; x_wconf 88' lang='lat' dir='ltr'><strong>sit?</strong></span> <span class='ocrx_word' id='word_1_830' title='bbox 2026 5504 2358 5573; x_wconf 86' lang='lat' dir='ltr'><strong>Baptismum</strong></span> <span class='ocrx_word' id='word_1_831' title='bbox 2399 5498 2657 5572; x_wconf 49' lang='lat' dir='ltr'><strong>inspice,&quot;</strong></span> <span class='ocrx_word' id='word_1_832' title='bbox 2678 5512 3026 5572; x_wconf 86' lang='lat' dir='ltr'><strong>peccatorum</strong></span> <span class='ocrx_word' id='word_1_833' title='bbox 3062 5498 3469 5559; x_wconf 76' lang='lat' dir='ltr'><strong>remissionem,</strong></span> 
     </span>
    </p>
   </div>
   <div class='ocr_carea' id='block_1_113' title="bbox 1890 5587 3469 5665">
    <p class='ocr_par' dir='ltr' id='par_1_113' title="bbox 1890 5587 3469 5665">
     <span class='ocr_line' id='line_1_113' title="bbox 1890 5587 3469 5665; baseline -0.007 -16"><span class='ocrx_word' id='word_1_834' title='bbox 1890 5597 2262 5665; x_wconf 83' lang='lat' dir='ltr'><strong>adoptionem,</strong></span> <span class='ocrx_word' id='word_1_835' title='bbox 2290 5602 2549 5648; x_wconf 82' lang='lat' dir='ltr'><strong>sexcenta</strong></span> <span class='ocrx_word' id='word_1_836' title='bbox 2584 5592 2820 5662; x_wconf 90' lang='lat' dir='ltr'><strong>denique</strong></span> <span class='ocrx_word' id='word_1_837' title='bbox 2848 5592 2987 5645; x_wconf 88' lang='lat' dir='ltr'><strong>bona</strong></span> <span class='ocrx_word' id='word_1_838' title='bbox 3018 5604 3139 5659; x_wconf 76' lang='lat' dir='ltr'><strong>qua:</strong></span> <span class='ocrx_word' id='word_1_839' title='bbox 3161 5604 3254 5658; x_wconf 91' lang='lat' dir='ltr'><strong>per</strong></span> <span class='ocrx_word' id='word_1_840' title='bbox 3289 5587 3469 5656; x_wconf 89' lang='lat' dir='ltr'><strong>impo-</strong></span> 
     </span>
    </p>
   </div>
   <div class='ocr_carea' id='block_1_114' title="bbox 1889 5681 3470 5756">
    <p class='ocr_par' dir='ltr' id='par_1_114' title="bbox 1889 5681 3470 5756">
     <span class='ocr_line' id='line_1_114' title="bbox 1889 5681 3470 5756; baseline -0.006 -14"><span class='ocrx_word' id='word_1_841' title='bbox 1889 5691 2145 5744; x_wconf 91' lang='lat' dir='ltr'><strong>sitionem</strong></span> <span class='ocrx_word' id='word_1_842' title='bbox 2189 5700 2447 5740; x_wconf 90' lang='lat' dir='ltr'><strong>manuum</strong></span> <span class='ocrx_word' id='word_1_843' title='bbox 2494 5687 2763 5756; x_wconf 89' lang='lat' dir='ltr'><strong>ipsorum,</strong></span> <span class='ocrx_word' id='word_1_844' title='bbox 2814 5696 2869 5741; x_wconf 90' lang='lat' dir='ltr'><strong>et</strong></span> <span class='ocrx_word' id='word_1_845' title='bbox 2908 5699 3007 5754; x_wconf 86' lang='lat' dir='ltr'><strong>per</strong></span> <span class='ocrx_word' id='word_1_846' title='bbox 3065 5681 3470 5737; x_wconf 86' lang='lat' dir='ltr'><strong>invocationem</strong></span> 
     </span>
    </p>
   </div>
   <div class='ocr_carea' id='block_1_115' title="bbox 1888 5772 3472 5852">
    <p class='ocr_par' dir='ltr' id='par_1_115' title="bbox 1888 5772 3472 5852">
     <span class='ocr_line' id='line_1_115' title="bbox 1888 5772 3472 5852; baseline -0.003 -19"><span class='ocrx_word' id='word_1_847' title='bbox 1888 5797 2053 5852; x_wconf 87' lang='lat' dir='ltr'><strong>quam</strong></span> <span class='ocrx_word' id='word_1_848' title='bbox 2084 5788 2177 5834; x_wconf 86' lang='lat' dir='ltr'><strong>tua</strong></span> <span class='ocrx_word' id='word_1_849' title='bbox 2211 5794 2378 5834; x_wconf 90' lang='lat' dir='ltr'><strong>causa</strong></span> <span class='ocrx_word' id='word_1_850' title='bbox 2437 5777 2672 5841; x_wconf 81' lang='lat' dir='ltr'><strong>faciunt,</strong></span> <span class='ocrx_word' id='word_1_851' title='bbox 2705 5778 2801 5832; x_wconf 87' lang='lat' dir='ltr'><strong>tibi</strong></span> <span class='ocrx_word' id='word_1_852' title='bbox 2853 5779 3200 5847; x_wconf 80' lang='lat' dir='ltr'><strong>contingunt.</strong></span> <span class='ocrx_word' id='word_1_853' title='bbox 3237 5776 3305 5828; x_wconf 78' lang='lat' dir='ltr'><strong>At</strong></span> <span class='ocrx_word' id='word_1_854' title='bbox 3339 5772 3472 5842; x_wconf 80' lang='lat' dir='ltr'><strong>quia</strong></span> 
     </span>
    </p>
   </div>
   <div class='ocr_carea' id='block_1_116' title="bbox 1893 5866 3469 5944">
    <p class='ocr_par' dir='ltr' id='par_1_116' title="bbox 1893 5866 3469 5944">
     <span class='ocr_line' id='line_1_116' title="bbox 1893 5866 3469 5944; baseline -0.005 -15"><span class='ocrx_word' id='word_1_855' title='bbox 1893 5874 2233 5944; x_wconf 81' lang='lat' dir='ltr'><strong>negligenter</strong></span> <span class='ocrx_word' id='word_1_856' title='bbox 2266 5872 2334 5926; x_wconf 89' lang='lat' dir='ltr'><strong>ad</strong></span> <span class='ocrx_word' id='word_1_857' title='bbox 2368 5872 2539 5943; x_wconf 87' lang='lat' dir='ltr'><strong>ipsos,</strong></span> <span class='ocrx_word' id='word_1_858' title='bbox 2568 5872 2870 5941; x_wconf 79' lang='lat' dir='ltr'><strong>ignavoque</strong></span> <span class='ocrx_word' id='word_1_859' title='bbox 2899 5880 2951 5926; x_wconf 89' lang='lat' dir='ltr'><strong>et</strong></span> <span class='ocrx_word' id='word_1_860' title='bbox 2993 5868 3247 5942; x_wconf 78' lang='lat' dir='ltr'><strong>languido</strong></span> <span class='ocrx_word' id='word_1_861' title='bbox 3284 5866 3469 5921; x_wconf 87' lang='lat' dir='ltr'><strong>animo</strong></span> 
     </span>
    </p>
   </div>
   <div class='ocr_carea' id='block_1_117' title="bbox 2931 5961 2996 6022">
    <p class='ocr_par' dir='ltr' id='par_1_117' title="bbox 2931 5961 2996 6022">
     <span class='ocr_line' id='line_1_117' title="bbox 2931 5961 2996 6022; baseline 0.015 -1"><span class='ocrx_word' id='word_1_862' title='bbox 2931 5961 2996 6022; x_wconf 83' lang='grc'><strong>49</strong></span> 
     </span>
    </p>
   </div>
  </div>
