4206 6442
787 425 923 496 1547

1939 430 2002 491 S.
2040 430 2358 490 JOANNIS
2397 432 2824 495 DAMASCENI

3897 443 4025 511 ιδιι

783 547 1121 612 accedimus,
1172 553 1458 616 praptetea
1507 542 1618 598 vita
1658 551 1844 598 nostra
1888 540 2138 598 funditus
2167 559 2330 598 cvcrs:

2419 579 2428 605 ι
2457 545 2791 618 ἠμελημένῳ
2827 547 3094 621 λογισμῷ,
3143 549 3234 603 δεά
3266 551 3426 603 τοῦτο
3462 551 3611 609 ἄπας
3645 556 3674 605 ό
3699 553 3817 625 βίος
3867 559 4020 629 ἡμῶν

771 643 882 688 est.

855 725 1044 796 Ejusd.
1077 734 1215 780 orat.
1242 726 1298 779 in
1333 727 1624 782 discessum
1657 727 1820 797 epist.
1846 755 1920 768 --
1942 723 2002 782 Si
2039 727 2347 798 patriarcha

2451 638 2875 710 ἀνατέτραπται.

2521 732 2582 784 El
2611 735 2641 785 ὁ
2669 734 3019 806 πατριάρχης
3079 733 3275 788 Ἰακὼϐ
3330 739 3666 808 θρεμμάτων
3715 741 4018 810 προεστὼς,

770 816 968 882 Jacoh,
998 834 1122 872 cum
1149 818 1402 889 gregibus
1436 832 1714 891 praeesset,
1754 827 1810 873 et
1851 820 2092 889 pecudes
2117 821 2330 874 rationi:

2449 825 2698 896 πρόϐατα
2721 825 2893 896 ἄλογα
2923 826 3156 897 βόσκων,
3192 827 3292 882 καὶ
3321 829 3596 901 ἀνθρώπῳ
3622 829 3834 899 μέλλων
3861 832 4016 886 εὐθύ-

771 919 1021 978 expertes
1045 923 1312 980 pasceret,
1342 926 1406 965 ac
1430 915 1630 967 rationi
1657 913 1947 968 reddendae
1973 911 2181 967 homini
2205 914 2347 968 dun-

772 1009 927 1056 taxat
981 1003 1255 1058 obnoxius
1311 1014 1498 1066 esset,
1562 1013 1756 1059 noctes
1817 1013 1998 1058 tamen
2062 1005 2345 1061 insomnes

772 1093 1130 1164 transigebat,
1159 1105 1435 1162 aestusque
1460 1102 1516 1149 et
1541 1095 1778 1166 algores,
1803 1105 1858 1148 et
1881 1111 2074 1151 omnes
2098 1098 2222 1151 caeli
2256 1097 2343 1150 in-

766 1185 944 1253 jurias
973 1185 1202 1252 ferebat,
1226 1203 1294 1242 ne
1319 1186 1451 1258 quid
1485 1187 1591 1244 sibi
1614 1204 1684 1243 ex
1714 1189 1824 1242 illis
1855 1190 2057 1258 periret
2085 1207 2098 1243 :
2135 1197 2343 1259 quanto

771 1283 942 1350 magis
974 1297 1091 1343 nos,
1114 1282 1203 1350 qui
1257 1298 1364 1335 non
1393 1281 1592 1345 brutis.
1625 1282 1719 1336 sed
1747 1281 2123 1349 spiritualihus
2146 1283 2342 1337 ovibus

770 1374 1114 1439 pnelicimur,
1148 1389 1250 1429 nec
1280 1374 1618 1436 hominibus,
1645 1373 1736 1426 sed
1773 1373 1882 1427 Deo
1922 1375 2184 1426 rationem
2215 1375 2340 1429 red-

682 1456 685 1458 ’
765 1465 997 1518 alendam
1033 1466 1327 1527 habemus.
1385 1466 1519 1520 nihil
1568 1466 1795 1518 omnino
1841 1467 1990 1534 quod
2043 1467 2110 1519 ad
2157 1468 2340 1536 gregis

757 1560 1055 1612 utilitatem
1087 1558 1355 1620 conferat,
1383 1557 1642 1627 defugere
1671 1573 1734 1610 ac
1756 1560 2293 1612 recusaredehemus
2320 1574 2334 1611 :

763 1653 855 1706 sed
909 1668 1022 1721 quo
1072 1668 1205 1721 grex
1256 1651 1360 1704 iste
1413 1651 1506 1703 illo
1554 1650 1753 1705 melior
1811 1657 1927 1712 est.
1977 1658 2029 1702 et
2089 1648 2336 1702 homines

761 1744 961 1807 brutis,
995 1757 1058 1796 ac
1091 1742 1232 1797 Deus
1277 1740 1614 1804 hominibus,
1667 1739 1771 1795 hoc
1812 1755 2032 1810 quoque
2081 1740 2254 1801 majus
2283 1746 2336 1791 et

759 1836 1138 1890 vehementius
1193 1833 1436 1888 studium
1502 1841 1667 1904 atque
1717 1832 2054 1886 alacritatem
2117 1838 2334 1901 oportet

758 1927 1035 1982 adbibere.

826 2018 971 2073 Ibid.
1003 2051 1075 2060 —
1120 2017 1395 2089 Ejusmodi
1455 2025 1772 2071 sanctorum
1835 2015 2077 2067 virorum
2117 2015 2332 2068 viscera

754 2121 907 2177 sunt,
943 2112 1222 2182 animique
1261 2111 1316 2165 in
1367 2111 1508 2164 ﬁlios
1557 2108 1876 2178 propensio,
1925 2114 1984 2159 ut
2018 2121 2142 2160 cum
2199 2108 2332 2176 ip-is

748 2207 895 2259 mori
933 2202 1152 2258 dulcius
1201 2216 1327 2258 esse
1386 2200 1646 2267 habeant,
1684 2215 1848 2270 quam
1903 2200 2022 2253 sine
2079 2197 2214 2268 ipsis
2253 2199 2334 2251 vi-

749 2313 818 2354 .ve
824 2313 903 2354 re.

815 2391 998 2462 .lgnat.
1026 2404 1092 2444 es
1106 2389 1272 2460 epist.
1309 2387 1378 2442 ad
1405 2386 1623 2458 Smyrn.
1648 2415 1720 2428 —
1755 2384 1963 2440 Omnes
2013 2385 2328 2453 episcopum

748 2485 1071 2556 sequimini,
1091 2492 1150 2537 ut
1173 2480 1331 2540 Jesus
1349 2480 1604 2537 Christus
1627 2479 1874 2544 Patrem;
1902 2478 2325 2549 presbyterium,

749 2588 814 2632 ut
857 2577 1178 2648 apostolos;
1229 2575 1496 2630 diaconos
1547 2581 1728 2627 autem
1765 2571 2090 2627 reveremini
2123 2580 2180 2623 ut
2235 2569 2328 2623 Dei

749 2670 1070 2724 mandatum
1107 2666 1367 2722 ferentes.
1417 2663 1612 2719 Nullus
1652 2666 1772 2718 sine
1809 2664 2068 2733 episcopo
2120 2659 2325 2730 aliquid

753 2769 1012 2831 operetur
1031 2774 1222 2815 eorum
1253 2772 1374 2829 quae
1407 2756 1740 2812 conveniunt
1766 2753 2042 2808 Ecclesizc.
2071 2751 2141 2805 Ea
2175 2753 2327 2804 lirma

754 2853 1102 2908 Eucharistia
1147 2860 1440 2906 censeatur
1486 2863 1610 2918 qua!
1641 2849 1710 2901 ab
1769 2845 2046 2915 episcopis
2083 2846 2161 2897 ﬁt.
2223 2841 2324 2896 Ubi

752 2947 1042 3015 cpiscopus
1074 2947 1408 3013 apparuerit,
1449 2942 1564 2996 illic
1596 2949 1652 2994 et
1685 2940 1840 3008 plebs
1863 2939 1952 3001 sit,
1973 2937 2329 3007 quemadmo-

751 3037 880 3092 dum
924 3037 1017 3092 uhi
1066 3036 1326 3090 Christus
1353 3043 1459 3097 est,
1507 3034 1620 3088 illic
1655 3040 1709 3085 et
1764 3029 2002 3084 Ecclesia
2036 3028 2323 3080 catholica.

751 3131 873 3184 Non
921 3138 1006 3183 est
1060 3128 1272 3182 licitum
1320 3127 1438 3180 sine
1484 3125 1750 3195 episwpo
1782 3137 1959 3192 neque
2023 3120 2322 3189 baptizare,

751 3237 930 3291 neque
971 3235 1176 3291 agapen
1229 3219 1412 3272 facere
1445 3235 1460 3272 :
1497 3215 1591 3271 sed
1627 3214 1768 3285 quod
1819 3213 2011 3280 utique
2048 3212 2165 3280 ipse
2197 3226 2323 3280 pro-

751 3313 999 3377 baverit,
1039 3313 1144 3366 hoc
1171 3319 1256 3366 est
1287 3310 1397 3363 Deo
1448 3307 1875 3376 beneplacitum.
1934 3302 2035 3368 Qui
2093 3302 2323 3353 honorat

749 3410 1090 3477 episcopum,
1115 3419 1145 3457 a
1172 3402 1282 3457 Deo
1309 3401 1608 3455 honoratus
1636 3407 1754 3463 est;
1779 3397 1874 3466 qui
1903 3398 2048 3450 clam
2065 3393 2322 3464 episcopo

750 3497 958 3569 aliquid
988 3496 1137 3561 facit,
1179 3490 1399 3548 diabolo
1428 3498 1648 3562 praestat
1669 3487 2015 3558 obsequium.

821 3591 983 3662 515
1022 3586 1214 3658 Ejusd.
1243 3587 1400 3655 epist.
1436 3585 1505 3636 ad
1534 3581 1820 3652 Polycarp.
1855 3576 2072 3651 Smyrn.
2097 3610 2168 3620 —-
2193 3580 2323 3631 0m-

751 3703 851 3742 ncs
878 3691 1140 3754 supporta
1161 3722 1176 3746 ,
1201 3677 1477 3752 quomodo
1503 3687 1557 3732 et
1586 3685 1638 3732 te
1665 3675 1949 3730 Dominus.
1979 3677 2182 3728 Omnes
2207 3672 2322 3727 sul-

752 3782 834 3834 l'er
863 3781 920 3832 in
951 3776 1245 3830 dilectione
1277 3793 1291 3828 :
1326 3771 1676 3826 orationibus
1717 3767 1958 3824 assiduis
1986 3781 2140 3820 vaca.
2190 3771 2320 3818 Am-

754 3874 980 3944 pliorem
1004 3885 1169 3940 quam
1192 3866 1397 3921 habeas
1422 3861 1837 3933 intelligentiam
1857 3859 2098 3931 postula.
2119 3856 2318 3928 Vigila,

753 3966 974 4022 oculum
1009 3977 1117 4017 non
1149 3959 1514 4015 dormientem
1547 3951 1861 4025 possidens.

823 4055 1015 4126 Ejusd.
1037 4052 1376 4107 --0mnium
1401 4046 1756 4120 aegritudines
1782 4051 1938 4115 porta
1959 4082 1974 4100 .
1999 4042 2167 4096 veluti
2200 4056 2321 4112 per-

755 4153 933 4207 lectus
965 4148 1189 4201 athleta.
1214 4143 1319 4200 Ubi
1353 4143 1528 4211 major
1556 4140 1726 4195 fuerit
1755 4138 1932 4202 labor,
1963 4135 2035 4189 ibi
2065 4144 2120 4189 et
2145 4136 2321 4203 majus

758 4246 969 4297 lucrum
1000 4249 1106 4295 est.
1147 4238 1330 4292 Bonos
1359 4234 1665 4305 discipulos
1709 4231 1757 4287 si
1806 4231 2037 4299 diligas,
2091 4243 2201 4282 non
2236 4236 2322 4282 est

753 4337 854 4392 tibi
887 4335 1062 4404 gratia
1088 4351 1106 4400 ;
1135 4331 1308 4403 magis
1339 4327 1426 4383 lac
1453 4336 1513 4380 ut
1538 4326 1986 4381 contumaciores
2011 4323 2066 4376 in
2095 4321 2321 4376 lenitate

755 4429 1043 4500 subjicias.
1075 4423 1188 4478 Non
1225 4437 1390 4478 omne
1425 4421 1624 4474 vulnus
1654 4418 1846 4474 eodem
1885 4419 2186 4486 emplastro
2221 4429 2321 4469 cu-

755 4533 932 4578 ratur.
985 4516 1292 4573 Acredines
1340 4513 1762 4585 perfusionibus
1812 4510 1968 4568 seda.
2020 4508 2317 4579 Propterea

2444 937 2544 983 νας
2567 920 2789 981 διδόναι,
2828 921 2926 990 και
2954 919 3156 982 νύκτας
3177 922 3418 984 ἀΰπνους
3449 923 3718 992 διήνυσεν,
3760 924 3856 978 καὶ
3882 927 4008 980 καύα

2449 1029 2618 1082 ματα,
2645 1012 2741 1065 καὶ
2769 1013 2958 1083 κρύος,
2991 1014 3086 1068 καὶ
3113 1016 3299 1068 πᾶσαν
3329 1015 3508 1086 ἀέρων
3548 1016 3871 1085 ἀνωμαλίαν
3895 1017 4016 1086 ἐφε-

2447 1122 2561 1175 ρεν,
2604 1106 2744 1160 ὥστε
2809 1106 2977 1176 μηδὲν
3036 1106 3451 1176 παραπολέσθαι
3509 1108 3631 1159 τῶν
3680 1108 4015 1180 θρεμμάτων

2445 1197 2692 1262 ἐκείνων,
2751 1196 2932 1268 πολλῷ
2960 1197 3161 1266 μᾶλλον
3194 1198 3344 1268 ἡμᾶς
3377 1199 3502 1263 τοὺς
3533 1200 3633 1253 οὐκ
3661 1201 3885 1267 ἀλόγοις
3919 1203 4010 1272 ἐφο

2444 1288 2708 1353 εστώτας,
2742 1287 2880 1342 ἀλλά
2905 1290 3296 1359 πνευματικοῖς
3326 1289 3638 1359 προϐάτοις,
3666 1291 3764 1344 καὶ
3795 1293 3899 1344 οὐκ
3924 1293 4015 1344 ἀνο

2443 1383 2700 1453 θρώποις,
2736 1385 2874 1438 ἀλλά
2901 1384 2980 1456 τῷ
3012 1384 3134 1455 Θεῷ
3170 1385 3466 1455 μέλλοντας
3498 1386 3595 1448 τάς
3621 1385 3849 1450 εὐθύνας
3880 1386 4014 1439 διδό⁴

2442 1497 2551 1542 ναι,
2581 1479 2719 1548 πρὸς
2744 1479 2898 1532 οὐδὲν
2927 1481 3105 1532 ὀκνεῖν
3153 1481 3250 1534 καὶ
3280 1479 3606 1533 ἀναδύεσθαι
3629 1480 3734 1550 χρὴ
3783 1479 3896 1532 τῶν
3921 1481 4014 1533 δυν-

2442 1573 2688 1640 ναμένων
2738 1570 3018 1642 ὠφελῆσαι
3074 1570 3144 1624 τά
3179 1571 3406 1642 ποίμνια
3433 1587 3446 1599 ·
3481 1571 3594 1624 ἀλλ’
3635 1574 3760 1625 ὅσον
3786 1569 4013 1642 βελτίων

2440 1665 2575 1734 αὕτη
2607 1666 2640 1733 ἡ
2672 1663 2874 1734 ποίμνη
2929 1663 3166 1733 ἐκείνης,
3214 1665 3310 1716 καὶ
3338 1663 3548 1731 ἀλόγων
3577 1663 3881 1734 ἄνθρωποι,
3917 1663 4012 1715 καὶ

2438 1755 2741 1828 ἀνθρώπων
2773 1754 2926 1819 Θεὸς,
2950 1755 3093 1809 οὕτω
3115 1757 3208 1809 καὶ
3237 1757 3386 1825 ἡμᾶς
3407 1755 3596 1817 πλείω,
3631 1757 3725 1809 καὶ
3782 1755 4011 1827 σφοδρο-

2437 1848 2602 1918 τέραν
2657 1845 3030 1917 τὴνσπουδὴν
3071 1847 3166 1899 καὶ
3209 1845 3312 1918 τὴν
3364 1845 3676 1918 προθυμίαν
3698 1847 4009 1900 ἐπιδείκνυ-

2436 1939 2559 1993 σθαι
2586 1941 2720 2010 χρή.

2501 2033 2738 2086 Τοιαῦτα
2766 2031 2876 2102 τῶν
2900 2031 3073 2100 ἁγίων
3091 2031 3163 2085 τά
3190 2031 3497 2101 σπλάγχνα,
3528 2028 3714 2102 [ὥστε]
3744 2030 3838 2084 τὸν
3868 2031 4008 2101 μετά

2430 2126 2539 2180 τῶν
2566 2127 2772 2181 τέκνων
2794 2127 3022 2181 θάνατον
3050 2127 3148 2197 τῆς
3172 2126 3343 2198 χωρὶς
3387 2125 3566 2180 αὐτῶν
3608 2125 3756 2196 ζωῆς
3799 2124 4006 2193 γλυκύ-

2430 2237 2587 2290 τερον
2619 2220 2857 2289 νομίζειν

2503 2399 2709 2464 Πάντες
2733 2398 2812 2471 τῷ
2831 2399 3118 2469 ἐπισκόπῳ
3133 2398 3494 2460 ἀκολουθεῖτε,
3525 2398 3600 2460 ὡς
3635 2399 3844 2469 Ἰησοῦς
3872 2400 4006 2471 Χρι-

2431 2494 2554 2558 στὸς
2585 2493 2663 2564 τῷ
2713 2494 2910 2564 Πατρὶ,
2950 2494 3047 2547 καὶ
3091 2494 3169 2563 τῷ
3198 2493 3576 2566 πρεσϐυτερίῳ
3607 2493 3683 2556 ὡς
3712 2496 3828 2557 τοῖς
3866 2496 4004 2546 ἀπο-

2431 2586 2671 2650 στόλοιςο
2710 2587 2837 2649 τοὺς
2876 2586 2936 2640 δέ
2997 2585 3276 2648 διακόνους
3323 2586 3680 2652 ἐντρέπεσθε,
3731 2586 3808 2649 ὡς
3865 2586 4002 2640 Θεοῦ

2428 2678 2646 2750 ἐντολὴν
2694 2676 3095 2739 διακονοῦντας.
3131 2677 3336 2744 Μηδεὶς
3379 2679 3549 2749 χωρὶς
3599 2680 3907 2732 ἐπισκόπου
3950 2697 4004 2732 τι

2428 2769 2721 2841 πρασσέτω
2770 2769 2878 2822 τῶν
2947 2769 3261 2840 ἀνηκόντων
3329 2770 3410 2832 είς
3476 2770 3574 2841 τὴν
3647 2770 4001 2840 Ἐκκλησίαν.

2440 2862 2650 2931 Ἐκείνη
2701 2860 2895 2932 βεϐαία
2945 2863 3266 2932 εὐχαριστία
3319 2861 3579 2932 ἡγείσθω,
3641 2863 3675 2932 ἡ
3736 2863 3844 2914 ὑπὸ
3891 2861 4004 2914 τῶν

2427 2955 2740 3010 ἐπισκόπων
2778 2953 2933 3007 οὖσα.
2981 2954 3158 3006 Ὅπου
3198 2953 3264 3007 ἂν
3291 2957 3434 3024 φανῇ
3463 2957 3490 3007 ὁ
3514 2954 3838 3018 ἐπίσκοπος,
3882 2955 4005 3008 ἐκεῖ

2424 3044 2485 3096 τὸ
2513 3043 2716 3112 πλῆθος
2756 3044 2892 3114 ﬁrm,
2926 3041 3117 3113 ὥσπερ
3167 3045 3302 3096 ὅπου
3350 3043 3416 3097 ἂν
3447 3046 3476 3096 ὁ
3512 3044 3770 3114 Χριστὸς,
3815 3046 3934 3097 ἐκεῖ
3966 3045 4002 3114 ή

2424 3137 2686 3205 καθολικὴ
2720 3136 3037 3207 Ἐκκλησία.
3071 3136 3184 3189 υῦκ
3213 3134 3334 3200 ἐξόν
3358 3138 3475 3189 ἐστι
3524 3137 3690 3208 χωρὶς
3730 3137 3827 3190 τοῦ
3874 3141 4002 3192 ἑπι-

2429 3233 2635 3283 σκόπου
2668 3229 2793 3284 οὔτε
2849 3229 3155 3300 βαπτίζειν,
3185 3230 3309 3284 οὔτε
3357 3233 3580 3301 ἀγάπην
3620 3236 3826 3285 ποιεῖν’
3881 3234 4002 3287 ἀλλ’

2424 3323 2453 3376 ὃ
2489 3325 2556 3377 ἂν
2586 3328 2795 3388 ἐκεῖνος
2822 3325 3116 3396 δοκιμάσῃ,
3144 3325 3302 3378 τοῦτο
3320 3325 3400 3395 τῷ
3426 3325 3546 3395 Θεῷ
3582 3325 3901 3396 εὐάρεστον.
3941 3326 4000 3381 ὐ

2421 3417 2599 3485 τιμῶν
2649 3416 2974 3480 ἐπίσκοπον,
3015 3417 3123 3470 ὑπὸ
3176 3416 3313 3470 Θεοῦ
3362 3420 3693 3488 τετίμηται·
3735 3420 3764 3471 ό
3823 3420 4001 3490 λάθρα

2421 3509 2725 3561 ἐπισκόπου
2756 3509 2810 3561 τὶ
2843 3508 3125 3581 πράσσων,
3153 3509 3231 3580 τῷ
3257 3508 3492 3579 διαϐόλῳ
3521 3509 3794 3582 λατρεύει.

2496 3599 2710 3661 Πάντας
2761 3598 3002 3668 βάσταζε
3023 3641 3040 3665 ,
3072 3598 3148 3665 ὡς
3189 3600 3288 3653 καὶ
3321 3601 3382 3654 σὲ
3411 3603 3439 3653 ὁ
3477 3601 3700 3673 Κύριος.
3766 3602 3999 3655 Πάντων

2419 3689 2614 3759 ἀνέχου
2632 3690 2690 3741 ὲν
2711 3690 2907 3761 ἀγάπῃ
2925 3707 2940 3720 ·
2970 3695 3302 3762 προσευχαῖς
3332 3693 3565 3764 σχόλαζε
3597 3693 3994 3754 ἀδιαλείπτοις.

2421 3781 2584 3836 Δίτοῦ
2647 3783 2864 3838 σύνεσιν
2912 3784 3138 3839 πλείονα
3165 3782 3234 3858 ἧς
3269 3786 3438 3856 ἔχεις.
3493 3787 3531 3838 Γ
3539 3787 3790 3858 ρηγόρει,
3836 3786 3986 3840 ἀκοί-

2423 3893 2594 3949 μητον
2613 3877 2768 3948 δμμα
2799 3879 3156 3949 κεκτημένος.

2491 4057 2715 4110 Πάντων
2733 4055 2832 4120 τάς
2854 4055 3043 4117 νόσους
3070 4053 3308 4126 βάσταζε
3336 4055 3413 4119 ὡς
3437 4055 3644 4118 τέλειος
3668 4058 3697 4110 ό
3724 4056 3994 4127 ἀθλητής.

2422 4149 2603 4201 Ὅπου
2631 4149 2836 4202 πλείων
2866 4148 3054 4212 κόπος,
3081 4149 3219 4200 πολὺ
3248 4148 3458 4219 κέρδος.
3490 4148 3704 4211 Καλοὺς
3739 4149 3998 4219 μαθητάς

2421 4242 2517 4296 ἐὰν
2544 4240 2727 4312 φιλῇς,
2750 4240 2911 4312 χάρις
2934 4256 3018 4292 σοι
3051 4240 3155 4292 οὐκ
3203 4238 3359 4292 ἐσται
3397 4255 3412 4270 ο
3439 4239 3642 4309 μᾶλλον
3673 4241 3803 4303 τοὺς
3840 4242 4001 4292 ἀπει-

2423 4335 2720 4406 θεστέρους
2735 4335 2793 4386 ἐν
2809 4332 3075 4404 πραότητι
3089 4332 3382 4386 ὑπότασσε.
3422 4331 3498 4384 Οὐ
3532 4335 3643 4385 πᾶν
3670 4332 3900 4401 τραῦμα
3927 4332 3996 4400 τῇ

2421 4415 2560 4498 αὐτῇ
2595 4426 2931 4497 ἐμπλάστρῳ
2974 4424 3366 4496 θεραπεύεται.
3408 4425 3547 4486 Τοὺς
3602 4425 3998 4494 παροξυσμοὺς

2421 4519 2718 4589 ἐμϐροχαῖς
2742 4517 2907 4571 παῦε.
2965 4517 3066 4570 Διά
3088 4515 3251 4568 τοῦτο
3290 4515 3556 4586 σαρκικδς
3585 4511 3656 4576 εἷ,
3682 4518 3778 4567 καὶ
3833 4532 4001 4566 πνευ-

751 4631 920 4672 carne
954 4613 1118 4669 siuml
1149 4617 1206 4666 et
1234 4610 1432 4680 spiritu
1466 4617 1694 4664 constas
1713 4646 1731 4671 ,
1762 4613 1824 4660 ut
1845 4619 1970 4674 qua:
1994 4602 2317 4673 conspectui

2427 4611 2674 4683 ματικδς,
2699 4611 2789 4664 ἵνα
2817 4610 2888 4662 τά
2913 4597 3221 4678 φαινόμενά
3271 4624 3354 4660 σοι
3380 4608 3460 4669 είς
3503 4605 3798 4676 πρόσωπον
3831 4605 4000 4657 κολα-

750 4719 848 4765 ιυο
899 4706 1188 4762 manil‘esta
1237 4713 1368 4758 sunt
1389 4743 1405 4766 ,
1437 4699 1636 4757 blande
1662 4699 1955 4767 corrigas;
1987 4711 2109 4766 quae
2137 4703 2321 4750 autem

751 4808 1035 4869 aspectum
1062 4807 1219 4871 tuum
1249 4793 1494 4865 fugiunt,
1524 4800 1648 4863 pete
1682 4797 1743 4844 ut
1769 4789 1870 4844 tibi
1897 4795 2236 4858 retegantur,
2263 4793 2325 4841 ut

750 4893 806 4947 in
834 4892 988 4946 nullo
1018 4890 1266 4945 delicias.

816 4984 1113 5040 Praesulem
1156 4988 1377 5052 oportet
1417 4979 1487 5035 ab
1523 4977 1672 5034 omni
1717 4974 2148 5046 reprehensione
2184 4971 2323 5027 alie-

746 5091 877 5130 num
911 5092 1036 5131 esse
1059 5114 1076 5140 ,
1105 5084 1161 5130 et
1191 5075 1360 5129 vitam
1384 5070 1879 5127 exercitationibus
1903 5054 2158 5124 excolere
2176 5107 2192 5132 ,
2220 5079 2324 5122 nec

745 5169 914 5223 ullius
949 5168 1024 5222 rei
1059 5181 1181 5237 quae
1221 5166 1332 5220 Deo
1365 5171 1522 5235 grata
1554 5164 1626 5218 sit
1651 5206 1666 5226 .
1703 5160 1950 5219 studium
1985 5158 2315 5230 praetermit-

745 5274 878 5320 tere.

815 5357 880 5412 S.
912 5355 1177 5411 Albanas.
1204 5384 1275 5394 —-
1300 5353 1441 5407 Ante
1472 5364 1656 5404 omnia
1689 5353 1908 5419 oportet
1933 5343 2195 5400 Ecclesiae
2220 5343 2323 5397 mi-

745 5450 982 5505 nistrum
1009 5449 1077 5501 ab
1107 5448 1188 5500 ira
1218 5446 1466 5499 alienum
1494 5458 1650 5506 esse;
1681 5456 1782 5496 nec
1804 5438 2194 5510 objurgatione
2221 5437 2319 5501 uti,

703 5575 707 5579 ς
744 5539 842 5595 sed
874 5538 1263 5593 adhortatione
1292 5545 1346 5590 et
1375 5533 1789 5604 deprecatione.

816 5627 1054 5696 Didymi.
1077 5657 1146 5668 -—
1169 5625 1306 5678 Tum
1338 5624 1558 5678 demum
1593 5621 1791 5676 doctor
1817 5636 1935 5679 rem
1968 5619 2223 5686 conﬁcit,
2259 5617 2321 5672 ii-

743 5722 979 5790 demque
1012 5720 1281 5788 loquendo
1313 5716 1671 5780 nanciscitur,
1700 5730 1825 5770 cum
1859 5715 1979 5785 ipse
2005 5715 2117 5768 vita
2145 5721 2200 5767 et
2229 5727 2320 5766 ac-

745 5811 989 5866 tionibus
1020 5811 1202 5865 erudit
1239 5829 1252 5865 :
1277 5809 1578 5864 secundum
1605 5807 1742 5861 illud
1776 5827 1790 5863 :
1823 5806 1900 5862 De
1929 5808 1996 5860 iis
2020 5822 2137 5876 quis
2166 5805 2319 5874 capit

741 5905 898 5959 Iesus
934 5903 1103 5957 facere
1129 5912 1178 5956 et
1208 5902 1390 5956 docere
1421 5903 1577 5964 (Act.
1611 5917 1665 5963 ι,
1701 5902 1722 5953 1
1755 5901 1795 5966 ).

2424 4705 2713 4776 κεύῃςυτά
2739 4703 2799 4756 δὲ
2827 4703 3037 4773 ἀόρατα
3085 4701 3229 4754 αἴτει
3279 4699 3368 4753 τνα
3422 4715 3504 4751 σοι
3553 4695 3875 4767 φανερωθῇ,
3910 4697 4000 4748 ἵνα

2427 4797 2654 4868 μηδενὸς
2671 4795 2856 4866 λείπῃ.

2496 4981 2617 5052 Χρὴ
2667 4980 2760 5033 τδν
2803 4976 3124 5050 προεστῶτα
3184 4974 3556 5034 ἀνεπίληπτον
3612 4970 3850 5040 μελετᾷν
3903 4969 3996 5022 καὶ

2423 5072 2708 5127 ἀσκεῖσθαι
2733 5071 2867 5142 βίον,
2901 5073 2997 5124 καὶ
3026 5069 3193 5140 μηδὲν
3239 5066 3663 5120 ἀνεπιτήδευτον
3706 5063 3856 5129 ἔχειν
3888 5060 4002 5113 τῶν

2423 5168 2768 5240 ἀρεσκόντων
2787 5167 2929 5237 Θεῷ.

2495 5350 2587 5400 Δεῖ
2622 5348 2713 5400 τὸν
2756 5344 3070 5414 λειτουργδν
3111 5343 3211 5413 τῆς
3254 5340 3577 5410 Ἐκκλησίας
3631 5354 3739 5408 προ
3773 5338 4003 5391 πάντων

2389 5500 2395 5505 _
2425 5438 2582 5500 ἐκτὸς
2611 5437 2780 5509 ὀργῆς
2804 5432 2967 5499 εἶναι,
3003 5435 3098 5489 καὶ⁵
3133 5433 3208 5504 μὴ
3230 5431 3617 5501 ἐπιπλήττειν,
3642 5431 3778 5484 ἀλλά
3811 5446 4002 5501 παρα-

2425 5533 2630 5588 καλεῖν.

2492 5624 2627 5676 Τότε
2689 5623 2843 5684 ἀνύει
2889 5623 3229 5687 διδάσκαλος,
3284 5622 3380 5676 καὶ
3430 5619 3747 5673 πιστεύεται
3792 5617 3997 5684 λέγων,

2419 5717 2548 5769 ὅταν
2579 5715 2672 5785 ἀφ’
2699 5710 2774 5769 ὧν
2796 5716 3024 5785 πράττει
3047 5717 3297 5785 παιδεύῃ,
3339 5715 3480 5766 κατὰ
3511 5714 3588 5772 τὸ,
3624 5705 3740 5764 Ἦν
3765 5708 4000 5777 ἤρξατο

2421 5812 2454 5861 ό
2494 5809 2732 5874 Ἰησοῦς
2765 5809 2962 5860 ποιεῖν
2992 5826 3052 5861 τε
3085 5809 3180 5860 καὶ
3217 5807 3548 5859 διδάσίεηλ.
