4206 6442
226 416 354 486 1549

1456 406 1695 468 SACRA
1734 400 2197 465 PARALLELA.

3312 386 3451 451 I550

297 532 463 606 ’ἱερέα
487 531 768 605 φρόνησις,
823 529 919 582 καὶ
968 527 1119 598 βίος,
1176 525 1271 580 καὶ
1317 524 1567 593 εὐγένεια
1612 521 1780 575 ποιεῖ.
1809 522 1856 579 Α

1950 512 2165 584 Evagrii
2193 529 2207 572 ;
2244 510 2329 564 Al.
2371 508 2427 564 S.
2470 507 2609 561 Nili.
2638 538 2704 548 --
2732 504 3087 560 Sacerdotem
3119 502 3410 572 prudentia
3431 543 3447 566 ,

223 627 374 697 Λόγῳ
432 624 534 695 μὲν
557 623 655 693 τὴν
692 622 894 692 ἀρετὴν
946 619 1189 684 δίδασκε,
1224 617 1372 689 ἔργῳ
1398 616 1456 669 δὲ
1484 614 1658 686 αὐτὴν
1680 612 1783 683 κή-

223 737 405 792 ρυσσε.

298 809 646 878 Ἀλέξανδρος
693 807 977 879 πόρρωθεν
1037 805 1181 867 ἰδὼν,
1224 805 1285 857 τὺ
1332 804 1429 875 μὲν
1482 803 1688 873 πλῆθος
1726 805 1786 855 ὲν

220 905 439 964 λευκαῖς
484 902 698 971 ὲσθῆσι,
745 902 871 963 τοὺς
891 900 947 952 δὲ
990 902 1157 969 ἱερεῖς
1206 887 1558 969 προεστῶτας
1586 899 1644 949 ἐν
1666 899 1787 958 ταῖς

224 998 497 1067 βυσσίναις
541 995 737 1056 αὐτῶν,
796 995 889 1045 τὸν
935 994 991 1045 δὲ
1052 992 1314 1062 ἀρχιερέα
1358 993 1417 1043 ὲν
1441 995 1506 1062 τῇ
1545 990 1786 1059 ὑακίνθῳ

224 1090 318 1143 καὶ
378 1088 660 1160 διαχρύσῳ
698 1087 880 1158 στολῇ,
916 1086 1010 1138 καὶ
1056 1086 1147 1138 ἐπὶ
1173 1087 1271 1155 τῆς
1304 1084 1547 1154 κεφαλῆς
1594 1084 1789 1153 ἔχοντα

224 1181 319 1253 τὴν
348 1181 596 1252 κίδαριν,
633 1179 813 1233 καὶτὸ
839 1178 1072 1249 χρυσοῦν
1131 1177 1218 1230 ἐπ’
1256 1178 1426 1247 αὐτῆς
1479 1177 1709 1247 ἔλασμα,
1743 1172 1789 1246 ᾧ

223 1274 283 1327 τὸ
314 1274 408 1327 τοῦ
460 1272 599 1327 Θεοῦ
651 1273 825 1342 ὄνομα
874 1275 1205 1343 ἐγέγραπτο,
1258 1270 1573 1343 προσελθὼν
1630 1272 1788 1340 μόνος

224 1370 598 1439 προσεκύνησε
630 1368 690 1420 τ’)
726 1367 899 1437 ὄνομα
960 1366 1055 1418 καὶ
1092 1367 1183 1418 τὸν
1217 1364 1504 1437 ἀρχιερέα.
1567 1364 1789 1434 Παρμε-

224 1458 393 1522 νίονος
435 1458 494 1511 δὲ
559 1457 890 1525 πυθομένου,
935 1456 991 1508 τί
1038 1457 1100 1523 δή
1152 1473 1280 1508 ποτε
1337 1454 1787 1525 προσκυνούντων

221 1551 379 1605 αὑτὸν
399 1550 678 1614 ἁπάντων,
710 1550 875 1612 αὐτὸς
922 1550 1356 1619 προσκυνήσειεν
1380 1548 1472 1600 τὸν
1519 1547 1791 1600 Ἰουδαίων

220 1641 503 1712 ἀρχιερέα,
550 1642 624 1694 υὺ
691 1640 901 1705 τοῦτον,
959 1636 1100 1705 εἷπε,
1165 1639 1569 1709 προσεκύνησα,
1614 1640 1704 1694 τὸν
1733 1640 1791 1693 δὲ

221 1730 349 1785 Θεόν
383 1748 397 1761 ⁶
429 1727 491 1788 οὗ
518 1733 616 1806 τῆν
650 1732 1063 1803 ἀρχιερωσύνην
1086 1726 1242 1794 οὗτος
1262 1731 1577 1801 τετίμηται.

220 1850 400 1905 ΤΙΤΛ.
423 1850 627 1930 IH'._—
656 1848 790 1930 ηερὶ
816 1848 1187 1930 ἐςτιονκιξπων·Δ
1208 1843 1517 1930 επονηρῶᾼν,
1547 1843 1646 1925 ιπεαὶ
1704 1841 1791 1913 μὴ
1822 1874 1865 1930 Β

417 1921 852 1988 φυλαττόντων
876 1922 984 1982 τὰς
1010 1915 1266 1981 ἐντολὰς
1296 1916 1404 1969 τοῦ
1436 1914 1605 1970 Θεοῦ.

295 2031 315 2064 ι
352 2014 416 2065 υἱ
450 2013 615 2083 ἱερεῖς
639 2010 816 2065 αὐτῶν
839 2012 896 2064 ὲν
922 2011 1168 2081 ῥομφαίᾳ
1202 2008 1425 2062 ἔπεσαν.
1454 2027 1474 2060 ι

297 2215 315 2247 ι
346 2193 630 2266 Ἔκρυψαν
668 2196 716 2248 οἱ
746 2195 911 2266 ἱερεῖς
943 2192 1061 2245 ὁδὸν
1096 2190 1324 2262 Κυρίου.
1349 2210 1369 2243 ι

300 2395 319 2429 ι
351 2378 416 2431 Οἱ
445 2375 740 2448 ἡγούμενοι
769 2375 943 2444 αὐτῆς
1005 2373 1143 2443 μετά
1192 2371 1381 2443 δώρων
1422 2370 1663 2439 ἔκριναν,
1703 2369 1795 2421 καὶ

223 2472 273 2524 οἱ
292 2472 461 2542 ἱερεῖς
513 2470 683 2537 αὐτῆς
738 2467 876 2538 μετὰ
929 2464 1125 2538 μισθοῦ
1176 2465 1560 2537 ἀπεκρίναντο,
1599 2463 1694 2515 καὶ
1746 2462 1795 2513 οἱ

228 2562 508 2631 προφῆται
555 2559 727 2629 αὐτῆς
773 2556 912 2629 μετά
955 2557 1225 2627 ἀργυρίου
1258 2553 1644 2624 ἐμαντεύοντο.
1682 2552 1795 2621 Ούχ

226 2654 382 2722 ὑμῶν
410 2654 527 2705 ἐστι
556 2650 760 2721 γνῶναι
790 2652 984 2721 κρῖμα,
1016 2650 1065 2701 οἱ
1090 2646 1372 2719 μισοῦντες
1410 2646 1479 2698 τὰ
1498 2644 1640 2699 καλά
1659 2684 1674 2706 ,
1701 2643 1797 2696 καὶ

226 2745 519 2815 ζητοῦντες
549 2745 617 2797 τὰ
644 2744 879 2814 πονηρά.
918 2742 1282 2812 Ἀρπάζοντες
1315 2740 1382 2792 τὰ
1419 2738 1667 2808 δέρματα
1701 2736 1797 2789 αύ-

225 2837 355 2900 τῶν,
391 2838 488 2890 καὶ
519 2838 616 2899 τὰς
639 2836 848 2905 σάρκας
886 2834 993 2887 ἀπὸ
1017 2834 1125 2886 τῶν
1156 2833 1356 2885 ὀστέων
1406 2829 1602 2883 αὐτῶν.
1634 2848 1652 2879 ι

303 2950 321 2982 ι
344 2932 410 2983 Οἱ
440 2931 606 2999 ἱερεῖς
640 2930 811 2999 αὐτῆς
872 2926 1162 2999 βεϐηλούσι
1196 2925 1263 2978 τὰ
1298 2924 1450 2991 ἅγια.
1518 2923 1612 2974 καὶ
1668 2921 1797 2973 ἀσε-

228 3023 385 3077 ϐοῦσι
413 3024 603 3092 νόμον.
643 3042 661 3073 ι

303 3134 322 3165 ι
362 3107 434 3165 Ὦ
460 3114 509 3166 οἱ
536 3112 918 3182 ποιμαίνοντες
952 3110 1177 3179 μάταια.
1210 3108 1304 3161 καὶ
1334 3108 1382 3159 οἱ
1407 3096 1798 3158 καταλελοιπό-

1883 614 1937 661 et
1968 604 2113 669 vita,
2165 610 2221 657 ct
2269 602 2581 671 ingenuitas
2635 614 2848 651 nioruin
2898 594 3132 650 faciunt.
3191 592 3456 649 Sermone

1888 700 2145 755 virtutem
2178 694 2312 748 doce
2338 711 2352 757 ;
2388 708 2557 764 Opere
2587 700 2771 744 autem
2798 704 2917 742 eam
2946 688 3187 757 praedica

1953 790 2203 859 Joseplti,
2236 788 2327 841 lib.
2357 804 2407 841 xl
2429 826 2444 849 ,
2479 803 2525 839 c.
2562 786 2613 839 8.
2640 813 2708 826 -—-
2736 782 3045 837 Alexander
3077 782 3291 852 plebem
3322 781 3459 834 cini-

1885 900 1990 941 nus
2015 880 2266 939 candidis
2293 879 2538 933 indutam
2568 877 2812 931 vestibus
2842 875 3224 945 conspicatus,
3260 888 3446 929 sacer-

1886 976 2045 1030 dotes
2077 988 2211 1027 vero
2244 981 2299 1026 et
2329 970 2608 1024 antisutes
2643 967 2884 1039 byssinis
2914 966 3149 1020 amictos
3170 1007 3184 1030 ,
3218 981 3283 1019 ac
3318 980 3459 1036 pon-

1887 1069 2091 1124 tiﬁcem
2124 1063 2425 1134 hyacintho
2459 1070 2624 1130 atque
2658 1075 2824 1113 aurea
2874 1059 3019 1114 stola
3068 1058 3329 1113 vestitum
3352 1065 3461 1120 ,-et

1889 1160 2072 1230 capite
2095 1156 2351 1217 cidaritn,
2380 1168 2602 1208 auream
2627 1152 2906 1213 laminam,
2934 1152 2987 1204 in
3008 1168 3113 1221 qua
3139 1166 3340 1205 nomen
3366 1150 3461 1204 Del

1888 1251 2223 1319 inscriptum
2251 1262 2429 1312 esset,
2460 1254 2766 1315 gestantem
2788 1285 2803 1310 ,
2833 1245 2984 1297 solus
3021 1243 3325 1307 accedens.
3361 1259 3462 1298 no-

1889 1360 2013 1398 men
2056 1342 2187 1395 illud
2228 1352 2282 1396 et
2321 1342 2632 1411 pontilicem
2673 1337 2947 1391 adoravit.
2987 1335 3462 1411 Sciscitanteau-

1890 1448 1997 1491 tem
2042 1434 2407 1487 Parmenione
2445 1431 2577 1499 quid
2614 1438 2800 1492 esset,
2842 1444 3003 1498 quam
3045 1429 3117 1483 ob
3155 1444 3269 1483 rem
3310 1427 3462 1496 ipse,

1890 1542 2013 1582 cum
2037 1531 2105 1580 ab
2129 1526 2387 1578 ()llllllblls
2414 1526 2579 1577 adora
2591 1532 2760 1586 retur,
2782 1520 3094 1576 Iudaeorum
3120 1529 3303 1574 tamen
3330 1535 3467 1590 pon-

1890 1618 2095 1670 tiliceui
2141 1618 2395 1669 adoraret
2444 1633 2455 1666 :
2507 1613 2621 1666 Non
2667 1629 2825 1676 eum,
2861 1613 3070 1682 inquit,
3111 1612 3204 1666 sed
3257 1611 3463 1675 Deum,

1892 1708 2051 1777 Cujus
2082 1710 2172 1762 hic
2210 1706 2523 1761 sacerdotio
2550 1718 2779 1759 ornatus
2811 1718 2894 1761 est
2916 1746 2930 1767 ,
2967 1706 3212 1758 adoravi.

1894 1822 2029 1879 TIT.
2070 1819 2257 1875 XVIII.
2285 1851 2355 1860 —
2383 1819 2456 1900 De
2488 1821 2645 1900 rnalt's
2677 1821 2933 1900 episcopis
2957 1859 2971 1879 .
3001 1831 3049 1871 et
3081 1817 3181 1871 Dei
3209 1820 3469 1874 mandata

2383 1897 2596 1944 minime
2622 1897 2973 1944 servantibus.

1965 1985 2118 2040 Psal.
2153 2000 2332 2038 ωλι-ιι
2356 2022 2370 2045 ,
2404 1982 2490 2035 64.
2520 2013 2589 2022 —
2620 2000 2637 2033 ι
2673 1982 2999 2038 διιεειάοιεε
3032 1999 3219 2037 eorum
3256 1984 3311 2038 in
3345 1983 3467 2053 gla-

1894 2081 1988 2135 dio
2017 2078 2361 2134 ceciderunt.
2393 2096 2411 2127 ι
2929 2065 2935 2070 ’

1969 2168 2103 2225 Osee
2129 2184 2203 2231 ιν,
2236 2166 2289 2221 6.
2320 2196 2389 2208 --
2420 2186 2437 2217 ι
2475 2167 2902 2221 Absronderunt
2949 2166 3269 2221 sacerdotes
3324 2166 3467 2220 viam

1897 2264 2135 2319 DOIniui.
2172 2284 2190 2315 ι

1966 2354 2132 2410 Mich.
2175 2372 2234 2410 ιιι
2266 2398 2281 2421 ,
2325 2356 2383 2410 II
2411 2395 2425 2419 ,
2470 2354 2519 2408 I.
2552 2385 2622 2395 —-
2652 2372 2670 2403 ι
2708 2355 2879 2407 doces
2915 2353 3036 2423 ejus
3066 2370 3190 2408 cum
3223 2354 3471 2409 muneri-

1898 2452 2000 2504 bus
2024 2449 2386 2519 judicabant,
2418 2456 2474 2502 et
2504 2446 2820 2502 sacerdotes
2856 2446 2978 2514 ejus
3010 2447 3063 2500 in
3099 2447 3352 2501 mercede
3382 2462 3471 2502 re—

1898 2544 2260 2611 spondebant.
2284 2540 2401 2595 Non
2430 2549 2672 2594 vestrum
2702 2547 2787 2593 est
2813 2552 3150 2609 cognoscere
3172 2537 3470 2607 judicium,

1897 2638 1988 2705 qui
2015 2638 2139 2689 odio
2169 2636 2384 2688 habetis
2408 2634 2607 2688 bonum
2632 2673 2647 2695 ,
2672 2642 2725 2687 et
2748 2632 2993 2702 quzeritis
3015 2631 3180 2685 mala.
3203 2631 3472 2702 Diripien-

1899 2742 1980 2786 tes
2033 2733 2206 2801 pelles
2239 2744 2430 2784 eorum
2468 2728 2538 2782 ab
2571 2729 2683 2792 eis,
2719 2737 2774 2780 et
2809 2740 3005 2780 carnes
3038 2740 3229 2781 eorum
3259 2724 3328 2779 ab
3376 2739 3473 2780 tis-

1899 2824 2051 2879 sibus
2080 2838 2295 2878 eorum.
2332 2842 2351 2874 ι

1967 2914 2128 2986 Soph.
2160 2932 2217 2971 ιιι
2245 2954 2259 2978 ,
2287 2914 2339 2969 4.
2375 2946 2445 2957 -
2479 2935 2496 2966 ι
2534 2914 2865 2968 Sacerdotes
2899 2912 3021 2980 ejus
3055 2913 3307 2982 polluant
3340 2926 3474 2967 san-

1902 3020 2021 3072 cta,
2056 3018 2110 3064 et
2141 3010 2306 3079 impie
2340 3018 2507 3077 agunt
2540 3008 2591 3061 in
2627 3007 2821 3077 legem.
2858 3025 2875 3055 ι

1968 3101 2133 3156 Zaclt.
2166 3118 2218 3156 χι
2242 3142 2256 3166 ,
2285 3102 2375 3167 17,
2402 3100 2457 3155 9.
2485 3128 2552 3141 —-
2582 3119 2599 3150 ι
2636 3098 2681 3154 Ο
2707 3102 2797 3169 qui
2830 3100 3059 3169 pascitis
3089 3115 3263 3163 vana.
3294 3108 3350 3155 et
3377 3102 3475 3171 qui

226 3225 323 3269 τες
353 3207 423 3258 τά
469 3204 746 3276 πρόϐαταί
807 3205 1053 3273 μάχαιρα
1107 3200 1202 3253 ἐπὶ
1257 3198 1542 3269 βραχίονος
1608 3193 1794 3247 αὑτοῦ.
1826 3217 1865 3273 c

1902 3195 2278 3264 dereliquistis
2328 3195 2498 3249 oves!
2562 3194 2777 3263 gladius
2829 3201 2915 3246 est
2967 3207 3133 3259 super
3185 3191 3474 3247 brachium

242 3298 385 3365 Ἐγὼ
420 3298 482 3350 ού
532 3298 806 3365 ποιμαίνω
852 3296 995 3363 ὑμᾶς
1063 3292 1124 3345 τὸ
1156 3290 1503 3359 ἀποθνῆσκον
1557 3287 1793 3355 ἀποθνη-

230 3392 430 3454 σκέτω,
454 3391 546 3443 καὶ
576 3391 638 3441 τὸ
674 3389 927 3441 ἐκλεῖπον
984 3383 1302 3446 ἐκλειπέτω,
1339 3382 1523 3435 καὶτὰ
1544 3378 1797 3432 κατάλοι-

228 3498 308 3535 πα
330 3480 788 3539 κατεσθιέτωσαν,
818 3478 1051 3539 ἕκαστος
1071 3477 1171 3539 τὰς
1209 3474 1418 3544 σάρκας
1440 3472 1534 3524 τοῦ
1567 3470 1797 3540 πλησίον

229 3574 420 3628 αὑτοῦ.
464 3573 594 3626 Ἰδοὺ
640 3571 751 3639 ἐγὼ
781 3568 1018 3638 ἐξεγερῶ
1062 3567 1297 3637 ποιμένα
1330 3567 1553 3633 ἄπειρον
1582 3564 1674 3615 ἐπὶ
1702 3562 1798 3632 τὴν

230 3666 367 3735 γῆν·
410 3665 468 3718 τὸ
495 3665 746 3717 ἐκλεῖπον
772 3663 873 3715 οὐκ
899 3660 1312 3730 ἐπιστρέφεται,
1371 3658 1466 3709 καὶ
1517 3657 1578 3708 τὸ
1608 3656 1799 3721 ἐσκορ-

231 3757 502 3828 πισμένον
545 3756 605 3811 οὐ
637 3754 716 3825 μὴ
769 3755 1009 3823 ἱάσηται,
1055 3751 1236 3805 καὶτὸ
1281 3748 1578 3818 ὀλόκληρον
1618 3747 1679 3799 ού
1726 3746 1801 3815 μὴ

233 3850 564 3922 κατευθύνῃ.
582 3848 764 3903 καὶτὰ
794 3848 932 3918 κρέα
980 3845 1091 3899 τῶν
1120 3842 1393 3898 ἐκλεκτῶν
1420 3841 1676 3912 φάγεται,
1704 3840 1800 3893 καὶ

230 3946 363 4006 τοὺς
380 3941 757 4013 ἀστραγάλους
791 3938 970 3994 αὐτῶν
1009 3935 1322 4003 ὲκστρέψει.
1351 3953 1370 3985 ι

313 4056 333 4090 ι
382 4033 792 4105 Ἐπλανήθησαν
835 4033 923 4086 διὰ
946 4030 1014 4086 τὰ
1037 4030 1253 4101 σίκερα,
1320 4028 1498 4098 ἱερεὺς
1557 4024 1650 4077 καὶ
1670 4040 1804 4093 προ-

234 4129 439 4199 φήτης.
498 4126 825 4194 Ἐξὲστησαν
880 4124 971 4178 διὰ
995 4123 1086 4178 τὸν
1133 4117 1277 4175 οἱνον
1302 4136 1317 4152 ·
1345 4117 1665 4188 ἐσείσθησαν
1697 4113 1805 4168 ἀπὸ

233 4226 337 4293 τῆς
372 4220 545 4293 μέθης
579 4217 674 4273 τοῦ
697 4220 912 4289 σίκερα.
939 4236 958 4269 ι

316 4423 336 4456 ι
372 4399 446 4455 Ὦ
466 4403 518 4454 οἱ
546 4399 805 4471 ποιμένες
826 4399 874 4451 οἱ
900 4394 1375 4466 διασκορπίζοντες
1405 4394 1498 4447 καὶ
1540 4389 1806 4446 ἀπολοῦν-

235 4511 331 4556 τες
349 4493 420 4546 τά
448 4491 698 4563 πρόϐατα
730 4490 826 4559 τῆς
860 4487 1114 4558 ποίμνης.
1149 4486 1246 4539 Διὰ
1302 4484 1459 4539 τοῦτο
1506 4485 1630 4537 τάδε
1660 4484 1807 4551 λέγει

1901 3292 2043 3360 ejus.
2085 3289 2196 3360 Ego
2229 3305 2334 3343 non
2368 3303 2590 3358 pascam
2628 3303 2721 3341 vos
2753 3304 2766 3339 :
2799 3285 2945 3355 quod
2980 3288 3237 3349 moritur,
3270 3288 3476 3342 moria-

1904 3392 2013 3444 tur,
2046 3392 2100 3435 et
2127 3380 2275 3451 quod
2306 3380 2494 3434 delicit
2514 3421 2528 3444 ,
2556 3380 2776 3432 deliciat
2798 3420 2812 3440 ,
2837 3387 2892 3430 et
2935 3378 3145 3447 reliqua
3174 3378 3475 3443 devorent,

1905 3474 2287 3543 unusquiSque
2331 3488 2529 3527 carnes
2570 3470 2805 3538 proximi
2840 3470 2949 3524 sui.
2998 3469 3137 3523 Ecce
3166 3485 3267 3539 ego
3297 3472 3480 3527 susci-

1905 3569 2030 3624 tabo
2062 3577 2335 3638 pastorem
2369 3566 2679 3636 imperitum
2716 3580 2881 3634 super
2910 3573 3112 3618 terrain
3149 3582 3161 3618 :
3200 3563 3345 3634 quod
3383 3563 3482 3619 de-

1906 3662 2082 3725 ﬁciet,
2106 3676 2215 3714 non
2244 3665 2563 3721 convertet,
2585 3667 2640 3711 et
2673 3657 2816 3725 quod
2847 3656 3160 3726 dispersum
3193 3656 3335 3723 erit,
3366 3671 3479 3711 non

1909 3753 2129 3808 sanabit
2153 3791 2167 3815 ,
2203 3764 2257 3806 et
2293 3754 2565 3822 integrum
2601 3766 2712 3805 non
2742 3748 2940 3818 diriget
2971 3769 2985 3803 :
3018 3761 3073 3803 et
3124 3764 3322 3804 carnes
3364 3749 3481 3807 ele-

1908 3856 2124 3902 ctorum
2160 3845 2479 3909 devci-abit,
2510 3850 2567 3900 et
2590 3844 2733 3900 talos
2762 3858 2954 3898 eorum
2987 3849 3282 3911 pervertet.
3314 3859 3335 3895 ι

1992 4028 2107 4081 lsa.
2140 4038 2309 4078 xxvut
2330 4065 2343 4087 ,
2372 4023 2427 4075 7.
2453 4052 2524 4062 —-
2553 4039 2573 4072 ι
2608 4018 2941 4074 Erraverunt
2976 4028 3200 4091 propter
3221 4036 3480 4079 sacer-am.

1911 4120 2180 4176 Sacerdos
2208 4128 2263 4171 et
2296 4111 2558 4187 propheta
2591 4113 2757 4184 516
2779 4113 3110 4167 exciderunt
3140 4123 3323 4169 mente
3351 4092 3482 4185 pro?

1910 4225 2030 4284 pter
2072 4212 2258 4265 vinum
2288 4230 2302 4264 :
2338 4208 2733 4263 vacillavernnt
2783 4214 3010 4276 propter
3038 4205 3363 4262 ebrietatem
3402 4207 3487 4262 si-

1910 4319 2067 4361 cerae.
2100 4319 2124 4355 1

1981 4397 2180 4451 Jerem.
2214 4411 2344 4448 χχιιι
2366 4435 2380 4457 ,
2416 4394 2468 4446 l.
2495 4409 2607 4441 σ--‹
2640 4389 2684 4445 Ο
2714 4397 3000 4460 pastores,
3034 4388 3125 4455 qui
3166 4386 3484 4458 dispergitis

1912 4502 1967 4546 et
1992 4489 2220 4560 perditis
2253 4503 2381 4540 uses
2415 4500 2652 4553 pascuae.
2699 4484 2826 4537 Ideo
2877 4483 2991 4535 hare
3034 4480 3169 4534 dicit
3216 4479 3483 4535 Dominus

238 4583 446 4652 Κύριος
479 4582 571 4634 ἐπὶ
613 4582 738 4642 τοὺς
794 4577 1058 4647 ποιμένας
1112 4578 1238 4639 τοὺς
1289 4575 1681 4644 ποιμαίνοντάς
1714 4574 1809 4625 τὸν
1849 4585 1865 4636 [

1913 4598 2076 4652 super
2124 4590 2371 4650 pastores
2419 4578 2512 4646 qui
2562 4589 2797 4646 pascunt
2826 4575 3082 4644 populum
3114 4588 3292 4625 meum
3321 4588 3336 4624 :
3372 4570 3483 4626 Vos

238 4675 370 4729 λαόν
406 4691 506 4742 μου
545 4689 559 4701 ·
608 4672 796 4742 Ὑμεῖς
850 4670 1265 4739 διεσκορπίσατε
1298 4668 1366 4721 τὰ
1392 4667 1642 4738 πρόϐατά
1683 4684 1807 4734 μου,

242 4769 339 4820 καὶ
367 4766 603 4830 ὲξώσατε
628 4764 788 4826 αὐτὰ,
829 4761 925 4815 καὶ
951 4763 1053 4814 οὐκ
1086 4758 1460 4829 ἐπεσκέψασθε
1486 4759 1645 4811 αὐτὰ.
1678 4757 1809 4810 Ἰδοὺ

241 4858 357 4926 ἐγὼ
415 4856 613 4910 ὲκδικῶ
660 4856 804 4924 ὑμᾶς
848 4851 993 4907 κατὰ
1036 4852 1105 4905 τά
1150 4849 1365 4921 πονηρά
1406 4848 1810 4919 ἐπιτηδεύματα

244 4950 421 5019 ὑμῶν.
451 4969 467 4997 ι

322 5062 339 5091 ε
382 5041 635 5109 Πρόὸατα
693 5037 1006 5091 ἀπολωλότα
1052 5035 1283 5105 ἐγενήθη
1334 5037 1362 5087 ὁ
1414 5035 1543 5097 λαός
1588 5048 1727 5103 μου⁸
1763 5033 1813 5085 οἱ

254 5134 627 5202 ποιμαίνοντες
659 5130 821 5184 αὑτὸν
849 5129 1054 5194 ἕξωσαν
1080 5130 1296 5192 αὐτοὺς,
1328 5129 1422 5181 ἐπὶ
1470 5127 1537 5180 τὰ
1558 5127 1680 5197 ὁρη,
1710 5126 1814 5177 ἀπ-

248 5229 562 5294 επλάνησαν
608 5222 824 5285 αύτούς.
844 5241 865 5275 ι

327 5342 343 5370 ι
383 5323 443 5372 Οἱ
471 5316 846 5388 ἀφηγούμενοι
909 5315 1088 5369 αὐτῶν
1144 5314 1356 5375 λέοντες
1408 5313 1729 5383 ὠρυόμενοι,
1765 5312 1813 5362 οἱ

248 5413 585 5485 ἁρπάζοντες
646 5412 935 5480 ἅρπαγμα,
997 5408 1172 5475 ψυχὰς
1227 5404 1605 5466 κατεσθίοντες
1636 5405 1692 5455 ὲν
1720 5402 1812 5454 δυ-

248 5507 492 5576 ναστεία,
523 5506 615 5558 καὶ
642 5504 805 5575 τιμὰς
842 5501 1211 5572 λαμϐάνοντες
1242 5501 1299 5551 ὲν
1327 5496 1528 5568 ἀδικίᾳ.
1560 5515 1576 5547 ι

327 5722 347 5755 ι
380 5706 489 5757 Καὶ
518 5705 683 5773 ἱερεῖς
728 5701 1003 5769 ῆθὲτησαν
1030 5698 1193 5767 νόμον
1226 5713 1349 5765 μου.
1388 5695 1483 5747 καὶ
1521 5692 1819 5760 ὲῦεόήλουν

250 5795 319 5847 τὰ
341 5794 471 5862 ἆγιά
511 5810 639 5863 μου·
673 5790 944 5858 ἁναμέσον
988 5786 1302 5857 ἀκαθάρτου
1336 5785 1432 5835 καὶ
1481 5781 1725 5851 καθαροῦ
1756 5783 1816 5834 ού

252 5886 575 5949 διέστελλον,
623 5886 718 5937 καὶ
772 5881 1061 5950 ἐθεϐήλουν
1108 5895 1173 5949 με
1210 5880 1267 5931 ὲν
1299 5876 1449 5946 μέσῳ
1498 5876 1700 5931 αὐτῶν.
1755 5876 1817 5927 Οἱ

1915 4673 2259 4744 dispersistis
2287 4685 2437 4731 oves,
2459 4679 2512 4724 et
2538 4669 2783 4735 ejecistis
2806 4682 2921 4730 eas,
2945 4680 3045 4719 nec
3073 4661 3340 4718 visitastis
3361 4677 3481 4722 eas.

1917 4766 2185 4834 Ecce—ego
2221 4763 2456 4821 ulciscar
2486 4776 2586 4815 vos
2607 4801 2622 4825 ,
2658 4767 2713 4814 et
2748 4758 2890 4812 mala
2922 4756 3106 4815 studia
3134 4764 3343 4811 vestra.
3382 4774 3403 4807 ι

1982 5038 2180 5091 Jercm.
2221 5049 2286 5096 ι,
2318 5032 2369 5084 ὓ.
2401 5062 2470 5071 ——
2500 5047 2517 5080 ι
2554 5032 2793 5099 Popums
2843 5039 2997 5079 meus
3050 5038 3229 5077 racrus
3276 5030 3363 5076 est
3417 5035 3478 5077 ut

1916 5147 2045 5186 oves
2075 5144 2194 5198 qua:
2229 5126 2440 5197 periere
2474 5139 2487 5176 :
2522 5120 2615 5189 qui
2643 5119 2937 5188 pascebant
2964 5133 3111 5181 eum,
3146 5115 3476 5185 expulerunt

1916 5240 2012 5280 eos
2045 5225 2096 5275 in
2135 5228 2380 5280 montes,
2413 5228 2602 5269 errare
2636 5212 2883 5267 fecerunt
2913 5225 3030 5264 eos.
3068 5227 3085 5259 ι

1990 5311 2179 5367 Ezech.
2220 5325 2352 5369 χιιι,
2378 5306 2468 5359 25.
2496 5336 2565 5352 φ-
2588 5322 2605 5355 ι
2637 5303 2811 5355 Duces
2843 5302 2896 5355 in
2932 5301 3111 5354 medio
3142 5315 3329 5355 eorum
3363 5300 3483 5353 δίο-ς

1922 5418 1982 5461 ιιι
2023 5407 2211 5459 leones
2242 5401 2551 5467 rugientes,
2598 5394 2869 5464 rapientes
2924 5392 3171 5460 rapinam
3198 5432 3212 5457 ,
3263 5390 3479 5446 animas

1919 5502 2246 5553 devorantes
2277 5493 2332 5545 in
2364 5488 2632 5561 potentia,
2666 5494 2719 5541 et
2746 5485 2919 5555 pretia
2951 5484 3281 5554 accipientes
3312 5482 3368 5536 in
3398 5482 3482 5535 in.

1915 5593 2150 5663 justitia,
2177 5611 2194 5642 ι

1996 5686 2139 5741 Ibid.
2175 5684 2365 5738 26-98.
2393 5715 2462 5724 ——
2497 5703 2515 5733 ι
2550 5680 2615 5735 Et
2642 5674 2956 5733 sacerdotes
2987 5671 3199 5725 irritam
3229 5666 3481 5722 fecerunt

1924 5782 2096 5850 legem
2136 5794 2336 5841 meam,
2388 5785 2441 5830 et
2492 5772 2921 5847 profanaverunt
2967 5760 3279 5821 sanctuaria
3309 5772 3473 5815 mea:

1927 5877 2068 5931 inter
2120 5869 2461 5929 immndum
2512 5876 2565 5926 et
2612 5874 2859 5925 sanctum
2892 5875 2999 5917 non
3035 5850 3479 5922 distinguebant.
