4206 6442
219 412 355 480 1553

1466 423 1699 478 δΛΩΗΑ
1748 422 2187 479 ΡΑΗᾹΙᾸΕΙΛ

3340 406 3476 471 1554

214 525 439 580 καὶτὸν
489 526 664 592 ἔλεον,
712 528 807 581 καὶ
852 527 951 596 τὴν
1014 526 1235 579 πίστιν·
1264 529 1310 578 οἱ
1335 528 1655 591 διυλίζοντες
1712 531 1797 581 τὸν

1908 531 2045 599 quod
2078 528 2287 583 deforis
2318 535 2402 582 est
2427 526 2621 580 calicis
2651 534 2707 581 et
2735 524 3087 595 paropsidis:
3116 524 3263 579 intus
3292 536 3474 582 autem

213 619 481 685 κώνωπα,
517 637 608 673 τον
628 618 683 669 δὲ
716 616 963 687 κάμηλον
979 618 1389 681 καταπίνοντες.
1415 620 1622 672 Οὐαὶδέ
1653 621 1801 688 ὑμῖν,

214 710 647 782 ὃτικαθαρίζετε
670 709 733 763 τὸ
755 709 955 774 ἔξωθεν
973 709 1066 762 τοῦ
1095 709 1379 780 ποτηρίου,
1408 712 1500 763 καὶ
1534 712 1633 777 τῆς
1663 728 1805 781 παρ-

213 801 419 871 οψίδος,
452 800 729 853 ἔσωθενδέ
747 800 1010 868 γέμουσιν
1027 799 1343 869 ἐξαρπαγῆς
1362 801 1454 852 καὶ
1471 801 1801 864 πλεονεξίας.

213 893 485 963 Φαρισαῖε
510 892 701 960 τυφλὲ,
736 890 1033 959 καθάρισον
1070 890 1286 961 πρῶτον
1308 891 1369 943 τὸ
1397 892 1547 954 ἐντὸς
1578 892 1672 944 τοῦ
1708 910 1805 943 πο-

212 985 409 1057 τηρίου
440 986 539 1039 καὶ
567 985 670 1055 τῆς
698 984 1014 1052 παροψίδος,
1052 984 1138 1036 ἵνα
1163 985 1393 1054 γένηται
1425 986 1522 1036 καὶ
1554 986 1615 1037 τὸ
1648 984 1805 1045 ἐκτὸς

216 1078 386 1132 αὑτοῦ
423 1077 690 1148 καθαρόν.
717 1078 854 1129 Οὐαὶ
875 1077 929 1128 δὲ
969 1078 1118 1145 ὑμῖν,
1155 1078 1235 1130 ὅτι
1272 1077 1673 1145 παρομοιάζετε
1708 1079 1806 1128 τά·

216 1189 340 1242 φοις
374 1170 789 1240 κεκονιαμένοις
809 1212 823 1234 ,
857 1172 1052 1231 οἵτινες
1078 1168 1274 1233 ἔξωθεν
1305 1169 1404 1239 μὲν
1428 1169 1705 1237 φαίνονται
1734 1166 1807 1218 ὼ-

224 1265 392 1333 ραῑοι.
432 1262 677 1327 Ἔξωθεν
704 1264 802 1331 μὲν
829 1261 1086 1331 φαίνεσθε
1108 1266 1219 1325 τοῖς
1237 1262 1547 1332 ἀνθρώποις
1575 1262 1799 1326 δίκαιοι,

218 1355 430 1409 ἔσωθεν
459 1356 517 1409 δὲ
551 1354 742 1424 μεστοί
802 1356 923 1407 ἐστε
988 1355 1331 1423 ὑποκρίσεως
1383 1356 1476 1408 καὶ
1519 1356 1797 1423 ἀνομίας.»

298 1468 317 1500 ι
357 1448 492 1502 Ἐὰν
521 1449 577 1502 δὲ
604 1449 732 1519 εἴπῃ
758 1450 786 1501 ό
824 1447 991 1509 κακὸς
1020 1447 1205 1510 δοῦλος
1244 1450 1449 1511 ἐκεῖνος
1488 1448 1545 1500 ἐν
1575 1450 1641 1517 τῇ
1674 1463 1807 1518 καρ-

216 1543 309 1615 δίᾳ
343 1544 539 1603 αὐτοῦ,
560 1541 858 1614 Χρονίζειό
884 1540 1072 1611 κύριός
1110 1558 1210 1610 μου
1238 1542 1431 1605 ἐλθεῖν,
1457 1542 1551 1593 καὶ
1573 1540 1806 1609 ἄρξηται

218 1635 455 1688 τύπτειν
485 1638 611 1696 τοὺς
665 1633 984 1695 συνδούλους
1041 1633 1228 1693 αὑτοῦ,
1262 1633 1463 1685 ἐσθίειν
1498 1632 1553 1685 δὲ
1588 1633 1682 1685 καὶ
1717 1630 1808 1683 πί-

219 1742 335 1780 νειν
412 1726 557 1797 μετὰ
612 1726 724 1779 τῶν
781 1724 1090 1794 μεθυόντων
1138 1741 1153 1755 ο
1200 1725 1321 1795 ἥξει
1383 1726 1411 1777 ὁ
1458 1725 1646 1794 κύριος
1712 1720 1807 1775 τοῦ

220 1817 417 1869 δούλου
458 1816 669 1869 ἐκείνου
698 1818 757 1869 ἐν
782 1816 965 1887 ἡμέρα
1035 1818 1097 1869 οὐ
1132 1818 1428 1885 προσδοκᾷ,
1461 1818 1556 1870 καὶ
1580 1818 1639 1869 ἐν
1664 1815 1806 1885 ὥρᾳ,
1836 1804 1837 1807 η

1910 622 2051 690 pleni
2107 622 2243 674 estis
2299 620 2493 688 rapina
2548 629 2600 674 et
2658 617 2916 671 avaritia.
2975 616 3251 671 Phariske
3299 633 3475 677 mare.

1910 709 2113 762 munda
2148 709 2302 778 prius
2338 708 2480 774 quod
2516 708 2669 763 intus
2698 713 2784 760 est
2814 706 3009 760 calicis
3040 715 3098 759 et
3131 708 3481 776 paropsidis,

1911 814 1967 855 tit
2019 804 2112 855 liat
2155 803 2207 855 id
2260 801 2405 869 quod
2457 800 2665 854 deforis
2697 806 2810 863 est,
2845 798 3134 852 mundum.
3174 798 3260 852 ντες
3289 799 3477 864 vobis,

1857 960 1867 968 ῃ
1911 892 2118 946 Scriba:
2158 901 2212 945 et
2252 888 2513 944 Pharisaei
2556 887 2860 959 hypocrita:
2885 926 2899 947 ,
2932 885 3060 954 quia
3098 886 3308 940 similes
3345 890 3483 942 estis

1908 985 2180 1054 sepulcris
2211 983 2477 1037 dealbatis
2499 1020 2511 1043 ,
2544 996 2665 1049 qua:
2701 995 2730 1033 a
2772 978 2906 1031 loris
2944 986 3137 1046 parent
3168 978 3485 1034 hominibus

1909 1079 2181 1145 speciosa.
2232 1076 2337 1129 Vos
2407 1075 2626 1142 quidem
2676 1088 2704 1124 a
2752 1072 2883 1124 foris
2937 1070 3485 1137 paretishowinibus

1904 1169 2039 1236 justi
2070 1188 2082 1223 :
2117 1170 2265 1222 intus
2323 1176 2503 1221 autem
2555 1165 2698 1234 pleni
2727 1165 2866 1219 estis
2916 1162 3191 1233 hypocrisi
3219 1173 3272 1217 et
3296 1164 3481 1233 impie-

1908 1268 2042 1315 tate.
2073 1280 2091 1311 ι

1978 1435 2174 1490 Matth.
2210 1452 2358 1499 xxrv,
2392 1435 2586 1488 48-51.
2620 1464 2686 1473 --
2722 1451 2740 1483 ι
2767 1432 2825 1486 Si
2862 1440 3040 1485 autem
3073 1429 3278 1484 dixerit
3313 1428 3489 1483 malus

1912 1529 2000 1583 illc
2051 1544 2245 1583 servus
2295 1529 2346 1581 in
2400 1528 2566 1581 corde
2618 1541 2737 1588 suo,
2804 1524 3011 1577 Moram
3060 1522 3194 1577 facit
3228 1523 3490 1585 dominus

1913 1638 2072 1676 meus
2099 1622 2308 1682 venire,
2341 1630 2397 1673 et
2421 1619 2655 1689 cmperit
2685 1627 2971 1687 percutere
3003 1631 3302 1670 conservos
3336 1631 3489 1679 suos,

1912 1711 2249 1766 manducare
2293 1719 2476 1762 autem
2511 1718 2564 1762 et
2606 1708 2797 1761 bibere
2829 1722 2956 1759 cum
2994 1704 3273 1767 ebriosis;
3311 1704 3493 1757 veniet

1912 1804 2171 1859 dominus
2216 1803 2362 1858 servi
2405 1802 2555 1855 illius
2588 1802 2639 1854 in
2679 1800 2766 1853 die
2794 1814 2899 1867 qua
2942 1813 3051 1852 non
3081 1803 3400 1866 exspectat,
3437 1805 3494 1849 et

219 1901 255 1979 ᾖ
288 1909 353 1961 οὐ
387 1907 676 1977 γινώσκει,
716 1909 812 1961 καὶ
848 1909 1199 1979 διχοτομήσει
1247 1910 1430 1972 αὑτὸν,
1498 1909 1591 1962 καὶ
1619 1907 1681 1959 τὸ
1713 1906 1806 1977 μὲ-

1913 1897 1965 1949 in
1999 1896 2134 1949 hora
2166 1910 2272 1959 qua
2308 1893 2523 1955 nescit,
2548 1901 2603 1946 et
2629 1889 2838 1944 dividet
2864 1904 2988 1943 eum
3009 1928 3024 1954 ,
3050 1898 3103 1943 et
3128 1895 3339 1957 partem
3371 1886 3493 1957 ejus

220 2017 317 2071 ρος
341 2001 513 2055 αὑτοῦ
558 2002 697 2069 μετὰ
730 2000 839 2053 τῶν
870 2001 1180 2072 ὑποκριτῶν
1214 2000 1388 2071 θήσει.
1416 2021 1435 2054 ι

290 2109 314 2143 e
363 2091 514 2145 Ἰδὼν
544 2092 749 2162 Σίμων,
776 2093 857 2145 ὅτι
889 2093 977 2145 διὰ
1004 2094 1100 2163 τῆς
1131 2093 1427 2157 ἐπιθέσεως
1450 2094 1559 2148 τῶν
1589 2096 1789 2167 χειρῶν

218 2185 331 2238 τῶν
382 2186 700 2239 ἀποστόλων
747 2186 950 2241 δίδοται
980 2187 1041 2239 τὸ
1070 2187 1291 2257 πνεῦμα
1319 2187 1379 2239 τὸ
1410 2186 1586 2256 ἅγιον,
1638 2207 1808 2260 προσ-

220 2277 431 2347 ήνεγκε
502 2276 690 2340 αὐτοῖς
737 2295 998 2350 χρηματα
1051 2278 1228 2345 λέγων
1258 2294 1271 2307 '
1304 2280 1434 2332 Δότε
1484 2281 1653 2351 κάμοί
1708 2282 1808 2351 τὴν

208 2368 481 2434 ’ἐξουσίαν
533 2369 763 2441 ταύτην,
824 2371 911 2423 ἵνα
934 2364 979 2438 ᾧ
1009 2369 1075 2424 ἂν
1115 2370 1288 2423 ἐπιθῶ
1317 2372 1415 2434 τὰς
1445 2372 1631 2443 χεῖράς
1681 2390 1804 2443 μου,

222 2462 487 2535 λαμϐάνῃ
515 2462 741 2533 Πνεῦμα
761 2462 939 2531 ἅγιον.
976 2459 1145 2517 Εἶπεν
1175 2465 1232 2517 δέ
1257 2466 1285 2517 ό
1310 2465 1512 2534 Πέτρος
1555 2465 1690 2535 πρὸς
1713 2466 1806 2519 αὑ-

221 2554 357 2606 τόν·
393 2553 469 2606 Τὸ
490 2554 755 2624 ἀργυριόν
812 2571 905 2607 σου
964 2556 1058 2607 σὺν
1105 2557 1189 2606 σοι
1242 2556 1324 2623 εἴη
1368 2558 1446 2618 εἰς
1491 2556 1804 2621 ἀπώλειαν,

222 2645 307 2698 ὅτι
353 2646 459 2717 τὴν
506 2644 716 2715 δωρεὰν
776 2645 870 2697 τοῦ
911 2644 1043 2698 Θεοῦ
1103 2646 1361 2716 ἐνόμισας
1400 2646 1488 2699 διὰ
1509 2646 1807 2717 χρημάτων

224 2743 487 2798 κτᾶσθαι.
544 2745 659 2797 Οὐκ
710 2743 825 2795 ἔστι
878 2759 959 2796 σοι
1017 2743 1199 2813 μερὶς,
1262 2743 1381 2794 οὐδὲ
1432 2742 1632 2813 κλῆρος
1655 2744 1807 2811 ἐντῴ

223 2837 375 2909 λόγῳ
392 2837 487 2892 τού
495 2856 589 2909 τῳ.
625 2856 644 2889 ι

302 2931 480 2985 Πόσον
516 2932 687 2984 κακόν
741 2932 888 2983 ἐστιν
935 2930 1055 2983 ἀντὶ
1099 2929 1321 2998 ὁδηγίας
1366 2931 1572 2999 πλάνης
1636 2930 1808 2983 αἴτιον

224 3023 489 3092 γενέσθαι
523 3028 633 3087 τοῖς
662 3024 1016 3094 ὑποχειρίοιςῐ
1050 3022 1239 3087 Οὐδεὶς
1282 3025 1513 3093 περιορᾷ
1536 3023 1594 3075 τὸ
1613 3023 1806 3076 ἐαυτοῦ

224 3115 423 3169 τέκνον
454 3115 650 3185 μέλλον
701 3115 1062 3168 καταπίπτειν
1094 3116 1173 3175 εἰς
1234 3115 1473 3185 βόθυνον,
1503 3114 1536 3185 ἢ
1570 3115 1809 3185 ἐμπεσὸν

225 3206 490 3275 ἑναφίησι
531 3206 609 3276 τῷ
659 3206 936 3275 πτώματι.
990 3208 1160 3259 Πόσον
1188 3207 1242 3259 δὲ
1281 3208 1582 3277 δεινότερον
1633 3209 1810 3276 ψυχὴν

1912 1998 2078 2058 ponet
2108 2000 2235 2039 cum
2270 1984 2597 2055 hypocritis.
2633 2001 2651 2033 ι

1982 2078 2101 2131 Act.
2136 2092 2235 2131 vui
2256 2118 2269 2138 .
2302 2076 2486 2131 18-21.
2514 2108 2582 2116 -—
2614 2094 2632 2127 ι
2662 2074 2865 2129 Videris
2897 2072 3087 2129 Simon
3115 2074 3239 2144 quia
3269 2089 3363 2141 per
3391 2073 3495 2124 im-

1912 2171 2243 2240 positionem
2270 2183 2539 2221 manuum
2568 2168 2945 2234 apostolorum
2988 2166 3216 2220 daretur
3242 2166 3502 2232 Spiritus

1913 2270 2142 2317 sanctus
2163 2303 2178 2327 ,
2207 2261 2411 2316 obtulit
2441 2262 2523 2317 eis
2577 2266 2863 2330 pecuniam
2886 2302 2901 2321 ,
2930 2261 3161 2316 dicens:
3197 2261 3331 2314 Date
3361 2260 3505 2313 mihi?

1912 2353 2061 2409 hanc
2093 2364 2426 2425 potestatem
2449 2392 2464 2417 ,
2498 2363 2555 2407 ut
2590 2355 2903 2423 cuicunque
2941 2354 3262 2424 imposuero
3294 2370 3508 2409 manus

1915 2462 2067 2503 meas
2087 2490 2103 2515 ,
2130 2448 2364 2517 accipiat
2398 2446 2662 2517 Spiritum
2696 2458 2971 2501 sanctum.
3004 2446 3149 2501 Dixit
3178 2458 3360 2501 autem
3389 2445 3492 2501 Pec

1915 2550 2033 2594 trus
2063 2539 2132 2593 ad
2166 2555 2290 2594 eum
2319 2554 2334 2592 :
2372 2543 2672 2607 Argentum
2708 2548 2861 2590 tumn
2897 2546 3073 2590 tecum
3108 2538 3183 2591 sit
3215 2537 3269 2590 in
3313 2536 3499 2605 perdi-

1914 2636 2148 2699 tionem,
2196 2634 2324 2703 quia
2358 2632 2690 2687 existimasti
2734 2634 2941 2685 donqu
2972 2631 3066 2685 Dei
3102 2632 3337 2700 pecttnia
3368 2648 3494 2700 pos—

1915 2726 2107 2780 sideri.
2148 2722 2269 2778 Non
2309 2732 2395 2778 est
2437 2722 2532 2777 tibi
2582 2738 2708 2793 pars
2752 2738 2932 2793 neque
2971 2738 3093 2777 sors
3137 2723 3190 2776 in
3236 2738 3493 2777 sermone

1916 2819 2049 2875 isto.
2084 2838 2102 2870 ι

1987 2912 2046 2968 S.
2084 2912 2256 2967 Basil.
2287 2926 2353 2965 ea:
2373 2928 2497 2966 can.
2529 2911 2709 2967 Const.
2740 2918 2928 2979 quaest
2951 2910 3045 2965 25.
3072 2942 3140 2951 -
3163 2912 3337 2976 Quam
3370 2926 3495 2965 ma-

1917 3020 2080 3073 gnum
2117 3006 2319 3058 malum
2353 3012 2439 3059 est
2473 3002 2716 3059 subditis
2747 3005 2955 3058 erroris
2986 3019 3178 3060 ansam
3208 3005 3487 3075 praebere,

1916 3112 2077 3167 quem
2111 3099 2322 3152 itineris
2351 3113 2475 3152 esse
2509 3098 2702 3151 ducem
2736 3098 3029 3166 oportebat
3058 3098 3071 3149 !
3110 3096 3283 3150 Nemo
3320 3097 3501 3150 lilium

1920 3207 2081 3244 suum
2114 3189 2226 3258 jam
2262 3206 2399 3259 pene
2436 3191 2490 3243 iit
2522 3188 2735 3242 foveam
2769 3189 3058 3243 cadentem
3096 3190 3316 3259 negligit
3339 3231 3354 3254 ,
3396 3198 3495 3243 aut

227 3300 311 3363 εις
357 3299 523 3370 βάθος
580 3302 767 3354 κακῶν
816 3303 1195 3371 ἐμπίπτουσαν
1276 3304 1553 3372 ἐναφεῖναι
1591 3306 1655 3374 τῇ
1705 3305 1806 3355 ἀπε

1917 3282 1972 3334 in
2003 3296 2121 3335 eam
2152 3283 2469 3350 prolapsum
2498 3283 2780 3349 relinquit.
2806 3279 3023 3346 Quanto
3054 3288 3236 3335 autem
3267 3281 3501 3350 gravius

227 3393 432 3464 ωλείᾳ;

300 3572 396 3642 Μὴ
438 3571 578 3625 ἔστω
600 3590 682 3636 τις
713 3574 923 3643 κεφαλὴ
962 3574 1113 3643 μόλις
1148 3592 1248 3627 που
1280 3576 1400 3645 χεὶρ
1434 3575 1735 3644 τυγχάνων,
1777 3575 1809 3646 ἢ

228 3660 456 3733 ποῦς,ῆ
494 3662 625 3717 ἄλλο
665 3681 719 3716 τι
768 3665 877 3716 τών
929 3665 1328 3734 εὐτελεστέρων
1378 3666 1471 3717 τοῦ
1534 3666 1807 3733 σώματος.

232 3754 509 3820 Ἕκαστος
537 3758 596 3809 ἐν
686 3757 888 3828 ἐκλήθη
942 3759 1113 3825 τάξει,
1143 3758 1385 3827 ἀδελφοὶ,
1418 3759 1475 3809 ἐν
1504 3757 1679 3829 ταύτῃ
1710 3775 1807 3827 με-

233 3846 395 3902 νέτω.

354 4024 527 4091 ’Υμῖν
545 4025 703 4093 λέγω
734 4027 996 4089 μάλιστα
1025 4028 1151 4093 τοῖς
1173 4030 1280 4082 τοῦ
1296 4029 1595 4093 βήματος.

354 4098 697 4167 Ὀφθαλμὸν
718 4096 868 4151 εἶναι
899 4100 979 4163 μὴ
1007 4102 1264 4165 σκότους
1293 4098 1741 4167 πεπλησμένον,

338 4166 505 4233 Μηδὲ
532 4168 808 4233 πρόεδροι
828 4169 930 4219 τοῦ
956 4171 1142 4221 κακοῦ
1166 4170 1520 4235 φαινώμεθα.

337 4238 411 4289 Εἰ
436 4238 546 4305 γὰρ
572 4238 639 4290 τὸ
660 4238 787 4306 φῶς
813 4242 1101 4301 τοιοῦτον,
1122 4241 1187 4292 τὸ
1210 4242 1431 4304 σκότος
1459 4242 1657 4294 πόσον
1681 4260 1698 4306 ;

304 4327 407 4391 Τίς
433 4326 501 4381 ἂν
538 4330 665 4391 τοὺς
727 4330 921 4393 ἄλλους
972 4334 1214 4384 πείσειεν
1268 4331 1607 4401 μετριάζειν,
1664 4333 1806 4387 οὕτω

226 4419 343 4473 τῶν
402 4419 759 4490 προεστώτων
816 4424 1217 4493 διακειμένωνς
1259 4424 1310 4477 τί
1371 4424 1564 4491 ὄφελος
1610 4427 1807 4496 κυϐερι

228 4512 404 4580 νήτην
471 4505 613 4563 εἶναι
675 4514 941 4583 χρηστὸν,
1002 4516 1261 4586 πονηροῖς
1324 4516 1605 4585 χρώμενον
1683 4518 1804 4587 ἐρέ-

231 4616 359 4664 ταις
384 4617 401 4665 ;

307 4693 499 4758 Πόθεν,
565 4693 690 4747 εἰπέ
743 4714 854 4765 μοι,
885 4698 1127 4769 νομίζεις
1160 4699 1255 4760 τὰς
1303 4698 1571 4763 τοσαύτας
1606 4701 1662 4753 ἐν
1685 4704 1806 4764 ταῖς

243 4784 595 4855 Ἐκκλησίαις
638 4788 919 4842 τίκτεσθαι
989 4792 1279 4859 ταραχὰ;;
1332 4790 1475 4856 Ἐγὼ
1546 4792 1643 4859 μὲν
1696 4792 1805 4861 γὰρ

225 4877 331 4929 (οὐκ
382 4877 606 4929 ἄλλοθεν
666 4878 837 4949 οἶμαι,
890 4882 1016 4950 ἢέκ
1076 4884 1169 4934 τοῦ
1228 4883 1323 4943 τὰς
1374 4883 1481 4934 τῶν
1525 4885 1802 4951 προεστώ-

228 4986 339 5020 των
378 4969 617 5037 αἱρέσεις
650 4974 743 5023 καὶ
774 4972 1003 5040 ἐκλογὰς
1026 4974 1235 5036 ἁπλῶς,
1269 4975 1363 5026 καὶ
1393 4974 1466 5036 ώς
1497 4974 1683 5043 ἔτυχεν
1716 4976 1801 5040 γί-

228 5068 440 5121 νεσθαι.

304 5162 471 5215 Οὐδὲν
520 5162 843 5215 διδασκάλου
892 5159 1225 5230 ψυχρότερον
1261 5161 1319 5212 ἐν
1355 5158 1537 5227 λόγοις
1588 5160 1802 5227 φιλοσο-

228 5254 462 5316 φοῦντος
496 5254 672 5322 μόνον.
706 5252 877 5305 Τοῦτο
908 5254 967 5304 οὐ
997 5252 1339 5314 διδασκαλος,
1401 5251 1535 5304 ἀλλὰ
1584 5254 1801 5323 ὐποκρι-

228 5348 347 5411 τής.
377 5348 671 5414 Ἀρχοντος
722 5345 889 5414 μηδὲν
924 5345 1048 5406 τοὺς
1078 5346 1411 5415 ἀρχομένους
1444 5344 1798 5413 ὠφελοῦντος,

226 5437 383 5490 οὐδὲν
414 5437 769 5509 ἀθλιώτερον.

322 5612 475 5660 ὐσον
502 5611 635 5675 πρὸς
664 5614 885 5679 μειςονα
919 5610 1081 5676 ὅνίκον
1104 5614 1201 5679 τῆς
1227 5613 1645 5684 ἀρχιερωσυνης
1670 5616 1802 5667 ἀνα-

231 5701 471 5767 ϐἐῧηκεν
499 5703 525 5752 ὁ
556 5701 655 5771 τὴν
714 5704 1018 5772 ἐπισκοπὴν
1076 5702 1275 5773 λαχὼν,
1314 5706 1554 5775 τοσουτῳ
1581 5707 1801 5757 πλείονα

236 5793 673 5862 ἀῖῖαιτηθήσεται
698 5795 871 5860 λόγον,
903 5795 1021 5862 οὐχὶ
1053 5796 1398 5857 διδασκαλίας
1433 5800 1609 5867 μόνον,
1670 5799 1802 5849 ἀλλὰ

244 5886 335 5936 καὶ
359 5886 601 5952 πενήτων
635 5887 985 5951 προστασίας.
1020 5888 1277 5954 Καθάπερ
1305 5892 1410 5955 γὰρ
1450 5893 1605 5956 ἡμεῖς
1636 5892 1801 5958 dm")-

1915 3384 2000 3427 est
2032 3374 2270 3425 animam
2298 3374 2351 3427 in
2386 3375 2551 3427 imum
2588 3374 2846 3428 vitiorum
2872 3372 3142 3444 gurgitem
3174 3373 3445 3427 labentem
3468 3412 3485 3436 ,

1916 3464 1973 3520 in
2005 3464 2173 3520 exitio
2199 3466 2542 3535 relinquere!

1992 3558 2262 3629 Theologi.
2291 3590 2357 3599 —
2381 3559 2460 3613 Ne
2504 3560 2709 3630 capitis
2760 3559 2937 3613 locum
2972 3565 3231 3629 usurpet.
3264 3558 3356 3627 qui
3395 3558 3484 3612 vix

1916 3666 2134 3711 manus,
2165 3658 2257 3701 aut
2291 3648 2468 3718 pedis,
2494 3661 2589 3701 aut
2618 3649 2922 3716 cuiuspiam
2957 3649 3098 3701 alius
3125 3648 3338 3699 vilioris
3361 3660 3489 3715 par-

1913 3740 1985 3793 tis
2033 3738 2283 3808 corporis
2314 3739 2492 3791 ollicio
2552 3738 2706 3807 fungi
2750 3739 2943 3804 possit.
3004 3737 3397 3805 Unusquisque
3429 3737 3493 3789 in.

1916 3846 2028 3901 quo
2062 3831 2232 3902 gradu
2269 3842 2498 3886 vocatus
2533 3841 2645 3895 est,
2688 3830 2767 3884 ira
2802 3848 2920 3893 res,
2956 3832 3011 3885 in
3042 3847 3109 3886 eo
3138 3838 3379 3885 maneat.

2432 3922 2619 3991 Ejiisd.
2656 3938 2719 3974 ex
2753 3931 2873 3974 tetr.
2911 3922 2963 3975 5.

2052 4013 2259 4076 Cavete,
2293 4030 2469 4083 quwso
2496 4054 2507 4067 .
2543 4014 2773 4065 maxime
2804 4030 2916 4075 vos,
2952 4010 3227 4081 prwsttles.

2055 4085 2136 4137 Ne
2169 4088 2338 4137 lumen
2374 4086 2514 4136 οηιηὶ
2544 4100 2759 4151 prorsus
2792 4086 2977 4135 orbum
3012 4084 3226 4139 lumine.

2062 4154 2288 4222 Vitiique
2317 4164 2519 4206 tantum
2545 4194 2558 4212 ,
2593 4172 2695 4206 non
2728 4155 2877 4213 boni,
2912 4154 3028 4206 sitis
3062 4151 3238 4205 duces.

2052 4226 2112 4280 Si
2144 4227 2247 4279 tale
2279 4226 2453 4277 lumen
2476 4263 2490 4286 ,
2522 4234 2749 4293 quantus
2782 4241 2857 4276 est
2896 4224 3106 4275 tandem
3139 4224 3361 4291 nigror?

1980 4317 2173 4387 Ejusd.
2196 4328 2337 4372 orat.
2361 4317 2515 4385 Apol.
2538 4348 2601 4356 -—
2632 4316 2831 4384 Ecquis
2864 4315 3084 4368 tandem
3111 4316 3249 4368 alios
3270 4314 3335 4367 ad
3364 4329 3483 4370 m0-

1910 4411 2141 4464 destiani
2179 4418 2345 4478 queat
2376 4408 2679 4469 adducere,
2706 4408 2928 4476 quando
2958 4406 3237 4459 antistites
3273 4405 3373 4472 ipsi
3406 4406 3480 4459 ita

1910 4511 2037 4559 sunt
2069 4501 2290 4555 allecti?
2322 4500 2462 4567 Quid
2499 4500 2678 4569 prosit
2729 4500 2958 4568 probum
2992 4511 3113 4552 esse
3141 4497 3478 4567 gubernato~

1843 4621 1886 4674 θ
1913 4611 2059 4659 rem,
2095 4595 2142 4649 si
2177 4594 2335 4648 malis
2369 4591 2666 4660 remigibus
2697 4590 2933 4644 utatur?

1984 4685 2042 4740 S.
2073 4683 2344 4753 (ΣΙινῃευδι.
2386 4713 2440 4723 -
2474 4682 2626 4736 Unde
2648 4724 2669 4747 ,
2689 4697 2876 4750 quaeso
2896 4721 2910 4741 ,
2940 4679 3251 4747 huiusmodi
3276 4680 3479 4733 tumul-

1914 4790 2001 4832 tus
2033 4778 2086 4831 in
2119 4775 2388 4831 Ecclesiis
2418 4776 2573 4829 nasci
2628 4773 2873 4827 censes?
2906 4771 3170 4841 Equidem
3214 4772 3329 4840 ipse
3365 4786 3475 4824 non

1914 4872 2134 4926 aliunde
2160 4870 2444 4929 existimo,
2473 4884 2635 4937 quam
2666 4866 2811 4935 quod
2838 4866 3161 4921 antistitum.
3175 4864 3477 4919 electiones

1915 4971 2120 5015 temere
2150 4968 2206 5015 et
2241 4959 2649 5014 inconsiderate
2679 4958 2832 5011 liant.

1982 5142 2173 5211 Ejusd.
2209 5172 2276 5181 —
2306 5139 2454 5193 Nihil
2482 5138 2710 5193 doctore
2747 5135 3002 5205 frigidius
3038 5141 3157 5197 est,
3210 5148 3303 5201 qui
3359 5150 3475 5187 ser-

1912 5237 2167 5291 monibus
2203 5234 2469 5288 duntaxat
2500 5230 2905 5301 philosophiam
2960 5226 3115 5279 colit.
3166 5223 3263 5279 llic
3316 5227 3475 5293 plane

1911 5346 2018 5384 non
2050 5329 2263 5387 doctor.
2294 5326 2456 5395 518
2485 5325 2578 5379 sed
2613 5323 3033 5393 hypocritaest.
3066 5317 3209 5369 Nihil
3241 5322 3474 5386 praesule

1912 5422 2192 5485 miserius,
2242 5422 2332 5489 qui
2382 5419 2450 5472 iis
2513 5417 2714 5487 quibus
2763 5420 2959 5484 praeest
3030 5410 3165 5464 nihil
3217 5411 3496 5465 utilitatis,

1912 5516 2089 5569 timeri.

1975 5608 2163 5677 Ejusd.
2195 5636 2262 5649 --
2287 5606 2501 5672 Quanto
2552 5604 2621 5656 ad
2669 5601 2917 5654 altiorem
2969 5599 3195 5667 gradum
3228 5595 3487 5648 ascendit

1914 5702 2001 5755 ille
2053 5702 2139 5756 cui
2180 5700 2535 5769 episcopatus
2587 5694 2838 5761 obtigit,
2882 5700 3033 5744 tanto
3082 5704 3301 5758 quoque
3358 5702 3472 5739 am-

1913 5796 2052 5864 plior
2076 5794 2143 5848 ab
2168 5808 2233 5847 eo
2265 5793 2402 5844 ratio
2432 5798 2778 5857 exposcetur,
2809 5800 2914 5837 non
2939 5784 3201 5836 doctrina:
3226 5790 3431 5834 tantum
3455 5821 3469 5844 ,

1916 5906 2099 5943 mum
2153 5897 2203 5939 et
2256 5901 2551 5953 [atlpctuttt
2600 5896 2764 5935 cui-te.
2816 5876 3281 5942 Quemadmodum
3327 5873 3471 5929 enim
