  <div class='ocr_page' id='page_1' title='image "/cluster/home/n/w/nwhite01/storage/ocr_20150623/95/nnc1.0046979816/783.png"; bbox 0 0 4206 6442; ppageno 0'>
   <div class='ocr_carea' id='block_1_1' title="bbox 753 369 3998 443">
    <p class='ocr_par' dir='ltr' id='par_1_1' title="bbox 753 369 3998 443">
     <span class='ocr_line' id='line_1_1' title="bbox 753 369 3998 443; baseline 0.001 -5"><span class='ocrx_word' id='word_1_1' title='bbox 753 374 892 440; x_wconf 78' lang='lat'><strong>1555</strong></span> <span class='ocrx_word' id='word_1_2' title='bbox 1923 370 1982 430; x_wconf 92' lang='lat' dir='ltr'><strong>s.</strong></span> <span class='ocrx_word' id='word_1_3' title='bbox 2024 369 2342 431; x_wconf 77' lang='lat' dir='ltr'><strong>JOANNIS</strong></span> <span class='ocrx_word' id='word_1_4' title='bbox 2375 369 2799 438; x_wconf 79' lang='lat' dir='ltr'><strong>DAMASCENI</strong></span> <span class='ocrx_word' id='word_1_5' title='bbox 3869 374 3998 443; x_wconf 73' lang='lat'><strong>1556</strong></span> 
     </span>
    </p>
   </div>
   <div class='ocr_carea' id='block_1_2' title="bbox 745 485 2317 562">
    <p class='ocr_par' dir='ltr' id='par_1_2' title="bbox 745 485 2317 562">
     <span class='ocr_line' id='line_1_2' title="bbox 745 485 2317 562; baseline -0.01 -12"><span class='ocrx_word' id='word_1_6' title='bbox 745 511 886 556; x_wconf 87' lang='lat' dir='ltr'><strong>nos,</strong></span> <span class='ocrx_word' id='word_1_7' title='bbox 916 507 1044 547; x_wconf 89' lang='lat' dir='ltr'><strong>cum</strong></span> <span class='ocrx_word' id='word_1_8' title='bbox 1077 490 1345 562; x_wconf 79' lang='lat' dir='ltr'><strong>pecunias</strong></span> <span class='ocrx_word' id='word_1_9' title='bbox 1395 486 1618 540; x_wconf 83' lang='lat' dir='ltr'><strong>famulis</strong></span> <span class='ocrx_word' id='word_1_10' title='bbox 1653 485 2069 547; x_wconf 79' lang='lat' dir='ltr'><strong>commisimus.</strong></span> <span class='ocrx_word' id='word_1_11' title='bbox 2103 497 2317 538; x_wconf 89' lang='lat' dir='ltr'><strong>omnem</strong></span> 
     </span>
    </p>
   </div>
   <div class='ocr_carea' id='block_1_3' title="bbox 2422 485 3992 562">
    <p class='ocr_par' dir='ltr' id='par_1_3' title="bbox 2429 487 3992 562">
     <span class='ocr_line' id='line_1_3' title="bbox 2429 487 3992 562; baseline 0.001 -20"><span class='ocrx_word' id='word_1_12' title='bbox 2429 506 2522 557; x_wconf 90' lang='grc' dir='ltr'>ρια</span> <span class='ocrx_word' id='word_1_13' title='bbox 2546 493 2659 553; x_wconf 82' lang='grc' dir='ltr'><strong>τοῖς</strong></span> <span class='ocrx_word' id='word_1_14' title='bbox 2683 492 2926 552; x_wconf 81' lang='grc' dir='ltr'><strong>οίκέταις</strong></span> <span class='ocrx_word' id='word_1_15' title='bbox 2964 487 3411 562; x_wconf 72' lang='grc' dir='ltr'><strong>ἐμπιστεύοντες,</strong></span> <span class='ocrx_word' id='word_1_16' title='bbox 3441 491 3700 547; x_wconf 77' lang='grc' dir='ltr'><strong>ἁπάντων</strong></span> <span class='ocrx_word' id='word_1_17' title='bbox 3733 495 3992 550; x_wconf 76' lang='grc' dir='ltr'><strong>ἀπαιτοῦ-</strong></span> 
     </span>
    </p>
   </div>
   <div class='ocr_carea' id='block_1_4' title="bbox 745 579 2317 655">
    <p class='ocr_par' dir='ltr' id='par_1_4' title="bbox 745 579 2316 651">
     <span class='ocr_line' id='line_1_4' title="bbox 745 579 2316 651; baseline -0.005 -11"><span class='ocrx_word' id='word_1_18' title='bbox 745 590 816 644; x_wconf 83' lang='lat' dir='ltr'><strong>ab</strong></span> <span class='ocrx_word' id='word_1_19' title='bbox 846 589 928 642; x_wconf 84' lang='lat' dir='ltr'><strong>eis</strong></span> <span class='ocrx_word' id='word_1_20' title='bbox 966 586 1234 640; x_wconf 90' lang='lat' dir='ltr'><strong>rationem</strong></span> <span class='ocrx_word' id='word_1_21' title='bbox 1264 582 1573 651; x_wconf 85' lang='lat' dir='ltr'><strong>ﬂagitamus</strong></span> <span class='ocrx_word' id='word_1_22' title='bbox 1605 599 1620 636; x_wconf 89' lang='lat'><strong>:</strong></span> <span class='ocrx_word' id='word_1_23' title='bbox 1654 581 1736 635; x_wconf 84' lang='lat' dir='ltr'><strong>sic</strong></span> <span class='ocrx_word' id='word_1_24' title='bbox 1783 582 1946 635; x_wconf 85' lang='lat' dir='ltr'><strong>etiam</strong></span> <span class='ocrx_word' id='word_1_25' title='bbox 2009 579 2152 635; x_wconf 90' lang='lat' dir='ltr'><strong>Deus</strong></span> <span class='ocrx_word' id='word_1_26' title='bbox 2188 595 2316 633; x_wconf 90' lang='lat' dir='ltr'><strong>cum</strong></span> 
     </span>
    </p>
   </div>
   <div class='ocr_carea' id='block_1_5' title="bbox 2422 579 3998 655">
    <p class='ocr_par' dir='ltr' id='par_1_5' title="bbox 2426 583 3998 655">
     <span class='ocr_line' id='line_1_5' title="bbox 2426 583 3998 655; baseline 0 -19"><span class='ocrx_word' id='word_1_27' title='bbox 2426 600 2531 652; x_wconf 90' lang='grc' dir='ltr'><strong>μεν</strong></span> <span class='ocrx_word' id='word_1_28' title='bbox 2576 583 2775 646; x_wconf 79' lang='grc' dir='ltr'><strong>αὐτοὺς</strong></span> <span class='ocrx_word' id='word_1_29' title='bbox 2813 583 2968 652; x_wconf 88' lang='grc' dir='ltr'><strong>λόγον</strong></span> <span class='ocrx_word' id='word_1_30' title='bbox 2990 601 3003 613; x_wconf 91' lang='grc'><strong>·</strong></span> <span class='ocrx_word' id='word_1_31' title='bbox 3030 583 3205 648; x_wconf 81' lang='grc' dir='ltr'><strong>οὕτως</strong></span> <span class='ocrx_word' id='word_1_32' title='bbox 3234 585 3328 638; x_wconf 75' lang='grc' dir='ltr'><strong>καὶ</strong></span> <span class='ocrx_word' id='word_1_33' title='bbox 3350 587 3381 638; x_wconf 80' lang='grc' dir='ltr'><strong>ό</strong></span> <span class='ocrx_word' id='word_1_34' title='bbox 3413 584 3546 648; x_wconf 74' lang='grc' dir='ltr'><strong>Θεὸς</strong></span> <span class='ocrx_word' id='word_1_35' title='bbox 3580 586 3804 655; x_wconf 78' lang='grc' dir='ltr'><strong>ῥήματα</strong></span> <span class='ocrx_word' id='word_1_36' title='bbox 3869 587 3998 654; x_wconf 81' lang='grc' dir='ltr'><strong>ἡμῖν</strong></span> 
     </span>
    </p>
   </div>
   <div class='ocr_carea' id='block_1_6' title="bbox 745 674 2317 749">
    <p class='ocr_par' dir='ltr' id='par_1_6' title="bbox 745 674 2317 745">
     <span class='ocr_line' id='line_1_6' title="bbox 745 674 2317 745; baseline -0.004 -10"><span class='ocrx_word' id='word_1_37' title='bbox 745 693 1032 736; x_wconf 85' lang='lat' dir='ltr'><strong>sermones</strong></span> <span class='ocrx_word' id='word_1_38' title='bbox 1064 691 1197 732; x_wconf 89' lang='lat' dir='ltr'><strong>suos</strong></span> <span class='ocrx_word' id='word_1_39' title='bbox 1239 675 1363 731; x_wconf 82' lang='lat' dir='ltr'><strong>fidei</strong></span> <span class='ocrx_word' id='word_1_40' title='bbox 1410 685 1618 730; x_wconf 71' lang='lat' dir='ltr'><strong>nostra:</strong></span> <span class='ocrx_word' id='word_1_41' title='bbox 1646 674 2022 737; x_wconf 89' lang='lat' dir='ltr'><strong>commiserit,</strong></span> <span class='ocrx_word' id='word_1_42' title='bbox 2061 689 2317 745; x_wconf 61' lang='lat' dir='ltr'><strong>expensa;</strong></span> 
     </span>
    </p>
   </div>
   <div class='ocr_carea' id='block_1_7' title="bbox 2422 674 3996 749">
    <p class='ocr_par' dir='ltr' id='par_1_7' title="bbox 2425 675 3996 749">
     <span class='ocr_line' id='line_1_7' title="bbox 2425 675 3996 749; baseline 0.003 -21"><span class='ocrx_word' id='word_1_43' title='bbox 2425 675 2826 745; x_wconf 81' lang='grc' dir='ltr'><strong>ἐμπιστεύσας,</strong></span> <span class='ocrx_word' id='word_1_44' title='bbox 2855 677 2925 732; x_wconf 73' lang='grc' dir='ltr'><strong>τὰ</strong></span> <span class='ocrx_word' id='word_1_45' title='bbox 2950 675 3120 732; x_wconf 81' lang='grc' dir='ltr'><strong>αὑτοῦ</strong></span> <span class='ocrx_word' id='word_1_46' title='bbox 3180 676 3432 749; x_wconf 78' lang='grc' dir='ltr'><strong>ζητήσει,</strong></span> <span class='ocrx_word' id='word_1_47' title='bbox 3463 679 3559 729; x_wconf 76' lang='grc' dir='ltr'><strong>καὶ</strong></span> <span class='ocrx_word' id='word_1_48' title='bbox 3603 677 3706 747; x_wconf 86' lang='grc' dir='ltr'><strong>τῆς</strong></span> <span class='ocrx_word' id='word_1_49' title='bbox 3751 678 3996 748; x_wconf 59' lang='lat' dir='ltr'><strong>suam;</strong></span> 
     </span>
    </p>
   </div>
   <div class='ocr_carea' id='block_1_8' title="bbox 745 768 1309 839">
    <p class='ocr_par' dir='ltr' id='par_1_8' title="bbox 745 768 1309 839">
     <span class='ocr_line' id='line_1_8' title="bbox 745 768 1309 839; baseline -0.011 -11"><span class='ocrx_word' id='word_1_50' title='bbox 745 773 1010 828; x_wconf 89' lang='lat' dir='ltr'><strong>rationem</strong></span> <span class='ocrx_word' id='word_1_51' title='bbox 1043 768 1309 839; x_wconf 73' lang='lat' dir='ltr'><strong>requiret.</strong></span> 
     </span>
    </p>
   </div>
   <div class='ocr_carea' id='block_1_9' title="bbox 810 856 2318 928">
    <p class='ocr_par' dir='ltr' id='par_1_9' title="bbox 810 856 2318 928">
     <span class='ocr_line' id='line_1_9' title="bbox 810 856 2318 928; baseline -0.006 -9"><span class='ocrx_word' id='word_1_52' title='bbox 810 863 1017 918; x_wconf 64' lang='lat' dir='ltr'><strong>latini</strong></span> <span class='ocrx_word' id='word_1_53' title='bbox 1051 861 1266 916; x_wconf 84' lang='lat' dir='ltr'><strong>adhort.</strong></span> <span class='ocrx_word' id='word_1_54' title='bbox 1299 859 1368 913; x_wconf 83' lang='lat' dir='ltr'><strong>ad</strong></span> <span class='ocrx_word' id='word_1_55' title='bbox 1401 858 1555 914; x_wconf 68' lang='lat' dir='ltr'><strong>Geni.</strong></span> <span class='ocrx_word' id='word_1_56' title='bbox 1585 891 1654 900; x_wconf 91' lang='lat'><strong><em>—</em></strong></span> <span class='ocrx_word' id='word_1_57' title='bbox 1685 856 1831 914; x_wconf 84' lang='lat' dir='ltr'><strong>Fieri</strong></span> <span class='ocrx_word' id='word_1_58' title='bbox 1882 873 1994 912; x_wconf 94' lang='lat' dir='ltr'><strong>non</strong></span> <span class='ocrx_word' id='word_1_59' title='bbox 2045 865 2226 928; x_wconf 78' lang='lat' dir='ltr'><strong>potest</strong></span> <span class='ocrx_word' id='word_1_60' title='bbox 2257 862 2318 910; x_wconf 90' lang='lat' dir='ltr'><strong>ut</strong></span> 
     </span>
    </p>
   </div>
   <div class='ocr_carea' id='block_1_10' title="bbox 742 950 2318 1029">
    <p class='ocr_par' dir='ltr' id='par_1_10' title="bbox 742 950 2318 1029">
     <span class='ocr_line' id='line_1_10' title="bbox 742 950 2318 1029; baseline -0.006 -15"><span class='ocrx_word' id='word_1_61' title='bbox 742 957 841 1029; x_wconf 89' lang='lat' dir='ltr'><strong>qui</strong></span> <span class='ocrx_word' id='word_1_62' title='bbox 872 972 962 1012; x_wconf 90' lang='lat' dir='ltr'><strong>res</strong></span> <span class='ocrx_word' id='word_1_63' title='bbox 993 955 1135 1010; x_wconf 89' lang='lat' dir='ltr'><strong>adeo</strong></span> <span class='ocrx_word' id='word_1_64' title='bbox 1163 970 1392 1023; x_wconf 87' lang='lat' dir='ltr'><strong>magnas</strong></span> <span class='ocrx_word' id='word_1_65' title='bbox 1423 960 1480 1008; x_wconf 87' lang='lat' dir='ltr'><strong>et</strong></span> <span class='ocrx_word' id='word_1_66' title='bbox 1508 952 1723 1006; x_wconf 80' lang='lat' dir='ltr'><strong>divinas</strong></span> <span class='ocrx_word' id='word_1_67' title='bbox 1753 951 1824 1006; x_wconf 86' lang='lat' dir='ltr'><strong>ab</strong></span> <span class='ocrx_word' id='word_1_68' title='bbox 1857 950 1927 1005; x_wconf 89' lang='lat' dir='ltr'><strong>iis</strong></span> <span class='ocrx_word' id='word_1_69' title='bbox 1955 951 2048 1020; x_wconf 86' lang='lat' dir='ltr'><strong>qui</strong></span> <span class='ocrx_word' id='word_1_70' title='bbox 2079 966 2176 1006; x_wconf 86' lang='lat' dir='ltr'><strong>eas</strong></span> <span class='ocrx_word' id='word_1_71' title='bbox 2203 951 2318 1004; x_wconf 89' lang='lat' dir='ltr'><strong>cal-</strong></span> 
     </span>
    </p>
   </div>
   <div class='ocr_carea' id='block_1_11' title="bbox 743 1045 2315 1118">
    <p class='ocr_par' dir='ltr' id='par_1_11' title="bbox 743 1045 2315 1118">
     <span class='ocr_line' id='line_1_11' title="bbox 743 1045 2315 1118; baseline -0.006 -10"><span class='ocrx_word' id='word_1_72' title='bbox 743 1056 891 1118; x_wconf 88' lang='lat' dir='ltr'><strong>lent,</strong></span> <span class='ocrx_word' id='word_1_73' title='bbox 941 1051 1170 1107; x_wconf 85' lang='lat' dir='ltr'><strong>minime</strong></span> <span class='ocrx_word' id='word_1_74' title='bbox 1208 1049 1567 1113; x_wconf 88' lang='lat' dir='ltr'><strong>didicerunt,</strong></span> <span class='ocrx_word' id='word_1_75' title='bbox 1608 1055 1704 1102; x_wconf 89' lang='lat' dir='ltr'><strong>aut</strong></span> <span class='ocrx_word' id='word_1_76' title='bbox 1751 1045 1858 1117; x_wconf 87' lang='lat' dir='ltr'><strong>ipsi</strong></span> <span class='ocrx_word' id='word_1_77' title='bbox 1906 1061 2001 1100; x_wconf 90' lang='lat' dir='ltr'><strong>eas</strong></span> <span class='ocrx_word' id='word_1_78' title='bbox 2052 1055 2315 1111; x_wconf 79' lang='lat' dir='ltr'><strong>noscant,</strong></span> 
     </span>
    </p>
   </div>
   <div class='ocr_carea' id='block_1_12' title="bbox 743 1139 1693 1210">
    <p class='ocr_par' dir='ltr' id='par_1_12' title="bbox 743 1139 1693 1210">
     <span class='ocr_line' id='line_1_12' title="bbox 743 1139 1693 1210; baseline -0.008 -10"><span class='ocrx_word' id='word_1_79' title='bbox 743 1154 840 1200; x_wconf 88' lang='lat' dir='ltr'><strong>aut</strong></span> <span class='ocrx_word' id='word_1_80' title='bbox 871 1143 1000 1199; x_wconf 84' lang='lat' dir='ltr'><strong>aliis</strong></span> <span class='ocrx_word' id='word_1_81' title='bbox 1037 1152 1188 1197; x_wconf 89' lang='lat' dir='ltr'><strong>recte</strong></span> <span class='ocrx_word' id='word_1_82' title='bbox 1214 1139 1437 1196; x_wconf 82' lang='lat' dir='ltr'><strong>tradere</strong></span> <span class='ocrx_word' id='word_1_83' title='bbox 1466 1147 1693 1210; x_wconf 82' lang='lat' dir='ltr'><strong>queant.</strong></span> 
     </span>
    </p>
   </div>
   <div class='ocr_carea' id='block_1_13' title="bbox 811 1228 2318 1302">
    <p class='ocr_par' dir='ltr' id='par_1_13' title="bbox 811 1228 2318 1302">
     <span class='ocr_line' id='line_1_13' title="bbox 811 1228 2318 1302; baseline -0.006 -9"><span class='ocrx_word' id='word_1_84' title='bbox 811 1235 874 1293; x_wconf 78' lang='lat'><strong>3.</strong></span> <span class='ocrx_word' id='word_1_85' title='bbox 911 1235 1050 1291; x_wconf 81' lang='lat' dir='ltr'><strong>Nili.</strong></span> <span class='ocrx_word' id='word_1_86' title='bbox 1079 1265 1150 1276; x_wconf 94' lang='lat'><strong><em>—</em></strong></span> <span class='ocrx_word' id='word_1_87' title='bbox 1181 1232 1438 1288; x_wconf 88' lang='lat' dir='ltr'><strong>Doctoris</strong></span> <span class='ocrx_word' id='word_1_88' title='bbox 1491 1229 1768 1302; x_wconf 87' lang='lat' dir='ltr'><strong>imperitia</strong></span> <span class='ocrx_word' id='word_1_89' title='bbox 1809 1229 2105 1299; x_wconf 82' lang='lat' dir='ltr'><strong>discipulis</strong></span> <span class='ocrx_word' id='word_1_90' title='bbox 2150 1228 2318 1284; x_wconf 77' lang='lat' dir='ltr'><strong>exitio</strong></span> 
     </span>
    </p>
   </div>
   <div class='ocr_carea' id='block_1_14' title="bbox 741 1320 2314 1398">
    <p class='ocr_par' dir='ltr' id='par_1_14' title="bbox 741 1320 2314 1398">
     <span class='ocr_line' id='line_1_14' title="bbox 741 1320 2314 1398; baseline -0.008 -12"><span class='ocrx_word' id='word_1_91' title='bbox 741 1339 861 1394; x_wconf 85' lang='lat' dir='ltr'><strong>est,</strong></span> <span class='ocrx_word' id='word_1_92' title='bbox 891 1339 950 1384; x_wconf 90' lang='lat' dir='ltr'><strong>et</strong></span> <span class='ocrx_word' id='word_1_93' title='bbox 979 1326 1386 1398; x_wconf 89' lang='lat' dir='ltr'><strong>discipulorum</strong></span> <span class='ocrx_word' id='word_1_94' title='bbox 1419 1322 1671 1380; x_wconf 86' lang='lat' dir='ltr'><strong>socordia</strong></span> <span class='ocrx_word' id='word_1_95' title='bbox 1707 1320 1978 1391; x_wconf 87' lang='lat' dir='ltr'><strong>magistro</strong></span> <span class='ocrx_word' id='word_1_96' title='bbox 2007 1320 2314 1391; x_wconf 88' lang='lat' dir='ltr'><strong>periculum</strong></span> 
     </span>
    </p>
   </div>
   <div class='ocr_carea' id='block_1_15' title="bbox 740 1410 2317 1489">
    <p class='ocr_par' dir='ltr' id='par_1_15' title="bbox 740 1410 2317 1489">
     <span class='ocr_line' id='line_1_15' title="bbox 740 1410 2317 1489; baseline -0.008 -11"><span class='ocrx_word' id='word_1_97' title='bbox 740 1430 914 1487; x_wconf 82' lang='lat' dir='ltr'><strong>creat,</strong></span> <span class='ocrx_word' id='word_1_98' title='bbox 948 1419 1256 1489; x_wconf 65' lang='lat' dir='ltr'><strong>praesertim</strong></span> <span class='ocrx_word' id='word_1_99' title='bbox 1301 1417 1349 1473; x_wconf 89' lang='lat' dir='ltr'><strong>si</strong></span> <span class='ocrx_word' id='word_1_100' title='bbox 1383 1416 1560 1486; x_wconf 85' lang='lat' dir='ltr'><strong>ipsius</strong></span> <span class='ocrx_word' id='word_1_101' title='bbox 1594 1412 1816 1469; x_wconf 84' lang='lat' dir='ltr'><strong>inscitia</strong></span> <span class='ocrx_word' id='word_1_102' title='bbox 1853 1410 1984 1476; x_wconf 86' lang='lat' dir='ltr'><strong>fiat,</strong></span> <span class='ocrx_word' id='word_1_103' title='bbox 2017 1419 2080 1466; x_wconf 93' lang='lat' dir='ltr'><strong>ut</strong></span> <span class='ocrx_word' id='word_1_104' title='bbox 2112 1410 2190 1465; x_wconf 88' lang='lat' dir='ltr'><strong>illi</strong></span> <span class='ocrx_word' id='word_1_105' title='bbox 2224 1425 2317 1465; x_wconf 83' lang='lat' dir='ltr'><strong>so-</strong></span> 
     </span>
    </p>
   </div>
   <div class='ocr_carea' id='block_1_16' title="bbox 739 1515 1301 1584">
    <p class='ocr_par' dir='ltr' id='par_1_16' title="bbox 739 1515 1301 1584">
     <span class='ocr_line' id='line_1_16' title="bbox 739 1515 1301 1584; baseline -0.009 -13"><span class='ocrx_word' id='word_1_106' title='bbox 739 1515 934 1571; x_wconf 63' lang='lat' dir='ltr'><strong>cordi!l</strong></span> <span class='ocrx_word' id='word_1_107' title='bbox 963 1519 1301 1584; x_wconf 88' lang='lat' dir='ltr'><strong>torpescant.</strong></span> 
     </span>
    </p>
   </div>
   <div class='ocr_carea' id='block_1_17' title="bbox 811 1677 2317 1760">
    <p class='ocr_par' dir='ltr' id='par_1_17' title="bbox 811 1677 2317 1760">
     <span class='ocr_line' id='line_1_17' title="bbox 811 1677 2317 1760; baseline -0.01 -14"><span class='ocrx_word' id='word_1_108' title='bbox 811 1690 1003 1760; x_wconf 82' lang='lat' dir='ltr'><strong>Ejusd.</strong></span> <span class='ocrx_word' id='word_1_109' title='bbox 1026 1720 1096 1732; x_wconf 91' lang='lat'>—</span> <span class='ocrx_word' id='word_1_110' title='bbox 1118 1685 1476 1758; x_wconf 80' lang='lat' dir='ltr'><strong>Nequaquam</strong></span> <span class='ocrx_word' id='word_1_111' title='bbox 1505 1681 1822 1739; x_wconf 77' lang='lat' dir='ltr'><strong>existiment</strong></span> <span class='ocrx_word' id='word_1_112' title='bbox 1843 1694 1960 1736; x_wconf 90' lang='lat' dir='ltr'><strong>rem</strong></span> <span class='ocrx_word' id='word_1_113' title='bbox 1979 1693 2100 1734; x_wconf 88' lang='lat' dir='ltr'><strong>eam</strong></span> <span class='ocrx_word' id='word_1_114' title='bbox 2121 1677 2317 1732; x_wconf 84' lang='lat' dir='ltr'><strong>remis-</strong></span> 
     </span>
    </p>
   </div>
   <div class='ocr_carea' id='block_1_18' title="bbox 741 1769 2314 1846">
    <p class='ocr_par' dir='ltr' id='par_1_18' title="bbox 741 1769 2314 1846">
     <span class='ocr_line' id='line_1_18' title="bbox 741 1769 2314 1846; baseline -0.01 -6"><span class='ocrx_word' id='word_1_115' title='bbox 741 1784 918 1840; x_wconf 86' lang='lat' dir='ltr'><strong>sionis</strong></span> <span class='ocrx_word' id='word_1_116' title='bbox 947 1781 1117 1836; x_wconf 89' lang='lat' dir='ltr'><strong>animi</strong></span> <span class='ocrx_word' id='word_1_117' title='bbox 1143 1789 1200 1836; x_wconf 92' lang='lat' dir='ltr'><strong>et</strong></span> <span class='ocrx_word' id='word_1_118' title='bbox 1224 1777 1622 1835; x_wconf 84' lang='lat' dir='ltr'><strong>oblectationis</strong></span> <span class='ocrx_word' id='word_1_119' title='bbox 1651 1783 1974 1846; x_wconf 68' lang='lat' dir='ltr'><strong>praetextum</strong></span> <span class='ocrx_word' id='word_1_120' title='bbox 1993 1787 2138 1828; x_wconf 89' lang='lat' dir='ltr'><strong>esse.</strong></span> <span class='ocrx_word' id='word_1_121' title='bbox 2164 1769 2314 1825; x_wconf 81' lang='lat' dir='ltr'><strong>Nihil</strong></span> 
     </span>
    </p>
   </div>
   <div class='ocr_carea' id='block_1_19' title="bbox 740 1863 2316 1944">
    <p class='ocr_par' dir='ltr' id='par_1_19' title="bbox 740 1863 2316 1944">
     <span class='ocr_line' id='line_1_19' title="bbox 740 1863 2316 1944; baseline -0.009 -14"><span class='ocrx_word' id='word_1_122' title='bbox 740 1877 888 1930; x_wconf 83' lang='lat' dir='ltr'><strong>enim</strong></span> <span class='ocrx_word' id='word_1_123' title='bbox 919 1891 1076 1944; x_wconf 68' lang='lat' dir='ltr'><strong>aeque</strong></span> <span class='ocrx_word' id='word_1_124' title='bbox 1105 1873 1340 1928; x_wconf 87' lang='lat' dir='ltr'><strong>arduum</strong></span> <span class='ocrx_word' id='word_1_125' title='bbox 1374 1880 1432 1925; x_wconf 90' lang='lat' dir='ltr'><strong>et</strong></span> <span class='ocrx_word' id='word_1_126' title='bbox 1465 1871 1801 1924; x_wconf 89' lang='lat' dir='ltr'><strong>laboriosum</strong></span> <span class='ocrx_word' id='word_1_127' title='bbox 1832 1875 1954 1929; x_wconf 82' lang='lat' dir='ltr'><strong>est,</strong></span> <span class='ocrx_word' id='word_1_128' title='bbox 1994 1873 2161 1934; x_wconf 86' lang='lat' dir='ltr'><strong>atque</strong></span> <span class='ocrx_word' id='word_1_129' title='bbox 2193 1863 2316 1917; x_wconf 85' lang='lat' dir='ltr'><strong>ani-</strong></span> 
     </span>
    </p>
   </div>
   <div class='ocr_carea' id='block_1_20' title="bbox 739 1955 2314 2036">
    <p class='ocr_par' dir='ltr' id='par_1_20' title="bbox 739 1955 2314 2036">
     <span class='ocr_line' id='line_1_20' title="bbox 739 1955 2314 2036; baseline -0.01 -12"><span class='ocrx_word' id='word_1_130' title='bbox 739 1970 846 2024; x_wconf 88' lang='lat' dir='ltr'><strong>mis</strong></span> <span class='ocrx_word' id='word_1_131' title='bbox 894 1969 1187 2036; x_wconf 87' lang='lat' dir='ltr'><strong>imperare.</strong></span> <span class='ocrx_word' id='word_1_132' title='bbox 1238 1964 1511 2032; x_wconf 85' lang='lat' dir='ltr'><strong>Quocirca</strong></span> <span class='ocrx_word' id='word_1_133' title='bbox 1563 1975 1747 2031; x_wconf 73' lang='lat' dir='ltr'><strong>opera:</strong></span> <span class='ocrx_word' id='word_1_134' title='bbox 1799 1958 2036 2028; x_wconf 92' lang='lat' dir='ltr'><strong>pretium</strong></span> <span class='ocrx_word' id='word_1_135' title='bbox 2065 1965 2151 2012; x_wconf 87' lang='lat' dir='ltr'><strong>est</strong></span> <span class='ocrx_word' id='word_1_136' title='bbox 2183 1964 2244 2010; x_wconf 87' lang='lat' dir='ltr'><strong>ut</strong></span> <span class='ocrx_word' id='word_1_137' title='bbox 2276 1955 2314 2009; x_wconf 92' lang='lat' dir='ltr'><strong>ii</strong></span> 
     </span>
    </p>
   </div>
   <div class='ocr_carea' id='block_1_21' title="bbox 738 2047 2313 2131">
    <p class='ocr_par' dir='ltr' id='par_1_21' title="bbox 738 2047 2313 2131">
     <span class='ocr_line' id='line_1_21' title="bbox 738 2047 2313 2131; baseline -0.009 -17"><span class='ocrx_word' id='word_1_138' title='bbox 738 2061 836 2131; x_wconf 88' lang='lat' dir='ltr'><strong>qui</strong></span> <span class='ocrx_word' id='word_1_139' title='bbox 867 2061 934 2115; x_wconf 92' lang='lat' dir='ltr'><strong>ad</strong></span> <span class='ocrx_word' id='word_1_140' title='bbox 969 2061 1072 2113; x_wconf 92' lang='lat' dir='ltr'><strong>hoc</strong></span> <span class='ocrx_word' id='word_1_141' title='bbox 1105 2073 1308 2112; x_wconf 89' lang='lat' dir='ltr'><strong>munus</strong></span> <span class='ocrx_word' id='word_1_142' title='bbox 1335 2053 1606 2110; x_wconf 75' lang='lat' dir='ltr'><strong>accedunt</strong></span> <span class='ocrx_word' id='word_1_143' title='bbox 1625 2092 1641 2116; x_wconf 91' lang='lat'><strong>,</strong></span> <span class='ocrx_word' id='word_1_144' title='bbox 1667 2050 1899 2124; x_wconf 77' lang='lat' dir='ltr'><strong>perinde</strong></span> <span class='ocrx_word' id='word_1_145' title='bbox 1925 2065 1987 2106; x_wconf 85' lang='lat' dir='ltr'><strong>se</strong></span> <span class='ocrx_word' id='word_1_146' title='bbox 2011 2047 2313 2118; x_wconf 88' lang='lat' dir='ltr'><strong>inungant,</strong></span> 
     </span>
    </p>
   </div>
   <div class='ocr_carea' id='block_1_22' title="bbox 739 2139 2234 2222">
    <p class='ocr_par' dir='ltr' id='par_1_22' title="bbox 739 2139 2234 2222">
     <span class='ocr_line' id='line_1_22' title="bbox 739 2139 2234 2222; baseline -0.01 -15"><span class='ocrx_word' id='word_1_147' title='bbox 739 2161 1003 2222; x_wconf 81' lang='lat' dir='ltr'><strong>tanquam</strong></span> <span class='ocrx_word' id='word_1_148' title='bbox 1037 2151 1102 2205; x_wconf 89' lang='lat' dir='ltr'><strong>ad</strong></span> <span class='ocrx_word' id='word_1_149' title='bbox 1134 2165 1302 2220; x_wconf 78' lang='lat' dir='ltr'><strong>grave</strong></span> <span class='ocrx_word' id='word_1_150' title='bbox 1333 2156 1617 2202; x_wconf 83' lang='lat' dir='ltr'><strong>certamen</strong></span> <span class='ocrx_word' id='word_1_151' title='bbox 1649 2143 1868 2214; x_wconf 88' lang='lat' dir='ltr'><strong>aliquod</strong></span> <span class='ocrx_word' id='word_1_152' title='bbox 1905 2139 2234 2213; x_wconf 77' lang='lat' dir='ltr'><strong>ingressuri.</strong></span> 
     </span>
    </p>
   </div>
   <div class='ocr_carea' id='block_1_23' title="bbox 814 2231 2314 2315">
    <p class='ocr_par' dir='ltr' id='par_1_23' title="bbox 814 2231 2314 2315">
     <span class='ocr_line' id='line_1_23' title="bbox 814 2231 2314 2315; baseline -0.01 -15"><span class='ocrx_word' id='word_1_153' title='bbox 814 2245 1008 2315; x_wconf 81' lang='lat' dir='ltr'><strong>Ejusd.</strong></span> <span class='ocrx_word' id='word_1_154' title='bbox 1033 2273 1101 2288; x_wconf 88' lang='lat'><strong>-—</strong></span> <span class='ocrx_word' id='word_1_155' title='bbox 1120 2243 1222 2310; x_wconf 86' lang='lat' dir='ltr'><strong>Qui</strong></span> <span class='ocrx_word' id='word_1_156' title='bbox 1249 2241 1450 2298; x_wconf 85' lang='lat' dir='ltr'><strong>scindit</strong></span> <span class='ocrx_word' id='word_1_157' title='bbox 1482 2241 1650 2310; x_wconf 87' lang='lat' dir='ltr'><strong>ligna,</strong></span> <span class='ocrx_word' id='word_1_158' title='bbox 1676 2236 2088 2309; x_wconf 83' lang='lat' dir='ltr'><strong>periclitabitur</strong></span> <span class='ocrx_word' id='word_1_159' title='bbox 2124 2235 2180 2288; x_wconf 94' lang='lat' dir='ltr'><strong>in</strong></span> <span class='ocrx_word' id='word_1_160' title='bbox 2209 2231 2314 2296; x_wconf 91' lang='lat' dir='ltr'><strong>eis,</strong></span> 
     </span>
    </p>
   </div>
   <div class='ocr_carea' id='block_1_24' title="bbox 740 2328 2314 2402">
    <p class='ocr_par' dir='ltr' id='par_1_24' title="bbox 740 2328 2314 2402">
     <span class='ocr_line' id='line_1_24' title="bbox 740 2328 2314 2402; baseline -0.008 -10"><span class='ocrx_word' id='word_1_161' title='bbox 740 2337 788 2392; x_wconf 86' lang='lat' dir='ltr'><strong>si</strong></span> <span class='ocrx_word' id='word_1_162' title='bbox 821 2337 1031 2392; x_wconf 89' lang='lat' dir='ltr'><strong>ferrum</strong></span> <span class='ocrx_word' id='word_1_163' title='bbox 1063 2335 1353 2391; x_wconf 78' lang='lat' dir='ltr'><strong>exciderit.</strong></span> <span class='ocrx_word' id='word_1_164' title='bbox 1388 2333 1522 2388; x_wconf 79' lang='lat' dir='ltr'><strong>Nam</strong></span> <span class='ocrx_word' id='word_1_165' title='bbox 1555 2333 1644 2402; x_wconf 92' lang='lat' dir='ltr'><strong>qui</strong></span> <span class='ocrx_word' id='word_1_166' title='bbox 1679 2345 1936 2386; x_wconf 83' lang='lat' dir='ltr'><strong>sermone</strong></span> <span class='ocrx_word' id='word_1_167' title='bbox 1964 2343 2053 2384; x_wconf 90' lang='lat' dir='ltr'><strong>res</strong></span> <span class='ocrx_word' id='word_1_168' title='bbox 2082 2328 2314 2391; x_wconf 81' lang='lat' dir='ltr'><strong>dividit,</strong></span> 
     </span>
    </p>
   </div>
   <div class='ocr_carea' id='block_1_25' title="bbox 742 2421 2314 2496">
    <p class='ocr_par' dir='ltr' id='par_1_25' title="bbox 742 2421 2314 2496">
     <span class='ocr_line' id='line_1_25' title="bbox 742 2421 2314 2496; baseline -0.006 -13"><span class='ocrx_word' id='word_1_169' title='bbox 742 2430 848 2484; x_wconf 89' lang='lat' dir='ltr'><strong>nisi</strong></span> <span class='ocrx_word' id='word_1_170' title='bbox 882 2443 1196 2484; x_wconf 90' lang='lat' dir='ltr'><strong>sermonem</strong></span> <span class='ocrx_word' id='word_1_171' title='bbox 1233 2427 1602 2496; x_wconf 84' lang='lat' dir='ltr'><strong>undecunque</strong></span> <span class='ocrx_word' id='word_1_172' title='bbox 1635 2425 1993 2479; x_wconf 85' lang='lat' dir='ltr'><strong>obfirmatum</strong></span> <span class='ocrx_word' id='word_1_173' title='bbox 2029 2421 2314 2483; x_wconf 83' lang='lat' dir='ltr'><strong>habuerit,</strong></span> 
     </span>
    </p>
   </div>
   <div class='ocr_carea' id='block_1_26' title="bbox 741 2514 2318 2592">
    <p class='ocr_par' dir='ltr' id='par_1_26' title="bbox 741 2514 2318 2592">
     <span class='ocr_line' id='line_1_26' title="bbox 741 2514 2318 2592; baseline -0.004 -16"><span class='ocrx_word' id='word_1_174' title='bbox 741 2523 886 2577; x_wconf 81' lang='lat' dir='ltr'><strong>inter</strong></span> <span class='ocrx_word' id='word_1_175' title='bbox 914 2521 1204 2577; x_wconf 79' lang='lat' dir='ltr'><strong>audientes</strong></span> <span class='ocrx_word' id='word_1_176' title='bbox 1230 2518 1666 2592; x_wconf 86' lang='lat' dir='ltr'><strong>periclitabitur.</strong></span> <span class='ocrx_word' id='word_1_177' title='bbox 1697 2533 1795 2588; x_wconf 90' lang='lat' dir='ltr'><strong>per</strong></span> <span class='ocrx_word' id='word_1_178' title='bbox 1822 2529 2137 2572; x_wconf 89' lang='lat' dir='ltr'><strong>sermonem</strong></span> <span class='ocrx_word' id='word_1_179' title='bbox 2165 2514 2318 2570; x_wconf 62' lang='lat' dir='ltr'><strong>video</strong></span> 
     </span>
    </p>
   </div>
   <div class='ocr_carea' id='block_1_27' title="bbox 743 2609 2139 2686">
    <p class='ocr_par' dir='ltr' id='par_1_27' title="bbox 743 2609 2139 2686">
     <span class='ocr_line' id='line_1_27' title="bbox 743 2609 2139 2686; baseline -0.005 -18"><span class='ocrx_word' id='word_1_180' title='bbox 743 2614 872 2670; x_wconf 88' lang='lat' dir='ltr'><strong>licet</strong></span> <span class='ocrx_word' id='word_1_181' title='bbox 909 2615 1197 2686; x_wconf 88' lang='lat' dir='ltr'><strong>discipulis</strong></span> <span class='ocrx_word' id='word_1_182' title='bbox 1227 2614 1476 2670; x_wconf 90' lang='lat' dir='ltr'><strong>scandali</strong></span> <span class='ocrx_word' id='word_1_183' title='bbox 1509 2611 1795 2666; x_wconf 88' lang='lat' dir='ltr'><strong>materiam</strong></span> <span class='ocrx_word' id='word_1_184' title='bbox 1826 2609 2139 2680; x_wconf 76' lang='lat' dir='ltr'><strong>porrigens.</strong></span> 
     </span>
    </p>
   </div>
   <div class='ocr_carea' id='block_1_28' title="bbox 817 2692 2318 2778">
    <p class='ocr_par' dir='ltr' id='par_1_28' title="bbox 817 2692 2318 2778">
     <span class='ocr_line' id='line_1_28' title="bbox 817 2692 2318 2778; baseline -0.004 -17"><span class='ocrx_word' id='word_1_185' title='bbox 817 2706 1008 2778; x_wconf 81' lang='lat' dir='ltr'><strong>Ejusd.</strong></span> <span class='ocrx_word' id='word_1_186' title='bbox 1041 2741 1108 2750; x_wconf 93' lang='lat'><strong>—</strong></span> <span class='ocrx_word' id='word_1_187' title='bbox 1146 2707 1226 2762; x_wconf 82' lang='lat' dir='ltr'><strong>Ne</strong></span> <span class='ocrx_word' id='word_1_188' title='bbox 1279 2706 1413 2761; x_wconf 92' lang='lat' dir='ltr'><strong>illud</strong></span> <span class='ocrx_word' id='word_1_189' title='bbox 1477 2706 1636 2758; x_wconf 76' lang='lat' dir='ltr'><strong>velim</strong></span> <span class='ocrx_word' id='word_1_190' title='bbox 1691 2692 1950 2772; x_wconf 79' lang='lat' dir='ltr'><strong>ignores,</strong></span> <span class='ocrx_word' id='word_1_191' title='bbox 2003 2700 2318 2773; x_wconf 88' lang='lat' dir='ltr'><strong>complures</strong></span> 
     </span>
    </p>
   </div>
   <div class='ocr_carea' id='block_1_29' title="bbox 741 2799 2013 2875">
    <p class='ocr_par' dir='ltr' id='par_1_29' title="bbox 741 2799 2013 2875">
     <span class='ocr_line' id='line_1_29' title="bbox 741 2799 2013 2875; baseline -0.008 -17"><span class='ocrx_word' id='word_1_192' title='bbox 741 2805 1031 2875; x_wconf 85' lang='lat' dir='ltr'><strong>episcopos</strong></span> <span class='ocrx_word' id='word_1_193' title='bbox 1063 2801 1207 2871; x_wconf 82' lang='lat' dir='ltr'><strong>ignis</strong></span> <span class='ocrx_word' id='word_1_194' title='bbox 1242 2799 1521 2854; x_wconf 82' lang='lat' dir='ltr'><strong>fornacem</strong></span> <span class='ocrx_word' id='word_1_195' title='bbox 1551 2805 1845 2851; x_wconf 87' lang='lat' dir='ltr'><strong>ornaturos</strong></span> <span class='ocrx_word' id='word_1_196' title='bbox 1870 2809 2013 2849; x_wconf 89' lang='lat' dir='ltr'><strong>esse.</strong></span> 
     </span>
    </p>
   </div>
   <div class='ocr_carea' id='block_1_30' title="bbox 819 2885 2320 2966">
    <p class='ocr_par' dir='ltr' id='par_1_30' title="bbox 819 2885 2320 2966">
     <span class='ocr_line' id='line_1_30' title="bbox 819 2885 2320 2966; baseline -0.005 -16"><span class='ocrx_word' id='word_1_197' title='bbox 819 2895 1011 2966; x_wconf 76' lang='lat' dir='ltr'><strong>Ejusd.</strong></span> <span class='ocrx_word' id='word_1_198' title='bbox 1037 2893 1442 2963; x_wconf 80' lang='lat' dir='ltr'><strong>——Cujuslihet</strong></span> <span class='ocrx_word' id='word_1_199' title='bbox 1492 2889 1740 2960; x_wconf 85' lang='lat' dir='ltr'><strong>episcopi</strong></span> <span class='ocrx_word' id='word_1_200' title='bbox 1784 2903 1848 2942; x_wconf 89' lang='lat' dir='ltr'><strong>ac</strong></span> <span class='ocrx_word' id='word_1_201' title='bbox 1887 2885 2136 2940; x_wconf 82' lang='lat' dir='ltr'><strong>doctoris</strong></span> <span class='ocrx_word' id='word_1_202' title='bbox 2176 2901 2320 2957; x_wconf 89' lang='lat' dir='ltr'><strong>opus</strong></span> 
     </span>
    </p>
   </div>
   <div class='ocr_carea' id='block_1_31' title="bbox 743 2980 2318 3060">
    <p class='ocr_par' dir='ltr' id='par_1_31' title="bbox 743 2980 2318 3060">
     <span class='ocr_line' id='line_1_31' title="bbox 743 2980 2318 3060; baseline -0.004 -19"><span class='ocrx_word' id='word_1_203' title='bbox 743 2989 910 3060; x_wconf 85' lang='lat' dir='ltr'><strong>quale</strong></span> <span class='ocrx_word' id='word_1_204' title='bbox 937 2988 1044 3054; x_wconf 89' lang='lat' dir='ltr'><strong>sit,</strong></span> <span class='ocrx_word' id='word_1_205' title='bbox 1072 2986 1445 3055; x_wconf 87' lang='lat' dir='ltr'><strong>sempiternus</strong></span> <span class='ocrx_word' id='word_1_206' title='bbox 1479 2984 1626 3054; x_wconf 76' lang='lat' dir='ltr'><strong>ignis</strong></span> <span class='ocrx_word' id='word_1_207' title='bbox 1678 2982 1958 3054; x_wconf 86' lang='lat' dir='ltr'><strong>probabit.</strong></span> <span class='ocrx_word' id='word_1_208' title='bbox 2010 2980 2147 3036; x_wconf 86' lang='lat' dir='ltr'><strong>Nam</strong></span> <span class='ocrx_word' id='word_1_209' title='bbox 2198 2981 2318 3036; x_wconf 87' lang='lat' dir='ltr'><strong>dies</strong></span> 
     </span>
    </p>
   </div>
   <div class='ocr_carea' id='block_1_32' title="bbox 745 3072 2316 3146">
    <p class='ocr_par' dir='ltr' id='par_1_32' title="bbox 745 3072 2316 3146">
     <span class='ocr_line' id='line_1_32' title="bbox 745 3072 2316 3146; baseline -0.004 -13"><span class='ocrx_word' id='word_1_210' title='bbox 745 3082 841 3135; x_wconf 91' lang='lat' dir='ltr'><strong>ille</strong></span> <span class='ocrx_word' id='word_1_211' title='bbox 874 3080 1055 3134; x_wconf 85' lang='lat' dir='ltr'><strong>omnia</strong></span> <span class='ocrx_word' id='word_1_212' title='bbox 1091 3078 1341 3146; x_wconf 83' lang='lat' dir='ltr'><strong>deteget,</strong></span> <span class='ocrx_word' id='word_1_213' title='bbox 1376 3083 1431 3130; x_wconf 89' lang='lat' dir='ltr'><strong>et</strong></span> <span class='ocrx_word' id='word_1_214' title='bbox 1461 3076 1757 3146; x_wconf 87' lang='lat' dir='ltr'><strong>perspicua</strong></span> <span class='ocrx_word' id='word_1_215' title='bbox 1806 3075 2036 3138; x_wconf 84' lang='lat' dir='ltr'><strong>reddet,</strong></span> <span class='ocrx_word' id='word_1_216' title='bbox 2086 3073 2212 3145; x_wconf 83' lang='lat' dir='ltr'><strong>quia</strong></span> <span class='ocrx_word' id='word_1_217' title='bbox 2261 3072 2316 3128; x_wconf 90' lang='lat' dir='ltr'><strong>in</strong></span> 
     </span>
    </p>
   </div>
   <div class='ocr_carea' id='block_1_33' title="bbox 744 3170 1259 3244">
    <p class='ocr_par' dir='ltr' id='par_1_33' title="bbox 744 3170 1259 3244">
     <span class='ocr_line' id='line_1_33' title="bbox 744 3170 1259 3244; baseline -0.006 -17"><span class='ocrx_word' id='word_1_218' title='bbox 744 3174 870 3244; x_wconf 84' lang='lat' dir='ltr'><strong>igne</strong></span> <span class='ocrx_word' id='word_1_219' title='bbox 905 3170 1259 3227; x_wconf 80' lang='lat' dir='ltr'><strong>revelabitur.</strong></span> 
     </span>
    </p>
   </div>
   <div class='ocr_carea' id='block_1_34' title="bbox 820 3260 2317 3333">
    <p class='ocr_par' dir='ltr' id='par_1_34' title="bbox 820 3260 2317 3333">
     <span class='ocr_line' id='line_1_34' title="bbox 820 3260 2317 3333; baseline -0.001 -15"><span class='ocrx_word' id='word_1_220' title='bbox 820 3263 1012 3333; x_wconf 76' lang='lat' dir='ltr'><strong>Ejusd.</strong></span> <span class='ocrx_word' id='word_1_221' title='bbox 1043 3294 1112 3304; x_wconf 93' lang='lat'><strong><em>—</em></strong></span> <span class='ocrx_word' id='word_1_222' title='bbox 1144 3263 1230 3316; x_wconf 82' lang='lat' dir='ltr'><strong>An</strong></span> <span class='ocrx_word' id='word_1_223' title='bbox 1267 3270 1322 3316; x_wconf 91' lang='lat' dir='ltr'><strong>te</strong></span> <span class='ocrx_word' id='word_1_224' title='bbox 1351 3261 1527 3329; x_wconf 81' lang='lat' dir='ltr'><strong>fugit,</strong></span> <span class='ocrx_word' id='word_1_225' title='bbox 1581 3260 1877 3332; x_wconf 86' lang='lat' dir='ltr'><strong>episcopos</strong></span> <span class='ocrx_word' id='word_1_226' title='bbox 1923 3276 2317 3332; x_wconf 86' lang='lat' dir='ltr'><strong>nonnunquam</strong></span> 
     </span>
    </p>
   </div>
   <div class='ocr_carea' id='block_1_35' title="bbox 743 3354 1748 3413">
    <p class='ocr_par' dir='ltr' id='par_1_35' title="bbox 743 3354 1748 3413">
     <span class='ocr_line' id='line_1_35' title="bbox 743 3354 1748 3413; baseline -0.006 0"><span class='ocrx_word' id='word_1_227' title='bbox 743 3358 915 3413; x_wconf 80' lang='lat' dir='ltr'><strong>etiam</strong></span> <span class='ocrx_word' id='word_1_228' title='bbox 943 3357 1170 3412; x_wconf 78' lang='lat' dir='ltr'><strong>exitium</strong></span> <span class='ocrx_word' id='word_1_229' title='bbox 1196 3362 1251 3408; x_wconf 86' lang='lat' dir='ltr'><strong>et</strong></span> <span class='ocrx_word' id='word_1_230' title='bbox 1278 3355 1494 3409; x_wconf 87' lang='lat' dir='ltr'><strong>ruinam</strong></span> <span class='ocrx_word' id='word_1_231' title='bbox 1525 3354 1748 3409; x_wconf 86' lang='lat' dir='ltr'><strong>subire?</strong></span> 
     </span>
    </p>
   </div>
   <div class='ocr_carea' id='block_1_36' title="bbox 820 3444 2323 3517">
    <p class='ocr_par' dir='ltr' id='par_1_36' title="bbox 820 3444 2323 3517">
     <span class='ocr_line' id='line_1_36' title="bbox 820 3444 2323 3517; baseline -0.003 -15"><span class='ocrx_word' id='word_1_232' title='bbox 820 3447 1015 3517; x_wconf 75' lang='lat' dir='ltr'><strong>Ejusd.</strong></span> <span class='ocrx_word' id='word_1_233' title='bbox 1041 3478 1111 3488; x_wconf 96' lang='lat'><strong>—</strong></span> <span class='ocrx_word' id='word_1_234' title='bbox 1131 3447 1448 3501; x_wconf 83' lang='lat' dir='ltr'><strong>Ahsurdum</strong></span> <span class='ocrx_word' id='word_1_235' title='bbox 1475 3454 1559 3500; x_wconf 89' lang='lat' dir='ltr'><strong>est</strong></span> <span class='ocrx_word' id='word_1_236' title='bbox 1587 3461 1712 3499; x_wconf 90' lang='lat' dir='ltr'><strong>eum</strong></span> <span class='ocrx_word' id='word_1_237' title='bbox 1737 3444 1834 3515; x_wconf 86' lang='lat' dir='ltr'><strong>qui</strong></span> <span class='ocrx_word' id='word_1_238' title='bbox 1863 3444 2103 3500; x_wconf 89' lang='lat' dir='ltr'><strong>honores</strong></span> <span class='ocrx_word' id='word_1_239' title='bbox 2127 3459 2323 3499; x_wconf 80' lang='lat' dir='ltr'><strong>conse-</strong></span> 
     </span>
    </p>
   </div>
   <div class='ocr_carea' id='block_1_37' title="bbox 750 3536 2325 3609">
    <p class='ocr_par' dir='ltr' id='par_1_37' title="bbox 750 3536 2325 3609">
     <span class='ocr_line' id='line_1_37' title="bbox 750 3536 2325 3609; baseline -0.004 -13"><span class='ocrx_word' id='word_1_240' title='bbox 750 3551 959 3604; x_wconf 88' lang='lat' dir='ltr'><strong>ctatur,</strong></span> <span class='ocrx_word' id='word_1_241' title='bbox 1007 3542 1226 3595; x_wconf 88' lang='lat' dir='ltr'><strong>labores</strong></span> <span class='ocrx_word' id='word_1_242' title='bbox 1275 3538 1537 3609; x_wconf 80' lang='lat' dir='ltr'><strong>defugere</strong></span> <span class='ocrx_word' id='word_1_243' title='bbox 1585 3537 1792 3608; x_wconf 88' lang='lat' dir='ltr'><strong>quibus</strong></span> <span class='ocrx_word' id='word_1_244' title='bbox 1843 3538 2085 3593; x_wconf 87' lang='lat' dir='ltr'><strong>honores</strong></span> <span class='ocrx_word' id='word_1_245' title='bbox 2133 3536 2325 3591; x_wconf 88' lang='lat' dir='ltr'><strong>conci-</strong></span> 
     </span>
    </p>
   </div>
   <div class='ocr_carea' id='block_1_38' title="bbox 747 3634 954 3688">
    <p class='ocr_par' dir='ltr' id='par_1_38' title="bbox 747 3634 954 3688">
     <span class='ocr_line' id='line_1_38' title="bbox 747 3634 954 3688; baseline -0.019 0"><span class='ocrx_word' id='word_1_246' title='bbox 747 3634 954 3688; x_wconf 80' lang='lat' dir='ltr'><strong>liunlur</strong></span> 
     </span>
    </p>
   </div>
   <div class='ocr_carea' id='block_1_39' title="bbox 821 3722 2323 3789">
    <p class='ocr_par' dir='ltr' id='par_1_39' title="bbox 821 3722 2323 3789">
     <span class='ocr_line' id='line_1_39' title="bbox 821 3722 2323 3789; baseline -0.004 -10"><span class='ocrx_word' id='word_1_247' title='bbox 821 3726 908 3779; x_wconf 83' lang='lat' dir='ltr'><strong>Sit</strong></span> <span class='ocrx_word' id='word_1_248' title='bbox 935 3723 1029 3778; x_wconf 85' lang='lat' dir='ltr'><strong>illa</strong></span> <span class='ocrx_word' id='word_1_249' title='bbox 1064 3724 1156 3778; x_wconf 74' lang='lat' dir='ltr'><strong>Ie!‘</strong></span> <span class='ocrx_word' id='word_1_250' title='bbox 1179 3723 1482 3778; x_wconf 84' lang='lat' dir='ltr'><strong>coustituta</strong></span> <span class='ocrx_word' id='word_1_251' title='bbox 1515 3723 1784 3776; x_wconf 79' lang='lat' dir='ltr'><strong>adversus</strong></span> <span class='ocrx_word' id='word_1_252' title='bbox 1814 3736 1912 3776; x_wconf 84' lang='lat' dir='ltr'><strong>eos</strong></span> <span class='ocrx_word' id='word_1_253' title='bbox 1937 3722 2029 3789; x_wconf 86' lang='lat' dir='ltr'><strong>qui</strong></span> <span class='ocrx_word' id='word_1_254' title='bbox 2060 3735 2150 3775; x_wconf 88' lang='lat' dir='ltr'><strong>res</strong></span> <span class='ocrx_word' id='word_1_255' title='bbox 2195 3735 2323 3773; x_wconf 82' lang='lat' dir='ltr'><strong>san-</strong></span> 
     </span>
    </p>
   </div>
   <div class='ocr_carea' id='block_1_40' title="bbox 748 3815 2324 3884">
    <p class='ocr_par' dir='ltr' id='par_1_40' title="bbox 748 3815 2324 3884">
     <span class='ocr_line' id='line_1_40' title="bbox 748 3815 2324 3884; baseline -0.002 -12"><span class='ocrx_word' id='word_1_256' title='bbox 748 3829 868 3872; x_wconf 87' lang='lat' dir='ltr'><strong>ctas</strong></span> <span class='ocrx_word' id='word_1_257' title='bbox 895 3824 950 3871; x_wconf 87' lang='lat' dir='ltr'><strong>et</strong></span> <span class='ocrx_word' id='word_1_258' title='bbox 973 3817 1187 3872; x_wconf 72' lang='lat' dir='ltr'><strong>divinas</strong></span> <span class='ocrx_word' id='word_1_259' title='bbox 1219 3831 1326 3871; x_wconf 76' lang='lat' dir='ltr'><strong>non</strong></span> <span class='ocrx_word' id='word_1_260' title='bbox 1357 3822 1548 3870; x_wconf 86' lang='lat' dir='ltr'><strong>sancte</strong></span> <span class='ocrx_word' id='word_1_261' title='bbox 1574 3823 1744 3882; x_wconf 91' lang='lat' dir='ltr'><strong>atque</strong></span> <span class='ocrx_word' id='word_1_262' title='bbox 1772 3815 1936 3884; x_wconf 81' lang='lat' dir='ltr'><strong>digne</strong></span> <span class='ocrx_word' id='word_1_263' title='bbox 1961 3815 2070 3868; x_wconf 84' lang='lat' dir='ltr'><strong>Deo</strong></span> <span class='ocrx_word' id='word_1_264' title='bbox 2099 3829 2324 3869; x_wconf 78' lang='lat' dir='ltr'><strong>cernere</strong></span> 
     </span>
    </p>
   </div>
   <div class='ocr_carea' id='block_1_41' title="bbox 748 3906 2293 3978">
    <p class='ocr_par' dir='ltr' id='par_1_41' title="bbox 748 3906 2293 3978">
     <span class='ocr_line' id='line_1_41' title="bbox 748 3906 2293 3978; baseline -0.001 -16"><span class='ocrx_word' id='word_1_265' title='bbox 748 3910 942 3964; x_wconf 77' lang='lat' dir='ltr'><strong>volunt</strong></span> <span class='ocrx_word' id='word_1_266' title='bbox 1011 3909 1152 3963; x_wconf 87' lang='lat' dir='ltr'><strong>unde</strong></span> <span class='ocrx_word' id='word_1_267' title='bbox 1186 3908 1318 3978; x_wconf 91' lang='lat' dir='ltr'><strong>ipsis</strong></span> <span class='ocrx_word' id='word_1_268' title='bbox 1344 3907 1606 3962; x_wconf 71' lang='lat' dir='ltr'><strong>caecitatis</strong></span> <span class='ocrx_word' id='word_1_269' title='bbox 1636 3907 1971 3976; x_wconf 88' lang='lat' dir='ltr'><strong>supplicium</strong></span> <span class='ocrx_word' id='word_1_270' title='bbox 2005 3906 2293 3961; x_wconf 86' lang='lat' dir='ltr'><strong>inferatur.</strong></span> 
     </span>
    </p>
   </div>
   <div class='ocr_carea' id='block_1_42' title="bbox 1026 4082 2038 4152">
    <p class='ocr_par' dir='ltr' id='par_1_42' title="bbox 1026 4082 2038 4152">
     <span class='ocr_line' id='line_1_42' title="bbox 1026 4082 2038 4152; baseline -0.004 -13"><span class='ocrx_word' id='word_1_271' title='bbox 1026 4083 1168 4141; x_wconf 85' lang='lat' dir='ltr'><strong>TIT.</strong></span> <span class='ocrx_word' id='word_1_272' title='bbox 1204 4083 1348 4138; x_wconf 72' lang='lat' dir='ltr'><strong>XIX.</strong></span> <span class='ocrx_word' id='word_1_273' title='bbox 1382 4114 1452 4126; x_wconf 89' lang='lat'><strong><em>—</em></strong></span> <span class='ocrx_word' id='word_1_274' title='bbox 1482 4082 1558 4137; x_wconf 83' lang='lat' dir='ltr'><strong>De</strong></span> <span class='ocrx_word' id='word_1_275' title='bbox 1585 4082 2038 4152; x_wconf 83' lang='lat' dir='ltr'><strong>oppigneratione.</strong></span> 
     </span>
    </p>
   </div>
   <div class='ocr_carea' id='block_1_43' title="bbox 1289 4203 1790 4272">
    <p class='ocr_par' dir='ltr' id='par_1_43' title="bbox 1289 4203 1790 4272">
     <span class='ocr_line' id='line_1_43' title="bbox 1289 4203 1790 4272; baseline 0 -16"><span class='ocrx_word' id='word_1_276' title='bbox 1289 4207 1297 4215; x_wconf 89' lang='lat'>’</span> <span class='ocrx_word' id='word_1_277' title='bbox 1332 4203 1492 4258; x_wconf 87' lang='lat' dir='ltr'><strong>Deest</strong></span> <span class='ocrx_word' id='word_1_278' title='bbox 1521 4204 1576 4257; x_wconf 90' lang='lat' dir='ltr'><strong>in</strong></span> <span class='ocrx_word' id='word_1_279' title='bbox 1609 4204 1790 4272; x_wconf 77' lang='lat' dir='ltr'><strong>mss.)</strong></span> 
     </span>
    </p>
   </div>
   <div class='ocr_carea' id='block_1_44' title="bbox 749 4351 2320 4432">
    <p class='ocr_par' dir='ltr' id='par_1_44' title="bbox 749 4351 2320 4432">
     <span class='ocr_line' id='line_1_44' title="bbox 749 4351 2320 4432; baseline -0.002 -13"><span class='ocrx_word' id='word_1_280' title='bbox 749 4361 890 4419; x_wconf 82' lang='grc' dir='ltr'><strong>ΤΙΤ.</strong></span> <span class='ocrx_word' id='word_1_281' title='bbox 916 4351 1033 4417; x_wconf 52' lang='lat' dir='ltr'><strong>XX.</strong></span> <span class='ocrx_word' id='word_1_282' title='bbox 1057 4393 1124 4404; x_wconf 92' lang='lat'><strong>-</strong></span> <span class='ocrx_word' id='word_1_283' title='bbox 1150 4360 1224 4415; x_wconf 86' lang='lat' dir='ltr'><strong>De</strong></span> <span class='ocrx_word' id='word_1_284' title='bbox 1253 4361 1673 4425; x_wconf 80' lang='lat' dir='ltr'><strong>concupiscentia</strong></span> <span class='ocrx_word' id='word_1_285' title='bbox 1697 4377 1716 4414; x_wconf 89' lang='lat'><strong><em>:</em></strong></span> <span class='ocrx_word' id='word_1_286' title='bbox 1741 4371 1789 4413; x_wconf 80' lang='lat' dir='ltr'><strong>et</strong></span> <span class='ocrx_word' id='word_1_287' title='bbox 1816 4361 1956 4430; x_wconf 81' lang='lat' dir='ltr'><strong>quod</strong></span> <span class='ocrx_word' id='word_1_288' title='bbox 1991 4361 2147 4416; x_wconf 80' lang='lat' dir='ltr'><strong>malis</strong></span> <span class='ocrx_word' id='word_1_289' title='bbox 2171 4366 2320 4432; x_wconf 81' lang='lat' dir='ltr'><strong>cupi-</strong></span> 
     </span>
    </p>
   </div>
   <div class='ocr_carea' id='block_1_45' title="bbox 996 4432 2071 4501">
    <p class='ocr_par' dir='ltr' id='par_1_45' title="bbox 996 4432 2071 4501">
     <span class='ocr_line' id='line_1_45' title="bbox 996 4432 2071 4501; baseline 0.002 -17"><span class='ocrx_word' id='word_1_290' title='bbox 996 4433 1254 4486; x_wconf 79' lang='lat' dir='ltr'><strong>ditatibus</strong></span> <span class='ocrx_word' id='word_1_291' title='bbox 1291 4433 1506 4484; x_wconf 81' lang='lat' dir='ltr'><strong>minime</strong></span> <span class='ocrx_word' id='word_1_292' title='bbox 1548 4433 1617 4484; x_wconf 82' lang='lat' dir='ltr'><strong>sit</strong></span> <span class='ocrx_word' id='word_1_293' title='bbox 1664 4432 2071 4501; x_wconf 79' lang='lat' dir='ltr'><strong>obsequendum.</strong></span> 
     </span>
    </p>
   </div>
   <div class='ocr_carea' id='block_1_46' title="bbox 2421 769 2768 840">
    <p class='ocr_par' dir='ltr' id='par_1_46' title="bbox 2421 769 2768 840">
     <span class='ocr_line' id='line_1_46' title="bbox 2421 769 2768 840; baseline 0 -16"><span class='ocrx_word' id='word_1_294' title='bbox 2421 771 2515 824; x_wconf 84' lang='grc' dir='ltr'><strong>τὸν</strong></span> <span class='ocrx_word' id='word_1_295' title='bbox 2546 769 2768 840; x_wconf 80' lang='grc' dir='ltr'><strong>τρόπον.</strong></span> 
     </span>
    </p>
   </div>
   <div class='ocr_carea' id='block_1_47' title="bbox 2507 859 3996 932">
    <p class='ocr_par' dir='ltr' id='par_1_47' title="bbox 2507 859 3996 932">
     <span class='ocr_line' id='line_1_47' title="bbox 2507 859 3996 932; baseline 0 -16"><span class='ocrx_word' id='word_1_296' title='bbox 2507 862 2794 916; x_wconf 72' lang='grc' dir='ltr'><strong>Ἀδύνατον</strong></span> <span class='ocrx_word' id='word_1_297' title='bbox 2836 862 2906 916; x_wconf 73' lang='grc' dir='ltr'><strong>τὰ</strong></span> <span class='ocrx_word' id='word_1_298' title='bbox 2960 859 3136 927; x_wconf 78' lang='grc' dir='ltr'><strong>οὕτως</strong></span> <span class='ocrx_word' id='word_1_299' title='bbox 3186 861 3403 932; x_wconf 78' lang='grc' dir='ltr'><strong>μεγάλα</strong></span> <span class='ocrx_word' id='word_1_300' title='bbox 3453 861 3548 917; x_wconf 83' lang='grc' dir='ltr'><strong>καὶ</strong></span> <span class='ocrx_word' id='word_1_301' title='bbox 3591 862 3712 916; x_wconf 83' lang='grc' dir='ltr'><strong>θεῖα</strong></span> <span class='ocrx_word' id='word_1_302' title='bbox 3759 863 3892 924; x_wconf 76' lang='grc' dir='ltr'><strong>τοὺς</strong></span> <span class='ocrx_word' id='word_1_303' title='bbox 3921 861 3996 932; x_wconf 78' lang='grc' dir='ltr'><strong>μὴ</strong></span> 
     </span>
    </p>
   </div>
   <div class='ocr_carea' id='block_1_48' title="bbox 2423 953 3996 1026">
    <p class='ocr_par' dir='ltr' id='par_1_48' title="bbox 2423 953 3996 1026">
     <span class='ocr_line' id='line_1_48' title="bbox 2423 953 3996 1026; baseline -0.001 -18"><span class='ocrx_word' id='word_1_304' title='bbox 2423 955 2688 1026; x_wconf 84' lang='grc' dir='ltr'><strong>πρότερον</strong></span> <span class='ocrx_word' id='word_1_305' title='bbox 2731 954 2886 1026; x_wconf 86' lang='grc' dir='ltr'><strong>παρά</strong></span> <span class='ocrx_word' id='word_1_306' title='bbox 2938 955 3050 1008; x_wconf 85' lang='grc' dir='ltr'><strong>τῶν</strong></span> <span class='ocrx_word' id='word_1_307' title='bbox 3098 955 3319 1008; x_wconf 75' lang='grc' dir='ltr'><strong>εἰδότων</strong></span> <span class='ocrx_word' id='word_1_308' title='bbox 3370 954 3796 1026; x_wconf 71' lang='grc' dir='ltr'><strong>μεμαθηκότας,</strong></span> <span class='ocrx_word' id='word_1_309' title='bbox 3828 953 3865 1025; x_wconf 76' lang='grc' dir='ltr'>ἢ</span> <span class='ocrx_word' id='word_1_310' title='bbox 3900 955 3996 1008; x_wconf 75' lang='grc' dir='ltr'><strong>αὖ·</strong></span> 
     </span>
    </p>
   </div>
   <div class='ocr_carea' id='block_1_49' title="bbox 2420 1047 3988 1119">
    <p class='ocr_par' dir='ltr' id='par_1_49' title="bbox 2420 1047 3988 1119">
     <span class='ocr_line' id='line_1_49' title="bbox 2420 1047 3988 1119; baseline -0.003 -15"><span class='ocrx_word' id='word_1_311' title='bbox 2420 1051 2549 1113; x_wconf 81' lang='grc' dir='ltr'><strong>τοὺς</strong></span> <span class='ocrx_word' id='word_1_312' title='bbox 2603 1047 2836 1113; x_wconf 75' lang='grc' dir='ltr'><strong>εἰδέναι,</strong></span> <span class='ocrx_word' id='word_1_313' title='bbox 2879 1049 2914 1118; x_wconf 80' lang='grc' dir='ltr'>ἢ</span> <span class='ocrx_word' id='word_1_314' title='bbox 2964 1047 3187 1119; x_wconf 74' lang='grc' dir='ltr'><strong>ἐτέρους</strong></span> <span class='ocrx_word' id='word_1_315' title='bbox 3247 1047 3510 1102; x_wconf 86' lang='grc' dir='ltr'><strong>δύνασθαι</strong></span> <span class='ocrx_word' id='word_1_316' title='bbox 3557 1047 3838 1102; x_wconf 74' lang='grc' dir='ltr'><strong>διδάσκειν</strong></span> <span class='ocrx_word' id='word_1_317' title='bbox 3897 1049 3988 1118; x_wconf 85' lang='grc' dir='ltr'><strong>ὀρ-</strong></span> 
     </span>
    </p>
   </div>
   <div class='ocr_carea' id='block_1_50' title="bbox 2423 1145 2554 1201">
    <p class='ocr_par' dir='ltr' id='par_1_50' title="bbox 2423 1145 2554 1201">
     <span class='ocr_line' id='line_1_50' title="bbox 2423 1145 2554 1201; baseline 0.015 -2"><span class='ocrx_word' id='word_1_318' title='bbox 2423 1145 2554 1201; x_wconf 78' lang='grc' dir='ltr'><strong>θῶς.</strong></span> 
     </span>
    </p>
   </div>
   <div class='ocr_carea' id='block_1_51' title="bbox 2456 1163 3993 1308">
    <p class='ocr_par' dir='ltr' id='par_1_51' title="bbox 2456 1163 3993 1308">
     <span class='ocr_line' id='line_1_51' title="bbox 2456 1163 3993 1308; baseline -0.005 -15"><span class='ocrx_word' id='word_1_319' title='bbox 2456 1163 2573 1294; x_wconf 37' lang='lat' dir='ltr'><strong>mSH</strong></span> <span class='ocrx_word' id='word_1_320' title='bbox 2611 1236 2710 1293; x_wconf 83' lang='grc' dir='ltr'><strong>τοῦ</strong></span> <span class='ocrx_word' id='word_1_321' title='bbox 2759 1236 3082 1292; x_wconf 76' lang='grc' dir='ltr'><strong>διδασκάλω</strong></span> <span class='ocrx_word' id='word_1_322' title='bbox 3130 1235 3362 1308; x_wconf 77' lang='grc' dir='ltr'><strong>ἀπειρία</strong></span> <span class='ocrx_word' id='word_1_323' title='bbox 3411 1234 3673 1289; x_wconf 79' lang='grc' dir='ltr'><strong>ἀπόλλυσι</strong></span> <span class='ocrx_word' id='word_1_324' title='bbox 3717 1233 3851 1297; x_wconf 77' lang='grc' dir='ltr'><strong>τοὺς</strong></span> <span class='ocrx_word' id='word_1_325' title='bbox 3899 1247 3993 1302; x_wconf 89' lang='grc' dir='ltr'><strong>μα-</strong></span> 
     </span>
    </p>
   </div>
   <div class='ocr_carea' id='block_1_52' title="bbox 2422 1322 3994 1403">
    <p class='ocr_par' dir='ltr' id='par_1_52' title="bbox 2422 1322 3994 1403">
     <span class='ocr_line' id='line_1_52' title="bbox 2422 1322 3994 1403; baseline -0.005 -18"><span class='ocrx_word' id='word_1_326' title='bbox 2422 1331 2855 1403; x_wconf 84' lang='grc' dir='ltr'><strong>θητευομένους,</strong></span> <span class='ocrx_word' id='word_1_327' title='bbox 2883 1331 2979 1384; x_wconf 78' lang='grc' dir='ltr'><strong>καὶ</strong></span> <span class='ocrx_word' id='word_1_328' title='bbox 3006 1330 3042 1401; x_wconf 77' lang='grc' dir='ltr'><strong>ἠ</strong></span> <span class='ocrx_word' id='word_1_329' title='bbox 3078 1329 3189 1384; x_wconf 83' lang='grc' dir='ltr'><strong>τῶν</strong></span> <span class='ocrx_word' id='word_1_330' title='bbox 3243 1328 3702 1400; x_wconf 80' lang='grc' dir='ltr'><strong>μαθητευομένων</strong></span> <span class='ocrx_word' id='word_1_331' title='bbox 3757 1322 3994 1395; x_wconf 76' lang='grc' dir='ltr'><strong>ἀμέλεια</strong></span> 
     </span>
    </p>
   </div>
   <div class='ocr_carea' id='block_1_53' title="bbox 2421 1417 3994 1494">
    <p class='ocr_par' dir='ltr' id='par_1_53' title="bbox 2421 1417 3994 1494">
     <span class='ocr_line' id='line_1_53' title="bbox 2421 1417 3994 1494; baseline -0.01 -14"><span class='ocrx_word' id='word_1_332' title='bbox 2421 1425 2668 1480; x_wconf 84' lang='grc' dir='ltr'><strong>κίνδυνον</strong></span> <span class='ocrx_word' id='word_1_333' title='bbox 2719 1424 2874 1494; x_wconf 80' lang='grc' dir='ltr'>φέρει</span> <span class='ocrx_word' id='word_1_334' title='bbox 2899 1421 2980 1492; x_wconf 84' lang='grc' dir='ltr'><strong>τῷ</strong></span> <span class='ocrx_word' id='word_1_335' title='bbox 3014 1422 3359 1492; x_wconf 77' lang='grc' dir='ltr'><strong>διδασκάλῳ,</strong></span> <span class='ocrx_word' id='word_1_336' title='bbox 3416 1421 3514 1474; x_wconf 78' lang='grc' dir='ltr'><strong>καὶ</strong></span> <span class='ocrx_word' id='word_1_337' title='bbox 3573 1419 3812 1489; x_wconf 81' lang='grc' dir='ltr'><strong>μάλιστα</strong></span> <span class='ocrx_word' id='word_1_338' title='bbox 3866 1417 3994 1469; x_wconf 70' lang='grc' dir='ltr'><strong>ὅταν</strong></span> 
     </span>
    </p>
   </div>
   <div class='ocr_carea' id='block_1_54' title="bbox 2422 1511 3993 1588">
    <p class='ocr_par' dir='ltr' id='par_1_54' title="bbox 2422 1511 3993 1588">
     <span class='ocr_line' id='line_1_54' title="bbox 2422 1511 3993 1588; baseline -0.006 -18"><span class='ocrx_word' id='word_1_339' title='bbox 2422 1517 2577 1588; x_wconf 76' lang='grc' dir='ltr'><strong>παρὰ</strong></span> <span class='ocrx_word' id='word_1_340' title='bbox 2608 1516 2709 1588; x_wconf 80' lang='grc' dir='ltr'><strong>τὴν</strong></span> <span class='ocrx_word' id='word_1_341' title='bbox 2734 1514 2902 1570; x_wconf 80' lang='grc' dir='ltr'><strong>αὑτοῦ</strong></span> <span class='ocrx_word' id='word_1_342' title='bbox 2943 1514 3458 1587; x_wconf 80' lang='grc' dir='ltr'><strong>ἀνεπιστημοσύνην</strong></span> <span class='ocrx_word' id='word_1_343' title='bbox 3513 1513 3814 1586; x_wconf 75' lang='grc' dir='ltr'><strong>ρᾳθυμοϊεν</strong></span> <span class='ocrx_word' id='word_1_344' title='bbox 3847 1511 3993 1562; x_wconf 71' lang='grc' dir='ltr'><strong>ἐκεῖ·</strong></span> 
     </span>
    </p>
   </div>
   <div class='ocr_carea' id='block_1_55' title="bbox 2421 1627 2526 1664">
    <p class='ocr_par' dir='ltr' id='par_1_55' title="bbox 2421 1627 2526 1664">
     <span class='ocr_line' id='line_1_55' title="bbox 2421 1627 2526 1664; baseline -0.01 0"><span class='ocrx_word' id='word_1_345' title='bbox 2421 1627 2526 1664; x_wconf 88' lang='grc' dir='ltr'><strong>νοι.</strong></span> 
     </span>
    </p>
   </div>
   <div class='ocr_carea' id='block_1_56' title="bbox 2493 1689 3996 1774">
    <p class='ocr_par' dir='ltr' id='par_1_56' title="bbox 2493 1689 3996 1774">
     <span class='ocr_line' id='line_1_56' title="bbox 2493 1689 3996 1774; baseline -0.008 -16"><span class='ocrx_word' id='word_1_346' title='bbox 2493 1701 2588 1774; x_wconf 78' lang='grc' dir='ltr'><strong>Μὴ</strong></span> <span class='ocrx_word' id='word_1_347' title='bbox 2611 1701 2988 1772; x_wconf 79' lang='grc' dir='ltr'><strong>νομιζέτωσαν</strong></span> <span class='ocrx_word' id='word_1_348' title='bbox 3038 1699 3281 1760; x_wconf 81' lang='grc' dir='ltr'><strong>ἀνέσεως</strong></span> <span class='ocrx_word' id='word_1_349' title='bbox 3311 1696 3403 1752; x_wconf 76' lang='grc' dir='ltr'><strong>καὶ</strong></span> <span class='ocrx_word' id='word_1_350' title='bbox 3453 1695 3808 1758; x_wconf 78' lang='grc' dir='ltr'><strong>ἀπολαύσεως</strong></span> <span class='ocrx_word' id='word_1_351' title='bbox 3858 1689 3996 1747; x_wconf 79' lang='grc' dir='ltr'><strong>εἶναι</strong></span> 
     </span>
    </p>
   </div>
   <div class='ocr_carea' id='block_1_57' title="bbox 2421 1785 3986 1869">
    <p class='ocr_par' dir='ltr' id='par_1_57' title="bbox 2421 1785 3986 1869">
     <span class='ocr_line' id='line_1_57' title="bbox 2421 1785 3986 1869; baseline -0.01 -17"><span class='ocrx_word' id='word_1_352' title='bbox 2421 1798 2698 1869; x_wconf 86' lang='grc' dir='ltr'><strong>πρόφασιν</strong></span> <span class='ocrx_word' id='word_1_353' title='bbox 2718 1797 2780 1848; x_wconf 86' lang='grc' dir='ltr'><strong>τὸ</strong></span> <span class='ocrx_word' id='word_1_354' title='bbox 2807 1796 3064 1865; x_wconf 84' lang='grc' dir='ltr'><strong>πρᾶγμα.</strong></span> <span class='ocrx_word' id='word_1_355' title='bbox 3099 1786 3327 1846; x_wconf 80' lang='grc' dir='ltr'><strong>Πάντων</strong></span> <span class='ocrx_word' id='word_1_356' title='bbox 3375 1789 3484 1861; x_wconf 80' lang='grc' dir='ltr'><strong>γάρ</strong></span> <span class='ocrx_word' id='word_1_357' title='bbox 3538 1790 3687 1841; x_wconf 77' lang='grc' dir='ltr'><strong>ἐστιν</strong></span> <span class='ocrx_word' id='word_1_358' title='bbox 3723 1785 3986 1839; x_wconf 70' lang='grc' dir='ltr'><strong>ἐπιπονώ-</strong></span> 
     </span>
    </p>
   </div>
   <div class='ocr_carea' id='block_1_58' title="bbox 2421 1878 3981 1963">
    <p class='ocr_par' dir='ltr' id='par_1_58' title="bbox 2421 1878 3981 1963">
     <span class='ocr_line' id='line_1_58' title="bbox 2421 1878 3981 1963; baseline -0.012 -17"><span class='ocrx_word' id='word_1_359' title='bbox 2421 1908 2582 1963; x_wconf 81' lang='grc' dir='ltr'><strong>τερον</strong></span> <span class='ocrx_word' id='word_1_360' title='bbox 2637 1889 2828 1962; x_wconf 78' lang='grc' dir='ltr'><strong>ᾶρχειν</strong></span> <span class='ocrx_word' id='word_1_361' title='bbox 2855 1886 3068 1958; x_wconf 80' lang='grc' dir='ltr'><strong>ψυχῶν.</strong></span> <span class='ocrx_word' id='word_1_362' title='bbox 3099 1883 3214 1938; x_wconf 77' lang='grc' dir='ltr'><strong>Καὶ</strong></span> <span class='ocrx_word' id='word_1_363' title='bbox 3239 1883 3321 1937; x_wconf 84' lang='grc' dir='ltr'><strong>δεῖ</strong></span> <span class='ocrx_word' id='word_1_364' title='bbox 3356 1883 3485 1945; x_wconf 70' lang='grc' dir='ltr'><strong>τοὺς</strong></span> <span class='ocrx_word' id='word_1_365' title='bbox 3509 1882 3601 1934; x_wconf 75' lang='grc' dir='ltr'><strong>ἐπὶ</strong></span> <span class='ocrx_word' id='word_1_366' title='bbox 3624 1878 3800 1932; x_wconf 83' lang='grc' dir='ltr'><strong>ταῦτα</strong></span> <span class='ocrx_word' id='word_1_367' title='bbox 3835 1879 3981 1946; x_wconf 62' lang='grc' dir='ltr'><strong>ἔρχο-</strong></span> 
     </span>
    </p>
   </div>
   <div class='ocr_carea' id='block_1_59' title="bbox 2423 1969 3997 2056">
    <p class='ocr_par' dir='ltr' id='par_1_59' title="bbox 2423 1969 3997 2056">
     <span class='ocr_line' id='line_1_59' title="bbox 2423 1969 3997 2056; baseline -0.013 -16"><span class='ocrx_word' id='word_1_368' title='bbox 2423 1985 2616 2056; x_wconf 82' lang='grc' dir='ltr'><strong>μένους</strong></span> <span class='ocrx_word' id='word_1_369' title='bbox 2636 1980 2960 2052; x_wconf 71' lang='grc' dir='ltr'><strong>ἀλείψασθαι</strong></span> <span class='ocrx_word' id='word_1_370' title='bbox 2985 1979 3060 2043; x_wconf 82' lang='grc' dir='ltr'><strong>ὡς</strong></span> <span class='ocrx_word' id='word_1_371' title='bbox 3080 1977 3220 2050; x_wconf 82' lang='grc' dir='ltr'><strong>πρὸς</strong></span> <span class='ocrx_word' id='word_1_372' title='bbox 3268 1976 3457 2045; x_wconf 80' lang='grc' dir='ltr'><strong>ἀγῶνα</strong></span> <span class='ocrx_word' id='word_1_373' title='bbox 3493 1973 3750 2026; x_wconf 73' lang='grc' dir='ltr'><strong>ἐπίπονον</strong></span> <span class='ocrx_word' id='word_1_374' title='bbox 3776 1969 3997 2024; x_wconf 75' lang='grc' dir='ltr'><strong>εἰσϐάλ-</strong></span> 
     </span>
    </p>
   </div>
   <div class='ocr_carea' id='block_1_60' title="bbox 2419 2075 2629 2140">
    <p class='ocr_par' dir='ltr' id='par_1_60' title="bbox 2419 2075 2629 2140">
     <span class='ocr_line' id='line_1_60' title="bbox 2419 2075 2629 2140; baseline 0 -10"><span class='ocrx_word' id='word_1_375' title='bbox 2419 2075 2629 2140; x_wconf 86' lang='grc' dir='ltr'><strong>λοντας.</strong></span> 
     </span>
    </p>
   </div>
   <div class='ocr_carea' id='block_1_61' title="bbox 2492 2222 3997 2311">
    <p class='ocr_par' dir='ltr' id='par_1_61' title="bbox 2492 2222 3997 2311">
     <span class='ocr_line' id='line_1_61' title="bbox 2492 2222 3997 2311; baseline -0.012 -18"><span class='ocrx_word' id='word_1_376' title='bbox 2492 2239 2701 2311; x_wconf 80' lang='grc' dir='ltr'><strong>Σχίζων</strong></span> <span class='ocrx_word' id='word_1_377' title='bbox 2730 2237 2862 2303; x_wconf 83' lang='grc' dir='ltr'><strong>ξύλα</strong></span> <span class='ocrx_word' id='word_1_378' title='bbox 2897 2233 3232 2292; x_wconf 78' lang='grc' dir='ltr'><strong>κινδυνεύσει</strong></span> <span class='ocrx_word' id='word_1_379' title='bbox 3269 2233 3328 2286; x_wconf 74' lang='grc' dir='ltr'><strong>ἐν</strong></span> <span class='ocrx_word' id='word_1_380' title='bbox 3352 2230 3558 2292; x_wconf 75' lang='grc' dir='ltr'><strong>αὐτοῖς,</strong></span> <span class='ocrx_word' id='word_1_381' title='bbox 3589 2224 3917 2297; x_wconf 68' lang='grc' dir='ltr'><strong>ὲέινέκπέσῃ</strong></span> <span class='ocrx_word' id='word_1_382' title='bbox 3937 2222 3997 2277; x_wconf 72' lang='grc' dir='ltr'><strong>τὸ</strong></span> 
     </span>
    </p>
   </div>
   <div class='ocr_carea' id='block_1_62' title="bbox 2423 2315 3993 2404">
    <p class='ocr_par' dir='ltr' id='par_1_62' title="bbox 2423 2315 3993 2404">
     <span class='ocr_line' id='line_1_62' title="bbox 2423 2315 3993 2404; baseline -0.015 -16"><span class='ocrx_word' id='word_1_383' title='bbox 2423 2333 2681 2404; x_wconf 76' lang='grc' dir='ltr'><strong>σιδήριον.</strong></span> <span class='ocrx_word' id='word_1_384' title='bbox 2729 2331 2788 2384; x_wconf 84' lang='lat'><strong>&#39;0</strong></span> <span class='ocrx_word' id='word_1_385' title='bbox 2818 2329 2929 2400; x_wconf 84' lang='grc' dir='ltr'><strong>γὰρ</strong></span> <span class='ocrx_word' id='word_1_386' title='bbox 2979 2325 3203 2395; x_wconf 82' lang='grc' dir='ltr'>διαιρῶν</span> <span class='ocrx_word' id='word_1_387' title='bbox 3265 2323 3342 2394; x_wconf 78' lang='grc' dir='ltr'><strong>τῷ</strong></span> <span class='ocrx_word' id='word_1_388' title='bbox 3384 2323 3529 2390; x_wconf 86' lang='grc' dir='ltr'><strong>λόγῳ</strong></span> <span class='ocrx_word' id='word_1_389' title='bbox 3555 2318 3624 2372; x_wconf 70' lang='grc' dir='ltr'><strong>τὰ</strong></span> <span class='ocrx_word' id='word_1_390' title='bbox 3665 2315 3993 2386; x_wconf 79' lang='grc' dir='ltr'><strong>πράγματα,</strong></span> 
     </span>
    </p>
   </div>
   <div class='ocr_carea' id='block_1_63' title="bbox 2422 2407 3994 2496">
    <p class='ocr_par' dir='ltr' id='par_1_63' title="bbox 2422 2407 3994 2496">
     <span class='ocr_line' id='line_1_63' title="bbox 2422 2407 3994 2496; baseline -0.015 -18"><span class='ocrx_word' id='word_1_391' title='bbox 2422 2426 2519 2479; x_wconf 75' lang='grc' dir='ltr'><strong>ἐὰν</strong></span> <span class='ocrx_word' id='word_1_392' title='bbox 2549 2427 2624 2496; x_wconf 80' lang='grc' dir='ltr'><strong>μὴ</strong></span> <span class='ocrx_word' id='word_1_393' title='bbox 2657 2420 3000 2492; x_wconf 80' lang='grc' dir='ltr'><strong>πανταχόθεν</strong></span> <span class='ocrx_word' id='word_1_394' title='bbox 3026 2419 3125 2492; x_wconf 77' lang='grc' dir='ltr'><strong>ἔχῃ</strong></span> <span class='ocrx_word' id='word_1_395' title='bbox 3149 2412 3661 2488; x_wconf 78' lang='grc' dir='ltr'><strong>προησφαλισμένον</strong></span> <span class='ocrx_word' id='word_1_396' title='bbox 3690 2409 3784 2462; x_wconf 79' lang='grc' dir='ltr'><strong>τὸν</strong></span> <span class='ocrx_word' id='word_1_397' title='bbox 3810 2407 3994 2473; x_wconf 84' lang='grc' dir='ltr'><strong>λόγον,</strong></span> 
     </span>
    </p>
   </div>
   <div class='ocr_carea' id='block_1_64' title="bbox 2422 2496 3997 2576">
    <p class='ocr_par' dir='ltr' id='par_1_64' title="bbox 2422 2496 3997 2576">
     <span class='ocr_line' id='line_1_64' title="bbox 2422 2496 3997 2576; baseline -0.014 -5"><span class='ocrx_word' id='word_1_398' title='bbox 2422 2516 2757 2571; x_wconf 81' lang='grc' dir='ltr'><strong>κινδυνεύσει</strong></span> <span class='ocrx_word' id='word_1_399' title='bbox 2789 2517 2848 2569; x_wconf 84' lang='grc' dir='ltr'><strong>ὲν</strong></span> <span class='ocrx_word' id='word_1_400' title='bbox 2871 2517 2984 2576; x_wconf 82' lang='grc' dir='ltr'><strong>τοῖς</strong></span> <span class='ocrx_word' id='word_1_401' title='bbox 3013 2510 3298 2572; x_wconf 79' lang='grc' dir='ltr'><strong>ἀκούουσι,</strong></span> <span class='ocrx_word' id='word_1_402' title='bbox 3321 2506 3617 2561; x_wconf 72' lang='grc' dir='ltr'><strong>σκανδάλου</strong></span> <span class='ocrx_word' id='word_1_403' title='bbox 3647 2499 3904 2572; x_wconf 72' lang='grc' dir='ltr'><strong>ἀφορμὴν</strong></span> <span class='ocrx_word' id='word_1_404' title='bbox 3921 2496 3997 2566; x_wconf 81' lang='grc' dir='ltr'><strong>τῷ</strong></span> 
     </span>
    </p>
   </div>
   <div class='ocr_carea' id='block_1_65' title="bbox 2422 2599 3624 2676">
    <p class='ocr_par' dir='ltr' id='par_1_65' title="bbox 2422 2599 3624 2676">
     <span class='ocr_line' id='line_1_65' title="bbox 2422 2599 3624 2676; baseline -0.011 -15"><span class='ocrx_word' id='word_1_405' title='bbox 2422 2607 2568 2675; x_wconf 85' lang='grc' dir='ltr'><strong>λόγῳ</strong></span> <span class='ocrx_word' id='word_1_406' title='bbox 2595 2609 2708 2669; x_wconf 84' lang='grc' dir='ltr'><strong>τοῖς</strong></span> <span class='ocrx_word' id='word_1_407' title='bbox 2737 2603 3206 2676; x_wconf 84' lang='grc' dir='ltr'><strong>μαθητευομένοις</strong></span> <span class='ocrx_word' id='word_1_408' title='bbox 3233 2599 3624 2672; x_wconf 85' lang='grc' dir='ltr'><strong>παρεχόμενος.</strong></span> 
     </span>
    </p>
   </div>
   <div class='ocr_carea' id='block_1_66' title="bbox 2514 2684 3998 2770">
    <p class='ocr_par' dir='ltr' id='par_1_66' title="bbox 2514 2684 3998 2770">
     <span class='ocr_line' id='line_1_66' title="bbox 2514 2684 3998 2770; baseline -0.012 -16"><span class='ocrx_word' id='word_1_409' title='bbox 2514 2701 2721 2754; x_wconf 81' lang='grc' dir='ltr'><strong>Ἐκεῖνο</strong></span> <span class='ocrx_word' id='word_1_410' title='bbox 2748 2699 2826 2770; x_wconf 82' lang='grc' dir='ltr'><strong>μὴ</strong></span> <span class='ocrx_word' id='word_1_411' title='bbox 2866 2698 3159 2770; x_wconf 77' lang='grc' dir='ltr'><strong>ἀγνοήσῃς,</strong></span> <span class='ocrx_word' id='word_1_412' title='bbox 3199 2695 3281 2748; x_wconf 85' lang='grc' dir='ltr'><strong>ὅτι</strong></span> <span class='ocrx_word' id='word_1_413' title='bbox 3312 2692 3498 2745; x_wconf 69' lang='grc' dir='ltr'><strong>πολλοὶ</strong></span> <span class='ocrx_word' id='word_1_414' title='bbox 3532 2689 3642 2742; x_wconf 82' lang='grc' dir='ltr'><strong>τῶν</strong></span> <span class='ocrx_word' id='word_1_415' title='bbox 3677 2684 3998 2741; x_wconf 76' lang='grc' dir='ltr'><strong>ἐπισκόπων</strong></span> 
     </span>
    </p>
   </div>
   <div class='ocr_carea' id='block_1_67' title="bbox 2424 2781 3784 2865">
    <p class='ocr_par' dir='ltr' id='par_1_67' title="bbox 2424 2781 3784 2865">
     <span class='ocr_line' id='line_1_67' title="bbox 2424 2781 3784 2865; baseline -0.012 -16"><span class='ocrx_word' id='word_1_416' title='bbox 2424 2794 2607 2865; x_wconf 76' lang='grc' dir='ltr'><strong>ἔχουσι</strong></span> <span class='ocrx_word' id='word_1_417' title='bbox 2634 2791 3054 2861; x_wconf 83' lang='grc' dir='ltr'><strong>κατακοσμῆσαι</strong></span> <span class='ocrx_word' id='word_1_418' title='bbox 3080 2789 3181 2860; x_wconf 79' lang='grc' dir='ltr'><strong>τὴν</strong></span> <span class='ocrx_word' id='word_1_419' title='bbox 3211 2788 3438 2857; x_wconf 83' lang='grc' dir='ltr'><strong>κάμινον</strong></span> <span class='ocrx_word' id='word_1_420' title='bbox 3457 2782 3552 2838; x_wconf 74' lang='grc' dir='ltr'><strong>τοῦ</strong></span> <span class='ocrx_word' id='word_1_421' title='bbox 3591 2781 3784 2852; x_wconf 85' lang='grc' dir='ltr'><strong>πυρός.</strong></span> 
     </span>
    </p>
   </div>
   <div class='ocr_carea' id='block_1_68' title="bbox 2477 2869 3994 2954">
    <p class='ocr_par' dir='ltr' id='par_1_68' title="bbox 2477 2869 3994 2954">
     <span class='ocr_line' id='line_1_68' title="bbox 2477 2869 3994 2954; baseline -0.01 -18"><span class='ocrx_word' id='word_1_422' title='bbox 2477 2885 2768 2938; x_wconf 82' lang='grc' dir='ltr'><strong>.⁹Εκάστου</strong></span> <span class='ocrx_word' id='word_1_423' title='bbox 2801 2884 3010 2954; x_wconf 77' lang='grc' dir='ltr'><strong>ἱερέως,</strong></span> <span class='ocrx_word' id='word_1_424' title='bbox 3067 2882 3163 2934; x_wconf 78' lang='grc' dir='ltr'><strong>καὶ</strong></span> <span class='ocrx_word' id='word_1_425' title='bbox 3211 2877 3535 2932; x_wconf 71' lang='grc' dir='ltr'><strong>διδασκάλου</strong></span> <span class='ocrx_word' id='word_1_426' title='bbox 3588 2873 3647 2927; x_wconf 85' lang='grc' dir='ltr'><strong>τὺ</strong></span> <span class='ocrx_word' id='word_1_427' title='bbox 3701 2872 3896 2945; x_wconf 72' lang='grc' dir='ltr'><strong>ἔργον,</strong></span> <span class='ocrx_word' id='word_1_428' title='bbox 3936 2869 3994 2921; x_wconf 78' lang='grc' dir='ltr'><strong>ό-</strong></span> 
     </span>
    </p>
   </div>
   <div class='ocr_carea' id='block_1_69' title="bbox 2425 2962 3999 3045">
    <p class='ocr_par' dir='ltr' id='par_1_69' title="bbox 2425 2962 3999 3045">
     <span class='ocr_line' id='line_1_69' title="bbox 2425 2962 3999 3045; baseline -0.011 -12"><span class='ocrx_word' id='word_1_429' title='bbox 2425 2979 2578 3033; x_wconf 89' lang='grc' dir='ltr'><strong>ποίόν</strong></span> <span class='ocrx_word' id='word_1_430' title='bbox 2612 2979 2782 3039; x_wconf 74' lang='grc' dir='ltr'><strong>ἐστιν,</strong></span> <span class='ocrx_word' id='word_1_431' title='bbox 2811 2975 2874 3029; x_wconf 87' lang='grc' dir='ltr'><strong>τδ</strong></span> <span class='ocrx_word' id='word_1_432' title='bbox 2925 2973 3036 3045; x_wconf 83' lang='grc' dir='ltr'><strong>πῦρ</strong></span> <span class='ocrx_word' id='word_1_433' title='bbox 3075 2971 3363 3043; x_wconf 80' lang='grc' dir='ltr'><strong>δοκιμάσει</strong></span> <span class='ocrx_word' id='word_1_434' title='bbox 3393 2969 3456 3021; x_wconf 72' lang='grc' dir='ltr'><strong>τὸ</strong></span> <span class='ocrx_word' id='word_1_435' title='bbox 3488 2968 3725 3021; x_wconf 73' lang='grc' dir='ltr'><strong>αἰώνιον.</strong></span> <span class='ocrx_word' id='word_1_436' title='bbox 3768 2964 3838 3018; x_wconf 84' lang='grc' dir='ltr'><strong>Ἤ</strong></span> <span class='ocrx_word' id='word_1_437' title='bbox 3888 2962 3999 3032; x_wconf 78' lang='grc' dir='ltr'><strong>γὰρ</strong></span> 
     </span>
    </p>
   </div>
   <div class='ocr_carea' id='block_1_70' title="bbox 2426 3058 3999 3140">
    <p class='ocr_par' dir='ltr' id='par_1_70' title="bbox 2426 3058 3999 3140">
     <span class='ocr_line' id='line_1_70' title="bbox 2426 3058 3999 3140; baseline -0.011 -18"><span class='ocrx_word' id='word_1_438' title='bbox 2426 3069 2612 3140; x_wconf 81' lang='grc' dir='ltr'><strong>ἡμέρα</strong></span> <span class='ocrx_word' id='word_1_439' title='bbox 2659 3066 2846 3137; x_wconf 75' lang='grc' dir='ltr'><strong>ἐκείνη</strong></span> <span class='ocrx_word' id='word_1_440' title='bbox 2905 3065 2977 3118; x_wconf 72' lang='grc' dir='ltr'><strong>τὰ</strong></span> <span class='ocrx_word' id='word_1_441' title='bbox 3026 3064 3209 3116; x_wconf 81' lang='grc' dir='ltr'><strong>πάντα</strong></span> <span class='ocrx_word' id='word_1_442' title='bbox 3258 3059 3553 3127; x_wconf 65' lang='grc' dir='ltr'><strong>ἑκκαλύψει</strong></span> <span class='ocrx_word' id='word_1_443' title='bbox 3613 3058 3708 3110; x_wconf 74' lang='grc' dir='ltr'><strong>καὶ</strong></span> <span class='ocrx_word' id='word_1_444' title='bbox 3763 3068 3999 3125; x_wconf 78' lang='grc' dir='ltr'><strong>φανερο-</strong></span> 
     </span>
    </p>
   </div>
   <div class='ocr_carea' id='block_1_71' title="bbox 2425 3151 3639 3232">
    <p class='ocr_par' dir='ltr' id='par_1_71' title="bbox 2425 3151 3639 3232">
     <span class='ocr_line' id='line_1_71' title="bbox 2425 3151 3639 3232; baseline -0.009 -18"><span class='ocrx_word' id='word_1_445' title='bbox 2425 3161 2665 3232; x_wconf 84' lang='grc' dir='ltr'><strong>ποιήσει,</strong></span> <span class='ocrx_word' id='word_1_446' title='bbox 2696 3158 2835 3211; x_wconf 84' lang='grc' dir='ltr'><strong>διότι</strong></span> <span class='ocrx_word' id='word_1_447' title='bbox 2862 3158 2922 3210; x_wconf 82' lang='grc' dir='ltr'><strong>ὲν</strong></span> <span class='ocrx_word' id='word_1_448' title='bbox 2950 3156 3084 3226; x_wconf 79' lang='grc' dir='ltr'><strong>πυρὶ</strong></span> <span class='ocrx_word' id='word_1_449' title='bbox 3099 3151 3639 3221; x_wconf 75' lang='grc' dir='ltr'><strong>ἀποκαλυφθήσεται.</strong></span> 
     </span>
    </p>
   </div>
   <div class='ocr_carea' id='block_1_72' title="bbox 2503 3239 3997 3315">
    <p class='ocr_par' dir='ltr' id='par_1_72' title="bbox 2503 3239 3997 3315">
     <span class='ocr_line' id='line_1_72' title="bbox 2503 3239 3997 3315; baseline -0.011 -9"><span class='ocrx_word' id='word_1_450' title='bbox 2503 3254 2620 3306; x_wconf 85' lang='grc' dir='ltr'><strong>Ούκ</strong></span> <span class='ocrx_word' id='word_1_451' title='bbox 2641 3247 2819 3315; x_wconf 77' lang='grc' dir='ltr'><strong>οἶσθα,</strong></span> <span class='ocrx_word' id='word_1_452' title='bbox 2874 3251 2956 3303; x_wconf 82' lang='grc' dir='ltr'><strong>ὅτι</strong></span> <span class='ocrx_word' id='word_1_453' title='bbox 3001 3249 3098 3302; x_wconf 70' lang='grc' dir='ltr'><strong>καὶ</strong></span> <span class='ocrx_word' id='word_1_454' title='bbox 3135 3245 3427 3301; x_wconf 72' lang='grc' dir='ltr'><strong>ἐπίσκοποί</strong></span> <span class='ocrx_word' id='word_1_455' title='bbox 3483 3260 3613 3298; x_wconf 85' lang='grc' dir='ltr'><strong>ποτε</strong></span> <span class='ocrx_word' id='word_1_456' title='bbox 3668 3239 3997 3310; x_wconf 67' lang='grc' dir='ltr'><strong>ὑφίστανται</strong></span> 
     </span>
    </p>
   </div>
   <div class='ocr_carea' id='block_1_73' title="bbox 2422 3343 3116 3418">
    <p class='ocr_par' dir='ltr' id='par_1_73' title="bbox 2422 3343 3116 3418">
     <span class='ocr_line' id='line_1_73' title="bbox 2422 3343 3116 3418; baseline -0.004 -18"><span class='ocrx_word' id='word_1_457' title='bbox 2422 3348 2645 3418; x_wconf 82' lang='grc' dir='ltr'><strong>ὀλέθρου</strong></span> <span class='ocrx_word' id='word_1_458' title='bbox 2672 3347 2769 3400; x_wconf 74' lang='grc' dir='ltr'><strong>καὶ</strong></span> <span class='ocrx_word' id='word_1_459' title='bbox 2793 3343 3116 3414; x_wconf 75' lang='grc' dir='ltr'><strong>πτώματοςς</strong></span> 
     </span>
    </p>
   </div>
   <div class='ocr_carea' id='block_1_74' title="bbox 2509 3423 4000 3499">
    <p class='ocr_par' dir='ltr' id='par_1_74' title="bbox 2509 3423 4000 3499">
     <span class='ocr_line' id='line_1_74' title="bbox 2509 3423 4000 3499; baseline -0.011 -6"><span class='ocrx_word' id='word_1_460' title='bbox 2509 3439 2746 3493; x_wconf 78' lang='grc' dir='ltr'><strong>ΙἈτοπόν</strong></span> <span class='ocrx_word' id='word_1_461' title='bbox 2798 3441 2916 3491; x_wconf 82' lang='grc' dir='ltr'><strong>ἐστι</strong></span> <span class='ocrx_word' id='word_1_462' title='bbox 2971 3434 3238 3488; x_wconf 83' lang='grc' dir='ltr'><strong>διώκοντα</strong></span> <span class='ocrx_word' id='word_1_463' title='bbox 3260 3431 3360 3495; x_wconf 78' lang='grc' dir='ltr'><strong>τὰς</strong></span> <span class='ocrx_word' id='word_1_464' title='bbox 3383 3427 3550 3499; x_wconf 74' lang='grc' dir='ltr'><strong>τιμὰς</strong></span> <span class='ocrx_word' id='word_1_465' title='bbox 3574 3469 3589 3492; x_wconf 94' lang='grc'><strong>,</strong></span> <span class='ocrx_word' id='word_1_466' title='bbox 3613 3427 3844 3496; x_wconf 78' lang='grc' dir='ltr'><strong>φεύγειν</strong></span> <span class='ocrx_word' id='word_1_467' title='bbox 3870 3423 4000 3486; x_wconf 73' lang='grc' dir='ltr'><strong>τοὺς</strong></span> 
     </span>
    </p>
   </div>
   <div class='ocr_carea' id='block_1_75' title="bbox 2423 3524 3112 3600">
    <p class='ocr_par' dir='ltr' id='par_1_75' title="bbox 2423 3524 3112 3600">
     <span class='ocr_line' id='line_1_75' title="bbox 2423 3524 3112 3600; baseline -0.012 -12"><span class='ocrx_word' id='word_1_468' title='bbox 2423 3536 2621 3596; x_wconf 81' lang='grc' dir='ltr'><strong>πόνους</strong></span> <span class='ocrx_word' id='word_1_469' title='bbox 2645 3532 2715 3585; x_wconf 85' lang='grc' dir='ltr'><strong>δι’</strong></span> <span class='ocrx_word' id='word_1_470' title='bbox 2747 3524 2823 3585; x_wconf 81' lang='grc' dir='ltr'><strong>ὧν</strong></span> <span class='ocrx_word' id='word_1_471' title='bbox 2851 3531 2908 3583; x_wconf 86' lang='grc' dir='ltr'><strong>αἱ</strong></span> <span class='ocrx_word' id='word_1_472' title='bbox 2934 3527 3112 3600; x_wconf 83' lang='grc' dir='ltr'><strong>τιμαί.</strong></span> 
     </span>
    </p>
   </div>
   <div class='ocr_carea' id='block_1_76' title="bbox 2489 3699 3998 3786">
    <p class='ocr_par' dir='ltr' id='par_1_76' title="bbox 2489 3699 3998 3786">
     <span class='ocr_line' id='line_1_76' title="bbox 2489 3699 3998 3786; baseline -0.013 -17"><span class='ocrx_word' id='word_1_473' title='bbox 2489 3716 2673 3786; x_wconf 84' lang='grc' dir='ltr'><strong>Νόμος</strong></span> <span class='ocrx_word' id='word_1_474' title='bbox 2706 3713 2848 3766; x_wconf 74' lang='grc' dir='ltr'><strong>ἔστω</strong></span> <span class='ocrx_word' id='word_1_475' title='bbox 2878 3711 3022 3766; x_wconf 78' lang='grc' dir='ltr'><strong>κατὰ</strong></span> <span class='ocrx_word' id='word_1_476' title='bbox 3052 3708 3161 3763; x_wconf 85' lang='grc' dir='ltr'><strong>τῶν</strong></span> <span class='ocrx_word' id='word_1_477' title='bbox 3191 3709 3258 3762; x_wconf 77' lang='grc' dir='ltr'><strong>τὰ</strong></span> <span class='ocrx_word' id='word_1_478' title='bbox 3285 3706 3456 3777; x_wconf 81' lang='grc' dir='ltr'><strong>σεμνὰ</strong></span> <span class='ocrx_word' id='word_1_479' title='bbox 3489 3705 3578 3758; x_wconf 70' lang='grc' dir='ltr'><strong>καὶ</strong></span> <span class='ocrx_word' id='word_1_480' title='bbox 3630 3703 3750 3756; x_wconf 78' lang='grc' dir='ltr'><strong>θεῖα</strong></span> <span class='ocrx_word' id='word_1_481' title='bbox 3784 3699 3860 3769; x_wconf 76' lang='grc' dir='ltr'><strong>μὴ</strong></span> <span class='ocrx_word' id='word_1_482' title='bbox 3901 3715 3998 3751; x_wconf 80' lang='grc' dir='ltr'><strong>σε·</strong></span> 
     </span>
    </p>
   </div>
   <div class='ocr_carea' id='block_1_77' title="bbox 2427 3791 3998 3879">
    <p class='ocr_par' dir='ltr' id='par_1_77' title="bbox 2427 3791 3998 3879">
     <span class='ocr_line' id='line_1_77' title="bbox 2427 3791 3998 3879; baseline -0.012 -18"><span class='ocrx_word' id='word_1_483' title='bbox 2427 3807 2597 3879; x_wconf 77' lang='grc' dir='ltr'><strong>μνῶς,</strong></span> <span class='ocrx_word' id='word_1_484' title='bbox 2639 3807 2734 3860; x_wconf 72' lang='grc' dir='ltr'><strong>καὶ</strong></span> <span class='ocrx_word' id='word_1_485' title='bbox 2761 3803 3081 3874; x_wconf 79' lang='grc' dir='ltr'><strong>θεοπρεπῶς</strong></span> <span class='ocrx_word' id='word_1_486' title='bbox 3102 3802 3233 3872; x_wconf 79' lang='grc' dir='ltr'>ὀρᾷν</span> <span class='ocrx_word' id='word_1_487' title='bbox 3263 3797 3577 3864; x_wconf 79' lang='grc' dir='ltr'><strong>ἀξιούντων,</strong></span> <span class='ocrx_word' id='word_1_488' title='bbox 3619 3794 3842 3848; x_wconf 76' lang='grc' dir='ltr'><strong>κόλασιν</strong></span> <span class='ocrx_word' id='word_1_489' title='bbox 3869 3791 3998 3844; x_wconf 73' lang='grc' dir='ltr'><strong>ἑπι-</strong></span> 
     </span>
    </p>
   </div>
   <div class='ocr_carea' id='block_1_78' title="bbox 2424 3901 2926 3974">
    <p class='ocr_par' dir='ltr' id='par_1_78' title="bbox 2424 3901 2926 3974">
     <span class='ocr_line' id='line_1_78' title="bbox 2424 3901 2926 3974; baseline -0.012 -18"><span class='ocrx_word' id='word_1_490' title='bbox 2424 3905 2614 3974; x_wconf 78' lang='grc' dir='ltr'><strong>φέρειν</strong></span> <span class='ocrx_word' id='word_1_491' title='bbox 2645 3901 2926 3970; x_wconf 77' lang='grc' dir='ltr'><strong>ἁορασίας.</strong></span> 
     </span>
    </p>
   </div>
   <div class='ocr_carea' id='block_1_79' title="bbox 2809 4073 3635 4143">
    <p class='ocr_par' dir='ltr' id='par_1_79' title="bbox 2809 4073 3635 4143">
     <span class='ocr_line' id='line_1_79' title="bbox 2809 4073 3635 4143; baseline -0.019 -6"><span class='ocrx_word' id='word_1_492' title='bbox 2809 4082 2990 4137; x_wconf 76' lang='grc' dir='ltr'><strong>ΤΙΤΛ.</strong></span> <span class='ocrx_word' id='word_1_493' title='bbox 3025 4079 3122 4132; x_wconf 65' lang='grc' dir='ltr'><strong>Ιθθ.</strong></span> <span class='ocrx_word' id='word_1_494' title='bbox 3141 4109 3209 4120; x_wconf 89' lang='grc'><strong><em>--</em></strong></span> <span class='ocrx_word' id='word_1_495' title='bbox 3232 4073 3367 4143; x_wconf 75' lang='grc' dir='ltr'><strong>Περὶ</strong></span> <span class='ocrx_word' id='word_1_496' title='bbox 3400 4073 3635 4140; x_wconf 69' lang='grc' dir='ltr'><strong>ἐγγύης.</strong></span> 
     </span>
    </p>
   </div>
   <div class='ocr_carea' id='block_1_80' title="bbox 2968 4192 3426 4264">
    <p class='ocr_par' dir='ltr' id='par_1_80' title="bbox 2968 4192 3426 4264">
     <span class='ocr_line' id='line_1_80' title="bbox 2968 4192 3426 4264; baseline 0.002 -18"><span class='ocrx_word' id='word_1_497' title='bbox 2968 4193 3169 4264; x_wconf 83' lang='lat' dir='ltr'><strong>(Deest.</strong></span> <span class='ocrx_word' id='word_1_498' title='bbox 3190 4195 3240 4247; x_wconf 88' lang='lat' dir='ltr'><strong>in</strong></span> <span class='ocrx_word' id='word_1_499' title='bbox 3271 4192 3426 4259; x_wconf 87' lang='lat' dir='ltr'><strong>mss.)</strong></span> 
     </span>
    </p>
   </div>
   <div class='ocr_carea' id='block_1_81' title="bbox 2422 4332 4000 4419">
    <p class='ocr_par' dir='ltr' id='par_1_81' title="bbox 2422 4332 4000 4419">
     <span class='ocr_line' id='line_1_81' title="bbox 2422 4332 4000 4419; baseline -0.018 -6"><span class='ocrx_word' id='word_1_500' title='bbox 2422 4359 2604 4412; x_wconf 81' lang='grc' dir='ltr'><strong>ΤΙΤΛ.</strong></span> <span class='ocrx_word' id='word_1_501' title='bbox 2635 4356 2722 4410; x_wconf 76' lang='grc' dir='ltr'><strong>κ’.</strong></span> <span class='ocrx_word' id='word_1_502' title='bbox 2759 4385 2824 4396; x_wconf 91' lang='grc'><strong>--</strong></span> <span class='ocrx_word' id='word_1_503' title='bbox 2857 4354 2993 4419; x_wconf 76' lang='grc' dir='ltr'><strong>Περὶ</strong></span> <span class='ocrx_word' id='word_1_504' title='bbox 3016 4349 3330 4416; x_wconf 75' lang='grc' dir='ltr'><strong>ἐπιθυμίας</strong></span> <span class='ocrx_word' id='word_1_505' title='bbox 3354 4363 3367 4375; x_wconf 81' lang='grc'><strong><em>⁸</em></strong></span> <span class='ocrx_word' id='word_1_506' title='bbox 3397 4339 3694 4419; x_wconf 52' lang='lat' dir='ltr'><strong>{talorqu</strong></span> <span class='ocrx_word' id='word_1_507' title='bbox 3715 4335 3812 4419; x_wconf 63' lang='grc' dir='ltr'><strong>ζεῖ</strong></span> 
     </span>
    </p>
   </div>
   <div class='ocr_carea' id='block_1_82' title="bbox 2561 4410 3846 4492">
    <p class='ocr_par' dir='ltr' id='par_1_82' title="bbox 2561 4410 3846 4492">
     <span class='ocr_line' id='line_1_82' title="bbox 2561 4410 3846 4492; baseline -0.017 -11"><span class='ocrx_word' id='word_1_508' title='bbox 2561 4410 2994 4492; x_wconf 67' lang='grc' dir='ltr'><strong>ἐξακολουθεῗν</strong></span> <span class='ocrx_word' id='word_1_509' title='bbox 3021 4421 3150 4484; x_wconf 79' lang='grc' dir='ltr'><strong>ταῖς</strong></span> <span class='ocrx_word' id='word_1_510' title='bbox 3166 4410 3454 4484; x_wconf 70' lang='grc' dir='ltr'><strong>εἱογήραῐς</strong></span> <span class='ocrx_word' id='word_1_511' title='bbox 3491 4410 3846 4478; x_wconf 74' lang='grc' dir='ltr'><strong>ἐπιθυμίαις.</strong></span> 
     </span>
    </p>
   </div>
   <div class='ocr_carea' id='block_1_83' title="bbox 825 4521 2317 4620">
    <p class='ocr_par' dir='ltr' id='par_1_83' title="bbox 825 4545 2317 4620">
     <span class='ocr_line' id='line_1_83' title="bbox 825 4545 2317 4620; baseline 0.001 -19"><span class='ocrx_word' id='word_1_512' title='bbox 825 4547 997 4602; x_wconf 70' lang='lat' dir='ltr'><strong>Exod.</strong></span> <span class='ocrx_word' id='word_1_513' title='bbox 1031 4564 1098 4602; x_wconf 77' lang='lat' dir='ltr'><strong>xx</strong></span> <span class='ocrx_word' id='word_1_514' title='bbox 1121 4587 1136 4608; x_wconf 88' lang='lat'><strong>,</strong></span> <span class='ocrx_word' id='word_1_515' title='bbox 1169 4548 1256 4601; x_wconf 81' lang='lat'><strong>16.</strong></span> <span class='ocrx_word' id='word_1_516' title='bbox 1275 4579 1344 4587; x_wconf 90' lang='lat'>—</span> <span class='ocrx_word' id='word_1_517' title='bbox 1366 4567 1383 4597; x_wconf 79' lang='grc' dir='ltr'><strong>ι</strong></span> <span class='ocrx_word' id='word_1_518' title='bbox 1405 4545 1522 4600; x_wconf 82' lang='grc' dir='ltr'><strong>Νοιι</strong></span> <span class='ocrx_word' id='word_1_519' title='bbox 1550 4547 1914 4616; x_wconf 85' lang='lat' dir='ltr'><strong>concupisces</strong></span> <span class='ocrx_word' id='word_1_520' title='bbox 1941 4564 2165 4603; x_wconf 80' lang='lat' dir='ltr'><strong>uxorem</strong></span> <span class='ocrx_word' id='word_1_521' title='bbox 2197 4566 2317 4620; x_wconf 84' lang='lat' dir='ltr'><strong>pro-</strong></span> 
     </span>
    </p>
   </div>
   <div class='ocr_carea' id='block_1_84' title="bbox 2422 4521 3999 4620">
    <p class='ocr_par' dir='ltr' id='par_1_84' title="bbox 2504 4521 3999 4608">
     <span class='ocr_line' id='line_1_84' title="bbox 2504 4521 3999 4608; baseline -0.017 -14"><span class='ocrx_word' id='word_1_522' title='bbox 2504 4564 2523 4594; x_wconf 78' lang='grc' dir='ltr'><strong>ι</strong></span> <span class='ocrx_word' id='word_1_523' title='bbox 2565 4543 2679 4596; x_wconf 83' lang='grc' dir='ltr'><strong>Οὐκ</strong></span> <span class='ocrx_word' id='word_1_524' title='bbox 2710 4538 3067 4608; x_wconf 74' lang='grc' dir='ltr'><strong>ἐπιθυμήσεις</strong></span> <span class='ocrx_word' id='word_1_525' title='bbox 3101 4534 3200 4600; x_wconf 78' lang='grc' dir='ltr'><strong>τὴν</strong></span> <span class='ocrx_word' id='word_1_526' title='bbox 3223 4530 3457 4598; x_wconf 87' lang='grc' dir='ltr'><strong>γυναῖκα</strong></span> <span class='ocrx_word' id='word_1_527' title='bbox 3493 4523 3586 4577; x_wconf 83' lang='grc' dir='ltr'><strong>τοῦ</strong></span> <span class='ocrx_word' id='word_1_528' title='bbox 3616 4521 3843 4590; x_wconf 76' lang='grc' dir='ltr'><strong>πλησίον</strong></span> <span class='ocrx_word' id='word_1_529' title='bbox 3870 4535 3999 4580; x_wconf 84' lang='grc' dir='ltr'><strong>σου,</strong></span> 
     </span>
    </p>
   </div>
   <div class='ocr_carea' id='block_1_85' title="bbox 751 4639 2322 4710">
    <p class='ocr_par' dir='ltr' id='par_1_85' title="bbox 751 4639 2322 4710">
     <span class='ocr_line' id='line_1_85' title="bbox 751 4639 2322 4710; baseline 0.001 -16"><span class='ocrx_word' id='word_1_530' title='bbox 751 4640 882 4696; x_wconf 75' lang='grc' dir='ltr'><strong>ιὶιηί</strong></span> <span class='ocrx_word' id='word_1_531' title='bbox 913 4641 991 4694; x_wconf 90' lang='lat' dir='ltr'><strong>tui</strong></span> <span class='ocrx_word' id='word_1_532' title='bbox 1015 4680 1030 4703; x_wconf 84' lang='lat'><strong>,</strong></span> <span class='ocrx_word' id='word_1_533' title='bbox 1057 4655 1239 4709; x_wconf 85' lang='lat' dir='ltr'><strong>neque</strong></span> <span class='ocrx_word' id='word_1_534' title='bbox 1264 4639 1487 4693; x_wconf 93' lang='lat' dir='ltr'><strong>domum</strong></span> <span class='ocrx_word' id='word_1_535' title='bbox 1511 4679 1525 4700; x_wconf 89' lang='lat'><strong><em>.</em></strong></span> <span class='ocrx_word' id='word_1_536' title='bbox 1557 4657 1658 4693; x_wconf 81' lang='lat' dir='ltr'><strong>nec</strong></span> <span class='ocrx_word' id='word_1_537' title='bbox 1687 4655 1874 4710; x_wconf 88' lang='lat' dir='ltr'><strong>agrum</strong></span> <span class='ocrx_word' id='word_1_538' title='bbox 1897 4683 1912 4704; x_wconf 84' lang='grc'><strong>,</strong></span> <span class='ocrx_word' id='word_1_539' title='bbox 1941 4657 2041 4696; x_wconf 90' lang='lat' dir='ltr'><strong>nec</strong></span> <span class='ocrx_word' id='word_1_540' title='bbox 2068 4658 2284 4696; x_wconf 88' lang='lat' dir='ltr'><strong>servum</strong></span> <span class='ocrx_word' id='word_1_541' title='bbox 2308 4684 2322 4707; x_wconf 92' lang='lat'><strong>,</strong></span> 
     </span>
    </p>
   </div>
   <div class='ocr_carea' id='block_1_86' title="bbox 753 4732 2327 4798">
    <p class='ocr_par' dir='ltr' id='par_1_86' title="bbox 753 4732 2327 4798">
     <span class='ocr_line' id='line_1_86' title="bbox 753 4732 2327 4798; baseline 0.001 -12"><span class='ocrx_word' id='word_1_542' title='bbox 753 4748 858 4788; x_wconf 89' lang='lat' dir='ltr'><strong>nec</strong></span> <span class='ocrx_word' id='word_1_543' title='bbox 890 4733 1148 4788; x_wconf 89' lang='lat' dir='ltr'><strong>ancillam</strong></span> <span class='ocrx_word' id='word_1_544' title='bbox 1171 4771 1187 4795; x_wconf 92' lang='lat'><strong>,</strong></span> <span class='ocrx_word' id='word_1_545' title='bbox 1221 4747 1322 4786; x_wconf 89' lang='lat' dir='ltr'><strong>nec</strong></span> <span class='ocrx_word' id='word_1_546' title='bbox 1349 4732 1582 4798; x_wconf 81' lang='lat' dir='ltr'><strong>bovem,</strong></span> <span class='ocrx_word' id='word_1_547' title='bbox 1614 4748 1717 4787; x_wconf 88' lang='lat' dir='ltr'><strong>nec</strong></span> <span class='ocrx_word' id='word_1_548' title='bbox 1761 4732 1976 4786; x_wconf 89' lang='lat' dir='ltr'><strong>asinum</strong></span> <span class='ocrx_word' id='word_1_549' title='bbox 1997 4774 2011 4788; x_wconf 95' lang='lat'><strong>.</strong></span> <span class='ocrx_word' id='word_1_550' title='bbox 2043 4749 2145 4788; x_wconf 85' lang='lat' dir='ltr'><strong>nec</strong></span> <span class='ocrx_word' id='word_1_551' title='bbox 2199 4736 2327 4789; x_wconf 85' lang='lat' dir='ltr'><strong>uui-</strong></span> 
     </span>
    </p>
   </div>
   <div class='ocr_carea' id='block_1_87' title="bbox 751 4825 1483 4890">
    <p class='ocr_par' dir='ltr' id='par_1_87' title="bbox 751 4825 1483 4890">
     <span class='ocr_line' id='line_1_87' title="bbox 751 4825 1483 4890; baseline -0.007 -10"><span class='ocrx_word' id='word_1_552' title='bbox 751 4841 914 4882; x_wconf 76' lang='lat' dir='ltr'><strong>versa</strong></span> <span class='ocrx_word' id='word_1_553' title='bbox 949 4841 1064 4890; x_wconf 68' lang='lat' dir='ltr'><strong>qua:</strong></span> <span class='ocrx_word' id='word_1_554' title='bbox 1094 4825 1247 4880; x_wconf 88' lang='lat' dir='ltr'><strong>illius</strong></span> <span class='ocrx_word' id='word_1_555' title='bbox 1277 4832 1426 4879; x_wconf 86' lang='lat' dir='ltr'><strong>sunt.</strong></span> <span class='ocrx_word' id='word_1_556' title='bbox 1463 4842 1483 4875; x_wconf 79' lang='grc' dir='ltr'><strong>ι</strong></span> 
     </span>
    </p>
   </div>
   <div class='ocr_carea' id='block_1_88' title="bbox 828 4995 2326 5062">
    <p class='ocr_par' dir='ltr' id='par_1_88' title="bbox 828 4995 2326 5062">
     <span class='ocr_line' id='line_1_88' title="bbox 828 4995 2326 5062; baseline 0.001 -10"><span class='ocrx_word' id='word_1_557' title='bbox 828 4996 856 5052; x_wconf 83' lang='grc'><strong><em>1</em></strong></span> <span class='ocrx_word' id='word_1_558' title='bbox 890 4995 1077 5052; x_wconf 86' lang='lat' dir='ltr'><strong>Paral.</strong></span> <span class='ocrx_word' id='word_1_559' title='bbox 1112 5013 1166 5051; x_wconf 73' lang='grc' dir='ltr'><strong>ιι</strong></span> <span class='ocrx_word' id='word_1_560' title='bbox 1190 5038 1206 5062; x_wconf 91' lang='grc'><strong>,</strong></span> <span class='ocrx_word' id='word_1_561' title='bbox 1244 4997 1428 5051; x_wconf 77' lang='grc'><strong>17-19.</strong></span> <span class='ocrx_word' id='word_1_562' title='bbox 1454 5029 1525 5039; x_wconf 92' lang='lat'>—</span> <span class='ocrx_word' id='word_1_563' title='bbox 1552 5017 1571 5050; x_wconf 85' lang='grc' dir='ltr'><strong>ι</strong></span> <span class='ocrx_word' id='word_1_564' title='bbox 1606 4998 1945 5054; x_wconf 80' lang='lat' dir='ltr'><strong>Desideravit</strong></span> <span class='ocrx_word' id='word_1_565' title='bbox 1978 4999 2149 5054; x_wconf 84' lang='lat' dir='ltr'><strong>David</strong></span> <span class='ocrx_word' id='word_1_566' title='bbox 2183 5001 2326 5056; x_wconf 86' lang='lat' dir='ltr'><strong>desi-</strong></span> 
     </span>
    </p>
   </div>
   <div class='ocr_carea' id='block_1_89' title="bbox 757 5089 2328 5164">
    <p class='ocr_par' dir='ltr' id='par_1_89' title="bbox 757 5089 2328 5164">
     <span class='ocr_line' id='line_1_89' title="bbox 757 5089 2328 5164; baseline 0.002 -19"><span class='ocrx_word' id='word_1_567' title='bbox 757 5090 973 5145; x_wconf 88' lang='lat' dir='ltr'><strong>derium</strong></span> <span class='ocrx_word' id='word_1_568' title='bbox 999 5131 1014 5155; x_wconf 86' lang='lat'><strong>,</strong></span> <span class='ocrx_word' id='word_1_569' title='bbox 1046 5097 1104 5144; x_wconf 84' lang='lat' dir='ltr'><strong>et</strong></span> <span class='ocrx_word' id='word_1_570' title='bbox 1131 5089 1270 5145; x_wconf 78' lang='lat' dir='ltr'><strong>dixit</strong></span> <span class='ocrx_word' id='word_1_571' title='bbox 1295 5107 1308 5145; x_wconf 90' lang='lat'><strong>:</strong></span> <span class='ocrx_word' id='word_1_572' title='bbox 1343 5089 1481 5156; x_wconf 85' lang='lat' dir='ltr'><strong>Quis</strong></span> <span class='ocrx_word' id='word_1_573' title='bbox 1510 5091 1664 5146; x_wconf 88' lang='lat' dir='ltr'><strong>dahit</strong></span> <span class='ocrx_word' id='word_1_574' title='bbox 1692 5093 1823 5146; x_wconf 90' lang='lat' dir='ltr'><strong>mihi</strong></span> <span class='ocrx_word' id='word_1_575' title='bbox 1858 5104 2044 5160; x_wconf 90' lang='lat' dir='ltr'><strong>potum</strong></span> <span class='ocrx_word' id='word_1_576' title='bbox 2076 5110 2230 5164; x_wconf 73' lang='lat' dir='ltr'><strong>aqua:</strong></span> <span class='ocrx_word' id='word_1_577' title='bbox 2260 5095 2328 5148; x_wconf 86' lang='lat' dir='ltr'><strong>de</strong></span> 
     </span>
    </p>
   </div>
   <div class='ocr_carea' id='block_1_90' title="bbox 759 5182 2325 5253">
    <p class='ocr_par' dir='ltr' id='par_1_90' title="bbox 759 5182 2325 5253">
     <span class='ocr_line' id='line_1_90' title="bbox 759 5182 2325 5253; baseline 0 -14"><span class='ocrx_word' id='word_1_578' title='bbox 759 5185 1004 5239; x_wconf 80' lang='lat' dir='ltr'><strong>cisterna</strong></span> <span class='ocrx_word' id='word_1_579' title='bbox 1031 5195 1154 5252; x_wconf 59' lang='lat' dir='ltr'><strong>qua;</strong></span> <span class='ocrx_word' id='word_1_580' title='bbox 1179 5189 1267 5237; x_wconf 89' lang='lat' dir='ltr'><strong>est</strong></span> <span class='ocrx_word' id='word_1_581' title='bbox 1302 5182 1356 5236; x_wconf 94' lang='lat' dir='ltr'><strong>in</strong></span> <span class='ocrx_word' id='word_1_582' title='bbox 1389 5182 1714 5237; x_wconf 81' lang='lat' dir='ltr'><strong>Bethleem?</strong></span> <span class='ocrx_word' id='word_1_583' title='bbox 1750 5183 1811 5236; x_wconf 84' lang='lat' dir='ltr'><strong>Et</strong></span> <span class='ocrx_word' id='word_1_584' title='bbox 1845 5197 2178 5253; x_wconf 85' lang='lat' dir='ltr'><strong>acceperunt</strong></span> <span class='ocrx_word' id='word_1_585' title='bbox 2212 5195 2325 5240; x_wconf 83' lang='lat' dir='ltr'><strong>tres</strong></span> 
     </span>
    </p>
   </div>
   <div class='ocr_carea' id='block_1_91' title="bbox 760 5273 2324 5342">
    <p class='ocr_par' dir='ltr' id='par_1_91' title="bbox 760 5273 2324 5342">
     <span class='ocr_line' id='line_1_91' title="bbox 760 5273 2324 5342; baseline 0.002 -14"><span class='ocrx_word' id='word_1_586' title='bbox 760 5275 959 5336; x_wconf 89' lang='lat' dir='ltr'><strong>fortes,</strong></span> <span class='ocrx_word' id='word_1_587' title='bbox 980 5282 1036 5327; x_wconf 89' lang='lat' dir='ltr'><strong>et</strong></span> <span class='ocrx_word' id='word_1_588' title='bbox 1055 5281 1326 5328; x_wconf 80' lang='lat' dir='ltr'><strong>venerunt</strong></span> <span class='ocrx_word' id='word_1_589' title='bbox 1351 5274 1418 5326; x_wconf 90' lang='lat' dir='ltr'><strong>ad</strong></span> <span class='ocrx_word' id='word_1_590' title='bbox 1444 5273 1636 5329; x_wconf 81' lang='lat' dir='ltr'><strong>David.</strong></span> <span class='ocrx_word' id='word_1_591' title='bbox 1658 5277 1725 5327; x_wconf 81' lang='lat' dir='ltr'><strong>At</strong></span> <span class='ocrx_word' id='word_1_592' title='bbox 1753 5275 1930 5328; x_wconf 90' lang='lat' dir='ltr'><strong>uoluit</strong></span> <span class='ocrx_word' id='word_1_593' title='bbox 1960 5292 2080 5330; x_wconf 89' lang='lat' dir='ltr'><strong>cam</strong></span> <span class='ocrx_word' id='word_1_594' title='bbox 2113 5278 2324 5342; x_wconf 74' lang='lat' dir='ltr'><strong>bibere,</strong></span> 
     </span>
    </p>
   </div>
   <div class='ocr_carea' id='block_1_92' title="bbox 762 5363 2328 5434">
    <p class='ocr_par' dir='ltr' id='par_1_92' title="bbox 762 5363 2328 5434">
     <span class='ocr_line' id='line_1_92' title="bbox 762 5363 2328 5434; baseline 0.001 -15"><span class='ocrx_word' id='word_1_595' title='bbox 762 5375 816 5419; x_wconf 87' lang='lat' dir='ltr'><strong>et</strong></span> <span class='ocrx_word' id='word_1_596' title='bbox 845 5364 1038 5418; x_wconf 82' lang='lat' dir='ltr'><strong>libavit</strong></span> <span class='ocrx_word' id='word_1_597' title='bbox 1067 5378 1188 5417; x_wconf 89' lang='lat' dir='ltr'><strong>eam</strong></span> <span class='ocrx_word' id='word_1_598' title='bbox 1220 5365 1473 5427; x_wconf 87' lang='lat' dir='ltr'><strong>Domino,</strong></span> <span class='ocrx_word' id='word_1_599' title='bbox 1504 5372 1557 5417; x_wconf 90' lang='lat' dir='ltr'><strong>et</strong></span> <span class='ocrx_word' id='word_1_600' title='bbox 1588 5364 1662 5416; x_wconf 90' lang='lat' dir='ltr'><strong>ait</strong></span> <span class='ocrx_word' id='word_1_601' title='bbox 1690 5383 1701 5417; x_wconf 91' lang='lat'><strong>:</strong></span> <span class='ocrx_word' id='word_1_602' title='bbox 1731 5363 2007 5434; x_wconf 85' lang='lat' dir='ltr'><strong>Propitius</strong></span> <span class='ocrx_word' id='word_1_603' title='bbox 2041 5367 2111 5420; x_wconf 87' lang='lat' dir='ltr'><strong>sit</strong></span> <span class='ocrx_word' id='word_1_604' title='bbox 2145 5367 2328 5420; x_wconf 86' lang='lat' dir='ltr'><strong>Domi-</strong></span> 
     </span>
    </p>
   </div>
   <div class='ocr_carea' id='block_1_93' title="bbox 762 5454 2325 5526">
    <p class='ocr_par' dir='ltr' id='par_1_93' title="bbox 762 5454 2325 5526">
     <span class='ocr_line' id='line_1_93' title="bbox 762 5454 2325 5526; baseline 0.001 -16"><span class='ocrx_word' id='word_1_605' title='bbox 762 5473 892 5522; x_wconf 83' lang='lat' dir='ltr'><strong>nus,</strong></span> <span class='ocrx_word' id='word_1_606' title='bbox 943 5472 1012 5510; x_wconf 88' lang='lat' dir='ltr'><strong>ne</strong></span> <span class='ocrx_word' id='word_1_607' title='bbox 1038 5454 1236 5510; x_wconf 86' lang='lat' dir='ltr'><strong>faciam</strong></span> <span class='ocrx_word' id='word_1_608' title='bbox 1267 5455 1407 5521; x_wconf 88' lang='lat' dir='ltr'><strong>hoc,</strong></span> <span class='ocrx_word' id='word_1_609' title='bbox 1433 5455 1595 5526; x_wconf 78' lang='lat'><strong>519</strong></span> <span class='ocrx_word' id='word_1_610' title='bbox 1617 5456 1659 5508; x_wconf 87' lang='lat' dir='ltr'><strong>si</strong></span> <span class='ocrx_word' id='word_1_611' title='bbox 1693 5458 2014 5525; x_wconf 76' lang='lat' dir='ltr'><strong>sanguinem</strong></span> <span class='ocrx_word' id='word_1_612' title='bbox 2042 5459 2325 5514; x_wconf 84' lang='lat' dir='ltr'><strong>hominum</strong></span> 
     </span>
    </p>
   </div>
   <div class='ocr_carea' id='block_1_94' title="bbox 762 5547 2324 5616">
    <p class='ocr_par' dir='ltr' id='par_1_94' title="bbox 762 5547 2324 5616">
     <span class='ocr_line' id='line_1_94' title="bbox 762 5547 2324 5616; baseline 0.004 -17"><span class='ocrx_word' id='word_1_613' title='bbox 762 5549 999 5601; x_wconf 87' lang='lat' dir='ltr'><strong>istorum</strong></span> <span class='ocrx_word' id='word_1_614' title='bbox 1043 5547 1139 5616; x_wconf 88' lang='lat' dir='ltr'><strong>qui</strong></span> <span class='ocrx_word' id='word_1_615' title='bbox 1182 5547 1410 5616; x_wconf 86' lang='lat' dir='ltr'><strong>profecti</strong></span> <span class='ocrx_word' id='word_1_616' title='bbox 1454 5559 1584 5602; x_wconf 85' lang='lat' dir='ltr'><strong>sunt</strong></span> <span class='ocrx_word' id='word_1_617' title='bbox 1633 5548 1687 5602; x_wconf 88' lang='lat' dir='ltr'><strong>in</strong></span> <span class='ocrx_word' id='word_1_618' title='bbox 1740 5549 2046 5604; x_wconf 83' lang='lat' dir='ltr'><strong>animarum</strong></span> <span class='ocrx_word' id='word_1_619' title='bbox 2099 5569 2324 5607; x_wconf 88' lang='lat' dir='ltr'><strong>suarum</strong></span> 
     </span>
    </p>
   </div>
   <div class='ocr_carea' id='block_1_95' title="bbox 765 5638 1397 5708">
    <p class='ocr_par' dir='ltr' id='par_1_95' title="bbox 765 5638 1397 5708">
     <span class='ocr_line' id='line_1_95' title="bbox 765 5638 1397 5708; baseline -0.003 -15"><span class='ocrx_word' id='word_1_620' title='bbox 765 5638 1098 5708; x_wconf 82' lang='lat' dir='ltr'><strong>periculum,</strong></span> <span class='ocrx_word' id='word_1_621' title='bbox 1129 5640 1337 5696; x_wconf 89' lang='lat' dir='ltr'><strong>bibero.</strong></span> <span class='ocrx_word' id='word_1_622' title='bbox 1379 5658 1397 5691; x_wconf 75' lang='grc' dir='ltr'><strong>ι</strong></span> 
     </span>
    </p>
   </div>
   <div class='ocr_carea' id='block_1_96' title="bbox 838 5729 2322 5802">
    <p class='ocr_par' dir='ltr' id='par_1_96' title="bbox 838 5729 2322 5802">
     <span class='ocr_line' id='line_1_96' title="bbox 838 5729 2322 5802; baseline 0.005 -19"><span class='ocrx_word' id='word_1_623' title='bbox 838 5729 992 5784; x_wconf 77' lang='lat' dir='ltr'><strong>Prov.</strong></span> <span class='ocrx_word' id='word_1_624' title='bbox 1051 5748 1169 5793; x_wconf 74' lang='lat' dir='ltr'><strong>xm.</strong></span> <span class='ocrx_word' id='word_1_625' title='bbox 1228 5732 1416 5785; x_wconf 62' lang='grc' dir='ltr'><strong>19η-</strong></span> <span class='ocrx_word' id='word_1_626' title='bbox 1451 5752 1469 5784; x_wconf 89' lang='grc'><em>‹</em></span> <span class='ocrx_word' id='word_1_627' title='bbox 1531 5731 1759 5802; x_wconf 80' lang='lat' dir='ltr'><strong>Lignum</strong></span> <span class='ocrx_word' id='word_1_628' title='bbox 1814 5735 1930 5789; x_wconf 67' lang='lat' dir='ltr'><strong>vitae</strong></span> <span class='ocrx_word' id='word_1_629' title='bbox 1991 5737 2322 5793; x_wconf 80' lang='lat' dir='ltr'><strong>desiderium</strong></span> 
     </span>
    </p>
   </div>
   <div class='ocr_carea' id='block_1_97' title="bbox 767 5821 1045 5877">
    <p class='ocr_par' dir='ltr' id='par_1_97' title="bbox 767 5821 1045 5877">
     <span class='ocr_line' id='line_1_97' title="bbox 767 5821 1045 5877; baseline -0.007 -2"><span class='ocrx_word' id='word_1_630' title='bbox 767 5821 991 5877; x_wconf 84' lang='lat' dir='ltr'><strong>bonum.</strong></span> <span class='ocrx_word' id='word_1_631' title='bbox 1029 5844 1045 5873; x_wconf 74' lang='grc' dir='ltr'><strong>ι</strong></span> 
     </span>
    </p>
   </div>
   <div class='ocr_carea' id='block_1_98' title="bbox 2429 4610 4000 4706">
    <p class='ocr_par' dir='ltr' id='par_1_98' title="bbox 2429 4610 4000 4706">
     <span class='ocr_line' id='line_1_98' title="bbox 2429 4610 4000 4706; baseline -0.02 -14"><span class='ocrx_word' id='word_1_632' title='bbox 2429 4638 2552 4692; x_wconf 68' lang='grc' dir='ltr'><strong>οὔτε</strong></span> <span class='ocrx_word' id='word_1_633' title='bbox 2580 4635 2678 4706; x_wconf 79' lang='grc' dir='ltr'><strong>τὴν</strong></span> <span class='ocrx_word' id='word_1_634' title='bbox 2699 4629 3043 4694; x_wconf 75' lang='grc' dir='ltr'><strong>οἰκίαν,ούτε</strong></span> <span class='ocrx_word' id='word_1_635' title='bbox 3093 4625 3184 4678; x_wconf 74' lang='grc' dir='ltr'><strong>τὸν</strong></span> <span class='ocrx_word' id='word_1_636' title='bbox 3235 4623 3435 4692; x_wconf 74' lang='grc' dir='ltr'><strong>ἀγρὸν,</strong></span> <span class='ocrx_word' id='word_1_637' title='bbox 3490 4617 3612 4670; x_wconf 70' lang='grc' dir='ltr'><strong>οὕτε</strong></span> <span class='ocrx_word' id='word_1_638' title='bbox 3660 4614 3751 4666; x_wconf 71' lang='grc' dir='ltr'><strong>τὸν</strong></span> <span class='ocrx_word' id='word_1_639' title='bbox 3803 4610 4000 4672; x_wconf 80' lang='grc' dir='ltr'><strong>παῖδα,</strong></span> 
     </span>
    </p>
   </div>
   <div class='ocr_carea' id='block_1_99' title="bbox 2428 4702 4000 4795">
    <p class='ocr_par' dir='ltr' id='par_1_99' title="bbox 2428 4702 4000 4795">
     <span class='ocr_line' id='line_1_99' title="bbox 2428 4702 4000 4795; baseline -0.02 -11"><span class='ocrx_word' id='word_1_640' title='bbox 2428 4730 2553 4784; x_wconf 74' lang='grc' dir='ltr'><strong>οὔτε</strong></span> <span class='ocrx_word' id='word_1_641' title='bbox 2605 4728 2703 4795; x_wconf 79' lang='grc' dir='ltr'><strong>τὴν</strong></span> <span class='ocrx_word' id='word_1_642' title='bbox 2755 4724 3079 4790; x_wconf 76' lang='grc' dir='ltr'><strong>παιδίσκην,</strong></span> <span class='ocrx_word' id='word_1_643' title='bbox 3135 4717 3258 4770; x_wconf 73' lang='grc' dir='ltr'><strong>οὔτε</strong></span> <span class='ocrx_word' id='word_1_644' title='bbox 3295 4713 3387 4767; x_wconf 78' lang='grc' dir='ltr'><strong>τοῦ</strong></span> <span class='ocrx_word' id='word_1_645' title='bbox 3440 4710 3556 4781; x_wconf 78' lang='grc' dir='ltr'><strong>βοὸς</strong></span> <span class='ocrx_word' id='word_1_646' title='bbox 3607 4704 3774 4762; x_wconf 73' lang='grc' dir='ltr'><strong>αὑτοῦ</strong></span> <span class='ocrx_word' id='word_1_647' title='bbox 3803 4747 3819 4768; x_wconf 87' lang='grc'><strong>,</strong></span> <span class='ocrx_word' id='word_1_648' title='bbox 3863 4702 4000 4754; x_wconf 67' lang='grc' dir='ltr'><strong>οὒτε</strong></span> 
     </span>
    </p>
   </div>
   <div class='ocr_carea' id='block_1_100' title="bbox 2429 4794 4000 4887">
    <p class='ocr_par' dir='ltr' id='par_1_100' title="bbox 2429 4794 4000 4887">
     <span class='ocr_line' id='line_1_100' title="bbox 2429 4794 4000 4887; baseline -0.021 -9"><span class='ocrx_word' id='word_1_649' title='bbox 2429 4824 2523 4877; x_wconf 69' lang='grc' dir='ltr'><strong>τοῦ</strong></span> <span class='ocrx_word' id='word_1_650' title='bbox 2552 4819 2842 4887; x_wconf 78' lang='grc' dir='ltr'><strong>ὑποζυγίου</strong></span> <span class='ocrx_word' id='word_1_651' title='bbox 2874 4814 3057 4879; x_wconf 79' lang='grc' dir='ltr'><strong>αὑτοῦ,</strong></span> <span class='ocrx_word' id='word_1_652' title='bbox 3083 4813 3203 4865; x_wconf 67' lang='grc' dir='ltr'><strong>οὔτε</strong></span> <span class='ocrx_word' id='word_1_653' title='bbox 3254 4809 3362 4861; x_wconf 83' lang='grc' dir='ltr'><strong>πᾶν</strong></span> <span class='ocrx_word' id='word_1_654' title='bbox 3409 4807 3506 4859; x_wconf 83' lang='grc' dir='ltr'><strong>ὅσα</strong></span> <span class='ocrx_word' id='word_1_655' title='bbox 3532 4801 3610 4872; x_wconf 82' lang='grc' dir='ltr'><strong>τῷ</strong></span> <span class='ocrx_word' id='word_1_656' title='bbox 3639 4798 3864 4867; x_wconf 73' lang='grc' dir='ltr'><strong>πλησίον</strong></span> <span class='ocrx_word' id='word_1_657' title='bbox 3896 4794 4000 4848; x_wconf 79' lang='grc' dir='ltr'><strong>σού</strong></span> 
     </span>
    </p>
   </div>
   <div class='ocr_carea' id='block_1_101' title="bbox 2430 4918 2655 4970">
    <p class='ocr_par' dir='ltr' id='par_1_101' title="bbox 2430 4918 2655 4970">
     <span class='ocr_line' id='line_1_101' title="bbox 2430 4918 2655 4970; baseline -0.022 0"><span class='ocrx_word' id='word_1_658' title='bbox 2430 4918 2596 4970; x_wconf 73' lang='grc' dir='ltr'><strong>ἐστιν.</strong></span> <span class='ocrx_word' id='word_1_659' title='bbox 2637 4932 2655 4965; x_wconf 78' lang='grc' dir='ltr'><strong>ι</strong></span> 
     </span>
    </p>
   </div>
   <div class='ocr_carea' id='block_1_102' title="bbox 2511 4978 4002 5072">
    <p class='ocr_par' dir='ltr' id='par_1_102' title="bbox 2511 4978 4002 5072">
     <span class='ocr_line' id='line_1_102' title="bbox 2511 4978 4002 5072; baseline -0.02 -13"><span class='ocrx_word' id='word_1_660' title='bbox 2511 5026 2529 5057; x_wconf 83' lang='grc' dir='ltr'><strong>ι</strong></span> <span class='ocrx_word' id='word_1_661' title='bbox 2574 4994 3115 5072; x_wconf 65' lang='grc' dir='ltr'><strong>ἘπεθύμησεΔαόὶδ</strong></span> <span class='ocrx_word' id='word_1_662' title='bbox 3167 4989 3478 5060; x_wconf 80' lang='grc' dir='ltr'><strong>ἐπιθυμίαν,</strong></span> <span class='ocrx_word' id='word_1_663' title='bbox 3523 4985 3614 5038; x_wconf 64' lang='grc' dir='ltr'><strong>καὶ</strong></span> <span class='ocrx_word' id='word_1_664' title='bbox 3668 4978 3856 5035; x_wconf 77' lang='grc' dir='ltr'><strong>εἶπεν·</strong></span> <span class='ocrx_word' id='word_1_665' title='bbox 3896 4979 4002 5041; x_wconf 73' lang='lat' dir='ltr'><strong>Ti;</strong></span> 
     </span>
    </p>
   </div>
   <div class='ocr_carea' id='block_1_103' title="bbox 2430 5070 4000 5164">
    <p class='ocr_par' dir='ltr' id='par_1_103' title="bbox 2430 5070 4000 5164">
     <span class='ocr_line' id='line_1_103' title="bbox 2430 5070 4000 5164; baseline -0.022 -11"><span class='ocrx_word' id='word_1_666' title='bbox 2430 5101 2607 5153; x_wconf 87' lang='grc' dir='ltr'><strong>ποτιεῖ</strong></span> <span class='ocrx_word' id='word_1_667' title='bbox 2664 5113 2731 5164; x_wconf 83' lang='grc' dir='ltr'><strong>με</strong></span> <span class='ocrx_word' id='word_1_668' title='bbox 2755 5070 2896 5164; x_wconf 67' lang='grc' dir='ltr'><strong>ὕδωρ</strong></span> <span class='ocrx_word' id='word_1_669' title='bbox 2949 5092 3012 5144; x_wconf 79' lang='grc' dir='ltr'><strong>ὲκ</strong></span> <span class='ocrx_word' id='word_1_670' title='bbox 3061 5086 3155 5140; x_wconf 81' lang='grc' dir='ltr'><strong>τοῦ</strong></span> <span class='ocrx_word' id='word_1_671' title='bbox 3207 5085 3430 5142; x_wconf 79' lang='grc' dir='ltr'><strong>λάκκου,</strong></span> <span class='ocrx_word' id='word_1_672' title='bbox 3475 5075 3570 5130; x_wconf 77' lang='grc' dir='ltr'><strong>τοῦ</strong></span> <span class='ocrx_word' id='word_1_673' title='bbox 3607 5076 3664 5126; x_wconf 72' lang='grc' dir='ltr'><strong>ἐν</strong></span> <span class='ocrx_word' id='word_1_674' title='bbox 3706 5070 4000 5139; x_wconf 76' lang='grc' dir='ltr'><strong>Βηθλεὲμς</strong></span> 
     </span>
    </p>
   </div>
   <div class='ocr_carea' id='block_1_104' title="bbox 2429 5161 4001 5254">
    <p class='ocr_par' dir='ltr' id='par_1_104' title="bbox 2429 5161 4001 5254">
     <span class='ocr_line' id='line_1_104' title="bbox 2429 5161 4001 5254; baseline -0.022 -9"><span class='ocrx_word' id='word_1_675' title='bbox 2429 5193 2537 5246; x_wconf 77' lang='grc' dir='ltr'><strong>Καὶ</strong></span> <span class='ocrx_word' id='word_1_676' title='bbox 2569 5161 2760 5242; x_wconf 63' lang='grc' dir='ltr'><strong>ἔλαθον</strong></span> <span class='ocrx_word' id='word_1_677' title='bbox 2786 5187 2835 5239; x_wconf 90' lang='grc' dir='ltr'><strong>οἱ</strong></span> <span class='ocrx_word' id='word_1_678' title='bbox 2858 5161 3007 5254; x_wconf 80' lang='grc' dir='ltr'><strong>τρεῖς</strong></span> <span class='ocrx_word' id='word_1_679' title='bbox 3053 5176 3263 5232; x_wconf 68' lang='grc' dir='ltr'><strong>δυνατοὶ</strong></span> <span class='ocrx_word' id='word_1_680' title='bbox 3282 5215 3297 5235; x_wconf 94' lang='grc'><strong>,</strong></span> <span class='ocrx_word' id='word_1_681' title='bbox 3323 5174 3416 5225; x_wconf 71' lang='grc' dir='ltr'><strong>καὶ</strong></span> <span class='ocrx_word' id='word_1_682' title='bbox 3446 5165 3805 5238; x_wconf 83' lang='grc' dir='ltr'><strong>παρεγένοντο</strong></span> <span class='ocrx_word' id='word_1_683' title='bbox 3852 5161 4001 5228; x_wconf 63' lang='grc' dir='ltr'><strong>πρὸς</strong></span> 
     </span>
    </p>
   </div>
   <div class='ocr_carea' id='block_1_105' title="bbox 2429 5255 4005 5341">
    <p class='ocr_par' dir='ltr' id='par_1_105' title="bbox 2429 5255 4005 5341">
     <span class='ocr_line' id='line_1_105' title="bbox 2429 5255 4005 5341; baseline -0.023 -3"><span class='ocrx_word' id='word_1_684' title='bbox 2429 5285 2624 5338; x_wconf 75' lang='grc' dir='ltr'><strong>Δαϐίδ·</strong></span> <span class='ocrx_word' id='word_1_685' title='bbox 2654 5282 2748 5335; x_wconf 75' lang='grc' dir='ltr'><strong>καὶ</strong></span> <span class='ocrx_word' id='word_1_686' title='bbox 2807 5279 2906 5331; x_wconf 81' lang='grc' dir='ltr'><strong>οὐκ</strong></span> <span class='ocrx_word' id='word_1_687' title='bbox 2961 5273 3183 5341; x_wconf 75' lang='grc' dir='ltr'><strong>ἐθέλησε</strong></span> <span class='ocrx_word' id='word_1_688' title='bbox 3220 5269 3361 5319; x_wconf 81' lang='grc' dir='ltr'><strong>πιεῖν</strong></span> <span class='ocrx_word' id='word_1_689' title='bbox 3416 5261 3564 5323; x_wconf 69' lang='grc' dir='ltr'><strong>αὐτὸ,</strong></span> <span class='ocrx_word' id='word_1_690' title='bbox 3596 5257 3690 5310; x_wconf 82' lang='grc' dir='ltr'><strong>καὶ</strong></span> <span class='ocrx_word' id='word_1_691' title='bbox 3732 5255 4005 5307; x_wconf 78' lang='grc' dir='ltr'><strong>ἔσπεισεν</strong></span> 
     </span>
    </p>
   </div>
   <div class='ocr_carea' id='block_1_106' title="bbox 2429 5344 4002 5444">
    <p class='ocr_par' dir='ltr' id='par_1_106' title="bbox 2429 5344 4002 5444">
     <span class='ocr_line' id='line_1_106' title="bbox 2429 5344 4002 5444; baseline -0.022 -13"><span class='ocrx_word' id='word_1_692' title='bbox 2429 5377 2558 5430; x_wconf 74' lang='grc' dir='ltr'><strong>αὐτὸ</strong></span> <span class='ocrx_word' id='word_1_693' title='bbox 2593 5374 2668 5444; x_wconf 80' lang='grc' dir='ltr'><strong>τῷ</strong></span> <span class='ocrx_word' id='word_1_694' title='bbox 2688 5369 2897 5442; x_wconf 82' lang='grc' dir='ltr'><strong>Κυρίῳ,</strong></span> <span class='ocrx_word' id='word_1_695' title='bbox 2941 5365 3034 5418; x_wconf 78' lang='grc' dir='ltr'><strong>καὶ</strong></span> <span class='ocrx_word' id='word_1_696' title='bbox 3063 5358 3213 5414; x_wconf 78' lang='grc' dir='ltr'><strong>εἶπεν</strong></span> <span class='ocrx_word' id='word_1_697' title='bbox 3244 5375 3256 5388; x_wconf 89' lang='grc'><strong>·</strong></span> <span class='ocrx_word' id='word_1_698' title='bbox 3292 5353 3474 5416; x_wconf 81' lang='grc' dir='ltr'><strong>Ἵλεώς</strong></span> <span class='ocrx_word' id='word_1_699' title='bbox 3509 5368 3620 5420; x_wconf 88' lang='grc' dir='ltr'><strong>μοι,</strong></span> <span class='ocrx_word' id='word_1_700' title='bbox 3653 5349 3854 5418; x_wconf 83' lang='grc' dir='ltr'><strong>Κύριε,</strong></span> <span class='ocrx_word' id='word_1_701' title='bbox 3895 5344 4002 5398; x_wconf 74' lang='grc' dir='ltr'><strong>τοῦ</strong></span> 
     </span>
    </p>
   </div>
   <div class='ocr_carea' id='block_1_107' title="bbox 2429 5439 4003 5540">
    <p class='ocr_par' dir='ltr' id='par_1_107' title="bbox 2429 5439 4003 5540">
     <span class='ocr_line' id='line_1_107' title="bbox 2429 5439 4003 5540; baseline -0.022 -16"><span class='ocrx_word' id='word_1_702' title='bbox 2429 5471 2652 5540; x_wconf 75' lang='grc' dir='ltr'><strong>ποιῆσαι</strong></span> <span class='ocrx_word' id='word_1_703' title='bbox 2681 5463 2857 5525; x_wconf 79' lang='grc' dir='ltr'><strong>τοῦτο,</strong></span> <span class='ocrx_word' id='word_1_704' title='bbox 2901 5459 2948 5512; x_wconf 85' lang='grc' dir='ltr'><strong>εί</strong></span> <span class='ocrx_word' id='word_1_705' title='bbox 2972 5451 3110 5526; x_wconf 79' lang='grc' dir='ltr'><strong>αἷμα</strong></span> <span class='ocrx_word' id='word_1_706' title='bbox 3131 5452 3236 5504; x_wconf 80' lang='grc' dir='ltr'><strong>τῶν</strong></span> <span class='ocrx_word' id='word_1_707' title='bbox 3297 5445 3601 5518; x_wconf 73' lang='grc' dir='ltr'><strong>ἀνθρώπων</strong></span> <span class='ocrx_word' id='word_1_708' title='bbox 3626 5439 3737 5496; x_wconf 77' lang='grc' dir='ltr'><strong>τῶν</strong></span> <span class='ocrx_word' id='word_1_709' title='bbox 3789 5454 4003 5509; x_wconf 73' lang='grc' dir='ltr'><strong>πορευ-</strong></span> 
     </span>
    </p>
   </div>
   <div class='ocr_carea' id='block_1_108' title="bbox 2428 5539 3540 5621">
    <p class='ocr_par' dir='ltr' id='par_1_108' title="bbox 2428 5539 3540 5621">
     <span class='ocr_line' id='line_1_108' title="bbox 2428 5539 3540 5621; baseline -0.022 -4"><span class='ocrx_word' id='word_1_710' title='bbox 2428 5563 2628 5617; x_wconf 84' lang='grc' dir='ltr'><strong>θέντων</strong></span> <span class='ocrx_word' id='word_1_711' title='bbox 2660 5559 2718 5610; x_wconf 83' lang='grc' dir='ltr'><strong>ὲν</strong></span> <span class='ocrx_word' id='word_1_712' title='bbox 2745 5557 2864 5616; x_wconf 85' lang='grc' dir='ltr'><strong>ταῖς</strong></span> <span class='ocrx_word' id='word_1_713' title='bbox 2892 5551 3090 5621; x_wconf 73' lang='grc' dir='ltr'><strong>ψυχαῖς</strong></span> <span class='ocrx_word' id='word_1_714' title='bbox 3118 5543 3298 5600; x_wconf 83' lang='grc' dir='ltr'><strong>αὐτῶν</strong></span> <span class='ocrx_word' id='word_1_715' title='bbox 3327 5539 3540 5610; x_wconf 77' lang='grc' dir='ltr'><strong>πίομαι.</strong></span> 
     </span>
    </p>
   </div>
   <div class='ocr_carea' id='block_1_109' title="bbox 2508 5720 3535 5810">
    <p class='ocr_par' dir='ltr' id='par_1_109' title="bbox 2508 5720 3535 5810">
     <span class='ocr_line' id='line_1_109' title="bbox 2508 5720 3535 5810; baseline -0.019 -19"><span class='ocrx_word' id='word_1_716' title='bbox 2508 5761 2525 5791; x_wconf 79' lang='lat' dir='ltr'><strong>r</strong></span> <span class='ocrx_word' id='word_1_717' title='bbox 2557 5739 2786 5810; x_wconf 73' lang='grc' dir='ltr'><strong>Δίνδρον</strong></span> <span class='ocrx_word' id='word_1_718' title='bbox 2815 5732 2960 5804; x_wconf 72' lang='grc' dir='ltr'><strong>ζωῆς</strong></span> <span class='ocrx_word' id='word_1_719' title='bbox 2990 5727 3252 5800; x_wconf 73' lang='grc' dir='ltr'><strong>ἐπιθυμία</strong></span> <span class='ocrx_word' id='word_1_720' title='bbox 3280 5720 3479 5793; x_wconf 73' lang='grc' dir='ltr'><strong>ἀγαθή.</strong></span> <span class='ocrx_word' id='word_1_721' title='bbox 3515 5736 3535 5771; x_wconf 74' lang='grc' dir='ltr'><strong>ι</strong></span> 
     </span>
    </p>
   </div>
  </div>
