  <div class='ocr_page' id='page_1' title='image "/cluster/home/n/w/nwhite01/storage/ocr_20150623/95/nnc1.0046979816/784.png"; bbox 0 0 4206 6442; ppageno 0'>
   <div class='ocr_carea' id='block_1_1' title="bbox 198 419 332 489">
    <p class='ocr_par' dir='ltr' id='par_1_1' title="bbox 198 419 332 489">
     <span class='ocr_line' id='line_1_1' title="bbox 198 419 332 489; baseline -0.015 -1"><span class='ocrx_word' id='word_1_1' title='bbox 198 419 332 489; x_wconf 83' lang='grc'><strong>1557</strong></span> 
     </span>
    </p>
   </div>
   <div class='ocr_carea' id='block_1_2' title="bbox 271 544 1850 617">
    <p class='ocr_par' dir='ltr' id='par_1_2' title="bbox 271 544 1850 617">
     <span class='ocr_line' id='line_1_2' title="bbox 271 544 1850 617; baseline -0.004 -17"><span class='ocrx_word' id='word_1_2' title='bbox 271 562 291 595; x_wconf 77' lang='lat' dir='ltr'><strong>t</strong></span> <span class='ocrx_word' id='word_1_3' title='bbox 340 544 551 600; x_wconf 85' lang='grc' dir='ltr'>Ὀπίσω</span> <span class='ocrx_word' id='word_1_4' title='bbox 590 546 701 599; x_wconf 84' lang='grc' dir='ltr'><strong>τῶν</strong></span> <span class='ocrx_word' id='word_1_5' title='bbox 745 544 1054 617; x_wconf 72' lang='grc' dir='ltr'>ἐπιθυμιῶν</span> <span class='ocrx_word' id='word_1_6' title='bbox 1103 562 1201 599; x_wconf 84' lang='grc' dir='ltr'><strong>σου</strong></span> <span class='ocrx_word' id='word_1_7' title='bbox 1252 546 1327 616; x_wconf 76' lang='grc' dir='ltr'>μὴ</span> <span class='ocrx_word' id='word_1_8' title='bbox 1369 546 1627 615; x_wconf 79' lang='grc' dir='ltr'>πορεύου,</span> <span class='ocrx_word' id='word_1_9' title='bbox 1686 547 1777 596; x_wconf 72' lang='grc' dir='ltr'><strong>καὶ</strong></span> <span class='ocrx_word' id='word_1_10' title='bbox 1808 553 1850 602; x_wconf 77' lang='grc' dir='ltr'>Α</span> 
     </span>
    </p>
   </div>
   <div class='ocr_carea' id='block_1_3' title="bbox 196 636 1159 707">
    <p class='ocr_par' dir='ltr' id='par_1_3' title="bbox 196 636 1159 707">
     <span class='ocr_line' id='line_1_3' title="bbox 196 636 1159 707; baseline -0.004 -14"><span class='ocrx_word' id='word_1_11' title='bbox 196 637 307 693; x_wconf 73' lang='grc' dir='ltr'><strong>ἀπὸ</strong></span> <span class='ocrx_word' id='word_1_12' title='bbox 329 637 441 691; x_wconf 83' lang='grc' dir='ltr'><strong>τῶν</strong></span> <span class='ocrx_word' id='word_1_13' title='bbox 475 636 717 707; x_wconf 73' lang='grc' dir='ltr'>δρέξεών</span> <span class='ocrx_word' id='word_1_14' title='bbox 750 654 847 690; x_wconf 87' lang='grc' dir='ltr'><strong>σου</strong></span> <span class='ocrx_word' id='word_1_15' title='bbox 879 637 1111 691; x_wconf 84' lang='grc' dir='ltr'>κωλύου.</span> <span class='ocrx_word' id='word_1_16' title='bbox 1140 656 1159 689; x_wconf 75' lang='grc' dir='ltr'><strong>ι</strong></span> 
     </span>
    </p>
   </div>
   <div class='ocr_carea' id='block_1_4' title="bbox 180 713 1781 801">
    <p class='ocr_par' dir='ltr' id='par_1_4' title="bbox 180 713 1781 801">
     <span class='ocr_line' id='line_1_4' title="bbox 180 713 1781 801; baseline -0.001 -17"><span class='ocrx_word' id='word_1_17' title='bbox 180 713 190 721; x_wconf 54' lang='grc'><strong>’</strong></span> <span class='ocrx_word' id='word_1_18' title='bbox 272 748 293 784; x_wconf 77' lang='lat' dir='ltr'><strong>t</strong></span> <span class='ocrx_word' id='word_1_19' title='bbox 334 729 689 801; x_wconf 79' lang='grc' dir='ltr'>Ῥεμόασμὺς</span> <span class='ocrx_word' id='word_1_20' title='bbox 750 730 1048 801; x_wconf 73' lang='grc' dir='ltr'><strong>ἐπιθυμίας</strong></span> <span class='ocrx_word' id='word_1_21' title='bbox 1094 728 1409 801; x_wconf 83' lang='grc' dir='ltr'>μεταλλεύει</span> <span class='ocrx_word' id='word_1_22' title='bbox 1468 730 1593 783; x_wconf 79' lang='grc' dir='ltr'>νοῦν</span> <span class='ocrx_word' id='word_1_23' title='bbox 1644 730 1781 783; x_wconf 77' lang='grc' dir='ltr'>ἄκα-</span> 
     </span>
    </p>
   </div>
   <div class='ocr_carea' id='block_1_5' title="bbox 199 839 382 878">
    <p class='ocr_par' dir='ltr' id='par_1_5' title="bbox 199 839 382 878">
     <span class='ocr_line' id='line_1_5' title="bbox 199 839 382 878; baseline -0.016 0"><span class='ocrx_word' id='word_1_24' title='bbox 199 839 318 878; x_wconf 88' lang='grc' dir='ltr'>κον.</span> <span class='ocrx_word' id='word_1_25' title='bbox 362 841 382 875; x_wconf 72' lang='grc' dir='ltr'><strong>ι</strong></span> 
     </span>
    </p>
   </div>
   <div class='ocr_carea' id='block_1_6' title="bbox 158 911 1779 989">
    <p class='ocr_par' dir='ltr' id='par_1_6' title="bbox 158 911 1779 989">
     <span class='ocr_line' id='line_1_6' title="bbox 158 911 1779 989; baseline 0.002 -23"><span class='ocrx_word' id='word_1_26' title='bbox 158 911 175 966; x_wconf 72' lang='lat' dir='ltr'><strong>i</strong></span> <span class='ocrx_word' id='word_1_27' title='bbox 274 933 294 967; x_wconf 80' lang='grc' dir='ltr'><strong>ι</strong></span> <span class='ocrx_word' id='word_1_28' title='bbox 336 916 437 979; x_wconf 82' lang='grc' dir='ltr'><strong>⁸ος</strong></span> <span class='ocrx_word' id='word_1_29' title='bbox 469 916 565 969; x_wconf 81' lang='grc' dir='ltr'>ἐὰν</span> <span class='ocrx_word' id='word_1_30' title='bbox 602 914 686 986; x_wconf 83' lang='grc' dir='ltr'>ἴδῃ</span> <span class='ocrx_word' id='word_1_31' title='bbox 714 916 951 983; x_wconf 81' lang='grc' dir='ltr'>γυναῖκα</span> <span class='ocrx_word' id='word_1_32' title='bbox 978 914 1116 985; x_wconf 83' lang='grc' dir='ltr'>πρὸς</span> <span class='ocrx_word' id='word_1_33' title='bbox 1134 915 1195 969; x_wconf 78' lang='grc' dir='ltr'>τὸ</span> <span class='ocrx_word' id='word_1_34' title='bbox 1218 916 1556 987; x_wconf 78' lang='grc' dir='ltr'>ἐπιθυμῆσαι</span> <span class='ocrx_word' id='word_1_35' title='bbox 1587 916 1779 989; x_wconf 78' lang='grc' dir='ltr'>αὐτὴν,</span> 
     </span>
    </p>
   </div>
   <div class='ocr_carea' id='block_1_7' title="bbox 198 1004 1510 1079">
    <p class='ocr_par' dir='ltr' id='par_1_7' title="bbox 198 1004 1510 1079">
     <span class='ocr_line' id='line_1_7' title="bbox 198 1004 1510 1079; baseline 0.002 -20"><span class='ocrx_word' id='word_1_36' title='bbox 198 1004 299 1077; x_wconf 66' lang='grc' dir='ltr'>ήδη</span> <span class='ocrx_word' id='word_1_37' title='bbox 329 1005 653 1076; x_wconf 74' lang='grc' dir='ltr'><strong>ἐμοίχευσεν</strong></span> <span class='ocrx_word' id='word_1_38' title='bbox 672 1004 842 1076; x_wconf 84' lang='grc' dir='ltr'>αὐτὴν</span> <span class='ocrx_word' id='word_1_39' title='bbox 873 1009 931 1060; x_wconf 89' lang='grc' dir='ltr'><strong>ἐν</strong></span> <span class='ocrx_word' id='word_1_40' title='bbox 953 1009 1019 1078; x_wconf 81' lang='grc' dir='ltr'><strong>τῇ</strong></span> <span class='ocrx_word' id='word_1_41' title='bbox 1046 1007 1243 1079; x_wconf 75' lang='grc' dir='ltr'>καρδίᾳ</span> <span class='ocrx_word' id='word_1_42' title='bbox 1267 1009 1456 1063; x_wconf 82' lang='grc' dir='ltr'>αὑτοῦ.</span> <span class='ocrx_word' id='word_1_43' title='bbox 1487 1028 1510 1061; x_wconf 82' lang='grc'><strong><em>›</em></strong></span> 
     </span>
    </p>
   </div>
   <div class='ocr_carea' id='block_1_8' title="bbox 274 1185 1779 1259">
    <p class='ocr_par' dir='ltr' id='par_1_8' title="bbox 274 1185 1779 1259">
     <span class='ocr_line' id='line_1_8' title="bbox 274 1185 1779 1259; baseline 0.001 -20"><span class='ocrx_word' id='word_1_44' title='bbox 274 1205 295 1239; x_wconf 78' lang='grc' dir='ltr'><strong>ι</strong></span> <span class='ocrx_word' id='word_1_45' title='bbox 333 1187 454 1240; x_wconf 82' lang='grc' dir='ltr'><strong>Πᾶν</strong></span> <span class='ocrx_word' id='word_1_46' title='bbox 481 1185 544 1239; x_wconf 82' lang='grc' dir='ltr'><strong>τὸ</strong></span> <span class='ocrx_word' id='word_1_47' title='bbox 590 1187 649 1239; x_wconf 80' lang='grc' dir='ltr'><strong>ἐν</strong></span> <span class='ocrx_word' id='word_1_48' title='bbox 696 1186 777 1255; x_wconf 80' lang='grc' dir='ltr'>τῷ</span> <span class='ocrx_word' id='word_1_49' title='bbox 810 1185 1002 1257; x_wconf 83' lang='grc' dir='ltr'>κόσμῳ</span> <span class='ocrx_word' id='word_1_50' title='bbox 1033 1188 1067 1259; x_wconf 85' lang='grc' dir='ltr'>ἡ</span> <span class='ocrx_word' id='word_1_51' title='bbox 1116 1186 1381 1255; x_wconf 85' lang='grc' dir='ltr'>ἐπιθυμία</span> <span class='ocrx_word' id='word_1_52' title='bbox 1407 1188 1508 1257; x_wconf 80' lang='grc' dir='ltr'>τῆς</span> <span class='ocrx_word' id='word_1_53' title='bbox 1558 1189 1779 1258; x_wconf 74' lang='grc' dir='ltr'>σαρκὸς,</span> 
     </span>
    </p>
   </div>
   <div class='ocr_carea' id='block_1_9' title="bbox 199 1278 1782 1350">
    <p class='ocr_par' dir='ltr' id='par_1_9' title="bbox 199 1278 1782 1350">
     <span class='ocr_line' id='line_1_9' title="bbox 199 1278 1782 1350; baseline 0.001 -19"><span class='ocrx_word' id='word_1_54' title='bbox 199 1280 293 1332; x_wconf 77' lang='grc' dir='ltr'>καὶ</span> <span class='ocrx_word' id='word_1_55' title='bbox 316 1282 351 1350; x_wconf 76' lang='grc' dir='ltr'><strong>ἡ</strong></span> <span class='ocrx_word' id='word_1_56' title='bbox 380 1278 652 1349; x_wconf 82' lang='grc' dir='ltr'>ἐπιθυμία</span> <span class='ocrx_word' id='word_1_57' title='bbox 685 1280 796 1332; x_wconf 85' lang='grc' dir='ltr'><strong>τῶν</strong></span> <span class='ocrx_word' id='word_1_58' title='bbox 824 1280 1142 1350; x_wconf 78' lang='grc' dir='ltr'>ὀφθαλμῶν,</span> <span class='ocrx_word' id='word_1_59' title='bbox 1179 1282 1273 1333; x_wconf 74' lang='grc' dir='ltr'><strong>καὶ</strong></span> <span class='ocrx_word' id='word_1_60' title='bbox 1301 1282 1336 1350; x_wconf 79' lang='grc' dir='ltr'><strong>ἡ</strong></span> <span class='ocrx_word' id='word_1_61' title='bbox 1372 1280 1659 1344; x_wconf 75' lang='grc' dir='ltr'><strong>ἀλαζονεία</strong></span> <span class='ocrx_word' id='word_1_62' title='bbox 1688 1282 1782 1334; x_wconf 80' lang='grc' dir='ltr'>τοῦ</span> 
     </span>
    </p>
   </div>
   <div class='ocr_carea' id='block_1_10' title="bbox 202 1370 1781 1445">
    <p class='ocr_par' dir='ltr' id='par_1_10' title="bbox 202 1370 1781 1445">
     <span class='ocr_line' id='line_1_10' title="bbox 202 1370 1781 1445; baseline 0.003 -21"><span class='ocrx_word' id='word_1_63' title='bbox 202 1370 345 1441; x_wconf 85' lang='grc' dir='ltr'>βίου,</span> <span class='ocrx_word' id='word_1_64' title='bbox 368 1374 403 1443; x_wconf 84' lang='grc' dir='ltr'>ἢ</span> <span class='ocrx_word' id='word_1_65' title='bbox 434 1372 537 1425; x_wconf 83' lang='grc' dir='ltr'><strong>οὐκ</strong></span> <span class='ocrx_word' id='word_1_66' title='bbox 562 1371 712 1425; x_wconf 84' lang='grc' dir='ltr'>ἐστιν</span> <span class='ocrx_word' id='word_1_67' title='bbox 732 1374 800 1426; x_wconf 80' lang='grc' dir='ltr'><strong>ἐκ</strong></span> <span class='ocrx_word' id='word_1_68' title='bbox 821 1370 917 1425; x_wconf 78' lang='grc' dir='ltr'>τοῦ</span> <span class='ocrx_word' id='word_1_69' title='bbox 952 1373 1187 1445; x_wconf 84' lang='grc' dir='ltr'>Πατρὸς,</span> <span class='ocrx_word' id='word_1_70' title='bbox 1215 1373 1333 1427; x_wconf 81' lang='grc' dir='ltr'>ἀλλ’</span> <span class='ocrx_word' id='word_1_71' title='bbox 1361 1375 1426 1428; x_wconf 89' lang='grc' dir='ltr'><strong>ἐκ</strong></span> <span class='ocrx_word' id='word_1_72' title='bbox 1448 1373 1543 1429; x_wconf 80' lang='grc' dir='ltr'>τοῦ</span> <span class='ocrx_word' id='word_1_73' title='bbox 1576 1375 1781 1445; x_wconf 82' lang='grc' dir='ltr'>κόσμου</span> 
     </span>
    </p>
   </div>
   <div class='ocr_carea' id='block_1_11' title="bbox 200 1465 436 1518">
    <p class='ocr_par' dir='ltr' id='par_1_11' title="bbox 200 1465 436 1518">
     <span class='ocr_line' id='line_1_11' title="bbox 200 1465 436 1518; baseline 0 -1"><span class='ocrx_word' id='word_1_74' title='bbox 200 1465 373 1518; x_wconf 87' lang='grc' dir='ltr'>ἐστίν.</span> <span class='ocrx_word' id='word_1_75' title='bbox 415 1484 436 1517; x_wconf 76' lang='grc' dir='ltr'><strong>ι</strong></span> 
     </span>
    </p>
   </div>
   <div class='ocr_carea' id='block_1_12' title="bbox 276 1557 1784 1631">
    <p class='ocr_par' dir='ltr' id='par_1_12' title="bbox 276 1557 1784 1631">
     <span class='ocr_line' id='line_1_12' title="bbox 276 1557 1784 1631; baseline 0.003 -22"><span class='ocrx_word' id='word_1_76' title='bbox 276 1577 296 1609; x_wconf 78' lang='grc' dir='ltr'><strong>ι</strong></span> <span class='ocrx_word' id='word_1_77' title='bbox 340 1557 657 1627; x_wconf 82' lang='grc' dir='ltr'>Παρακαλῶ</span> <span class='ocrx_word' id='word_1_78' title='bbox 689 1559 835 1629; x_wconf 80' lang='grc' dir='ltr'>ὑμᾶς</span> <span class='ocrx_word' id='word_1_79' title='bbox 862 1558 939 1622; x_wconf 83' lang='grc' dir='ltr'>ὼς</span> <span class='ocrx_word' id='word_1_80' title='bbox 986 1559 1290 1630; x_wconf 79' lang='grc' dir='ltr'><strong>παροίκους</strong></span> <span class='ocrx_word' id='word_1_81' title='bbox 1337 1561 1431 1613; x_wconf 69' lang='grc' dir='ltr'>καὶ</span> <span class='ocrx_word' id='word_1_82' title='bbox 1476 1561 1784 1631; x_wconf 79' lang='grc' dir='ltr'>παρεπιδή-</span> 
     </span>
    </p>
   </div>
   <div class='ocr_carea' id='block_1_13' title="bbox 203 1652 1785 1724">
    <p class='ocr_par' dir='ltr' id='par_1_13' title="bbox 203 1652 1785 1724">
     <span class='ocr_line' id='line_1_13' title="bbox 203 1652 1785 1724; baseline 0.003 -21"><span class='ocrx_word' id='word_1_83' title='bbox 203 1666 339 1718; x_wconf 84' lang='grc' dir='ltr'>μους</span> <span class='ocrx_word' id='word_1_84' title='bbox 386 1652 695 1722; x_wconf 82' lang='grc' dir='ltr'>ἁπέχεσθαι</span> <span class='ocrx_word' id='word_1_85' title='bbox 734 1653 843 1704; x_wconf 88' lang='grc' dir='ltr'><strong>τῶν</strong></span> <span class='ocrx_word' id='word_1_86' title='bbox 894 1654 1177 1723; x_wconf 74' lang='grc' dir='ltr'>σαρκικῶν</span> <span class='ocrx_word' id='word_1_87' title='bbox 1217 1653 1544 1724; x_wconf 77' lang='grc' dir='ltr'><strong>ἐπιθυμιῶν,</strong></span> <span class='ocrx_word' id='word_1_88' title='bbox 1583 1656 1785 1718; x_wconf 76' lang='grc' dir='ltr'>αἵτινες</span> 
     </span>
    </p>
   </div>
   <div class='ocr_carea' id='block_1_14' title="bbox 198 1741 1145 1814">
    <p class='ocr_par' dir='ltr' id='par_1_14' title="bbox 198 1741 1145 1814">
     <span class='ocr_line' id='line_1_14' title="bbox 198 1741 1145 1814; baseline 0.002 -20"><span class='ocrx_word' id='word_1_89' title='bbox 198 1741 579 1812; x_wconf 83' lang='grc' dir='ltr'>πρωτεύονται</span> <span class='ocrx_word' id='word_1_90' title='bbox 606 1744 748 1797; x_wconf 80' lang='grc' dir='ltr'>κατὰ</span> <span class='ocrx_word' id='word_1_91' title='bbox 771 1744 872 1813; x_wconf 84' lang='grc' dir='ltr'>τῆς</span> <span class='ocrx_word' id='word_1_92' title='bbox 898 1743 1096 1814; x_wconf 79' lang='grc' dir='ltr'>ψυχῆς.</span> <span class='ocrx_word' id='word_1_93' title='bbox 1128 1765 1145 1796; x_wconf 77' lang='grc' dir='ltr'><strong>ι</strong></span> 
     </span>
    </p>
   </div>
   <div class='ocr_carea' id='block_1_15' title="bbox 277 1834 1780 1908">
    <p class='ocr_par' dir='ltr' id='par_1_15' title="bbox 277 1834 1780 1908">
     <span class='ocr_line' id='line_1_15' title="bbox 277 1834 1780 1908; baseline 0.004 -22"><span class='ocrx_word' id='word_1_94' title='bbox 277 1854 295 1885; x_wconf 81' lang='grc' dir='ltr'><strong>ι</strong></span> <span class='ocrx_word' id='word_1_95' title='bbox 342 1834 487 1903; x_wconf 82' lang='grc' dir='ltr'><strong>Ἐγὼ</strong></span> <span class='ocrx_word' id='word_1_96' title='bbox 518 1837 547 1887; x_wconf 98' lang='lat'><strong>6</strong></span> <span class='ocrx_word' id='word_1_97' title='bbox 583 1835 915 1907; x_wconf 81' lang='grc' dir='ltr'>δημιουργὸς</span> <span class='ocrx_word' id='word_1_98' title='bbox 965 1837 1192 1903; x_wconf 82' lang='grc' dir='ltr'>ἐνέταξα</span> <span class='ocrx_word' id='word_1_99' title='bbox 1221 1838 1300 1905; x_wconf 82' lang='grc' dir='ltr'>τῷ</span> <span class='ocrx_word' id='word_1_100' title='bbox 1333 1838 1613 1908; x_wconf 78' lang='grc' dir='ltr'><strong>πλάσματι</strong></span> <span class='ocrx_word' id='word_1_101' title='bbox 1659 1842 1780 1892; x_wconf 83' lang='grc' dir='ltr'>ἐπι-</span> 
     </span>
    </p>
   </div>
   <div class='ocr_carea' id='block_1_16' title="bbox 201 1926 1784 1999">
    <p class='ocr_par' dir='ltr' id='par_1_16' title="bbox 201 1926 1784 1999">
     <span class='ocr_line' id='line_1_16' title="bbox 201 1926 1784 1999; baseline 0.004 -21"><span class='ocrx_word' id='word_1_102' title='bbox 201 1926 428 1997; x_wconf 71' lang='grc' dir='ltr'>θυμίαν,</span> <span class='ocrx_word' id='word_1_103' title='bbox 455 1929 550 1981; x_wconf 72' lang='grc' dir='ltr'>καὶ</span> <span class='ocrx_word' id='word_1_104' title='bbox 575 1928 636 1980; x_wconf 83' lang='grc' dir='ltr'><strong>οὐ</strong></span> <span class='ocrx_word' id='word_1_105' title='bbox 658 1929 719 1981; x_wconf 78' lang='grc' dir='ltr'>τὸ</span> <span class='ocrx_word' id='word_1_106' title='bbox 744 1929 973 1996; x_wconf 74' lang='grc' dir='ltr'>φυσικὸν</span> <span class='ocrx_word' id='word_1_107' title='bbox 1000 1929 1205 1999; x_wconf 83' lang='grc' dir='ltr'>κίνημα</span> <span class='ocrx_word' id='word_1_108' title='bbox 1223 1930 1512 1984; x_wconf 79' lang='grc' dir='ltr'>διαδάλλω.</span> <span class='ocrx_word' id='word_1_109' title='bbox 1540 1933 1615 1984; x_wconf 79' lang='grc' dir='ltr'><strong>(ιύ</strong></span> <span class='ocrx_word' id='word_1_110' title='bbox 1641 1932 1784 1999; x_wconf 79' lang='grc' dir='ltr'>λέγω</span> 
     </span>
    </p>
   </div>
   <div class='ocr_carea' id='block_1_17' title="bbox 200 2022 1782 2092">
    <p class='ocr_par' dir='ltr' id='par_1_17' title="bbox 200 2022 1782 2092">
     <span class='ocr_line' id='line_1_17' title="bbox 200 2022 1782 2092; baseline 0.003 -19"><span class='ocrx_word' id='word_1_111' title='bbox 200 2022 311 2090; x_wconf 82' lang='grc' dir='ltr'><strong>γάρ</strong></span> <span class='ocrx_word' id='word_1_112' title='bbox 331 2036 345 2048; x_wconf 89' lang='grc'><strong>·</strong></span> <span class='ocrx_word' id='word_1_113' title='bbox 378 2022 495 2075; x_wconf 77' lang='grc' dir='ltr'><strong>Οὐκ</strong></span> <span class='ocrx_word' id='word_1_114' title='bbox 521 2023 903 2091; x_wconf 78' lang='grc' dir='ltr'>ἐπιθυμήσεις.</span> <span class='ocrx_word' id='word_1_115' title='bbox 933 2024 1050 2075; x_wconf 85' lang='grc' dir='ltr'>Οὐκ</span> <span class='ocrx_word' id='word_1_116' title='bbox 1082 2026 1311 2077; x_wconf 84' lang='grc' dir='ltr'>άνασπῶ</span> <span class='ocrx_word' id='word_1_117' title='bbox 1337 2026 1432 2077; x_wconf 78' lang='grc' dir='ltr'>τοῦ</span> <span class='ocrx_word' id='word_1_118' title='bbox 1464 2025 1646 2089; x_wconf 87' lang='grc' dir='ltr'>καλῶς</span> <span class='ocrx_word' id='word_1_119' title='bbox 1677 2043 1782 2092; x_wconf 85' lang='grc' dir='ltr'>φυ-</span> 
     </span>
    </p>
   </div>
   <div class='ocr_carea' id='block_1_18' title="bbox 200 2112 1782 2187">
    <p class='ocr_par' dir='ltr' id='par_1_18' title="bbox 200 2112 1782 2187">
     <span class='ocr_line' id='line_1_18' title="bbox 200 2112 1782 2187; baseline 0.004 -23"><span class='ocrx_word' id='word_1_120' title='bbox 200 2112 492 2176; x_wconf 79' lang='grc' dir='ltr'>τευθέντος</span> <span class='ocrx_word' id='word_1_121' title='bbox 516 2114 617 2181; x_wconf 80' lang='grc' dir='ltr'>τὴν</span> <span class='ocrx_word' id='word_1_122' title='bbox 649 2113 829 2183; x_wconf 78' lang='grc' dir='ltr'>ῥίζαν,</span> <span class='ocrx_word' id='word_1_123' title='bbox 860 2113 995 2167; x_wconf 81' lang='grc' dir='ltr'>ἀλλὰ</span> <span class='ocrx_word' id='word_1_124' title='bbox 1026 2115 1121 2167; x_wconf 80' lang='grc' dir='ltr'>τοῦ</span> <span class='ocrx_word' id='word_1_125' title='bbox 1157 2115 1567 2186; x_wconf 82' lang='grc' dir='ltr'>προφθαρέντος</span> <span class='ocrx_word' id='word_1_126' title='bbox 1612 2117 1782 2187; x_wconf 81' lang='grc' dir='ltr'>φυτοῦ</span> 
     </span>
    </p>
   </div>
   <div class='ocr_carea' id='block_1_19' title="bbox 201 2206 1784 2281">
    <p class='ocr_par' dir='ltr' id='par_1_19' title="bbox 201 2206 1784 2281">
     <span class='ocr_line' id='line_1_19' title="bbox 201 2206 1784 2281; baseline 0.004 -23"><span class='ocrx_word' id='word_1_127' title='bbox 201 2207 267 2259; x_wconf 72' lang='grc' dir='ltr'>τὰ</span> <span class='ocrx_word' id='word_1_128' title='bbox 298 2206 436 2260; x_wconf 83' lang='grc' dir='ltr'>νόθα</span> <span class='ocrx_word' id='word_1_129' title='bbox 480 2207 703 2276; x_wconf 82' lang='grc' dir='ltr'>πρέμνα</span> <span class='ocrx_word' id='word_1_130' title='bbox 745 2207 1010 2262; x_wconf 79' lang='grc' dir='ltr'>κλαδεύω.</span> <span class='ocrx_word' id='word_1_131' title='bbox 1042 2210 1116 2261; x_wconf 87' lang='grc' dir='ltr'><strong>Οὑ</strong></span> <span class='ocrx_word' id='word_1_132' title='bbox 1152 2209 1295 2277; x_wconf 80' lang='grc' dir='ltr'>λέγω</span> <span class='ocrx_word' id='word_1_133' title='bbox 1338 2206 1429 2263; x_wconf 77' lang='grc' dir='ltr'><strong>οὖν</strong></span> <span class='ocrx_word' id='word_1_134' title='bbox 1456 2211 1556 2281; x_wconf 82' lang='grc' dir='ltr'>τὴν</span> <span class='ocrx_word' id='word_1_135' title='bbox 1595 2212 1784 2264; x_wconf 78' lang='grc' dir='ltr'>ἐπιθυ-</span> 
     </span>
    </p>
   </div>
   <div class='ocr_carea' id='block_1_20' title="bbox 205 2299 1783 2375">
    <p class='ocr_par' dir='ltr' id='par_1_20' title="bbox 205 2299 1783 2375">
     <span class='ocr_line' id='line_1_20' title="bbox 205 2299 1783 2375; baseline 0.004 -25"><span class='ocrx_word' id='word_1_136' title='bbox 205 2299 338 2367; x_wconf 84' lang='grc' dir='ltr'>μίαν</span> <span class='ocrx_word' id='word_1_137' title='bbox 368 2301 545 2370; x_wconf 76' lang='grc' dir='ltr'>αὐτὴν</span> <span class='ocrx_word' id='word_1_138' title='bbox 580 2299 825 2369; x_wconf 81' lang='grc' dir='ltr'>ἐξορίσαι</span> <span class='ocrx_word' id='word_1_139' title='bbox 850 2301 951 2371; x_wconf 81' lang='grc' dir='ltr'>τῆς</span> <span class='ocrx_word' id='word_1_140' title='bbox 990 2301 1194 2372; x_wconf 77' lang='grc' dir='ltr'>ψυχῆς,</span> <span class='ocrx_word' id='word_1_141' title='bbox 1227 2302 1363 2356; x_wconf 81' lang='grc' dir='ltr'>ἀλλὰ</span> <span class='ocrx_word' id='word_1_142' title='bbox 1415 2303 1509 2356; x_wconf 76' lang='grc' dir='ltr'>τοῦ</span> <span class='ocrx_word' id='word_1_143' title='bbox 1545 2305 1783 2375; x_wconf 84' lang='grc' dir='ltr'>μαχικοῦ</span> 
     </span>
    </p>
   </div>
   <div class='ocr_carea' id='block_1_21' title="bbox 202 2392 1781 2464">
    <p class='ocr_par' dir='ltr' id='par_1_21' title="bbox 202 2392 1781 2464">
     <span class='ocr_line' id='line_1_21' title="bbox 202 2392 1781 2464; baseline 0.006 -22"><span class='ocrx_word' id='word_1_144' title='bbox 202 2392 414 2455; x_wconf 78' lang='grc' dir='ltr'>πάθους</span> <span class='ocrx_word' id='word_1_145' title='bbox 432 2392 534 2454; x_wconf 79' lang='grc' dir='ltr'><strong>τὰς</strong></span> <span class='ocrx_word' id='word_1_146' title='bbox 570 2394 937 2463; x_wconf 76' lang='grc' dir='ltr'>παραφυάδας</span> <span class='ocrx_word' id='word_1_147' title='bbox 964 2393 1045 2446; x_wconf 80' lang='grc' dir='ltr'><strong>ἔτι</strong></span> <span class='ocrx_word' id='word_1_148' title='bbox 1076 2394 1481 2464; x_wconf 78' lang='grc' dir='ltr'>βλαστανούσας</span> <span class='ocrx_word' id='word_1_149' title='bbox 1506 2396 1781 2452; x_wconf 86' lang='grc' dir='ltr'>ἐκκόπτω.</span> 
     </span>
    </p>
   </div>
   <div class='ocr_carea' id='block_1_22' title="bbox 202 2486 1784 2563">
    <p class='ocr_par' dir='ltr' id='par_1_22' title="bbox 202 2486 1784 2563">
     <span class='ocr_line' id='line_1_22' title="bbox 202 2486 1784 2563; baseline -0.003 -25"><span class='ocrx_word' id='word_1_150' title='bbox 202 2486 300 2549; x_wconf 76' lang='grc' dir='ltr'><strong>Τίς</strong></span> <span class='ocrx_word' id='word_1_151' title='bbox 332 2489 399 2557; x_wconf 82' lang='grc' dir='ltr'>τῇ</span> <span class='ocrx_word' id='word_1_152' title='bbox 446 2488 586 2557; x_wconf 81' lang='grc' dir='ltr'>καλῇ</span> <span class='ocrx_word' id='word_1_153' title='bbox 617 2489 834 2560; x_wconf 64' lang='grc' dir='ltr'>ἀρούρις.</span> <span class='ocrx_word' id='word_1_154' title='bbox 861 2487 1076 2553; x_wconf 77' lang='grc' dir='ltr'>ζιζάνια</span> <span class='ocrx_word' id='word_1_155' title='bbox 1120 2490 1517 2562; x_wconf 83' lang='grc' dir='ltr'>παρασπείρει;</span> <span class='ocrx_word' id='word_1_156' title='bbox 1555 2494 1784 2563; x_wconf 73' lang='grc' dir='ltr'>Σπέρμα</span> 
     </span>
    </p>
   </div>
   <div class='ocr_carea' id='block_1_23' title="bbox 203 2576 1780 2655">
    <p class='ocr_par' dir='ltr' id='par_1_23' title="bbox 203 2576 1780 2655">
     <span class='ocr_line' id='line_1_23' title="bbox 203 2576 1780 2655; baseline 0.006 -27"><span class='ocrx_word' id='word_1_157' title='bbox 203 2576 372 2629; x_wconf 77' lang='grc' dir='ltr'>καλὸν</span> <span class='ocrx_word' id='word_1_158' title='bbox 422 2577 688 2648; x_wconf 80' lang='grc' dir='ltr'>ἔσπειρα·</span> <span class='ocrx_word' id='word_1_159' title='bbox 742 2579 908 2632; x_wconf 87' lang='grc' dir='ltr'>πόθεν</span> <span class='ocrx_word' id='word_1_160' title='bbox 954 2579 1063 2632; x_wconf 90' lang='grc' dir='ltr'><strong>τῶν</strong></span> <span class='ocrx_word' id='word_1_161' title='bbox 1142 2580 1400 2643; x_wconf 77' lang='grc' dir='ltr'>ζιζανίων</span> <span class='ocrx_word' id='word_1_162' title='bbox 1447 2585 1475 2637; x_wconf 91' lang='lat'><strong>6</strong></span> <span class='ocrx_word' id='word_1_163' title='bbox 1526 2584 1780 2655; x_wconf 77' lang='grc' dir='ltr'>ὅλεθροςς</span> 
     </span>
    </p>
   </div>
   <div class='ocr_carea' id='block_1_24' title="bbox 204 2669 1783 2749">
    <p class='ocr_par' dir='ltr' id='par_1_24' title="bbox 204 2669 1783 2749">
     <span class='ocr_line' id='line_1_24' title="bbox 204 2669 1783 2749; baseline 0.008 -28"><span class='ocrx_word' id='word_1_164' title='bbox 204 2669 488 2741; x_wconf 76' lang='grc' dir='ltr'>ἐκτριψον,</span> <span class='ocrx_word' id='word_1_165' title='bbox 528 2672 798 2742; x_wconf 84' lang='grc' dir='ltr'>πάτησον,</span> <span class='ocrx_word' id='word_1_166' title='bbox 833 2672 1133 2739; x_wconf 83' lang='grc' dir='ltr'>ἀπόπνιξον</span> <span class='ocrx_word' id='word_1_167' title='bbox 1163 2674 1225 2727; x_wconf 81' lang='grc' dir='ltr'><strong>τὸ</strong></span> <span class='ocrx_word' id='word_1_168' title='bbox 1254 2677 1477 2747; x_wconf 83' lang='grc' dir='ltr'>σπέρμα</span> <span class='ocrx_word' id='word_1_169' title='bbox 1517 2678 1580 2730; x_wconf 85' lang='grc' dir='ltr'><strong>τὸ</strong></span> <span class='ocrx_word' id='word_1_170' title='bbox 1612 2696 1783 2749; x_wconf 84' lang='grc' dir='ltr'>πονη-</span> 
     </span>
    </p>
   </div>
   <div class='ocr_carea' id='block_1_25' title="bbox 206 2764 1779 2839">
    <p class='ocr_par' dir='ltr' id='par_1_25' title="bbox 206 2764 1779 2839">
     <span class='ocr_line' id='line_1_25' title="bbox 206 2764 1779 2839; baseline 0.005 -23"><span class='ocrx_word' id='word_1_171' title='bbox 206 2764 321 2831; x_wconf 84' lang='grc' dir='ltr'>ρὸν,</span> <span class='ocrx_word' id='word_1_172' title='bbox 383 2768 480 2817; x_wconf 77' lang='grc' dir='ltr'><strong>καὶ</strong></span> <span class='ocrx_word' id='word_1_173' title='bbox 532 2766 594 2819; x_wconf 76' lang='grc' dir='ltr'><strong>οὐ</strong></span> <span class='ocrx_word' id='word_1_174' title='bbox 642 2767 891 2830; x_wconf 88' lang='grc' dir='ltr'>πονέσεις</span> <span class='ocrx_word' id='word_1_175' title='bbox 941 2766 1307 2839; x_wconf 84' lang='grc' dir='ltr'>ἁδρυνομένου</span> <span class='ocrx_word' id='word_1_176' title='bbox 1365 2769 1462 2823; x_wconf 82' lang='grc' dir='ltr'>τοῦ</span> <span class='ocrx_word' id='word_1_177' title='bbox 1520 2771 1779 2835; x_wconf 77' lang='grc' dir='ltr'>ζιζανίου.</span> 
     </span>
    </p>
   </div>
   <div class='ocr_carea' id='block_1_26' title="bbox 204 2855 1781 2928">
    <p class='ocr_par' dir='ltr' id='par_1_26' title="bbox 204 2855 1781 2928">
     <span class='ocr_line' id='line_1_26' title="bbox 204 2855 1781 2928; baseline 0.004 -19"><span class='ocrx_word' id='word_1_178' title='bbox 204 2855 332 2923; x_wconf 82' lang='grc' dir='ltr'><strong>Πᾶς</strong></span> <span class='ocrx_word' id='word_1_179' title='bbox 376 2856 448 2909; x_wconf 82' lang='grc' dir='ltr'>δὲ</span> <span class='ocrx_word' id='word_1_180' title='bbox 489 2857 558 2924; x_wconf 86' lang='grc' dir='ltr'><strong>ὂς</strong></span> <span class='ocrx_word' id='word_1_181' title='bbox 604 2858 713 2911; x_wconf 82' lang='grc' dir='ltr'><strong>ἐὰν</strong></span> <span class='ocrx_word' id='word_1_182' title='bbox 749 2858 1023 2927; x_wconf 73' lang='grc' dir='ltr'><strong>ἐμϐλέψῃ</strong></span> <span class='ocrx_word' id='word_1_183' title='bbox 1070 2861 1314 2928; x_wconf 70' lang='grc' dir='ltr'>γυναικὶ</span> <span class='ocrx_word' id='word_1_184' title='bbox 1350 2861 1504 2928; x_wconf 73' lang='grc' dir='ltr'>πρὸς</span> <span class='ocrx_word' id='word_1_185' title='bbox 1531 2863 1598 2915; x_wconf 85' lang='grc' dir='ltr'>τὸ</span> <span class='ocrx_word' id='word_1_186' title='bbox 1650 2864 1781 2917; x_wconf 77' lang='grc' dir='ltr'>ἐπι-</span> 
     </span>
    </p>
   </div>
   <div class='ocr_carea' id='block_1_27' title="bbox 203 2945 1784 3025">
    <p class='ocr_par' dir='ltr' id='par_1_27' title="bbox 203 2945 1784 3025">
     <span class='ocr_line' id='line_1_27' title="bbox 203 2945 1784 3025; baseline 0.006 -24"><span class='ocrx_word' id='word_1_187' title='bbox 203 2945 477 3015; x_wconf 80' lang='grc' dir='ltr'>θυμῆσαι</span> <span class='ocrx_word' id='word_1_188' title='bbox 511 2948 725 3016; x_wconf 79' lang='grc' dir='ltr'>αὐτὴν,</span> <span class='ocrx_word' id='word_1_189' title='bbox 781 2948 900 3019; x_wconf 78' lang='grc' dir='ltr'>ἤδη</span> <span class='ocrx_word' id='word_1_190' title='bbox 934 2950 1295 3021; x_wconf 79' lang='grc' dir='ltr'><strong>ἐμοίχευσεν</strong></span> <span class='ocrx_word' id='word_1_191' title='bbox 1346 2954 1544 3023; x_wconf 78' lang='grc' dir='ltr'>αὐτὴν</span> <span class='ocrx_word' id='word_1_192' title='bbox 1598 2956 1671 3010; x_wconf 80' lang='grc' dir='ltr'>ἐν</span> <span class='ocrx_word' id='word_1_193' title='bbox 1707 2956 1784 3025; x_wconf 73' lang='grc' dir='ltr'>τῇ</span> 
     </span>
    </p>
   </div>
   <div class='ocr_carea' id='block_1_28' title="bbox 204 3040 658 3108">
    <p class='ocr_par' dir='ltr' id='par_1_28' title="bbox 204 3040 658 3108">
     <span class='ocr_line' id='line_1_28' title="bbox 204 3040 658 3108; baseline 0.007 -14"><span class='ocrx_word' id='word_1_194' title='bbox 204 3040 421 3108; x_wconf 77' lang='grc' dir='ltr'>καρδίᾳ</span> <span class='ocrx_word' id='word_1_195' title='bbox 451 3041 658 3097; x_wconf 83' lang='grc' dir='ltr'>αυτοῦ.</span> 
     </span>
    </p>
   </div>
   <div class='ocr_carea' id='block_1_29' title="bbox 192 3133 1784 3210">
    <p class='ocr_par' dir='ltr' id='par_1_29' title="bbox 192 3133 1784 3210">
     <span class='ocr_line' id='line_1_29' title="bbox 192 3133 1784 3210; baseline 0.008 -26"><span class='ocrx_word' id='word_1_196' title='bbox 192 3197 203 3210; x_wconf 43' lang='grc'><em>,</em></span> <span class='ocrx_word' id='word_1_197' title='bbox 278 3134 494 3205; x_wconf 83' lang='grc' dir='ltr'>Ὠσπερ</span> <span class='ocrx_word' id='word_1_198' title='bbox 546 3133 626 3202; x_wconf 84' lang='grc' dir='ltr'>τῷ</span> <span class='ocrx_word' id='word_1_199' title='bbox 682 3134 929 3205; x_wconf 83' lang='grc' dir='ltr'>στρουθῷ</span> <span class='ocrx_word' id='word_1_200' title='bbox 956 3136 1067 3189; x_wconf 88' lang='grc' dir='ltr'><strong>τῶν</strong></span> <span class='ocrx_word' id='word_1_201' title='bbox 1107 3137 1327 3208; x_wconf 83' lang='grc' dir='ltr'>πτερῶν</span> <span class='ocrx_word' id='word_1_202' title='bbox 1380 3139 1574 3209; x_wconf 76' lang='grc' dir='ltr'>ὄφελος</span> <span class='ocrx_word' id='word_1_203' title='bbox 1628 3143 1784 3196; x_wconf 81' lang='grc' dir='ltr'>οὐδὲν</span> 
     </span>
    </p>
   </div>
   <div class='ocr_carea' id='block_1_30' title="bbox 1465 424 2200 487">
    <p class='ocr_par' dir='ltr' id='par_1_30' title="bbox 1465 424 2200 487">
     <span class='ocr_line' id='line_1_30' title="bbox 1465 424 2200 487; baseline -0.001 -1"><span class='ocrx_word' id='word_1_204' title='bbox 1465 428 1698 487; x_wconf 74' lang='lat' dir='ltr'><strong>SACRA</strong></span> <span class='ocrx_word' id='word_1_205' title='bbox 1740 428 1828 485; x_wconf 83' lang='lat' dir='ltr'><strong>PA</strong></span> <span class='ocrx_word' id='word_1_206' title='bbox 1838 424 2200 485; x_wconf 69' lang='lat' dir='ltr'><strong>RALLELA.</strong></span> 
     </span>
    </p>
   </div>
   <div class='ocr_carea' id='block_1_31' title="bbox 3316 414 3457 478">
    <p class='ocr_par' dir='ltr' id='par_1_31' title="bbox 3316 414 3457 478">
     <span class='ocr_line' id='line_1_31' title="bbox 3316 414 3457 478; baseline 0.014 -1"><span class='ocrx_word' id='word_1_207' title='bbox 3316 414 3457 478; x_wconf 80' lang='lat'><strong>1558</strong></span> 
     </span>
    </p>
   </div>
   <div class='ocr_carea' id='block_1_32' title="bbox 1959 535 3455 605">
    <p class='ocr_par' dir='ltr' id='par_1_32' title="bbox 1959 535 3455 605">
     <span class='ocr_line' id='line_1_32' title="bbox 1959 535 3455 605; baseline -0.005 -13"><span class='ocrx_word' id='word_1_208' title='bbox 1959 540 2123 595; x_wconf 82' lang='lat' dir='ltr'><strong>Eccli.</strong></span> <span class='ocrx_word' id='word_1_209' title='bbox 2163 556 2316 601; x_wconf 79' lang='lat' dir='ltr'><strong>xvm.</strong></span> <span class='ocrx_word' id='word_1_210' title='bbox 2353 540 2442 593; x_wconf 79' lang='lat'><strong>30.</strong></span> <span class='ocrx_word' id='word_1_211' title='bbox 2475 569 2543 578; x_wconf 91' lang='lat'><strong><em>—</em></strong></span> <span class='ocrx_word' id='word_1_212' title='bbox 2571 558 2589 589; x_wconf 83' lang='grc' dir='ltr'><strong>ι</strong></span> <span class='ocrx_word' id='word_1_213' title='bbox 2624 536 2758 591; x_wconf 82' lang='grc' dir='ltr'>Ροει</span> <span class='ocrx_word' id='word_1_214' title='bbox 2808 535 3294 605; x_wconf 84' lang='lat' dir='ltr'><strong>concupiscentias</strong></span> <span class='ocrx_word' id='word_1_215' title='bbox 3329 540 3455 587; x_wconf 81' lang='lat' dir='ltr'><strong>tuas</strong></span> 
     </span>
    </p>
   </div>
   <div class='ocr_carea' id='block_1_33' title="bbox 1884 635 3128 696">
    <p class='ocr_par' dir='ltr' id='par_1_33' title="bbox 1884 635 3128 696">
     <span class='ocr_line' id='line_1_33' title="bbox 1884 635 3128 696; baseline -0.004 -9"><span class='ocrx_word' id='word_1_216' title='bbox 1884 652 1951 688; x_wconf 87' lang='lat' dir='ltr'><strong>ne</strong></span> <span class='ocrx_word' id='word_1_217' title='bbox 1989 635 2174 696; x_wconf 81' lang='lat' dir='ltr'><strong>abeas,</strong></span> <span class='ocrx_word' id='word_1_218' title='bbox 2207 642 2262 687; x_wconf 83' lang='lat' dir='ltr'><strong>et</strong></span> <span class='ocrx_word' id='word_1_219' title='bbox 2292 650 2321 686; x_wconf 86' lang='lat' dir='ltr'><strong>a</strong></span> <span class='ocrx_word' id='word_1_220' title='bbox 2358 635 2644 686; x_wconf 84' lang='lat' dir='ltr'><strong>voluntate</strong></span> <span class='ocrx_word' id='word_1_221' title='bbox 2678 638 2777 685; x_wconf 80' lang='lat' dir='ltr'><strong>tua</strong></span> <span class='ocrx_word' id='word_1_222' title='bbox 2798 640 3067 685; x_wconf 82' lang='lat' dir='ltr'><strong>avertere.</strong></span> <span class='ocrx_word' id='word_1_223' title='bbox 3108 648 3128 682; x_wconf 75' lang='grc' dir='ltr'><strong>ι</strong></span> 
     </span>
    </p>
   </div>
   <div class='ocr_carea' id='block_1_34' title="bbox 1951 722 3457 796">
    <p class='ocr_par' dir='ltr' id='par_1_34' title="bbox 1951 722 3457 796">
     <span class='ocr_line' id='line_1_34' title="bbox 1951 722 3457 796; baseline -0.006 -14"><span class='ocrx_word' id='word_1_224' title='bbox 1951 728 2078 795; x_wconf 85' lang='lat' dir='ltr'><strong>Sap.</strong></span> <span class='ocrx_word' id='word_1_225' title='bbox 2116 744 2187 787; x_wconf 82' lang='lat' dir='ltr'><strong>IV,</strong></span> <span class='ocrx_word' id='word_1_226' title='bbox 2220 727 2391 779; x_wconf 53' lang='grc' dir='ltr'>ιλ-</span> <span class='ocrx_word' id='word_1_227' title='bbox 2429 746 2447 779; x_wconf 83' lang='grc' dir='ltr'><strong>ι</strong></span> <span class='ocrx_word' id='word_1_228' title='bbox 2482 724 2742 796; x_wconf 81' lang='lat' dir='ltr'><strong>Evagatio</strong></span> <span class='ocrx_word' id='word_1_229' title='bbox 2773 722 3251 793; x_wconf 71' lang='lat' dir='ltr'><strong>concupiscentia:</strong></span> <span class='ocrx_word' id='word_1_230' title='bbox 3283 730 3457 774; x_wconf 83' lang='lat' dir='ltr'><strong>trans-</strong></span> 
     </span>
    </p>
   </div>
   <div class='ocr_carea' id='block_1_35' title="bbox 1884 820 2332 876">
    <p class='ocr_par' dir='ltr' id='par_1_35' title="bbox 1884 820 2332 876">
     <span class='ocr_line' id='line_1_35' title="bbox 1884 820 2332 876; baseline -0.009 -3"><span class='ocrx_word' id='word_1_231' title='bbox 1884 820 1989 876; x_wconf 81' lang='lat' dir='ltr'><strong>fert</strong></span> <span class='ocrx_word' id='word_1_232' title='bbox 2016 830 2276 875; x_wconf 88' lang='lat' dir='ltr'><strong>mentem.</strong></span> <span class='ocrx_word' id='word_1_233' title='bbox 2314 840 2332 869; x_wconf 74' lang='grc' dir='ltr'><strong>ι</strong></span> 
     </span>
    </p>
   </div>
   <div class='ocr_carea' id='block_1_36' title="bbox 1953 908 3479 982">
    <p class='ocr_par' dir='ltr' id='par_1_36' title="bbox 1953 908 3479 982">
     <span class='ocr_line' id='line_1_36' title="bbox 1953 908 3479 982; baseline -0.007 -15"><span class='ocrx_word' id='word_1_234' title='bbox 1953 914 2146 968; x_wconf 83' lang='lat' dir='ltr'><strong>Matth.</strong></span> <span class='ocrx_word' id='word_1_235' title='bbox 2190 930 2245 977; x_wconf 84' lang='grc' dir='ltr'><strong>ν,</strong></span> <span class='ocrx_word' id='word_1_236' title='bbox 2279 913 2374 966; x_wconf 71' lang='grc'><strong>28.</strong></span> <span class='ocrx_word' id='word_1_237' title='bbox 2401 944 2471 954; x_wconf 96' lang='grc'><strong>-</strong></span> <span class='ocrx_word' id='word_1_238' title='bbox 2504 930 2522 963; x_wconf 84' lang='grc' dir='ltr'><strong>ι</strong></span> <span class='ocrx_word' id='word_1_239' title='bbox 2557 910 2752 967; x_wconf 87' lang='lat' dir='ltr'><strong>Omnis</strong></span> <span class='ocrx_word' id='word_1_240' title='bbox 2799 910 2897 982; x_wconf 87' lang='lat' dir='ltr'><strong>qui</strong></span> <span class='ocrx_word' id='word_1_241' title='bbox 2936 910 3133 964; x_wconf 86' lang='lat' dir='ltr'><strong>viderit</strong></span> <span class='ocrx_word' id='word_1_242' title='bbox 3164 908 3479 961; x_wconf 74' lang='lat' dir='ltr'><strong>mulierem~</strong></span> 
     </span>
    </p>
   </div>
   <div class='ocr_carea' id='block_1_37' title="bbox 1884 1003 3453 1074">
    <p class='ocr_par' dir='ltr' id='par_1_37' title="bbox 1884 1003 3453 1074">
     <span class='ocr_line' id='line_1_37' title="bbox 1884 1003 3453 1074; baseline -0.005 -17"><span class='ocrx_word' id='word_1_243' title='bbox 1884 1005 1950 1058; x_wconf 89' lang='lat' dir='ltr'><strong>ad</strong></span> <span class='ocrx_word' id='word_1_244' title='bbox 1984 1004 2495 1073; x_wconf 83' lang='lat' dir='ltr'><strong>concupiscendum</strong></span> <span class='ocrx_word' id='word_1_245' title='bbox 2522 1019 2668 1069; x_wconf 90' lang='lat' dir='ltr'><strong>eam,</strong></span> <span class='ocrx_word' id='word_1_246' title='bbox 2706 1003 2824 1074; x_wconf 82' lang='lat' dir='ltr'><strong>jam</strong></span> <span class='ocrx_word' id='word_1_247' title='bbox 2866 1003 3180 1057; x_wconf 66' lang='lat' dir='ltr'><strong>moechatus</strong></span> <span class='ocrx_word' id='word_1_248' title='bbox 3213 1005 3302 1053; x_wconf 85' lang='lat' dir='ltr'><strong>est</strong></span> <span class='ocrx_word' id='word_1_249' title='bbox 3332 1012 3453 1052; x_wconf 89' lang='lat' dir='ltr'><strong>eam</strong></span> 
     </span>
    </p>
   </div>
   <div class='ocr_carea' id='block_1_38' title="bbox 1883 1100 2349 1153">
    <p class='ocr_par' dir='ltr' id='par_1_38' title="bbox 1883 1100 2349 1153">
     <span class='ocr_line' id='line_1_38' title="bbox 1883 1100 2349 1153; baseline -0.002 -2"><span class='ocrx_word' id='word_1_250' title='bbox 1883 1103 1936 1151; x_wconf 87' lang='lat' dir='ltr'><strong>in</strong></span> <span class='ocrx_word' id='word_1_251' title='bbox 1971 1100 2137 1153; x_wconf 86' lang='lat' dir='ltr'><strong>corde</strong></span> <span class='ocrx_word' id='word_1_252' title='bbox 2167 1115 2289 1153; x_wconf 89' lang='lat' dir='ltr'><strong>suo.</strong></span> <span class='ocrx_word' id='word_1_253' title='bbox 2330 1117 2349 1150; x_wconf 74' lang='grc' dir='ltr'><strong>ι</strong></span> 
     </span>
    </p>
   </div>
   <div class='ocr_carea' id='block_1_39' title="bbox 1954 1182 3457 1259">
    <p class='ocr_par' dir='ltr' id='par_1_39' title="bbox 1954 1182 3457 1259">
     <span class='ocr_line' id='line_1_39' title="bbox 1954 1182 3457 1259; baseline -0.004 -18"><span class='ocrx_word' id='word_1_254' title='bbox 1954 1189 1977 1241; x_wconf 96' lang='grc'><em>1</em></span> <span class='ocrx_word' id='word_1_255' title='bbox 2014 1187 2179 1243; x_wconf 75' lang='lat' dir='ltr'><strong>Joan.</strong></span> <span class='ocrx_word' id='word_1_256' title='bbox 2235 1207 2293 1254; x_wconf 84' lang='grc' dir='ltr'><strong>ιι,</strong></span> <span class='ocrx_word' id='word_1_257' title='bbox 2326 1189 2409 1244; x_wconf 83' lang='grc'><strong>16.</strong></span> <span class='ocrx_word' id='word_1_258' title='bbox 2434 1220 2504 1232; x_wconf 83' lang='lat'><strong>-—</strong></span> <span class='ocrx_word' id='word_1_259' title='bbox 2530 1208 2549 1240; x_wconf 79' lang='grc' dir='ltr'><strong>ι</strong></span> <span class='ocrx_word' id='word_1_260' title='bbox 2578 1188 2754 1244; x_wconf 85' lang='lat' dir='ltr'><strong>Omne</strong></span> <span class='ocrx_word' id='word_1_261' title='bbox 2791 1187 2937 1259; x_wconf 87' lang='lat' dir='ltr'><strong>quod</strong></span> <span class='ocrx_word' id='word_1_262' title='bbox 2988 1186 3044 1240; x_wconf 89' lang='lat' dir='ltr'><strong>in</strong></span> <span class='ocrx_word' id='word_1_263' title='bbox 3095 1182 3301 1239; x_wconf 90' lang='lat' dir='ltr'><strong>mundo</strong></span> <span class='ocrx_word' id='word_1_264' title='bbox 3330 1189 3412 1237; x_wconf 92' lang='lat' dir='ltr'><strong>est</strong></span> <span class='ocrx_word' id='word_1_265' title='bbox 3438 1218 3457 1244; x_wconf 81' lang='lat'><strong>,</strong></span> 
     </span>
    </p>
   </div>
   <div class='ocr_carea' id='block_1_40' title="bbox 1883 1274 3455 1352">
    <p class='ocr_par' dir='ltr' id='par_1_40' title="bbox 1883 1274 3455 1352">
     <span class='ocr_line' id='line_1_40' title="bbox 1883 1274 3455 1352; baseline -0.004 -18"><span class='ocrx_word' id='word_1_266' title='bbox 1883 1293 1979 1335; x_wconf 77' lang='lat' dir='ltr'><strong>aut</strong></span> <span class='ocrx_word' id='word_1_267' title='bbox 2009 1294 2094 1338; x_wconf 91' lang='lat' dir='ltr'><strong>est</strong></span> <span class='ocrx_word' id='word_1_268' title='bbox 2126 1284 2582 1352; x_wconf 76' lang='lat' dir='ltr'><strong>concupiscentia</strong></span> <span class='ocrx_word' id='word_1_269' title='bbox 2615 1283 2804 1337; x_wconf 87' lang='lat' dir='ltr'><strong>carnis</strong></span> <span class='ocrx_word' id='word_1_270' title='bbox 2826 1322 2841 1346; x_wconf 85' lang='lat'><strong>,</strong></span> <span class='ocrx_word' id='word_1_271' title='bbox 2875 1291 2967 1335; x_wconf 86' lang='lat' dir='ltr'><strong>aut</strong></span> <span class='ocrx_word' id='word_1_272' title='bbox 2999 1274 3455 1346; x_wconf 75' lang='lat' dir='ltr'><strong>concupiscentia</strong></span> 
     </span>
    </p>
   </div>
   <div class='ocr_carea' id='block_1_41' title="bbox 1882 1377 3456 1447">
    <p class='ocr_par' dir='ltr' id='par_1_41' title="bbox 1882 1377 3456 1447">
     <span class='ocr_line' id='line_1_41' title="bbox 1882 1377 3456 1447; baseline -0.004 -20"><span class='ocrx_word' id='word_1_273' title='bbox 1882 1378 2169 1430; x_wconf 92' lang='lat' dir='ltr'><strong>oculorum</strong></span> <span class='ocrx_word' id='word_1_274' title='bbox 2193 1419 2207 1440; x_wconf 92' lang='lat'><strong>,</strong></span> <span class='ocrx_word' id='word_1_275' title='bbox 2269 1386 2372 1431; x_wconf 88' lang='lat' dir='ltr'><strong>aut</strong></span> <span class='ocrx_word' id='word_1_276' title='bbox 2410 1377 2666 1447; x_wconf 82' lang='lat' dir='ltr'><strong>superbia</strong></span> <span class='ocrx_word' id='word_1_277' title='bbox 2717 1377 2847 1431; x_wconf 66' lang='lat' dir='ltr'><strong>vitae</strong></span> <span class='ocrx_word' id='word_1_278' title='bbox 2871 1417 2888 1442; x_wconf 92' lang='lat'><strong>,</strong></span> <span class='ocrx_word' id='word_1_279' title='bbox 2923 1390 3073 1446; x_wconf 63' lang='lat' dir='ltr'><strong>quaa-</strong></span> <span class='ocrx_word' id='word_1_280' title='bbox 3104 1387 3215 1427; x_wconf 89' lang='lat' dir='ltr'><strong>non</strong></span> <span class='ocrx_word' id='word_1_281' title='bbox 3259 1378 3345 1425; x_wconf 84' lang='lat' dir='ltr'><strong>est</strong></span> <span class='ocrx_word' id='word_1_282' title='bbox 3390 1384 3456 1423; x_wconf 78' lang='lat' dir='ltr'><strong>ex</strong></span> 
     </span>
    </p>
   </div>
   <div class='ocr_carea' id='block_1_42' title="bbox 1885 1468 2744 1535">
    <p class='ocr_par' dir='ltr' id='par_1_42' title="bbox 1885 1468 2744 1535">
     <span class='ocr_line' id='line_1_42' title="bbox 1885 1468 2744 1535; baseline -0.001 -14"><span class='ocrx_word' id='word_1_283' title='bbox 1885 1468 2047 1523; x_wconf 85' lang='lat' dir='ltr'><strong>Patre</strong></span> <span class='ocrx_word' id='word_1_284' title='bbox 2073 1510 2087 1532; x_wconf 88' lang='lat'><strong>,</strong></span> <span class='ocrx_word' id='word_1_285' title='bbox 2123 1472 2218 1525; x_wconf 87' lang='lat' dir='ltr'><strong>sed</strong></span> <span class='ocrx_word' id='word_1_286' title='bbox 2242 1486 2308 1524; x_wconf 80' lang='lat' dir='ltr'><strong>ex</strong></span> <span class='ocrx_word' id='word_1_287' title='bbox 2349 1470 2687 1535; x_wconf 67' lang='lat' dir='ltr'><strong>nmndo,est.</strong></span> <span class='ocrx_word' id='word_1_288' title='bbox 2724 1486 2744 1520; x_wconf 84' lang='grc'><strong>›</strong></span> 
     </span>
    </p>
   </div>
   <div class='ocr_carea' id='block_1_43' title="bbox 1955 1556 3460 1627">
    <p class='ocr_par' dir='ltr' id='par_1_43' title="bbox 1955 1556 3460 1627">
     <span class='ocr_line' id='line_1_43' title="bbox 1955 1556 3460 1627; baseline -0.004 -13"><span class='ocrx_word' id='word_1_289' title='bbox 1955 1560 1982 1614; x_wconf 87' lang='grc' dir='ltr'><em>Ι</em></span> <span class='ocrx_word' id='word_1_290' title='bbox 2012 1560 2159 1616; x_wconf 87' lang='lat' dir='ltr'><strong>Petr.</strong></span> <span class='ocrx_word' id='word_1_291' title='bbox 2190 1579 2249 1623; x_wconf 85' lang='lat' dir='ltr'><strong>tt.</strong></span> <span class='ocrx_word' id='word_1_292' title='bbox 2280 1562 2369 1616; x_wconf 71' lang='lat' dir='ltr'><strong>tl.</strong></span> <span class='ocrx_word' id='word_1_293' title='bbox 2393 1594 2461 1603; x_wconf 92' lang='lat'><strong>——</strong></span> <span class='ocrx_word' id='word_1_294' title='bbox 2491 1581 2509 1613; x_wconf 82' lang='lat'><strong>(</strong></span> <span class='ocrx_word' id='word_1_295' title='bbox 2544 1560 2789 1616; x_wconf 85' lang='lat' dir='ltr'><strong>Obsecro</strong></span> <span class='ocrx_word' id='word_1_296' title='bbox 2814 1575 2936 1622; x_wconf 75' lang='lat' dir='ltr'><strong>vos,</strong></span> <span class='ocrx_word' id='word_1_297' title='bbox 2990 1567 3257 1627; x_wconf 80' lang='lat' dir='ltr'><strong>tanquam</strong></span> <span class='ocrx_word' id='word_1_298' title='bbox 3290 1556 3460 1608; x_wconf 83' lang='lat' dir='ltr'><strong>adve-</strong></span> 
     </span>
    </p>
   </div>
   <div class='ocr_carea' id='block_1_44' title="bbox 1886 1644 3463 1722">
    <p class='ocr_par' dir='ltr' id='par_1_44' title="bbox 1886 1644 3463 1722">
     <span class='ocr_line' id='line_1_44' title="bbox 1886 1644 3463 1722; baseline -0.003 -19"><span class='ocrx_word' id='word_1_299' title='bbox 1886 1666 1985 1703; x_wconf 82' lang='lat' dir='ltr'><strong>nas</strong></span> <span class='ocrx_word' id='word_1_300' title='bbox 2018 1662 2067 1704; x_wconf 70' lang='lat' dir='ltr'><strong>c-t</strong></span> <span class='ocrx_word' id='word_1_301' title='bbox 2101 1653 2425 1722; x_wconf 77' lang='lat' dir='ltr'><strong>peregrinos</strong></span> <span class='ocrx_word' id='word_1_302' title='bbox 2447 1696 2459 1714; x_wconf 85' lang='lat'><em>.</em></span> <span class='ocrx_word' id='word_1_303' title='bbox 2491 1654 2775 1706; x_wconf 69' lang='lat' dir='ltr'><strong>abstinuere</strong></span> <span class='ocrx_word' id='word_1_304' title='bbox 2808 1666 2907 1705; x_wconf 87' lang='lat' dir='ltr'><strong>vos</strong></span> <span class='ocrx_word' id='word_1_305' title='bbox 2946 1665 2975 1703; x_wconf 89' lang='lat' dir='ltr'><strong>a</strong></span> <span class='ocrx_word' id='word_1_306' title='bbox 3010 1646 3335 1702; x_wconf 82' lang='lat' dir='ltr'><strong>carnalibus</strong></span> <span class='ocrx_word' id='word_1_307' title='bbox 3367 1644 3463 1700; x_wconf 86' lang='lat' dir='ltr'><strong>de-</strong></span> 
     </span>
    </p>
   </div>
   <div class='ocr_carea' id='block_1_45' title="bbox 1884 1740 3232 1813">
    <p class='ocr_par' dir='ltr' id='par_1_45' title="bbox 1884 1740 3232 1813">
     <span class='ocr_line' id='line_1_45' title="bbox 1884 1740 3232 1813; baseline -0.007 -15"><span class='ocrx_word' id='word_1_308' title='bbox 1884 1744 2111 1798; x_wconf 79' lang='lat' dir='ltr'><strong>sideriis</strong></span> <span class='ocrx_word' id='word_1_309' title='bbox 2132 1786 2145 1803; x_wconf 81' lang='lat'><strong>,</strong></span> <span class='ocrx_word' id='word_1_310' title='bbox 2181 1760 2303 1812; x_wconf 76' lang='lat' dir='ltr'><strong>qua:</strong></span> <span class='ocrx_word' id='word_1_311' title='bbox 2338 1751 2589 1813; x_wconf 35' lang='lat' dir='ltr'><strong>praésunt&#39;</strong></span> <span class='ocrx_word' id='word_1_312' title='bbox 2611 1743 2881 1796; x_wconf 87' lang='lat' dir='ltr'><strong>adversus</strong></span> <span class='ocrx_word' id='word_1_313' title='bbox 2912 1740 3180 1793; x_wconf 85' lang='lat' dir='ltr'><strong>animam.</strong></span> <span class='ocrx_word' id='word_1_314' title='bbox 3212 1756 3232 1788; x_wconf 68' lang='grc' dir='ltr'><strong>ι</strong></span> 
     </span>
    </p>
   </div>
   <div class='ocr_carea' id='block_1_46' title="bbox 1955 1834 3462 1906">
    <p class='ocr_par' dir='ltr' id='par_1_46' title="bbox 1955 1834 3462 1906">
     <span class='ocr_line' id='line_1_46' title="bbox 1955 1834 3462 1906; baseline -0.004 -17"><span class='ocrx_word' id='word_1_315' title='bbox 1955 1836 2013 1889; x_wconf 91' lang='lat' dir='ltr'><strong>S.</strong></span> <span class='ocrx_word' id='word_1_316' title='bbox 2054 1835 2333 1905; x_wconf 80' lang='lat' dir='ltr'><strong>Chrysost.</strong></span> <span class='ocrx_word' id='word_1_317' title='bbox 2363 1869 2433 1878; x_wconf 89' lang='lat'>—</span> <span class='ocrx_word' id='word_1_318' title='bbox 2458 1836 2573 1906; x_wconf 81' lang='lat' dir='ltr'><strong>Ego</strong></span> <span class='ocrx_word' id='word_1_319' title='bbox 2604 1834 2791 1904; x_wconf 79' lang='lat' dir='ltr'><strong>opifex</strong></span> <span class='ocrx_word' id='word_1_320' title='bbox 2822 1836 3089 1903; x_wconf 78' lang='lat' dir='ltr'><strong>ﬁgmento</strong></span> <span class='ocrx_word' id='word_1_321' title='bbox 3128 1846 3249 1885; x_wconf 89' lang='lat' dir='ltr'><strong>meo</strong></span> <span class='ocrx_word' id='word_1_322' title='bbox 3293 1846 3462 1900; x_wconf 87' lang='lat' dir='ltr'><strong>appe-</strong></span> 
     </span>
    </p>
   </div>
   <div class='ocr_carea' id='block_1_47' title="bbox 1887 1920 3462 1997">
    <p class='ocr_par' dir='ltr' id='par_1_47' title="bbox 1887 1920 3462 1997">
     <span class='ocr_line' id='line_1_47' title="bbox 1887 1920 3462 1997; baseline -0.003 -19"><span class='ocrx_word' id='word_1_323' title='bbox 1887 1927 2043 1981; x_wconf 88' lang='lat' dir='ltr'><strong>tilum</strong></span> <span class='ocrx_word' id='word_1_324' title='bbox 2100 1927 2309 1993; x_wconf 89' lang='lat' dir='ltr'><strong>indidi;</strong></span> <span class='ocrx_word' id='word_1_325' title='bbox 2351 1926 2695 1997; x_wconf 88' lang='lat' dir='ltr'><strong>proimleque</strong></span> <span class='ocrx_word' id='word_1_326' title='bbox 2731 1924 3041 1978; x_wconf 85' lang='lat' dir='ltr'><strong>naturalem</strong></span> <span class='ocrx_word' id='word_1_327' title='bbox 3092 1928 3302 1975; x_wconf 91' lang='lat' dir='ltr'><strong>motum</strong></span> <span class='ocrx_word' id='word_1_328' title='bbox 3356 1920 3462 1974; x_wconf 86' lang='lat' dir='ltr'><strong>Ini-</strong></span> 
     </span>
    </p>
   </div>
   <div class='ocr_carea' id='block_1_48' title="bbox 1887 2010 3462 2086">
    <p class='ocr_par' dir='ltr' id='par_1_48' title="bbox 1887 2010 3462 2086">
     <span class='ocr_line' id='line_1_48' title="bbox 1887 2010 3462 2086; baseline -0.006 -15"><span class='ocrx_word' id='word_1_329' title='bbox 1887 2019 2033 2072; x_wconf 91' lang='lat' dir='ltr'><strong>nime</strong></span> <span class='ocrx_word' id='word_1_330' title='bbox 2063 2018 2351 2071; x_wconf 84' lang='lat' dir='ltr'><strong>criminor.</strong></span> <span class='ocrx_word' id='word_1_331' title='bbox 2410 2018 2595 2086; x_wconf 83' lang='lat' dir='ltr'><strong>Neque</strong></span> <span class='ocrx_word' id='word_1_332' title='bbox 2632 2017 2785 2070; x_wconf 90' lang='lat' dir='ltr'><strong>enim</strong></span> <span class='ocrx_word' id='word_1_333' title='bbox 2836 2015 2984 2079; x_wconf 86' lang='lat' dir='ltr'><strong>dico,</strong></span> <span class='ocrx_word' id='word_1_334' title='bbox 3027 2010 3148 2067; x_wconf 87' lang='lat' dir='ltr'><strong>Non</strong></span> <span class='ocrx_word' id='word_1_335' title='bbox 3196 2012 3462 2081; x_wconf 85' lang='lat' dir='ltr'><strong>concupi-</strong></span> 
     </span>
    </p>
   </div>
   <div class='ocr_carea' id='block_1_49' title="bbox 1886 2106 3481 2180">
    <p class='ocr_par' dir='ltr' id='par_1_49' title="bbox 1886 2106 3481 2180">
     <span class='ocr_line' id='line_1_49' title="bbox 1886 2106 3481 2180; baseline -0.006 -16"><span class='ocrx_word' id='word_1_336' title='bbox 1886 2128 2029 2165; x_wconf 72' lang='lat' dir='ltr'><strong>sces.</strong></span> <span class='ocrx_word' id='word_1_337' title='bbox 2062 2109 2183 2164; x_wconf 77' lang='lat' dir='ltr'><strong>Non</strong></span> <span class='ocrx_word' id='word_1_338' title='bbox 2230 2110 2350 2180; x_wconf 82' lang='lat' dir='ltr'><strong>ejus</strong></span> <span class='ocrx_word' id='word_1_339' title='bbox 2404 2110 2553 2178; x_wconf 88' lang='lat' dir='ltr'><strong>quod</strong></span> <span class='ocrx_word' id='word_1_340' title='bbox 2595 2117 2743 2164; x_wconf 91' lang='lat' dir='ltr'><strong>recte</strong></span> <span class='ocrx_word' id='word_1_341' title='bbox 2800 2116 2983 2163; x_wconf 87' lang='lat' dir='ltr'><strong>satum</strong></span> <span class='ocrx_word' id='word_1_342' title='bbox 3038 2106 3178 2169; x_wconf 75' lang='lat' dir='ltr'><strong>fuit,</strong></span> <span class='ocrx_word' id='word_1_343' title='bbox 3218 2106 3481 2160; x_wconf 76' lang='lat' dir='ltr'><strong>radicem.</strong></span> 
     </span>
    </p>
   </div>
   <div class='ocr_carea' id='block_1_50' title="bbox 1885 2195 3461 2269">
    <p class='ocr_par' dir='ltr' id='par_1_50' title="bbox 1885 2195 3461 2269">
     <span class='ocr_line' id='line_1_50' title="bbox 1885 2195 3461 2269; baseline -0.004 -15"><span class='ocrx_word' id='word_1_344' title='bbox 1885 2203 2107 2269; x_wconf 85' lang='lat' dir='ltr'><strong>avello;</strong></span> <span class='ocrx_word' id='word_1_345' title='bbox 2140 2217 2331 2257; x_wconf 86' lang='lat' dir='ltr'><strong>verum</strong></span> <span class='ocrx_word' id='word_1_346' title='bbox 2375 2199 2720 2254; x_wconf 84' lang='lat' dir='ltr'><strong>adulterinas</strong></span> <span class='ocrx_word' id='word_1_347' title='bbox 2758 2207 3034 2267; x_wconf 69' lang='lat' dir='ltr'><strong>corruptae</strong></span> <span class='ocrx_word' id='word_1_348' title='bbox 3069 2196 3261 2266; x_wconf 85' lang='lat' dir='ltr'><strong>stirpis</strong></span> <span class='ocrx_word' id='word_1_349' title='bbox 3292 2195 3461 2248; x_wconf 82' lang='lat' dir='ltr'><strong>ﬁbras</strong></span> 
     </span>
    </p>
   </div>
   <div class='ocr_carea' id='block_1_51' title="bbox 1885 2289 3476 2365">
    <p class='ocr_par' dir='ltr' id='par_1_51' title="bbox 1885 2289 3476 2365">
     <span class='ocr_line' id='line_1_51' title="bbox 1885 2289 3476 2365; baseline -0.006 -16"><span class='ocrx_word' id='word_1_350' title='bbox 1885 2295 2029 2350; x_wconf 73' lang='lat' dir='ltr'><strong>elido</strong></span> <span class='ocrx_word' id='word_1_351' title='bbox 2059 2308 2228 2365; x_wconf 86' lang='lat' dir='ltr'><strong>atque</strong></span> <span class='ocrx_word' id='word_1_352' title='bbox 2257 2303 2504 2365; x_wconf 87' lang='lat' dir='ltr'><strong>amputo.</strong></span> <span class='ocrx_word' id='word_1_353' title='bbox 2527 2293 2649 2348; x_wconf 84' lang='lat' dir='ltr'><strong>Non</strong></span> <span class='ocrx_word' id='word_1_354' title='bbox 2682 2293 2787 2347; x_wconf 82' lang='lat' dir='ltr'><strong>hoc</strong></span> <span class='ocrx_word' id='word_1_355' title='bbox 2819 2292 2945 2346; x_wconf 88' lang='lat' dir='ltr'><strong>dico</strong></span> <span class='ocrx_word' id='word_1_356' title='bbox 2972 2301 3032 2344; x_wconf 92' lang='lat' dir='ltr'><strong>ut</strong></span> <span class='ocrx_word' id='word_1_357' title='bbox 3062 2289 3476 2358; x_wconf 73' lang='lat' dir='ltr'><strong>concupiscent--</strong></span> 
     </span>
    </p>
   </div>
   <div class='ocr_carea' id='block_1_52' title="bbox 1886 2382 3462 2459">
    <p class='ocr_par' dir='ltr' id='par_1_52' title="bbox 1886 2382 3462 2459">
     <span class='ocr_line' id='line_1_52' title="bbox 1886 2382 3462 2459; baseline -0.004 -18"><span class='ocrx_word' id='word_1_358' title='bbox 1886 2392 2017 2442; x_wconf 88' lang='lat' dir='ltr'><strong>tiam</strong></span> <span class='ocrx_word' id='word_1_359' title='bbox 2068 2390 2341 2459; x_wconf 71' lang='lat' dir='ltr'><strong>exstirpes</strong></span> <span class='ocrx_word' id='word_1_360' title='bbox 2390 2403 2458 2442; x_wconf 79' lang='lat' dir='ltr'><strong>ex</strong></span> <span class='ocrx_word' id='word_1_361' title='bbox 2514 2387 2739 2448; x_wconf 89' lang='lat' dir='ltr'><strong>animo;</strong></span> <span class='ocrx_word' id='word_1_362' title='bbox 2791 2384 2889 2440; x_wconf 90' lang='lat' dir='ltr'><strong>sed</strong></span> <span class='ocrx_word' id='word_1_363' title='bbox 2929 2385 3131 2454; x_wconf 81' lang='lat' dir='ltr'><strong>spuria:</strong></span> <span class='ocrx_word' id='word_1_364' title='bbox 3153 2382 3462 2436; x_wconf 68' lang='lat' dir='ltr'><strong>affectionis</strong></span> 
     </span>
    </p>
   </div>
   <div class='ocr_carea' id='block_1_53' title="bbox 1888 2473 3463 2551">
    <p class='ocr_par' dir='ltr' id='par_1_53' title="bbox 1888 2473 3463 2551">
     <span class='ocr_line' id='line_1_53' title="bbox 1888 2473 3463 2551; baseline -0.004 -20"><span class='ocrx_word' id='word_1_365' title='bbox 1888 2483 2228 2551; x_wconf 76' lang='lat' dir='ltr'><strong>pullulantes</strong></span> <span class='ocrx_word' id='word_1_366' title='bbox 2306 2480 2490 2537; x_wconf 85' lang='lat' dir='ltr'><strong>adhuc</strong></span> <span class='ocrx_word' id='word_1_367' title='bbox 2564 2480 2814 2534; x_wconf 89' lang='lat' dir='ltr'><strong>stolones</strong></span> <span class='ocrx_word' id='word_1_368' title='bbox 2872 2476 3184 2532; x_wconf 75' lang='lat' dir='ltr'><strong>.exsciudo.</strong></span> <span class='ocrx_word' id='word_1_369' title='bbox 3260 2473 3463 2543; x_wconf 80' lang='lat' dir='ltr'><strong>Ecquis</strong></span> 
     </span>
    </p>
   </div>
   <div class='ocr_carea' id='block_1_54' title="bbox 1885 2570 3460 2643">
    <p class='ocr_par' dir='ltr' id='par_1_54' title="bbox 1885 2570 3460 2643">
     <span class='ocr_line' id='line_1_54' title="bbox 1885 2570 3460 2643; baseline -0.004 -15"><span class='ocrx_word' id='word_1_370' title='bbox 1885 2576 2109 2643; x_wconf 72' lang='lat' dir='ltr'><strong>uplimu:</strong></span> <span class='ocrx_word' id='word_1_371' title='bbox 2154 2574 2340 2630; x_wconf 89' lang='lat' dir='ltr'><strong>telluri</strong></span> <span class='ocrx_word' id='word_1_372' title='bbox 2399 2572 2611 2628; x_wconf 85' lang='lat' dir='ltr'><strong>zizania</strong></span> <span class='ocrx_word' id='word_1_373' title='bbox 2661 2570 2957 2641; x_wconf 80' lang='lat' dir='ltr'><strong>inspersit?</strong></span> <span class='ocrx_word' id='word_1_374' title='bbox 2996 2572 3209 2624; x_wconf 84' lang='lat' dir='ltr'><strong>Bonum</strong></span> <span class='ocrx_word' id='word_1_375' title='bbox 3270 2582 3460 2621; x_wconf 76' lang='lat' dir='ltr'><strong>semen</strong></span> 
     </span>
    </p>
   </div>
   <div class='ocr_carea' id='block_1_55' title="bbox 1888 2660 3466 2732">
    <p class='ocr_par' dir='ltr' id='par_1_55' title="bbox 1888 2660 3466 2732">
     <span class='ocr_line' id='line_1_55' title="bbox 1888 2660 3466 2732; baseline -0.007 -10"><span class='ocrx_word' id='word_1_376' title='bbox 1888 2668 2179 2732; x_wconf 76' lang='lat' dir='ltr'><strong>seminavi,</strong></span> <span class='ocrx_word' id='word_1_377' title='bbox 2226 2667 2376 2722; x_wconf 90' lang='lat' dir='ltr'><strong>unde</strong></span> <span class='ocrx_word' id='word_1_378' title='bbox 2416 2665 2653 2721; x_wconf 83' lang='lat' dir='ltr'><strong>exitiosa</strong></span> <span class='ocrx_word' id='word_1_379' title='bbox 2704 2664 2921 2719; x_wconf 86' lang='lat' dir='ltr'><strong>zizania</strong></span> <span class='ocrx_word' id='word_1_380' title='bbox 2967 2660 3337 2732; x_wconf 84' lang='lat' dir='ltr'><strong>prodierunt?</strong></span> <span class='ocrx_word' id='word_1_381' title='bbox 3366 2674 3466 2712; x_wconf 78' lang='lat' dir='ltr'><strong>ex-</strong></span> 
     </span>
    </p>
   </div>
   <div class='ocr_carea' id='block_1_56' title="bbox 1888 2754 3461 2829">
    <p class='ocr_par' dir='ltr' id='par_1_56' title="bbox 1888 2754 3461 2829">
     <span class='ocr_line' id='line_1_56' title="bbox 1888 2754 3461 2829; baseline -0.007 -17"><span class='ocrx_word' id='word_1_382' title='bbox 1888 2772 2037 2826; x_wconf 89' lang='lat' dir='ltr'><strong>tere,</strong></span> <span class='ocrx_word' id='word_1_383' title='bbox 2095 2760 2392 2829; x_wconf 87' lang='lat' dir='ltr'><strong>proculca,</strong></span> <span class='ocrx_word' id='word_1_384' title='bbox 2448 2756 2689 2828; x_wconf 70' lang='lat' dir='ltr'><strong>praefoca</strong></span> <span class='ocrx_word' id='word_1_385' title='bbox 2731 2771 2919 2811; x_wconf 84' lang='lat' dir='ltr'><strong>semen</strong></span> <span class='ocrx_word' id='word_1_386' title='bbox 2970 2754 3211 2815; x_wconf 88' lang='lat' dir='ltr'><strong>malum,</strong></span> <span class='ocrx_word' id='word_1_387' title='bbox 3245 2759 3301 2806; x_wconf 82' lang='lat' dir='ltr'><strong>et</strong></span> <span class='ocrx_word' id='word_1_388' title='bbox 3354 2764 3461 2803; x_wconf 90' lang='lat' dir='ltr'><strong>non</strong></span> 
     </span>
    </p>
   </div>
   <div class='ocr_carea' id='block_1_57' title="bbox 1886 2846 3471 2912">
    <p class='ocr_par' dir='ltr' id='par_1_57' title="bbox 1886 2846 3471 2912">
     <span class='ocr_line' id='line_1_57' title="bbox 1886 2846 3471 2912; baseline -0.006 -6"><span class='ocrx_word' id='word_1_389' title='bbox 1886 2855 1991 2907; x_wconf 82' lang='lat' dir='ltr'><strong>erit</strong></span> <span class='ocrx_word' id='word_1_390' title='bbox 2023 2870 2123 2908; x_wconf 89' lang='lat' dir='ltr'><strong>cur</strong></span> <span class='ocrx_word' id='word_1_391' title='bbox 2155 2851 2547 2908; x_wconf 80' lang='lat' dir='ltr'><strong>crescentibus</strong></span> <span class='ocrx_word' id='word_1_392' title='bbox 2587 2849 2815 2904; x_wconf 84' lang='lat' dir='ltr'><strong>zizaniis</strong></span> <span class='ocrx_word' id='word_1_393' title='bbox 2867 2847 3107 2902; x_wconf 77' lang='lat' dir='ltr'><strong>labores.</strong></span> <span class='ocrx_word' id='word_1_394' title='bbox 3153 2846 3471 2912; x_wconf 76' lang='lat' dir='ltr'><strong>Quicunque</strong></span> 
     </span>
    </p>
   </div>
   <div class='ocr_carea' id='block_1_58' title="bbox 1885 2936 3459 3012">
    <p class='ocr_par' dir='ltr' id='par_1_58' title="bbox 1885 2936 3459 3012">
     <span class='ocr_line' id='line_1_58' title="bbox 1885 2936 3459 3012; baseline -0.008 -13"><span class='ocrx_word' id='word_1_395' title='bbox 1885 2947 2213 3012; x_wconf 70' lang='lat' dir='ltr'><strong>conspexerit</strong></span> <span class='ocrx_word' id='word_1_396' title='bbox 2236 2944 2509 2998; x_wconf 82' lang='lat' dir='ltr'><strong>mulierem</strong></span> <span class='ocrx_word' id='word_1_397' title='bbox 2539 2942 2608 2995; x_wconf 86' lang='lat' dir='ltr'><strong>ad</strong></span> <span class='ocrx_word' id='word_1_398' title='bbox 2659 2938 3137 3009; x_wconf 74' lang='lat' dir='ltr'><strong>concupiscendam</strong></span> <span class='ocrx_word' id='word_1_399' title='bbox 3180 2953 3319 2997; x_wconf 88' lang='lat' dir='ltr'><strong>eam,</strong></span> <span class='ocrx_word' id='word_1_400' title='bbox 3338 2936 3459 3003; x_wconf 86' lang='lat' dir='ltr'><strong>jam</strong></span> 
     </span>
    </p>
   </div>
   <div class='ocr_carea' id='block_1_59' title="bbox 1885 3030 3358 3103">
    <p class='ocr_par' dir='ltr' id='par_1_59' title="bbox 1885 3030 3358 3103">
     <span class='ocr_line' id='line_1_59' title="bbox 1885 3030 3358 3103; baseline -0.007 -10"><span class='ocrx_word' id='word_1_401' title='bbox 1885 3040 2173 3094; x_wconf 72' lang='lat' dir='ltr'><strong>utwcltatus</strong></span> <span class='ocrx_word' id='word_1_402' title='bbox 2204 3047 2282 3093; x_wconf 75' lang='lat' dir='ltr'><strong>est</strong></span> <span class='ocrx_word' id='word_1_403' title='bbox 2318 3054 2432 3093; x_wconf 84' lang='lat' dir='ltr'><strong>eam</strong></span> <span class='ocrx_word' id='word_1_404' title='bbox 2474 3039 2529 3089; x_wconf 89' lang='lat' dir='ltr'><strong>in</strong></span> <span class='ocrx_word' id='word_1_405' title='bbox 2568 3034 2727 3089; x_wconf 85' lang='lat' dir='ltr'><strong>corde</strong></span> <span class='ocrx_word' id='word_1_406' title='bbox 2760 3050 2857 3089; x_wconf 77' lang='lat' dir='ltr'><strong>suo</strong></span> <span class='ocrx_word' id='word_1_407' title='bbox 2887 3033 3118 3103; x_wconf 82' lang='lat' dir='ltr'><strong>(Matth.</strong></span> <span class='ocrx_word' id='word_1_408' title='bbox 3149 3048 3203 3091; x_wconf 85' lang='grc' dir='ltr'><strong>ν,</strong></span> <span class='ocrx_word' id='word_1_409' title='bbox 3229 3030 3358 3101; x_wconf 74' lang='lat'><strong>28).</strong></span> 
     </span>
    </p>
   </div>
   <div class='ocr_carea' id='block_1_60' title="bbox 1958 3123 3463 3200">
    <p class='ocr_par' dir='ltr' id='par_1_60' title="bbox 1958 3123 3463 3200">
     <span class='ocr_line' id='line_1_60' title="bbox 1958 3123 3463 3200; baseline -0.007 -14"><span class='ocrx_word' id='word_1_410' title='bbox 1958 3130 2051 3186; x_wconf 90' lang='lat' dir='ltr'><strong>Uti</strong></span> <span class='ocrx_word' id='word_1_411' title='bbox 2108 3146 2393 3200; x_wconf 86' lang='lat' dir='ltr'><strong>passerem</strong></span> <span class='ocrx_word' id='word_1_412' title='bbox 2434 3129 2572 3184; x_wconf 90' lang='lat' dir='ltr'><strong>nihil</strong></span> <span class='ocrx_word' id='word_1_413' title='bbox 2609 3141 2799 3198; x_wconf 71' lang='lat' dir='ltr'><strong>pennae</strong></span> <span class='ocrx_word' id='word_1_414' title='bbox 2836 3127 3065 3197; x_wconf 85' lang='lat' dir='ltr'><strong>juvant,</strong></span> <span class='ocrx_word' id='word_1_415' title='bbox 3108 3139 3232 3177; x_wconf 91' lang='lat' dir='ltr'><strong>cum</strong></span> <span class='ocrx_word' id='word_1_416' title='bbox 3265 3123 3463 3190; x_wconf 81' lang='lat' dir='ltr'><strong>laqueo</strong></span> 
     </span>
    </p>
   </div>
   <div class='ocr_carea' id='block_1_61' title="bbox 204 3218 1784 3317">
    <p class='ocr_par' dir='ltr' id='par_1_61' title="bbox 204 3226 1781 3306">
     <span class='ocr_line' id='line_1_61' title="bbox 204 3226 1781 3306; baseline 0.008 -29"><span class='ocrx_word' id='word_1_417' title='bbox 204 3226 312 3278; x_wconf 82' lang='grc' dir='ltr'>ὑπὸ</span> <span class='ocrx_word' id='word_1_418' title='bbox 331 3227 434 3295; x_wconf 82' lang='grc' dir='ltr'><strong>τῆς</strong></span> <span class='ocrx_word' id='word_1_419' title='bbox 460 3227 689 3294; x_wconf 84' lang='grc' dir='ltr'>παγίδος</span> <span class='ocrx_word' id='word_1_420' title='bbox 714 3228 917 3295; x_wconf 83' lang='grc' dir='ltr'>ἁλόντι,</span> <span class='ocrx_word' id='word_1_421' title='bbox 942 3229 1058 3282; x_wconf 79' lang='grc' dir='ltr'>ἀλλ’</span> <span class='ocrx_word' id='word_1_422' title='bbox 1087 3231 1210 3301; x_wconf 83' lang='grc' dir='ltr'>είκῆ</span> <span class='ocrx_word' id='word_1_423' title='bbox 1243 3234 1335 3285; x_wconf 82' lang='grc' dir='ltr'><strong>καὶ</strong></span> <span class='ocrx_word' id='word_1_424' title='bbox 1368 3234 1549 3304; x_wconf 86' lang='grc' dir='ltr'>μάτην</span> <span class='ocrx_word' id='word_1_425' title='bbox 1580 3236 1781 3306; x_wconf 84' lang='grc' dir='ltr'>πτερύ-</span> 
     </span>
    </p>
   </div>
   <div class='ocr_carea' id='block_1_62' title="bbox 1885 3218 3464 3317">
    <p class='ocr_par' dir='ltr' id='par_1_62' title="bbox 1889 3218 3464 3295">
     <span class='ocr_line' id='line_1_62' title="bbox 1889 3218 3464 3295; baseline -0.008 -17"><span class='ocrx_word' id='word_1_426' title='bbox 1889 3226 2227 3295; x_wconf 63' lang='lat' dir='ltr'><strong>interceptus</strong></span> <span class='ocrx_word' id='word_1_427' title='bbox 2282 3231 2401 3287; x_wconf 89' lang='lat' dir='ltr'><strong>est,</strong></span> <span class='ocrx_word' id='word_1_428' title='bbox 2438 3223 2534 3276; x_wconf 87' lang='lat' dir='ltr'><strong>sed</strong></span> <span class='ocrx_word' id='word_1_429' title='bbox 2581 3221 2787 3275; x_wconf 80' lang='lat' dir='ltr'><strong>frustra</strong></span> <span class='ocrx_word' id='word_1_430' title='bbox 2836 3227 3003 3289; x_wconf 85' lang='lat' dir='ltr'><strong>atque</strong></span> <span class='ocrx_word' id='word_1_431' title='bbox 3054 3218 3335 3271; x_wconf 90' lang='lat' dir='ltr'><strong>incassum</strong></span> <span class='ocrx_word' id='word_1_432' title='bbox 3368 3230 3464 3267; x_wconf 88' lang='lat' dir='ltr'><strong>cas</strong></span> 
     </span>
    </p>
   </div>
   <div class='ocr_carea' id='block_1_63' title="bbox 205 3316 1778 3396">
    <p class='ocr_par' dir='ltr' id='par_1_63' title="bbox 205 3316 1778 3396">
     <span class='ocr_line' id='line_1_63' title="bbox 205 3316 1778 3396; baseline 0.006 -26"><span class='ocrx_word' id='word_1_433' title='bbox 205 3334 396 3370; x_wconf 83' lang='grc' dir='ltr'>σεται·</span> <span class='ocrx_word' id='word_1_434' title='bbox 426 3316 569 3371; x_wconf 78' lang='grc' dir='ltr'>οὕτω</span> <span class='ocrx_word' id='word_1_435' title='bbox 617 3320 714 3372; x_wconf 75' lang='grc' dir='ltr'>καὶ</span> <span class='ocrx_word' id='word_1_436' title='bbox 763 3319 855 3372; x_wconf 71' lang='grc' dir='ltr'><strong>ἐπὶ</strong></span> <span class='ocrx_word' id='word_1_437' title='bbox 888 3320 1000 3373; x_wconf 85' lang='grc' dir='ltr'><strong>τῶν</strong></span> <span class='ocrx_word' id='word_1_438' title='bbox 1044 3319 1322 3390; x_wconf 81' lang='grc' dir='ltr'>λογισμῶν</span> <span class='ocrx_word' id='word_1_439' title='bbox 1367 3325 1520 3377; x_wconf 78' lang='grc' dir='ltr'>οὐδὲν</span> <span class='ocrx_word' id='word_1_440' title='bbox 1566 3326 1778 3396; x_wconf 76' lang='grc' dir='ltr'>ὄφελος,</span> 
     </span>
    </p>
   </div>
   <div class='ocr_carea' id='block_1_64' title="bbox 202 3410 1779 3487">
    <p class='ocr_par' dir='ltr' id='par_1_64' title="bbox 202 3410 1779 3487">
     <span class='ocr_line' id='line_1_64' title="bbox 202 3410 1779 3487; baseline 0.008 -25"><span class='ocrx_word' id='word_1_441' title='bbox 202 3410 301 3463; x_wconf 79' lang='grc' dir='ltr'><strong>ἐὰν</strong></span> <span class='ocrx_word' id='word_1_442' title='bbox 330 3411 475 3463; x_wconf 79' lang='grc' dir='ltr'>κατὰ</span> <span class='ocrx_word' id='word_1_443' title='bbox 508 3412 709 3481; x_wconf 81' lang='grc' dir='ltr'>κράτος</span> <span class='ocrx_word' id='word_1_444' title='bbox 739 3412 844 3463; x_wconf 83' lang='grc' dir='ltr'><strong>ὑπὸ</strong></span> <span class='ocrx_word' id='word_1_445' title='bbox 870 3413 971 3483; x_wconf 84' lang='grc' dir='ltr'>τῆς</span> <span class='ocrx_word' id='word_1_446' title='bbox 991 3418 1233 3487; x_wconf 79' lang='grc' dir='ltr'>πονηρᾶς</span> <span class='ocrx_word' id='word_1_447' title='bbox 1260 3417 1555 3487; x_wconf 78' lang='grc' dir='ltr'>ἐπιθυμίας</span> <span class='ocrx_word' id='word_1_448' title='bbox 1573 3422 1779 3487; x_wconf 81' lang='grc' dir='ltr'>ἁπλῶς,</span> 
     </span>
    </p>
   </div>
   <div class='ocr_carea' id='block_1_65' title="bbox 202 3502 1782 3582">
    <p class='ocr_par' dir='ltr' id='par_1_65' title="bbox 202 3502 1782 3582">
     <span class='ocr_line' id='line_1_65' title="bbox 202 3502 1782 3582; baseline 0.008 -29"><span class='ocrx_word' id='word_1_449' title='bbox 202 3502 319 3555; x_wconf 85' lang='grc' dir='ltr'>ἀλλ’</span> <span class='ocrx_word' id='word_1_450' title='bbox 354 3503 455 3555; x_wconf 83' lang='grc' dir='ltr'>ὅσα</span> <span class='ocrx_word' id='word_1_451' title='bbox 497 3503 594 3554; x_wconf 73' lang='grc' dir='ltr'><strong>ἐὰν</strong></span> <span class='ocrx_word' id='word_1_452' title='bbox 647 3505 971 3576; x_wconf 75' lang='grc' dir='ltr'>σκιρτήσῃς,</span> <span class='ocrx_word' id='word_1_453' title='bbox 1022 3506 1216 3570; x_wconf 79' lang='grc' dir='ltr'>ἑάλως.</span> <span class='ocrx_word' id='word_1_454' title='bbox 1252 3509 1353 3562; x_wconf 85' lang='grc' dir='ltr'><strong>Διὰ</strong></span> <span class='ocrx_word' id='word_1_455' title='bbox 1400 3508 1559 3562; x_wconf 80' lang='grc' dir='ltr'>τοῦτο</span> <span class='ocrx_word' id='word_1_456' title='bbox 1605 3515 1782 3582; x_wconf 72' lang='grc' dir='ltr'>πτερὰ</span> 
     </span>
    </p>
   </div>
   <div class='ocr_carea' id='block_1_66' title="bbox 202 3590 1783 3668">
    <p class='ocr_par' dir='ltr' id='par_1_66' title="bbox 202 3590 1783 3668">
     <span class='ocr_line' id='line_1_66' title="bbox 202 3590 1783 3668; baseline 0.008 -26"><span class='ocrx_word' id='word_1_457' title='bbox 202 3594 317 3653; x_wconf 82' lang='grc' dir='ltr'>τοῖς</span> <span class='ocrx_word' id='word_1_458' title='bbox 372 3590 693 3661; x_wconf 71' lang='grc' dir='ltr'>στρουθίοις,</span> <span class='ocrx_word' id='word_1_459' title='bbox 754 3594 841 3646; x_wconf 84' lang='grc' dir='ltr'><strong>ἵνα</strong></span> <span class='ocrx_word' id='word_1_460' title='bbox 888 3595 1103 3668; x_wconf 80' lang='grc' dir='ltr'>ἐκφύγῃ</span> <span class='ocrx_word' id='word_1_461' title='bbox 1159 3596 1426 3660; x_wconf 85' lang='grc' dir='ltr'>παγίδας·</span> <span class='ocrx_word' id='word_1_462' title='bbox 1480 3599 1568 3651; x_wconf 84' lang='grc' dir='ltr'>διὰ</span> <span class='ocrx_word' id='word_1_463' title='bbox 1626 3604 1783 3656; x_wconf 81' lang='grc' dir='ltr'>τοῦτο</span> 
     </span>
    </p>
   </div>
   <div class='ocr_carea' id='block_1_67' title="bbox 203 3680 1781 3767">
    <p class='ocr_par' dir='ltr' id='par_1_67' title="bbox 203 3680 1781 3767">
     <span class='ocr_line' id='line_1_67' title="bbox 203 3680 1781 3767; baseline 0.009 -33"><span class='ocrx_word' id='word_1_464' title='bbox 203 3680 457 3753; x_wconf 79' lang='grc' dir='ltr'>λογισμοὶ</span> <span class='ocrx_word' id='word_1_465' title='bbox 490 3686 601 3747; x_wconf 83' lang='grc' dir='ltr'>τοῖς</span> <span class='ocrx_word' id='word_1_466' title='bbox 639 3684 970 3756; x_wconf 81' lang='grc' dir='ltr'>ἀνθρώποις,</span> <span class='ocrx_word' id='word_1_467' title='bbox 1004 3688 1093 3742; x_wconf 80' lang='grc' dir='ltr'>ἵνα</span> <span class='ocrx_word' id='word_1_468' title='bbox 1116 3688 1396 3759; x_wconf 76' lang='grc' dir='ltr'>ἐκφύγωσι</span> <span class='ocrx_word' id='word_1_469' title='bbox 1426 3690 1493 3744; x_wconf 77' lang='grc' dir='ltr'>τὰ</span> <span class='ocrx_word' id='word_1_470' title='bbox 1527 3693 1781 3767; x_wconf 82' lang='grc' dir='ltr'>ἁμαρτή-</span> 
     </span>
    </p>
   </div>
   <div class='ocr_carea' id='block_1_68' title="bbox 206 3792 379 3845">
    <p class='ocr_par' dir='ltr' id='par_1_68' title="bbox 206 3792 379 3845">
     <span class='ocr_line' id='line_1_68' title="bbox 206 3792 379 3845; baseline 0 -17"><span class='ocrx_word' id='word_1_471' title='bbox 206 3792 379 3845; x_wconf 85' lang='grc' dir='ltr'>ματα.</span> 
     </span>
    </p>
   </div>
   <div class='ocr_carea' id='block_1_69' title="bbox 237 3890 1748 3979">
    <p class='ocr_par' dir='ltr' id='par_1_69' title="bbox 237 3890 1748 3979">
     <span class='ocr_line' id='line_1_69' title="bbox 237 3890 1748 3979; baseline 0.01 -37"><span class='ocrx_word' id='word_1_472' title='bbox 237 3890 423 3943; x_wconf 81' lang='grc' dir='ltr'>ΤΙΤΛ.</span> <span class='ocrx_word' id='word_1_473' title='bbox 466 3892 600 3944; x_wconf 68' lang='lat' dir='ltr'><strong>KA&#39;.</strong></span> <span class='ocrx_word' id='word_1_474' title='bbox 642 3924 711 3932; x_wconf 84' lang='lat'><strong>—-—</strong></span> <span class='ocrx_word' id='word_1_475' title='bbox 759 3894 896 3977; x_wconf 66' lang='grc' dir='ltr'>ηερί</span> <span class='ocrx_word' id='word_1_476' title='bbox 948 3896 1246 3979; x_wconf 63' lang='grc' dir='ltr'>ἐκοςοσίων</span> <span class='ocrx_word' id='word_1_477' title='bbox 1289 3902 1385 3954; x_wconf 76' lang='grc' dir='ltr'><strong>καὶ</strong></span> <span class='ocrx_word' id='word_1_478' title='bbox 1440 3902 1748 3956; x_wconf 80' lang='grc' dir='ltr'>ἀκουσίων</span> 
     </span>
    </p>
   </div>
   <div class='ocr_carea' id='block_1_70' title="bbox 758 3980 1213 4032">
    <p class='ocr_par' dir='ltr' id='par_1_70' title="bbox 758 3980 1213 4032">
     <span class='ocr_line' id='line_1_70' title="bbox 758 3980 1213 4032; baseline 0.009 -16"><span class='ocrx_word' id='word_1_479' title='bbox 758 3980 1213 4032; x_wconf 81' lang='grc' dir='ltr'>αμαρτηματων.</span> 
     </span>
    </p>
   </div>
   <div class='ocr_carea' id='block_1_71' title="bbox 280 4055 1781 4135">
    <p class='ocr_par' dir='ltr' id='par_1_71' title="bbox 280 4055 1781 4135">
     <span class='ocr_line' id='line_1_71' title="bbox 280 4055 1781 4135; baseline 0.005 -28"><span class='ocrx_word' id='word_1_480' title='bbox 280 4074 301 4107; x_wconf 85' lang='grc'><strong><em>‹</em></strong></span> <span class='ocrx_word' id='word_1_481' title='bbox 352 4055 478 4109; x_wconf 68' lang='grc' dir='ltr'><strong>Ἐάν</strong></span> <span class='ocrx_word' id='word_1_482' title='bbox 531 4055 750 4125; x_wconf 79' lang='grc' dir='ltr'>πατάξῃ</span> <span class='ocrx_word' id='word_1_483' title='bbox 782 4057 867 4119; x_wconf 83' lang='grc' dir='ltr'><strong>τίς</strong></span> <span class='ocrx_word' id='word_1_484' title='bbox 917 4074 1061 4122; x_wconf 87' lang='grc' dir='ltr'>τινα,</span> <span class='ocrx_word' id='word_1_485' title='bbox 1098 4060 1189 4111; x_wconf 77' lang='grc' dir='ltr'>καὶ</span> <span class='ocrx_word' id='word_1_486' title='bbox 1244 4061 1516 4133; x_wconf 84' lang='grc' dir='ltr'>ἀποθάνῃ,</span> <span class='ocrx_word' id='word_1_487' title='bbox 1566 4063 1781 4135; x_wconf 71' lang='grc' dir='ltr'>θανάτῳ</span> 
     </span>
    </p>
   </div>
   <div class='ocr_carea' id='block_1_72' title="bbox 201 4146 1781 4225">
    <p class='ocr_par' dir='ltr' id='par_1_72' title="bbox 201 4146 1781 4225">
     <span class='ocr_line' id='line_1_72' title="bbox 201 4146 1781 4225; baseline 0.007 -26"><span class='ocrx_word' id='word_1_488' title='bbox 201 4146 578 4205; x_wconf 76' lang='grc' dir='ltr'>θανατούσθω.</span> <span class='ocrx_word' id='word_1_489' title='bbox 610 4149 666 4199; x_wconf 89' lang='grc'><strong>’0</strong></span> <span class='ocrx_word' id='word_1_490' title='bbox 695 4150 750 4202; x_wconf 72' lang='grc' dir='ltr'><strong>δὲ</strong></span> <span class='ocrx_word' id='word_1_491' title='bbox 781 4151 877 4219; x_wconf 73' lang='grc' dir='ltr'>οὐχ</span> <span class='ocrx_word' id='word_1_492' title='bbox 908 4149 1072 4214; x_wconf 86' lang='grc' dir='ltr'>ἐκὼν,</span> <span class='ocrx_word' id='word_1_493' title='bbox 1102 4152 1218 4205; x_wconf 87' lang='grc' dir='ltr'>ἀλλ’</span> <span class='ocrx_word' id='word_1_494' title='bbox 1247 4155 1275 4206; x_wconf 92' lang='lat'><strong>6</strong></span> <span class='ocrx_word' id='word_1_495' title='bbox 1304 4154 1435 4216; x_wconf 77' lang='grc' dir='ltr'>Θεὸς</span> <span class='ocrx_word' id='word_1_496' title='bbox 1466 4158 1781 4225; x_wconf 78' lang='grc' dir='ltr'>παρέδωκεν</span> 
     </span>
    </p>
   </div>
   <div class='ocr_carea' id='block_1_73' title="bbox 201 4239 1781 4316">
    <p class='ocr_par' dir='ltr' id='par_1_73' title="bbox 201 4239 1781 4316">
     <span class='ocr_line' id='line_1_73' title="bbox 201 4239 1781 4316; baseline 0.008 -26"><span class='ocrx_word' id='word_1_497' title='bbox 201 4241 290 4301; x_wconf 84' lang='grc' dir='ltr'>εἰς</span> <span class='ocrx_word' id='word_1_498' title='bbox 314 4240 413 4301; x_wconf 77' lang='grc' dir='ltr'>τὰς</span> <span class='ocrx_word' id='word_1_499' title='bbox 445 4243 635 4309; x_wconf 78' lang='grc' dir='ltr'>χεῖρας</span> <span class='ocrx_word' id='word_1_500' title='bbox 661 4241 850 4305; x_wconf 73' lang='grc' dir='ltr'>αὑτοῦ,</span> <span class='ocrx_word' id='word_1_501' title='bbox 896 4241 1054 4295; x_wconf 81' lang='grc' dir='ltr'>δώσω</span> <span class='ocrx_word' id='word_1_502' title='bbox 1083 4260 1165 4296; x_wconf 91' lang='grc' dir='ltr'><strong>σοι</strong></span> <span class='ocrx_word' id='word_1_503' title='bbox 1209 4245 1392 4309; x_wconf 84' lang='grc' dir='ltr'>τόπον,</span> <span class='ocrx_word' id='word_1_504' title='bbox 1430 4239 1492 4299; x_wconf 75' lang='grc' dir='ltr'><strong>οὗ</strong></span> <span class='ocrx_word' id='word_1_505' title='bbox 1523 4249 1781 4316; x_wconf 75' lang='grc' dir='ltr'>φεύξεται</span> 
     </span>
    </p>
   </div>
   <div class='ocr_carea' id='block_1_74' title="bbox 202 4330 740 4397">
    <p class='ocr_par' dir='ltr' id='par_1_74' title="bbox 202 4330 740 4397">
     <span class='ocr_line' id='line_1_74' title="bbox 202 4330 740 4397; baseline 0.002 -16"><span class='ocrx_word' id='word_1_506' title='bbox 202 4330 325 4383; x_wconf 84' lang='grc' dir='ltr'>ἐκεῖ</span> <span class='ocrx_word' id='word_1_507' title='bbox 348 4331 375 4383; x_wconf 91' lang='lat'><strong>6</strong></span> <span class='ocrx_word' id='word_1_508' title='bbox 398 4331 686 4397; x_wconf 69' lang='grc' dir='ltr'>φονεύσας.</span> <span class='ocrx_word' id='word_1_509' title='bbox 720 4351 740 4382; x_wconf 74' lang='grc' dir='ltr'><strong>ι</strong></span> 
     </span>
    </p>
   </div>
   <div class='ocr_carea' id='block_1_75' title="bbox 284 4511 1784 4587">
    <p class='ocr_par' dir='ltr' id='par_1_75' title="bbox 284 4511 1784 4587">
     <span class='ocr_line' id='line_1_75' title="bbox 284 4511 1784 4587; baseline 0.008 -25"><span class='ocrx_word' id='word_1_510' title='bbox 284 4530 304 4562; x_wconf 73' lang='grc' dir='ltr'><strong>ι</strong></span> <span class='ocrx_word' id='word_1_511' title='bbox 351 4511 590 4574; x_wconf 85' lang='grc' dir='ltr'>Ἐκεῖνος</span> <span class='ocrx_word' id='word_1_512' title='bbox 628 4513 655 4563; x_wconf 87' lang='grc' dir='ltr'>ὀ</span> <span class='ocrx_word' id='word_1_513' title='bbox 697 4512 883 4578; x_wconf 81' lang='grc' dir='ltr'>δοῦλος</span> <span class='ocrx_word' id='word_1_514' title='bbox 912 4514 941 4566; x_wconf 92' lang='lat'><strong>6</strong></span> <span class='ocrx_word' id='word_1_515' title='bbox 986 4515 1149 4583; x_wconf 79' lang='grc' dir='ltr'>γνοὺς</span> <span class='ocrx_word' id='word_1_516' title='bbox 1185 4515 1247 4568; x_wconf 81' lang='grc' dir='ltr'><strong>τὸ</strong></span> <span class='ocrx_word' id='word_1_517' title='bbox 1286 4515 1497 4587; x_wconf 76' lang='grc' dir='ltr'>θέλημα</span> <span class='ocrx_word' id='word_1_518' title='bbox 1542 4517 1635 4572; x_wconf 77' lang='grc' dir='ltr'>τοῦ</span> <span class='ocrx_word' id='word_1_519' title='bbox 1684 4537 1784 4575; x_wconf 85' lang='grc' dir='ltr'>κυ-</span> 
     </span>
    </p>
   </div>
   <div class='ocr_carea' id='block_1_76' title="bbox 1884 3308 3459 3388">
    <p class='ocr_par' dir='ltr' id='par_1_76' title="bbox 1884 3308 3459 3388">
     <span class='ocr_line' id='line_1_76' title="bbox 1884 3308 3459 3388; baseline -0.008 -16"><span class='ocrx_word' id='word_1_520' title='bbox 1884 3318 2073 3388; x_wconf 81' lang='lat' dir='ltr'><strong>gerit:</strong></span> <span class='ocrx_word' id='word_1_521' title='bbox 2132 3317 2205 3370; x_wconf 87' lang='lat' dir='ltr'><strong>ita</strong></span> <span class='ocrx_word' id='word_1_522' title='bbox 2264 3331 2366 3369; x_wconf 91' lang='lat' dir='ltr'><strong>nec</strong></span> <span class='ocrx_word' id='word_1_523' title='bbox 2431 3315 2534 3369; x_wconf 91' lang='lat' dir='ltr'><strong>tibi</strong></span> <span class='ocrx_word' id='word_1_524' title='bbox 2594 3314 2897 3384; x_wconf 87' lang='lat' dir='ltr'><strong>quidquam</strong></span> <span class='ocrx_word' id='word_1_525' title='bbox 2957 3312 3186 3381; x_wconf 84' lang='lat' dir='ltr'><strong>prodest</strong></span> <span class='ocrx_word' id='word_1_526' title='bbox 3240 3308 3459 3362; x_wconf 83' lang='lat' dir='ltr'><strong>ratione</strong></span> 
     </span>
    </p>
   </div>
   <div class='ocr_carea' id='block_1_77' title="bbox 1886 3401 3461 3479">
    <p class='ocr_par' dir='ltr' id='par_1_77' title="bbox 1886 3401 3461 3479">
     <span class='ocr_line' id='line_1_77' title="bbox 1886 3401 3461 3479; baseline -0.006 -18"><span class='ocrx_word' id='word_1_527' title='bbox 1886 3410 2172 3479; x_wconf 76' lang='lat' dir='ltr'><strong>przeditum</strong></span> <span class='ocrx_word' id='word_1_528' title='bbox 2220 3422 2389 3471; x_wconf 89' lang='lat' dir='ltr'><strong>esse,</strong></span> <span class='ocrx_word' id='word_1_529' title='bbox 2456 3407 2501 3461; x_wconf 92' lang='lat' dir='ltr'><strong>si</strong></span> <span class='ocrx_word' id='word_1_530' title='bbox 2565 3406 2635 3461; x_wconf 83' lang='lat' dir='ltr'><strong>ab</strong></span> <span class='ocrx_word' id='word_1_531' title='bbox 2692 3405 2943 3474; x_wconf 88' lang='lat' dir='ltr'><strong>improba</strong></span> <span class='ocrx_word' id='word_1_532' title='bbox 3008 3401 3461 3471; x_wconf 80' lang='lat' dir='ltr'><strong>concupiscentia</strong></span> 
     </span>
    </p>
   </div>
   <div class='ocr_carea' id='block_1_78' title="bbox 1884 3498 3463 3573">
    <p class='ocr_par' dir='ltr' id='par_1_78' title="bbox 1884 3498 3463 3573">
     <span class='ocr_line' id='line_1_78' title="bbox 1884 3498 3463 3573; baseline -0.005 -17"><span class='ocrx_word' id='word_1_533' title='bbox 1884 3504 2259 3573; x_wconf 72' lang='lat' dir='ltr'><strong>expugnaris;</strong></span> <span class='ocrx_word' id='word_1_534' title='bbox 2320 3500 2417 3556; x_wconf 90' lang='lat' dir='ltr'><strong>sed</strong></span> <span class='ocrx_word' id='word_1_535' title='bbox 2484 3499 2895 3569; x_wconf 84' lang='lat' dir='ltr'><strong>quantumlibet</strong></span> <span class='ocrx_word' id='word_1_536' title='bbox 2962 3498 3213 3557; x_wconf 87' lang='lat' dir='ltr'><strong>saltites,</strong></span> <span class='ocrx_word' id='word_1_537' title='bbox 3265 3506 3463 3563; x_wconf 85' lang='lat' dir='ltr'><strong>captus</strong></span> 
     </span>
    </p>
   </div>
   <div class='ocr_carea' id='block_1_79' title="bbox 1887 3589 3460 3659">
    <p class='ocr_par' dir='ltr' id='par_1_79' title="bbox 1887 3589 3460 3659">
     <span class='ocr_line' id='line_1_79' title="bbox 1887 3589 3460 3659; baseline -0.007 -10"><span class='ocrx_word' id='word_1_538' title='bbox 1887 3607 2077 3649; x_wconf 84' lang='lat' dir='ltr'><strong>t:unen</strong></span> <span class='ocrx_word' id='word_1_539' title='bbox 2114 3596 2345 3649; x_wconf 81' lang='lat' dir='ltr'><strong>teneris.</strong></span> <span class='ocrx_word' id='word_1_540' title='bbox 2394 3593 2526 3646; x_wconf 83' lang='lat' dir='ltr'><strong>Eam</strong></span> <span class='ocrx_word' id='word_1_541' title='bbox 2559 3593 2629 3646; x_wconf 87' lang='lat' dir='ltr'><strong>ob</strong></span> <span class='ocrx_word' id='word_1_542' title='bbox 2662 3607 2777 3646; x_wconf 90' lang='lat' dir='ltr'><strong>rem</strong></span> <span class='ocrx_word' id='word_1_543' title='bbox 2814 3590 3136 3659; x_wconf 77' lang='lat' dir='ltr'><strong>passeribus</strong></span> <span class='ocrx_word' id='word_1_544' title='bbox 3168 3589 3267 3641; x_wconf 72' lang='lat' dir='ltr'><strong>ala:</strong></span> <span class='ocrx_word' id='word_1_545' title='bbox 3292 3595 3421 3642; x_wconf 91' lang='lat' dir='ltr'><strong>sunt</strong></span> <span class='ocrx_word' id='word_1_546' title='bbox 3446 3629 3460 3649; x_wconf 88' lang='lat'><strong>,</strong></span> 
     </span>
    </p>
   </div>
   <div class='ocr_carea' id='block_1_80' title="bbox 1884 3681 3476 3758">
    <p class='ocr_par' dir='ltr' id='par_1_80' title="bbox 1884 3681 3476 3758">
     <span class='ocr_line' id='line_1_80' title="bbox 1884 3681 3476 3758; baseline -0.004 -18"><span class='ocrx_word' id='word_1_547' title='bbox 1884 3690 2089 3757; x_wconf 79' lang='lat' dir='ltr'><strong>quibus</strong></span> <span class='ocrx_word' id='word_1_548' title='bbox 2144 3689 2375 3758; x_wconf 82' lang='lat' dir='ltr'><strong>laqueos</strong></span> <span class='ocrx_word' id='word_1_549' title='bbox 2428 3689 2639 3751; x_wconf 81' lang='lat' dir='ltr'><strong>vitent;</strong></span> <span class='ocrx_word' id='word_1_550' title='bbox 2693 3685 2906 3738; x_wconf 88' lang='lat' dir='ltr'><strong>idcirco</strong></span> <span class='ocrx_word' id='word_1_551' title='bbox 2936 3684 3103 3736; x_wconf 86' lang='lat' dir='ltr'><strong>etiam</strong></span> <span class='ocrx_word' id='word_1_552' title='bbox 3139 3681 3476 3735; x_wconf 80' lang='lat' dir='ltr'><strong>hominibus.</strong></span> 
     </span>
    </p>
   </div>
   <div class='ocr_carea' id='block_1_81' title="bbox 1885 3776 2968 3847">
    <p class='ocr_par' dir='ltr' id='par_1_81' title="bbox 1885 3776 2968 3847">
     <span class='ocr_line' id='line_1_81' title="bbox 1885 3776 2968 3847; baseline -0.003 -16"><span class='ocrx_word' id='word_1_553' title='bbox 1885 3783 2032 3833; x_wconf 88' lang='lat' dir='ltr'><strong>inest</strong></span> <span class='ocrx_word' id='word_1_554' title='bbox 2072 3780 2248 3845; x_wconf 81' lang='lat' dir='ltr'><strong>ratio,</strong></span> <span class='ocrx_word' id='word_1_555' title='bbox 2278 3794 2385 3847; x_wconf 89' lang='lat' dir='ltr'><strong>qua</strong></span> <span class='ocrx_word' id='word_1_556' title='bbox 2424 3787 2648 3847; x_wconf 87' lang='lat' dir='ltr'><strong>peccata</strong></span> <span class='ocrx_word' id='word_1_557' title='bbox 2680 3776 2968 3847; x_wconf 78' lang='lat' dir='ltr'><strong>eﬂ‘ugiant.</strong></span> 
     </span>
    </p>
   </div>
   <div class='ocr_carea' id='block_1_82' title="bbox 1884 3890 3460 3974">
    <p class='ocr_par' dir='ltr' id='par_1_82' title="bbox 1884 3890 3460 3974">
     <span class='ocr_line' id='line_1_82' title="bbox 1884 3890 3460 3974; baseline -0.001 -29"><span class='ocrx_word' id='word_1_558' title='bbox 1884 3891 2018 3945; x_wconf 88' lang='lat' dir='ltr'><strong>TlT.</strong></span> <span class='ocrx_word' id='word_1_559' title='bbox 2054 3890 2197 3946; x_wconf 77' lang='lat' dir='ltr'><strong>XXI.</strong></span> <span class='ocrx_word' id='word_1_560' title='bbox 2246 3921 2315 3932; x_wconf 79' lang='lat'><strong>——</strong></span> <span class='ocrx_word' id='word_1_561' title='bbox 2353 3891 2427 3974; x_wconf 58' lang='lat' dir='ltr'><strong>De</strong></span> <span class='ocrx_word' id='word_1_562' title='bbox 2458 3892 2739 3973; x_wconf 42' lang='lat' dir='ltr'><strong>peccatis.</strong></span> <span class='ocrx_word' id='word_1_563' title='bbox 2772 3908 2889 3959; x_wconf 75' lang='lat' dir='ltr'><strong>qua:</strong></span> <span class='ocrx_word' id='word_1_564' title='bbox 2928 3902 3038 3943; x_wconf 86' lang='lat' dir='ltr'><strong>tum</strong></span> <span class='ocrx_word' id='word_1_565' title='bbox 3077 3901 3293 3958; x_wconf 79' lang='lat' dir='ltr'><strong>sponte,</strong></span> <span class='ocrx_word' id='word_1_566' title='bbox 3350 3902 3460 3944; x_wconf 84' lang='lat' dir='ltr'><strong>tum</strong></span> 
     </span>
    </p>
   </div>
   <div class='ocr_carea' id='block_1_83' title="bbox 2357 3973 2973 4015">
    <p class='ocr_par' dir='ltr' id='par_1_83' title="bbox 2357 3973 2973 4015">
     <span class='ocr_line' id='line_1_83' title="bbox 2357 3973 2973 4015; baseline -0.006 0"><span class='ocrx_word' id='word_1_567' title='bbox 2357 3973 2519 4015; x_wconf 78' lang='lat' dir='ltr'><strong>tttotte</strong></span> <span class='ocrx_word' id='word_1_568' title='bbox 2546 3973 2973 4014; x_wconf 74' lang='lat' dir='ltr'><strong>committuntur.</strong></span> 
     </span>
    </p>
   </div>
   <div class='ocr_carea' id='block_1_84' title="bbox 1960 4052 3459 4121">
    <p class='ocr_par' dir='ltr' id='par_1_84' title="bbox 1960 4052 3459 4121">
     <span class='ocr_line' id='line_1_84' title="bbox 1960 4052 3459 4121; baseline -0.002 -14"><span class='ocrx_word' id='word_1_569' title='bbox 1960 4053 2133 4109; x_wconf 72' lang='lat' dir='ltr'><strong>Exod.</strong></span> <span class='ocrx_word' id='word_1_570' title='bbox 2193 4070 2306 4110; x_wconf 70' lang='lat' dir='ltr'><strong>XXI.</strong></span> <span class='ocrx_word' id='word_1_571' title='bbox 2339 4053 2426 4107; x_wconf 72' lang='grc'><strong>12.</strong></span> <span class='ocrx_word' id='word_1_572' title='bbox 2462 4084 2531 4094; x_wconf 90' lang='grc'><strong>--</strong></span> <span class='ocrx_word' id='word_1_573' title='bbox 2568 4071 2585 4103; x_wconf 85' lang='lat' dir='ltr'><strong>t</strong></span> <span class='ocrx_word' id='word_1_574' title='bbox 2626 4052 2681 4104; x_wconf 81' lang='lat' dir='ltr'><strong>Si</strong></span> <span class='ocrx_word' id='word_1_575' title='bbox 2722 4052 2850 4121; x_wconf 84' lang='lat' dir='ltr'><strong>quis</strong></span> <span class='ocrx_word' id='word_1_576' title='bbox 2899 4052 3137 4119; x_wconf 74' lang='lat' dir='ltr'><strong>aliquem</strong></span> <span class='ocrx_word' id='word_1_577' title='bbox 3169 4067 3459 4119; x_wconf 73' lang='lat' dir='ltr'><strong>percusse-</strong></span> 
     </span>
    </p>
   </div>
   <div class='ocr_carea' id='block_1_85' title="bbox 1883 4144 3454 4217">
    <p class='ocr_par' dir='ltr' id='par_1_85' title="bbox 1883 4144 3454 4217">
     <span class='ocr_line' id='line_1_85' title="bbox 1883 4144 3454 4217; baseline -0.003 -17"><span class='ocrx_word' id='word_1_578' title='bbox 1883 4148 1994 4211; x_wconf 88' lang='lat' dir='ltr'><strong>rit,</strong></span> <span class='ocrx_word' id='word_1_579' title='bbox 2052 4148 2145 4217; x_wconf 90' lang='lat' dir='ltr'><strong>qui</strong></span> <span class='ocrx_word' id='word_1_580' title='bbox 2203 4155 2458 4200; x_wconf 90' lang='lat' dir='ltr'><strong>mortuus</strong></span> <span class='ocrx_word' id='word_1_581' title='bbox 2523 4144 2724 4207; x_wconf 78' lang='lat' dir='ltr'><strong>fuerit,</strong></span> <span class='ocrx_word' id='word_1_582' title='bbox 2777 4153 2953 4197; x_wconf 92' lang='lat' dir='ltr'><strong>morte</strong></span> <span class='ocrx_word' id='word_1_583' title='bbox 3012 4146 3297 4196; x_wconf 74' lang='lat' dir='ltr'><strong>moriatur.</strong></span> <span class='ocrx_word' id='word_1_584' title='bbox 3352 4145 3454 4209; x_wconf 69' lang='lat' dir='ltr'><strong>Qui</strong></span> 
     </span>
    </p>
   </div>
   <div class='ocr_carea' id='block_1_86' title="bbox 1883 4235 3453 4306">
    <p class='ocr_par' dir='ltr' id='par_1_86' title="bbox 1883 4235 3453 4306">
     <span class='ocr_line' id='line_1_86' title="bbox 1883 4235 3453 4306; baseline -0.001 -16"><span class='ocrx_word' id='word_1_585' title='bbox 1883 4248 2066 4294; x_wconf 83' lang='lat' dir='ltr'><strong>autem</strong></span> <span class='ocrx_word' id='word_1_586' title='bbox 2094 4253 2201 4292; x_wconf 91' lang='lat' dir='ltr'><strong>non</strong></span> <span class='ocrx_word' id='word_1_587' title='bbox 2238 4248 2439 4306; x_wconf 87' lang='lat' dir='ltr'><strong>sponte</strong></span> <span class='ocrx_word' id='word_1_588' title='bbox 2470 4279 2485 4302; x_wconf 88' lang='lat'><strong>,</strong></span> <span class='ocrx_word' id='word_1_589' title='bbox 2541 4238 2635 4291; x_wconf 86' lang='lat' dir='ltr'><strong>sed</strong></span> <span class='ocrx_word' id='word_1_590' title='bbox 2677 4253 2800 4289; x_wconf 89' lang='lat' dir='ltr'><strong>cum</strong></span> <span class='ocrx_word' id='word_1_591' title='bbox 2833 4235 2977 4290; x_wconf 89' lang='lat' dir='ltr'><strong>Deus</strong></span> <span class='ocrx_word' id='word_1_592' title='bbox 3009 4235 3297 4288; x_wconf 71' lang='lat' dir='ltr'><strong>tradiderit</strong></span> <span class='ocrx_word' id='word_1_593' title='bbox 3327 4252 3453 4289; x_wconf 90' lang='lat' dir='ltr'><strong>eum</strong></span> 
     </span>
    </p>
   </div>
   <div class='ocr_carea' id='block_1_87' title="bbox 1886 4327 3455 4399">
    <p class='ocr_par' dir='ltr' id='par_1_87' title="bbox 1886 4327 3455 4399">
     <span class='ocr_line' id='line_1_87' title="bbox 1886 4327 3455 4399; baseline -0.001 -16"><span class='ocrx_word' id='word_1_594' title='bbox 1886 4332 1940 4384; x_wconf 92' lang='lat' dir='ltr'><strong>in</strong></span> <span class='ocrx_word' id='word_1_595' title='bbox 1998 4345 2197 4384; x_wconf 88' lang='lat' dir='ltr'><strong>manus</strong></span> <span class='ocrx_word' id='word_1_596' title='bbox 2238 4345 2413 4387; x_wconf 88' lang='lat' dir='ltr'><strong>suas;</strong></span> <span class='ocrx_word' id='word_1_597' title='bbox 2466 4329 2611 4384; x_wconf 88' lang='lat' dir='ltr'><strong>dabo</strong></span> <span class='ocrx_word' id='word_1_598' title='bbox 2661 4329 2711 4384; x_wconf 89' lang='lat' dir='ltr'><strong>ei</strong></span> <span class='ocrx_word' id='word_1_599' title='bbox 2754 4329 2975 4392; x_wconf 88' lang='lat' dir='ltr'><strong>locum,</strong></span> <span class='ocrx_word' id='word_1_600' title='bbox 3019 4344 3129 4398; x_wconf 89' lang='lat' dir='ltr'><strong>quo</strong></span> <span class='ocrx_word' id='word_1_601' title='bbox 3161 4327 3334 4399; x_wconf 80' lang='lat' dir='ltr'><strong>fugiat</strong></span> <span class='ocrx_word' id='word_1_602' title='bbox 3364 4329 3455 4384; x_wconf 84' lang='lat' dir='ltr'><strong>ille</strong></span> 
     </span>
    </p>
   </div>
   <div class='ocr_carea' id='block_1_88' title="bbox 1884 4422 2369 4494">
    <p class='ocr_par' dir='ltr' id='par_1_88' title="bbox 1884 4422 2369 4494">
     <span class='ocr_line' id='line_1_88' title="bbox 1884 4422 2369 4494; baseline -0.008 -17"><span class='ocrx_word' id='word_1_603' title='bbox 1884 4425 1977 4494; x_wconf 89' lang='lat' dir='ltr'><strong>qui</strong></span> <span class='ocrx_word' id='word_1_604' title='bbox 2017 4422 2306 4477; x_wconf 84' lang='lat' dir='ltr'><strong>occiderit.</strong></span> <span class='ocrx_word' id='word_1_605' title='bbox 2349 4442 2369 4473; x_wconf 74' lang='grc' dir='ltr'><strong>ι</strong></span> 
     </span>
    </p>
   </div>
   <div class='ocr_carea' id='block_1_89' title="bbox 1958 4510 3453 4580">
    <p class='ocr_par' dir='ltr' id='par_1_89' title="bbox 1958 4510 3453 4580">
     <span class='ocr_line' id='line_1_89' title="bbox 1958 4510 3453 4580; baseline -0.001 -14"><span class='ocrx_word' id='word_1_606' title='bbox 1958 4512 2086 4566; x_wconf 87' lang='lat' dir='ltr'><strong>Luc.</strong></span> <span class='ocrx_word' id='word_1_607' title='bbox 2122 4529 2218 4574; x_wconf 77' lang='lat' dir='ltr'><strong>sn,</strong></span> <span class='ocrx_word' id='word_1_608' title='bbox 2265 4510 2356 4564; x_wconf 58' lang='grc'><strong>47.</strong></span> <span class='ocrx_word' id='word_1_609' title='bbox 2386 4543 2455 4552; x_wconf 90' lang='lat'><strong>——-</strong></span> <span class='ocrx_word' id='word_1_610' title='bbox 2488 4531 2505 4561; x_wconf 80' lang='grc' dir='ltr'><strong>ι</strong></span> <span class='ocrx_word' id='word_1_611' title='bbox 2543 4511 2636 4564; x_wconf 87' lang='lat' dir='ltr'><strong>ille</strong></span> <span class='ocrx_word' id='word_1_612' title='bbox 2696 4526 2891 4566; x_wconf 88' lang='lat' dir='ltr'><strong>servus</strong></span> <span class='ocrx_word' id='word_1_613' title='bbox 2932 4512 3023 4580; x_wconf 88' lang='lat' dir='ltr'><strong>qui</strong></span> <span class='ocrx_word' id='word_1_614' title='bbox 3059 4511 3317 4579; x_wconf 78' lang='lat' dir='ltr'><strong>cognovit</strong></span> <span class='ocrx_word' id='word_1_615' title='bbox 3352 4528 3453 4565; x_wconf 89' lang='lat' dir='ltr'><strong>vo-</strong></span> 
     </span>
    </p>
   </div>
   <div class='ocr_carea' id='block_1_90' title="bbox 207 4600 1784 4677">
    <p class='ocr_par' dir='ltr' id='par_1_90' title="bbox 207 4600 1778 4677">
     <span class='ocr_line' id='line_1_90' title="bbox 207 4600 1778 4677; baseline 0.009 -26"><span class='ocrx_word' id='word_1_616' title='bbox 207 4600 328 4671; x_wconf 91' lang='grc' dir='ltr'>ρίου</span> <span class='ocrx_word' id='word_1_617' title='bbox 364 4600 552 4663; x_wconf 73' lang='grc' dir='ltr'>αὑτοῦ,</span> <span class='ocrx_word' id='word_1_618' title='bbox 584 4603 679 4654; x_wconf 75' lang='grc' dir='ltr'><strong>καὶ</strong></span> <span class='ocrx_word' id='word_1_619' title='bbox 712 4605 785 4673; x_wconf 81' lang='grc' dir='ltr'>μὴ</span> <span class='ocrx_word' id='word_1_620' title='bbox 826 4606 1083 4675; x_wconf 78' lang='grc' dir='ltr'>ποιήσας,</span> <span class='ocrx_word' id='word_1_621' title='bbox 1122 4606 1420 4677; x_wconf 80' lang='grc' dir='ltr'>δαρήσεται</span> <span class='ocrx_word' id='word_1_622' title='bbox 1454 4608 1678 4674; x_wconf 85' lang='grc' dir='ltr'>πολλάς.</span> <span class='ocrx_word' id='word_1_623' title='bbox 1718 4610 1778 4665; x_wconf 86' lang='lat' dir='ltr'><strong>&#39;U</strong></span> 
     </span>
    </p>
   </div>
   <div class='ocr_carea' id='block_1_91' title="bbox 1885 4600 3452 4677">
    <p class='ocr_par' dir='ltr' id='par_1_91' title="bbox 1885 4602 3452 4673">
     <span class='ocr_line' id='line_1_91' title="bbox 1885 4602 3452 4673; baseline -0.001 -12"><span class='ocrx_word' id='word_1_624' title='bbox 1885 4608 2149 4661; x_wconf 86' lang='lat' dir='ltr'><strong>luutatem</strong></span> <span class='ocrx_word' id='word_1_625' title='bbox 2180 4602 2393 4658; x_wconf 87' lang='lat' dir='ltr'><strong>domini</strong></span> <span class='ocrx_word' id='word_1_626' title='bbox 2418 4602 2527 4667; x_wconf 88' lang='lat' dir='ltr'><strong>sui,</strong></span> <span class='ocrx_word' id='word_1_627' title='bbox 2565 4611 2620 4656; x_wconf 90' lang='lat' dir='ltr'><strong>et</strong></span> <span class='ocrx_word' id='word_1_628' title='bbox 2651 4617 2760 4656; x_wconf 91' lang='lat' dir='ltr'><strong>non</strong></span> <span class='ocrx_word' id='word_1_629' title='bbox 2785 4602 2937 4666; x_wconf 84' lang='lat' dir='ltr'><strong>fecit,</strong></span> <span class='ocrx_word' id='word_1_630' title='bbox 2965 4605 3142 4673; x_wconf 80' lang='lat' dir='ltr'><strong>plagis</strong></span> <span class='ocrx_word' id='word_1_631' title='bbox 3178 4605 3452 4672; x_wconf 83' lang='lat' dir='ltr'><strong>vapniabit</strong></span> 
     </span>
    </p>
   </div>
   <div class='ocr_carea' id='block_1_92' title="bbox 202 4692 1212 4765">
    <p class='ocr_par' dir='ltr' id='par_1_92' title="bbox 202 4692 1212 4765">
     <span class='ocr_line' id='line_1_92' title="bbox 202 4692 1212 4765; baseline 0.007 -21"><span class='ocrx_word' id='word_1_632' title='bbox 202 4693 262 4745; x_wconf 75' lang='grc' dir='ltr'>δὲ</span> <span class='ocrx_word' id='word_1_633' title='bbox 294 4692 369 4761; x_wconf 79' lang='grc' dir='ltr'><strong>μὴ</strong></span> <span class='ocrx_word' id='word_1_634' title='bbox 400 4694 583 4759; x_wconf 77' lang='grc' dir='ltr'>γνοὺς,</span> <span class='ocrx_word' id='word_1_635' title='bbox 618 4694 917 4765; x_wconf 79' lang='grc' dir='ltr'>δαρήσεται</span> <span class='ocrx_word' id='word_1_636' title='bbox 950 4696 1157 4765; x_wconf 82' lang='grc' dir='ltr'>ὀλίγας.</span> <span class='ocrx_word' id='word_1_637' title='bbox 1193 4718 1212 4750; x_wconf 74' lang='grc' dir='ltr'><strong>ι</strong></span> 
     </span>
    </p>
   </div>
   <div class='ocr_carea' id='block_1_93' title="bbox 285 4784 1782 4865">
    <p class='ocr_par' dir='ltr' id='par_1_93' title="bbox 285 4784 1782 4865">
     <span class='ocr_line' id='line_1_93' title="bbox 285 4784 1782 4865; baseline 0.009 -30"><span class='ocrx_word' id='word_1_638' title='bbox 285 4803 303 4835; x_wconf 81' lang='grc' dir='ltr'><strong>ι</strong></span> <span class='ocrx_word' id='word_1_639' title='bbox 335 4784 509 4854; x_wconf 80' lang='grc' dir='ltr'>Χάριν</span> <span class='ocrx_word' id='word_1_640' title='bbox 558 4784 669 4853; x_wconf 78' lang='grc' dir='ltr'><strong>ἔχω</strong></span> <span class='ocrx_word' id='word_1_641' title='bbox 707 4785 787 4855; x_wconf 80' lang='grc' dir='ltr'><strong>τῷ</strong></span> <span class='ocrx_word' id='word_1_642' title='bbox 829 4786 1266 4857; x_wconf 68' lang='grc' dir='ltr'>ἐνδυναμοῦσαντί</span> <span class='ocrx_word' id='word_1_643' title='bbox 1296 4809 1365 4863; x_wconf 90' lang='grc' dir='ltr'><strong>με</strong></span> <span class='ocrx_word' id='word_1_644' title='bbox 1409 4793 1650 4865; x_wconf 82' lang='grc' dir='ltr'>Χριστῷ,</span> <span class='ocrx_word' id='word_1_645' title='bbox 1698 4795 1782 4848; x_wconf 80' lang='grc' dir='ltr'><strong>ὅτι</strong></span> 
     </span>
    </p>
   </div>
   <div class='ocr_carea' id='block_1_94' title="bbox 206 4875 1781 4953">
    <p class='ocr_par' dir='ltr' id='par_1_94' title="bbox 206 4875 1781 4953">
     <span class='ocr_line' id='line_1_94' title="bbox 206 4875 1781 4953; baseline 0.008 -26"><span class='ocrx_word' id='word_1_646' title='bbox 206 4875 404 4927; x_wconf 83' lang='grc' dir='ltr'>πιστόν</span> <span class='ocrx_word' id='word_1_647' title='bbox 433 4893 500 4945; x_wconf 90' lang='grc' dir='ltr'><strong>με</strong></span> <span class='ocrx_word' id='word_1_648' title='bbox 537 4879 804 4946; x_wconf 81' lang='grc' dir='ltr'>ἡγήσατο,</span> <span class='ocrx_word' id='word_1_649' title='bbox 840 4877 1070 4948; x_wconf 76' lang='grc' dir='ltr'>θέμενος</span> <span class='ocrx_word' id='word_1_650' title='bbox 1107 4882 1186 4945; x_wconf 84' lang='grc' dir='ltr'>εἰς</span> <span class='ocrx_word' id='word_1_651' title='bbox 1215 4884 1315 4953; x_wconf 82' lang='grc' dir='ltr'>τὴν</span> <span class='ocrx_word' id='word_1_652' title='bbox 1366 4884 1645 4939; x_wconf 87' lang='grc' dir='ltr'>διακονίαν</span> <span class='ocrx_word' id='word_1_653' title='bbox 1688 4887 1781 4940; x_wconf 78' lang='grc' dir='ltr'><strong>τὸν</strong></span> 
     </span>
    </p>
   </div>
   <div class='ocr_carea' id='block_1_95' title="bbox 208 4966 1783 5046">
    <p class='ocr_par' dir='ltr' id='par_1_95' title="bbox 208 4966 1783 5046">
     <span class='ocr_line' id='line_1_95' title="bbox 208 4966 1783 5046; baseline 0.007 -28"><span class='ocrx_word' id='word_1_654' title='bbox 208 4966 477 5036; x_wconf 84' lang='grc' dir='ltr'>πρότερον</span> <span class='ocrx_word' id='word_1_655' title='bbox 527 4967 656 5020; x_wconf 73' lang='grc' dir='ltr'>ὄντα</span> <span class='ocrx_word' id='word_1_656' title='bbox 703 4967 1045 5040; x_wconf 77' lang='grc' dir='ltr'>βλάσφημον,</span> <span class='ocrx_word' id='word_1_657' title='bbox 1072 4973 1166 5024; x_wconf 70' lang='grc' dir='ltr'><strong>καὶ</strong></span> <span class='ocrx_word' id='word_1_658' title='bbox 1204 4971 1462 5045; x_wconf 83' lang='grc' dir='ltr'>διώκτην,</span> <span class='ocrx_word' id='word_1_659' title='bbox 1500 4977 1596 5029; x_wconf 80' lang='grc' dir='ltr'><strong>καὶ</strong></span> <span class='ocrx_word' id='word_1_660' title='bbox 1625 4975 1783 5046; x_wconf 79' lang='grc' dir='ltr'>ὑϐριο</span> 
     </span>
    </p>
   </div>
   <div class='ocr_carea' id='block_1_96' title="bbox 209 5057 1780 5138">
    <p class='ocr_par' dir='ltr' id='par_1_96' title="bbox 209 5057 1780 5138">
     <span class='ocr_line' id='line_1_96' title="bbox 209 5057 1780 5138; baseline 0.009 -31"><span class='ocrx_word' id='word_1_661' title='bbox 209 5061 343 5126; x_wconf 77' lang='grc' dir='ltr'>στήν</span> <span class='ocrx_word' id='word_1_662' title='bbox 363 5075 379 5091; x_wconf 91' lang='grc'><strong>·</strong></span> <span class='ocrx_word' id='word_1_663' title='bbox 412 5057 526 5109; x_wconf 78' lang='grc' dir='ltr'>ἀλλ’</span> <span class='ocrx_word' id='word_1_664' title='bbox 556 5059 817 5128; x_wconf 67' lang='grc' dir='ltr'>ἠλεήθην,</span> <span class='ocrx_word' id='word_1_665' title='bbox 840 5060 920 5113; x_wconf 86' lang='grc' dir='ltr'>ὅτι</span> <span class='ocrx_word' id='word_1_666' title='bbox 951 5062 1165 5130; x_wconf 83' lang='grc' dir='ltr'>ἀγνοῶν</span> <span class='ocrx_word' id='word_1_667' title='bbox 1184 5064 1416 5135; x_wconf 84' lang='grc' dir='ltr'>ἐποίησα</span> <span class='ocrx_word' id='word_1_668' title='bbox 1444 5067 1502 5119; x_wconf 83' lang='grc' dir='ltr'><strong>ἐν</strong></span> <span class='ocrx_word' id='word_1_669' title='bbox 1529 5067 1780 5138; x_wconf 79' lang='grc' dir='ltr'>ἀπιστίᾳ.</span> 
     </span>
    </p>
   </div>
   <div class='ocr_carea' id='block_1_97' title="bbox 215 5149 1784 5227">
    <p class='ocr_par' dir='ltr' id='par_1_97' title="bbox 215 5149 1784 5227">
     <span class='ocr_line' id='line_1_97' title="bbox 215 5149 1784 5227; baseline 0.008 -26"><span class='ocrx_word' id='word_1_670' title='bbox 215 5149 691 5219; x_wconf 84' lang='grc' dir='ltr'>’Υπερεπλεόνασε</span> <span class='ocrx_word' id='word_1_671' title='bbox 732 5151 790 5203; x_wconf 85' lang='grc' dir='ltr'>δὲ</span> <span class='ocrx_word' id='word_1_672' title='bbox 837 5154 872 5221; x_wconf 83' lang='grc' dir='ltr'><strong>ή</strong></span> <span class='ocrx_word' id='word_1_673' title='bbox 912 5155 1071 5224; x_wconf 86' lang='grc' dir='ltr'>χάρις</span> <span class='ocrx_word' id='word_1_674' title='bbox 1117 5154 1214 5207; x_wconf 81' lang='grc' dir='ltr'><strong>τοῦ</strong></span> <span class='ocrx_word' id='word_1_675' title='bbox 1244 5156 1451 5227; x_wconf 85' lang='grc' dir='ltr'>Κυρίου</span> <span class='ocrx_word' id='word_1_676' title='bbox 1502 5157 1645 5227; x_wconf 83' lang='grc' dir='ltr'>μετά</span> <span class='ocrx_word' id='word_1_677' title='bbox 1688 5159 1784 5212; x_wconf 89' lang='grc' dir='ltr'>πί-</span> 
     </span>
    </p>
   </div>
   <div class='ocr_carea' id='block_1_98' title="bbox 207 5244 1532 5319">
    <p class='ocr_par' dir='ltr' id='par_1_98' title="bbox 207 5244 1532 5319">
     <span class='ocr_line' id='line_1_98' title="bbox 207 5244 1532 5319; baseline 0.005 -23"><span class='ocrx_word' id='word_1_678' title='bbox 207 5260 403 5306; x_wconf 81' lang='grc' dir='ltr'>στεως,</span> <span class='ocrx_word' id='word_1_679' title='bbox 437 5244 531 5296; x_wconf 70' lang='grc' dir='ltr'>καὶ</span> <span class='ocrx_word' id='word_1_680' title='bbox 559 5245 782 5313; x_wconf 79' lang='grc' dir='ltr'>ἀγάπης</span> <span class='ocrx_word' id='word_1_681' title='bbox 808 5246 907 5316; x_wconf 85' lang='grc' dir='ltr'>τῆς</span> <span class='ocrx_word' id='word_1_682' title='bbox 937 5248 996 5300; x_wconf 88' lang='grc' dir='ltr'><strong>ἐν</strong></span> <span class='ocrx_word' id='word_1_683' title='bbox 1020 5247 1244 5317; x_wconf 81' lang='grc' dir='ltr'>Χριστῷ</span> <span class='ocrx_word' id='word_1_684' title='bbox 1278 5249 1481 5319; x_wconf 80' lang='grc' dir='ltr'>Ἰησοῦ.</span> <span class='ocrx_word' id='word_1_685' title='bbox 1512 5269 1532 5303; x_wconf 74' lang='grc' dir='ltr'><strong>ι</strong></span> 
     </span>
    </p>
   </div>
   <div class='ocr_carea' id='block_1_99' title="bbox 289 5504 1786 5581">
    <p class='ocr_par' dir='ltr' id='par_1_99' title="bbox 289 5504 1786 5581">
     <span class='ocr_line' id='line_1_99' title="bbox 289 5504 1786 5581; baseline 0.007 -26"><span class='ocrx_word' id='word_1_686' title='bbox 289 5518 309 5553; x_wconf 83' lang='lat' dir='ltr'><strong>t</strong></span> <span class='ocrx_word' id='word_1_687' title='bbox 346 5504 646 5569; x_wconf 84' lang='grc' dir='ltr'>Ἑκουσίως</span> <span class='ocrx_word' id='word_1_688' title='bbox 676 5506 1103 5576; x_wconf 84' lang='grc' dir='ltr'>ἁμαρτανόντων</span> <span class='ocrx_word' id='word_1_689' title='bbox 1129 5508 1291 5579; x_wconf 84' lang='grc' dir='ltr'>ἡμῶν</span> <span class='ocrx_word' id='word_1_690' title='bbox 1319 5511 1457 5581; x_wconf 77' lang='grc' dir='ltr'>μετὰ</span> <span class='ocrx_word' id='word_1_691' title='bbox 1498 5511 1561 5565; x_wconf 81' lang='grc' dir='ltr'><strong>τὸ</strong></span> <span class='ocrx_word' id='word_1_692' title='bbox 1599 5511 1786 5567; x_wconf 78' lang='grc' dir='ltr'>λαϐεῖν</span> 
     </span>
    </p>
   </div>
   <div class='ocr_carea' id='block_1_100' title="bbox 206 5598 1785 5678">
    <p class='ocr_par' dir='ltr' id='par_1_100' title="bbox 206 5598 1785 5678">
     <span class='ocr_line' id='line_1_100' title="bbox 206 5598 1785 5678; baseline 0.008 -30"><span class='ocrx_word' id='word_1_693' title='bbox 206 5598 307 5667; x_wconf 75' lang='grc' dir='ltr'>τὴν</span> <span class='ocrx_word' id='word_1_694' title='bbox 338 5598 636 5665; x_wconf 80' lang='grc' dir='ltr'>ἐπίγνωσιν</span> <span class='ocrx_word' id='word_1_695' title='bbox 660 5601 761 5669; x_wconf 76' lang='grc' dir='ltr'><strong>τῆς</strong></span> <span class='ocrx_word' id='word_1_696' title='bbox 797 5600 1080 5672; x_wconf 81' lang='grc' dir='ltr'>ἀληθείας,</span> <span class='ocrx_word' id='word_1_697' title='bbox 1110 5603 1292 5657; x_wconf 80' lang='grc' dir='ltr'>οὐκέτι</span> <span class='ocrx_word' id='word_1_698' title='bbox 1334 5606 1466 5675; x_wconf 72' lang='grc' dir='ltr'>περὶ</span> <span class='ocrx_word' id='word_1_699' title='bbox 1498 5606 1785 5678; x_wconf 85' lang='grc' dir='ltr'>ἁμαρτιῶν</span> 
     </span>
    </p>
   </div>
   <div class='ocr_carea' id='block_1_101' title="bbox 207 5686 1782 5767">
    <p class='ocr_par' dir='ltr' id='par_1_101' title="bbox 207 5686 1782 5767">
     <span class='ocr_line' id='line_1_101' title="bbox 207 5686 1782 5767; baseline 0.008 -29"><span class='ocrx_word' id='word_1_700' title='bbox 207 5686 566 5741; x_wconf 83' lang='grc' dir='ltr'>ἀπολείπεται</span> <span class='ocrx_word' id='word_1_701' title='bbox 596 5689 777 5756; x_wconf 88' lang='grc' dir='ltr'>θυσία,</span> <span class='ocrx_word' id='word_1_702' title='bbox 808 5690 1015 5763; x_wconf 79' lang='grc' dir='ltr'>φοὸερὰ</span> <span class='ocrx_word' id='word_1_703' title='bbox 1054 5692 1113 5746; x_wconf 77' lang='grc' dir='ltr'>δέ</span> <span class='ocrx_word' id='word_1_704' title='bbox 1162 5711 1248 5757; x_wconf 85' lang='grc' dir='ltr'><strong>τις</strong></span> <span class='ocrx_word' id='word_1_705' title='bbox 1288 5694 1485 5766; x_wconf 79' lang='grc' dir='ltr'>ἐκδοχὴ</span> <span class='ocrx_word' id='word_1_706' title='bbox 1526 5698 1782 5767; x_wconf 81' lang='grc' dir='ltr'>κρίσεως,</span> 
     </span>
    </p>
   </div>
   <div class='ocr_carea' id='block_1_102' title="bbox 211 5780 1781 5857">
    <p class='ocr_par' dir='ltr' id='par_1_102' title="bbox 211 5780 1781 5857">
     <span class='ocr_line' id='line_1_102' title="bbox 211 5780 1781 5857; baseline 0.009 -26"><span class='ocrx_word' id='word_1_707' title='bbox 211 5780 307 5831; x_wconf 75' lang='grc' dir='ltr'><strong>καὶ</strong></span> <span class='ocrx_word' id='word_1_708' title='bbox 356 5781 527 5849; x_wconf 72' lang='grc' dir='ltr'>πυρὸς</span> <span class='ocrx_word' id='word_1_709' title='bbox 589 5782 750 5853; x_wconf 74' lang='grc' dir='ltr'>ζῆλος</span> <span class='ocrx_word' id='word_1_710' title='bbox 799 5783 1001 5838; x_wconf 87' lang='grc' dir='ltr'>ἐσθίειν</span> <span class='ocrx_word' id='word_1_711' title='bbox 1037 5786 1323 5857; x_wconf 78' lang='grc' dir='ltr'>μέλλοντος</span> <span class='ocrx_word' id='word_1_712' title='bbox 1372 5788 1500 5852; x_wconf 69' lang='grc' dir='ltr'>τοὺς</span> <span class='ocrx_word' id='word_1_713' title='bbox 1550 5790 1781 5845; x_wconf 82' lang='grc' dir='ltr'>ὑπεναν-</span> 
     </span>
    </p>
   </div>
   <div class='ocr_carea' id='block_1_103' title="bbox 210 5871 436 5936">
    <p class='ocr_par' dir='ltr' id='par_1_103' title="bbox 210 5871 436 5936">
     <span class='ocr_line' id='line_1_103' title="bbox 210 5871 436 5936; baseline -0.013 -9"><span class='ocrx_word' id='word_1_714' title='bbox 210 5871 379 5936; x_wconf 60' lang='grc' dir='ltr'>τίους.</span> <span class='ocrx_word' id='word_1_715' title='bbox 418 5892 436 5924; x_wconf 72' lang='grc' dir='ltr'><strong>ι</strong></span> 
     </span>
    </p>
   </div>
   <div class='ocr_carea' id='block_1_104' title="bbox 1884 4695 3447 4764">
    <p class='ocr_par' dir='ltr' id='par_1_104' title="bbox 1884 4695 3447 4764">
     <span class='ocr_line' id='line_1_104' title="bbox 1884 4695 3447 4764; baseline -0.001 -15"><span class='ocrx_word' id='word_1_716' title='bbox 1884 4696 2088 4751; x_wconf 85' lang='lat' dir='ltr'><strong>multis.</strong></span> <span class='ocrx_word' id='word_1_717' title='bbox 2123 4695 2226 4761; x_wconf 85' lang='lat' dir='ltr'><strong>Qui</strong></span> <span class='ocrx_word' id='word_1_718' title='bbox 2253 4704 2432 4749; x_wconf 88' lang='lat' dir='ltr'><strong>autem</strong></span> <span class='ocrx_word' id='word_1_719' title='bbox 2460 4710 2567 4747; x_wconf 92' lang='lat' dir='ltr'><strong>non</strong></span> <span class='ocrx_word' id='word_1_720' title='bbox 2590 4695 2868 4763; x_wconf 81' lang='lat' dir='ltr'><strong>cognovit,</strong></span> <span class='ocrx_word' id='word_1_721' title='bbox 2902 4697 3179 4761; x_wconf 83' lang='lat' dir='ltr'><strong>vapulabit</strong></span> <span class='ocrx_word' id='word_1_722' title='bbox 3203 4697 3409 4764; x_wconf 85' lang='lat' dir='ltr'><strong>paucis.</strong></span> <span class='ocrx_word' id='word_1_723' title='bbox 3428 4719 3447 4747; x_wconf 77' lang='grc' dir='ltr'><em>ο</em></span> 
     </span>
    </p>
   </div>
   <div class='ocr_carea' id='block_1_105' title="bbox 1954 4766 3452 4854">
    <p class='ocr_par' dir='ltr' id='par_1_105' title="bbox 1954 4766 3452 4854">
     <span class='ocr_line' id='line_1_105' title="bbox 1954 4766 3452 4854; baseline -0.001 -14"><span class='ocrx_word' id='word_1_724' title='bbox 1954 4785 1981 4840; x_wconf 88' lang='grc'><em>1</em></span> <span class='ocrx_word' id='word_1_725' title='bbox 2025 4786 2162 4839; x_wconf 90' lang='lat' dir='ltr'><strong>Tim.</strong></span> <span class='ocrx_word' id='word_1_726' title='bbox 2202 4801 2235 4848; x_wconf 88' lang='lat' dir='ltr'><strong>I,</strong></span> <span class='ocrx_word' id='word_1_727' title='bbox 2269 4784 2452 4838; x_wconf 70' lang='lat'><strong>12-14.</strong></span> <span class='ocrx_word' id='word_1_728' title='bbox 2474 4816 2545 4825; x_wconf 92' lang='lat'><strong><em>—</em></strong></span> <span class='ocrx_word' id='word_1_729' title='bbox 2567 4803 2585 4835; x_wconf 82' lang='grc' dir='ltr'><strong>ι</strong></span> <span class='ocrx_word' id='word_1_730' title='bbox 2619 4766 2837 4839; x_wconf 68' lang='lat' dir='ltr'><strong>Gratias</strong></span> <span class='ocrx_word' id='word_1_731' title='bbox 2861 4799 2963 4853; x_wconf 78' lang='lat' dir='ltr'><strong>ago</strong></span> <span class='ocrx_word' id='word_1_732' title='bbox 2994 4786 3042 4838; x_wconf 84' lang='lat' dir='ltr'><strong>ei</strong></span> <span class='ocrx_word' id='word_1_733' title='bbox 3080 4786 3168 4854; x_wconf 84' lang='lat' dir='ltr'><strong>qui</strong></span> <span class='ocrx_word' id='word_1_734' title='bbox 3205 4802 3290 4839; x_wconf 88' lang='lat' dir='ltr'><strong>me</strong></span> <span class='ocrx_word' id='word_1_735' title='bbox 3319 4802 3452 4839; x_wconf 90' lang='lat' dir='ltr'><strong>cou-</strong></span> 
     </span>
    </p>
   </div>
   <div class='ocr_carea' id='block_1_106' title="bbox 1884 4877 3444 4946">
    <p class='ocr_par' dir='ltr' id='par_1_106' title="bbox 1884 4877 3444 4946">
     <span class='ocr_line' id='line_1_106' title="bbox 1884 4877 3444 4946; baseline -0.002 -14"><span class='ocrx_word' id='word_1_736' title='bbox 1884 4879 2087 4941; x_wconf 81' lang='lat' dir='ltr'><strong>fortat,</strong></span> <span class='ocrx_word' id='word_1_737' title='bbox 2137 4878 2395 4938; x_wconf 81' lang='lat' dir='ltr'><strong>Christo.</strong></span> <span class='ocrx_word' id='word_1_738' title='bbox 2445 4877 2575 4946; x_wconf 86' lang='lat' dir='ltr'><strong>quia</strong></span> <span class='ocrx_word' id='word_1_739' title='bbox 2635 4877 2844 4930; x_wconf 84' lang='lat' dir='ltr'><strong>ﬁdelem</strong></span> <span class='ocrx_word' id='word_1_740' title='bbox 2916 4892 3003 4930; x_wconf 88' lang='lat' dir='ltr'><strong>me</strong></span> <span class='ocrx_word' id='word_1_741' title='bbox 3067 4878 3444 4941; x_wconf 77' lang='lat' dir='ltr'><strong>existimavit,</strong></span> 
     </span>
    </p>
   </div>
   <div class='ocr_carea' id='block_1_107' title="bbox 1886 4969 3445 5042">
    <p class='ocr_par' dir='ltr' id='par_1_107' title="bbox 1886 4969 3445 5042">
     <span class='ocr_line' id='line_1_107' title="bbox 1886 4969 3445 5042; baseline -0.003 -17"><span class='ocrx_word' id='word_1_742' title='bbox 1886 4986 2095 5042; x_wconf 85' lang='lat' dir='ltr'><strong>ponens</strong></span> <span class='ocrx_word' id='word_1_743' title='bbox 2140 4971 2194 5023; x_wconf 88' lang='lat' dir='ltr'><strong>in</strong></span> <span class='ocrx_word' id='word_1_744' title='bbox 2229 4971 2579 5035; x_wconf 89' lang='lat' dir='ltr'><strong>ministerio,</strong></span> <span class='ocrx_word' id='word_1_745' title='bbox 2611 4971 2703 5038; x_wconf 90' lang='lat' dir='ltr'><strong>qui</strong></span> <span class='ocrx_word' id='word_1_746' title='bbox 2732 4969 2907 5038; x_wconf 88' lang='lat' dir='ltr'><strong>prius</strong></span> <span class='ocrx_word' id='word_1_747' title='bbox 2942 4969 3294 5037; x_wconf 84' lang='lat' dir='ltr'><strong>blasphemus</strong></span> <span class='ocrx_word' id='word_1_748' title='bbox 3331 4970 3406 5022; x_wconf 90' lang='lat' dir='ltr'><strong>l&#39;ui</strong></span> <span class='ocrx_word' id='word_1_749' title='bbox 3430 5009 3445 5033; x_wconf 88' lang='lat'><strong>,</strong></span> 
     </span>
    </p>
   </div>
   <div class='ocr_carea' id='block_1_108' title="bbox 1882 5060 3445 5132">
    <p class='ocr_par' dir='ltr' id='par_1_108' title="bbox 1882 5060 3445 5132">
     <span class='ocr_line' id='line_1_108' title="bbox 1882 5060 3445 5132; baseline -0.001 -17"><span class='ocrx_word' id='word_1_750' title='bbox 1882 5069 1935 5115; x_wconf 80' lang='lat' dir='ltr'><strong>et</strong></span> <span class='ocrx_word' id='word_1_751' title='bbox 1965 5072 2309 5132; x_wconf 83' lang='lat' dir='ltr'><strong>persecutor,</strong></span> <span class='ocrx_word' id='word_1_752' title='bbox 2360 5070 2414 5115; x_wconf 82' lang='lat' dir='ltr'><strong>et</strong></span> <span class='ocrx_word' id='word_1_753' title='bbox 2466 5061 2931 5126; x_wconf 79' lang='lat' dir='ltr'><strong>contumeliosus;</strong></span> <span class='ocrx_word' id='word_1_754' title='bbox 2984 5060 3076 5113; x_wconf 80' lang='lat' dir='ltr'><strong>scd</strong></span> <span class='ocrx_word' id='word_1_755' title='bbox 3126 5063 3445 5114; x_wconf 86' lang='lat' dir='ltr'><strong>misericor-</strong></span> 
     </span>
    </p>
   </div>
   <div class='ocr_carea' id='block_1_109' title="bbox 1882 5152 3447 5222">
    <p class='ocr_par' dir='ltr' id='par_1_109' title="bbox 1882 5152 3447 5222">
     <span class='ocr_line' id='line_1_109' title="bbox 1882 5152 3447 5222; baseline -0.003 -14"><span class='ocrx_word' id='word_1_756' title='bbox 1882 5153 2028 5208; x_wconf 89' lang='lat' dir='ltr'><strong>diam</strong></span> <span class='ocrx_word' id='word_1_757' title='bbox 2082 5162 2418 5209; x_wconf 90' lang='lat' dir='ltr'><strong>consecutus</strong></span> <span class='ocrx_word' id='word_1_758' title='bbox 2471 5170 2631 5217; x_wconf 89' lang='lat' dir='ltr'><strong>smn,</strong></span> <span class='ocrx_word' id='word_1_759' title='bbox 2668 5153 2798 5222; x_wconf 86' lang='lat' dir='ltr'><strong>quia</strong></span> <span class='ocrx_word' id='word_1_760' title='bbox 2834 5153 3101 5222; x_wconf 81' lang='lat' dir='ltr'><strong>ignorans</strong></span> <span class='ocrx_word' id='word_1_761' title='bbox 3139 5152 3240 5205; x_wconf 76' lang='lat' dir='ltr'><strong>feci</strong></span> <span class='ocrx_word' id='word_1_762' title='bbox 3275 5153 3325 5205; x_wconf 87' lang='lat' dir='ltr'><strong>in</strong></span> <span class='ocrx_word' id='word_1_763' title='bbox 3364 5153 3447 5206; x_wconf 78' lang='lat' dir='ltr'><strong>in-</strong></span> 
     </span>
    </p>
   </div>
   <div class='ocr_carea' id='block_1_110' title="bbox 1884 5244 3445 5315">
    <p class='ocr_par' dir='ltr' id='par_1_110' title="bbox 1884 5244 3445 5315">
     <span class='ocr_line' id='line_1_110' title="bbox 1884 5244 3445 5315; baseline -0.002 -15"><span class='ocrx_word' id='word_1_764' title='bbox 1884 5246 2233 5301; x_wconf 84' lang='lat' dir='ltr'><strong>credulitate.</strong></span> <span class='ocrx_word' id='word_1_765' title='bbox 2268 5245 2761 5315; x_wconf 68' lang='lat' dir='ltr'><strong>Superabuudavit</strong></span> <span class='ocrx_word' id='word_1_766' title='bbox 2794 5253 2975 5297; x_wconf 82' lang='lat' dir='ltr'><strong>autem</strong></span> <span class='ocrx_word' id='word_1_767' title='bbox 3017 5245 3195 5311; x_wconf 71' lang='lat' dir='ltr'><strong>gratia</strong></span> <span class='ocrx_word' id='word_1_768' title='bbox 3226 5244 3445 5297; x_wconf 86' lang='lat' dir='ltr'><strong>Domini</strong></span> 
     </span>
    </p>
   </div>
   <div class='ocr_carea' id='block_1_111' title="bbox 1886 5336 3448 5395">
    <p class='ocr_par' dir='ltr' id='par_1_111' title="bbox 1886 5336 3448 5395">
     <span class='ocr_line' id='line_1_111' title="bbox 1886 5336 3448 5395; baseline -0.003 -2"><span class='ocrx_word' id='word_1_769' title='bbox 1886 5340 2058 5393; x_wconf 85' lang='lat' dir='ltr'><strong>nostri</strong></span> <span class='ocrx_word' id='word_1_770' title='bbox 2090 5336 2223 5395; x_wconf 72' lang='lat' dir='ltr'><strong>Jesu</strong></span> <span class='ocrx_word' id='word_1_771' title='bbox 2253 5340 2461 5393; x_wconf 71' lang='lat' dir='ltr'><strong>Christi</strong></span> <span class='ocrx_word' id='word_1_772' title='bbox 2516 5354 2639 5392; x_wconf 90' lang='lat' dir='ltr'><strong>cum</strong></span> <span class='ocrx_word' id='word_1_773' title='bbox 2676 5338 2780 5391; x_wconf 80' lang='lat' dir='ltr'><strong>(ide</strong></span> <span class='ocrx_word' id='word_1_774' title='bbox 2813 5346 2867 5391; x_wconf 91' lang='lat' dir='ltr'><strong>ct</strong></span> <span class='ocrx_word' id='word_1_775' title='bbox 2898 5338 3171 5391; x_wconf 77' lang='lat' dir='ltr'><strong>cllaritate</strong></span> <span class='ocrx_word' id='word_1_776' title='bbox 3195 5339 3249 5390; x_wconf 94' lang='lat' dir='ltr'><strong>in</strong></span> <span class='ocrx_word' id='word_1_777' title='bbox 3282 5336 3448 5390; x_wconf 86' lang='lat' dir='ltr'><strong>Chri-</strong></span> 
     </span>
    </p>
   </div>
   <div class='ocr_carea' id='block_1_112' title="bbox 1884 5429 2151 5487">
    <p class='ocr_par' dir='ltr' id='par_1_112' title="bbox 1884 5429 2151 5487">
     <span class='ocr_line' id='line_1_112' title="bbox 1884 5429 2151 5487; baseline -0.007 0"><span class='ocrx_word' id='word_1_778' title='bbox 1884 5442 1972 5487; x_wconf 90' lang='lat' dir='ltr'><strong>sto</strong></span> <span class='ocrx_word' id='word_1_779' title='bbox 1999 5429 2151 5487; x_wconf 78' lang='lat' dir='ltr'><strong>Jesu.</strong></span> 
     </span>
    </p>
   </div>
   <div class='ocr_carea' id='block_1_113' title="bbox 1958 5517 3443 5588">
    <p class='ocr_par' dir='ltr' id='par_1_113' title="bbox 1958 5517 3443 5588">
     <span class='ocr_line' id='line_1_113' title="bbox 1958 5517 3443 5588; baseline 0.001 -14"><span class='ocrx_word' id='word_1_780' title='bbox 1958 5520 2121 5576; x_wconf 84' lang='lat' dir='ltr'><strong>Hebr.</strong></span> <span class='ocrx_word' id='word_1_781' title='bbox 2158 5538 2209 5583; x_wconf 65' lang='grc' dir='ltr'><strong>κ,</strong></span> <span class='ocrx_word' id='word_1_782' title='bbox 2240 5521 2333 5574; x_wconf 74' lang='grc'><strong>26.</strong></span> <span class='ocrx_word' id='word_1_783' title='bbox 2360 5540 2428 5561; x_wconf 64' lang='grc' dir='ltr'><strong>-ι-</strong></span> <span class='ocrx_word' id='word_1_784' title='bbox 2462 5539 2479 5570; x_wconf 86' lang='grc'>‹</span> <span class='ocrx_word' id='word_1_785' title='bbox 2516 5517 2837 5574; x_wconf 77' lang='lat' dir='ltr'><strong>Voluntarte</strong></span> <span class='ocrx_word' id='word_1_786' title='bbox 2872 5519 3229 5588; x_wconf 86' lang='lat' dir='ltr'><strong>peccantibus</strong></span> <span class='ocrx_word' id='word_1_787' title='bbox 3282 5521 3443 5575; x_wconf 84' lang='lat' dir='ltr'><strong>nobis</strong></span> 
     </span>
    </p>
   </div>
   <div class='ocr_carea' id='block_1_114' title="bbox 1885 5612 3445 5685">
    <p class='ocr_par' dir='ltr' id='par_1_114' title="bbox 1885 5612 3445 5685">
     <span class='ocr_line' id='line_1_114' title="bbox 1885 5612 3445 5685; baseline -0.002 -17"><span class='ocrx_word' id='word_1_788' title='bbox 1885 5623 2009 5685; x_wconf 91' lang='lat' dir='ltr'><strong>post</strong></span> <span class='ocrx_word' id='word_1_789' title='bbox 2044 5625 2325 5683; x_wconf 83' lang='lat' dir='ltr'><strong>acceptam</strong></span> <span class='ocrx_word' id='word_1_790' title='bbox 2381 5614 2625 5666; x_wconf 87' lang='lat' dir='ltr'><strong>notitiam</strong></span> <span class='ocrx_word' id='word_1_791' title='bbox 2661 5613 2943 5674; x_wconf 84' lang='lat' dir='ltr'><strong>veritatis.</strong></span> <span class='ocrx_word' id='word_1_792' title='bbox 2975 5612 3085 5678; x_wconf 86' lang='lat' dir='ltr'><strong>jam</strong></span> <span class='ocrx_word' id='word_1_793' title='bbox 3133 5626 3238 5665; x_wconf 90' lang='lat' dir='ltr'><strong>non</strong></span> <span class='ocrx_word' id='word_1_794' title='bbox 3271 5613 3445 5665; x_wconf 76' lang='lat' dir='ltr'><strong>relin~</strong></span> 
     </span>
    </p>
   </div>
   <div class='ocr_carea' id='block_1_115' title="bbox 1884 5702 3440 5773">
    <p class='ocr_par' dir='ltr' id='par_1_115' title="bbox 1884 5702 3440 5773">
     <span class='ocr_line' id='line_1_115' title="bbox 1884 5702 3440 5773; baseline 0 -18"><span class='ocrx_word' id='word_1_795' title='bbox 1884 5705 2077 5773; x_wconf 85' lang='lat' dir='ltr'><strong>quitur</strong></span> <span class='ocrx_word' id='word_1_796' title='bbox 2108 5719 2208 5772; x_wconf 92' lang='lat' dir='ltr'><strong>pro</strong></span> <span class='ocrx_word' id='word_1_797' title='bbox 2237 5705 2478 5772; x_wconf 80' lang='lat' dir='ltr'><strong>peccatis</strong></span> <span class='ocrx_word' id='word_1_798' title='bbox 2532 5704 2737 5763; x_wconf 84' lang='lat' dir='ltr'><strong>hostia;</strong></span> <span class='ocrx_word' id='word_1_799' title='bbox 2775 5704 2865 5757; x_wconf 83' lang='lat' dir='ltr'><strong>sed</strong></span> <span class='ocrx_word' id='word_1_800' title='bbox 2901 5702 3165 5755; x_wconf 75' lang='lat' dir='ltr'><strong>terribilis</strong></span> <span class='ocrx_word' id='word_1_801' title='bbox 3192 5702 3440 5769; x_wconf 78' lang='lat' dir='ltr'><strong>qua-.dam</strong></span> 
     </span>
    </p>
   </div>
   <div class='ocr_carea' id='block_1_116' title="bbox 1884 5796 3442 5871">
    <p class='ocr_par' dir='ltr' id='par_1_116' title="bbox 1884 5796 3442 5871">
     <span class='ocr_line' id='line_1_116' title="bbox 1884 5796 3442 5871; baseline -0.001 -22"><span class='ocrx_word' id='word_1_802' title='bbox 1884 5796 2221 5865; x_wconf 76' lang='lat' dir='ltr'><strong>exspectatio</strong></span> <span class='ocrx_word' id='word_1_803' title='bbox 2249 5796 2441 5863; x_wconf 87' lang='lat' dir='ltr'><strong>judicii</strong></span> <span class='ocrx_word' id='word_1_804' title='bbox 2464 5836 2476 5858; x_wconf 90' lang='lat'><strong>,</strong></span> <span class='ocrx_word' id='word_1_805' title='bbox 2508 5804 2563 5848; x_wconf 92' lang='lat' dir='ltr'><strong>et</strong></span> <span class='ocrx_word' id='word_1_806' title='bbox 2605 5796 2747 5863; x_wconf 76' lang='lat' dir='ltr'><strong>ignis</strong></span> <span class='ocrx_word' id='word_1_807' title='bbox 2793 5796 3069 5871; x_wconf 67' lang='lat' dir='ltr'><strong>aamulatio</strong></span> <span class='ocrx_word' id='word_1_808' title='bbox 3094 5836 3107 5862; x_wconf 90' lang='lat'><strong>,</strong></span> <span class='ocrx_word' id='word_1_809' title='bbox 3140 5810 3260 5864; x_wconf 71' lang='lat' dir='ltr'><strong>qua:</strong></span> <span class='ocrx_word' id='word_1_810' title='bbox 3296 5807 3442 5848; x_wconf 83' lang='lat' dir='ltr'><strong>con-</strong></span> 
     </span>
    </p>
   </div>
   <div class='ocr_carea' id='block_1_117' title="bbox 1888 5876 3073 5947">
    <p class='ocr_par' dir='ltr' id='par_1_117' title="bbox 1888 5876 3073 5947">
     <span class='ocr_line' id='line_1_117' title="bbox 1888 5876 3073 5947; baseline -0.002 -4"><span class='ocrx_word' id='word_1_811' title='bbox 1888 5898 2171 5947; x_wconf 76' lang='lat' dir='ltr'><strong>sumptura</strong></span> <span class='ocrx_word' id='word_1_812' title='bbox 2202 5897 2286 5943; x_wconf 87' lang='lat' dir='ltr'><strong>est</strong></span> <span class='ocrx_word' id='word_1_813' title='bbox 2324 5888 2690 5943; x_wconf 77' lang='lat' dir='ltr'><strong>adversarios.</strong></span> <span class='ocrx_word' id='word_1_814' title='bbox 2731 5906 2752 5941; x_wconf 75' lang='grc' dir='ltr'><strong>ι</strong></span> <span class='ocrx_word' id='word_1_815' title='bbox 3014 5886 3023 5895; x_wconf 70' lang='grc'>”</span> <span class='ocrx_word' id='word_1_816' title='bbox 3052 5876 3073 5885; x_wconf 37' lang='grc' dir='ltr'><strong>ί</strong></span> 
     </span>
    </p>
   </div>
  </div>
