4206 6442
249 417 381 493 1561

1522 433 1754 492 SACRA
1798 436 2259 502 PARALLELA.

3362 453 3502 520 1562

246 549 399 621 αὐτῷ
429 549 563 604 δέκα
581 549 772 618 λεπροὶ
794 547 1007 617 ἄνδρες,
1032 544 1127 599 καὶ
1147 540 1290 617 ἦραν
1318 547 1502 618 φωνὴν
1531 549 1783 640 λέγοντες
1806 566 1819 579 ·

1928 554 2246 623 civitatem,
2298 573 2665 620 occurrerunt
2695 566 2745 622 ei
2785 567 2974 623 decem
3016 569 3117 624 viri
3171 571 3401 640 leprosi,
3443 583 3500 628 et

257 643 438 711 Ἰησοῦ
493 641 796 703 ἐπιστάτα,
848 639 1074 708 ἐλέησον
1112 639 1282 708 ἡμᾶς.
1330 639 1440 692 Καὶ
1500 638 1623 692 ἰδὼν
1666 635 1820 692 εἶπεν

242 733 464 796 αὐτοῖς·
497 732 870 804 Πορευθέντες
899 729 1207 795 ἐπιδείξατε
1237 731 1464 793 ἑαυτοὺς
1498 734 1611 794 τοῖς
1641 732 1820 802 ἱερεῦ-

243 842 352 880 σιν.
404 826 520 878 Καὶ
567 828 626 878 ὲν
675 824 752 895 τῷ
801 823 1039 892 ὑπάγειν
1101 823 1306 887 αὐτοὺς
1357 824 1819 896 ἐκαθαρίσθησαν.

243 913 340 977 Εἷς
366 918 424 970 δὲ
461 917 522 984 ἐξ
554 918 756 980 αὐτῶν,
807 916 930 970 ἰδὼν
971 918 1053 970 ὅτι
1107 915 1254 985 ἰάθη,
1300 918 1640 989 ὑπέστρεψεν
1687 918 1821 988 μετᾶ

243 1009 432 1078 φωνῆς
469 1009 714 1079 μεγάλης
758 1006 998 1072 δοξάζων
1027 1009 1116 1061 τὸν
1148 1009 1302 1074 Θεὸν,
1338 1011 1430 1062 καὶ
1481 1010 1679 1064 ἔπεσεν
1729 1012 1823 1064 ἐπὶ

241 1088 544 1170 πρόσωπον
583 1099 748 1153 αὐτοῦ
781 1101 1121 1171 εὐχαριστῶν
1150 1100 1302 1172 αὐτῴ
1325 1119 1340 1132 ο
1377 1104 1473 1155 καὶ
1520 1104 1684 1166 αὐτὸς
1716 1105 1821 1158 Σα-

244 1189 539 1261 μαρείτης.
585 1189 933 1261 Ἀποκριθεὶς
961 1189 1018 1242 δὲ
1059 1190 1087 1242 ὁ
1123 1189 1332 1261 Ἰησοῦς
1367 1188 1521 1244 εἶπεν
1549 1208 1562 1222 ·
1603 1194 1741 1262 Οὐχὶ
1775 1196 1821 1247 οἱ

239 1283 373 1336 δέκα
418 1283 901 1355 ἐκαθαρίσθησαν;
945 1285 996 1336 οἱ
1032 1283 1088 1336 δὲ
1133 1285 1289 1337 ἐννέα
1323 1285 1469 1351 ποῦ;
1507 1286 1619 1355 Οὐχ
1665 1287 1826 1357 εὐρέ-

241 1371 422 1440 θησαν
465 1371 913 1452 ὑποστρέψαντες
950 1371 1136 1426 δοῦναι
1167 1373 1325 1438 δόξαν
1369 1375 1449 1446 τῷ
1495 1377 1634 1446 Θεῷ,
1668 1379 1715 1430 εί
1747 1380 1821 1448 μὴ

239 1468 593 1538 ὁάλλογενὴς
619 1465 795 1535 οὗτος.
835 1471 947 1525 Καὶ
979 1467 1134 1524 εἶπεν
1180 1471 1372 1544 αὐτῷ’
1412 1471 1676 1535 Ἀναστὰς
1723 1491 1822 1526 πο-

238 1561 430 1633 ρεύου,
463 1563 501 1632 ἡ
531 1564 716 1628 πίστις
743 1581 836 1617 σου
866 1564 1110 1618 σέσωκέν
1143 1582 1222 1619 σε.
1265 1584 1284 1615 ι

312 1764 334 1797 ι
380 1745 476 1799 Ἐν
527 1747 694 1800 παντὶ
754 1745 1169 1817 εὐχαριστεῖτε·
1225 1746 1380 1799 τοῦτο
1447 1748 1557 1818 γὰρ
1612 1746 1824 1816 θέλημά

233 1835 386 1888 ἐστιν
410 1835 550 1889 Θεοῦ
581 1840 639 1889 ὲν
669 1835 887 1907 Χριστῷ
928 1835 1104 1904 ἰησού
1142 1837 1222 1901 είς
1253 1837 1398 1906 ὑμᾶς
1451 1858 1468 1889 ι

306 2010 617 2082 Πρέπουσα
648 2011 957 2081 δοξο>.ογίας
995 2011 1278 2078 ὑπόθεσις,
1311 2015 1346 2085 ἠ
1381 2011 1489 2066 τῶν
1527 2013 1822 2084 εὐεργετηο

237 2104 433 2178 μάτων
459 2106 742 2177 διήγησις.

322 2197 733 2270 Ἀποδώσωμεν
777 2199 960 2254 τοίνυν
990 2201 1087 2254 σὺν
1119 2199 1265 2271 τόκῳ
1297 2199 1358 2254 τὸ
1386 2200 1567 2271 χρέος,
1602 2200 1670 2254 ἂν
1715 2199 1824 2272 ἄρα

233 2291 502 2346 τοσοῦτον
529 2293 899 2365 εὐποροῦντες
932 2293 1207 2364 φανῶμεν.

233 2494 421 2550 ΤΙΤΛ.
451 2496 582 2550 Kl".
617 2528 685 2536 —
714 2495 853 2565 Περὶ
879 2494 1282 2561 ἐκδικήσεως-ο
1331 2497 1426 2550 καὶ
1468 2499 1546 2562 ὡς
1592 2499 1823 2566 ἀπηγό-

295 2583 524 2638 ρευται
545 2567 641 2632 δὶς
671 2569 805 2634 περὶ
835 2567 942 2621 τοῦ
972 2569 1158 2623 αὐτοῦ
1190 2567 1534 2638 πράγματος
1559 2573 1818 2636 εὐθύνας

301 2637 771 2704 εἰσπράττεσθαι
783 2681 796 2693 .

308 2767 329 2802 t
361 2750 481 2803 Οὐκ
510 2749 818 2820 ἐκδικήσεις
853 2751 936 2816 δὶς
963 2751 1058 2803 ἐπὶ
1094 2751 1154 2804 τὸ
1188 2752 1345 2806 αὐτό.
1379 2772 1396 2802 ι

305 2859 326 2892 ‹
361 2840 430 2894 Τί
459 2840 741 2910 λογίζεσθε
775 2845 868 2895 ἐπὶ
901 2845 992 2896 τὸν
1027 2843 1267 2915 Κύριονς
1307 2845 1628 2900 συντέλειαν
1658 2847 1820 2910 αὐτὸς

233 2930 484 3001 ποιήσει,
521 2935 616 2986 καὶ⁸
649 2934 748 2986 οὐκ
786 2934 1063 3005 ἐκδικήσει
1091 2935 1172 2999 δίς
1204 2937 1296 2989 ἐπὶ
1331 2938 1394 2989 τὸ
1435 2938 1568 2991 αὐτὸ
1610 2939 1666 2990 ἐν
1701 2938 1815 2990 θλί-

233 3020 349 3091 ψει.
384 3042 404 3077 ι

232 3138 418 3212 ΤΙΤΛ.
454 3141 584 3212 ΚΔθ.
609 3170 680 3180 -—
735 3143 871 3208 Περὶ
920 3132 1242 3197 ἐπικρίνων
1287 3143 1645 3212 πραγμάτων
1669 3159 1680 3170 ·
1718 3146 1815 3197 καὶ

300 3209 393 3304 ὃς
427 3211 547 3279 χρὴ
581 3214 825 3304 ερεύἔευο
861 3212 934 3297 τὰ
960 3214 1237 3304 intimam?
1269 3209 1621 3294 κιιςαῖώγιίι,
1664 3215 1815 3271 διότι
1842 3248 1884 3304 C

299 3280 508 3350 μάχας
551 3283 649 3336 καί
683 3283 1032 3348 διαστάσεις
1065 3280 1524 3353 πρωί-ξενοῦνται.

307 3408 326 3442 ι
363 3387 535 3444 Εἶπεν
578 3393 829 3463 Ἀϐραάμ
849 3393 987 3464 πρὸς
1017 3395 1167 3448 Λώτ·
1203 3399 1278 3466 μὴ
1320 3397 1461 3449 ἕστω
1497 3398 1647 3468 μάχη
1679 3399 1818 3451 ἀνα·-

235 3483 404 3552 μέσον
435 3483 593 3554 ἐμοῦ,
630 3487 725 3538 καὶ
777 3488 1056 3555 ἀναμέσον
1089 3506 1206 3553 σου,
1255 3489 1350 3541 καὶ
1400 3491 1673 3561 ἁναμὲσον
1707 3492 1817 3544 τῶν

232 3577 514 3646 ποιμένων
547 3595 670 3647 μου,
699 3582 791 3631 καὶ
822 3580 929 3631 τῶν
969 3581 1246 3648 ποιμένων
1275 3599 1392 3646 σου,
1425 3582 1506 3635 ὅτι
1537 3583 1814 3649 ἄνθρωποι

231 3667 457 3736 ἀδελφοὶ
489 3671 654 3739 ἡμεῖς
683 3671 873 3739 ἐσμεν.
907 3668 1021 3724 Οὐκ
1054 3671 1162 3724 ίδού
1208 3674 1358 3726 πᾶσα
1396 3675 1430 3743 ἡ
1461 3676 1529 3742 γῆ
1571 3675 1815 3727 ἐναντίον

234 3759 331 3815 σού
362 3761 554 3826 ἐστιν,
595 3765 1004 3834 Διαχωρίσθητι
1046 3765 1140 3818 ἀπ’
1173 3766 1330 3835 ἐμοῦ.
1376 3767 1438 3820 El
1472 3767 1536 3820 σὺ
1567 3770 1647 3830 είς
1691 3769 1814 3838 ἀρι-

233 3853 432 3924 στερὰ,
491 3853 604 3923 ἐγὼ
655 3857 735 3917 εἰς
787 3857 975 3919 δεξιάο
1033 3858 1082 3908 εἰ
1133 3854 1198 3910 σύ
1237 3859 1317 3920 εἰς
1362 3857 1530 3923 δεξιὰ,
1581 3858 1692 3926 ἐγὼ
1732 3861 1814 3922 εἰς

232 3946 525 4018 ἀριστερά.
555 3948 666 4000 Καὶ
707 3948 920 4016 ἐπάρας
949 3947 1070 4001 Λὼτ
1100 3950 1230 4012 τοὺς
1269 3949 1582 4020 ὀφθαλμοὺς
1621 3952 1806 4019 αὐτοῦ,

231 4036 371 4093 εἶδεν
422 4041 523 4112 τὴν
571 4042 882 4112 περίχωρον
923 4040 1018 4092 τοῦ
1059 4040 1357 4112 Ἰορδάνου,
1415 4043 1500 4097 ὃτι
1545 4046 1694 4097 πᾶσα
1741 4041 1810 4116 ἦν

231 4131 590 4202 ποτιζομένη,
627 4133 734 4201 πρὸ
759 4133 854 4185 τοῦ
891 4134 1266 4204 καταστρέψαι
1303 4135 1396 4188 τὸν
1433 4135 1564 4188 Θεὸν
1601 4137 1808 4207 Σόδομα

231 4227 327 4276 καὶ
353 4223 639 4294 Γόμορρα,
671 4223 746 4285 ὡς
778 4225 1108 4294 παράδεισος
1137 4225 1230 4278 τοῦ
1258 4225 1418 4291 Θεοῦ,
1445 4229 1537 4280 καὶ
1569 4228 1645 4291 ὡς
1672 4229 1705 4299 ἡ
1736 4230 1805 4299 γῆ

229 4315 537 4384 Αίγύπτου.
572 4317 683 4370 Καὶ
706 4317 988 4384 ἐξελέξατο
1021 4319 1202 4390 ἑαυτῴ
1229 4318 1470 4392 Λὼτ-τὴν
1499 4323 1806 4395 περίχωρον

228 4408 324 4462 τοῦ
366 4409 659 4479 Ἰορδάνου,
689 4409 786 4462 καὶ
826 4411 1038 4482 ἀπῆρεν
1076 4410 1200 4466 Λὼτ
1239 4413 1346 4466 ἀπὸ
1385 4416 1680 4481 ἀνατολῶν,
1713 4420 1807 4472 καὶ

228 4499 635 4572 ἐχωρίσθησαν.
678 4519 696 4551 ι

305 4612 326 4647 ι
360 4595 635 4665 Κρεῖσσον
663 4595 835 4650 οἰκεῖν
857 4597 951 4650 ἐπὶ
976 4598 1179 4667 γωνίας
1209 4601 1498 4674 ὑπαίθρου,
1527 4603 1558 4674 ἦ
1590 4605 1647 4657 ἐν
1673 4604 1807 4676 οἴκῳ
1843 4601 1883 4655 D

229 4704 420 4757 κοινῳ.
461 4705 479 4737 ι

303 4798 325 4832 ι
377 4778 739 4852 Ἰσχυροτέρῳ
765 4797 862 4834 σου
890 4783 984 4839 καὶ
1029 4780 1409 4860 πλουσιωτέρῳ
1439 4805 1530 4842 σου
1574 4789 1649 4861 μὴ
1692 4809 1806 4845 χοι·-

227 4886 360 4923 νωνε
371 4887 384 4922 ι
394 4912 408 4926 .
460 4889 478 4920 ι

300 4961 558 5030 Ἐχουσιν
590 4965 645 5016 αἱ
684 4963 795 5016 τῶν
836 4964 1036 5018 κοινῶν
1075 4967 1388 5038 ἐπιμέλειαι
1432 4969 1601 5036 λαϐὰς
1631 4973 1710 5035 εἰς
1742 4973 1806 5028 τὺ
1853 5015 1864 5051 ι

229 5051 574 5124 μεμφθῆναι.

224 5165 409 5221 ΤΙΤΛ.
441 5167 570 5219 KE'.
601 5199 668 5207 --
699 5170 840 5245 Napi
873 5169 1219 5245 εὐδοκιμίας
1239 5187 1252 5200 ⁸
1289 5172 1378 5228 ὅτι
1408 5177 1597 5245 εὐχῆς
1627 5177 1802 5242 ἄξιον

787 5240 848 5291 τὸ
879 5243 1243 5308 κατιζρθωμα.

300 5345 319 5379 t
360 5326 485 5380 Ἐπὶ
520 5328 702 5399 μικρῷ
723 5328 819 5382 καὶ
853 5332 1074 5403 μεγάλῳ
1106 5336 1420 5406 εὐδοκιμίαν
1451 5337 1562 5407 ἔχε.
1598 5357 1614 5388 ι

298 5526 317 5560 t
349 5508 660 5596 Σπούδασον
704 5514 933 5568 σεαυτὸν
986 5518 1274 5588 εὐδόκιμον
1326 5526 1678 5595 παραστῆσαι
1720 5526 1797 5596 τῷ

221 5597 362 5672 Θεῷ,
398 5602 642 5674 ἐργάτην
669 5608 1120 5678 ἀνεπαίσχυντον.
1154 5632 1172 5663 ι

535 5781 716 5838 ΤῙΤΛ.
751 5782 894 5853 κοτ’.
922 5816 982 5824 --
1015 5789 1151 5857 Περὶ
1181 5792 1473 5862 ἐμπόρων.

294 5887 314 5954 t
347 5870 517 5939 Μόλις
552 5873 815 5942 ἐξελεῖται
847 5879 1085 5952 ἔμπορος
1118 5885 1222 5937 ἀπὸ
1256 5887 1656 5961 πλημμελείας,
1695 5916 1711 5948 ι

1926 643 2247 703 levaverunt
2296 668 2482 710 vocem
2536 673 2723 724 suam,
2767 660 3052 719 dicentes:
3103 663 3232 718 Jesu
3293 683 3498 734 praece-

1927 746 2067 804 ptor,
2104 740 2367 800 miserere
2410 749 2608 811 nostri,
2641 758 2696 803 et
2741 750 2878 805 dixit
2908 755 2988 808 eis
3016 771 3030 808 :
3066 754 3141 807 Ite
3169 796 3185 817 ,
3227 765 3282 808 et
3314 767 3497 810 osten-

1923 826 2034 880 dite
2054 845 2149 884 vos
2176 835 2578 891 sacerdotibus.
2607 838 2671 892 Ει
2700 856 2824 894 cum
2851 843 3025 904 irent,
3061 847 3306 898 niumlati
3343 853 3495 901 sunt.

1928 917 2080 975 linus
2113 931 2295 978 autem
2341 943 2404 981 ex
2454 930 2588 992 illis,
2622 941 2683 985 ut
2711 934 2848 986 vidit
2889 935 3020 1004 quia
3050 949 3278 992 sanatus
3308 949 3497 1004 esset,

1927 1025 2212 1079 regressus
2247 1025 2331 1070 est
2366 1035 2488 1072 cum
2527 1037 2660 1076 voce
2687 1039 2912 1090 magna,
2950 1027 3266 1094 glorilicans
3303 1029 3497 1096 Deum,

1924 1110 1976 1154 et
2036 1105 2236 1160 cecidit
2300 1111 2352 1162 in
2407 1109 2601 1166 faciem
2664 1103 2812 1168 ante.
2873 1120 3036 1186 pedes
3089 1120 3230 1185 ejus,
3291 1123 3500 1187 gratias

1926 1210 2131 1264 agens:
2174 1208 2230 1252 et
2265 1202 2353 1255 hic
2405 1214 2525 1257 erat
2559 1207 2967 1266 Samaritanus.
3001 1209 3367 1279 Restiondens
3399 1230 3499 1268 au-

1927 1297 2032 1342 tem
2091 1290 2287 1357 Jesus,
2343 1297 2520 1353 dixit:
2578 1298 2770 1356 Nonne
2823 1304 3012 1359 decent
3053 1306 3300 1359 tumulati
3327 1309 3502 1361 sunt?
3577 1347 3585 1356 .

1924 1390 1978 1434 et
2008 1399 2204 1438 novem
2235 1387 2326 1442 tibi
2356 1392 2538 1443 sunt?’
2560 1389 2680 1446 Non
2711 1394 2916 1448 inventi
2944 1404 3076 1449 sunt
3105 1397 3198 1464 qui
3233 1396 3496 1462 redirent,

1925 1485 1978 1527 et
2016 1479 2214 1530 darent
2261 1481 2490 1548 gloriam
2543 1481 2653 1538 Deo
2681 1525 2698 1550 ,
2744 1486 2851 1540 nisi
2919 1488 3008 1544 hic
3063 1489 3396 1556 alienigena.
3431 1490 3500 1544 Et

1927 1567 2000 1620 ait
2034 1569 2111 1623 illi
2150 1587 2162 1623 :
2203 1570 2414 1642 Surge,
2447 1574 2622 1636 vade.
2670 1577 2800 1646 quia
2860 1578 2996 1635 fides
3039 1589 3132 1634 tua
3182 1591 3232 1636 te
3281 1581 3495 1635 salvum

1929 1662 2076 1718 ferit.
2118 1682 2137 1714 ι

1997 1757 2152 1828 521
2212 1758 2238 1812 1
2292 1758 2474 1814 Thess.
2511 1778 2566 1825 ν,
2601 1762 2777 1815 17.-
2809 1783 2826 1816 ι
2862 1763 2918 1818 In
2971 1768 3229 1820 omnibus
3287 1767 3494 1838 gratias

1928 1854 2106 1911 agito:
2146 1855 2259 1909 lucc
2293 1865 2380 1911 est
2407 1857 2552 1910 enim
2595 1858 2847 1914 voluntas
2885 1858 2977 1914 Dei
3021 1863 3073 1914 in
3107 1862 3329 1916 Christo
3363 1861 3494 1918 Jesu

1930 1947 1980 1999 in
2015 1948 2188 2004 vobis.
2225 1968 2246 2003 ι

1997 2041 2057 2096 S.
2096 2042 2267 2098 Basit.
2298 2046 2703 2117 —--Congruum
2737 2047 3068 2102 laudationis
3109 2059 3495 2118 argumentum

1924 2146 2032 2199 est,
2064 2147 2423 2209 acceptorum
2464 2141 2859 2197 beneﬁciorqu
2897 2143 3369 2197 commemoratio.

1994 2231 2052 2286 S.
2094 2231 2249 2302 (ἐι-ρει.
2279 2232 2424 2292 Ναι.
2455 2244 2597 2290 orat.
2631 2238 2682 2288 in
2708 2236 2765 2289 S.
2799 2235 2960 2301 Cypr.
2991 2265 3060 2277 —-
3091 2234 3344 2290 Debilum
3368 2251 3499 2306 ergo

1924 2337 2051 2374 cum
2112 2323 2306 2379 fenore
2363 2327 2783 2394 persolvanius;
2841 2327 2886 2380 si
2922 2337 3106 2382 tanien
3153 2336 3241 2381 sat
3281 2328 3497 2399 amplas

1923 2430 2054 2482 ope»;
2090 2418 2294 2472 habere
2324 2421 2686 2490 reperiamur.

1924 2527 2062 2584 ἸἸΤ.
2093 2529 2286 2585 XXI".
2319 2561 2390 2572 —
2421 2531 2497 2585 De
2533 2532 2891 2586 vindicatione
2925 2549 2944 2588 :
2969 2543 3018 2586 et
3058 2534 3198 2600 quod
3229 2535 3293 2590 de
3322 2552 3378 2590 re
3407 2551 3498 2590 ea-

2169 2603 2288 2656 dem
2333 2603 2412 2658 bis
2445 2620 2626 2674 pwnas
2669 2606 2880 2675 exigere
2913 2621 3019 2660 non
3064 2607 3247 2662 licent.

1996 2782 2154 2838 Deut.
2178 2812 2250 2824 --
2275 2801 2296 2835 ι
2338 2783 2455 2838 Νοιι
2486 2785 2572 2838 bis
2601 2785 2909 2840 viudicabis
2941 2785 2996 2839 in
3028 2784 3293 2854 idipsum.
3331 2807 3350 2838 ι

1997 2873 2212 2929 ΝαΙιιιιιι
2246 2891 2284 2941 ι,
2330 2877 2382 2931 9.
2417 2907 2486 2918 ——
2520 2895 2538 2926 ι
2583 2877 2722 2944 Quid
2774 2877 3034 2948 cogitatis
3075 2886 3271 2931 contra
3312 2877 3500 2931 Domi-

1923 2984 2051 3020 num
2075 2969 2098 3022 ’ἔ
2123 2969 2674 3025 Consummationeni
2715 2971 2833 3039 ipse
2879 2972 3079 3032 l'aciet.
3118 2981 3171 3025 et
3211 2988 3321 3026 non
3355 2971 3495 3027 ulci-

1921 3071 2109 3115 scetur
2147 3062 2230 3116 bis
2256 3063 2311 3117 in
2352 3064 2591 3132 idipsuui
2623 3063 2678 3118 in
2717 3065 3100 3121 tribulatione.
3145 3085 3162 3116 ι

1923 3171 2058 3227 ΤΙΤ.
2088 3171 2281 3249 XXIV.
2313 3205 2381 3249 -—;
2427 3177 2498 3229 De
2531 3179 2897 3231 rommtmibns
2938 3179 3161 3249 negotiis
3191 3195 3209 3232 :
3253 3178 3497 3248 quodque

1989 3246 2290 3321 romniunia
2325 3247 2616 3300 diversoria
2652 3249 2870 3304 vitanda
2900 3246 3031 3315 sint,
3061 3252 3188 3321 quia
3209 3246 3331 3304 hinc
3360 3246 3495 3306 rixa:

1991 3325 2044 3367 et
2082 3316 2311 3369 dissidia
2338 3329 2648 3372 noscuntur.

1989 3427 2120 3482 Gen.
2158 3446 2280 3494 xm,
2312 3430 2344 3485 8
2387 3448 2531 3501 seqq.
2561 3464 2630 3474 —-
2661 3453 2679 3485 ι
2715 3433 2861 3488 Dixit
2906 3437 3182 3492 Abraham
3223 3438 3289 3492 ad
3336 3437 3437 3494 Lot
3471 3457 3487 3495 :

1917 3515 1993 3572 Ne
2023 3520 2129 3580 sit,
2161 3536 2390 3589 quaeso,
2435 3524 2680 3592 jurgium
2724 3529 2872 3580 inter
2910 3546 2993 3583 tne
3031 3539 3085 3584 et
3133 3543 3219 3597 te,
3256 3541 3311 3585 et
3343 3533 3490 3588 inter

1916 3623 2165 3678 pastores
2200 3629 2350 3668 lucos
2377 3623 2428 3668 et
2467 3627 2717 3684 pastores
2752 3629 2915 3674 tuos:
2973 3622 3173 3677 fratres
3213 3624 3360 3679 enini
3392 3642 3489 3682 80-.

1915 3718 2058 3756 nius.
2091 3703 2172 3757 An
2217 3721 2325 3759 non
2372 3722 2500 3763 ecce
2535 3710 2790 3766 universa
2844 3726 2990 3767 terra
3036 3730 3222 3770 coram
3268 3726 3323 3772 te
3358 3718 3488 3774 est?

1913 3794 2127 3849 Recede
2151 3811 2180 3849 a
2213 3811 2319 3851 me.
2354 3797 2408 3850 Si
2453 3799 2522 3853 ad
2572 3802 2796 3857 sinistra
2830 3804 2956 3858 ieris
2978 3847 2993 3872 ,
3027 3822 3127 3877 ego
3159 3807 3226 3861 ad
3255 3809 3483 3864 dextera

1910 3887 2036 3954 ibo;
2072 3890 2115 3942 si
2166 3897 2224 3943 tu
2271 3891 2336 3944 ad
2386 3891 2610 3951 dextera
2640 3936 2653 3960 ,
2699 3911 2801 3964 ego
2841 3897 2908 3950 ad
2957 3899 3183 3954 sinistra
3234 3917 3480 3972 pergant.

1911 3980 2152 4035 Elevatis
2205 3983 2389 4052 itaque
2423 3985 2522 4039 L'ol
2566 3988 2749 4041 oculis
2789 3991 2936 4052 suis,
2975 3991 3110 4046 vidit
3144 4008 3362 4047 omnem
3393 4009 3482 4050 re-

1907 4073 2126 4143 gionem
2175 4075 2458 4141 Jurdauis,
2505 4080 2651 4148 quod
2703 4082 2962 4137 universa
3003 4084 3480 4154 irrigaretur,an-

1908 4171 2128 4233 tenuant
2177 4167 2540 4224 subvertisset
2597 4169 2861 4226 Dominus
2927 4173 3220 4228 Sodoniam
3273 4184 3328 4229 et
3365 4174 3479 4230 Go-

1910 4257 2184 4310 morrham
2211 4297 2224 4320 ,
2262 4259 2409 4313 sicut
2445 4261 2736 4329 paradisus
2767 4261 2979 4317 Domini
3005 4305 3019 4323 ,
3051 4274 3106 4319 et
3140 4266 3282 4321 sicut
3310 4265 3478 4339 Egy-

1909 4338 2365 4421 ptus.‘Elegitque
2395 4354 2497 4407 sibi
2526 4351 2627 4408 Lot
2659 4355 2937 4424 regionem
2969 4357 3116 4411 circa
3146 4338 3468 4425 Jordanem,

1907 4452 1962 4498 et
1992 4446 2222 4499 recessit
2247 4445 2317 4500 ab
2345 4446 2590 4513 oriente,
2621 4457 2677 4503 et
2701 4447 2866 4503 divisi
2900 4456 3030 4503 sunt
3053 4448 3123 4505 ab
3164 4451 3419 4508 invicem.
3453 4471 3472 4502 ι

1986 4615 2144 4671 Prov.
2181 4635 2297 4681 xxi.
2327 4619 2400 4684 9;
2433 4636 2560 4684 xxv.
2587 4621 2678 4676 Ἡ.
2706 4651 2778 4663 —-
2811 4641 2828 4673 ι
2867 4622 3057 4678 Melius
3101 4633 3187 4678 est
3233 4624 3481 4680 habitare

1914 4710 1966 4763 iti
2000 4713 2202 4779 angulo
2233 4713 2337 4766 sub
2366 4713 2478 4777 diu,
2518 4730 2680 4782 quam
2717 4717 2771 4770 in
2803 4718 2966 4770 domo
2991 4719 3293 4770 communi.
3332 4737 3350 4768 ι

1985 4802 2146 4855 Eccli.
2181 4821 2300 4866 xui,
2335 4806 2388 4859 2.
2409 4838 2477 4846 -
2501 4826 2518 4857 ι
2549 4805 2782 4862 Fottiori
2821 4818 2875 4864 et
2902 4809 3086 4864 ditiuri
3115 4819 3166 4865 te
3193 4826 3258 4864 ne
3290 4810 3477 4866 socius

1913 4893 2105 4950 fueris.
2142 4916 2160 4948 ι

1983 4984 2195 5040 Habent
2215 4989 2590 5044 communioni
2617 4992 2966 5062 negotiorum
2994 5008 3142 5048 cura:
3178 4994 3479 5064 rt-prebeno

1909 5080 2086 5134 siouis
2109 5095 2298 5133 ansas.

1907 5194 2043 5250 Tl'l‘.
2076 5193 2241 5248 XXV.
2263 5223 2330 5272 -τ
2353 5195 2430 5248 De
2463 5199 2688 5272 nominis
2716 5199 3039 5268 splendore:
3077 5212 3129 5256 at
3166 5201 3306 5272 quod
3337 5214 3473 5258 recte

2298 5269 2498 5332 [actum
2537 5269 2711 5337 gloria
2740 5273 2955 5339 dignum
2990 5274 3080 5325 sit.

1976 5357 2139 5412 [ζει-[ἱ.
2181 5375 2330 5420 xxix,
2353 5361 2441 5413 50.
2467 5390 2538 5400 -—-
2565 5379 2584 5414 ‹
2616 5363 2673 5416 ιιι
2703 5379 2871 5432 parva
2907 5375 2963 5422 et
3002 5382 3201 5437 magna
3231 5383 3310 5434 re,
3335 5349 3471 5424 cura

1908 5458 1962 5501 ιιι
1998 5452 2131 5504 bene
2152 5454 2362 5507 audias.
2404 5473 2422 5504 ι

1976 5541 2035 5596 Il
2067 5544 2202 5598 Τίνι.
2243 5561 2301 5608 ιι,
2333 5547 2419 5602 15.
2446 5579 2516 5588 -
2550 5569 2567 5598 ι
2601 5549 2852 5606 Sollicile
2883 5569 3016 5607 cura
3065 5557 3303 5627 teipsum
3335 5572 3467 5628 pro-

1902 5633 2135 5707 babilem
2191 5638 2449 5693 exhibere
2500 5641 2641 5704 Deo,
2697 5647 3100 5700 mercenarium
3157 5647 3468 5705 iuconfusi-

1903 5725 2085 5779 bilem.
2123 5747 2139 5778 ι

2179 5816 2312 5872 ΤΙΤ.
2348 5819 2539 5878 XXVI.
2565 5854 2636 5864 —
2667 5825 2739 5880 De
2777 5831 3175 5887 mercatoribus.

1972 5903 2136 5960 Em’i.
2172 5940 2237 5949 -—
2273 5927 2290 5961 ι
2334 5908 2432 5965 \"ix
2489 5925 2758 5971 mercator
2800 5920 3064 5989 eripietur
3114 5939 3142 5978 a
3183 5924 3454 5994 denum,
