4206 6442
683 381 820 441 15ὃό

1024 491 1160 548 TIT.
1193 490 1412 546 XXVII.
1434 522 1500 532 —
1528 491 1607 547 De
1635 494 1912 549 eunuchis.

754 585 883 656 Sap.
933 602 1018 652 ιιι,
1079 587 1258 641 M.—
1293 605 1311 637 ι
1357 585 1560 642 Beatus
1612 595 1698 641 est
1746 589 1958 657 spado,
2006 587 2102 658 qui
2149 601 2262 640 non

681 686 943 750 operatus
1001 687 1087 734 est
1152 694 1247 748 per
1296 694 1496 732 manus
1545 695 1678 734 suas
1719 677 2101 750 iniquitatem,
2157 694 2264 733 nec

682 772 943 842 cogitavit
989 773 1261 827 adversus
1314 771 1484 826 Deum
1513 773 1878 841 nequissima.
1915 773 2146 826 Dabitur
2181 769 2263 824 illi

684 863 809 918 Iidei
863 865 1068 919 donum
1107 866 1390 929 electum,
1437 874 1491 920 et
1526 880 1651 920 sors
1705 865 1762 920 in
1809 865 2013 936 templo
2047 865 2144 920 Dei
2173 880 2264 919 ac-

683 957 1021 1026 ceptissima.
1070 976 1090 1009 ι

759 1043 925 1100 Ereti.
960 1063 1052 1108 xx,
1086 1045 1140 1099 4.
1164 1077 1231 1086 -—
1254 1064 1272 1096 ι
1301 1045 1770 1118 Concupiscentia
1789 1048 2052 1119 spadonis
2075 1059 2135 1104 ut
2167 1050 2266 1106 de-

689 1138 929 1205 virginet
953 1139 1332 1210 juvenculam.
1370 1157 1389 1191 ι

759 1229 956 1286 Matth.
1001 1248 1117 1294 xu,
1151 1231 1238 1285 l2.
1278 1264 1344 1274 —-
1370 1250 1389 1284 ι
1421 1231 1564 1286 Sunt
1593 1232 1832 1288 eunuchi
1857 1234 1950 1303 qui
1975 1234 2043 1288 de
2081 1247 2269 1292 ventre

689 1323 886 1376 matris
932 1338 1046 1376 suae
1087 1322 1168 1376 sic
1227 1324 1344 1377 nati
1389 1331 1550 1389 sunt;
1593 1332 1648 1378 et
1705 1332 1836 1379 sunt
1893 1328 2137 1381 eunuchi
2173 1329 2267 1398 qui

691 1412 820 1467 facti
853 1425 984 1467 sunt
1020 1415 1087 1468 ab
1121 1414 1438 1470 hominibus
1466 1433 1480 1481 ;
1519 1423 1573 1468 et
1601 1427 1732 1470 sunt
1758 1417 2002 1470 eunuchi
2057 1417 2151 1488 qui
2184 1434 2272 1473 se-

691 1505 842 1573 ipsos
879 1514 1273 1561 castrarerunt
1307 1516 1535 1576 propter
1566 1521 1802 1576 regnum
1835 1508 2160 1563 caelorum.»

760 1673 922 1744 522
947 1673 1007 1731 S.
1044 1675 1219 1731 Basit.
1254 1679 1413 1746 epist.
1451 1677 1522 1731 ad
1567 1678 1813 1748 Simplic.
1855 1680 2039 1734 lueret.
2069 1709 2140 1719 --
2167 1679 2276 1733 Eu-

694 1767 1003 1820 nucltorum
1041 1784 1213 1838 genus
1240 1769 1445 1825 infame
1468 1780 1637 1841 atque
1666 1771 2130 1827 exitiosissimum
2159 1780 2262 1827 est.

1807 377 1869 438 S.
1911 378 1944 438 Ι
1948 377 2151 438 OANN
2161 378 2232 438 IS
2270 377 2702 437 DAMASCENI

2655 491 2843 548 TITA.
2882 493 3009 546 KZ'.
3041 519 3111 533 —-
3158 489 3299 560 Περὶ
3334 491 3662 560 εὐνούχων.

2445 605 2464 639 ι
2496 586 2790 656 Μακάριος
2817 587 2847 638 ὁ
2875 582 3156 654 εὐνοῦχος,
3179 584 3208 635 ὁ
3234 581 3310 654 μὴ
3329 583 3705 655 ἐργασάμενος
3740 586 3800 638 ιν
3824 602 3953 656 χερ-

2369 678 2453 731 σὶν
2508 677 2796 748 ἀνόμημα,
2849 676 2983 746 μηδὲ
3015 673 3345 744 ἐνθυμηθεὶς
3404 677 3550 729 κατὰ
3602 676 3700 729 τοῦ
3740 676 3950 747 Κυρίου

2368 769 2602 840 πονηρά.
2629 769 2934 839 Δοθήσεται
2955 766 3106 836 αὐτῷ
3124 768 3224 836 τῆς
3257 769 3493 831 πίστεως
3515 769 3674 840 χάρις
3697 770 3951 840 ἐκλεκτὴ,

2369 861 2470 916 καὶ
2507 862 2711 933 κλῆρος
2740 862 2800 914 ὲν
2840 859 2953 931 ναῷ
2981 860 3190 932 Κυρίου
3220 859 3648 932 θυμηδέστερος.
3682 881 3702 913 ι

2449 1058 2468 1092 ι
2514 1037 2818 1110 Ἐπιθυμία
2840 1037 3095 1108 εὐνούχου
3125 1035 3591 1106 αποπαρθενῶσαι
3619 1037 3825 1089 nam.
3860 1053 3879 1086 ι

2449 1234 2468 1267 t
2507 1214 2662 1269 Εἰσὶν
2701 1215 2970 1287 εὐνοῦχοι,
3001 1217 3200 1280 οἵτινες
3238 1232 3301 1269 εκ
3350 1215 3560 1279 κοιλίας
3609 1215 3820 1287 μητρὸς
3855 1215 3956 1268 αὐ-

2371 1309 2482 1362 τῶν
2511 1309 2882 1380 ἐγεννήθησαν
2920 1309 3126 1373 οὕτως’
3157 1309 3253 1362 καὶ
3295 1311 3435 1362 εἰσὶν
3466 1309 3730 1380 εὐνοῦχοι,
3756 1309 3958 1373 οἵτινες

2375 1401 2806 1472 εὐνουχίσθησαν
2835 1401 2941 1454 ὐπὸ
2969 1401 3078 1455 τῶν
3107 1400 3444 1473 ἀνθρώπων
3478 1402 3572 1455 καὶ
3599 1404 3738 1455 εἰσὶν
3768 1402 3959 1455 εὐνοῦ-

2377 1512 2483 1564 χοι,
2533 1494 2734 1557 οἵτινες
2784 1493 3108 1564 εὐνούχισαν
3152 1495 3384 1557 ἑαυτοὺς
3420 1493 3508 1546 διὰ
3537 1493 3635 1564 τὴν
3677 1492 3960 1564 βασιλείαν

2374 1587 2486 1638 τῶν
2516 1584 2788 1656 οὐρανῶν.
2822 1603 2841 1636 ι

2452 1682 2686 1751 Ἀτιμον
2713 1679 2774 1732 τὸ
2804 1679 2915 1732 τῶν
2961 1676 3235 1748 εὐνούχων
3268 1677 3424 1746 γένος
3456 1677 3550 1731 καὶ
3583 1676 3959 1749 πανώλεθρον.

2379 1773 2551 1826 Τοῦτο
2577 1772 2642 1841 δὴ
2669 1771 2830 1824 τοῦτο
2860 1769 3052 1841 ἄθηλυ,
3085 1769 3373 1840 ἄνανδρον,
3401 1769 3824 1840 γυναικομανὲς,
3863 1767 3962 1821 καὶ

693 1859 830 1920 lloc,
888 1860 1142 1928 inquam,
1201 1864 1382 1930 ipsum
1423 1877 1528 1917 nec
1560 1863 1869 1928 muliebre,
1912 1878 2019 1918 nec
2065 1863 2229 1919 virile
2257 1905 2273 1930 ,

2380 1865 2662 1936 ὲπίζηλον,
2694 1864 3053 1934 ἁμετάδοτον,
3081 1863 3368 1933 πάνδοχον,
3397 1862 3762 1934 ἁπροσκορὲς.
3790 1860 3962 1914 κλαυ⁹

693 1953 984 2006 nmliertnn
1071 1954 1272 2009 insano
1354 1972 1544 2011 amore
1616 1956 1852 2022 ardens,
1919 1957 2271 2028 zel0typum,

2384 1959 2676 2021 σίδειπνον,
2706 1957 3000 2028 ὀξύθυμον,
3037 1955 3400 2027 χρυσομανὲς,
3433 1953 3794 2024 κακὸμισθον,
3821 1952 3966 2021 ἁπη-

694 2043 998 2110 illiberale,
1045 2047 1187 2101 nihil
1247 2064 1358 2103 non
1407 2049 1731 2119 accipiens,
1788 2050 2149 2119 inexplebile,
2202 2049 2276 2104 ob

2381 2051 2492 2114 νὲς,
2539 2049 2902 2120 θηλυδρῶδες,
2938 2049 3327 2119 γαστρίδουλον
3350 2065 3362 2077 ·
3413 2049 3506 2102 καὶ
3538 2048 3588 2100 τί
3640 2046 3748 2116 γὰρ
3775 2044 3961 2110 sint»;

692 2149 906 2189 umnam
951 2138 1177 2206 plorans
1200 2178 1216 2202 ,
1271 2139 1634 2204 iracundum,
1666 2141 1784 2194 auri
1821 2142 2044 2194 avidmn
2075 2180 2090 2204 ,
2125 2141 2274 2197 foede

2385 2141 2482 2194 σὺν
2506 2142 2644 2211 αὐτῇ
2704 2143 2770 2212 τῇ
2805 2143 3081 2210 γεννήσει,
3130 2137 3635 2209 σιδηροκατὰδικον.
3681 2135 3809 2199 Πῶς
3851 2133 3967 2204 γὰρ

693 2231 1089 2284 mercenarium
1111 2275 1126 2298 ,
1187 2247 1393 2287 saevum
1416 2275 1431 2298 ,
1488 2233 1862 2289 ell'eminatum
1883 2275 1899 2300 ,
1962 2235 2142 2288 ventri
2174 2234 2271 2289 de—

2381 2233 2516 2304 ὀρθή
2564 2232 2760 2304 γνώμη
2808 2232 3036 2292 τούτων.
3068 2224 3143 2284 ὧν
3179 2233 3228 2283 oi.
3265 2231 3422 2292 πόδες
3472 2227 3759 2300 στρεϐλοι;
3814 2222 3966 2281 οὗτοι

692 2319 870 2372 ditum
907 2336 921 2373 :
960 2322 1092 2389 quid
1149 2321 1373 2376 tandem
1424 2322 1654 2376 dicant?
1695 2322 1765 2376 ab
1797 2323 1918 2392 ipso
1951 2330 2078 2376 ortu
2115 2323 2272 2376 dam-

2385 2329 2480 2394 μὲν
2507 2323 2599 2380 οῦν
2634 2325 3001 2395 σωφρονοῦσιν
3050 2324 3260 2394 agnae;
3305 2323 3394 2375 διὰ
3440 2323 3695 2394 σιδήρου·
3739 2320 3970 2390 μένουσι

694 2419 883 2464 natum
951 2413 1115 2468 ferro.
1166 2413 1444 2480 Quidnam
1499 2425 1686 2469 autem
1744 2415 1940 2469 horum
2000 2415 2270 2486 integrum

2384 2417 2439 2468 δὲ
2472 2417 2717 2487 ἄκαρποι
2750 2417 2818 2470 δι’
2848 2417 3057 2469 οἰκείαν
3090 2416 3445 2485 αἰσχρότητα.

695 2502 960 2573 iudicium
1009 2507 1111 2570 sit,
1184 2523 1422 2577 quorum
1498 2507 1666 2577 pedes
1733 2523 1954 2578 quoque
2031 2508 2269 2577 perversi
2306 2509 2476 2561 sunt?
2540 2508 2602 2562 Ili
2671 2510 2935 2563 nimirum
3003 2521 3058 2564 et
3127 2507 3261 2562 Ictl'i
3328 2522 3496 2577 opera
3557 2500 3758 2560 frusua
3822 2503 3963 2560 casti

695 2610 859 2663 sunt,
889 2614 950 2652 ac
989 2607 1214 2669 propter
1257 2603 1662 2656 obsconitatem
1718 2617 1872 2656 suam
1929 2601 2146 2655 fructus
2182 2612 2434 2668 εκμυι-ιεοδ
2466 2611 2712 2656 mallent.

766 2693 827 2747 S.
857 2691 995 2745 Nili.
1023 2726 1091 2735 —
1125 2696 1208 2748 Ab
1269 2711 1444 2750 uxore
1500 2705 1592 2750 tua
1641 2697 1951 2765 spadonum
1983 2700 2274 2767 strepitum

697 2800 936 2838 remove.
970 2786 1234 2849 Quamvis
1263 2787 1407 2840 enim
1449 2788 1626 2856 spado
1656 2788 1908 2856 geminos
1944 2787 2084 2839 infra
2110 2798 2277 2840 tesles

697 2891 950 2936 exsectos
983 2883 1187 2935 habere
1213 2881 1488 2942 videatur.
1530 2893 1585 2936 at
1608 2900 1776 2952 supra
1814 2893 1997 2935 tamen
2029 2886 2276 2950 gmuinos

700 2973 756 3028 in
798 2972 937 3028 facie
967 2975 1160 3028 oculos
1188 2975 1354 3028 habet
1393 2975 1689 3030 libidinose
1722 2976 2024 3038 intuentes,
2059 2984 2114 3028 et
2135 2975 2274 3026 mala

701 3082 889 3120 secum
923 3069 1242 3120 testimonia
1285 3068 1589 3123 trahentes.

702 3179 843 3235 ΤΙΤ.
885 3178 1122 3233 XXVIII.
1152 3210 1220 3218 —
1257 3181 1331 3234 De
1370 3181 1796 3244 laudationibus,
1846 3192 1897 3233 et
1937 3181 2047 3233 illis
2099 3183 2189 3246 qui
2229 3177 2280 3233 in

775 3252 852 3304 eis
892 3252 1212 3318 voluptatem
1266 3256 1520 3318 capiunt;
1553 3265 1601 3304 et
1644 3255 1781 3318 quod
1822 3263 1947 3306 ante
1988 3254 2283 3321 periculum

776 3323 979 3390 factum
1009 3325 1268 3376 neminem
1294 3324 1515 3376 laudare
1550 3335 1809 3392 oporteat.

779 3435 938 3492 Prov.
993 3453 1165 3502 xxv",
1212 3437 1405 3492 2l.—
1459 3459 1477 3490 ι
1536 3439 1835 3492 Probatum
1887 3449 2178 3508 argentum
2235 3452 2288 3496 et
2328 3427 2344 3438 ’

709 3545 905 3584 aurum
945 3530 1071 3599 igne
1097 3529 1394 3599 probabis;
1434 3532 1596 3585 homo
1633 3548 1764 3587 vero
1791 3533 2060 3603 probatur
2091 3547 2188 3601 per
2218 3549 2281 3584 os

711 3622 1058 3677 laudantium
1094 3638 1244 3676 eum.
1287 3641 1310 3674 ι

786 3735 806 3768 t
851 3714 1113 3768 Eumdem
1155 3714 1384 3770 laudare
1419 3727 1474 3771 ct
1515 3718 1829 3787 vituperare
1863 3735 1970 3772 non
1999 3731 2082 3773 est
2112 3719 2288 3771 homi-

711 3809 801 3864 nis
832 3808 1006 3876 probi.
1050 3827 1067 3858 ι

785 3900 956 3955 Eccli.
1014 3916 1183 3963 xxvn,
1213 3899 1270 3952 7.
1301 3931 1366 3941 —-
1401 3918 1418 3950 ι
1467 3901 1613 3954 Ante
1667 3899 2172 3955 considerationem
2226 3914 2295 3954 ne

712 3993 906 4051 laudes
945 3993 1144 4046 virum.
1191 3990 1318 4046 Ilrec
1353 3993 1498 4045 enim
1541 4003 1625 4047 est
1668 3995 1898 4047 tentatio
1936 3992 2198 4048 hominis.
2235 4011 2254 4044 ι

784 4083 917 4138 Luc.
977 4101 1053 4145 vr.
1086 4083 1178 4136 9.6.
1213 4112 1281 4122 —
1309 4103 1326 4133 ι
1371 4080 1461 4135 Va:
1496 4083 1687 4144 vobis,
1733 4099 1862 4137 cum
1913 4083 2298 4137 benedixerint

713 4177 874 4231 vobis
937 4174 1213 4231 homines.
1277 4172 1592 4228 Secundum
1645 4173 1761 4229 haec
1810 4175 1958 4230 enim
2021 4174 2297 4230 faciebant

716 4266 1217 4340 pseudoprophetis
1257 4273 1444 4334 patres
1471 4279 1686 4318 eorum.
1728 4285 1746 4315 ι

790 4357 1046 4426 SJgnat.
1078 4358 1231 4426 epist.
1261 4359 1330 4409 ad
1363 4355 1528 4411 Trall.
1561 4358 2011 4426 interpoL—Etsi
2045 4360 2101 4414 in
2141 4362 2304 4416 rebus
2335 4359 2383 4417 Ι)

717 4468 840 4520 quae
868 4451 935 4502 ad
966 4451 1137 4504 Deum
1170 4445 1455 4518 Spectattt,
1501 4450 1771 4506 robustus
1815 4450 1995 4514 fuero,
2031 4462 2146 4506 tum
2175 4470 2295 4506 am-

721 4545 867 4612 plius
904 4541 1130 4596 timeam
1179 4551 1430 4609 oportet,
1481 4551 1644 4610 atque
1695 4543 1765 4597 ab
1811 4544 1893 4598 eis
1935 4559 2158 4599 caveam
2199 4545 2295 4613 qui

723 4649 809 4689 me
835 4633 1113 4688 incassum
1140 4632 1356 4686 inﬂant.
1403 4631 1466 4686 lli
1500 4634 1648 4688 enim
1683 4649 1770 4688 me
1811 4634 2090 4690 laudando
2123 4635 2298 4689 casti-

725 4734 876 4795 gant.

795 4815 874 4870 Ne
897 4816 964 4870 ad
995 4832 1091 4873 eas
1116 4817 1306 4875 laudes
1343 4835 1468 4891 qua:
1508 4819 1801 4875 veritatem
1854 4818 2172 4884 excedunt,
2213 4818 2300 4872 in-

729 4918 1126 4963 tumescamus.

801 4999 863 5054 S.
899 4999 1070 5054 Basil.
1097 5030 1169 5041 —
1200 5000 1389 5066 Multi,
1429 5001 1562 5056 dum
1591 4999 1739 5069 vulgi
1785 4998 1982 5054 laudes
2025 5015 2090 5054 ac
2143 5000 2304 5068 plan-

732 5107 858 5147 sum
914 5102 1285 5163 aucupantur.
1339 5109 1398 5149 re
1441 5094 1670 5164 quidem
1709 5093 1826 5161 ipsa
1872 5086 2201 5159 iniustitiam
2251 5099 2307 5144 et

735 5183 1024 5238 avaritiam
1063 5193 1326 5256 tanquam
1378 5187 1569 5241 utilem
1613 5183 1948 5254 prreferunt;
1986 5186 2172 5254 specie
2205 5200 2306 5237 au-

737 5288 848 5333 tem
871 5283 928 5330 et
968 5291 1221 5333 sermone
1249 5278 1568 5346 aequitatem
1600 5286 1656 5331 et
1685 5275 1963 5344 justitiam
2003 5277 2206 5330 mirum
2251 5277 2306 5329 in

741 5365 962 5420 modum
996 5367 1364 5433 admirantur.

809 5455 912 5512 Hic
962 5475 1095 5528 opes
1149 5477 1281 5515 suas
1329 5463 1382 5515 in
1422 5478 1518 5516 eos
1563 5464 1654 5532 qui
1705 5479 1830 5518 cum
1891 5461 2022 5516 feris
2064 5472 2313 5531 pugnant

743 5547 1064 5613 eﬂ'untlens,
1112 5561 1283 5622 atque
1339 5553 1600 5607 inanibus
1656 5556 1799 5625 vulgi
1832 5555 2178 5607 sermonibus
2209 5569 2308 5606 ex-

746 5641 963 5698 sultans
984 5681 999 5704 .
1039 5645 1298 5700 laudibus
1330 5646 1649 5700 intumescit
1673 5689 1685 5707 ,
1716 5648 2115 5716 magnitlceque
2150 5645 2219 5699 de
2254 5661 2313 5698 se

747 5734 948 5798 sentit,
1013 5737 1240 5802 gloriam
1302 5738 1556 5792 videlicet
1613 5741 1824 5794 habens
1880 5742 1933 5791 in
1984 5737 2310 5792 Confusionc

749 5841 888 5882 sua.
947 5829 1152 5898 quippe
1212 5831 1305 5899 qui
1344 5831 1676 5887 clarissimis
1726 5825 2035 5901 quibusque
2093 5831 2311 5885 (ritibus

747 5918 804 5973 in
835 5918 1039 5974 tabulis
1069 5920 1279 5990 pictum
1319 5934 1605 5990 peccatum
1648 5933 1892 5978 ostentet
1921 5938 2100 5977 suum.

2468 2700 2802 2767 Ἀπὸστησον
2853 2697 2960 2750 ἀπὸ
2995 2696 3093 2762 τῆς
3141 2694 3372 2765 συμὸίου
3424 2712 3517 2748 σου
3551 2695 3645 2747 τὸν
3690 2694 3971 2765 εὐνούχων

2387 2790 2692 2860 σμαραγον.
2729 2791 2845 2843 ΚΞιν
2877 2791 2984 2859 γὰρ
3026 2790 3210 2856 δοκοίη
3243 2789 3354 2841 τῶν
3390 2789 3543 2840 κάτω
3579 2787 3824 2858 ὁιδύμων
3870 2790 3968 2840 έκ-

2385 2883 2713 2954 τετμῆσθαι.
2757 2881 2872 2934 ἀλλ’
2900 2882 3014 2934 ἄνω
3035 2881 3148 2949 ἔχει
3181 2883 3240 2932 ἐν
3265 2879 3342 2950 τῷ
3373 2879 3648 2950 προσώπῳ
3675 2881 3803 2940 τοῦς
3829 2879 3968 2933 διδύο

2389 2992 2519 3042 μους
2555 2973 2874 3043 ὀφθαλμοὺς
2901 2973 3166 3042 ἐμπαθῶς
3223 2973 3542 3040 βλέποντας,
3578 2974 3670 3026 καὶ
3703 2973 3966 3044 ἐπισυρόρ

2388 3085 2548 3136 μενον
2579 3069 2680 3138 ἤδη
2715 3068 2959 3139 πονηρὰς
2996 3067 3323 3138 μαρτυρίας.

2384 3184 2562 3236 ῚΊΤΛ.
2603 3185 2736 3236 KII'.
2769 3213 2837 3222 ——
2869 3183 3005 3249 Περὶ
3038 3182 3344 3249 ἐγκωμίων
3373 3179 3613 3233 καὶτῶν
3637 3182 3972 3248 χαιρόντων

2455 3256 2524 3304 ἐν
2561 3254 2798 3320 αὐτοῖς’
2834 3255 2932 3307 καὶ
2969 3254 3057 3306 ὅτι
3080 3255 3152 3306 οὺ
3190 3252 3285 3305 δεῖ
3312 3252 3428 3318 πρὸ
3452 3253 3662 3320 :tst'pac
3694 3252 3974 3305 ἐπαινεῖν

2462 3342 2612 3377 τινα.

2463 3458 2481 3488 ι
2517 3439 2750 3508 Δόκιμον
2780 3437 3047 3508 ἀργύριον
3085 3437 3179 3489 καὶ
3215 3436 3437 3506 χρυσίον
3467 3434 3777 3504 πυρώσεις·
3829 3434 3974 3504 ἀνὴρ

2388 3530 2445 3581 δὲ
2499 3530 2852 3600 δοκιμάζεται
2896 3530 2985 3583 διὰ
3032 3530 3300 3599 στὸματος
3356 3525 3821 3596 ἐγκωμιαζόντων
3877 3528 3976 3580 αὐ-

2389 3623 2502 3674 τόν.
2545 3643 2562 3674 ι

2468 3734 2485 3766 t
2520 3713 2624 3768 Τὸν
2654 3715 2820 3776 αὐτὸν
2855 3717 3103 3770 ἐπαινεῖν
3133 3717 3227 3769 καὶ
3257 3713 3446 3782 ψέγειν
3476 3711 3576 3764 οῦκ
3609 3708 3804 3780 ἀνδρὸς
3843 3711 3971 3776 ἁγα-

2394 3806 2509 3859 θοῦ.
2543 3827 2560 3857 ι

2473 3920 2490 3951 ι
2524 3899 2638 3965 Πρὸ
2682 3899 2944 3968 λογισμοῦ
2987 3903 3061 3968 μὴ
3108 3898 3407 3967 ἐπαινέσῃς
3435 3897 3624 3966 ἄνδρα.
3655 3892 3828 3959 Οὗτος
3867 3896 3976 3964 γὰρ

2397 3994 2708 4065 πειρασμὸς
2733 3991 3046 4062 ἀνθρώπου.
3077 4012 3095 4041 ι

2474 4107 2491 4137 ι
2531 4085 2666 4139 Οὐαὶ
2693 4085 2825 4153 ὑμῖν
2858 4084 2987 4136 ὅταν
3027 4083 3206 4145 καλῶς
3234 4084 3465 4136 εἴπωσιν
3496 4084 3640 4152 ὑμᾶς
3686 4081 3892 4142 πάντες
3925 4081 3974 4131 οἱ

2397 4181 2695 4248 ἄνθρωποι.
2735 4178 2894 4230 Κατὰ
2921 4176 3094 4229 ταῦτα
3133 4178 3242 4246 γὰρ
3290 4177 3506 4229 ἐποίουν
3535 4177 3648 4238 τοίς
3679 4173 3976 4244 ψευδοπρο-

2401 4273 2600 4342 φήταις
2627 4271 2675 4322 οἱ
2707 4269 2943 4337 πατέρες
2963 4267 3178 4327 αὐτῶν.
3209 4286 3226 4317 ι

2485 4383 2502 4414 ι
2533 4362 2652 4416 Κᾶν
2675 4360 2987 4432 ἐρρωμένος
3019 4353 3065 4412 ὦ
3096 4359 3240 4412 κατὰ
3266 4357 3360 4410 τὸν
3395 4357 3553 4423 Θεὸν,
3586 4357 3769 4410 πλεῖόν
3801 4374 3872 4426 με
3901 4356 3981 4407 δεῖ

2398 4452 2681 4524 φοϐεῖσθαι
2739 4454 2836 4504 καὶ
2895 4449 3190 4521 προσέχειν
3228 4452 3339 4511 τοῖς
3387 4450 3509 4518 εἰκῆ
3574 4447 3828 4517 φυσῶσίν
3881 4464 3972 4517 με.

2411 4544 2790 4608 Ἑπαινοῦντες
2822 4544 2931 4613 γάρ
2963 4559 3030 4612 με
3069 4540 3456 4613 μαστιγοῦσιν.
3492 4557 3512 4590 ι

2474 4810 2566 4879 Μὴ
2610 4810 2748 4880 πρὸς
2799 4808 3055 4870 ἐπαίνους
3101 4805 3473 4877 χαυνωθῶμεν
3519 4804 3645 4867 τοὺς
3684 4804 3829 4874 ὑπὲρ
3885 4803 3980 4874 τὴν

2404 4903 2691 4971 ἀλήθειαν.

2479 4995 2673 5048 Πολλοὶ
2699 4995 2789 5047 τὸν
2817 4995 2967 5063 παρὰ
3005 4992 3116 5044 τῶν
3148 4990 3361 5042 πολλῶν
3392 4989 3613 5042 ἔπαινον
3647 4985 3982 5055 eﬁpd):1.ev2‘.

2408 5090 2557 5158 ἔργῳ
2603 5087 2701 5156 μὲν
2733 5088 2833 5151 τὴν
2877 5085 3090 5137 ἀδικίαν
3124 5083 3219 5135 καὶ
3249 5080 3562 5143 πλεονεξίαν
3587 5079 3661 5139 ὡς
3705 5077 3980 5144 ὠφέλιμοι.

2409 5179 2738 5252 προτιμῶσι,
2773 5180 3010 5247 σχήματι
3050 5176 3106 5229 δὲ
3151 5176 3245 5228 καὶ
3292 5175 3455 5241 λόγῳ,
3493 5171 3592 5240 τὴν
3627 5171 3853 5239 ἰσότητα
3895 5177 3984 5222 καί

2409 5274 2508 5344 τὴν
2536 5272 2889 5339 δικαιοσύνην
2921 5265 3462 5340 ὐπερθαυμὰξουσιν.

2495 5457 2554 5507 '0
2579 5456 2726 5508 δεῖνα
2749 5454 2842 5506 τὸν
2872 5451 3100 5504 πλοῦτον
3143 5452 3254 5511 τοῖς
3306 5445 3662 5515 θηριομάχοις
3713 5461 3983 5512 προσανα-

2414 5548 2636 5606 λίσκων,
2683 5546 2777 5598 καὶ
2823 5547 2944 5606 ταῖς
2979 5543 3235 5610 ματαίαις
3280 5538 3388 5589 τῶν
3419 5537 3606 5606 δήμων
3652 5537 3858 5603 φωναῖς
3901 5539 3988 5586 ἐπι

2417 5636 2803 5703 οῖἀὶᾶπὶμενος.
2829 5635 3062 5702 φυσᾶται
3088 5633 3195 5692 τοῖς
3215 5629 3475 5689 ἐπαίνοις,
3499 5628 3590 5678 καὶ
3610 5626 3752 5694 μέγα
3777 5629 3985 5694 φρονεῖ,

2418 5731 2515 5799 τὴν
2544 5728 2700 5792 δόξαν
2744 5726 2883 5794 ἔχων
2937 5727 2992 5775 ὲν
3034 5727 3095 5791 τῇ
3141 5719 3371 5789 αἰσχύνῃ
3417 5716 3585 5770 αὑτοῦ
3675 5718 3734 5780 ὃς
3783 5733 3848 5783 γε
3897 5719 3992 5769 καί

2423 5824 2699 5889 ζ’ραφον
2758 5822 2868 5879 τοῖς
2921 5816 3240 5884 ττεριιξανέσι
3279 5814 3372 5880 τῆς
3404 5809 3611 5874 πόλεως
3641 5811 3740 5881 τὴν
3792 5809 3991 5864 ἑαυτοῦ

2428 5914 2698 5984 ἁμαρτίαν
2732 5910 2820 5962 επὶ
2847 5910 2951 5962 τῶν
2985 5909 3225 5960 πινάκων
3266 5904 3509 5956 λιιι-ᾠά.
