4206 6442
273 418 407 486 i565

1523 408 1757 468 SACRA
1788 406 1977 464 PARA
1989 402 2243 461 LLELA.

3376 379 3517 444 1566

270 540 454 593 ΤΙΤΛ.
491 531 619 591 ΚΘ.
638 568 705 578 ——
727 534 861 604 Περὶ
889 531 1251 604 ἐκδικήσεως
1280 527 1427 604 Θεοῦ
1439 525 1582 604 -τοῒς
1607 523 1844 604 ἀδικου-

1949 515 2093 598 ma
2133 513 2326 604 ne;
2360 502 2959 604 :.P.‘_...:"fi“.“‘.‘.“-ﬁf‘.3
3000 495 3512 604 Ρξνξηεοεηειιίιετ

329 609 537 678 μένοις
562 595 886 678 γενομέγίης
906 623 918 634 ·
960 603 1048 657 ὅτι
1083 595 1203 671 χρὴ
1228 595 1314 664 τῷ
1348 597 1471 662 Θεῷ
1498 595 1838 662 ἐπιτρέπειν

335 675 411 734 τὰ
445 678 558 746 τῆς
570 675 971 742 ἐκδικήσεως.

342 810 363 843 ι
397 791 532 853 Θεὸς
558 789 896 860 ἐκδικήσεων
918 785 1144 856 Κύριος,
1174 782 1305 844 Θεὸς
1329 780 1659 850 ἐκδικήσεων
1681 778 1841 846 ἐπαρ-

271 882 596 954 ρησιὰσατο.
639 898 657 930 ι

344 992 364 1025 ι
395 972 574 1026 Ποιῶν
608 969 978 1040 ἐλεημοσύνας
1009 970 1037 1021 ό
1082 966 1320 1037 Κύριος,
1356 963 1453 1017 καὶ
1499 965 1672 1032 κρῖμα
1709 961 1838 1011 πᾶσι

267 1067 384 1130 τοῖς
419 1066 608 1119 ἀδίκου
618 1065 819 1135 μένοις.
861 1081 881 1113 ι

347 1176 368 1209 ι
399 1158 617 1226 Ἐγνων
644 1157 728 1210 ὅτι
756 1156 973 1219 ποιήσει
999 1151 1205 1224 Κύριος
1231 1149 1332 1221 τήν
1352 1149 1535 1221 κρίσιν
1565 1145 1673 1199 τῶν
1703 1161 1840 1197 πτω-

269 1248 402 1318 χῶν,
438 1248 535 1300 καὶ
567 1247 666 1318 τὴν
690 1246 868 1316 δίκην.
901 1263 919 1295 ι

346 1358 365 1390 ι
395 1340 488 1409 Μὴ
521 1339 703 1410 εἴπῃς,
733 1337 966 1405 Τίσομαι
994 1333 1086 1386 τὸν
1133 1333 1351 1406 ἐχθρὸν,
1394 1329 1509 1383 ἀλλ’
1547 1326 1840 1396 ὑπόμεινον

267 1431 362 1485 τὸν
394 1431 621 1501 Κύριον,
651 1430 739 1482 ἵνα
763 1445 823 1481 σε
854 1426 1119 1500 βοηθήσῃ.
1153 1443 1172 1475 ι

345 1544 364 1577 ι
407 1524 618 1593 Σκόλοψ
671 1522 898 1593 πικρίας
938 1520 1034 1573 καὶ
1091 1516 1308 1572 ἄκανθα
1358 1515 1550 1585 ὀδύνης
1582 1511 1691 1565 ἀπὸ
1733 1509 1841 1561 τῶν

269 1612 592 1686 περικύκλῳ
620 1612 821 1665 αὐτῶν.
855 1610 964 1662 Καὶ
1004 1608 1216 1660 ποιῦσω
1256 1606 1430 1674 κοῖμα
1459 1604 1519 1656 ἐν
1556 1601 1690 1653 πᾶσι
1732 1600 1841 1658 τοῖς

273 1706 631 1778 ἀτιμάζουσιν
662 1702 826 1756 αύτού
836 1719 879 1766 ς.
922 1719 940 1752 ι

2376 579 2689 639 ulciscitur;
2729 583 2778 627 et
2822 565 2959 633 quod
2999 572 3068 624 ad
3109 583 3226 622 cum
3268 565 3400 618 ultio
3431 581 3512 618 re-

2012 655 2263 712 mittenda
2292 655 2381 708 sit.

2007 771 2157 825 Psal.
2210 784 2363 822 xcm.
2416 766 2468 818 1.
2518 780 2634 812 -‹
2695 742 2840 814 Deus
2880 755 3152 811 ultionum
3207 745 3513 808 Dominus,

1943 864 2089 918 Deus
2127 862 2397 914 ultionum
2438 857 2612 910 libere
2642 853 2775 923 egit.
2815 869 2833 902 ι

2009 955 2158 1008 l’sal.
2193 969 2285 1013 cn,
2319 951 2472 1002 6.-ι
2507 946 2742 1000 Faciens
2777 934 3190 994 misericordias
3223 928 3516 988 Dominus,

1937 1057 1994 1100 et
2025 1045 2293 1114 judicium
2332 1039 2588 1092 omnibus
2617 1033 2873 1102 injuriam
2906 1023 3271 1098 patientibus.
3318 1038 3337 1070 ι

2014 1107 2161 1190 l’sal.
2217 1147 2443 1196 cxxxrx,
2476 1128 2563 1183 l3.
2593 1156 2662 1166 —
2699 1144 2719 1176 ι
2758 1120 3004 1192 Cognovi
3049 1116 3180 1186 quia
3212 1112 3378 1166 faciet
3403 1107 3517 1162 Do-

1940 1230 2126 1284 minus
2150 1227 2423 1296 judicium
2459 1224 2681 1291 inopum
2711 1258 2726 1280 ,
2765 1226 2821 1272 et
2848 1213 3173 1268 vindictam.
3201 1226 3220 1259 ι

2014 1292 2177 1375 Prov'.
2232 1335 2322 1381 xx,
2371 1316 2465 1370 22.
2494 1343 2564 1353 --
2596 1330 2614 1362 ι
2654 1309 2731 1364 Ne
2778 1309 2984 1362 dicas:
3040 1295 3354 1369 Rependam
3405 1292 3516 1346 ini-

1940 1412 2129 1476 .mieo;
2165 1409 2257 1462 sed
2294 1413 2555 1475 exspecta
2589 1399 2903 1457 Dominum,
2939 1401 2997 1447 ut
3030 1403 3083 1445 te
3116 1388 3354 1456 adjuvet.
3388 1401 3408 1434 ι

2011 1472 2168 1573 523
2200 1472 2620 1556 Ezecltaxxvnt,
2649 1491 2740 1546 24.
2766 1518 2836 1528 ——
2866 1483 3136 1540 Stimulus
3198 1472 3518 1532 amaritudi-

1945 1564 2162 1661 nisj—et'
2191 1594 2349 1661 spina
2387 1588 2600 1643 doloris
2630 1599 2728 1654 per
2759 1579 3056 1636 circuitum
3083 1587 3305 1629 eorum.
3341 1567 3408 1621 Et
3434 1564 3518 1620 ia-

1942 1689 2082 1741 ciam
2121 1685 2390 1755 judicium
2427 1678 2686 1734 omnibus
2715 1673 2809 1745 qui
2852 1670 3080 1726 fecerint
3128 1665 3208 1720 eis
3236 1669 3522 1730 contume-

1951 1779 2099 1832 liam.
2134 1796 2153 1828 ι

347 1906 366 1936 ι
400 1883 610 1954 Κριτής
638 1897 723 1944 τις
748 1876 817 1951 ἦν
845 1879 903 1932 ἓν
923 1896 1030 1932 τινι
1056 1876 1209 1929 πόλει
1241 1875 1332 1928 τὸν
1363 1873 1496 1926 Θεὸν
1540 1869 1615 1940 μὴ
1645 1866 1838 1937 φοϐού-

1951 1828 2141 1924 WIIit—c.
2177 1865 2388 1928 xvm,2
2431 1879 2572 1932 seqq.
2601 1891 2673 1902 ——
2728 1878 2746 1911 ι
2776 1828 2952 1912 Judex
3002 1851 3224 1920 quidam
3277 1852 3400 1902 erat
3454 1842 3512 1897 in

271 1997 456 2050 μενος,
484 1977 580 2030 καὶ
603 1977 892 2046 ἄνθρωπον
941 1975 1015 2044 μὴ
1066 1970 1479 2042 ἐντρεπόμενος.
1513 1967 1672 2035 Χήρα
1691 1964 1747 2015 δὲ
1775 1957 1842 2031 ἦν

269 2075 328 2125 ἐν
361 2075 426 2141 τῇ
455 2071 610 2124 πόλει
630 2069 833 2138 ἐκείνῃ,
857 2067 951 2120 καὶ
980 2066 1177 2136 ἤρχετο
1203 2063 1338 2133 πρὸς
1386 2060 1546 2113 αὑτὸν
1574 2059 1808 2124 λέγουσα
1827 2072 1841 2084 ·

283 2163 602 2234 Ἐκδίκησόν
624 2179 691 2231 με
721 2160 829 2213 ἀπὸ
856 2157 949 2210 τοῦ
971 2155 1240 2211 ἀντιδίκου
1269 2170 1392 2223 μου.
1409 2153 1516 2204 Καὶ
1540 2150 1639 2202 ούκ
1659 2147 1845 2218 ἤθελεν

268 2256 363 2308 ἐπὶ
383 2255 599 2325 χρόνου.
632 2251 785 2305 Μετὰ
807 2251 863 2302 δὲ
895 2247 1069 2302 ταῦτα
1101 2241 1259 2298 εἶπεν
1306 2245 1362 2296 ἐν
1391 2239 1601 2310 ἐαυτῷο
1654 2239 1718 2291 El
1754 2236 1845 2288 καὶ

270 2347 362 2399 τὸν
389 2345 526 2398 Θεὸν
561 2342 622 2396 οὐ
667 2339 966 2409 φοϐοῦμαι,
999 2337 1094 2390 καὶ
1115 2334 1402 2404 ἄνθρωπον
1442 2331 1543 2384 ούκ
1585 2326 1842 2398 ἐντρέπο-

273 2452 398 2504 μαι,
426 2433 516 2486 διά
543 2448 608 2500 γε
653 2430 714 2482 τὸ
745 2427 1011 2497 παρέχειν
1055 2441 1144 2494 μοι
1175 2421 1340 2475 κόπον
1370 2416 1467 2488 τήν
1505 2415 1681 2485 χήραν
1718 2411 1846 2465 ταύ-

271 2545 394 2597 την,
433 2525 704 2592 ἐκδικήσω
748 2519 956 2589 αὐτὴν,
1012 2518 1098 2570 ἵνα
1146 2515 1219 2585 μὴ
1275 2515 1354 2574 είς
1401 2511 1553 2570 τέλος
1581 2506 1844 2578 ἐρχομένη

273 2617 559 2688 ύποπιάζῃ
615 2632 703 2685 με.
751 2608 920 2666 Εἶπεν
945 2611 1051 2663 ate
1092 2609 1296 2679 Κύριος
1322 2623 1335 2636 ’
1405 2602 1696 2656 Ἀκούσατε
1743 2603 1794 2653 τί
1819 2601 1848 2652 ό

273 2707 470 2780 κριτὴς
488 2706 587 2774 τῆς
609 2703 822 2764 ἀδικίας
859 2702 1029 2768 λέγει.
1081 2700 1137 2750 Ὀ
1189 2697 1245 2749 δὲ
1282 2694 1415 2757 Θεὸς
1445 2694 1504 2747 οὐ
1543 2691 1615 2762 μὴ
1649 2694 1847 2761 ποιήσῃ

273 2799 375 2868 τὴν
404 2795 682 2863 ἐκδίκησιν
728 2793 836 2844 τῶν
885 2789 1154 2843 ἐκλεκτῶν
1203 2785 1401 2850 αὑτοῦ,
1449 2785 1556 2838 τῶν
1605 2783 1849 2853 βοώντων

275 2890 417 2958 πρὸς
446 2887 609 2940 αὑτὸν
632 2885 826 2947 νυκτὸς
859 2883 953 2936 καὶ
980 2881 1216 2952 ἡμέρας,
1255 2880 1350 2933 καὶ
1376 2877 1743 2949 μακροθυμῶν
1763 2877 1848 2929 ἐπ’

275 2987 491 3050 αύτοίς;
519 2984 678 3051 Λέγω
707 2981 857 3050 ὑμῖν,
888 2980 968 3031 ὅτι
992 2977 1209 3047 ποιήσει
1231 2975 1329 3046 τὴν
1361 2974 1637 3044 ἐκδίκησιν
1675 2973 1850 3026 αὐτῶν

274 3077 334 3127 ἐν
356 3075 532 3143 τάχει.
572 3092 588 3124 ι

355 3186 374 3216 ι
407 3165 498 3235 Μὴ
533 3164 758 3226 ἑαυτοὺς
785 3159 1146 3222 ἐκδικοῦντες,
1175 3157 1308 3210 ἀλλᾶ
1333 3156 1453 3209 δότε
1479 3157 1642 3208 τόπον
1665 3157 1731 3223 τῇ
1760 3155 1851 3224 ὀρ-

276 3260 372 3327 γῇ.
411 3257 724 3326 Γέγραπται
752 3254 895 3323 γάρ’
933 3250 1090 3320 Ἐμοὶ
1121 3250 1429 3318 ἐκδίκησις,
1471 3245 1580 3318 ἐγὼ
1617 3247 1853 3299 ἀνταπο-

277 3349 457 3411 δώσω,
488 3346 638 3414 λέγει
661 3343 887 3411 Κύριος.
930 3361 948 3393 ι

352 3523 578 3583 Πάντως
606 3521 634 3573 ό
664 3519 1044 3587 ἀδικούμενος.
1075 3513 1474 3584 καταφλέγεται
1510 3514 1606 3583 μὲν
1631 3512 1733 3566 ὑπὸ
1762 3511 1856 3563 λύ-

279 3634 413 3685 πης,
454 3613 766 3684 ἀμύνασθαι
801 3610 856 3663 δὲ
885 3612 984 3662 οὐκ
1006 3610 1166 3679 ἔχων,
1192 3608 1225 3676 ἢ
1257 3606 1344 3658 διὰ
1369 3604 1477 3657 τῶν
1518 3605 1645 3655 ἴσων
1681 3604 1856 3656 ἐλθεῖν

280 3707 398 3760 ἔσθ’
432 3705 540 3767 ὅτε,
573 3703 661 3756 διὰ
686 3702 746 3753 τὸ
767 3699 1035 3770 ἡττᾶσθαι
1059 3699 1158 3767 τῆς
1194 3697 1287 3749 τοῦ
1316 3694 1627 3756 ἀδικοῦντος
1651 3695 1852 3763 χειρὸς,

279 3797 384 3866 τῆς
435 3793 641 3849 ἄνωθεν
679 3790 1074 3863 μισοπονηρίας
1129 3788 1189 3840 τὸ
1233 3785 1460 3855 κέντρον
1510 3785 1664 3837 καλεί
1719 3785 1855 3855 πρὸς

281 3885 627 3957 ἐπικουρίαν.

1039 3980 1071 4007 ιν

352 4068 496 4130 Δεῖν,
530 4059 706 4134 οἶμαι,
737 4061 863 4124 τοὺς
889 4061 1086 4131 χωρίον
1111 4058 1255 4129 ἱερὸν
1277 4057 1609 4128 νεμομένους
1644 4056 1858 4125 ἐπιτρέ-

285 4178 411 4214 πειν
439 4157 617 4211 πάντα
646 4155 723 4225 τῷ
753 4154 870 4223 Θεῷ
891 4153 1155 4216 δικάζειν,
1184 4152 1278 4204 καὶ
1306 4152 1664 4220 καταφρονεῖν
1692 4148 1855 4215 τῆσόε

284 4252 469 4325 χειρὸς
514 4247 877 4317 ἀνθρωπίνης,
933 4245 1061 4298 ὅταν
1112 4243 1267 4297 αὐτοὶ
1302 4242 1396 4295 τὸν
1454 4242 1565 4295 ἄνω
1597 4241 1857 4311 δικαστὴν

287 4362 358 4397 πε
367 4339 721 4415 ρισκοπῶσιν.

288 4477 471 4534 TITA.
526 4475 602 4528 A’.
625 4503 693 4514 —-
725 4470 863 4535 Περὶ
900 4467 1318 4534 εὐθυνομένων
1375 4468 1472 4519 καὶ
1525 4467 1698 4532 δίκας
1735 4471 1856 4521 εἵσ-

362 4544 810 4626 πραττρέιένωγθ
848 4542 944 4594 καὶ
971 4541 1050 4604 ὼς
1075 4538 1348 4607 οὐδαμῶς
1377 4538 1564 4603 ἄλλος
1584 4539 1716 4592 ἀντὶ
1745 4541 1852 4592 ἄλ·
1885 4568 1930 4626 D

359 4621 473 4671 λου
502 4613 954 4680 εὐθυνθήσεται.

368 4747 385 4778 ι
425 4728 539 4780 Ούκ
564 4722 962 4780 ἀποθανοῦνται
1010 4720 1244 4792 πατέρες
1279 4719 1419 4789 ὑπὲρ
1454 4720 1655 4772 τέκνων
1676 4760 1689 4784 ,
1730 4720 1852 4773 οὔτε

293 4821 400 4874 υἱοὶ
421 4819 561 4887 ὑπὲρ
583 4817 834 4884 πατέρων
855 4831 867 4844 ·
895 4814 1124 4874 ἕκαστος
1149 4814 1214 4881 τῇ
1239 4811 1430 4863 ἑαυτοῦ
1455 4812 1697 4882 ἁμαρτίᾳ
1718 4815 1855 4866 ἀπο-

294 4914 556 4966 θανεῖται.
601 4928 620 4959 ι

365 5023 384 5055 ι
431 4999 682 5069 Ἀδελφὸς
704 4998 766 5052 ού
788 4995 1103 5067 λυτροῦται,
1126 4996 1461 5068 λυτρώσεται
1485 4995 1579 5050 ἄνθ
1589 5013 1767 5066 ρωπος
1791 5015 1805 5060 ;
1835 5016 1852 5046 ι

372 5207 390 5238 ι
439 5186 530 5238 Ἐν
549 5185 666 5246 ταῖς
696 5180 929 5251 ἡμέραις
950 5179 1186 5241 ἐκείναις
1212 5180 1272 5231 ού
1307 5177 1380 5248 μὴ
1423 5179 1651 5229 εἴπωσι·
1685 5171 1861 5227 Πατέ-

299 5298 391 5352 ρες
441 5278 642 5347 ἔφαγον
697 5275 974 5343 δμφακας,
1007 5273 1100 5325 καὶ
1153 5273 1201 5324 οἱ
1247 5272 1455 5333 ὀδόντες
1502 5270 1611 5321 τῶν
1657 5269 1862 5320 τέκνων

297 5371 649 5444 ᾑμωδίασαν·
708 5367 824 5420 ἀλλ’
869 5367 1098 5426 ἕκαστος
1157 5366 1214 5415 ἐν
1273 5366 1338 5432 τῇ
1386 5360 1578 5414 ἑαυτοῦ
1618 5361 1864 5429 ἁμαρτίᾳ

300 5462 677 5524 ἀποθανεῖται,
723 5460 816 5511 καὶ
867 5458 958 5509 τοῦ
1012 5456 1276 5525 φαγόντος
1333 5453 1758 5516 αἱμωδιάσουσιν
1815 5454 1863 5503 οἱ

299 5552 531 5611 ὀδόντες.
573 5569 588 5599 ›

372 5663 391 5696 ι
423 5646 482 5696 Οἱ
519 5643 749 5710 πατέρ;ς
779 5639 976 5706 ἔφαγον
1011 5640 1287 5706 ὅμφακας,
1318 5638 1401 5687 καθ
1440 5639 1485 5687 οἱ
1515 5636 1727 5697 ὀδόντες
1756 5638 1865 5687 τῶν

303 5737 508 5789 τέκνων
538 5733 870 5805 ᾑμωδίασαν.
914 5730 997 5783 Ζῶ
1027 5731 1154 5793 ἐγὼ,
1186 5731 1334 5794 λέγει
1380 5714 1614 5797 Κύριος,
1654 5731 1685 5795 ἡ
1721 5730 1863 5796 ψυχὴ

307 5830 340 5896 ἡ
371 5829 779 5898 ἁμαρτάνουσα,
813 5823 949 5892 αὐτή
973 5823 1063 5873 καὶ
1090 5820 1459 5874 ἀποθανεῖται.
1498 5820 1552 5869 Ὀ
1575 5816 1628 5868 δὲ
1661 5818 1867 5886 ἄνθρω-

1944 1960 2180 2031 quadam
2218 1959 2467 2015 civitate,
2502 1954 2598 2023 qui
2645 1949 2813 2006 Deum
2851 1963 2958 2002 non
2987 1944 3231 2005 timebat,
3257 1947 3311 1994 et
3341 1935 3518 1991 homi-

1945 2069 2068 2108 nem
2103 2067 2211 2105 non
2244 2048 2616 2104 reverebatur.
2649 2042 2828 2097 Vidua
2861 2047 3047 2094 autem
3081 2043 3200 2091 erat
3233 2033 3290 2086 in
3321 2028 3518 2085 civita-

1946 2155 2002 2200 te
2035 2146 2150 2206 illa,
2183 2150 2236 2195 et
2296 2139 2553 2196 veniebat
2581 2135 2648 2190 ad
2680 2150 2834 2199 eum,
2895 2131 3084 2186 dicens
3117 2124 3394 2181 :Vindica
3428 2135 3516 2176 me

1944 2235 2012 2290 de
2035 2231 2359 2288 adversario
2390 2243 2532 2283 meo.
2566 2226 2630 2280 Et
2653 2225 2870 2280 nolebat
2895 2237 2991 2294 per
3009 2219 3240 2274 multum
3273 2227 3517 2284 tempus.

1945 2327 2192 2382 Posthaec
2241 2333 2422 2376 autem
2459 2320 2603 2374 dixit
2631 2319 2775 2373 intra
2817 2331 2877 2371 se
2913 2332 2926 2367 :
2959 2313 3074 2369 Etsi
3104 2311 3271 2366 Deum
3299 2321 3411 2362 non
3438 2303 3514 2357 ti—

1946 2433 2090 2480 meo,
2141 2430 2239 2469 nec
2307 2412 2584 2466 hominem
2649 2423 2922 2472 revereor,
2975 2413 3161 2459 tamen
3195 2403 3326 2472 quia
3379 2397 3517 2452 mihi

1947 2510 2170 2563 molesta
2200 2514 2284 2560 est
2325 2506 2438 2559 haec
2479 2504 2665 2567 vidua,
2701 2499 2993 2556 vindicabo
3027 2497 3197 2557 illam,
3223 2507 3295 2549 ne
3315 2492 3373 2546 in
3404 2503 3513 2544 no-

1949 2600 2170 2653 vissimo
2193 2598 2417 2650 veniens
2446 2593 2698 2663 suggillet
2737 2607 2844 2646 me.
2869 2590 2960 2644 Ait
2988 2598 3168 2642 autem
3209 2583 3514 2638 Dominus:

1948 2693 2144 2746 Audite
2204 2689 2334 2758 quid
2377 2686 2544 2757 judex
2595 2683 2902 2750 iniquitatis
2933 2681 3100 2736 dicat.
3148 2676 3294 2733 Deus
3332 2680 3514 2727 autem

1949 2799 2060 2837 non
2125 2781 2286 2834 faciet
2321 2777 2619 2832 vindictam
2665 2776 2964 2830 electorum
2997 2783 3219 2824 suorum
3273 2765 3516 2820 claman-

1949 2877 2082 2928 tium
2126 2873 2191 2928 ad
2226 2888 2286 2927 se
2336 2871 2425 2924 die
2455 2885 2517 2922 ac
2550 2876 2735 2930 nocte,
2774 2874 2828 2920 et
2855 2863 3173 2936 patientiam
3212 2856 3432 2913 habebit
3462 2855 3520 2909 in

1951 2967 2102 3022 illis?
2154 2965 2286 3020 Dico
2335 2963 2515 3026 vobis,
2548 2962 2678 3032 quia
2720 2960 2834 3015 cito
2883 2957 3183 3012 vindictam
3212 2951 3378 3006 faciet
3399 2948 3520 3003 illo-

1951 3075 2094 3114 I'Ulll.
2125 3076 2144 3109 ι

2021 3149 2173 3204 Rom.
2207 3165 2303 3212 xu,
2355 3146 2444 3201 i9.
2477 3174 2547 3185 —
2580 3161 2600 3195 ι
2625 3141 2745 3197 Non
2798 3136 3173 3207 vosmetipsos
3212 3131 3520 3188 defenden-

1953 3251 2057 3307 tes,
2107 3239 2440 3303 charissimi,
2474 3237 2571 3292 sed
2599 3235 2726 3302 date
2769 3235 2948 3288 locum
2979 3231 3094 3284 ira.
3131 3227 3408 3295 Scriptum
3435 3231 3523 3278 est

1953 3336 2099 3389 enim
2136 3350 2149 3385 :
2185 3332 2317 3387 Mihi
2375 3330 2637 3392 vindicta,
2672 3334 2728 3382 et
2753 3340 2855 3396 ego
2883 3323 3209 3387 retribuam,
3240 3318 3378 3374 dicit
3416 3315 3523 3371 Do-

1954 3423 2160 3477 minus.
2192 3441 2210 3474 ι

2029 3514 2087 3568 S.
2117 3513 2311 3584 Cyrilt.
2351 3511 2447 3566 llle
2503 3509 2732 3565 omnino
2770 3505 2864 3577 qui
2915 3502 3118 3574 injuria
3150 3499 3405 3564 aﬂicitur,
3433 3497 3522 3552 in-

1954 3607 2207 3662 cenditur
2265 3605 2485 3675 quidem
2523 3617 2633 3672 prae
2695 3613 2975 3661 mmrore;
3010 3611 3136 3650 eum
3169 3601 3351 3647 autem
3381 3589 3526 3659 inju-

1955 3700 2091 3753 riam
2131 3709 2412 3767 acceptam
2465 3692 2740 3749 interdum
2771 3690 2966 3746 ulcisci
3017 3693 3273 3757 nequeat,
3298 3698 3402 3739 nec
3426 3698 3527 3753 par

1957 3794 2072 3862 pari
2128 3791 2366 3854 referre,
2396 3788 2542 3859 quod
2593 3786 2849 3840 videlicet
2900 3785 3005 3838 eia
3060 3795 3168 3850 quo
3204 3780 3365 3834 laasus
3415 3783 3523 3840 est,

1955 3885 2165 3938 viribus
2222 3883 2379 3938 cedat
2410 3897 2425 3932 :
2460 3894 2710 3948 supernae
2779 3877 2928 3931 illius
2967 3873 3224 3942 justitim,
3258 3885 3381 3941 qua
3409 3867 3529 3923 odit

1957 3974 2384 4042 improbitatem,
2418 3973 2668 4024 aculeum
2703 3969 2755 4021 in
2797 3968 3063 4021 auxilium
3094 3963 3347 4018 accersit.

2022 4066 2240 4133 Ioseph.
2293 4063 2653 4131 —0portere
2715 4060 2972 4113 existimo
3029 4071 3125 4111 eos
3158 4055 3250 4125 qui
3302 4054 3360 4108 in
3403 4051 3528 4107 loco

1957 4165 2149 4213 sancto
2202 4155 2476 4216 habitant,
2536 4153 2780 4206 omnium
2829 4149 3099 4220 judicium
3127 4147 3236 4203 Deo
3270 4143 3527 4200 commit-

1957 4257 2092 4310 tere,
2113 4254 2287 4315 atque
2322 4245 2618 4297 humanam
2675 4255 2897 4293 manum
2933 4237 3236 4307 aspernari,
3266 4248 3392 4289 cum
3421 4232 3526 4304 ipsi

1957 4339 2171 4392 interim
2211 4351 2505 4405 supernum
2535 4331 2776 4401 judicem
2807 4328 3288 4398 circumspiciunt.

1959 4475 2093 4530 TIT.
2118 4473 2284 4527 XXX.
2317 4505 2384 4514 -α-
2416 4473 2491 4526 De
2541 4472 2605 4522 iis
2629 4470 2719 4538 qui
2770 4468 3087 4525 multantur,
3126 4473 3174 4519 et
3200 4479 3387 4538 poenas
3408 4477 3528 4531 per-

2062 4547 2266 4600 solvunt
2293 4561 2310 4606 ;
2339 4556 2381 4596 et
2411 4543 2548 4612 quod
2577 4534 2725 4594 neuio
2754 4556 2847 4607 pro
2872 4538 2980 4591 alio
3010 4538 3315 4604 plectendas
3339 4534 3434 4586 sit.

2030 4725 2180 4777 Deut.
2228 4738 2374 4778 xxiv.
2418 4720 2504 4775 16,
2532 4751 2599 4759 —
2645 4739 2662 4768 ι
2697 4717 2812 4770 Non
2876 4715 3183 4768 morientur
3212 4720 3396 4779 patres
3427 4721 3528 4777 pro

1958 4816 2106 4874 ﬁliis.
2140 4829 2236 4866 nec
2288 4812 2382 4863 lilii
2418 4827 2513 4878 pro
2563 4810 2912 4878 parentibus;
2938 4807 3028 4858 sed
3069 4801 3444 4871 unusquisque
3471 4801 3524 4852 in

1964 4917 2188 4977 peccatu
2229 4919 2329 4956 suo
2359 4903 2646 4955 morietur.
2697 4919 2714 4951 ι

2036 4997 2184 5050 Ρδαί.
2220 5009 2415 5056 XLVIII,
2452 4994 2501 5046 7.
2531 5024 2596 5032 --
2633 5011 2649 5042 ι
2688 4990 2908 5044 Fratres
2949 4988 3192 5050 redimit,
3229 5001 3340 5040 non
3379 4983 3527 5039 redi-

1963 5102 2070 5144 met
2101 5087 2294 5141 homo?
2326 5106 2342 5137 ι
2379 5095 2485 5139 etc.

2031 5181 2227 5233 Jerem.
2271 5193 2421 5237 χχιι,
2454 5174 2544 5228 29.
2582 5202 2650 5214 —-
2679 5191 2695 5220 ι
2736 5169 2793 5223 1η
2828 5169 3019 5222 diebus
3056 5167 3160 5221 illis
3205 5182 3313 5220 non
3341 5166 3526 5219 dicent

1965 5276 2102 5327 ultra
2144 5291 2156 5325 :
2189 5271 2377 5324 Patres
2403 5266 2760 5323 comederunt
2814 5279 2971 5315 uvam
3004 5261 3278 5322 acerbam,
3305 5267 3358 5312 et
3392 5259 3523 5311 den-

1964 5377 2046 5418 tes
2085 5364 2320 5416 ﬁliorum
2371 5361 2778 5426 obstupuerunt
2814 5373 2827 5407 :
2865 5353 2956 5407 sed
3026 5351 3406 5420 unusquisque
3472 5352 3524 5401 in

1966 5453 2252 5520 iniquitate
2284 5465 2382 5503 sua
2409 5448 2692 5501 morietur.
2731 5446 2924 5498 Omnis
2954 5443 3119 5496 homo
3145 5441 3236 5509 qui
3267 5439 3525 5494 comede-

1968 5547 2037 5598 rit
2078 5557 2235 5594 uvam
2299 5541 2576 5599 acerbam,
2619 5539 2808 5591 dentes
2843 5536 3016 5603 ipsius
3045 5533 3461 5600 obstupescent.
3501 5549 3519 5580 ο

2039 5634 2224 5687 Ezech.
2255 5648 2403 5691 xvul,
2427 5631 2482 5694 2,
2510 5629 2599 5682 (ΞΟ.
2623 5661 2688 5671 ——
2718 5646 2736 5678 ι
2763 5627 2951 5680 Patres
2990 5625 3348 5679 comederunt
3365 5635 3524 5675 uvam

1966 5727 2234 5786 acerbam,
2299 5719 2566 5774 etdentcs
2638 5719 2871 5770 liliormn
2929 5718 3353 5783 obstupuerunt.
3392 5709 3526 5763 Vivo

1965 5834 2085 5884 ρει),
2146 5815 2278 5868 dicit
2326 5809 2588 5865 Dominus
2620 5825 2633 5860 :
2669 5808 2852 5863 anima
2878 5822 2999 5871 quae
3028 5801 3357 5867 peccaverit,
3399 5800 3521 5873 ipsa
