4206 6442
733 369 867 436 1567
1889 382 1946 438 S.
1983 380 2310 454 JOANNIS
2348 385 2778 449 DAMASCENI
3832 393 3969 461 1568

730 479 1010 534 morietur.
1069 481 1242 536 Homo
1275 497 1453 540 autem
1502 488 1690 557 justus
1725 488 1846 550 erit,
1894 487 2098 543 faciens
2133 491 2301 560 justi-
2330 499 2373 550 Δ

2330 499 2373 550 Δ
2406 513 2505 558 πος
2529 497 2681 550 ἔσται
2707 496 2935 564 δίκαιος,
2974 501 3002 552 ὁ
3033 498 3199 552 ποιῶν
3229 499 3594 574 δικαιοσύνην.
3632 503 3758 568 Υἱὸς
3791 507 3853 558 οὺ
3882 507 3971 578 λή.

729 571 885 632 tiam,
926 588 946 621 3
981 579 1090 627 etc.
1136 593 1153 624 ι
1191 573 1363 630 Filius
1395 593 1500 630 non
1540 578 1780 646 portabit
1808 579 2153 645 iniquitatem
2195 597 2295 650 pa-

2395 586 2556 655 ψεται
2613 588 2710 658 τὴν
2739 589 2959 644 ἀδικίαν
2997 589 3089 642 τοῦ
3118 587 3259 644 υἱοῦ.
3305 593 3628 665 Δικαιοσύνη
3673 594 3731 648 δὲ
3759 595 3970 649 δικαίου

729 664 828 718 tris
850 664 1149 733 sui,’nequc
1171 674 1326 734 pater
1360 671 1596 737 portabit
1622 655 1963 739 iitiquitatem
1987 672 2101 725 lilii.
2121 671 2291 727 Justi-

2397 681 2484 730 ἐπ’
2536 655 2701 734 αὑτὸν
2762 680 2936 747 ἐσται,
3001 682 3097 736 καὶ
3145 681 3348 752 ἀνομία
3402 655 3628 756 ἀνόμου.
3660 685 3734 739 ἐπ
3806 687 3972 742 αὑτὸν

728 755 802 809 tia
835 771 965 811 vero
990 758 1125 824 justi
1164 776 1330 829 super
1355 762 1534 833 ipsum
1569 764 1698 840 erit,
1733 775 1788 818 et
1818 764 2087 834 iniquitas
2119 767 2291 837 iniqui
2396 773 2568 825 ἔσται.
2607 790 2628 825 3

728 863 893 917 super
913 850 1090 918 ipsum
1124 857 1248 907 erit.
1290 875 1308 907 3

795 938 974 996 Colat.
1010 957 1082 1008 vr,
1116 945 1166 998 5.
1196 979 1264 986 ——
1304 966 1319 999 ι
1359 946 1745 1020 Unusquisque
1769 965 1906 1006 onus
1925 965 2084 1006 suum
2112 960 2294 1022 porta.

1929 965 2084 1006 suum
2112 960 2294 1022 porta.
2473 967 2493 1002 ι
2531 950 2801 1017 Ἕκαστος
2824 952 2886 1007 τὸ
2907 954 3036 1008 ἴδιον
3067 957 3288 1027 φορτίον
3311 956 3590 1028 βαστάζει.

728 1028 827 1084 bit.
879 1050 897 1083 3

977 1129 1109 1184 TIT.
1144 1127 1427 1188 ΧΧΧΙῙ-
1458 1135 1532 1190 De
1549 1138 2054 1206 reprehensionibus.

1973 1156 2054 1193 us.
2716 1129 2899 1187 TITA.
2935 1134 3029 1186 AA
3047 1171 3063 1186 .
3095 1165 3167 1175 —
3189 1133 3331 1210 Περὶ
3354 1135 3626 1204 ἐλεγμόν

799 1218 957 1274 Prov.
985 1239 1136 1289 nix,
1172 1225 1259 1279 15.
1282 1246 1376 1278 -ι
1408 1226 1583 1298 Plaga:
1610 1239 1662 1284 et
1689 1234 2138 1298 reprehensiones
2166 1231 2298 1286 dant

1989 1234 2138 1287 iones
2166 1231 2298 1286 dum,
2478 1240 2497 1274 ι
2531 1223 2748 1295 Πληγαὶ
2767 1226 2863 1280 καὶ
2895 1225 3110 1297 ἔλεγχοι
3137 1226 3346 1282 διδόασι
3377 1227 3591 1297 σοφίαν.
3629 1247 3649 1282 3

727 1312 1082 1380 sapientiam.
1123 1335 1141 1367 3

799 1405 955 1459 Prov.
985 1422 1174 1472 xxvul,
1201 1407 1289 1476 25.
1321 1440 1390 1449 --
1424 1428 1443 1460 ι
1482 1408 1583 1476 Qui
1613 1411 1837 1480 corrigit
1871 1410 1988 1467 vias
2043 1412 2298 1479 hominis,

2472 1429 2492 1463 ι
2535 1409 2594 1462 '0
2637 1408 2877 1480 ἐλέγχων
2920 1408 3211 1476 ἀνθρώπου
3260 1407 3433 1473 ὁδοὺς,
3487 1409 3720 1481 χάριτας
3773 1409 3978 1482 μᾶλλον

728 1495 930 1565 lgratias
969 1496 1143 1564 magis
1177 1498 1448 1552 obtinebit
1503 1514 1665 1569 quam
1693 1501 1785 1555 ille
1815 1501 1906 1571 qui
1943 1516 2039 1571 per
2101 1502 2301 1572 linguae

1645 1515 1665 1553 ι
1693 1501 1785 1555 ille
1815 1501 1906 1571 qui
1943 1516 2039 1571 per
2101 1502 2301 1572 linguae
2399 1503 2511 1570 ἔξει
2539 1501 2634 1557 τοῦ
2662 1502 3253 1574 γλωσσοχσριτοῦντος.
3287 1524 3306 1554 3

731 1587 1111 1642 blandimenta
1143 1589 1368 1659 decipit.
1410 1608 1428 1640 3

797 1679 959 1746 Prov.
1022 1695 1174 1747 xxix,
1233 1681 1381 1749 1.,-
1405 1681 1595 1737 Melior
1639 1691 1725 1739 est
1777 1686 1860 1739 vir
1913 1686 2008 1758 qui
2046 1685 2298 1757 corripit,

2471 1702 2491 1737 ‹
2527 1682 2818 1755 Κρεισσων
2847 1683 2988 1755 ἀνὴρ
3010 1683 3279 1756 ἐλέγχων,
3326 1681 3518 1755 ἀνδρὸς
3560 1681 3981 1755 σκληροτραχή-

727 1786 891 1841 quam
923 1772 1018 1841 qui
1049 1771 1187 1826 dura
1217 1773 1436 1829 cervice
1463 1785 1568 1830 est.
1606 1795 1624 1828 3
2401 1774 2516 1829 λου.
2552 1793 2572 1826 3

796 1863 959 1920 Prov.
1013 1881 1163 1927 ntv,
1219 1866 1403 1921 25.-—
1445 1886 1464 1920 ι
1498 1867 1600 1934 Qui
1655 1851 1988 1938 corripiunt,
2044 1872 2302 1926 meliores
2333 1847 2375 1902 Β

2333 1847 2375 1902 Β
2480 1887 2500 1920 ι
2537 1869 2602 1923 Οἱ
2629 1868 2967 1940 ἐλέγχοντες,
2992 1868 3237 1939 βελτίους
3278 1867 3604 1937 φανοῦνται,
3655 1867 3747 1922 ἐπ’
3777 1865 3983 1930 αὐτοὺς

728 1957 1074 2026 apparebunt
1107 1972 1122 2010 :
1157 1973 1323 2028 super
1358 1975 1456 2015 eos
1516 1972 1697 2016 autem
1759 1964 1943 2018 veniet
1990 1963 2302 2021 benedictio

1516 1972 1697 2016 autem
1759 1964 1943 2018 veniet
1990 1963 2302 2021 benedictio
2401 1958 2460 2013 δὲ
2496 1958 2619 2028 ἥξει
2646 1959 2869 2030 εὐλογία
2899 1959 3103 2031 ἀγαθή.
3142 1979 3162 2013 3

727 2050 896 2104 bona.
933 2069 954 2103 3

798 2142 958 2200 Prov.
989 2161 1044 2212 ι,
1074 2144 1163 2201 10.
1188 2171 1262 2186 -—
1291 2165 1311 2198 ι
1355 2145 1456 2214 Qui
1487 2147 1719 2218 corripit
1777 2148 1974 2214 libere,
2033 2151 2303 2220 paciﬁcus

2176 2151 2303 2208 icus
2479 2159 2500 2194 ι
2545 2141 2606 2197 '0
2628 2140 2869 2213 ἐλέγχων
2904 2141 3042 2213 μετὰ
3075 2143 3389 2215 παρρησίας
3421 2139 3782 2214 εἰρηνοποιεῐ.
3814 2157 3837 2193 3

729 2241 834 2289 est.
878 2255 898 2287 3

721 2319 725 2326 ’
801 2326 964 2400 524
991 2327 1151 2385 Prov.
1184 2344 1264 2395 Ix,
1298 2329 1354 2386 8.
1389 2363 1454 2370 —
1492 2348 1511 2383 ι
1537 2330 1655 2385 Noli
1709 2347 1942 2401 arguere
1988 2333 2196 2400 malos,
2237 2349 2304 2389 ne

2158 2349 2196 2400 s,
2237 2349 2304 2389 ne
2481 2346 2502 2381 ι
2533 2328 2628 2401 Μὴ
2653 2329 2844 2402 ἔλεγχε
2874 2329 3098 2396 κακοὺς,
3123 2329 3212 2384 ἴνα
3243 2330 3318 2403 μὴ
3352 2328 3629 2403 μισήσωσί
3674 2346 3756 2385 σε.
3795 2347 3819 2382 3

731 2418 951 2474 oderint
979 2438 1052 2476 te.
1105 2442 1124 2474 3

809 2510 973 2567 Eccli.
1007 2531 1160 2581 xxxi,
1191 2516 1280 2570 41.
1315 2547 1383 2560 --
1409 2535 1429 2568 ι
1466 2517 1525 2570 In
1559 2516 1811 2572 convivio
1834 2517 1945 2572 vini
1967 2533 2078 2572 non
2103 2533 2304 2590 arguas

2481 2527 2501 2562 ι
2552 2510 2643 2564 Ἐν
2673 2512 2964 2585 συμποσίῳ
3007 2513 3154 2566 οῑνου
3213 2510 3288 2584 μὴ
3339 2511 3567 2582 ἐλέγξῃς
3612 2510 3708 2564 τὸν
3752 2515 3984 2581 πλησιον

733 2606 1042 2674 proximum
1087 2617 1263 2662 tuum.
1298 2626 1318 2658 3
2405 2620 2518 2658 σου.
2555 2620 2574 2654 3

805 2696 974 2752 Ecca.
1018 2715 1138 2762 vm,
1202 2700 1289 2754 Η.
1323 2729 1394 2742 -ρ
1425 2718 1444 2751 ι
1483 2698 1602 2756 Non
1659 2702 1923 2757 incend'as
2012 2704 2299 2770 carbones,

2479 2714 2499 2748 ι
2528 2695 2620 2764 Μὴ
2649 2694 2880 2767 ἐκκαιῃς
2915 2693 3198 2766 ἄνθρακας
3221 2735 3238 2758 ,
3303 2694 3665 2765 ἁμαρτωλοὺς
3715 2692 3981 2763 ἐλέγχων,

733 2801 1048 2860 peccatores
1116 2809 1390 2864 arguens;
1422 2805 1476 2849 et
1519 2811 1586 2851 ne
1642 2795 1960 2853 incendaris
1991 2797 2043 2852 in
2089 2797 2304 2854 ﬂamma

2089 2797 2304 2854 ﬂamma
2410 2787 2487 2858 μὴ
2515 2786 2865 2858 ἐμπυρισθῇς
2890 2788 2947 2840 ἐν
2977 2787 3138 2857 φλογὶΙ
3166 2787 3337 2856 πυρὸς
3367 2785 3676 2858 ἁμαρτιῶν.
3711 2803 3730 2836 3

733 2882 875 2952 ignis
902 2896 1248 2953 peccatorum
1292 2887 1556 2956 ipsorum.

802 2973 832 3026 Ι
863 2973 968 3030 Tit.
1018 2992 1087 3040 ν,
1127 2976 1217 3033 20.
1270 3007 1335 3017 —-
1387 2997 1407 3031 ι
1441 2978 1740 3034 Peccantes
1789 2995 1975 3036 coram
2048 2983 2306 3040 omnibus

2483 2989 2502 3023 ι
2534 2970 2673 3032 Τοὺς
2703 2969 3123 3040 ἁμαρτάνοντας
3146 2967 3378 3022 ἐνώπιον
3397 2967 3616 3020 πάντων
3653 2964 3873 3034 ἔλεγχε,
3900 2962 3983 3016 ἵνα

731 3082 920 3138 argue,
956 3078 1014 3124 ut
1038 3071 1224 3125 caeteri
1261 3073 1512 3128 timorem
1553 3073 1806 3129 habeant.
1847 3093 1866 3126 3

1631 3074 1806 3129 beant.
1847 3093 1866 3126 3
2408 3064 2505 3120 καὶ
2528 3066 2577 3118 οἱ
2615 3063 2796 3117 λοιποὶ
2823 3062 2990 3132 φόϐον
3019 3060 3235 3132 ἔχωσιν.
3275 3079 3292 3109 3

1312 3228 1629 3285 LITTERA
1677 3229 1740 3282 Ζ.
2338 3224 2384 3285 C
2958 3226 2973 3277 ὲ

2338 3224 2384 3285 c
2958 3220 3337 3277 XTOIXEION
3365 3221 3429 3272 z.

732 3358 867 3414 TlT.
903 3360 942 3414 1.
975 3395 1044 3442 _—
1068 3364 1221 3427 Quod
1254 3365 1447 3442 ‘Deuiu
1493 3383 1728 3442 quit-rere
1782 3377 2050 3442 oporteat,
2105 3379 2153 3422 et
2189 3387 2308 3424 eum

2411 3360 2592 3442 ΤΙΤΛ.
2732 3357 2967 3442 —_H§pl
2991 3357 3096 3442 τοιξ
3120 3357 3314 3442 (ignib-
3336 3357 3470 3442 ’τὸξ-
3502 3355 3668 3442 Quir,
3705 3355 3806 3409 καὶ
3845 3355 3983 3442 ᾀκοε

866 3435 1034 3503 sequi,
1063 3446 1219 3506 atque
1247 3436 1301 3489 in
1331 3428 1739 3506 ipsius'uomine
1765 3428 1943 3492 munia
1973 3428 2167 3502 facere.
2479 3434 2527 3483 λι

2479 3429 2723 3515 λορθεῖν
2756 3429 2969 3515 αὐτῇ)...
2991 3430 3086 3481 καὶ
3139 3429 3230 3515 Ιὅιί
3255 3429 3350 3515 erat
3391 3428 3469 3491 τῷ
3509 3428 3753 3496 ὀνόματι
3796 3428 3978 3481 αὑτοῦ

2481 3500 2678 3555 πάντα
2703 3501 2816 3569 χρὴ
2847 3498 3005 3567 ἡμᾶς
3033 3497 3420 3566 πράττεσθαι.

805 3609 968 3664 Levii.
1000 3629 1053 3679 χ,
1086 3616 1139 3669 5.
1162 3634 1267 3666 -ι
1305 3615 1362 3670 ln
1397 3617 1503 3672 illis
1545 3619 1640 3689 qui
1674 3619 2115 3690 appropinquant
2152 3621 2306 3685 mihi,

2043 3628 2115 3674 int
2152 3621 2306 3685 mihi,
2486 3635 2505 3668 ‹
2546 3616 2635 3669 Ἐν
2667 3619 2782 3680 τοῖς
2811 3615 3089 3684 ἐγγίζουσὶ
3127 3632 3192 3686 με
3222 3615 3646 3684 ἁγιασοὴσομαι.
3684 3632 3704 3665 3

733 3705 1140 3759 sanctircabor.
1183 3725 1200 3756 3

805 3791 962 3847 Deut.
988 3810 1042 3858 ι,
1064 3795 1150 3848 ΞΟ.
1176 3829 1245 3837 -
1275 3817 1295 3850 ι
1329 3799 1617 3853 Dominum
1653 3801 1820 3855 Deum
1870 3812 2021 3856 tuum
2065 3804 2306 3870 timebis;

2490 3813 2508 3846 ι
2547 3795 2756 3865 Κύριον
2780 3795 2870 3848 τὸν
2897 3795 3031 3847 Θεόν
3067 3812 3157 3847 σου
3187 3795 3494 3865 φοόηθὴςῃ.
3527 3794 3623 3847 καὶ
3654 3793 3806 3863 αὐτῷ
3839 3794 3988 3864 μόνῳ

733 3893 784 3938 et
812 3883 887 3938 illi
913 3886 1013 3940 soli
1047 3891 1274 3953 servies,
1331 3900 1385 3944 et
1432 3893 1478 3945 ei
1511 3891 1875 3958 adhmresces,
1902 3904 1957 3949 et
1989 3895 2044 3949 in
2087 3897 2310 3951 nomine

2408 3886 2748 3957 λατρεύσεις,
2788 3891 2880 3942 καὶ
2911 3890 3044 3958 πρὸς
3095 3891 3254 3942 αὐτὸν
3289 3889 3625 3961 κολληθήσῃ,
3662 3891 3757 3942 καὶ
3793 3889 3888 3942 ἐπὶ
3913 3889 3990 3957 τῷ

734 3975 857 4043 ejus
923 3979 1157 4045 iurabis.
1216 3981 1336 4052 Ipse
1363 3993 1448 4039 est
1471 3985 1646 4054 gloria
1702 3995 1818 4052 tua,
1845 3995 1901 4042 et
1937 3987 2053 4058 ipse
2080 3999 2165 4043 est
2193 3989 2303 4042 vita

2409 3981 2638 4050 ὀνόματι
2667 3980 2833 4034 αὑτοῦ
2860 3982 2989 4053 ὁμῇ.
3016 3975 3184 4044 Οὗτος
3214 3981 3482 4051 καύχημὰ
3522 3999 3614 4032 σου
3641 4019 3654 4043 ,
3697 3981 3796 4033 καὶ
3832 3976 3987 4044 οὗτος

740 4078 852 4121 tua.

2411 4073 2524 4139 ζωή
2555 4092 2672 4130 σου.
2710 4094 2729 4128 3

809 4094 852 4120 τι.
2411 4094 2470 4139 Su

809 4158 960 4213 Psal.
1001 4177 1080 4223 ix.
1146 4164 1320 4218 l0.——
1357 4183 1376 4218 ι
1413 4165 1530 4223 Νοη
1592 4169 1938 4241 dereliquisti
2001 4183 2308 4243 quarentes

2446 4095 2489 4127 ω
2555 4094 2672 4130 σου.
2710 4094 2730 4128 3

2411 4094 2437 4139 ς
2487 4094 2524 4217 Ρ
2541 4167 2656 4219 Οὐκ
2690 4165 3049 4236 ἐγκατέλιπες
3073 4168 3201 4230 τοὺς
3230 4164 3595 4234 ἐκζητοῦντάς
3622 4182 3701 4231 σε,
3738 4166 3822 4220 Κύ
3834 4183 3937 4235 ρεε.
3964 4185 3983 4216 3
4009 4249 4013 4253 η

734 4257 810 4309 te.
849 4250 1093 4307 Domine.
1130 4274 1148 4306 3

811 4341 959 4399 Psal.
1019 4347 1379 4410 xxx1,9.-—-(
1413 4351 1470 4408 ln
1528 4369 1686 4410 camo
1744 4367 1799 4413 et
1840 4357 1995 4414 freno
2054 4359 2308 4414 maxillas

2482 4366 2499 4397 ι
2544 4347 2632 4398 Ἐν
2656 4347 2820 4417 κημῷ
2842 4346 2935 4400 καὶ
2965 4343 3164 4417 χαλινῷ
3191 4346 3288 4411 τὰς
3313 4346 3567 4415 σιαγόνας
3589 4346 3768 4399 αὐτῶν
3795 4346 3986 4414 ἄγξαι,

737 4445 929 4486 eorum
970 4440 1307 4508 constringe,
1347 4443 1442 4511 qui
1498 4459 1604 4499 non
1637 4450 2023 4517 approximant
2073 4450 2138 4505 ad
2174 4459 2249 4506 te.
2282 4471 2300 4502 3

1660 4450 2023 4517 ipproximant
2073 4450 2138 4505 ad
2174 4459 2249 4506 te.
2282 4471 2300 4502 3
2409 4439 2518 4491 τῶν
2553 4439 2628 4507 μὴ
2668 4438 2998 4507 ἐγγιζόντων
3019 4439 3155 4508 πρὸς
3184 4438 3264 4491 σέ·
3304 4457 3321 4489 ³

810 4517 961 4626 Prol.
1027 4532 1218 4587 xxxiii,
1249 4527 1301 4581 5.
1326 4561 1393 4570 —
1423 4549 1440 4581 ι
1472 4533 1749 4602 Exquisivi
1783 4537 2096 4603 Dominum,
2127 4549 2182 4595 et
2208 4557 2306 4596 οι·
2343 4568 2386 4626 ο

2343 4568 2386 4626 υ
2489 4550 2508 4584 ι
2561 4533 2895 4603 Ἐξεζήτησα
2922 4532 3014 4585 τὸν
3057 4532 3278 4604 Κύριον,
3308 4534 3403 4585 καὶ
3429 4531 3704 4600 ἐπήκουσέ
3735 4548 3864 4600 μου,
3889 4531 3990 4584 καὶ

738 4610 945 4665 audivit
1015 4629 1122 4680 me,
1179 4625 1234 4671 et
1263 4633 1331 4674 ex
1374 4626 1632 4682 omnibus
1665 4629 2122 4688 tribulationibus
2169 4633 2305 4688 meis
2344 4610 2385 4626 ν

2057 4647 2122 4688 us
2169 4633 2305 4688 meis
2344 4610 2385 4626 υ
2411 4626 2476 4677 ἐκ
2516 4625 2709 4678 πασῶν
2734 4624 2843 4678 τῶν
2873 4622 3106 4694 θλίψεων
3135 4641 3237 4693 μου
3266 4623 3534 4695 ἐρῤύσατό
3570 4641 3657 4693 με.
3695 4641 3713 4673 3

737 4703 936 4768 eripuit
966 4721 1071 4759 ine.
1114 4725 1133 4758 3

810 4789 963 4851 Psal.
1021 4811 1204 4867 Luxu,
1271 4802 1356 4858 Π.
1394 4837 1463 4850 -ο
1511 4825 1530 4859 ι
1589 4809 1695 4876 Qui
1745 4813 2004 4884 elougant
2037 4829 2098 4870 se
2139 4829 2169 4867 a
2232 4823 2309 4880 te.

2295 4857 2309 4880 ,
2486 4826 2504 4859 ι
2537 4808 2601 4860 Οἱ
2626 4805 2999 4878 μακρύνοντες
3024 4807 3252 4871 ἑαυτοὺς
3268 4809 3378 4862 ἀπὸ
3406 4806 3524 4870 σοῦ,
3548 4806 3900 4862 ἀπολοῦνται.
3937 4827 3956 4860 3

741 4885 1019 4954 peribunt.
1059 4906 1078 4940 3

814 4973 966 5030 Ρεαι.
1028 4994 1218 5045 xum,
1248 4984 1340 5040 20.
1366 5019 1435 5029 —
1469 5007 1488 5041 ι
1523 4988 1728 5048 Divites
1776 5002 2050 5063 eguerunt
2091 5002 2146 5048 et
2184 5011 2313 5051 esu-

2483 5007 2503 5039 ι
2535 4988 2787 5042 Πλούσιοι
2834 4986 3183 5058 ἐπτώχευσαν
3203 5028 3218 5051 ,
3258 4988 3353 5041 καὶ
3388 4988 3700 5050 ἐπείνασαν,
3730 4987 3782 5038 οἱ
3806 4987 3863 5039 δὲ
3892 4987 3990 5039 ἐκ·

741 5066 989 5134 rierunt;
1018 5071 1553 5141 iuquirentesautem
1580 5083 1892 5152 Dominum,
1924 5101 2035 5140 non
2061 5088 2315 5141 minuen-

2415 5081 2708 5153 ζητοῦντες
2729 5082 2818 5135 τὸν
2846 5083 3083 5153 Κύριον,
3130 5083 3230 5134 οὑκ
3271 5080 3739 5150 ἐλαττωθήσονται
3786 5080 3994 5142 παντὸς

744 5167 835 5213 tur
861 5162 1010 5215 omni
1031 5162 1194 5221 bono.
1233 5188 1251 5218 3

1031 5162 1194 5221 bono.
1233 5188 1251 5218 3
2415 5172 2641 5241 ἀγαθοῦ.
2672 5192 2691 5222 ›

814 5251 962 5310 Ρεαι.
994 5272 1178 5322 xxxix,
1213 5261 1298 5314 16.
1323 5293 1390 5302 -
1422 5283 1441 5316 ι
1467 5265 1822 5323 Exsulteutet
1847 5269 2099 5325 laetentur
2126 5286 2317 5325 omnes

2492 5286 2510 5317 ι
2560 5265 3048 5333 Ἀγαλλιάσθωσαν,
3101 5267 3193 5320 καὶ
3249 5267 3712 5338 εὖφρανθήτωσαν
3749 5266 3845 5318 ἐπὶ
3905 5265 3983 5317 σοτ

744 5345 836 5413 qui
874 5360 1219 5418 quaeruntte,
1252 5353 1500 5412 Domine.
1541 5377 1557 5408 3

2418 5359 2615 5419 πάντες
2645 5361 2689 5410 οἱ
2718 5359 3010 5428 ζητοῦντές
3053 5375 3133 5419 σε,
3169 5358 3360 5430 Κύριε.
3401 5377 3417 5406 3

816 5435 965 5492 Psal.
998 5455 1187 5507 uvm,
1214 5445 1301 5500 55.
1334 5478 1402 5489 -
1460 5469 1480 5502 ι
1517 5449 1758 5516 Quaerite
1825 5450 2022 5518 Deum,
2056 5460 2114 5507 et
2174 5457 2316 5507 vivet

2495 5469 2512 5500 ι
2549 5448 2920 5521 Ἔκζητήσατε
2979 5451 3069 5503 τὸν
3119 5451 3273 5516 Θεὸν,
3340 5455 3430 5505 καὶ
3481 5453 3707 5521 ζήσεται
3838 5450 3991 5519 ψυχὴ

749 5529 924 5583 anima
951 5541 1153 5602 vestra,
1185 5554 1204 5588 3

991 5541 1153 5602 astra,
1185 5554 1204 5588 3
2418 5545 2590 5614 ὑμῶν.
2636 5563 2652 5593 3

827 5617 972 5677 Psal.
996 5639 1106 5692 etv,
1161 5629 1216 5683 3.
1247 5661 1313 5671 --
1344 5650 1361 5682 ι
1394 5631 1635 5690 Laetetur
1668 5651 1764 5691 cor
1809 5637 2174 5707 quaerentium
2211 5638 2314 5690 Do-

2253 5655 2314 5690 υ-
2493 5658 2511 5689 ι
2549 5639 2920 5710 Εὐφρανοήτω
2951 5641 3144 5710 καρδία
3170 5641 3474 5709 ζητούντων
3495 5641 3586 5692 τὸν
3621 5638 3848 5706 Κύριον.
3893 5656 3913 5687 3

751 5725 979 5770 mlllllm.
1024 5736 1042 5767 ι

821 5799 981 5861 Prov.
1027 5841 1093 5850 —
1129 5829 1148 5863 ι
1179 5813 1282 5880 Qui
1322 5819 1519 5882 quaerit
1542 5820 1850 5878 Dominum.
1886 5823 2313 5876 iuvenietscien-

2497 5838 2514 5870 ι
2559 5818 2616 5870 Ὀ
2658 5816 2835 5880 ζητῶν
2868 5819 2955 5872 τὸν
2997 5821 3220 5891 Κύριον,
3253 5823 3473 5888 εΰρήτει
3507 5823 3709 5889 γνῶσιν
3741 5817 3882 5888 μετὰ
3907 5817 3992 5872 δι-
