4206 6442
732 393 864 462 1571

1914 391 1972 448 S.
2009 386 2327 452 JOANNIS
2368 387 2792 456 DAMASCENI

3851 403 3989 468 1572

731 509 955 559 tionem.
1007 503 1112 554 Aut
1146 501 1279 556 vade
1318 500 1386 554 ad
1418 513 1598 570 apem,
1634 506 1689 552 et
1719 497 1842 552 vide
1879 510 2137 566 quoniam
2163 509 2295 563 ope-
2322 499 2369 554 Α

2322 499 2369 554 Α
2398 500 2632 553 ποιεῖται
2658 503 2756 573 τὴν
2779 506 3100 574 παράθεσιν.
3134 509 3204 562 Ἦ
3237 511 3533 582 πορεύθητι
3567 513 3702 584 πρὸς
3743 520 3847 584 την
3881 513 3983 581 μέ-

728 601 870 653 raria
911 609 1015 662 est,
1047 611 1321 666 quamque
1371 596 1745 666 operationem
1787 608 1942 650 suam
1975 591 2295 662 praeclaram

729 695 910 747 iaciat.
968 691 1138 760 Cujus
1201 691 1415 744 labores
1467 704 1625 759 reges
1673 695 1728 742 et
1781 687 1978 755 privati
2047 682 2297 737 sanitatis

726 801 895 839 causa
945 793 1254 836 assumunt.
1285 778 1676 834 Desiderabilis
1715 791 1847 831 vero
1899 774 2161 829 omnibus
2183 783 2291 833 est,

725 890 780 929 et
839 874 1102 947 gloriosa,
1166 872 1385 928 tametsi
1453 869 1656 949 alioqui
1746 868 1956 922 viribus
2010 862 2296 920 imbecillis

727 971 818 1022 sit.

799 1059 958 1113 Prov.
980 1076 1108 1118 xxx.
1125 1057 1195 1111 24
1213 1073 1450 1125 seqq.-—-i
1463 1055 1707 1121 Quatuor
1722 1061 1852 1108 sunt
1874 1052 2096 1105 minima
2115 1061 2293 1115 terrae,

725 1161 780 1206 et
812 1153 927 1220 ipsa
968 1159 1095 1204 sunt
1126 1149 1463 1218 sapientiora
1496 1147 1838 1216 sapientibus
1871 1164 1884 1198 :
1919 1145 2163 1198 formica:
2197 1159 2296 1214 po-

725 1244 891 1313 pulus
926 1241 1195 1301 infirmus,
1231 1250 1284 1294 et
1343 1249 1611 1309 praeparat
1667 1239 1720 1290 in
1761 1246 1948 1290 aestate
1983 1236 2163 1290 cibum
2245 1245 2298 1288 et

725 1332 1081 1402 ehmrogrylli
1122 1331 1360 1400 populus
1391 1329 1690 1389 invalidus,
1723 1329 1816 1396 qui
1849 1326 2094 1380 fecerunt
2121 1325 2173 1377 in
2202 1339 2296 1392 pe-

728 1425 829 1478 tris
897 1425 1088 1477 domos
1135 1438 1288 1476 suas.
1348 1421 1544 1488 Regem
1602 1420 1815 1473 locusta
1873 1434 1982 1470 non
2031 1418 2211 1481 habet,
2246 1426 2297 1468 et

726 1517 1008 1570 turmatim
1067 1514 1344 1584 egreditur
1377 1513 1442 1564 ad
1490 1513 1791 1580 iussionem
1833 1507 1996 1564 unam
2026 1526 2040 1574 ;
2072 1519 2124 1563 et
2152 1509 2298 1561 cala-

725 1609 881 1664 botes
916 1609 1167 1661 manibus
1195 1608 1410 1666 nititur,
1453 1620 1516 1658 ac
1551 1604 1707 1656 laede
1765 1604 2002 1670 capitur,
2035 1610 2088 1654 et
2116 1611 2294 1652 tamen

727 1702 936 1756 habitat
969 1702 1022 1753 in
1075 1698 1474 1752 munitionibus
1527 1711 1740 1765 regum.
1796 1693 1928 1746 Tria
1992 1700 2121 1746 sunt
2178 1708 2297 1760 qua:

726 1795 863 1848 bene
884 1791 1228 1862 gradiuntur,
1256 1797 1310 1843 et
1365 1797 1624 1858 quartum
1662 1786 1805 1854 quod
1839 1796 1985 1840 recte
2015 1785 2291 1838 ambulat:

725 1889 942 1942 catulus
978 1886 1150 1940 Iconis
1175 1883 1370 1937 fortior
1400 1882 1616 1944 bestiis,
1668 1881 1762 1949 qui
1798 1895 1904 1933 non
1965 1888 2292 1939 revertetur,

725 1993 906 2047 neque
942 1977 1157 2046 pavebit
1179 1975 1410 2028 belluam
1437 1992 1449 2038 ;
1491 1981 1546 2027 et
1571 1973 1747 2042 gallus
1777 1973 1868 2041 qui
1894 1966 2037 2025 inter.
2067 1969 2296 2025 feminas

723 2071 968 2124 ambulat
1000 2071 1204 2132 alacer,
1237 2083 1299 2122 ac
1343 2066 1530 2121 haedus
1580 2065 1690 2119 dux
1725 2064 1926 2135 gregis.
1965 2083 1984 2117 ι

805 2250 863 2306 8.
907 2249 1080 2303 Basil.
1142 2247 1324 2301 homil.
1359 2262 1384 2297 v
1417 2247 1470 2298 in
1501 2244 1757 2298 Hexaem.
1805 2275 1874 2284 -—
1901 2243 2092 2298 Cicuta
2122 2241 2293 2296 sturni

721 2351 1042 2401 vescuntur,
1092 2347 1147 2390 ct
1181 2339 1250 2389 ob
1275 2343 1609 2389 structuram
1662 2335 1746 2388 sui
1789 2333 2062 2401 corporis,
2113 2333 2295 2400 perni-

722 2433 860 2484 ciem
909 2445 1028 2484 eam
1062 2443 1184 2497 qua:
1225 2442 1288 2482 ex
1325 2439 1536 2480 veneno
1593 2431 1968 2492 comparatur.
2006 2422 2292 2493 eﬂugiunt.

723 2524 857 2577 Nam
912 2522 1039 2591 quia
1072 2530 1263 2574 tenues
1307 2520 1508 2572 habent
1538 2517 1594 2571 in
1627 2516 1796 2571 corde
1831 2523 2068 2578 meatus.
2131 2515 2289 2585 prius

723 2616 777 2670 id
812 2615 960 2686 quod
1011 2624 1300 2677 vorarunt,
1343 2611 1663 2674 conﬁciunt,
1707 2625 1870 2681 quam
1906 2607 2174 2680 frigiditas
2224 2608 2292 2662 ad

722 2708 910 2762 vitalia
936 2716 1201 2778 penetret.
1234 2703 1547 2758 Elleborum
1591 2711 1774 2757 autem
1810 2700 2160 2755 coturnicum
2187 2699 2292 2754 ali-

722 2798 902 2852 monia
927 2806 1030 2859 est,
1056 2807 1116 2849 ut
1143 2811 1264 2865 qua:
1288 2793 1692 2863 temperamenti
1718 2792 1802 2847 sui
1829 2792 2184 2861 proprietate,
2207 2778 2294 2846 ni-

721 2889 798 2943 hil
823 2890 949 2943 hinc
979 2889 1293 2942 detrimenti
1334 2885 1684 2940 contrahant.
1726 2883 1871 2949 Quin
1920 2883 2036 2937 haec
2073 2897 2292 2952 quoque

723 2981 842 3051 ipsa
875 2980 1036 3034 nobis
1069 2980 1342 3034 inter-lum
1381 2978 1502 3032 usui
1539 2985 1688 3032 sunt.

795 3073 994 3127 Ilomil.
1029 3073 1080 3126 7.
1108 3105 1178 3114 ——
1212 3071 1430 3142 Vipera,
1468 3071 1740 3142 reptilium
1774 3071 2019 3126 omnium
2054 3069 2290 3124 atrocis-

721 3165 945 3231 simum,
977 3163 1042 3217 ad
1074 3180 1327 3218 muraenae
1348 3165 1575 3217 marinae
1619 3162 1956 3217 eonnubium
2021 3161 2284 3225 occurrit,

722 3265 890 3326 atque
928 3255 1092 3310 sibilo
1129 3256 1363 3325 quodam
1391 3253 1738 3322 praesentiam
1763 3267 1917 3308 suam
1948 3250 2286 3320 signiﬁcans,

722 3348 792 3401 ab
826 3348 954 3403 imis
996 3363 1115 3400 eam
1169 3345 1478 3416 gurgitibus
1505 3345 1571 3399 ad
1629 3359 1916 3399 venereum
1946 3341 2288 3412 complexum

721 3449 901 3496 vocat.
967 3440 1063 3493 Illa
1097 3449 1275 3492 autem
1334 3452 1540 3493 morem
1579 3436 1738 3506 gerit,
1769 3444 1967 3492 etcum
2012 3447 2290 3489 venenosa

721 3534 1002 3587 animante
1031 3531 1342 3600 copulatur.
1715 3530 1718 3533 ⁷

795 3621 936 3678 Ibid.
972 3653 1041 3663 —
1073 3621 1214 3674 Sunt
1243 3620 1406 3674 etiam
1437 3618 1685 3672 nonnulli
1715 3619 1895 3688 pisces
1926 3616 2018 3688 qui
2048 3613 2292 3687 peregri-

721 3725 946 3783 nantur,
996 3714 1159 3784 526
1187 3723 1240 3766 et
1263 3713 1412 3766 velut
1462 3711 1742 3766 communi
1773 3709 2013 3780 quodam
2069 3707 2290 3762 decreto

720 3808 776 3862 in
813 3817 1030 3861 exteras
1096 3805 1347 3872 regiones
1376 3801 1556 3864 missi,
1585 3815 1651 3855 ex
1679 3816 1789 3854 uno
1819 3799 2075 3854 condicto
2104 3799 2288 3852 cuncti

721 3899 884 3956 simul
919 3897 1364 3968 proﬁciscuntur.
1407 3892 1542 3946 Cum
1571 3892 1718 3945 enim
1747 3900 1958 3946 certum
1995 3898 2051 3945 et
2083 3891 2289 3944 consti-

720 4003 894 4048 tutum
920 3989 1160 4060 pariendi
1185 3997 1396 4054 tempus
1419 3985 1722 4054 appetierit,
1741 3984 1828 4037 alii
1852 3998 1916 4038 ex
1932 3981 2051 4035 aliis
2076 3981 2289 4037 sinibus

718 4088 1083 4156 emigrantes,
1147 4079 1427 4134 communi
1477 4077 1687 4132 scilicet
1735 4076 1852 4143 lege
1912 4075 2161 4140 excitati,
2219 4074 2288 4128 ad

719 4179 956 4232 Boreum
994 4191 1143 4228 mare
1171 4172 1526 4226 contendunt.
1573 4169 1651 4222 Ac
1674 4183 1783 4238 quo
1817 4177 2061 4237 tempore
2096 4182 2288 4222 ascen-

718 4273 878 4331 dunt,
911 4272 1091 4338 pisces
1115 4267 1301 4319 videas
1353 4264 1609 4317 torrentis
1642 4261 1817 4315 instar
1850 4262 2038 4314 unitos
2062 4261 2286 4329 conglo-

721 4362 991 4429 batosque
1015 4374 1043 4410 a
1069 4356 1402 4426 Propontide
1435 4354 1501 4406 ad
1532 4353 1801 4406 Euxinum
1819 4366 1966 4405 mare
1988 4349 2284 4405 conﬂuere.

721 4454 854 4519 Quis
911 4464 1072 4520 porro
1121 4464 1216 4502 eos
1260 4445 1532 4515 impellit?
1569 4444 1714 4512 quod
1745 4443 2097 4511 imperatoris
2137 4458 2287 4494 Inan-

719 4544 949 4600 datum?
990 4553 1244 4609 quanam
1294 4537 1474 4590 edicta
1498 4535 1551 4588 in
1599 4534 1716 4587 loro
1739 4548 1979 4599 expansa
2010 4531 2284 4601 praestitu-

719 4647 833 4690 tum
876 4643 1091 4698 tempus
1124 4625 1470 4695 significant?
1499 4624 1723 4693 quinam
1767 4625 1902 4691 ipsis
1935 4633 2065 4676 sunt
2115 4622 2284 4676 duces

719 4724 966 4782 itineris?
993 4721 1228 4774 Videsne
1257 4716 1714 4786 quemadmodum
1748 4715 1931 4768 dixina
1965 4715 2285 4768 coastitutio

717 4819 901 4874 omnia
951 4815 1196 4882 impleat,
1250 4823 1304 4866 et
1335 4813 1418 4865 vel
1478 4827 1652 4880 usque
1702 4809 1768 4861 ad
1803 4811 2022 4863 minima
2054 4827 2286 4880 quaeque

719 4908 1026 4984 pertineat?
1077 4905 1249 4962 Piscis
1301 4904 1403 4972 legi
1435 4903 1528 4956 Dei
1592 4917 1699 4954 non
1734 4903 2070 4968 reluctatur;
2109 4911 2161 4956 et
2186 4919 2284 4954 nos

719 5001 966 5057 homines
999 4996 1338 5053 salutaribus
1359 4993 1593 5048 decretis
1624 4993 2000 5061 obtemperare
2031 5009 2137 5047 non
2165 5010 2286 5048 sus-

718 5097 979 5150 tinemus.
1044 5091 1123 5148 Ne
1154 5093 1260 5146 hoc
1319 5089 1538 5144 nomine
1568 5087 1744 5154 pisces
1793 5097 2131 5149 contemnas,
2157 5090 2283 5156 quia

715 5185 949 5241 rationis
976 5193 1030 5239 et
1075 5185 1225 5239 vocis
1255 5198 1359 5235 usu
1390 5189 1577 5234 carent
1605 5195 1618 5230 :
1649 5195 1834 5232 verum
1893 5190 2073 5232 metue
2111 5197 2174 5232 ne
2198 5181 2282 5233 his

715 5293 936 5348 quoque
973 5278 1239 5330 aratione
1297 5275 1526 5328 alienior
1583 5272 1841 5335 exsistas,
1869 5272 1961 5340 qui
2001 5272 2282 5326 Creatoris

712 5369 1058 5441 jussionibus
1119 5365 1450 5421 adversar-is.
1508 5363 1650 5415 Audi
1697 5364 1897 5429 pisces,
1957 5378 2065 5415 non
2117 5378 2280 5417 voces

716 5461 1115 5522 tantummodo,
1155 5459 1246 5512 sed
1297 5459 1464 5526 gestis
1491 5457 1860 5516 declat-antes,
1916 5456 2279 5508 conservandi

717 5556 936 5624 generis
968 5568 1132 5608 causa
1182 5553 1394 5621 longam
1447 5552 1588 5603 hanc
1623 5548 2124 5616 peregrinationem
2152 5565 2182 5602 a
2223 5565 2281 5601 se

716 5647 944 5717 suscipi.
973 5646 1196 5714 Propria
1223 5642 1440 5714 quidem
1472 5656 1577 5693 vox
1607 5639 1742 5708 ipsis
1768 5640 1952 5705 deest;
1986 5649 2040 5693 at
2074 5651 2282 5694 natura:

714 5741 888 5809 legem
947 5738 1174 5790 lirmiter
1225 5736 1444 5788 inlisam
1498 5731 1717 5793 habent,
1779 5745 1903 5798 qua:
1961 5732 2281 5799 praescribat

713 5832 845 5904 quid
893 5830 1161 5901 agendum
1217 5829 1307 5884 sit.
1342 5825 1560 5889 Eamus,
1613 5823 1894 5891 inquiunt,
1943 5824 2009 5878 ad
2048 5825 2276 5882 Boream

2396 588 2606 655 λισσαν,
2643 595 2736 645 καὶ
2768 597 2904 664 μάθε
2933 600 3013 651 ὅτι
3041 603 3266 670 ἐργάτις
3295 604 3410 656 ἐστι
3434 621 3447 634 ·
3474 606 3574 674 τὴν
3605 606 3661 658 δὲ
3711 607 3986 676 ἐργασίαν

2396 681 2470 743 ὡς
2504 684 2707 753 σεμνὴν
2737 691 2898 742 ποιεῖ.
2930 684 3039 753 Ἦς
3060 692 3187 755 τοὺς
3216 695 3412 757 πόνους
3440 694 3680 764 βασιλεῖς
3707 698 3806 750 καὶ
3842 696 3985 750 ἰδιῶ-

2395 791 2483 824 ται
2516 775 2648 845 πρὸς
2666 776 2858 844 ὑγείαν
2886 783 3308 854 προσφέρονται.
3333 788 3563 858 Ποθεινὴ
3585 789 3642 841 δέ
3669 791 3787 842 ἐστι
3817 790 3982 850 πᾶσι.

2395 867 2492 918 καὶ
2529 868 2796 934 ἐπίδοξος,
2839 873 3042 946 καίπερ
3073 871 3208 929 οὖσα
3236 879 3292 930 ὲν
3324 878 3484 950 ῥώμῃ
3521 881 3774 952 ἀσθενής.
3809 900 3830 933 ι

2473 1068 2490 1098 ι
2528 1049 2783 1121 Τέσσαρά
2812 1051 2960 1104 ἐστιν
2993 1053 3252 1124 ἐλάχιστα
3296 1057 3388 1109 ἐπὶ
3411 1057 3512 1127 τῆς
3540 1059 3641 1128 γῆς
3661 1077 3673 1088 ·
3697 1059 3880 1114 ταῦτα
3923 1062 3984 1115 δέ

2397 1141 2513 1193 ἐστι
2537 1140 2820 1214 σοφώτερα
2837 1144 2949 1198 τῶν
2967 1147 3149 1214 σοφῶν
3167 1163 3181 1178 ο
3207 1150 3255 1200 οἱ
3283 1149 3591 1220 μύρμηκες,
3620 1146 3703 1214 οἷς
3729 1153 3805 1222 μή
3831 1153 3985 1204 ἐστιν

2401 1233 2585 1301 ἰσχὺς,
2622 1234 2716 1286 καὶ
2762 1236 3108 1306 ἑτοιμάζεται
3142 1239 3335 1308 θέρους
3372 1243 3470 1308 τὴν
3507 1245 3752 1313 τροφήν·
3801 1245 3898 1296 καὶ
3928 1247 3982 1296 οἱ

2397 1325 2770 1393 χοιρόγρυλλοι
2801 1328 2950 1391 ἔθνος
2981 1331 3078 1382 οὐκ
3103 1331 3342 1402 ἰσχυρὸν,
3369 1334 3416 1386 οἳ
3435 1336 3759 1404 ἐποιήσαντο
3779 1337 3842 1387 ὲν
3875 1337 3980 1388 πέ-

2395 1433 2555 1487 τραις
2601 1421 2726 1482 τοὺς
2784 1422 2994 1474 ἑαυτῶν
3043 1424 3247 1486 οἴκους.
3323 1425 3705 1492 Ἀϐασίλευτός
3756 1432 3908 1480 ἐστιν
3941 1431 3978 1499 ἡ

2396 1509 2577 1579 άκρὶς,
2602 1513 2954 1580 ὲκστρατεύει
2981 1515 3072 1583 ἀφ’
3097 1518 3216 1580 ἑνὸς
3245 1518 3616 1589 κελεύσματος
3635 1539 3649 1552 ο
3684 1524 3779 1574 καὶ
3813 1523 3976 1575 κάλα·

2398 1601 2576 1673 ϐώτης
2597 1608 2782 1675 χερσὶν
2808 1608 3171 1681 ἐρειδόμενος,
3208 1612 3302 1664 καὶ
3344 1613 3611 1677 εὐάλωτος
3641 1614 3716 1666 ῶν
3736 1657 3750 1677 ,
3792 1633 3981 1670 κατοι-

2396 1699 2483 1748 κεῖ
2511 1701 2567 1750 ἐν
2613 1699 2933 1770 ὀχυρώμασι
2989 1703 3274 1772 βασιλέων.
3331 1707 3471 1776 Τρία
3518 1707 3733 1761 ἐστὶνιᾶ
3772 1709 3980 1771 εὑόὁως

2401 1790 2739 1860 πορεύονται,
2797 1795 2889 1845 καὶ
2938 1794 2998 1845 τὸ
3045 1794 3305 1865 τέταρτον
3364 1797 3392 1850 ὃ
3441 1798 3619 1861 καλῶς
3669 1799 3975 1852 διαϐαίνει·

2400 1899 2636 1950 σκύμνος
2677 1883 2890 1948 λέοντος
2934 1887 3278 1958 ἰσχυρότερος
3323 1890 3556 1960 κτηνῶν,
3597 1892 3656 1952 ὃς
3701 1893 3804 1945 οὐκ
3836 1894 3978 1944 ἁπο-

2399 1973 2708 2041 στρὲψεται,
2731 1975 2851 2028 οὐδὲ
2883 1994 2950 2032 κι,
2967 1979 3228 2048 παπτήσει
3259 1980 3487 2048 κτῆνος,
3520 1982 3614 2034 κα)⁵
3651 1982 3979 2052 ἁλεκτρυὼν

2397 2065 2790 2134 ἐμπεριπατῶν
2814 2069 2871 2119 ὲν
2899 2068 3144 2138 θηλείαις
3175 2069 3431 2142 εὔψυχος,
3462 2073 3555 2126 καὶ
3585 2075 3783 2144 τράγος
3806 2075 3979 2144 ἡγού-

2399 2173 2561 2229 μενος
2585 2158 2851 2212 αἰπολίου.
2890 2179 2907 2209 ι

2467 2248 2539 2300 Τὸ
2569 2248 2793 2302 κώνειον
2843 2253 2891 2303 οί
2947 2251 3124 2323 ψάρες
3168 2253 3486 2324 βόσκονται,
3521 2256 3609 2310 διά
3650 2259 3749 2328 τὴν
3799 2277 3978 2313 κατα-

2398 2342 2600 2412 σκευὴν
2629 2343 2722 2396 τοῦ
2758 2345 3009 2414 σώματος
3028 2347 3129 2418 τὴν
3149 2349 3214 2401 ἐκ
3241 2348 3336 2401 τοῦ
3381 2349 3710 2422 δηλητηρίου
3760 2353 3979 2423 βλάϐην

2394 2433 2901 2505 ἀποδιδράσκοντες.
2949 2441 3194 2504 Λεπτοὺς
3219 2443 3328 2510 γάρ
3355 2441 3566 2513 ἔχοντες
3593 2446 3716 2509 τοὺς
3748 2448 3840 2499 ἐπὶ
3870 2448 3978 2519 τὴν

2395 2526 2624 2597 καρδίαν
2659 2529 2860 2599 πόρους
2882 2570 2898 2595 ,
2933 2531 3231 2600 φθάνουσιν
3270 2535 3679 2606 ἐκπέμψασθαι.
3717 2539 3976 2592 Ἐλλέδο-

2397 2631 2492 2686 ρος
2523 2615 2580 2669 δὲ
2607 2617 2855 2688 ὀρτύγων
2903 2621 3022 2675 ἐστὶ
3067 2623 3261 2695 τροφὴ,
3313 2625 3538 2697 ἰδιότητι
3589 2630 3838 2700 κράσεως
3865 2631 3976 2699 τὴν

2397 2707 2601 2782 βλάόην
2622 2713 3060 2782 ἀποφευγόντων,
3087 2718 3246 2773 Ἔστι
3265 2719 3324 2774 δὲ
3349 2721 3491 2776 αὐτὰ
3514 2721 3682 2777 ταῦτα
3704 2725 3761 2778 ὲν
3788 2725 3979 2796 καιρῷ

2394 2818 2528 2857 ποτε
2555 2805 2652 2861 καὶ
2678 2806 2808 2878 ἡμῖν
2838 2809 3104 2882 χρήσιμα.

2467 3071 2689 3142 Ἔχιδνα
2720 3075 2781 3128 τὸ
2800 3076 3187 3146 χαλεπώτατον
3217 3078 3327 3133 τῶν
3355 3081 3598 3153 ἑρπετῶν
3621 3083 3754 3154 πρὸς
3784 3085 3980 3154 γάμον

2393 3162 2609 3236 ἀπαντᾷ
2637 3167 2738 3237 τῆς
2768 3168 3070 3235 θαλασσίας
3117 3172 3409 3244 μυραίνης,
3449 3177 3546 3228 καὶ
3586 3177 3837 3248 συριγμῷ
3865 3178 3980 3248 τὴν

2393 3256 2699 3326 παρουσίαν
2727 3262 3046 3331 σημήνασα,
3073 3264 3385 3321 ἐκκαλεῖται
3431 3269 3600 3338 αὑτὴν
3633 3270 3695 3322 ὲκ
3714 3270 3823 3323 τῶν
3866 3270 3979 3340 βυ-

2392 3347 2500 3400 θῶν
2528 3348 2665 3419 πρὸς
2696 3354 2942 3422 γαμικὴν
2981 3356 3324 3428 συμπλοκήν.
3366 3358 3430 3412 Ἦ
3459 3360 3515 3413 δὲ
3542 3361 3827 3428 ὑπακούει,
3871 3364 3980 3417 καὶ

2390 3439 2609 3496 ἑνοῦται
2633 3441 2712 3515 τῷ
2747 3444 2955 3517 ίοόόλῳ.

2463 3616 2620 3680 Τινὲς
2634 3619 3035 3690 ἀποδημητικοὶ
3051 3622 3160 3677 τῶν
3191 3624 3411 3693 ἰχθύων,
3443 3625 3633 3698 ὥσπερ
3653 3629 3758 3680 άπδ
3781 3633 3975 3684 κοινοῦ

2393 3706 2777 3780 βουλευτηρίου
2811 3713 2948 3783 πρὸς
2992 3715 3092 3786 τὴν
3140 3717 3437 3790 ὑπερορίαν
3484 3720 3846 3790 στελλόμενοι,
3871 3723 3974 3791 ὑφ’

2392 3802 2470 3853 ἐνὶ
2490 3802 2793 3873 συνθήματι
2816 3805 3016 3870 πάντες
3042 3808 3390 3880 ἀπαίρουσιν.
3439 3811 3688 3865 Ἐπειδὰν
3712 3813 3739 3865 ό
3769 3831 3976 3882 τεταγ-

2395 3893 2556 3962 μένος
2585 3896 2773 3966 καιρὸς
2794 3897 2894 3966 τῆς
2913 3899 3163 3968 κυήσεως
3191 3902 3511 3967 καταλάὸοι,
3527 3905 3676 3958 ἄλλοι
3696 3907 3974 3973 αἰγιαλῶν

2391 3983 2606 4038 κόλπων
2651 3987 3055 4056 μεταστάντες,
3108 3992 3189 4062 τῷ
3236 3995 3400 4064 κοινῷ
3429 3995 3528 4065 τῆς
3565 3997 3778 4065 φύσεως
3809 3999 3973 4070 νόμῳ

2390 4074 2760 4145 διεγερθέντες
2790 4080 2882 4132 ἐπὶ
2907 4080 3004 4150 τὴν
3039 4081 3286 4153 βορεινὴν
3314 4086 3624 4154 ἐπείγονται
3654 4086 3967 4144 θάλασσαν.

2389 4167 2498 4220 Καὶ
2547 4168 2676 4232 ἴδοις
2716 4170 2782 4223 ἂν
2809 4174 2950 4226 κατὰ
2993 4174 3084 4228 τὸν
3111 4179 3300 4248 καιρὸν
3326 4178 3426 4248 τῆς
3454 4180 3662 4244 ἀνόδου,
3689 4181 3886 4254 ῶσπερ
3910 4199 3969 4237 τι

2390 4257 2587 4328 ῥεῦμα,
2631 4261 2756 4324 τοὺς
2787 4262 2976 4331 ἰχθύας
3008 4267 3342 4337 ἡνωμένους,
3375 4273 3468 4322 καὶ
3499 4275 3560 4324 ὲκ
3583 4274 3681 4342 τῆς
3715 4275 3971 4344 Προπον-

2387 4350 2530 4414 τίδος
2555 4353 2648 4406 ἐπὶ
2673 4354 2762 4407 τὸν
2787 4355 3041 4421 Εὔξεινον
3079 4360 3320 4428 ῥέοντας.
3369 4363 3465 4425 Τίς
3498 4364 3525 4415 ό
3563 4366 3754 4431 κινῶν;
3809 4371 3969 4421 ποῖον

2389 4443 2714 4514 πρόσταγμα
2747 4446 3037 4514 βασιλέωςς
3070 4468 3196 4504 ποια
3221 4452 3563 4523 διατάγματα
3599 4459 3718 4510 κατ’
3748 4461 3969 4532 ἀγοράν

2315 4534 2686 4629 1)ηπ.λωμιένα
2729 4538 2911 4607 δηλοῑ;
2966 4543 3015 4594 οἰ
3063 4541 3413 4610 ξεναγοῦντες
3453 4547 3634 4615 τίνεςς
3682 4550 3817 4621 ὁρᾷς
3860 4555 3969 4623 τὴν

2389 4625 2541 4679 θείαν
2590 4627 2832 4693 διάταξιν
2877 4633 3055 4688 πάντα
3096 4635 3429 4704 πληροῦσαν,
3465 4643 3558 4694 καὶ
3579 4642 3666 4694 διὰ
3696 4644 3807 4696 τῶν
3838 4663 3968 4714 σμι-

2389 4720 2667 4786 κροτάτων
2723 4722 3053 4792 διήκουσαν;
3122 4729 3272 4798 ἰχθὺς
3331 4733 3430 4784 οὑκ
3474 4736 3746 4803 ἀντιλέγει
3808 4741 3967 4808 νόμῳ

2387 4809 2520 4861 θεοῦ
2541 4851 2554 4876 ,
2581 4815 2675 4864 καὶ
2703 4815 2978 4884 ἄνθρωποι
3006 4822 3292 4890 σωτηρίων
3329 4824 3616 4893 δογμάτων
3647 4829 3749 4880 οὑκ
3767 4833 3968 4901 άνεχὸο

2390 4904 2560 4970 μεθα;
2589 4907 2665 4976 μὴ
2697 4911 3027 4978 καταφρόνει
3057 4912 3162 4964 τῶν
3194 4915 3412 4982 ἰχθύων,
3450 4919 3634 4989 ἐπειδὴ
3662 4921 3834 4987 ἄλογα
3864 4927 3965 4977 καὶ

2385 4997 2577 5064 ἄφωνα
2611 5001 2889 5064 παντελῶς
2910 5016 2924 5035 ο
2958 5003 3092 5056 ἀλλὰ
3121 5006 3310 5072 φοϐοῦ,
3350 5010 3424 5077 μὴ
3465 5011 3556 5062 καὶ
3591 5013 3796 5064 τούτων
3833 5017 3965 5065 ἀλο-

2386 5087 2622 5158 γώτερος
2650 5086 2736 5159 ᾗς,
2759 5095 2823 5160 τῇ
2853 5094 3090 5157 διατάξει
3112 5095 3206 5148 τοῦ
3226 5098 3521 5162 Κτίσαντος
3541 5104 3954 5172 άντιστάμενος.

2388 5181 2585 5232 Ἀκουε
2619 5183 2727 5232 τῶν
2755 5184 2970 5252 ἰχθύων,
3015 5191 3298 5260 μονονουχὶ
3329 5194 3510 5261 φωνὴν
3559 5196 3847 5262 ἀφιέντων,
3885 5199 3958 5250 δι’

2381 5264 2456 5323 ὧν
2485 5273 2752 5336 ποιοῦσιν,
2775 5277 2855 5326 ὅτι
2879 5278 2955 5339 εἰς
2977 5277 3234 5349 διαμονὴν
3258 5282 3350 5333 τοῦ
3378 5285 3586 5349 γένους,
3611 5286 3709 5355 τὴν
3735 5295 3959 5358 μακράν

2381 5364 2586 5432 ταύτην
2618 5367 2928 5435 ἀποδημίαν
2973 5371 3320 5440 στελλόμεθα.
3379 5376 3491 5428 Οὑκ
3554 5378 3769 5447 ἔχουσιν
3823 5383 3960 5435 ἴδιον

2381 5453 2560 5522 λόγον,
2593 5457 2710 5509 ἀλλ’
2755 5459 2936 5527 ἔχουσι
2982 5463 3070 5514 τὸν
3100 5464 3199 5530 τῆς
3248 5468 3458 5531 φύσεως
3503 5469 3666 5539 νόμον
3715 5473 3960 5542 ἰσχυρῶς

2381 5545 2751 5616 ἐνιδρυμένον,
2781 5551 2873 5602 καὶ
2897 5552 2956 5603 τὸ
2978 5555 3250 5622 πρακτέον
3276 5557 3681 5614 ὑποδεικνύντα.
3713 5563 3960 5616 Βαδίσω-

2386 5656 2504 5706 μεν,
2549 5643 2750 5711 φησὶν,
2797 5644 2889 5696 ἐπὶ
2927 5644 2988 5697 τό
3028 5646 3266 5716 βορεινὸν
3313 5651 3564 5718 πέλαγος.
3614 5654 3656 5705 Γ
3657 5654 3959 5725 λυκύτεροι

2384 5734 2488 5800 γὰρ
2516 5733 2614 5802 τῆς
2646 5733 2838 5804 λοιπῆς
2886 5736 3162 5806 θαλάσσης
3199 5741 3374 5794 ἐκεῖνο
3403 5744 3459 5795 τὸ
3497 5745 3658 5815 ὓδωρ,
3695 5748 3826 5799 διέτι
3864 5751 3959 5801 ἐπ’

2382 5827 2576 5892 ὀλίγων
2609 5829 2746 5899 αὐτῇ
2777 5830 3209 5899 προσδιατςίὸων
3247 5835 3273 5884 ὁ
3300 5834 3480 5899 ἰλιος,
3518 5838 3615 5889 οὑκ
3649 5839 3829 5906 ἐξάγει
3856 5842 3958 5892 αὶ-
