4206 6442
209 388 346 449 1573

1533 383 1771 442 SACRA
1812 382 2274 444 PARALLELA.

3321 382 3462 450 ισιι

207 497 300 568 τῆς
328 497 454 550 ὅλον
481 497 572 551 διὰ
598 500 696 564 τῆς
731 497 950 558 ἀκτῖνος
975 494 1032 546 τὸ
1068 493 1317 563 πότιμον.
1352 492 1547 562 Χαίρει
1579 490 1635 543 δὲ
1667 491 1778 553 τοῖς

1881 494 2126 563 pelagus.
2193 492 2414 545 Dulcior
2490 491 2690 561 quippe
2747 505 2887 560 aqua
2940 490 3046 546 ista
3098 499 3184 548 est
3241 492 3460 565 reliquo

208 592 434 660 γλυκέσι
487 593 582 645 καὶ
632 593 700 645 τὰ
748 591 1044 644 θαλάσσια·
1102 590 1226 641 ὅθεν
1258 588 1348 640 καὶ
1379 587 1471 638 ἐπὶ
1498 586 1778 654 ποταμοὺς

206 683 540 750 ἀνανήχεται
567 686 846 744 πολλάκις,
889 683 981 735 καὶ
1014 680 1297 752 πόρρωθεν
1316 679 1592 748 θαλάσσης
1618 676 1780 746 φέρε-

205 793 314 829 ται.
355 775 451 829 Ἐκ
486 777 676 830 τούτου
714 777 1118 848 προτιμώτερος
1149 776 1334 837 αὐτοῖς
1364 776 1393 826 6
1431 775 1632 835 Πόντος
1670 771 1780 822 τῶν

205 866 410 920 λοιπῶν
442 870 561 924 ἐστι
592 870 809 933 κόλπος,
834 870 909 933 ὠς
944 870 1248 939 ἐπιτήδειος
1276 868 1651 937 ἐναποκυῆσαι
1684 863 1781 916 καὶ

203 960 468 1031 ἐκθρέψαι
511 961 579 1014 τὰ
617 961 834 1030 ἔγγονα.
881 961 1131 1014 Ἐπειδὰν
1168 961 1226 1013 δὲ
1269 958 1340 1012 τὰ
1371 955 1780 1025 σπουδαζόμενα

204 1055 523 1118 ἀρκούντως
552 1057 902 1128 ἐκπληρωθῇ,
931 1055 1090 1109 πάλιν
1120 1053 1392 1124 πανδημεὶ
1415 1050 1616 1113 πάντες
1646 1049 1780 1101 ὑπο-

200 1149 536 1218 στρέφουσιν
573 1149 776 1203 οἴκαδε.

1884 586 2021 638 mari
2061 601 2074 634 :
2109 585 2238 655 quia
2263 585 2521 638 nimirum
2552 585 2636 638 sol
2663 585 2807 638 haud
2838 585 3161 639 diuturnam
3189 585 3302 642 illic
3331 601 3455 642 mo-

1885 692 2002 730 ram
2045 678 2294 744 trahens,
2346 693 2444 746 per
2490 677 2675 732 radios
2704 692 2836 732 suos
2872 693 2984 732 non
3031 679 3085 733 id
3124 694 3289 735 omne
3309 679 3460 750 quod

1882 771 2178 836 dulce‘est,
2231 769 2434 823 educit.
2461 769 2629 837 Atqui
2675 784 2737 823 ea
2769 785 2984 839 quoque
3007 770 3314 825 animantia
3331 785 3458 840 qua

1884 860 1938 915 in
2006 861 2140 915 mari
2191 860 2420 930 degunt,
2479 860 2738 915 dulcibus
2779 863 2937 931 aquis
2979 863 3255 932 gaudent;
3311 860 3458 918 unde

1882 951 2045 1006 etiam
2091 951 2160 1006 ad
2214 951 2408 1007 ﬂuvios
2458 951 2778 1021 frequenter
2815 963 3066 1018 enatant,
3107 963 3163 1010 et
3201 954 3451 1025 procula

1882 1046 2018 1099 mari
2049 1046 2321 1101 feruntur.
2353 1046 2474 1110 Quo
2503 1047 2562 1099 t
2597 1053 2659 1099 ut
2683 1043 2976 1100 Ponticum
3002 1047 3188 1102 sinum
3223 1047 3452 1115 reliquis

1879 1139 2136 1195 omnibus
2177 1145 2531 1208 anteponant,
2561 1149 2619 1195 ut
2647 1141 2740 1209 qui
2805 1148 2917 1193 tum
2954 1139 3021 1194 ad
3057 1140 3452 1211 procreandos,

203 1250 317 1294 tum
352 1241 418 1293 ad
442 1243 671 1296 alendus
697 1243 837 1295 fetus
866 1251 1026 1310 aptus
1050 1241 1140 1294 sit.
1181 1237 1280 1294 Ubi
1307 1250 1438 1292 vero
1458 1247 1524 1289 eo
1548 1245 1773 1287 munere
1799 1231 1960 1286 cuius
2000 1231 2185 1286 studio
2224 1231 2552 1288 tenebantur
2613 1233 2890 1304 perfuncti
2945 1242 3096 1298 sunt,
3156 1231 3452 1290 confertim

202 1351 393 1391 omnes
428 1336 652 1388 domum
692 1343 1056 1388 revertuntur.

273 1433 548 1493 Ἤκουσα,
582 1431 662 1482 ὄτι
693 1428 979 1490 θαλάσσιος
1015 1429 1210 1497 ἐχῖνος,
1251 1424 1314 1478 τὸ
1351 1420 1544 1494 μικρὸν
1576 1434 1780 1472 παντεο

203 1525 306 1587 λῶς
339 1524 436 1575 καὶ
461 1524 932 1593 εὐκαταφρόνητον
962 1521 1115 1583 ζῶον,
1167 1517 1483 1578 διδάσκαλος
1520 1514 1780 1574 πολλάκις

204 1617 446 1685 γαλήνης
473 1617 564 1668 καὶ
597 1615 859 1676 κλύδωνος
879 1615 990 1676 τοῖς
1011 1612 1236 1664 πλέουσι
1264 1610 1490 1677 γίνεται.
1520 1608 1616 1668 Ὀς
1647 1607 1776 1658 ὅταν

203 1710 396 1779 προῖδῃ
427 1708 674 1776 ταραχὴν
704 1706 925 1776 ἀνέμου,
952 1704 1160 1774 ψηφίδα
1201 1703 1322 1755 τινὰ
1360 1698 1608 1754 ὑπελθὼν
1648 1714 1773 1766 γεν-

1952 1408 2096 1464 Ibid.
2131 1439 2199 1453 -ι
2230 1407 2344 1465 Hoc
2370 1410 2576 1477 audivi,
2599 1412 2871 1466 marinum
2886 1411 3166 1479 echinum,
3193 1413 3451 1483 exiguum

1878 1499 2012 1556 illud
2042 1516 2273 1571 prorsus
2294 1511 2347 1556 et
2371 1502 2644 1572 abjectum
2676 1504 2905 1567 animal,
2940 1505 3362 1574 tranquillitatis
3394 1513 3450 1560 et

1876 1593 2217 1660 tempestatis
2275 1592 2596 1661 magistrum
2659 1605 2782 1646 sese
2864 1593 3254 1660 navigantibus
3307 1610 3452 1666 saepe

1871 1682 2135 1752 pnebere.
2166 1681 2298 1735 Nam
2320 1697 2443 1736 cum
2498 1689 2782 1736 ventorum
2813 1685 3275 1753 perturbationem
3319 1701 3449 1756 pro-

201 1801 377 1859 ναὶαν,
405 1801 493 1852 ἐπ’
530 1800 667 1868 αύτῇ
686 1798 873 1867 ὥσπερ
900 1798 988 1849 ἐπ’
1010 1794 1256 1865 ἀγκύρας
1279 1791 1511 1863 βεϐαίως
1532 1787 1766 1854 σαλεύει,

1872 1774 2051 1843 spicit,
2101 1789 2316 1842 gravem
2346 1783 2402 1828 et
2430 1774 2688 1827 eximium
2726 1775 2996 1829 calculum
3021 1777 3209 1841 subit,
3258 1778 3450 1848 in‘quo

201 1891 568 1960 κατεχόμενος
596 1891 671 1960 τῷ
695 1889 849 1959 βάρει
879 1887 1017 1958 πρὸς
1046 1886 1106 1940 τὸ
1133 1887 1205 1956 μὴ
1237 1886 1434 1957 ῥᾳδίως
1454 1886 1566 1945 τοῖς
1592 1881 1772 1952 κύμα-

200 2003 281 2038 σιν
307 1985 704 2056 ἁποσύρεσθαι.
736 1983 906 2036 Ίόὖτο
935 1985 1061 2036 ὃταν
1095 1981 1275 2035 ἴδωσιν
1321 1979 1371 2032 οἱ
1434 1977 1680 2031 ναυτικοὶ
1712 1975 1773 2028 τὺ

199 2080 444 2146 σημεῖον,
493 2077 641 2129 ἴσασι
686 2076 787 2145 τὴν
834 2071 1288 2144 προσδοκωμένην
1333 2068 1515 2139 βιαίαν
1555 2067 1771 2136 κίνησιν

200 2167 300 2217 τῶν
339 2167 431 2218 ἁνέ
441 2185 577 2230 μων.

274 2348 333 2400 '0
367 2351 630 2418 καρκῖνος
675 2349 775 2418 τῆς
827 2348 1028 2418 σαρκὸς
1071 2346 1330 2419 ἐπιθυμεῖ
1366 2347 1460 2403 τοῦ
1520 2345 1768 2416 ὀστρέου,

195 2442 326 2496 ἀλλὰ
365 2442 676 2505 δυσάλωτος
710 2444 743 2512 ή
767 2442 910 2512 ἄγρα
941 2440 1090 2511 αὐτῷ
1113 2441 1200 2494 διὰ
1218 2441 1317 2513 τὴν
1355 2438 1647 2511 περιϐολὴν
1673 2437 1767 2492 τοῦ

193 2535 464 2603 ὀστράκου
486 2535 717 2602 γίνεται.
753 2533 1013 2605 Ἀρῤαγεῖ
1039 2532 1147 2604 γὰρ
1173 2533 1326 2605 ’έρκει
1350 2532 1412 2584 τὸ
1443 2530 1650 2585 ἁπαλὸν
1669 2531 1776 2596 τῆς

198 2628 396 2697 σαρκὸς
426 2627 462 2697 ἡ
497 2626 657 2695 φύσις
682 2626 1144 2696 κατησφαλίσατο.
1185 2626 1275 2678 Διὸ
1301 2627 1394 2678 καὶ
1413 2624 1768 2696 ὀστρακόδερ-

199 2735 295 2786 μον
320 2720 780 2788 προσηγόρευται.
814 2719 922 2770 Καὶ
943 2717 1132 2787 ἐπειδὴ
1161 2716 1253 2768 δύο
1274 2717 1585 2786 κοιλότητες
1609 2717 1767 2785 ἀκρι-

194 2809 301 2872 ϐῶς
326 2809 588 2879 ἀλλήλαις
617 2797 1103 2878 προσηρμοσμέναι
1129 2805 1207 2877 τῷ
1236 2807 1443 2877 ὀστρέῳ
1464 2804 1766 2876 περιπτύσ-

198 2920 397 2966 σονται,
425 2902 744 2970 ἀναγκαίως
765 2901 1043 2970 ἄπρακταί
1073 2903 1212 2954 εἰσιν
1241 2902 1295 2954 αί
1323 2900 1485 2970 χηλαὶ
1511 2898 1606 2952 τοῦ
1631 2915 1766 2968 καρ-

197 2994 360 3046 κίνου.
392 2995 458 3046 Τί
499 2988 590 3046 οὖν
621 2995 797 3058 ποιεῖ;
841 2994 969 3045 ὅταν
1000 2992 1086 3065 ἴδῃ
1109 2994 1166 3045 ἐν
1198 2992 1505 3061 ἀπηνέμοις
1543 2990 1767 3062 χωρίοις

197 3085 312 3154 μεθ’
355 3083 555 3153 ἡδονῆς
595 3083 1045 3152 διαθαλπόμενον,
1093 3085 1189 3138 καὶ
1233 3083 1370 3155 πρὸς
1411 3083 1511 3146 τὰς
1538 3083 1766 3144 ἀκτῖνας

1875 1881 1983 1919 non
2011 1881 2172 1920 secus
2202 1880 2267 1918 ac
2300 1866 2356 1919 in
2409 1865 2652 1918 anchora
2680 1864 3151 1922 sine‘discrimine
3178 1867 3295 1922 ullo
3327 1870 3449 1940 agi-

1873 1965 2024 2010 tatur
2061 1975 2074 2010 :
2105 1958 2307 2028 quippe
2343 1957 2436 2027 qui
2469 1957 2642 2029 lapilli
2665 1958 2809 2013 mole
2831 1959 3120 2025 retinetur,
3147 1964 3451 2031 quominus

1875 2047 2095 2105 facilea
2149 2050 2407 2105 ﬂuctibus
2471 2051 2849 2106 abstrahatur.
2899 2051 3054 2119 Quod
3079 2054 3296 2125 signum
3353 2055 3449 2112 ubi

1872 2151 2051 2197 nautae
2076 2159 2432 2213 perspexere,
2466 2144 2593 2197 hinc
2614 2145 2956 2214 exploratum
2988 2145 3192 2202 habent
3256 2149 3450 2221 ingen-

1872 2243 1980 2290 tem
2003 2242 2287 2289 ventorum
2319 2237 2742 2292 commotionem
2778 2237 3117 2306 impendere.

1945 2318 2084 2381 Ibid.
2122 2360 2192 2369 —
2218 2327 2430 2383 Cancer
2481 2330 2649 2384 ostrei
2709 2344 2929 2384 carnem
2961 2331 3186 2401 appetit.
3247 2331 3447 2389 Verum

1871 2429 2034 2491 captu
2083 2420 2327 2476 difficilis
2366 2421 2484 2476 haec
2537 2421 2721 2491 prada
2765 2433 2850 2477 est
2881 2435 3104 2493 propter
3124 2432 3276 2480 testa
3306 2426 3449 2481 inte-

1869 2525 2211 2586 gumentum.
2289 2513 2497 2569 Natura
2551 2515 2830 2583 siquidem
2890 2518 3076 2571 carnis
3157 2517 3448 2573 mollitiem

1870 2610 2028 2664 limo
2061 2610 2473 2679 propugnaculo
2501 2608 2885 2664 communivit.
2917 2607 3074 2663 Unde
3103 2610 3204 2664 hoc
3226 2626 3450 2682 quoque

1868 2702 2307 2772 ὀστρακόδερμον
2355 2702 2679 2771 appellatur.
2714 2702 2793 2756 Ac
2847 2703 3108 2771 quoniam
3145 2703 3268 2758 dum
3299 2705 3448 2758 cavi-

1870 2802 2011 2848 tates
2063 2793 2130 2846 ad
2156 2793 2422 2847 alnussim
2449 2793 2682 2846 invicem
2709 2801 2977 2863 cnaptata:
3008 2801 3250 2848 ostreum
3290 2810 3447 2850 com-

1870 2887 2201 2956 plectuntur,
2258 2885 2384 2939 hinc
2412 2888 2722 2940 necessario
2753 2886 2811 2938 lit
2849 2894 2905 2937 ut
2953 2885 3299 2940 denticulatis
3317 2901 3449 2942 can-

1870 2982 1946 3032 cri
1979 2977 2211 3046 forcipes
2267 2977 2402 3031 nihil
2434 2977 2657 3031 omnino
2698 2976 2966 3031 conﬁcere
3014 2977 3247 3047 possint.
3303 2978 3447 3046 Quid

1869 3086 2001 3141 ergo
2049 3070 2218 3125 facit?
2247 3070 2382 3124 Cum
2425 3078 2669 3124 ostreum
2702 3070 2755 3124 in
2793 3070 2858 3124 iis
2887 3071 3021 3124 locis
3051 3087 3174 3140 qua:
3212 3086 3241 3123 a
3267 3071 3445 3127 ventis

194 3176 282 3228 τοῦ
311 3177 462 3247 ήλίου
483 3177 584 3240 τὰς
611 3176 820 3246 πτύχας
846 3175 1040 3229 ἑαυτοῦ
1067 3174 1454 3230 διαπλώσαντα
1471 3219 1484 3243 ,
1520 3177 1642 3229 τότε
1665 3175 1762 3227 λά-

1871 3172 2077 3216 remota
2128 3173 2278 3224 sunt,
2309 3161 2682 3216 amoenissime
2708 3176 2767 3215 se
2801 3161 3006 3222 fovere,
3046 3170 3214 3230 atque
3245 3161 3312 3214 ad
3346 3176 3442 3216 so-

194 3269 524 3340 θραλψηφίδα
555 3270 926 3337 παρεμϐαλὼν
960 3272 988 3321 ό
1013 3273 1273 3339 καρκίνος
1296 3309 1310 3332 ,
1347 3268 1635 3321 διακωλύει
1668 3267 1765 3338 τὴν

197 3360 520 3431 σύμπτυξιν,
549 3361 641 3414 καὶ
674 3362 987 3432 εὑρίσκεται
1009 3361 1068 3413 τὸ
1101 3360 1348 3413 ἐλλεῖπον
1367 3361 1464 3429 τῆς
1484 3360 1766 3429 δυνάμεως

194 3454 273 3506 διὰ
297 3456 392 3522 τῆς
434 3454 675 3516 ἐπινοίας
716 3454 1148 3522 περιγινόμενον.
1192 3451 1342 3521 Αὕτη
1401 3451 1629 3522 ἡκακία
1655 3448 1764 3504 τῶν

196 3546 328 3614 μήτε
359 3545 543 3613 λόγου,
577 3546 715 3615 μήτε
750 3545 936 3614 φωνῆς
968 3544 1322 3615 μετεχόντων.

263 3724 373 3776 Οὐκ
397 3723 464 3776 ἂν
491 3725 750 3795 παρέλθοι
778 3742 867 3794 μοι
885 3724 948 3776 τὺ
975 3723 1070 3776 τοῦ
1100 3723 1400 3786 πολύποδος
1425 3722 1642 3793 δολερὸν
1666 3723 1763 3776 καὶ

197 3816 507 3876 ἐπίπλοκον,
542 3818 570 3868 ὂ
597 3817 756 3887 ὁποίᾳ.
801 3817 931 3870 ποτὲ
967 3816 1033 3871 ἂν
1076 3816 1253 3888 πέτρᾳ
1301 3815 1638 3887 περιπλακῇ,
1666 3815 1765 3884 τὴν

197 3909 405 3977 ἐκείνης
453 3908 719 3977 Διῖι-πέχετιιι
772 3907 960 3978 χρόαν,
1008 3907 1148 3960 ὥστε
1205 3908 1331 3969 τοὺς
1385 3906 1617 3967 πολλοὺς
1653 3908 1763 3958 τῶν

200 4002 389 4070 ἰχθύων
425 4003 752 4071 ἁπροόπτως
779 4001 1114 4071 νηχομένους
1141 3999 1219 4070 τῷ
1246 3999 1505 4052 πολύποδι
1536 3999 1760 4068 περιπί-

196 4111 365 4155 πτειν,
386 4097 452 4164 τῇ
485 4095 657 4164 πέτρᾳ
689 4092 872 4163 δῆθεν,
912 4091 1008 4145 καὶ
1039 4092 1226 4162 ἕτερον
1250 4090 1505 4158 γενέσθαι
1536 4077 1760 4162 θήραμα

192 4186 265 4257 τῷ
289 4187 600 4256 πανούργῳ.

262 4280 468 4348 Γαῦρον
511 4281 538 4330 6
580 4276 912 4347 ἁλεκτρυὼν,
958 4274 1248 4344 φιλόκαλον
1276 4275 1320 4327 .6
1362 4273 1527 4340 ταὼς,
1566 4273 1757 4343 λάγνοι

196 4370 534 4440 περιστεραὶ,
567 4370 660 4421 καὶ
711 4371 766 4422 αἱ
813 4368 1129 4420 κατοικίδιοι
1185 4366 1366 4436 ὄρνεις
1420 4366 1515 4420 ἐπὶ
1555 4365 1759 4429 παντὸς

193 4463 381 4531 καιροῦ
433 4463 496 4514 τὸ
551 4460 902 4513 συνουσιακὺν
941 4459 1188 4529 ἔχουσαι*
1241 4457 1456 4528 δολερὸν
1486 4458 1515 4510 6
1560 4457 1755 4527 πέρδιξ

1868 3257 1936 3308 lis
1995 3255 2178 3309 radios
2227 3255 2598 3308 concuvitates
2660 3269 2791 3308 suas
2852 3255 3124 3323 explicare
3155 3254 3439 3325 perspicit,

1865 3353 1979 3397 tum
2019 3342 2208 3397 furtim
2266 3343 2466 3413 injecto
2488 3343 2705 3396 calculo
2727 3345 2986 3412 prohibet
3024 3360 3092 3398 ne
3121 3360 3318 3400 rursus
3343 3359 3444 3400 eas

1863 3437 2184 3506 complicet,
2234 3443 2397 3503 atque
2440 3436 2514 3489 ita
2543 3436 2594 3490 id
2639 3436 2783 3506 quod
2836 3437 3047 3491 viribus
3077 3437 3282 3502 deerat,
3308 3438 3442 3493 arti-

1865 3530 1990 3582 licio
2044 3538 2208 3598 atque
2266 3527 2543 3583 industria
2584 3529 2891 3598 suppletur.
2926 3529 3054 3584 Haec
3105 3538 3190 3585 est
3229 3532 3438 3587 malitia

1863 3634 2053 3672 eorum
2076 3635 2196 3687 qua:
2226 3635 2326 3673 nec
2350 3634 2537 3673 vocem
2572 3635 2671 3674 nec
2703 3619 2971 3674 rationem
3000 3620 3231 3675 habent..

1939 3709 2133 3780 Ejusd.
2165 3741 2235 3752 --
2268 3710 2380 3765 Nec
2445 3726 2571 3765 vero
2611 3720 2786 3766 astum
2836 3714 3435 3787 versutiamquepolypi

1863 3804 2084 3858 silentio
2109 3804 2450 3874 praeteriero,
2473 3805 2563 3873 qui
2596 3805 2663 3858 ad
2695 3805 3066 3875 quodcunque
3104 3822 3301 3861 saxum
3338 3807 3439 3860 ad-

1863 3890 2104 3955 haeserit,
2147 3895 2292 3950 illius
2341 3896 2577 3950 colorem
2624 3896 2795 3950 subit.
2836 3896 2912 3950 Ex
2949 3913 3058 3964 quo
3091 3899 3324 3952 eﬂicitur
3374 3907 3437 3954 ut

1864 3987 2019 4040 multi
2053 3985 2212 4057 527
2238 3987 2418 4056 pisces
2442 3989 2738 4059 improviso
2764 3999 3038 4050 natantes.
3061 3992 3114 4044 in
3145 4006 3268 4046 eum
3311 3999 3435 4045 tan-

1861 4093 2024 4147 quam
2054 4080 2106 4132 in
2131 4094 2321 4133 saxum
2352 4081 2618 4143 incidant,
2644 4082 3050 4152 veteratorique
3072 4083 3147 4138 illi
3177 4084 3432 4154 protinus

1861 4173 1915 4226 in
1938 4171 2172 4242 praedam
2214 4171 2431 4228 cedant.

1935 4263 2127 4332 Ejusd.
2151 4262 2336 4317 homil.
2369 4263 2422 4317 8.
2450 4295 2518 4304 —-
2542 4262 2786 4333 Superbe
2810 4264 2983 4332 gallus
3027 4264 3279 4335 graditur
3305 4267 3424 4336 gal-

1863 4359 2127 4422 linaceus,
2180 4356 2400 4411 decoris
2452 4367 2539 4411 est
2570 4357 2857 4411 studiosus
2898 4370 3058 4425 pavo,
3099 4358 3313 4413 salaces
3336 4373 3429 4412 co-

1866 4453 2064 4507 lumbae
2126 4465 2190 4504 ac
2216 4451 2534 4506 domestica:
2566 4451 2838 4511 volucres,
2875 4460 2935 4504 ut
2962 4454 3254 4518 quaomni
3285 4462 3426 4507 tem-

196 4556 286 4608 καὶ
319 4554 638 4626 ζηλότυπον,
674 4555 997 4624 κακούργως
1031 4551 1399 4623 συμπράττων
1429 4552 1545 4615 τοῖς
1569 4551 1760 4623 θηρευ-

1869 4560 1991 4615 pore
2025 4545 2299 4615 proclives
2334 4545 2388 4597 in
2426 4559 2677 4597 venerem
2699 4543 2844 4610 sint;
2873 4544 3075 4599 callida
3096 4552 3152 4598 et
3178 4547 3435 4642 zelotypa.

193 4648 306 4708 ταῖς
333 4647 469 4716 πρὸς
499 4645 597 4716 τὴν
629 4645 826 4715 ἄγραν.

259 4824 378 4875 Τῶν
418 4823 688 4892 μελισσῶν
716 4823 870 4894 κοινὴ
903 4823 1000 4894 μὲν
1044 4825 1078 4892 ἠ
1135 4824 1368 4894 οἴκησις,
1420 4824 1654 4894 ἐργασία
1700 4825 1758 4877 δὲ

193 4916 403 4969 πάντων
455 4917 576 4984 μία⁹
627 4916 808 4967 καὶτὸ
841 4917 1095 4984 μέγιστον
1132 4917 1213 4968 ὅτι
1254 4917 1358 4969 ὑπὸ
1408 4916 1619 4986 βασιλεί
1660 4917 1758 4970 καὶ

193 5009 396 5078 ἐξάρχω
421 5009 529 5060 τινὶ
571 5009 680 5062 τῶν
725 5008 901 5077 ἔργων
935 5009 1217 5072 ἅπτονται,
1245 4999 1305 5061 οὗ
1338 5011 1605 5080 πρότερον
1644 5028 1745 5063 κα-

192 5103 530 5170 ταδεχόμενοι
593 5103 684 5154 ἐπὶ
745 5103 870 5164 τοὺς
913 5102 1182 5171 λειμῶνας
1237 5103 1431 5166 ἐλθεῖν,
1498 5104 1628 5172 πρὶν
1682 5104 1752 5157 ἂν

195 5195 368 5246 ίδωσιν
398 5194 738 5263 κατάρξαντα
775 5198 865 5249 τὸν
911 5196 1135 5265 βασιλέα
1179 5197 1275 5264 τῆς
1321 5199 1594 5266 πτήσεως.
1639 5196 1753 5249 Καὶ

193 5283 330 5334 ἔστιν
369 5287 560 5347 αὑταῖς
593 5285 651 5336 ού
685 5287 1052 5356 χειροτόνητος
1081 5289 1108 5339 ὁ
1155 5285 1403 5355 βασιλεύς
1425 5305 1437 5317 ο
1489 5286 1751 5349 πολλάκις

192 5377 294 5444 γὰρ
323 5379 416 5429 καὶ
456 5379 694 5447 ἀκρασία
721 5391 744 5418 ι
783 5378 957 5448 δήμου
1001 5379 1093 5431 τὸν
1127 5380 1398 5449 χείριστον
1445 5380 1525 5438 είς
1573 5380 1749 5448 ἀρχὴν

193 5470 555 5537 προεστήσατο
577 5485 589 5497 °
623 5467 743 5521 οὐδὲ
792 5469 1082 5538 κληρωτὴν
1112 5469 1247 5538 ἔχων
1296 5469 1396 5539 τὴν
1450 5467 1698 5532 ἐξουσίαν
1732 5485 1748 5501 θ

191 5556 363 5625 ἄλογοι.
399 5558 508 5628 γὰρ
540 5563 594 5613 αἱ
630 5562 909 5632 συντυχίαι
953 5562 1061 5614 τῶν
1090 5561 1328 5631 κλήρων,
1361 5561 1455 5614 ἐπὶ
1484 5559 1573 5612 τὸν
1608 5560 1747 5613 πάν-

1860 4637 2073 4708 perdix,
2128 4651 2250 4707 quae
2348 4637 2584 4692 subdole
2668 4637 3026 4693 venatoribus
3079 4653 3303 4708 operam
3355 4637 3427 4694 ad

1856 4732 2098 4803 praedam
2139 4739 2320 4786 navet.

1923 4825 2228 4880 Commune
2300 4824 2498 4894 apibus
2541 4824 2885 4880 domicilium
2942 4833 3048 4889 est,
3114 4825 3428 4881 communis

1855 4919 2103 4972 omnium
2162 4917 2346 4981 labor;
2383 4916 2649 4987 quodque
2699 4919 2947 4973 omnium
2997 4919 3298 4972 maximum
3321 4927 3425 4980 est.

1857 5013 1958 5067 sub
1997 5027 2109 5066 uno
2135 5027 2260 5082 rege
2286 5019 2337 5065 et
2366 5012 2623 5081 principe
2661 5027 2860 5082 operas
2890 5021 3211 5082 capessunt.
3242 5011 3428 5084 Neque

1856 5103 2001 5158 enim
2038 5103 2193 5173 prius
2240 5103 2307 5156 ad
2348 5111 2506 5171 prata
2537 5120 2599 5158 se
2629 5107 2884 5159 conl'erre
2909 5105 3209 5167 sustinent,
3257 5119 3423 5175 quam

1854 5211 2036 5264 regem
2087 5195 2336 5250 avoiasse
2391 5195 2788 5253 viderinl.Nec
2834 5211 2966 5250 vero
3008 5195 3273 5264 apudeas
3306 5194 3424 5250 suf-

1856 5287 2047 5356 fragiis
2074 5302 2170 5342 rex
2207 5295 2429 5342 creatur
2458 5288 2807 5360 (frequenter
2847 5288 2992 5342 enim
3026 5287 3209 5357 papuli
3238 5302 3426 5342 vecor-r

1857 5377 1948 5431 dia
1976 5379 2177 5434 factum
2207 5386 2291 5432 est
2329 5385 2390 5431 ut
2421 5379 2515 5448 qui
2551 5379 2828 5448 pessimus
2854 5387 3001 5434 esset
3029 5380 3095 5432 ad
3130 5378 3425 5447 imperium

1857 5468 2286 5539 ascisceretur),
2334 5483 2435 5524 nec
2474 5485 2674 5524 rursus
2708 5471 2907 5524 sortito
2942 5469 3236 5538 imperium
3276 5467 3426 5522 obti-

1856 5569 1948 5615 net
2000 5562 2060 5631 (a
2083 5561 2295 5616 ratione
2320 5560 2521 5630 quippe
2556 5560 2733 5614 aliena
2763 5567 2892 5615 sunt
2943 5573 3065 5629 quae
3097 5566 3244 5613 sorte
3286 5571 3424 5612 con-

1481 5734 1714 5791 VAlll/E
1752 5735 2157 5792 LECTIONES.

261 5839 285 5868 ι
310 5828 445 5886 Edit.
470 5832 676 5897 Basilii,
706 5835 946 5903 ἀκρισια.
