4206 6442
236 406 366 468 15ἷῖ

1524 401 1759 460 SACRA
1797 401 2228 461 PARALLELA
2243 447 2255 460 .

3329 404 3467 470 1578

232 526 422 589 δημείν
474 525 589 584 τοῖς
630 521 752 590 τῇδε
801 517 1036 588 χωρίοις,
1079 516 1219 568 οὓτω
1257 514 1312 566 δὲ
1350 515 1436 583 ὑφ’
1478 514 1558 566 ἐνὶ
1605 511 1798 582 συνθή-
1826 518 1872 572 Α

1826 518 1872 572 Α
1901 512 2176 581 sapientia
2206 520 2471 566 remotum
2500 513 2601 568 hoc
2621 529 2793 585 genus
2817 513 3104 568 volucrum
3128 524 3232 570 est.
3266 515 3470 572 Omnes

234 633 366 684 ματι
424 617 628 676 πάντας
681 613 956 682 ἀπαίρειν.
991 607 1355 679 Δορυφοροῦσι
1400 607 1457 660 δὲ
1501 605 1699 668 αὐτοὺς
1740 608 1794 658 αἱ

232 709 360 776 παρ’
388 707 519 775 ἡμῖν
556 705 806 774 κορῶναι,
840 703 934 754 καὶ
964 699 1451 770 παραπέμπουσιν,
1476 697 1599 766 ἐμοὶ
1626 697 1792 758 δοκεῖ,

230 803 324 853 καὶ
359 799 679 867 συμμαχίαν
715 794 839 848 τινὰ
879 793 1195 863 ποιούμεναι
1227 791 1364 863 πρὸς
1396 789 1615 860 ὄρνιθας
1647 789 1799 842 πολε-

233 890 412 958 μίους.
446 890 676 960 Σημείον
703 887 762 940 δέ
789 886 1004 959 πρῶτον
1039 885 1137 955 μὲν
1166 885 1228 938 τὸ
1267 883 1343 953 μὴ
1376 882 1656 950 φαίνεσθαι
1693 881 1797 934 ὑπὸ

229 981 321 1032 τὸν
350 982 541 1051 καιρὸν
580 983 784 1032 ἐκεῖνον
830 976 1077 1048 κορώνην
1121 976 1461 1029 παντάπασιν
1487 992 1498 1004 ·
1527 975 1716 1025 ἔπειτα
1739 973 1798 1026 δὲ

229 1073 310 1124 ὅτι
341 1073 482 1142 μετὰ
505 1072 829 1140 τραυμάτων
849 1068 1294 1139 ἐπανερχόμεναι,
1324 1065 1524 1134 ἐναργῆ
1549 1064 1643 1116 τοῦ
1675 1081 1796 1116 συν-

230 1162 507 1233 ασπισμοῦ
545 1165 640 1217 καὶ
673 1163 772 1231 τῆς
795 1162 1110 1232 συμμαχίας
1137 1158 1208 1212 τά
1242 1162 1442 1228 σημεῖα
1491 1157 1792 1226 κομίζουσι.

229 1260 327 1321 Τίς
362 1259 494 1328 παρ’
514 1259 702 1320 αὑταῖς
723 1257 844 1318 τοὺς
871 1256 970 1326 τῆς
997 1253 1294 1323 φιλοξενίας
1316 1254 1531 1322 διώρισε
1562 1252 1792 1320 νόμους;

228 1350 324 1412 Τίς
340 1350 533 1412 αὑταῖς
550 1347 842 1418 ἠπείλησεν
857 1348 1193 1412 λειποταξίου
1213 1345 1446 1416 στρατοῦ
1469 1346 1706 1415 γραφὴν,
1721 1343 1797 1407 ὡς

229 1442 507 1511 μηδεμίαν
521 1441 908 1494 ἀπολείπεσθαι
923 1441 1022 1509 τῆς
1042 1442 1400 1509 προπομπῆς;
1431 1439 1484 1491 Ἀ
1494 1440 1795 1491 κουέτωσαν

225 1533 275 1584 οἱ
300 1531 608 1598 κακόξενοι,
636 1531 810 1599 οἰοτάς
829 1531 996 1602 θύρας
1023 1532 1314 1593 κλείοντες.
1331 1533 1422 1584 καὶ
1444 1531 1577 1600 μηδὲ
1598 1531 1796 1598 στέγης

227 1625 286 1676 ἐν
323 1624 556 1693 χειμῶνι
599 1625 692 1676 καὶ
713 1624 866 1675 νυκτὶ
894 1627 1005 1687 τοῖς
1040 1622 1363 1690 ἐπιδημοῦσι
1402 1622 1790 1691 μεταδιδόντες.

236 1717 301 1769 Ἦ
327 1717 385 1770 δὲ
421 1719 551 1788 περὶ
581 1719 706 1780 τοὺς
731 1717 1078 1788 γηράσαντας
1104 1715 1211 1768 τῶν
1257 1715 1541 1785 πελαργῶν
1572 1717 1794 1784 πρόνοια

225 1809 451 1880 ἐξαρκεῖ
487 1810 611 1872 τοὺς
653 1811 846 1873 παῖδας
891 1809 1066 1880 ἡμῶν,
1099 1810 1148 1860 εἰ
1181 1808 1466 1878 προσέχειν
1499 1807 1790 1874 βούλοιντο,

1899 606 2086 674 itaque
2146 620 2258 658 uno
2317 606 2624 676 eodemque
2677 617 2925 677 tempore
2977 607 3044 660 ad
3078 607 3178 662 has
3213 611 3470 680 regiones

1897 707 2240 762 commeant,
2269 714 2334 752 ac
2363 714 2562 753 rursus
2597 700 2722 752 inde
2768 716 2962 754 omnes
3010 700 3158 754 velut
3204 716 3314 755 uno
3338 701 3470 756 dato

1898 781 2058 858 signo
2091 796 2149 842 et
2183 791 2440 843 condicto
2478 789 2762 843 recedunt.
2808 792 3022 860 Stipant
3065 805 3231 860 porro
3277 807 3371 847 eas
3414 801 3471 848 et

1899 883 2292 950 prosequendo
2344 881 2630 937 deducunt
2661 891 2861 935 nostra:
2914 885 3187 947 cornices,
3219 884 3345 938 belli
3377 899 3470 939 so-

1899 973 2099 1028 cietate
2141 976 2483 1043 quadam,nt
2527 991 2673 1037 reor,
2705 977 2972 1030 adversus
3031 976 3285 1031 inimicas
3338 991 3470 1032 aves

1897 1064 2062 1120 facta.
2114 1067 2454 1137 Argumento
2512 1069 2646 1120 illud
2700 1077 2794 1127 snt,
2854 1068 3089 1136 primum
3124 1071 3268 1138 quod
3313 1069 3471 1123 nulla

1897 1161 2122 1212 omnino
2145 1173 2210 1211 eo
2256 1168 2502 1226 tempore
2534 1161 2724 1212 cornix
2757 1168 3052 1225 cernatur;
3085 1160 3282 1214 deinde
3322 1165 3471 1230 quod

1895 1265 2019 1303 cum
2060 1250 2385 1305 vulneribus
2478 1251 2794 1313 redeuntes,
2836 1253 3131 1322 perspicua
3156 1270 3471 1325 propugna-

1899 1341 2065 1397 tionis
2091 1350 2145 1394 et
2183 1341 2495 1395 commilitii
2555 1343 2711 1412 signa
2769 1343 3031 1398 referant.
3083 1345 3289 1415 Ecquis
3335 1363 3470 1403 vero

1895 1434 2040 1504 apud
2095 1450 2192 1490 eas
2242 1434 2641 1502 hospitalitatis
2666 1438 3006 1507 praescripsit
3047 1438 3233 1508 leges?
3265 1439 3470 1510 Ecquis

1894 1528 2127 1582 deserta:
2160 1525 2369 1581 militiae
2390 1527 2727 1582 delationem
2763 1534 3137 1586 comminatus
3161 1541 3266 1595 est,
3306 1543 3365 1586 ut
3397 1549 3470 1588 ne

1893 1635 2002 1688 qua
2052 1621 2120 1673 ab
2170 1620 2274 1673 hoc
2305 1621 2570 1674 comitatu
2613 1621 2793 1675 absit?
2822 1622 3065 1676 Audiant
3123 1625 3239 1679 haec
3269 1627 3360 1694 qui
3398 1627 3468 1679 ab

1894 1712 2286 1782 hospitalitatis
2333 1713 2520 1769 studio
2574 1713 2899 1780 abhorrent,
2961 1717 3055 1786 qui
3121 1716 3274 1772 fores
3335 1733 3466 1774 suas

1894 1805 2178 1867 claudunt,
2214 1821 2279 1860 ac
2306 1822 2375 1860 ne
2412 1813 2617 1860 tectum
2645 1807 2867 1876 quidem
2904 1811 2958 1863 in
2985 1809 3163 1865 hieme
3191 1809 3469 1882 noctuque

224 1902 594 1972 φιλοπάτορας
633 1903 990 1971 καταστῆσαι.
1042 1902 1262 1963 Πάντως
1295 1901 1402 1968 γάρ
1426 1899 1597 1960 οὐδεὶς
1623 1898 1794 1960 οὕτως
1827 1889 1867 1947 Β

1827 1889 1867 1947 Β
1896 1900 2636 1969 peregrinisimpertiuntur.
2680 1902 2750 1954 At
2776 1917 2906 1956 vero
2949 1903 3291 1959 ciconiarum
3332 1921 3466 1976 erga

224 1996 491 2048 ἐλλείπων
529 1995 671 2048 κατὰ
701 2002 798 2064 τὴν
831 1995 1113 2064 φρόνησιν,
1143 1993 1217 2053 ὡς
1249 1993 1324 2063 μὴ
1354 1990 1613 2061 αἰσχύνης
1641 1989 1790 2054 ἄξιον

224 2089 434 2157 κρίνειν
458 2086 567 2140 τῶν
589 2086 941 2155 ἀλογωτάτων
963 2084 1187 2154 ὀρνίθων
1205 2081 1506 2152 ὑστερίζειν
1527 2081 1644 2134 κατ’
1665 2084 1792 2150 ἁρε-

220 2181 340 2249 τήν.
386 2180 613 2231 Ἐκεῖνοι
664 2177 769 2248 γὰρ
814 2179 903 2230 τὸν
952 2179 1164 2246 πατέρα
1202 2174 1306 2227 ὑπὸ
1340 2177 1521 2245 γήρως
1561 2174 1790 2242 πτερορο

221 2274 508 2343 ρυήσαντα
555 2273 612 2323 ἐν
650 2271 833 2340 κύκλῳ
866 2273 976 2333 τοῖς
1013 2269 1235 2331 οἰκείοις
1269 2271 1486 2337 πτεροῖς
1533 2265 1790 2335 περιϐάλ-

221 2381 440 2428 πουσιν,
478 2363 573 2416 καὶ
603 2363 700 2424 τὰς
733 2362 938 2433 τροφάς
977 2359 1225 2428 ἀφθόνως
1259 2356 1787 2427 παρασκευάζοντες,

218 2457 316 2526 τὴν
345 2455 583 2526 δυνατὴν
604 2456 697 2508 καὶ
722 2457 779 2507 ἐν
807 2457 872 2525 τῇ
912 2454 1108 2524 πτήσει
1139 2450 1617 2523 παρασκευάζουσι
1662 2448 1792 2519 βοή-

217 2549 397 2608 θειαν,
415 2550 596 2618 ἡρέμα
619 2549 696 2619 τῷ
718 2547 900 2618 πτερῴ
925 2549 1272 2618 κουφίζοντες
1292 2544 1651 2614 ἑκατέρωθεν.
1684 2542 1792 2594 Καὶ

216 2639 364 2693 οὕτω
399 2640 556 2693 τοῦτο
590 2640 739 2711 παρα
780 2642 913 2692 πᾶσι
943 2639 1316 2708 διαϐεϐόηται,
1347 2637 1486 2690 ὥστε
1517 2635 1617 2706 ἥδη
1649 2633 1790 2696 τινὲς

217 2733 319 2802 τὴν
366 2733 476 2785 τῶν
535 2734 988 2804 εὐεργετημάτων
1039 2731 1393 2785 ἀνταπόδοσιν
1439 2725 1790 2794 ἁντιπελάρ-

218 2838 410 2890 γωσιν
432 2823 742 2892 ὀνομάζειν.

1898 1992 2019 2044 illas
2069 2009 2190 2060 qua:
2245 2001 2662 2047 consenuerunt
2711 1993 2956 2049 studium
2993 2004 3048 2049 et
3081 2011 3214 2050 cura
3240 1986 3490 2064 sufficit,-

1896 2081 1961 2133 ad
1996 2082 2164 2147 filios,
2206 2082 2251 2136 si
2279 2081 2518 2151 adjicere
2551 2085 2795 2138 animum
2847 2086 3038 2154 velint,
3074 2088 3140 2141 ad
3174 2100 3464 2157 parentum

1894 2188 2133 2228 amorem
2169 2175 2516 2232 excitandos.
2560 2177 2801 2230 Omnino
2839 2179 2985 2232 enim
3021 2195 3183 2234 nemo
3211 2189 3322 2234 tam
3351 2185 3466 2235 cxi-

1891 2281 1997 2335 gua
2053 2265 2318 2336 praeditus
2360 2268 2652 2338 prudentia
2697 2278 2800 2332 est,
2834 2272 2926 2340 qui
2975 2287 3085 2325 non
3116 2281 3280 2341 turpe
3341 2289 3465 2328 esse

1890 2367 2181 2412 censeata
2241 2359 2622 2416 stolidissimis
2675 2363 2873 2417 avibus
2935 2364 3140 2417 virtute
3190 2368 3460 2435 superari.

1894 2447 2183 2504 Enimvero
2231 2458 2442 2520 patrem
2495 2451 2602 2506 illa;
2643 2469 2758 2522 prae
2793 2463 3014 2509 senecta
3051 2455 3369 2525 implumem
3407 2459 3461 2512 in

1889 2542 2078 2596 orbem
2136 2543 2589 2609 circumstantes,
2642 2549 2841 2616 pennis
2889 2549 3006 2604 suis
3055 2551 3374 2615 confoveat,
3409 2561 3465 2606 et

1890 2631 2118 2700 copiosa
2178 2635 2284 2704 ipsi
2330 2637 2588 2691 alimenta
2635 2638 3149 2704 subministrantes,
3185 2644 3238 2697 in
3273 2647 3457 2699 volatu

1895 2740 2137 2795 quoque,
2171 2743 2334 2798 quam
2388 2738 2645 2799 possunt,
2679 2747 2838 2801 opem
2898 2732 3104 2798 ferunt,
3142 2738 3461 2809 sensimque

1896 2832 1960 2872 ac
1993 2817 2188 2875 leviter
2231 2835 2357 2875 eum
2411 2823 2625 2891 pennis,
2660 2824 2778 2878 suis
2842 2826 3103 2897 utrinque
3151 2829 3457 2884 sublevant.

217 2920 402 2987 Atque
447 2919 549 2972 hoc
603 2921 674 2971 ita
724 2919 1000 2972 hominum
1049 2917 1402 2972 sermonibus
1434 2915 1766 2971 celebratum
1820 2920 1926 2977 est,
1987 2924 2045 2968 ut
2107 2917 2272 2970 etiam
2336 2917 2585 2972 nonnulli
2652 2928 3002 2989 acceptorum
3068 2921 3457 2978 beneficiorum

218 3011 628 3063 retaliationem
661 3008 1130 3078 ἁντιπελάργωσιν
1157 3009 1494 3078 appellitent.

287 3104 496 3172 Μηδεὶς
563 3103 754 3155 πενίαν
805 3103 1102 3173 όδνρέσθω,
1171 3104 1306 3173 μηδέ
1370 3102 1862 3172 άπογινωσκέτωϐ

216 3195 415 3248 ἑαυτοῦ
437 3195 535 3263 τὴν
562 3195 725 3265 ζωὴν,
752 3198 779 3248 ὀ
813 3196 1078 3265 μηδεμίαν
1111 3197 1248 3248 οἴκοι
1279 3196 1595 3265 περιουσίαν
1619 3211 1789 3248 κατα-

217 3288 414 3353 λιπὼν,
461 3289 594 3357 πρὸς
650 3290 711 3340 τὸ
759 3290 856 3359 τῆς
892 3289 1154 3358 χελιδόνος
1200 3289 1506 3356 εὐμήχανον
1561 3285 1793 3337 ἀποϐλέ-

216 3399 358 3432 πων.
407 3381 618 3450 Ἐκείνη
663 3380 772 3450 γάρ
824 3381 922 3449 τὴν
972 3379 1162 3431 καλιὰν
1211 3377 1648 3448 πηγνυμένη,τά
1693 3377 1792 3444 μὲν

216 3471 408 3539 κάρφη
449 3469 527 3538 τῷ
580 3470 808 3538 στόματι
849 3469 1174 3538 διακομίζει,
1208 3467 1376 3537 πηλὸν
1411 3468 1467 3519 δὲ
1499 3469 1607 3530 τοῖς
1634 3469 1790 3519 ποσὶν

215 3556 349 3629 ἆραι
389 3558 462 3629 μὴ
495 3559 786 3629 δυναμένη,
817 3559 886 3610 τά
923 3562 1066 3628 ἄκρα
1091 3559 1200 3610 τῶν
1239 3559 1412 3610 ποδῶν
1444 3557 1594 3610 ὕδατι
1622 3576 1784 3612 καταο

215 3651 480 3720 ϐρέξασα,
541 3647 658 3703 εἶτα
727 3653 793 3720 τῇ
868 3649 1169 3720 λεπτοτάτῃ
1232 3652 1375 3702 κόνει
1428 3648 1781 3717 ἐνειληθείσα,

215 3741 390 3804 οὕτως
424 3743 629 3793 ἐπινοεῖ
655 3739 749 3794 τοῦ
782 3741 952 3810 πηλοῦ
988 3743 1085 3811 τὴν
1126 3743 1337 3810 χρείαν,
1375 3743 1470 3794 καὶ
1523 3742 1665 3792 κατὰ
1700 3758 1786 3810 μι-

217 3836 350 3904 κρὸν
399 3834 650 3903 ἀλλήλοις
701 3837 770 3885 τά
813 3834 999 3903 κάρφη
1046 3829 1158 3886 οἷον
1204 3834 1364 3903 κόλλῃ
1392 3834 1496 3884 τινὶ
1523 3833 1600 3902 τῷ
1631 3833 1784 3903 πηλῷ

217 3923 550 3994 συνδήσασα,
575 3926 634 3976 ἐν
655 3926 790 3995 αὐτῇ
816 3927 942 3988 τοὺς
966 3926 1219 3988 νεοσσοὺς
1256 3925 1530 3995 ἐκτρέφει.
1564 3920 1663 3980 ⁷Ων
1689 3927 1783 3978 ἐάν

215 4035 300 4078 τις
331 4019 633 4087 ἐκκεντήσῃ
681 4019 750 4070 τὰ
788 4017 1033 4086 ὄμματα,
1067 4018 1179 4088 ἕχει
1219 4018 1336 4070 τινὰ
1372 4018 1522 4086 παρὰ
1548 4019 1646 4088 τῆς
1681 4020 1783 4077 φύ-

218 4129 359 4174 σεως
388 4114 651 4181 ἰατρείαν,
695 4111 760 4163 δι’
801 4109 868 4182 ἧς
906 4112 1040 4181 πρὸς
1088 4112 1276 4179 ὑγείαν
1323 4113 1646 4184 ἐπαναγάγῃ
1675 4113 1784 4162 τῶν

215 4203 457 4271 ἐγγόνων
510 4203 608 4265 τὰς
657 4203 826 4271 ὄψεις.
879 4203 1064 4257 Ταῦτά
1112 4220 1170 4256 σε
1223 4204 1542 4256 νουθετείτω
1578 4206 1652 4274 μὴ
1699 4204 1784 4256 διά

217 4297 407 4347 πενίαν
428 4295 564 4364 πρὸς
598 4295 931 4364 κακουργίαν
952 4296 1268 4365 τρέπεσθαι,
1298 4297 1431 4364 μηδὲ
1470 4298 1527 4348 ἐν
1552 4298 1679 4358 τοῖῖ
1694 4314 1782 4364 κα·

217 4388 552 4447 λεπωτάτοις
617 4388 840 4441 πάθεσιν
900 4390 1078 4440 πᾶσαν
1153 4389 1343 4442 ἐλπίδα
1403 4390 1782 4462 ἀπορρίᾲαντα

215 4485 500 4550 ἄπρακτον
550 4479 760 4532 κεῖσθαι
807 4481 901 4532 καὶ
950 4481 1326 4551 ἁνενέργητον,
1372 4481 1486 4534 ἀλλ’
1528 4483 1618 4534 ἐπὶ
1651 4482 1783 4533 Θεὸν

216 4574 575 4639 καταφυγεῖν,
605 4571 662 4632 δς
700 4573 747 4622 εἰ
777 4571 1004 4640 χελιδόνι
1038 4573 1262 4625 τοιαῦτα
1294 4573 1598 4642 χαρίζεται,
1631 4574 1782 4644 πόσῳ

219 4666 403 4733 μεῖζον
431 4664 700 4716 ἀποδώσει
730 4667 841 4726 τοῖς
876 4664 934 4727 ἐξ
971 4665 1097 4735 ὅλης
1132 4666 1355 4736 καρδίας
1395 4667 1780 4735 ἐπιϐοωμένοις

214 4754 380 4808 αὐτόν
402 4771 416 4818 ;

301 4845 540 4897 Ἀλκυὼν
576 4846 950 4898 ἐπιθαλάττιον
981 4847 1182 4917 ὄρνεονο
1231 4848 1365 4917 αὕτη
1419 4851 1546 4918 παρ’
1586 4853 1778 4913 αὐτοὺς

216 4939 493 4988 νοσσεύειν
531 4939 657 4998 τοὺς
699 4939 974 5002 αἰγιαλοὺς
1022 4940 1295 5007 πέφυκεν,
1355 4944 1438 4992 ἐπ’
1491 4942 1658 5010 αὐτῆς
1713 4942 1780 4994 τά

214 5031 296 5079 ibi
361 5028 458 5094 τῆς
515 5029 743 5096 ψάμμου
805 5029 1169 5098 καταθεμένη,
1202 5033 1296 5081 καὶ
1349 5030 1590 5082 νοσσεύει
1639 5033 1779 5084 κατὰ

218 5122 383 5187 μέσον
421 5137 520 5170 που
551 5121 642 5170 τοῦ
675 5119 958 5188 χειμῶνος,
982 5121 1068 5171 ὅτε
1092 5120 1302 5183 πολλοῖς
1329 5121 1421 5172 καὶ
1443 5121 1634 5191 βιαίοις
1655 5123 1778 5174 ἀνέ-

218 5232 337 5281 μοις
369 5213 400 5279 ἡ
441 5211 682 5262 θάλασσα
711 5215 776 5280 τῇ
808 5215 876 5282 γῇ
915 5211 1436 5283 προσ[α]ράσσεται·
1473 5215 1586 5265 ἀλλ’
1628 5216 1778 5282 ὅμως

215 5303 554 5374 κοιμίζονται
579 5304 775 5365 πάντες
805 5306 1016 5372 ἄνεμοι,
1059 5305 1321 5374 ἡσυχάζει
1373 5307 1431 5360 δέ
1477 5309 1582 5359 πᾶν
1627 5305 1777 5375 κῦμα

213 5400 526 5460 θαλάσσιον,
560 5399 687 5450 ὅταν
727 5397 940 5450 ἁλκυὼν
974 5398 1211 5462 ἐπωάζει
1241 5399 1336 5461 τάς
1359 5400 1498 5451 ἑπτά
1538 5399 1774 5468 ἡμέρας.

223 5495 312 5543 Ἐν
364 5492 648 5554 τοσαύταις
690 5491 798 5561 γάρ
839 5491 1026 5561 μόναις
1073 5493 1290 5545 ἐκλέπει
1332 5493 1458 5554 τοὺς
1507 5491 1773 5554 νεοττούς.

223 5582 440 5650 Ἐπειδὴ
473 5583 568 5633 καὶ
597 5583 800 5650 τροςτῆς
825 5584 961 5652 αὐτῇ
994 5584 1173 5651 χρεία,
1201 5584 1364 5644 ἄλλας
1390 5583 1528 5634 ἑπτά
1560 5583 1773 5653 ἡμέρας

212 5677 347 5744 πρὸς
374 5676 470 5742 τὴν
502 5674 610 5724 τῶν
638 5674 866 5725 νεοττῶν
897 5674 1120 5742 αῧξησιν
1154 5678 1182 5727 ὁ
1225 5678 1597 5746 μεγαλόδωρος
1637 5677 1773 5738 Θεὸς

209 5767 287 5834 τῷ
327 5767 636 5836 μικροτάτῳ
679 5766 802 5834 ζιῖιῳ
844 5771 1160 5838 παρέσχετο.
1195 5770 1358 5822 Ὥστε
1402 5772 1495 5822 καὶ
1523 5770 1770 5822 ναυτικοὶ

216 5861 414 5913 πάντες
449 5861 590 5912 ἴσασι
619 5859 795 5922 τοῦτο,
824 5860 917 5910 καὶ
964 5861 1294 5925 άλκυωνίδας
1330 5862 1426 5926 τὰς
1463 5862 1602 5916 ἑπτὰ
1635 5863 1772 5932 ἡμέ”

555 5956 825 6016 Parnm.
871 5957 984 6016 Gn.
1037 5957 1210 6020 XCV.

1969 3095 2406 3152 Ibid.—Nemo
2463 3111 2842 3170 paupertalem
2898 3117 3052 3156 suam
3111 3104 3320 3160 idcirco
3379 3108 3459 3159 la-

1893 3200 2190 3253 mentetur,
2259 3191 2611 3261 animumque
2675 3193 3030 3262 despondeat,
3069 3197 3215 3265 quod
3277 3199 3457 3254 nullas

1893 3281 2040 3334 domi
2065 3282 2287 3336 relictas
2319 3295 2455 3350 opes
2495 3282 2693 3337 haheat
2720 3302 2735 3350 ;
2795 3301 2984 3340 verum
3015 3287 3333 3346 hirundinis
3364 3307 3458 3346 so-

1893 3374 2107 3428 lertiam
2157 3375 2229 3428 ob
2252 3376 2443 3429 oculos
2498 3386 2766 3446 proponat
2807 3379 2936 3432 sibi.
2991 3381 3128 3436 Nam
3186 3383 3301 3452 ipsa
3327 3384 3457 3439 dum

1894 3467 2082 3520 nidum
2139 3467 2315 3538 ﬁngit,
2355 3467 2624 3523 festucam
2678 3471 2898 3540 quidem
2923 3487 3019 3526 ore
3071 3484 3271 3544 gestat,
3327 3493 3454 3532 cum

1891 3567 2072 3614 autem
2129 3560 2307 3614 lutum
2341 3561 2576 3630 pedibus
2607 3561 2750 3617 ferre
2790 3573 3046 3634 nequeat,
3083 3583 3328 3624 summos
3360 3586 3456 3640 pe-

1889 3650 1985 3704 des
2021 3665 2162 3720 aqua
2199 3653 2382 3721 tingit,
2418 3661 2533 3706 tum
2556 3651 2754 3708 deinde
2787 3655 2840 3707 in
2875 3656 3209 3711 tenuissimo
3231 3661 3456 3728 pulvere

1889 3743 2158 3806 volutata,
2199 3743 2296 3797 luti
2322 3759 2544 3798 usuram
2579 3746 2662 3800 sic
2689 3747 3148 3816 comminiscitur,
3196 3761 3256 3804 ut
3279 3750 3454 3807 festu-

1887 3832 1972 3884 cis
2002 3832 2139 3894 luto,
2178 3848 2287 3886 non
2315 3848 2474 3887 secus
2495 3849 2558 3888 ac
2604 3834 2874 3889 bitumine
2895 3836 3159 3904 quodam,
3191 3839 3454 3906 paulatim

1887 3923 2029 3976 inter
2052 3937 2110 3976 se
2157 3925 2483 3991 compactis,
2521 3939 2654 3978 suos
2689 3927 2799 3978 illic
2825 3928 3004 3995 pullos
3035 3930 3168 3981 alat.
3207 3928 3456 3996 Quorum

1886 4015 1930 4067 si
1977 4015 2100 4083 quis
2131 4017 2322 4069 oculos
2367 4019 2642 4086 pnnxerit,
2675 4035 2702 4070 ιι
2745 4028 2939 4074 natura
2994 4021 3319 4076 medicinam
3356 4025 3456 4077 ha-

1888 4106 1998 4168 bet,
2026 4122 2120 4172 per
2147 4123 2312 4176 quam
2342 4109 2548 4163 lumina
2583 4109 2861 4179 pullorum
2915 4111 3216 4181 integritati
3287 4118 3454 4170 resti-

1888 4206 2024 4252 tuat.
2050 4199 2174 4252 Hmc
2211 4208 2264 4254 te
2293 4199 2642 4268 admoneant,
2696 4219 2765 4257 ne
2811 4206 3154 4274 paupertatis
3179 4221 3346 4262 causa
3387 4209 3453 4261 ad

1890 4292 2316 4360 perpetrandum
2351 4295 2532 4348 scelus
2553 4301 2611 4349 te
2641 4297 2917 4360 conferas,
2951 4312 3050 4351 nec
3082 4299 3136 4351 in
3164 4301 3453 4355 atrocissi-

1891 4385 1991 4437 mis
2046 4385 2454 4439 calamitatibus
2517 4388 2668 4439 omni
2704 4401 2802 4455 spe
2865 4387 3101 4456 abjecta,
3153 4391 3342 4460 segnis
3391 4404 3447 4446 et

1888 4476 2136 4544 torpidus
2164 4476 2375 4544 jaceas,
2425 4493 2614 4532 verum
2655 4478 2722 4532 ad
2770 4477 2938 4532 Deum
2975 4481 3288 4550 confugias,
3353 4486 3451 4553 qui

1886 4568 1930 4621 si
1982 4570 2110 4620 talia
2143 4576 2401 4637 tantaque
2437 4572 2682 4639 impertit
2737 4572 3050 4636 hirundini,
3086 4583 3296 4641 quanto
3331 4592 3448 4629 ma-
3483 4579 3486 4582 ’

1879 4660 1999 4728 jora
2052 4657 2163 4711 illis
2211 4660 2444 4713 daturus
2493 4671 2600 4724 est,
2631 4661 2726 4731 qui
2785 4678 2849 4717 ex
2895 4671 3012 4716 toto
3043 4665 3212 4718 corde
3269 4667 3447 4735 ipsum

1885 4745 2218 4817 implorant?

1955 4841 2144 4908 Ejusd.
2175 4843 2468 4912 ——Alcyon
2518 4845 2730 4897 marina
2790 4852 2874 4899 est
2904 4846 3044 4910 avis,
3087 4862 3208 4916 qua:
3247 4850 3301 4904 in
3328 4851 3446 4922 ipsa

1881 4935 1996 5001 ripa
2060 4935 2318 4990 nidulari.
2369 4945 2536 5005 atque
2566 4939 2617 4988 in
2653 4938 2764 5004 ipsa
2799 4953 2966 4991 arena
3005 4955 3106 4992 ova
3130 4957 3229 4996 sua
3284 4959 3446 5014 repo-

1883 5041 2013 5079 nere
2059 5029 2364 5080 consuevit.
2415 5029 2489 5078 Ac
2528 5027 2747 5098 quidem
2780 5031 2956 5082 media
2994 5030 3110 5086 fere
3141 5033 3322 5088 hieme
3350 5053 3448 5106 pa-

1883 5121 1973 5180 rit,
2007 5118 2109 5171 hoc
2150 5126 2258 5180 est,
2287 5135 2410 5171 cum
2445 5121 2634 5172 multis
2680 5129 2734 5173 et
2760 5123 3017 5188 gravibus
3066 5125 3240 5178 ventis
3296 5143 3447 5183 mare

1883 5223 2038 5264 terra:
2103 5212 2369 5265 alliditur.
2407 5211 2469 5263 Et
2531 5225 2708 5266 tamen
2755 5215 2897 5266 venti
2931 5229 3118 5270 omnes
3160 5218 3442 5286 sedantur,

1881 5315 2042 5373 atque
2083 5321 2279 5359 omnes
2327 5305 2491 5374 529
2539 5307 2708 5358 maris
2748 5305 2949 5360 ﬂuctus
3006 5312 3440 5377 conquiescunt.

1879 5396 2007 5449 dum
2036 5412 2134 5465 per
2154 5407 2358 5466 septem
2385 5397 2504 5450 dies
2527 5397 2716 5468 alcyon
2743 5398 2862 5450 ovis
2891 5397 3138 5451 incubat.
3167 5396 3268 5452 Tot
3289 5401 3442 5453 enim

1881 5489 2147 5542 duntaxat
2197 5489 2394 5543 diebus
2425 5489 2604 5558 pullos
2655 5489 2920 5543 excludit.
2963 5489 3230 5555 Quoniam
3257 5499 3440 5546 autem

1879 5582 2004 5635 cibo
2039 5597 2257 5651 quoque
2281 5596 2421 5650 opus
2441 5582 2622 5642 habet,
2651 5583 2792 5634 alios
2840 5597 3056 5636 rursum
3087 5591 3296 5652 septem
3323 5584 3443 5638 dies

1878 5673 2171 5742 perexiguo
2219 5672 2343 5724 huic
2393 5672 2616 5724 animali
2684 5671 2975 5726 munificus
3023 5671 3168 5725 Deus
3222 5673 3438 5727 tribuit.

1878 5764 2066 5836 itaque
2124 5775 2306 5819 nauta:
2331 5766 2493 5818 etiam
2525 5780 2718 5820 omnes
2769 5765 2821 5819 id
2848 5766 3192 5834 exploratum
3220 5766 3441 5832 habent,

1878 5876 1940 5913 ac
1995 5868 2198 5930 septem
2251 5860 2350 5914 hos
2377 5858 2496 5914 dies
2551 5858 2882 5930 Alcyonidas
2941 5865 3278 5927 nuneupant.
3313 5857 3440 5913 Haec

3050 5949 3118 6010 50
