4206 6442
245 408 370 475 1581

1521 395 1758 455 S‘ACRA
1798 394 2255 455 PARALLELA.

3318 390 3453 453 1582

245 529 403 588 ἵππος
429 523 562 594 πρὸς
596 517 888 588 ἐπιθυμίαν
931 514 1024 568 τοῦ
1067 512 1318 587 θήλεως,¹
1346 512 1729 574 ἀτιθάσσευτος
1762 514 1790 563 ὁ
1818 516 1865 570 Α
1892 528 1906 565 ι

1786 538 1790 558 ν
1818 516 1865 570 Α
1892 521 1996 574 est,
2036 511 2217 579 segnis
2255 509 2460 570 asinus,
2522 522 2699 577 equus
2752 506 2817 560 ad
2848 503 3067 560 feminae
3095 506 3447 575 cupiditatem

233 598 425 680 λύκος,
471 616 565 667 καὶ
614 611 826 681 δολερὸν
865 612 898 679 ἡ
946 606 1191 678 ἀλώπηξ,
1221 605 1391 659 δειλὸν
1430 607 1463 675 ὴ
1510 604 1725 673 ἔλαφος,
1765 606 1793 658 ὁ

247 705 469 781 μύρμηξ
496 704 797 775 φιλόπονος,
837 699 1158 770 εὐχάριστον
1186 700 1214 751 ό
1254 697 1397 752 κύων
1426 699 1519 751 καὶ
1542 694 1676 765 πρὸς
1704 714 1794 765 φι-

242 804 363 856 λίαν
402 796 849 870 μνημονευτικόν.
883 792 1047 864 Ὁμοῦ
1075 809 1134 845 τε
1158 790 1266 863 γάρ
1296 792 1519 862 ἐκτίσθη
1545 790 1792 854 ἕκαστον,

245 894 337 947 καὶ
403 887 811 957 συνεπηγάγετο
861 883 1037 952 ἐαυτῷ
1079 884 1178 954 τῆς
1221 881 1434 951 φύσεως
1468 880 1530 933 τὸ
1562 882 1792 952 ίδίωμα·

248 981 686 1051 συναπεγεννὴθη
718 977 886 1048 θυμὸς
908 977 986 1047 τῷ
1017 975 1211 1041 λέοντι,
1246 975 1307 1028 τὸ
1340 974 1659 1043 μοναστικὸν
1701 973 1798 1024 αύ-

245 1076 335 1131 τοῦ
373 1074 473 1143 τῆς
521 1072 687 1141 ζωῆς,
731 1069 789 1122 τὸ
822 1065 1183 1137 ἀκοινώνητον
1232 1064 1366 1136 πρὸς
1412 1064 1472 1115 τὸ
1507 1063 1793 1134 ὁμόφυλον.

243 1165 367 1224 υἷον
396 1166 505 1235 γάρ
535 1181 618 1225 τις
646 1160 907 1233 τύραννος
946 1159 1053 1213 τῶν
1099 1158 1308 1225 ἀλόγων
1335 1155 1423 1209 διὰ
1458 1155 1554 1226 τὴν
1584 1158 1647 1208 ἐκ
1696 1153 1800 1222 φύ-

246 1278 380 1323 σεως
407 1255 729 1327 ὑπεροψίαν,
757 1252 856 1323 τὴν
886 1252 1023 1321 πρὸς
1066 1252 1191 1313 τοὺς
1228 1248 1455 1313 πολλοὺς
1511 1246 1798 1318 όμοτιμίαν

241 1351 303 1405 οὐ
340 1346 709 1417 καταδέχεται.
760 1337 832 1413 ⁷ῼ
881 1344 972 1396 καὶ
1014 1341 1237 1395 τοιαῦτα
1294 1341 1478 1410 φωνῆς
1528 1338 1798 1408 ὅργαναή

243 1444 403 1512 φύσις
442 1440 716 1511 ἐνέθηκεν,
761 1436 903 1490 ὥστε
953 1436 1019 1488 τὰ
1068 1434 1236 1487 πολλὰ
1287 1433 1394 1485 τῶν
1446 1432 1599 1497 ζώων
1633 1431 1798 1501 ὑπερο

242 1536 505 1591 όάλλοντα
554 1535 621 1603 τῇ
676 1532 959 1599 ταχύτητι,
1001 1528 1145 1598 μόνῳ
1192 1525 1448 1589 πολλάκις
1486 1523 1797 1577 ἁλίσκεσθαι

240 1629 317 1698 τῷ
346 1627 676 1698 βρυχήματι.
720 1623 1000 1690 Ῥαγδαῖον
1054 1617 1335 1689 πάρδαλις,
1386 1618 1478 1671 καὶ
1505 1614 1799 1687 ὀξύρροπον

239 1723 360 1783 ταῖς
384 1720 581 1789 ὁρμαῖς
607 1715 909 1785 ἐπιτήδειον
934 1712 1103 1779 αὐτῆς
1140 1710 1201 1762 τὸ
1234 1711 1391 1780 σῶμα
1422 1706 1793 1771 συνέζευκται,

240 1813 303 1883 τῇ
332 1809 589 1878 ὑγρότητι
618 1806 713 1859 καὶ
738 1805 816 1876 τῷ
847 1805 1033 1872 κούφῳ
1058 1805 1170 1865 τοῖς
1197 1803 1293 1872 τῆς
1329 1800 1508 1869 ψυχῆς
1536 1800 1797 1869 κινήμασι

242 1902 627 1970 συνεπόμενον.
678 1898 880 1968 Νωθρὰ
938 1895 1183 1965 ἡφύσις
1241 1894 1338 1962 τῆς
1398 1892 1620 1962 ἄρκτου,
1669 1889 1797 1943 ἰδιόσ-

238 2012 439 2066 τροπον
469 1994 564 2047 καὶ
592 1992 653 2045 τὸ
672 1988 822 2063 ἦθος,
852 1988 1102 2053 ὓπουλον,
1138 1984 1295 2056 βαθὺ,
1326 1984 1622 2047 ἐνδεδυκός.

316 2273 374 2327 'U
404 2272 631 2344 μύρμηξ
661 2271 806 2342 θέρει
848 2271 948 2341 τὴν
982 2270 1259 2341 χειμέριον
1288 2268 1492 2341 τροφὴν
1542 2264 1799 2337 θησαυρί-

237 2364 338 2429 ζει,
373 2364 479 2426 ’ἐως
508 2364 576 2417 ἂν
603 2363 701 2434 τὴν
738 2363 1013 2434 ἀρκοῦσαν
1048 2363 1197 2433 αύτῷ
1225 2363 1429 2433 τροφὴν
1466 2358 1799 2429 ἐναπόθηται

236 2460 344 2519 τοῖς
369 2457 660 2525 ταμιείοις,
711 2458 806 2510 καὶ
850 2455 968 2508 οὐδὲ
1010 2455 1166 2508 τοῦτο
1199 2455 1474 2527 ῥᾳθύμως,
1500 2453 1635 2507 ἀλλὰ
1661 2454 1797 2524 σοφῇ

220 2565 338 2612 ,τινι
368 2548 583 2619 ἐπινοίᾳ
624 2549 721 2619 τὴν
759 2549 965 2619 τροφὴν
995 2548 1290 2617 ἐνδιαρκεῖν
1324 2547 1794 2617 μηχανησάμενος.

236 2639 529 2693 Διακόπτει
558 2639 665 2708 γὰρ
691 2641 810 2704 ταῖς
862 2639 1055 2692 ἑαυτοῦ
1105 2640 1299 2709 χηλαῖς
1335 2638 1443 2690 τῶν
1475 2637 1700 2708 καρπῶν
1738 2636 1800 2691 τὸ

240 2729 586 2797 μεσαίτατον,
616 2730 690 2793 ὡς
716 2730 781 2784 ἂν
812 2732 886 2800 μὴ
919 2732 1231 2799 ἐκφυέντων
1254 2731 1513 2801 ἄχρηστυι
1541 2732 1641 2799 τὴν
1674 2748 1799 2801 τρο-

235 2820 340 2891 φὴν
369 2820 517 2891 αύτῷ
561 2822 823 2890 γένοιντο.
859 2822 954 2885 Τίς
997 2822 1237 2890 ἐφίκοιτο
1262 2821 1439 2889 λόγοις
1468 2840 1482 2888 ;
1534 2820 1663 2874 ποία
1693 2840 1800 2891 χω-

239 2912 390 2982 ρήσει
420 2913 556 2981 ἀκοή
582 2930 595 2977 ;
632 2914 717 2975 τίς
742 2913 1026 2983 ἐξαρκέσει
1066 2914 1253 2983 χρόνος
1290 2914 1466 2966 πάντα
1502 2913 1676 2965 είπεῖν
1706 2911 1797 2965 καὶ

232 3004 596 3073 διηγήσασθαι
627 3004 721 3056 τοῦ
755 3004 997 3074 τεχνίτου
1026 3004 1094 3057 τὰ
1125 3003 1414 3074 θαύματα;

303 3183 507 3236 Λέαινα
548 3184 760 3253 στέργει
791 3182 859 3236 τὰ
896 3184 1095 3253 ἑαυτῆς
1117 3184 1304 3247 τέκνα,
1346 3184 1441 3237 καὶ¹
1465 3182 1625 3244 λύκος
1660 3184 1798 3250 ὑπὲρ
1826 3212 1867 3267 c

238 3275 525 3329 σκυλάκων
564 3276 818 3344 μάχεται.
873 3275 1179 3343 Ἀμήχανος
1206 3275 1315 3342 γάρ
1360 3275 1561 3343 ἐστινὴ
1600 3274 1800 3345 στοργὴ

236 3369 345 3429 τοῖς
381 3367 598 3433 ἀλόγοις
634 3365 836 3417 τέκνων
865 3365 961 3417 καὶ
1005 3365 1205 3431 γονέων
1234 3364 1371 3433 πρὸς
1399 3364 1623 3433 ἄλληλα.
1655 3366 1798 3418 Διότι

232 3454 699 3523 όδημιουργήσας
747 3451 886 3504 αὐτὰ
928 3451 1059 3514 Θεὸς
1101 3453 1201 3523 τὴν
1240 3451 1333 3505 τοῦ
1374 3452 1533 3521 λόγου
1564 3453 1798 3524 ἔλλειψιν

233 3542 319 3595 διὰ
345 3542 446 3610 τῆς
471 3542 582 3594 τῶν
611 3541 1317 3612 αἱσθητηρίωνξπεριουσίας
1347 3544 1793 3613 παρεμυθήσατο.

239 3633 410 3686 Πόθεν
444 3636 502 3685 ἐν
534 3633 750 3704 μυρίοις
781 3632 1073 3702 προϐάτοις
1100 3633 1261 3704 ἀρνὸς
1288 3633 1399 3686 τῶν
1428 3634 1610 3704 σηκῶν
1640 3632 1797 3699 ἐξαλ-

236 3724 477 3794 λόμενος,
508 3723 648 3779 οἶδεν
681 3726 778 3795 μὲν
801 3724 901 3795 τὴν
928 3724 1108 3794 φωνὴν
1141 3726 1242 3795 τῆς
1284 3726 1507 3795 μητρὸς,
1546 3727 1797 3799 καὶπρὸς

235 3816 406 3885 αὐτὴν
451 3815 759 3881 ἐπείγεται,
816 3814 1061 3884 ἐπιζητεῖ
1112 3814 1169 3867 δὲ
1224 3815 1321 3877 τὰς
1363 3816 1566 3879 οίκείας
1614 3817 1796 3887 πηγὰς

232 3905 327 3958 τοῦ
383 3905 686 3973 γάλακτοςο
734 3905 837 3959 κᾶν
886 3909 1169 3975 πενιχραίς
1215 3907 1494 3977 μητρῴαις
1530 3907 1796 3981 περιτύχῃ

235 3997 446 4066 θηλαῖς,
480 3998 714 4059 ἐκείναις
748 3998 996 4067 ἀρκεῖται
1023 4013 1039 4061 ;
1066 3996 1175 4049 Καὶ
1202 3999 1234 4066 ἡ
1273 3998 1453 4068 μήτηρ
1485 3999 1543 4050 ἐν
1586 4000 1795 4069 μυρίοις

234 4088 465 4157 ἄρνασιν
489 4085 839 4154 ἐπιγινώσκει
872 4086 931 4139 τὸ
956 4088 1085 4139 ἴδιον
1113 4086 1375 4158 γέννημα.

303 4178 481 4243 Λόγου
508 4176 733 4247 ἄμοιρος
760 4179 788 4228 ὁ
818 4177 983 4241 κύων,
1015 4177 1438 4249 ἱσοδυναμοῦσαν
1464 4178 1519 4232 δὲ
1546 4180 1694 4248 ὅμως
1719 4182 1796 4252 τῷ

234 4266 378 4335 λόγῳ
411 4266 507 4337 τὴν
539 4267 793 4337 αἴσθησιν
828 4267 959 4336 ἔχει.
1012 4267 1087 4321 Τὸ
1134 4269 1189 4321 δὲ
1232 4270 1657 4338 μνημονευτικὺν
1698 4272 1797 4341 τῆς

233 4357 455 4427 χάριτος
485 4355 577 4408 τοῦ
609 4355 771 4419 ζὼου,
814 4357 933 4409 τίνα
979 4357 1085 4410 τῶν
1122 4359 1429 4428 ἀχαρίστων
1471 4360 1607 4430 πρὸς
1646 4362 1796 4431 εὐερ-

234 4446 396 4512 γέτας
419 4446 478 4498 ού
516 4446 847 4516 καταισχύνῃ
874 4462 888 4510 ;
918 4448 1049 4500 ὅπου
1081 4463 1144 4516 γε
1192 4449 1287 4501 καὶ
1325 4451 1625 4518 φονευθεῖσι
1674 4454 1793 4504 κατ’

1897 602 2123 663 ardens,
2174 602 2333 669 lupus
2366 600 2516 653 nulla
2560 607 2679 651 arte
2705 598 2945 652 cicurari
2978 604 3192 667 potest;
3223 596 3451 653 fraudu-

1897 695 2043 748 lenta
2097 693 2287 762 vulpes
2341 700 2449 756 est,
2498 706 2695 746 cervus
2748 692 2991 753 timidus,
3024 690 3230 744 laboris
3264 706 3453 745 antans

1899 785 2150 851 formica,
2193 785 2448 841 beneﬁcii
2496 784 2707 853 accepti
2754 799 2965 838 memor
2986 785 3162 847 canis,
3196 791 3360 854 atque
3387 782 3451 836 ad

1899 877 2325 933 benevolentiam
2378 875 2655 946 proclivis.
2692 873 2868 929 Simul
2891 882 3056 944 atque
3087 875 3233 929 enim
3267 889 3458 928 unum-

1898 970 2153 1040 quodque
2202 976 2448 1024 creatum
2491 968 2614 1033 fuit,
2649 982 2838 1023 secum
2886 967 3052 1022 etiam
3082 975 3293 1020 natura;
3323 980 3483 1035 prov.

1898 1062 2159 1131 prietates
2209 1062 2393 1114 traxit.
2422 1058 2596 1113 Furor
2643 1060 2786 1113 leoni
2820 1057 2930 1127 iam
2967 1056 3095 1111 inde
3124 1056 3192 1110 ab
3222 1064 3344 1110 ortu
3371 1055 3455 1109 in-

1899 1154 2038 1209 situs
2090 1161 2193 1217 est,
2230 1160 2284 1206 et
2334 1151 2443 1205 vita
2479 1151 2741 1220 solivaga,
2802 1160 2967 1218 atque
2999 1148 3066 1202 ab
3114 1162 3303 1202 eorum
3338 1163 3457 1217 qua:

1899 1245 1986 1300 sui
2035 1244 2249 1315 generis
2298 1252 2448 1308 sunt,
2479 1242 2815 1297 commercio
2878 1240 3209 1295 abhorrens.
3245 1239 3455 1293 Etenim

1900 1336 2048 1389 velut
2103 1332 2375 1403 quispiam
2434 1334 2723 1387 brutorum
2755 1330 3116 1384 animantium
3168 1337 3455 1399 tyrannus,

1898 1442 2012 1498 prae
2066 1426 2301 1480 naturali
2337 1425 2616 1495 superbia,
2652 1422 2909 1492 aequabili
2944 1422 3068 1492 jure
3122 1420 3307 1476 vivere
3332 1435 3456 1474 cum

1899 1517 2022 1572 aliis
2060 1523 2301 1572 recusat.
2325 1517 2426 1571 Cui
2458 1526 2717 1585 praeterea
2742 1512 3022 1582 ejusmodi
3066 1512 3217 1567 vocis
3254 1524 3458 1579 organa

1899 1629 1929 1667 a
1962 1621 2153 1666 natura
2175 1613 2375 1666 tributa
2400 1618 2551 1674 sunt,
2579 1618 2638 1663 ut
2664 1610 2926 1679 pleraque
2942 1606 3260 1671 animantia,
3289 1605 3456 1658 etiam

1899 1706 2304 1775 pernicissima,
2336 1704 2454 1757 solo
2498 1704 2696 1773 saepius
2744 1704 2924 1773 rugitu
2948 1705 3255 1772 capiantur.
3284 1699 3458 1769 Impe-

1901 1806 2057 1862 tuusa
2087 1806 2174 1852 est
2225 1798 2515 1867 panthera,
2553 1806 2608 1851 et
2639 1812 2750 1866 quo
2780 1811 2898 1851 eam
2936 1795 3111 1850 libido
3147 1793 3356 1855 tulerit,
3380 1791 3460 1844 fa-

1899 1893 2000 1945 cile
2031 1906 2215 1944 ruens.
2251 1889 2515 1955 Quocirca
2545 1888 2960 1943 accommodum
3000 1888 3101 1956 ipsi
3131 1902 3332 1954 corpus
3364 1885 3457 1937 ad-

1893 1986 2143 2053 junctum
2205 1990 2309 2045 est,
2346 1982 2494 2052 quod
2536 1982 2605 2036 ob
2648 1980 3030 2034 humiditatem
3065 1979 3454 2047 levitatemque

1897 2078 2093 2130 animae
2148 2075 2540 2145 agitationibus
2596 2074 2879 2128 inserviat.
2922 2070 3162 2142 Torpida
3197 2070 3309 2124 ursi
3357 2085 3452 2123 na-

1898 2182 2018 2227 tura
2062 2180 2168 2235 est,
2203 2185 2383 2224 mores
2416 2170 2742 2239 peculiares,
2768 2169 2920 2229 tecti.
2947 2168 3142 2221 intime
3175 2163 3452 2234 profundi.

1970 2261 2213 2315 Ibid.—
2268 2260 2519 2314 Formica
2590 2260 2782 2314 mstivo
2854 2266 3100 2329 tempore
3165 2256 3456 2310 hibernum

1898 2354 2080 2409 cibum
2128 2353 2352 2423 colligit,
2401 2354 2578 2423 quoad
2613 2354 2957 2414 alimentum,
3006 2361 3272 2421 quantum
3324 2349 3459 2401 satis

1898 2447 1989 2513 sit,
2024 2448 2075 2501 in
2106 2447 2317 2501 horreis
2340 2445 2668 2501 condiderit.
2702 2445 2777 2499 Ac
2811 2460 2879 2499 ne
2905 2442 2958 2497 id
2993 2443 3212 2513 quidem
3240 2441 3456 2509 ignave,

1898 2555 2085 2595 verum
2152 2540 2289 2595 scito
2339 2538 2573 2608 quodam
2639 2537 2875 2592 artificio
2925 2535 3028 2590 hoc
3081 2532 3339 2594 efficiens,
3404 2539 3461 2584 ut

1898 2636 2052 2692 cibus
2102 2649 2265 2705 quam
2323 2631 2631 2688 diutissime
2670 2633 2855 2687 duret.
2912 2628 3190 2700 Siquidem
3250 2626 3460 2679 medias

1899 2729 2085 2799 fruges
2134 2727 2355 2797 ungulis
2410 2735 2580 2790 secat,
2640 2740 2705 2779 ne
2754 2723 3127 2794 germinantes
3153 2720 3221 2774 ad
3274 2720 3456 2773 cibum

1899 2822 2000 2876 sibi
2032 2821 2141 2875 sint
2194 2820 2435 2873 inutiles.
2469 2817 2600 2885 Quae
2633 2828 2811 2871 autem
2854 2814 3032 2868 oratio
3067 2811 3315 2883 assequi,
3338 2827 3459 2880 qua:

1898 2914 2049 2967 auris
2074 2929 2289 2981 capere,
2319 2912 2465 2981 quod
2497 2911 2744 2965 sullicere
2777 2922 2993 2976 tempus
3029 2914 3216 2975 queat,
3256 2904 3301 2958 si
3334 2904 3458 2971 rutis

1897 3006 2079 3059 omnia
2142 3006 2338 3059 summi
2392 3004 2541 3057 illius
2588 3000 2819 3055 artificis
2883 2999 3146 3052 miracula
3206 3009 3473 3050 sermone

1899 3098 2186 3165 complecti
2220 3097 2395 3151 velit?

1974 3188 2116 3244 Ibid.
2151 3220 2217 3228 ——
2240 3188 2435 3241 Leaena
2469 3187 2713 3241 sobolem
2769 3192 2915 3238 amat
2947 3197 3136 3242 suam;
3172 3195 3267 3251 pro
3302 3187 3458 3232 catu-

1900 3282 1967 3336 lis
2010 3281 2173 3350 lupus
2236 3279 2479 3332 dimicat.
2530 3277 2801 3331 Estenim
2856 3274 3198 3328 incredibilis
3234 3273 3458 3340 quidam

1898 3372 2190 3426 brutorum
2238 3369 2290 3423 in
2365 3368 2505 3423 fetus
2567 3383 2719 3431 suos,
2766 3374 2820 3419 et
2876 3372 3162 3433 parentum
3225 3363 3457 3415 invicem

1899 3478 2075 3515 amor.
2115 3459 2565 3529 Quandoquidem
2599 3464 2924 3527 procreator
2962 3471 3153 3511 eorum
3191 3455 3335 3510 Deus
3374 3472 3463 3508 ra-

1900 3557 2066 3608 tionis
2104 3554 2341 3621 mopiam
2398 3566 2659 3605 sensuum
2701 3549 3022 3619 praestantia
3057 3549 3455 3617 compensavit.

1900 3644 2058 3700 Unde
2089 3645 2149 3699 fit
2202 3651 2262 3698 ut
2293 3645 2435 3697 inter
2467 3643 2786 3696 innumeras
2813 3655 2944 3695 oves
2976 3655 3147 3709 agnus
3177 3655 3207 3693 e
3240 3640 3459 3693 stabulo

1900 3738 2161 3793 exsiliens
2228 3737 2419 3790 matris
2456 3751 2649 3790 vocem
2681 3741 2965 3806 agnoscat,
3001 3743 3165 3803 atque
3213 3734 3279 3786 ad
3338 3748 3458 3788 eam

1897 3829 2215 3884 contendat.
2268 3827 2475 3894 Quaerit
2529 3841 2659 3881 vero
2699 3827 2914 3880 nativos
2956 3825 3117 3880 lactis
3148 3823 3365 3894 fontes,
3406 3835 3460 3877 et

1896 3922 2148 3991 quamvis
2187 3921 2375 3990 jejuna
2430 3920 2623 3974 matris
2652 3920 2822 3973 ubera
2868 3918 3246 3980 nanciscatur,
3284 3918 3458 3970 iista-

1896 4027 2018 4065 men
2070 4019 2154 4065 est
2185 4019 2495 4064 contentus.
2523 4008 2626 4063 Sed
2661 4019 2716 4063 et
2747 4019 2922 4063 mater
2957 4008 3098 4061 inter
3140 4008 3457 4061 innumeros

1896 4116 2064 4170 agnos
2104 4098 2272 4153 fetum
2299 4100 2577 4169 cognoscit
2601 4114 2782 4152 suum.

1967 4190 2108 4245 Ibid.
2138 4222 2209 4232 —-
2244 4190 2494 4250 Rationis
2547 4199 2631 4245 est
2683 4204 2878 4259 expers
2909 4189 3100 4254 canis;
3148 4194 3201 4239 at
3231 4202 3453 4241 sensum

1897 4294 2076 4338 tamen
2114 4282 2309 4336 rationi
2346 4298 2485 4350 pene
2525 4297 2711 4351 parem
2744 4281 2930 4334 habet.
2966 4279 3229 4333 Memoria
3269 4286 3455 4333 autem

1895 4376 2101 4445 accepti
2162 4375 2435 4438 beneficii,
2517 4390 2636 4442 quae
2698 4373 2799 4442 ipsi
2860 4378 3023 4437 inest,
3085 4386 3311 4441 ecquem
3346 4386 3453 4424 non

1894 4482 2084 4522 eorum
2142 4466 2234 4533 qui
2292 4479 2420 4531 erga
2450 4466 2586 4519 bene
2616 4465 2684 4518 de
2711 4480 2769 4517 se
2798 4464 3024 4519 meritos
3067 4462 3268 4530 ingrati
3302 4469 3450 4519 sunt.

232 4535 470 4606 ἐρημίαν
509 4537 694 4588 πολλοὶ
734 4537 842 4589 τῶν
880 4538 1057 4591 κυνῶν
1100 4539 1529 4605 ἐπαποθανόντες
1584 4560 1793 4613 μνημο-
1824 4553 1869 4608 1)

1791 4568 1793 4577 ’
1824 4553 1869 4608 D
1898 4559 2103 4627 pudore
2149 4554 2451 4620 suﬂundat,
2492 4555 2716 4623 quando
2753 4555 3046 4622 plerosque
3073 4553 3241 4606 etiam
3298 4552 3452 4620 juxta

234 4625 502 4679 νεύονται.
542 4626 678 4695 Ἤδη
717 4627 773 4680 δέ
796 4646 937 4691 τινες
965 4630 1059 4681 καὶ
1090 4631 1279 4701 θερμῷ
1307 4632 1384 4701 τῷ
1416 4633 1577 4685 πάθει
1609 4636 1793 4703 ὁδηγοὶ

236 4720 351 4781 τοῖς
390 4718 676 4787 ἐκζητοῦσι
718 4722 845 4784 τοὺς
873 4726 1065 4789 φονέας
1111 4726 1377 4792 ἐγένοντο,
1424 4729 1515 4780 καὶ
1556 4729 1658 4781 ὑπὸ
1694 4730 1793 4801 τὴν

232 4808 391 4880 δίκην
419 4810 648 4880 ἀχθῆναι
680 4813 805 4875 τοὺς
832 4816 1171 4885 κακούργους
1197 4817 1476 4887 ἐποίησαν.

301 5075 405 5129 Τὸν
455 5080 818 5148 χαμαιλέοντα
879 5085 1057 5148 πάσας
1110 5090 1543 5158 μεταλαμϐάνειν
1603 5093 1786 5163 χρόας,

233 5167 371 5236 πλὴν
398 5171 525 5237 μιᾶς
552 5171 650 5239 τῆς
688 5173 1023 5247 λευκότητος.

303 5260 397 5321 Τίς
438 5263 467 5314 ό
500 5261 682 5333 κύκνῳ
710 5269 1046 5335 συνυφαίνων
1078 5272 1237 5341 ᾠδὴν,
1267 5276 1395 5329 ὅταν
1423 5277 1695 5349 ἐκπετάσῃ
1730 5281 1789 5332 τό

232 5353 428 5423 πτερὸν
453 5359 568 5418 ταῖς
598 5357 809 5425 αὕραις,
834 5362 926 5413 καὶ
960 5368 1086 5434 ποιῇ
1117 5366 1275 5431 μέλος
1300 5368 1359 5420 τὸ
1390 5369 1659 5439 σύριγμα;
1685 5372 1788 5423 Πό-

233 5442 325 5495 θεν
354 5446 496 5509 ταὼς
524 5449 779 5513 όὰλαζὼν
808 5456 903 5505 καὶ
933 5454 1166 5527 Μηδικὸς
1195 5456 1367 5523 οὕτως
1387 5460 1671 5528 φιλόκαλος
1692 5466 1785 5515 καὶ

234 5534 537 5604 φιλότιμος;
570 5541 677 5593 Καὶ
703 5544 811 5613 γὰρ
840 5547 1150 5601 αἰσθάνεται
1172 5549 1263 5601 τοῦ
1286 5552 1486 5605 οίκείου
1511 5553 1738 5615 κάλλους
1767 5571 1779 5584 ’

231 5625 354 5676 ὅταν
387 5626 468 5697 ίδῃ
505 5629 627 5681 τινὰ
659 5634 1025 5703 πλησιάζοντα
1065 5643 1184 5703 ταῖς
1215 5640 1476 5710 θηλείαις,
1518 5644 1590 5707 ὥς
1625 5663 1780 5712 φασι,

233 5716 625 5782 καλλωπίζεται
666 5724 753 5775 τὸν
793 5728 991 5797 αὐχένα
1020 5732 1226 5801 διάρας,
1248 5736 1342 5787 καί
1365 5737 1426 5787 τὸ
1454 5738 1645 5805 πτεῴν
1687 5756 1779 5791 κυ-

234 5822 494 5877 mortem;
526 5818 875 5884 περιστήσας,
902 5821 960 5873 τὸ
989 5825 1292 5892 χρυσαυγὲς
1331 5829 1424 5880 καὶ
1452 5831 1779 5900 κατάστερον

1891 4647 2142 4703 dominos
2174 4646 2227 4698 in
2266 4644 2563 4699 solitudine
2592 4644 2961 4698 obtruncatos
2992 4651 3221 4696 mortem
3246 4641 3454 4695 obiissc

1891 4737 2165 4806 prodituro
2200 4736 2308 4790 sit?
2331 4735 2473 4800 Quin
2503 4735 2749 4788 nonnulli
2791 4749 3031 4803 quoque,
3054 4732 3315 4800 flagrante
3353 4734 3453 4784 ad-

1891 4830 1997 4883 huc
2054 4828 2222 4891 crede,
2258 4828 2325 4882 iis
2355 4828 2447 4897 qui
2496 4825 2882 4882 interfectores
2927 4832 3238 4895 quaererent
3282 4824 3451 4877 duces

1890 4938 1949 4976 se
1999 4920 2370 4991 praebuerunt,
2449 4920 2861 4987 effeceruntque
2932 4918 3008 4971 uti
3061 4916 3357 4971 facinorosi
3383 4916 3448 4969 ad

1892 5014 2120 5068 luendas
2151 5027 2348 5083 pmnas
2383 5013 2738 5066 ducerentur.
3310 5024 3315 5029 ‘

1958 5105 2014 5158 S.
2058 5103 2213 5172 (ἔγρῃ.
2244 5103 2385 5157 Naz.
2410 5135 2477 5144 ο-
2514 5102 2969 5155 Chamaeleontem
3021 5099 3202 5152 ferunt
3235 5099 3445 5152 colores

1889 5198 2119 5251 subinde
2177 5212 2368 5249 omnes
2400 5208 2709 5254 assmnere,
2738 5191 2982 5246 candore
3035 5206 3145 5243 uno
3195 5198 3441 5259 excepto.

1956 5284 2145 5353 Ejusd.
2214 5296 2349 5338 orat.
2384 5285 2418 5337 9..
2450 5282 2512 5336 de
2548 5282 2729 5339 Theol.
2763 5314 2831 5325 ——
2869 5282 3002 5347 Quis
3057 5289 3277 5333 cautum
3312 5296 3444 5333 con-

1888 5375 2019 5428 texit
2063 5388 2260 5443 cycno,
2297 5389 2415 5426 cum
2442 5373 2507 5425 ad
2540 5383 2728 5425 ventos
2779 5371 2977 5439 pennis
3001 5373 3281 5438 expansis,
3312 5371 3467 5423 stri-.

1885 5464 2068 5517 dolum
2100 5480 2317 5518 carmen
2366 5462 2640 5517 ell‘undit?
2688 5462 2966 5517 Uudenam
2998 5460 3238 5513 Medicus
3272 5460 3362 5513 ille
3390 5469 3443 5514 et

1886 5570 2149 5624 arrogans
2213 5570 2371 5623 pavo,
2434 5554 2723 5621 elegantize
2776 5560 2828 5605 et
2862 5552 3051 5622 gloria:
3104 5565 3279 5618 usque
3307 5550 3441 5603 adeo

1884 5646 2113 5715 cupidus
2142 5647 2269 5700 est?
2299 5645 2512 5699 Etenim
2550 5646 2806 5699 decorem
2847 5660 3005 5698 suum
3044 5641 3161 5710 ipse
3191 5656 3444 5708 comper-

1883 5740 2211 5806 tumlhabct;
2246 5753 2479 5806 cumque
2505 5738 2735 5805 aliquem
2759 5736 2822 5788 ad
2853 5734 3082 5788 feminas
3109 5731 3329 5802 propius
3350 5746 3468 5781 ac-.

1883 5830 2160 5885 cedentem
2196 5830 2390 5891 cernit,
2421 5828 2707 5888 ambitiose
2725 5842 2867 5890 sese,
2897 5835 2953 5877 ut
2977 5825 3147 5887 aiunt,
3178 5830 3435 5887 ostentat,
