2078 3116
197 181 251 216 665

773 172 812 203 ΙΝ
833 171 949 203 EPIST.
971 170 1020 199 AD
1035 169 1213 201 CORINTH.
1234 170 1260 202 Ι.

1767 167 1820 199 666

199 239 247 266 καὶ
262 237 277 264 δ
296 236 355 263 ἔστι
377 232 512 265 διακονία,
529 229 610 258 τοῦτό
629 229 684 256 ἐστι
703 228 752 255 καὶ
767 227 902 263 ἐνέργεια.
923 225 985 260 Τὴν
1001 248 1003 254 .

1055 226 1138 253 tratio
1155 230 1218 254 est:
1244 229 1273 252 et
1292 225 1367 260 quod
1389 225 1566 258 ministratio,
1575 224 1629 253 hoc
1648 229 1675 253 et
1686 225 1819 266 operatio.

198 284 253 318 τὰρ
263 281 422 309 διακονίαν
446 287 516 314 μου,
546 276 624 311 φησὶ,
640 274 904 308 πεπληροφόρηκα·
920 272 980 304 καὶ,

201 316 426 365 ἀνθ-διακονίαν
435 333 494 360 μου
517 322 638 356 δοξάζω.
666 321 722 348 Καὶ
741 318 876 355 Τιμοθέῳ,
906 316 986 362 Ἀναέ

196 359 358 412 μιλινήσκω
371 380 409 400 σε
422 359 624 404 ἀναζωπυρεῖν
635 367 669 395 τὸ
685 366 818 402 χάρισμα
833 364 887 392 τοῦ
898 359 984 395 Θεοῦ,

200 407 291 450 dsint
301 420 336 447 ὲν
352 418 415 447 σοι.
434 416 491 444 Καὶ
511 414 648 445 Γαλάταις
661 421 669 429 ·
690 412 726 439 ⁸ο
746 411 802 446 γὰρ
819 407 986 443 ἐνεργήσας

199 466 299 500 Πέτρῳ
323 465 367 497 είς
393 459 577 496 περιτομὴν,
599 458 750 493 ἐνήργησε
778 454 867 490 κάμοί
889 454 933 486 είς
948 451 986 479 τὰ

200 499 284 546 ἔθνὴ.
302 510 385 545 Ὁρᾷς
401 508 442 535 ὅτι
454 505 567 541 οὐδεμία
575 504 649 532 ἐστὶν
666 502 785 538 διαφορὰ
801 499 983 536 χαρίσματος,

201 558 248 586 καὶ
260 555 408 587 διακονίας,
422 554 469 581 καὶ
483 550 634 588 ἐνεργείας.

237 604 309 638 Ὀρα
335 600 394 632 πῶς
420 598 558 633 πανταχοῦ
573 596 676 631 ταύτην
694 594 812 621 ποιεῖται
838 592 887 628 τὴν
902 599 988 626 προσ-

202 631 300 685 θήκην,
314 647 349 674 ἐν
359 631 399 678 ni)
409 643 489 676 αὺτῷ
502 631 661 677 Πνεύματι,
675 640 763 674 λέγων
775 646 783 655 υ
795 631 854 669 καὶ,
868 636 944 664 κατὰ
955 635 988 662 τὸ

202 681 275 722 animi
286 691 416 726 Πνεῦμα.
431 687 506 717 Οἶδεν
520 688 575 723 γὰρ
595 686 717 722 μεγάλην
729 682 813 712 οὖσαν
832 683 882 718 τὴν
896 681 988 709 ἐντεῦ-

204 741 249 767 θεν
261 738 445 774 παράκλησιν.
464 735 546 762 Ὥστε
577 734 603 759 εί
629 731 708 758 τοῦτο
732 728 895 761 σπουδάζεις
925 728 988 754 ὲπι-

204 771 403 818 δείξασδαιβέι
419 780 531 815 Πνεῦμα
553 778 635 814 ἔχεις,
661 776 756 803 τούτου
772 774 845 810 ἔχεις
861 773 910 808 τὴν
923 771 991 799 ἁπό-

1037 271 1084 299 Ait
1100 272 1192 299 enim:
1211 270 1390 299 Ministerium
1411 279 1497 298 meant
1522 270 1626 305 implevi
1642 270 1682 302 ⁸¹;
1704 261 1741 302 εἰ,
1767 268 1822 296 Mi-

1038 317 1181 345 nisterium
1202 325 1289 344 meum
1314 316 1462 351 honoriﬁco
1476 316 1511 343 ⁸³.
1540 315 1574 343 Ει
1589 315 1623 342 ad
1646 314 1822 342 Timotheum

1039 363 1151 399 inquit:
1177 363 1230 391 Sed
1259 371 1351 390 moneo
1365 368 1390 403 te
1408 367 1438 390 ut
1466 362 1608 390 resuscitat
1625 361 1741 397 gratiam
1762 359 1822 392 Dei,

1039 419 1097 446 qua:
1109 414 1148 438 est
1161 410 1189 438 in
1205 414 1230 437 te
1246 409 1280 437 ⁸⁸.
1296 409 1421 444 Itemque
1437 408 1471 436 ad
1487 407 1599 436 Galatas
1612 416 1618 434 :
1635 407 1685 440 Qui
1701 410 1824 441 operatus

1040 459 1079 483 est
1107 454 1189 482 Petro
1214 455 1243 481 in
1260 453 1500 486 circumcisionem,
1514 457 1638 486 operatus
1662 455 1701 479 est
1719 456 1744 478 et
1760 450 1824 477 mihi

1040 502 1068 530 in
1081 506 1169 537 gentes
1186 501 1222 529 ⁸³.
1234 500 1321 529 Vides
1336 500 1496 528 nullatenus
1511 499 1622 528 differre
1630 498 1750 534 gratiam
1767 497 1827 525 sive

1042 548 1157 580 donum,
1177 546 1483 581 ministrationemque,
1500 549 1528 573 et
1540 544 1743 580 operationem.

1077 592 1178 627 Aspice
1200 591 1340 627 quomodo
1360 590 1464 625 ubique
1487 589 1540 617 hoc
1567 587 1662 621 addat,
1682 588 1710 615 in
1736 586 1827 614 eodem

1043 637 1147 672 Spiritu
1162 644 1172 669 ;
1192 640 1231 669 et,
1245 635 1389 664 secundum
1402 636 1522 663 euntdem
1544 634 1685 669 Spiritum.
1708 633 1829 661 Noverat

1043 683 1117 711 enim
1144 689 1274 718 magnum
1305 681 1369 709 inde
1399 680 1600 709 consolationis
1630 682 1826 714 argumentum

1044 728 1128 756 sumi.
1140 728 1237 763 Itaque
1252 728 1276 756 si
1297 727 1446 755 ostendere
1460 725 1561 754 niteris
1580 730 1607 753 te
1629 724 1765 760 Spiritum
1779 724 1830 751 ha-

1044 774 1214 809 bere,hujus
1233 774 1499 802 demonstrationem
1526 772 1611 799 habes
1627 779 1660 799 eo
1685 769 1758 806 quod
1779 770 1830 797 ba-

204 815 286 862 δειέιν
302 826 411 856 ἀπὸτοῦ
432 824 626 861 βαπτισθῆναι.
641 821 687 857 Τῷ
708 821 737 847 δὲ
760 819 868 854 ἀπίστῳ
880 817 993 852 οὐδαμό-

1053 821 1165 848 )tizatus
1179 821 1230 848 sis.
1246 819 1355 847 inﬁdeli
1370 827 1438 849 vero
1461 818 1488 846 id
1511 818 1688 853 perspicuum
1699 824 1754 844 non
1767 815 1829 848 erit,

206 879 252 906 θεν
265 877 340 904 ἔσται
353 874 431 910 τοῦτο
441 869 607 906 καταφανὲς,
623 869 679 897 ἀλλ’
691 869 708 903 ἢ
721 867 775 895 άπὸ
788 866 842 893 τῶν
857 864 991 900 σημείων,

205 923 278 950 ὥστε
308 909 372 948 κᾶν
391 918 513 946 ὲντεῦθεν
540 916 635 948 πάλιν,
664 914 694 941 οὺ
720 912 808 948 μικρὰ
820 909 993 946 παραμυθία.

208 966 310 1003 Είγὰρ
336 964 384 992 καὶ
412 964 447 991 τὰ
472 962 631 998 χαρίσματα
658 959 784 993 διάφορα,
821 955 926 1003 eius
949 954 996 981 Ev-

207 999 368 1046 sstE‘tq'pia,
385 1008 436 1036 κᾶν
453 1007 520 1034 πολὺ
538 1005 641 1042 μεῖζον,
663 1004 680 1039 ἢ
710 1003 812 1037 ὀλίγον,
835 999 936 1036 ὁμοίως
954 999 995 1030 είς

209 1066 300 1085 αυτον.

246 1112 256 1128 ι
276 1101 306 1130 '0
322 1102 350 1128 δὲ
364 1099 445 1132 αὑτός
462 1099 522 1126 ἐστι
549 1096 625 1130 Θεὸς,
645 1097 659 1123 6
679 1093 799 1130 ἐνεργῶν
814 1093 850 1119 τὰ
866 1091 955 1119 πάντα
968 1090 998 1118 ἒν

211 1148 304 1174 πᾶσιν.
330 1146 455 1180 Ἐκάστῳ
479 1143 518 1171 δὲι
530 1143 632 1169 δίδοται
649 1142 666 1176 ἠ
682 1140 836 1175 φανέρωσις
848 1137 895 1165 τοῦ
912 1135 998 1164 Ilvati-

214 1200 299 1228 ματος
314 1191 384 1226 πρὸς
400 1189 430 1216 τὸ
441 1188 594 1224 συμφέρον.
613 1196 623 1213 )

246 1236 304 1263 Ἵνα
318 1225 356 1272 μη
369 1243 412 1266 τις
425 1233 503 1270 λέγῃ,
517 1233 548 1259 El
557 1232 604 1259 καὶ
613 1231 694 1262 αὐτὸς
705 1230 821 1265 Κύριος,
833 1227 881 1255 καὶ
890 1226 921 1253 τὸ
933 1225 1000 1254 αὐτὸ

212 1283 336 1317 Πνεῦμα,
363 1280 412 1308 καί¹
435 1281 449 1306 6
472 1279 553 1311 αὐτὸς
566 1277 644 1310 Θεδς,
665 1276 724 1304 ἀλλ’
743 1275 799 1310 ἐγὼ
820 1274 931 1301 ἔλαττον
960 1272 999 1299 εί-

213 1329 296 1364 ληφα·
314 1327 406 1363 φησὶν,
421 1325 500 1353 οὕτω
512 1324 670 1359 συνέφερεν.
688 1321 773 1349 Ὅταν
787 1319 845 1352 οὖν,
861 1319 938 1354 φησὶ,
952 1317 1000 1345 καὶ

214 1363 256 1406 εἷς
282 1374 296 1400 6
321 1371 456 1404 δεδωκὼς,
483 1371 531 1397 καὶ
557 1369 680 1405 χάρισμα
707 1368 738 1395 τὸ
766 1366 808 1393 σοὶ
835 1365 922 1398 δοθὲν,
952 1363 1001 1390 καὶ

214 1420 232 1458 ή
244 1418 399 1454 φανέρωσις
411 1416 536 1444 ἐντεῦθεν
544 1415 659 1450 γίνεται,
673 1411 805 1441 καὶτοῦτο
815 1410 914 1448 μᾶλλον
929 1417 1000 1444 συμ-

215 1455 305 1500 φέρει,
321 1463 358 1500 μὴ
372 1462 450 1497 ἄλγει
461 1461 499 1493 ὡς
509 1459 735 1497 καταφρονηθείς.
748 1459 785 1486 Οὺ
794 1458 847 1494 γὰρ
858 1455 1001 1492 ἀτιμάζων

217 1495 248 1538 σε
254 1495 334 1538 τοῦτο
344 1495 506 1543 ⁸ίιιεπιίίηκεν,
519 1506 587 1534 ἀλλὰ
593 1495 624 1533 τὸ
631 1504 771 1541 συμφέρον
781 1502 900 1530 σκοπῶν.
912 1500 1003 1528 Φανέ-
1015 1495 1037 1525 C

214 1564 311 1592 ρωσιν
317 1556 352 1583 δὲ
360 1555 532 1590 Πνεύματος
542 1553 626 1587 λέγει,
634 1552 674 1585 τὺ,
684 1551 714 1578 ἓν
722 1559 748 1577 τι
758 1549 814 1577 τῶν
823 1547 1002 1585 χαρισμάτων

218 1591 321 1630 λαϐεῖν.
349 1599 427 1636 Ἐμοὶ
462 1599 511 1634 μὲν
537 1598 591 1633 γὰρ
608 1596 647 1632 τῷ
671 1595 758 1631 πιστῷ
770 1595 851 1630 δῆλος
864 1595 878 1620 6
891 1591 1004 1627 Πνεῦμα

218 1649 297 1685 ἔχων.

256 1747 267 1765 ι
288 1734 324 1774 ᾯ
352 1737 402 1772 μὲν
424 1735 478 1772 γὰρ
501 1734 546 1761 διὰ
561 1733 608 1761 τοῦ
630 1731 789 1768 Πνεῦματος
809 1730 908 1757 δίδοται
927 1728 1005 1763 λόγος

221 1785 331 1819 σοφίας·
346 1782 419 1817 ἄλλῳ
443 1781 471 1808 δὲ
491 1781 569 1814 λόγος
590 1778 729 1814 γνώσεως,
751 1776 822 1804 κατὰ
845 1775 876 1802 τὸ
897 1773 963 1801 αὐτὸ
975 1773 1006 1800 τὸ

221 1829 343 1865 Πνεῦμα.
365 1828 468 1863 Ἐτέρῳ
492 1826 521 1853 δὲ
537 1825 629 1857 πίστις
651 1826 680 1851 έν
693 1823 732 1859 τῷ
747 1822 821 1857 αὐτῷ
843 1820 1003 1855 Πνεύματι·

221 1875 294 1911 ἄλλῳ
307 1874 336 1901 δὲ
353 1872 510 1909 χαρίσματα
533 1870 656 1906 ἰαμάτων
672 1870 701 1896 ἐν
719 1868 758 1904 τῷ
781 1867 822 1894 έν).
847 1865 1004 1900 Πνεύματι’

222 1921 294 1956 ἄλλῳ
320 1920 348 1946 δὲ
379 1918 554 1954 ἐνεργήματα
578 1915 717 1951 δυνάμεων
731 1922 738 1928 ·
763 1913 836 1948 ἄλλῳ
851 1911 879 1938 δὲ
902 1918 1008 1946 προφη-

222 1954 297 1993 τεία·
314 1964 386 1999 ἄλλῳ
399 1963 428 1990 δὲ
438 1961 589 1998 διακρίσεις
601 1960 775 1995 πνευμάτων.
796 1967 805 1984 ι
996 1954 999 1959 ”

256 2011 290 2038 Τί
309 2011 367 2037 ἐστι
389 2009 468 2044 λόγος
498 2007 611 2042 sergius;
637 2005 667 2032 τὺ
688 2005 736 2032 καὶ
751 2003 831 2031 αὑτὸν
847 2001 928 2038 σοφδν
938 1999 1008 2029 εἷναί

223 2067 295 2091 τινα,
310 2057 357 2084 καὶ
371 2056 468 2086 ἄλλους
483 2053 614 2081 δύνασθαι
628 2052 707 2079 τοῦτο
732 2051 828 2077 ποιεῖν.
840 2050 873 2076 Τί
887 2050 915 2076 δὲ
930 2049 1009 2083 λόγος

224 2103 369 2139 γνώσεως;
385 2102 416 2129 τὸ
431 2100 531 2136 γνῶσιν
545 2099 594 2135 μὲν
606 2098 679 2134 ἔχειν
695 2097 743 2124 καὶ
754 2096 853 2124 ειδέναι
864 2095 898 2122 τὰ
905 2095 1009 2130 μυστή-

226 2142 282 2186 ρὶα,
295 2149 431 2176 διδάσκειν
459 2147 488 2173 δὲ
519 2145 555 2181 μὴ
574 2143 714 2175 δύνασθαι,
737 2142 805 2178 μηδὲ
821 2142 861 2174 είς
874 2140 952 2168 ἄλλον
965 2139 1009 2172 ὲξ-
1024 2163 1046 2190 D

225 2197 347 2231 ενεγκεῖν
367 2193 486 2225 εὐκόλως
517 2192 589 2227 άπερ
616 2190 701 2218 ἐστίν.
718 2190 751 2216 Τι
769 2189 797 2215 δέ
818 2189 877 2215 ἐστι
897 2187 989 2219 πίστις
999 2196 1013 2221 ;-

225 2244 275 2270 οὐκ
283 2241 352 2278 αὐτὴ
365 2242 382 2276 ὴ
392 2240 446 2267 τῶν
461 2238 615 2274 δογμάτων,
632 2236 690 2264 ἀλλ’
703 2237 720 2271 ἠ
729 2236 783 2262 τῶν
799 2233 930 2271 σημείων,
946 2233 1010 2267 περὶ

225 2287 259 2325 ἧς
270 2288 362 2323 ἔλεγον
378 2287 403 2314 οἱ
422 2285 576 2316 ἀπόστολοι,
591 2284 724 2318 Πρόσθες
740 2282 813 2316 ἡμῖν
823 2281 944 2308 πίστιν·
963 2280 1012 2307 καὶ

227 2335 292 2369 περὶ
305 2331 341 2369 ἧς
371 2333 478 2369 εἴρηται
492 2350 499 2363 ,
521 2330 591 2357 Ἐὰν
615 2329 703 2363 ἔχητε
727 2328 831 2355 πίστιν
847 2327 887 2360 ὡς
900 2326 1012 2354 κόκκον

226 2379 389 2411 σινάπεως.
400 2377 474 2412 Δῦτη
497 2377 552 2412 γὰρ
569 2376 586 2411 ὴ
607 2376 698 2411 μήτηρ
715 2373 770 2401 τῶν
792 2373 913 2409 σημείων
928 2371 1012 2401 ὲστίν.

229 2426 312 2453 Ἀλλο
322 2425 352 2452 δέ
364 2425 437 2451 ἐστιν
452 2423 626 2459 ἐνεργήματα
635 2420 787 2456 δυνάμεων,
798 2420 844 2447 καὶ
855 2419 1014 2456 χαρίσματα

230 2473 352 2507 ἰαμάτων
365 2470 484 2506 ἐχειν.’0
497 2469 546 2504 μὲν
556 2468 610 2504 γὰρ
622 2467 782 2503 χαρίσματα
799 2466 921 2502 ἰαμάτων
934 2465 1014 2501 ἔχων,

231 2517 305 2544 ἰᾶται
317 2516 397 2551 μόνον
406 2522 414 2530 '
429 2515 444 2541 6
458 2514 485 2541 δὲ
500 2513 674 2548 ἐνεργήματα
687 2512 826 2547 δυνάμεων
836 2510 1014 2546 κεκτημένος,

230 2563 282 2589 οὐκ
303 2562 377 2588 ἰᾶται
394 2560 485 2595 μόνον,
500 2559 569 2587 ἀλλὰ
583 2559 629 2585 καὶ
645 2558 754 2589 κολάζει
766 2564 774 2572 ·
790 2556 884 2591 ὥσπερ
904 2557 917 2583 6
938 2555 1017 2583 Ἀπό-

233 2607 326 2639 στολος
339 2605 471 2641 ἐπώρωσε
483 2605 530 2632 τὸν
551 2604 637 2640 μάγον
648 2611 654 2619 ·
671 2603 767 2639 ὥσπερ
780 2603 794 2629 6
811 2602 914 2638 Πέτρος
927 2602 1017 2629 ἀνεῖλε

211 2656 214 2659 ‘
232 2652 278 2679 τδν
298 2651 431 2678 ’Λνανίαν.
456 2650 597 2686 Διάκρισις
614 2649 642 2676 δὲ
668 2648 832 2684 πνευμάτων
848 2648 917 2680 ὲοτὶ,
932 2648 963 2674 τὸ
980 2648 1019 2678 εί-

233 2697 306 2724 δέναι
321 2696 364 2728 τίς
379 2697 393 2723 ὁ
410 2694 607 2731 πνευματικὸς,
623 2695 669 2721 καὶ
683 2694 723 2725 τίς
735 2694 748 2720 6
762 2694 799 2729 μὴ
814 2693 1016 2729 πνευματικός·

233 2741 275 2773 τίς
288 2742 302 2768 6
311 2741 466 2777 προφήτης,
483 2740 532 2766 καὶ
544 2739 586 2771 τίς
595 2740 608 2765 6
620 2738 758 2765 ἀπατεὼν.

1047 866 1102 894 nisi
1121 873 1171 902 per
1186 865 1266 901 signa
1280 868 1308 893 et
1327 864 1463 900 prodigia.
1483 865 1573 899 Atque
1588 862 1631 890 vel
1644 870 1677 889 ex
1693 860 1832 896 lohhoc

1046 913 1145 942 saltem
1161 912 1263 947 capite,
1280 918 1336 939 non
1352 918 1451 945 parum
1460 908 1662 937 consolationis
1680 907 1831 942 percipias.

1047 960 1211 994 Quanquam
1228 958 1303 986 enim
1325 957 1404 985 varia
1416 956 1489 984 dona
1510 959 1586 988 sunt,
1601 961 1658 982 una
1680 958 1770 980 tamen
1789 956 1832 979 est

1047 1003 1233 1032 maniiestatio
1247 1012 1255 1037 ;
1273 1007 1300 1031 et
1317 1002 1376 1030 sive
1391 1008 1521 1036 magnum
1538 1000 1576 1028 sit
1588 999 1647 1027 sive
1660 1004 1787 1033 parvum,
1799 997 1833 1023 ad

1048 1050 1138 1086 ipsum
1153 1049 1266 1085 perinde
1278 1047 1452 1076 referendum
1468 1051 1522 1074 est.

1087 1107 1097 1124 ι
1120 1097 1192 1125 Idem
1212 1103 1278 1124 vero
1299 1095 1385 1127 Deus,
1399 1094 1446 1129 qui
1468 1097 1598 1129 operatur
1619 1089 1711 1118 omnia
1733 1089 1761 1115 in
1776 1095 1835 1115 om-

1049 1140 1281 1178 nibus.[Vens.7.]
1300 1140 1453 1173 Unicuique
1468 1141 1560 1164 autem
1577 1135 1659 1163 datur
1672 1133 1834 1162 manifesta-

1048 1189 1088 1217 tio
1101 1187 1221 1223 Spiritus
1238 1185 1272 1213 ad
1287 1185 1448 1212 utilitatem.
1474 1192 1483 1209 ι

1083 1233 1124 1260 Ne
1146 1232 1210 1267 quis
1234 1231 1321 1263 dicat,
1349 1229 1402 1257 etsi
1429 1227 1561 1255 Dominus
1584 1225 1667 1257 idem,
1689 1224 1741 1252 etsi
1764 1223 1835 1250 idem

1051 1276 1183 1313 Spiritus,
1200 1275 1253 1303 etsi
1267 1274 1337 1302 idem
1353 1273 1425 1301 Deus
1436 1276 1498 1306 est;
1515 1275 1558 1299 ast
1571 1278 1621 1306 ego
1639 1270 1730 1297 minus
1757 1275 1837 1295 acee-

1050 1324 1092 1359 pi;
1109 1321 1213 1350 idcirco
1227 1319 1284 1348 ait:
1296 1321 1339 1346 Ita
1356 1317 1530 1354 expediebat.
1547 1315 1616 1343 Cum
1632 1315 1716 1347 enim,
1736 1313 1836 1348 inquit,

1024 1400 1038 1405 _
1050 1358 1123 1395 unus
1137 1365 1256 1402 largitor
1273 1365 1321 1399 sit,
1340 1371 1373 1392 ae
1388 1369 1446 1391 tum
1468 1368 1634 1390 concessum
1657 1359 1706 1387 tibi
1722 1358 1838 1390 donum,

1051 1417 1110 1441 tum
1123 1412 1185 1447 ejus
1202 1409 1392 1438 manifestatio
1415 1416 1449 1437 ex
1465 1407 1561 1436 eadem
1579 1412 1664 1434 causa
1687 1403 1838 1435 exsistant,

1052 1460 1135 1495 idque
1149 1458 1198 1486 tibi
1213 1457 1310 1485 utilius
1326 1456 1373 1490 sit,
1390 1463 1424 1483 ne
1440 1457 1540 1482 mdeste
1563 1453 1636 1480 feras
1651 1459 1684 1479 ac
1703 1451 1727 1478 si
1751 1449 1839 1485 despi-

1054 1506 1138 1534 ciare.
1155 1503 1214 1532 Non
1231 1503 1303 1531 enim
1328 1502 1356 1530 id
1372 1501 1438 1528 fecit
1455 1505 1484 1527 ut
1507 1503 1533 1527 te
1551 1499 1687 1526 dedecore
1707 1503 1838 1532 asperge-

1053 1555 1111 1586 ret;
1129 1550 1178 1579 sed
1194 1548 1327 1584 spectavit
1339 1547 1432 1583 potius
1445 1545 1519 1581 quod
1534 1543 1742 1572 convenientius
1755 1540 1837 1569 foret.

1054 1598 1140 1626 Porro
1165 1595 1411 1630 manifestationem
1432 1592 1550 1627 Spiritus
1572 1594 1665 1624 vocat,
1682 1596 1767 1617 unum
1788 1589 1840 1616 ali-

1054 1643 1127 1680 quod
1143 1643 1277 1670 donorum
1299 1640 1436 1675 accipere.
1451 1638 1516 1666 Mihi
1532 1644 1650 1672 namque
1664 1635 1713 1671 qui
1732 1643 1793 1663 sum
1810 1635 1841 1661 li-

1054 1689 1134 1722 dclis,
1148 1686 1311 1715 manifestus
1326 1690 1368 1713 est
1380 1684 1427 1720 qui
1443 1683 1579 1719 Spiritum
1599 1682 1710 1709 habeat.

1090 1734 1174 1762 Vens.
1194 1732 1272 1760 8-l0.
1298 1740 1308 1758 ι
1337 1731 1393 1758 Alii
1421 1733 1514 1757 autem
1537 1736 1585 1764 per
1606 1727 1739 1762 Spiritum
1761 1725 1843 1752 datur

1056 1786 1148 1808 sermo
1170 1778 1330 1813 sapientiae:
1348 1776 1395 1803 alii
1421 1779 1513 1803 autem
1539 1780 1630 1801 sermo
1651 1772 1777 1800 scientiae
1799 1778 1841 1798 se—

1056 1824 1176 1853 cundum
1191 1823 1315 1851 eumdem
1342 1821 1490 1856 Spiritum.
1504 1819 1589 1847 Alteri
1606 1818 1674 1846 ﬁdes
1698 1817 1726 1844 in
1746 1817 1842 1844 eodem

1057 1871 1182 1907 Spiritu:
1201 1870 1249 1897 alii
1261 1869 1349 1905 gratia
1362 1868 1517 1897 sanitatum
1536 1867 1564 1894 iu
1576 1873 1633 1893 uno
1649 1864 1753 1900 Spiritu
1767 1872 1774 1890 :
1796 1863 1843 1890 alii

1057 1918 1232 1954 operationes
1245 1916 1378 1943 virtutum
1389 1936 1397 1949 ,
1413 1914 1459 1942 alii
1475 1912 1631 1949 prophetia,
1648 1911 1696 1939 alii
1711 1909 1844 1938 discretio

1057 1965 1216 2000 spirituum.
1236 1972 1245 1989 ι

1093 2010 1230 2043 Quidnam
1247 2012 1290 2036 est
1302 2008 1348 2035 ille
1363 2013 1455 2035 sermo
1474 2004 1641 2040 sapientiae?
1659 2002 1756 2037 utique
1771 2000 1843 2036 quod

1058 2055 1122 2091 quis
1142 2055 1253 2089 sapiens
1276 2053 1322 2085 sit,
1336 2055 1363 2078 et
1379 2051 1448 2078 alios
1469 2049 1553 2085 possit
1583 2047 1721 2082 sapientes
1744 2046 1844 2072 facere.

1059 2100 1208 2129 Seieutiam
1223 2098 1337 2129 habere,
1357 2100 1400 2124 est
1416 2103 1498 2123 nosse
1510 2093 1621 2129 quidem
1636 2091 1779 2127 mysteria,
1797 2089 1844 2118 sed

1060 2155 1117 2176 non
1132 2150 1163 2173 ut
1181 2153 1213 2173 ea
1228 2144 1328 2172 docere
1351 2142 1399 2170 ille
1413 2145 1506 2177 queat,
1524 2144 1552 2168 et
1571 2139 1651 2166 alteri
1665 2137 1763 2165 etl‘erre
1786 2143 1847 2170 qua:

1061 2195 1122 2230 ipsa
1143 2193 1211 2221 sint.
1228 2189 1366 2224 Quidnam
1394 2194 1458 2215 vero
1484 2185 1571 2214 ﬁdes?
1599 2191 1655 2212 non
1674 2190 1707 2210 ea
1727 2185 1769 2210 est
1793 2188 1847 2215 qua

1061 2227 1196 2275 dogmatis
1211 2236 1371 2267 credimus;
1389 2233 1436 2262 sed
1456 2239 1510 2268 qua
1531 2231 1617 2267 signis
1650 2232 1677 2257 et
1700 2227 1847 2264 prodigiis.

1062 2273 1169 2320 De_qua
1184 2282 1314 2310 nimirum
1333 2280 1461 2308 dicebant
1476 2277 1593 2314 apostoli
1612 2286 1618 2304 :
1640 2275 1750 2310 Adauge
1773 2273 1849 2301 nobis

1064 2319 1143 2367 ﬁdem
1158 2330 1192 2357 ".
1211 2329 1248 2357 De
1266 2335 1325 2363 qua
1349 2333 1459 2354 rursum
1474 2324 1604 2363 Christus
1619 2332 1626 2350 :
1647 2321 1677 2349 Si
1692 2319 1848 2351 habueritis,

1063 2377 1165 2413 inquit,
1182 2375 1262 2411 ﬁdem
1287 2374 1358 2402 sicut
1380 2379 1495 2408 granum
1518 2369 1621 2404 sinapis
1635 2368 1670 2395 ³⁷.
1691 2366 1755 2393 Haec
1775 2365 1849 2392 enim

1064 2410 1207 2459 sig-norum
1221 2425 1264 2449 est
1281 2426 1393 2456 parens.
1410 2416 1492 2445 Aliud
1511 2420 1602 2443 autem
1614 2417 1657 2441 est
1673 2410 1850 2449 operationes

1065 2468 1198 2497 virtutum
1215 2455 1328 2497 habere,
1344 2468 1372 2492 et
1388 2462 1461 2491 aliud
1486 2461 1558 2489 dona
1576 2458 1763 2487 sanationum.
1779 2455 1850 2482 Nam

1066 2514 1114 2550 qui
1133 2511 1308 2541 sanationum
1323 2509 1457 2537 duntaxat
1470 2506 1542 2533 dona
1563 2504 1655 2535 habet,
1667 2502 1713 2529 hic
1728 2504 1850 2527 lautum-

1067 2546 1149 2587 modo
1163 2559 1249 2584 sanat.
1265 2554 1316 2588 Qui
1330 2560 1396 2581 vero
1406 2549 1583 2586 operationes
1599 2547 1684 2575 habet
1705 2546 1851 2575 virtutum.

1071 2612 1125 2634 non
1140 2594 1228 2631 solum
1242 2603 1332 2632 sanat,
1341 2604 1437 2626 verum
1452 2600 1479 2624 et
1494 2594 1577 2622 infert
1591 2599 1699 2629 pmnas.
1714 2589 1852 2624 Quemad-

1071 2650 1184 2678 modum
1199 2653 1297 2682 nempe
1318 2642 1468 2679 Apostolus
1484 2647 1593 2675 magum
1613 2636 1763 2666 ohea-eavit
1777 2635 1812 2668 ⁸³,
1827 2639 1854 2662 et

1072 2695 1171 2723 Petrus
1185 2679 1320 2719 Ananiam
1338 2687 1473 2716 exstinxit
1487 2686 1521 2713 ⁸⁸.
1545 2684 1632 2712 Porro
1653 2681 1782 2711 discretio
1797 2679 1854 2715 spi-

1071 2737 1176 2764 rituum
1188 2737 1242 2765 est,
1254 2737 1369 2759 noscere
1384 2729 1447 2764 quis
1460 2726 1619 2763 spiritualis
1631 2725 1710 2756 sit,et
1724 2723 1786 2759 quis
1801 2729 1855 2750 non

1074 2780 1245 2817 spiritualis:
1261 2777 1324 2812 quis
1335 2775 1479 2812 propheta,
1489 2778 1515 2802 et
1528 2772 1590 2808 quis
1603 2772 1715 2807 planus.

273 2840 296 2856 ⁸¹
317 2839 396 2867 “om.
415 2839 512 2866 11-15.
544 2839 567 2855 ⁸³
585 2839 651 2868 ibid.
671 2872 678 2874 _
698 2839 720 2856 ⁸³
731 2839 751 2868 11
763 2838 833 2867 Tim.
851 2846 870 2871 ι,
893 2838 918 2866 6.
958 2838 1003 2866 ⁵³(

1053 2842 1079 2868 ιι.
1095 2845 1124 2871 ιι,
1144 2839 1171 2870 8.
1209 2835 1233 2851 ⁸⁸
1251 2834 1316 2863 Luc.
1334 2839 1400 2865 xru,
1413 2830 1439 2858 (5.
1466 2829 1488 2847 ⁸⁷
1506 2828 1603 2857 Matth.
1619 2834 1687 2861 xvu,
1703 2825 1747 2855 l9.
1761 2824 1857 2852 "Act.

234 2882 296 2909 xm,
312 2875 355 2903 li.
368 2873 390 2890 "
404 2876 466 2902 Act.
480 2883 503 2908 ν,
