2078 3116
177 146 196 169 ,γ
223 116 274 148 667

807 112 837 142 S.
858 107 1258 142 JOANNIS'mAMASCENI

1796 105 1848 137 668

263 182 272 198 ι
295 172 348 199 Alii
370 178 470 207 genera
489 170 657 205 linguarum,
676 167 720 195 alii
740 165 932 202 interpretatio
950 174 1007 193 ser—

1099 174 1108 191 ι
1131 166 1232 202 Ἐτέρῳ
1259 165 1287 193 δὲ
1306 165 1373 201 γένη
1396 165 1545 199 γλωσσῶν
1565 165 1637 200 ἄλλῳ
1663 165 1691 192 δὲ
1716 165 1849 202 ἑρμηνεία

225 226 350 247 monum.
377 217 471 254 Dicas.
502 215 557 251 IL]
582 214 646 241 Haec
661 214 735 242 enim
758 213 852 241 omnia
879 215 1011 247 operatur

227 273 299 293 unus
312 268 339 292 et
359 264 430 291 idem
448 261 581 297 Spiritus.
604 270 613 286 ι

263 310 314 337 llic
334 309 407 336 enim
423 307 531 335 sciebat
544 305 612 341 quid
634 305 693 340 ipse
711 305 832 338 diceret;
859 304 908 332 sed
932 301 1016 338 alteri

228 361 358 382 enarrare
376 360 432 379 non
444 354 553 386 poterat
567 359 573 376 :
587 350 658 377 alius
676 351 738 378 haec
752 353 871 383 utraque
886 347 1013 384 posside-

228 399 284 431 bat,
303 398 384 432 idque
400 396 537 424 excellens
554 403 615 424 esse
637 395 740 422 donum
751 394 912 426 videbatur;
927 393 1013 429 quip-

229 451 262 479 pe
276 442 350 478 quod
364 443 455 478 ipsum
474 441 567 469 statim
580 447 745 468 concessum
763 439 897 473 apostolis
915 438 1013 465 fuerat.

230 489 365 523 Quoniam
384 495 451 523 ergo
470 487 586 515 nimium
614 485 799 514 eﬂ‘erebantur
816 484 890 519 quod
904 491 937 511 eo
957 483 1015 518 pri-

230 533 304 563 mum
317 533 433 569 apostoli
447 533 575 561 instructi
591 531 703 559 fuerant
716 531 801 564 dono,
817 534 960 565 postremo
975 529 1016 556 lo-

230 587 263 608 co
278 580 346 607 illud
361 579 471 606 statuit.

268 621 297 649 Si
316 621 438 656 Spiritus
452 620 598 655 dignitatis
622 623 666 647 est
693 617 836 646 inferioris
850 621 878 645 et
896 617 1015 645 alterius

232 671 349 698 natura,
365 671 398 694 ut
415 666 528 701 quidam
551 665 720 696 fabulantur,
745 664 813 691 nihil
832 663 944 698 prodest
959 663 1017 691 haec

232 712 396 745 consolatio,
408 719 458 739 nec
474 711 547 746 quod
560 711 715 742 audiamus,
728 709 797 736 idem
806 708 940 743 ‘Spiritus.
949 708 1017 735 Nam

232 760 279 794 qui
293 759 393 793 accipit
407 765 421 784 a
434 765 508 792 rege,
525 764 656 791 magnum
671 756 725 783 hoc
738 755 868 783 solatium
879 754 1017 786 habuerit,

232 803 305 839 quod
329 803 382 831 sibi
411 803 457 830 ille
481 802 600 837 largitus
618 801 665 829 sit.
688 800 741 833 Qui
765 799 856 827 autem
881 807 896 827 a
926 807 1018 832 servo,

233 836 299 878 tunc
316 849 390 877 dolet
407 848 506 883 magis,
522 836 633 882 quando
650 847 676 874 id
700 847 753 874 sibi
766 853 781 873 a
796 845 926 881 quopiam
942 845 1019 880 obji-'

1075 836 1129 883 λου,
1159 849 1220 876 τότε
1252 836 1351 884 μᾶλλον
1378 836 1471 883 ἀλγεῖ,

233 897 316 924 citur.
334 896 374 927 E_x
391 895 443 922 hoc
465 894 551 930 igitur
563 893 647 921 etiam
667 893 758 927 capite
772 893 859 928 liquet
882 892 1016 927 Spiritum

234 946 360 971 sanctum
379 948 434 970 non
447 940 567 974 servilis,
589 939 638 967 scd
656 939 738 974 regia:
760 939 925 966 substantia:
943 945 1014 966 esse.

270 1039 348 1074 Quod
372 1043 434 1067 ante
461 1038 496 1066 de
510 1037 592 1065 Patre
605 1037 726 1070 diccbat,
752 1036 807 1070 Qui
824 1040 950 1071 operatur
965 1043 1022 1063 am-

233 1078 278 1114 nia
295 1087 322 1112 in
334 1084 470 1115 omnibus,
489 1083 560 1111 idem
574 1083 656 1111 etiam
675 1083 728 1110 hoc
744 1082 772 1109 in
791 1082 852 1109 loco
868 1081 901 1108 de
915 1080 1021 1116 Spiritu

236 1132 314 1167 105
334 1130 505 1166 pronuntiat.
521 1128 584 1156 Hm:
601 1132 689 1155 autent
705 1124 797 1154 omnia
813 1131 940 1162 operatur
953 1135 1021 1154 unus

233 1183 259 1206 et
272 1178 341 1205 idem
355 1176 493 1212 Spiritus;
509 1180 536 1202 et
557 1174 658 1209 ubique
674 1174 777 1210 passim
800 1173 915 1200 honoris
931 1180 1023 1208 atqua-

234 1224 340 1251 litatem
354 1222 489 1250 declarat.
510 1220 589 1254 Quod
610 1225 700 1247 autem
726 1219 775 1253 ait,
793 1219 821 1245 in
838 1218 972 1251 omnibus,
988 1219 1022 1245 de

235 1267 396 1294 hominibus
408 1265 515 1292 dictum
531 1269 583 1292 est.
600 1264 781 1299 Nequaquam
803 1271 870 1291 vero
888 1262 1021 1299 Spiritum

234 1319 297 1340 eum
312 1311 470 1338 hominibus
486 1310 673 1338 accensueris.

272 1365 283 1383 ‹
300 1356 429 1384 Dividens
444 1356 560 1391 singulis
575 1358 654 1390 prout
671 1355 739 1383 vult.
758 1364 768 1382 ι

271 1402 331 1431 Non
346 1403 436 1430 solum
453 1402 624 1434 consolatur,
639 1409 733 1429 verum
750 1406 776 1430 et
792 1409 824 1430 os
840 1401 976 1435 obstruit,
1001 1401 1024 1430 si

237 1449 301 1484 quis
318 1447 385 1483 quid
403 1447 521 1476 cll‘utiat.
541 1447 608 1474 Nam
624 1448 646 1474 si
661 1447 810 1482 unicuique
826 1448 925 1475 dividit
943 1451 1026 1483 prout
1044 1450 1047 1451 ⁷

1062 210 1204 244 γλωσσῶν.
1220 211 1316 238 Πάντα
1330 211 1358 238 δὲ
1373 210 1459 237 ταῦτα.
1474 210 1582 246 ἐνεργεῖ
1591 209 1621 236 τὸ
1635 209 1663 237 ἓν
1675 210 1721 237 καὶ
1737 210 1767 237 τὺ
1784 210 1849 237 αὐτὸ

1063 255 1183 291 Πνεῦμα,
1203 265 1212 282 ι
1501 251 1502 255 ¹

1106 302 1136 329 '0
1154 303 1204 338 μὲν
1217 303 1270 338 γὰρ
1285 303 1343 339 ᾔδει
1358 302 1385 329 τί
1411 302 1504 336 ἔλεγεν
1520 301 1610 334 αὐτὸς,
1628 302 1700 338 ἄλλῳ
1718 302 1746 329 δὲ
1764 303 1852 338 ἑρμη-

1064 348 1158 376 νεῦσαι
1172 348 1222 375 οὐκ
1237 347 1400 382 hamato/0
1411 346 1438 373 δὲ
1455 347 1598 382 ἀμφότερα
1611 347 1696 374 ταῦτα
1708 347 1850 382 ἐκέκτητο.

1070 395 1172 422 Ἐδόκει
1181 394 1210 425 δὲ
1219 393 1297 420 τοῦτο
1310 392 1433 429 χάρισμα
1445 390 1513 419 εἶναι
1527 392 1607 427 μέγα,
1618 392 1710 426 ἐπειδὴ
1721 392 1768 419 καὶ
1777 391 1851 427 πρῶ-

1065 448 1110 467 τον
1129 439 1195 466 αὐτὸ
1220 437 1315 464 ἔλαϐον
1334 439 1358 465 οξ
1375 438 1526 466 ἀπόστολοι.
1550 437 1659 473 Ἐπειδὴ
1675 437 1764 463 τοίνυν
1773 436 1851 464 τοῦτο

1066 485 1164 517 αὐτοὺς
1183 484 1298 520 μάλιστα
1314 484 1424 519 ἐπῆρεν,
1444 483 1473 509 τὸ
1488 483 1596 519 πρῶτον
1606 483 1647 514 εἱς
1662 483 1726 514 τοὺς
1739 483 1854 510 ἀποστό-

1067 531 1129 562 λους
1144 529 1339 565 κατενεχθῆναι
1361 529 1389 556 τδ
1412 529 1545 566 χάρισμα,
1562 530 1591 556 ὲν
1603 529 1642 565 τῷ
1656 529 1726 564 λόγῳ
1741 528 1854 565 ὕστερον

1067 577 1185 610 τίθησιν.

1102 621 1137 648 Εἰ
1155 620 1266 648 ἔλαττον
1279 620 1309 647 τὸ
1320 621 1442 656 Πνεῦμα,
1458 621 1505 648 καὶ
1529 620 1626 656 ἐτέρας
1644 620 1749 653 οὐσίας,
1763 620 1855 652 καθώς

1070 667 1141 699 τινές
1164 675 1256 701 φασιν,
1283 666 1359 693 οὐδὲν
1384 666 1487 702 ᾣνησεν
1515 667 1536 702 ἡ
1551 665 1723 702 παραμυθία,
1745 667 1805 693 οὐδὲ
1825 667 1856 693 τὺ

1069 712 1196 745 ἀκοῦσαι,
1224 712 1256 740 τὸ
1276 713 1348 740 αὐτὸ
1379 713 1510 747 Πνεῦμα,
1528 712 1557 739 Ὀ
1578 713 1627 747 μὲν
1647 712 1700 747 γὰρ
1717 712 1794 748 παρὰ
1807 712 1854 738 τοῦ

1070 758 1204 793 βασιλέως
1211 757 1309 788 λαϐὼν,
1326 758 1459 793 μεγίστην
1474 758 1507 784 ἂν
1521 757 1622 792 ταύτην
1639 758 1698 793 σχοῖ
1710 758 1758 794 τὴν
1767 765 1856 793 παρα-

1073 803 1181 838 μυθίαν,
1196 804 1236 831 ὅτι
1253 803 1417 838 αὺτδςναὺτῷ
1429 803 1538 831 ἔδωκεν.
1565 803 1594 830 Ὀ
1602 803 1632 835 ,δὲ
1645 803 1720 839 παρὰ
1733 803 1780 830 τοῦ
1792 803 1854 830 δού-

1520 849 1585 877 ὅταν
1608 849 1687 876 τοῦτό
1715 858 1757 881 τις
1783 849 1857 884 αὐτῷ

1074 895 1267 932 προσενέγκῃ,
1299 895 1369 922 ὥστε
1397 894 1545 922 κάντεῦθεν
1571 895 1661 931 δῆλον,
1685 896 1725 922 ὅτι
1750 896 1780 922 οὗ
1808 897 1857 930 τῆς

1072 940 1215 976 δουλικῆς,
1244 940 1312 968 ἀλλὰ
1345 941 1396 975 τῆς
1425 940 1570 976 βασιλικῆς
1598 940 1693 972 οὐσίας
1720 940 1750 967 τὸ
1777 940 1856 975 ἆγιον

1071 986 1193 1021 Πνεῦμα.

1089 1057 1095 1064 -
1109 1043 1198 1079 Ὅπερ
1209 1042 1339 1079 ἀνωτέρω
1350 1042 1470 1079 περὶτοῦ
1486 1038 1591 1080 Πατρδς
1607 1042 1695 1077 εἶπεν,
1712 1045 1726 1071 ὁ
1740 1044 1859 1081 ἐνεργῶν

1071 1091 1106 1118 τὰ
1122 1090 1209 1117 πάντα
1233 1090 1261 1116 ὲν
1278 1091 1356 1122 πᾶσι,
1380 1089 1460 1117 τοῦτο
1474 1090 1614 1117 κάνταῦθα
1629 1091 1694 1126 περὶ
1707 1091 1754 1118 τοῦ
1771 1090 1857 1117 Πνεύ-

1074 1135 1278 1172 ματος.11άντα
1293 1136 1327 1163 δὲ
1339 1136 1430 1164 ταῦτα
1444 1137 1558 1171 ἐνεργεῖ
1573 1137 1605 1163 τὸ
1618 1137 1653 1163 ἐν
1667 1138 1717 1164 καὶ
1736 1137 1770 1164 τὸ
1786 1137 1859 1164 αὐτὸ

1073 1181 1195 1216 Πνεῦμα
1207 1201 1214 1214 ,
1247 1181 1387 1217 πανταχοῦ
1414 1182 1463 1218 τὴν
1480 1182 1626 1219 ὁμοτιμίαν
1646 1183 1744 1218 δηλῶν,
1763 1183 1799 1209 Τὸ
1819 1182 1858 1213 δὲ.

1072 1227 1106 1254 ἐν
1122 1227 1225 1258 πᾶσιν.
1244 1228 1309 1263 περὶ
1331 1228 1483 1263 ἀνθρώπων
1507 1228 1581 1263 λέγει
1594 1237 1600 1244 ·
1619 1228 1723 1264 οὐδέπω
1742 1229 1771 1256 δὲ
1790 1228 1861 1264 μετὰ

1073 1272 1126 1300 τῶν
1141 1272 1290 1309 ἀνθρώπων
1308 1273 1356 1300 καὶ
1369 1274 1399 1300 τὸ
1411 1273 1523 1309 Πνεῦμα
1535 1274 1708 1311 ἀριθμήσεις.

1113 1373 1122 1390 ι
1139 1361 1266 1398 Διαιροῦν
1280 1362 1332 1398 ἰδίᾳ
1346 1362 1464 1398 ἑκάστῳ,
1481 1361 1571 1395 καθὼς
1585 1362 1722 1398 βούλεται.
1743 1372 1754 1390 ι

1111 1409 1148 1436 οὐ
1164 1409 1370 1445 παραμυθεῖται
1391 1408 1556 1443 μόνον,άλλὰ
1572 1409 1620 1436 καὶ
1632 1410 1802 1446 ἐπιστομίζει
1815 1411 1865 1438 τὸν

1076 1455 1200 1490 λέγοντα.
1217 1455 1248 1482 Et
1271 1454 1337 1491 γὰρ.
1370 1454 1408 1486 ὡς
1431 1454 1567 1491 βούλεται.
1593 1454 1694 1490 διαιρεῖ
1710 1456 1826 1492 ἑκάστῳ,
1848 1459 1863 1484 ό

238 1494 315 1527 vult;
332 1494 379 1528 qui
407 1493 503 1528 iniquo
532 1492 584 1520 fert
610 1494 704 1520 animo
722 1500 885 1534 copcessum
905 1493 958 1520 sibi
977 1494 1024 1520 do-

1080 1500 1224 1536 ἀδημονῶν
1258 1501 1305 1527 ἐπὶ
1335 1501 1505 1536 χαρίσματι,
1543 1501 1628 1536 ἐγγὺς
1655 1502 1789 1536 ἀντιλέγει
1824 1503 1863 1539 τῷ

239 1547 322 1572 num,
346 1539 484 1567 voluntati
510 1538 631 1573 Spiritus
658 1537 845 1571 contradicit,
871 1544 905 1565 ae
930 1537 954 1565 si
977 1537 1024 1574 ille

238 1594 292 1613 non
310 1589 384 1613 recte
404 1585 587 1613 distribuerit.

274 1630 358 1658 Vens.
370 1630 419 1662 12,
436 1630 477 1657 t3.
495 1640 505 1656 ι
523 1629 602 1658 Sicut
621 1629 693 1657 enim
712 1636 796 1656 unum
817 1636 920 1664 corpus
932 1632 986 1662 est,
998 1633 1026 1656 et

239 1676 361 1703 membra
373 1675 454 1702 habet
463 1675 562 1703 multa:
573 1675 664 1702 omnia
674 1679 764 1703 autem
774 1675 894 1703 membra
904 1675 1026 1710 corporis

240 1721 334 1754 unius,
349 1729 410 1749 cum
424 1721 480 1749 sint
493 1722 578 1749 multa
589 1741 596 1754 ,
610 1729 696 1749 unum
710 1725 800 1750 tamen
813 1728 914 1756 corpus
930 1724 1022 1748 sunt.»

275 1767 423 1803 Postquam
444 1775 492 1795 eos
512 1767 563 1795 hac
589 1768 696 1795 ratione
719 1767 858 1798 delinivit.
876 1766 951 1805 quod
977 1767 1026 1794 do-

240 1820 307 1841 num
329 1817 356 1841 et
378 1813 469 1849 gratia
493 1814 529 1841 sit
552 1813 621 1842 illud
644 1814 718 1849 quod
734 1814 908 1846 conceditur,
925 1813 1027 1848 quippe

241 1867 304 1887 cum
323 1867 356 1887 ex
376 1867 431 1886 uno
450 1867 546 1888 omnes
567 1860 722 1895 accipiant,
740 1864 767 1887 et
784 1863 813 1886 ut
829 1859 928 1895 cuique
943 1867 1027 1894 expeu

242 1906 296 1938 dit,
311 1906 486 1940 prazbeatur:
505 1906 618 1933 occlusa
635 1906 749 1940 insuper
766 1905 860 1941 lingua
887 1905 1026 1941 ipsorum,

243 1955 272 1978 ut
292 1951 422 1986 potentiae
446 1951 567 1986 Spiritus
591 1951 690 1979 cedere
709 1946 871 1984 discerent,
887 1957 919 1978 ex
939 1950 1027 1978 altero

240 1996 297 2032 jam
314 1996 404 2032 capite
419 1995 495 2031 ipsos
511 1996 684 2030 consolatur,
699 2003 732 2024 ex
747 1996 888 2024 communi
902 1995 1029 2024 videlicet

242 2042 380 2077 exemplo,
399 2047 482 2078 atque
499 2043 531 2070 ad
550 2048 678 2070 naturam
694 2042 783 2077 ipsam
800 2042 930 2070 recurrit.
950 2041 1026 2074 Quod

243 2092 333 2116 autem
350 2089 405 2122 ait,
423 2088 497 2117 hunc
513 2089 597 2116 habet
623 2096 757 2117 sensum:
783 2089 807 2116 si
830 2088 918 2116 multa
941 2095 1028 2115 unum

243 2139 320 2168 sunt,
333 2138 360 2162 et
372 2142 456 2162 unum
470 2135 554 2161 multa
566 2156 573 2168 ,
590 2135 701 2162 ubinam
714 2138 842 2169 superest
857 2134 1030 2162 discrimen?

244 2179 296 2208 Ubi
312 2180 339 2207 id
355 2180 427 2215 quod
443 2180 645 2217 praecellentius
661 2180 720 2209 sit?
736 2181 781 2208 ubi
799 2180 873 2223 quod
890 2180 1031 2208 deterius?
1047 2181 1071 2214 D_

279 2225 339 2252 Non
361 2226 446 2260 dixit,
469 2233 532 2254 cum
556 2226 643 2253 multa
667 2226 740 2259 sint,
765 2226 798 2253 ad
823 2234 924 2261 corpus
944 2234 1029 2253 unum

243 2271 404 2307 pertinent;
434 2271 482 2298 sed
505 2271 595 2306 ipsum
621 2278 724 2306 corpus
749 2270 834 2298 multa
859 2276 918 2303 est,
942 2278 1031 2306 eaque

243 2316 367 2345 membra
383 2316 468 2343 multa
484 2317 537 2344 hoc
551 2324 637 2344 unum
655 2320 731 2344 sunt.

280 2370 291 2388 ι
304 2361 345 2389 Ita
362 2366 390 2390 et
402 2360 542 2390 Christus.
557 2361 668 2390 Etenim
688 2361 716 2389 in
735 2369 790 2390 uno
811 2361 916 2397 Spiritu
936 2369 1031 2390 omnes

241 2415 305 2437 nos.
322 2418 332 2435 ι

278 2454 347 2482 Cum
367 2453 461 2482 dicere
479 2453 638 2487 debuisset,
655 2453 694 2480 ita
709 2457 737 2481 et
753 2452 895 2486 Ecclesia,
918 2460 974 2481 non
989 2457 1032 2480 ta-

242 2509 308 2530 men
323 2501 376 2529 boc
389 2501 458 2529 dixit
467 2520 475 2533 .
489 2499 538 2528 sed
551 2500 612 2536 ejus
625 2499 686 2527 loco
699 2498 840 2527 Christum
854 2500 964 2535 posuit;
976 2506 1031 2534 quo

243 2554 342 2582 nempe
357 2547 439 2574 altius
454 2546 608 2574 orationem
624 2545 747 2578 attollat,
764 2549 792 2572 et
804 2545 956 2572 auditorem
972 2551 1030 2571 ma-

243 2593 299 2629 jori
321 2592 419 2628 adiciat
444 2592 562 2628 pudore.
589 2590 675 2624 Quasi
702 2591 799 2618 dicat:
824 2589 863 2617 ita
883 2593 911 2618 et
930 2597 1031 2625 corpus

244 2638 364 2672 Christi,
380 2638 453 2675 quod
467 2637 657 2666 estEcclesia.
679 2636 748 2664 Nam
763 2636 849 2664 veluti
876 2643 977 2671 corpus
1005 2641 1032 2663 et

246 2689 328 2720 caput
342 2693 414 2713 unus
430 2685 513 2712 homo
528 2689 589 2718 est;
608 2684 647 2711 ita
671 2689 698 2711 et
721 2682 876 2710 Ecclesiam
900 2686 928 2710 et
951 2681 1031 2709 Chri~

247 2734 319 2759 stum
336 2737 419 2759 unum
433 2738 494 2759 esse
507 2729 632 2757 afﬁrmat.

284 2784 294 2801 ι
310 2775 341 2803 In
357 2782 441 2803 unum
458 2782 560 2810 corpus
575 2774 706 2810 baptizati
723 2781 820 2802 sumus
831 2796 837 2808 ,
856 2773 912 2803 sive
926 2772 1010 2802 Judtci
1022 2793 1029 2806 ,

250 2821 307 2850 sive
323 2821 409 2850 Graeci
421 2842 429 2855 ,
446 2821 504 2850 sive
520 2820 590 2849 servi
602 2841 609 2855 ,
628 2820 685 2849 sive
701 2821 790 2849 libcri.
805 2830 816 2846 ι

1079 1543 1228 1581 βουλήματι
1254 1544 1301 1571 τοῦ
1331 1545 1499 1581 Πνεύματος,
1532 1545 1571 1577 ὡς
1596 1545 1646 1572 οὐκ
1662 1545 1751 1582 ὀρθῶς
1764 1547 1864 1575 διελόν-

1078 1596 1132 1619 τος.

1118 1643 1127 1660 ι
1147 1634 1284 1670 Καθάπερ
1312 1633 1367 1670 γὰρ
1381 1635 1412 1661 τὺ
1434 1635 1515 1670 σῶμα
1530 1636 1559 1663 ἓν
1574 1636 1643 1670 ἐστι,
1660 1637 1708 1665 καὶ
1720 1637 1787 1673 μέλη
1807 1637 1863 1673 ἔχει

1079 1677 1174 1711 πολλὰ,
1190 1678 1279 1706 πάντα
1293 1679 1321 1706 δὲ
1332 1678 1367 1705 τὰ
1382 1679 1451 1716 μέλη
1463 1680 1510 1707 τοῦ
1518 1680 1643 1716 σώματος
1652 1682 1698 1709 τοῦ
1713 1683 1772 1714 ἑνὸς
1780 1682 1864 1710 πολλὰ

1079 1722 1154 1757 ὄντα,
1169 1722 1199 1750 ’ἐν
1217 1724 1275 1756 ἐστι
1290 1724 1379 1759 σῶμα.
1394 1733 1403 1751 ι

1116 1767 1389 1804 Παραμυθησάμενος
1420 1769 1451 1796 ἐκ
1471 1768 1518 1797 τοῦ
1541 1770 1663 1806 χάρισμα
1687 1769 1756 1798 εἶναι
1777 1771 1807 1799 τὸ
1826 1772 1866 1798 δι.-

1080 1813 1204 1849 δόμενον,
1220 1813 1268 1839 καὶ
1282 1813 1314 1840 ἐκ
1334 1812 1381 1840 τοῦ
1401 1814 1506 1846 πάντας
1523 1815 1552 1849 ἐξ
1570 1816 1629 1847 ἑνὸς
1644 1815 1803 1851 λαμϐάνειν,
1818 1819 1866 1845 καὶ

1080 1859 1113 1884 ἐκ
1126 1857 1173 1884 τοῦ
1190 1858 1385 1893 συμφερόντως
1413 1858 1544 1892 δίδοσθαι,
1571 1860 1617 1886 καὶ
1635 1859 1703 1894 μετὰ
1725 1859 1803 1886 τοῦτο
1817 1860 1867 1886 καὶ

1058 1915 1061 1918 ·
1081 1903 1261 1938 ἐπιστομίσας
1275 1903 1307 1930 ὲκ
1322 1903 1368 1930 τοῦ
1383 1903 1438 1930 δεῖν
1454 1906 1631 1940 παραχωρεῖν
1642 1906 1675 1941 τῇ
1695 1905 1804 1942 ἐξουσίᾳ
1819 1906 1866 1932 τοῦ

1081 1949 1250 1984 Πνεύματος,
1270 1949 1317 1976 καὶ
1337 1949 1365 1983 ἐξ
1386 1950 1480 1985 ἑτέρου
1498 1951 1594 1982 αὐτοὺς
1626 1951 1719 1977 λοιπὸν
1735 1960 1866 1987 παραμυ-

1083 1994 1169 2022 θεῖται
1183 1994 1274 2021 κοινοῦ
1286 1995 1520 2031 παραδείγματος,
1537 1996 1583 2022 καὶ
1598 1997 1645 2023 ἐπὶ
1658 1996 1707 2031 τὴν
1724 1996 1805 2031 φύσιν
1819 1996 1866 2023 αὐ-

1082 2040 1133 2074 τὴν
1150 2039 1329 2074 καταφεύγει.
1347 2040 1378 2065 Ὃ
1390 2039 1418 2065 δὲ
1435 2039 1509 2073 λέγει
1532 2039 1652 2066 τοιοῦτόν
1683 2041 1766 2066 ἐστιν’
1788 2039 1818 2067 El
1838 2040 1868 2066 ἓν

1082 2085 1141 2112 ἐστι
1166 2084 1201 2111 τὰ
1229 2084 1325 2116 πολλὰ,
1342 2083 1435 2110 καὶτὸ
1461 2083 1490 2110 ἒν
1508 2084 1603 2117 πολλὰ,
1627 2085 1678 2111 ποῦ
1698 2085 1773 2112 ἐστιν
1790 2084 1831 2112 ἑτι
1850 2087 1867 2120 ἡ

1083 2129 1219 2165 διαφορά;
1233 2128 1284 2155 ποῦ
1297 2128 1329 2155 τὸ
1345 2127 1496 2164 ὑπέροχον;
1512 2128 1563 2155 ποῦ
1581 2128 1611 2155 τὸ
1623 2128 1749 2163 ἑλαττον;

1119 2219 1176 2246 Οὐκ
1207 2216 1280 2250 εἶπε,
1306 2217 1392 2244 πολλὰ
1416 2216 1481 2244 ὄντα
1501 2216 1548 2244 τοῦ
1570 2216 1630 2250 ὲνός
1654 2218 1711 2244 ἐστι
1732 2217 1868 2253 σώματος,

1083 2263 1161 2298 ἀλλὰ,
1176 2263 1242 2290 αὐτὸ
1255 2263 1286 2290 τὸ
1312 2262 1392 2299 σῶμα
1409 2262 1496 2289 πολλά
1512 2263 1581 2294 ἐστι,
1606 2263 1721 2290 κάκεῖνα
1735 2262 1770 2290 τὰ
1784 2263 1869 2290 πολλὰ

1085 2309 1164 2345 μέλη,
1176 2309 1255 2336 τοῦτό
1265 2309 1324 2335 ἐστι
1337 2309 1368 2335 τὸ
1382 2308 1428 2341 ἕνη

1122 2364 1131 2380 ι
1150 2354 1229 2382 Οὕτω
1244 2353 1457 2389 καὶόΧριστός.
1477 2354 1533 2381 Καὶ
1552 2353 1605 2390 γὰρ
1623 2353 1652 2380 ὲν
1673 2353 1713 2379 ἐνὶ
1731 2352 1869 2388 Πνεύματι

1084 2401 1165 2437 ἡμεῖς
1173 2400 1284 2431 πάντες.
1295 2409 1304 2426 ι

1119 2446 1185 2474 Δέον
1198 2447 1295 2478 εἰπεῖν,
1312 2444 1383 2472 οὕτω
1395 2444 1442 2471 καὶ
1456 2445 1473 2480 ὴ
1493 2443 1641 2480 Ἐκκλησία
1651 2452 1659 2460 ·
1673 2442 1752 2470 τοῦτο
1780 2443 1829 2478 μὲν
1839 2442 1868 2469 οὗ

1085 2501 1182 2529 φησιν’
1198 2492 1256 2519 ἀντ’
1275 2491 1383 2526 ἐκείνης
1399 2491 1428 2518 δὲ
1439 2491 1484 2517 τὸν
1501 2489 1619 2526 Χριστὸν
1630 2490 1747 2524 τίθησιν,
1757 2489 1797 2520 είς
1805 2488 1870 2523 ὕψος

1085 2539 1159 2574 ἄγων
1170 2538 1215 2565 τὸν
1225 2538 1316 2572 λόγον,
1331 2537 1379 2564 καὶ
1395 2536 1526 2572 μειζόνως
1552 2535 1692 2571 ἐντρέπων
1709 2535 1755 2562 τὸν
1770 2535 1870 2570 ἀκροα-

1084 2586 1145 2621 τήν.
1168 2586 1200 2611 '0
1212 2584 1239 2610 δὲ
1263 2584 1338 2618 λέγει
1354 2581 1473 2609 τοιοῦτόν
1498 2583 1572 2608 ἔστιν
1585 2590 1592 2597 ·
1608 2580 1685 2608 Οὕτω
1700 2581 1748 2607 καὶ
1761 2580 1790 2607 τὸ
1804 2581 1870 2614 Χρι-

1086 2631 1150 2659 στοῦ
1169 2630 1258 2665 σῶμα,
1278 2629 1346 2665 ὅπερ
1364 2628 1467 2663 ἑστὶνή
1493 2627 1652 2662 Ἐκκλησία.
1669 2626 1803 2661 Καθάπερ
1818 2626 1871 2661 γὰρ

1087 2678 1166 2713 σῶμα
1180 2677 1227 2704 καὶ
1243 2676 1348 2711 κεφαλὴ
1363 2673 1403 2707 εἷς
1418 2677 1492 2701 ἐστιν
1510 2674 1662 2709 ἄνθρωπος,
1676 2673 1746 2700 οὕτω
1763 2671 1809 2699 καὶ
1822 2672 1871 2705 τὴν

1091 2723 1254 2756 Ἐκκλησίαν
1266 2723 1313 2748 καὶ
1328 2721 1374 2748 τὸν
1387 2720 1503 2756 Χριστὸν
1516 2720 1544 2747 ἓν
1553 2718 1621 2746 εἴναι
1639 2728 1730 2755 φησιν.

1124 2779 1134 2796 ι
1154 2769 1201 2800 Εἰς
1212 2768 1240 2795 ἓν
1253 2767 1333 2803 σῶμα
1350 2766 1571 2800 ἐϐαπτίσθημεν,
1596 2766 1649 2792 εἴτε
1668 2765 1800 2797 Ἰουδαῖοι,
1817 2762 1870 2790 εἴτε

1088 2815 1228 2851 Ἕλληνες,
1246 2815 1299 2842 εἴτε
1315 2813 1413 2847 δοῦλοι,
1424 2814 1476 2840 εἴτε
1491 2813 1638 2848 ἐλεύθεροι.
1656 2821 1665 2838 ι
