2078 3116
188 129 241 165 669

767 135 807 165 ΙΝ
828 135 947 165 EPIST.
963 136 1012 165 AD
1029 135 1207 168 CORINTII.
1228 138 1242 168 Ι

1764 141 1818 173 670

218 190 274 217 Καὶ
290 189 332 224 ἐφ’
349 189 442 226 ἕτερον
465 190 574 225 ἔρχεται
599 192 744 226 κεφάλαιον
772 192 968 227 πνευματικόν.

1062 193 1103 220 Ad
1132 194 1250 222 alterum
1281 203 1392 231 quoque
1420 201 1502 233 caput
1533 198 1677 234 spirituale
1707 199 1817 225 transit.

197 238 219 264 0
231 236 258 263 δὲ
271 235 345 270 λέγει
360 236 481 263 τοιοῦτόν
496 237 564 263 ἐστι·
577 237 613 263 Τὸ
630 238 839 269 κατασκευάσαν
853 238 927 273 ἡμᾶς
944 237 973 264 ἓν

186 283 265 319 σῶμα
273 283 412 318 γενέσθαι,
424 284 472 310 καὶ
489 284 677 319 ἀναγεννῆσαν
698 285 782 320 ἡμᾶς,
797 283 826 310 ἓν
837 284 921 310 ἐστιν.
935 283 973 310 Οὐ

184 329 241 364 γὰρ
257 330 287 356 ὲν
302 329 374 364 ἄλλῳ
394 329 445 365 μὲν
471 329 561 364 αὐτὸς,
582 330 612 357 ὲν
627 330 713 365 ἑτέρῳ
736 329 765 356 δὲ
787 329 892 360 ἐκεῖνος
907 328 974 355 ἑῆα-

184 375 284 410 πτίσοη
311 375 461 410 Πνεύματι.
488 376 524 402 Οὐ
544 376 624 411 μόνον
649 376 678 403 δὲ
701 376 731 403 τὸ
753 375 887 411 βαπτισαν
900 374 979 409 ἡμᾶς

185 419 225 453 ἓν,
242 420 309 453 ἀλλὰ
328 421 375 448 καὶ
402 422 442 453 εἰς
462 421 476 448 ὃ
490 421 665 456 βεϐάπιικεν.
695 422 752 448 Οὐκ
770 421 804 449 ἂν
818 419 864 448 οὖν
878 421 973 455 ἐσμεν,

185 466 262 501 φησὶ,
274 466 374 494 δίκαιοι
402 466 527 501 ἀθυμεῖν.
544 467 581 493 Οὐ
608 467 662 502 γὰρ
694 466 750 502 ἔχει
777 467 869 502 χώραν
884 466 901 499 ἡ
917 465 973 491 δια-

185 512 265 547 φορά.
281 511 349 539 Οὔτε
366 512 420 548 γὰρ
436 512 479 539 ἶνα
504 512 619 548 διαφορὰ
641 512 753 547 γένηται
775 504 899 546 σώματα,
916 510 974 536 ἀλλ’

188 557 233 584 ἵνα
249 557 348 588 πάντες
362 557 411 592 τὴν
429 557 488 588 ἐνὸς
503 557 627 592 σώματος
641 556 784 591 ἀκρίϐειαν
803 555 872 591 πρὸς
892 554 975 589 ἀλλή-

185 603 249 635 λους
261 603 449 638 διασώζωμεν,
466 603 684 638 ἐϐαπτίσθημεν.

1027 236 1107 270 Quod
1132 243 1224 266 autem
1251 240 1291 267 ait
1316 241 1454 276 ejusmodi
1482 247 1534 271 est.
1561 244 1589 271 id
1615 243 1688 279 quod
1709 251 1760 270 nos
1780 243 1816 270 ita

1025 284 1203 312 contirmavit
1217 289 1247 313 ut
1263 294 1347 314 unum
1365 295 1466 322 corpus
1478 297 1602 317 essemus
1612 309 1619 322 ,
1638 293 1665 316 et
1678 289 1751 323 quod
1767 296 1818 315 nos

1025 331 1215 364 regeneravit,
1232 339 1318 359 unum
1333 337 1385 361 est.
1407 334 1466 361 Non
1488 335 1562 362 enim
1581 336 1627 363 hic
1653 335 1763 370 quidem
1789 334 1817 360 in

1025 375 1098 408 alio.
1115 381 1142 405 et
1157 376 1204 405 ille
1219 377 1248 404 in
1266 379 1355 406 altero
1373 379 1479 414 Spiritu
1495 381 1650 416 baptizatus
1667 381 1728 408 fuit.
1744 379 1817 412 Quin

1024 422 1108 449 etiam
1125 430 1181 450 non
1199 423 1281 450 modo
1298 424 1346 452 ille
1365 433 1415 460 per
1437 434 1519 460 quem
1545 427 1675 461 baptizati
1701 433 1815 456 sumus.

1025 475 1098 495 unus
1116 467 1237 503 Spiritus
1253 473 1295 496 est
1309 479 1316 502 ;
1335 478 1429 498 verum
1443 477 1471 498 et
1487 472 1531 499 ille
1549 471 1607 506 ipse
1625 473 1652 498 in
1668 480 1748 506 quem
1766 480 1817 499 nos

1028 511 1193 547 baptizavit.
1216 514 1358 543 Immerito
1376 516 1461 551 igitur
1487 516 1611 544 animum
1636 516 1817 550 desponderi-

1028 564 1107 589 mus,
1136 558 1227 592 inquit
1253 568 1260 586 :
1294 560 1449 588 diﬂ'erentia
1477 562 1579 597 quippe
1605 562 1710 589 nullum
1736 562 1817 588 habet

1025 601 1128 632 locum.
1149 603 1295 632 Enimvero
1313 613 1485 641 nequaquam
1503 607 1606 634 idcirco
1623 607 1753 642 baptizati
1770 615 1818 633 su-

186 656 257 680 mus.
273 653 303 676 ut
315 649 425 677 diversa
437 655 554 684 corpora
567 655 702 681 essemus,
718 647 765 676 sed
781 650 811 675 ut
827 646 910 675 unius
924 652 1020 672 omnes
1034 648 1160 682 corporis
1173 654 1299 677 exactam
1312 649 1428 679 formam
1442 652 1514 679 inter
1527 659 1579 679 nos
1592 652 1709 679 invicem
1720 659 1816 679 serva-

187 704 303 769 ηῗῗίῗὶ
317 732 419 773 πάντεξ
434 743 474 775 εις
484 742 514 770 ἓν
525 742 606 778 σῶμα
620 741 838 776 ἐϐαπτίσθημεν.
852 740 907 769 Καὶ
920 739 975 774 γὰρ

185 786 217 814 τὸ
232 787 310 823 σῶμα
320 788 373 815 οὺνκ
388 787 462 815 ἐστιν
477 788 506 814 ἓν
521 788 612 822 μέλος.
627 787 696 814 ἀλλὰ
705 786 800 815 πολλά.
819 796 829 812 ι

1066 747 1076 763 ι
1092 738 1127 769 Et
1142 746 1239 767 omnes
1253 739 1280 768 in
1295 748 1380 769 unum
1400 741 1532 776 Spiritum
1557 742 1688 778 baptizati
1707 751 1813 771 sumus.

1028 781 1124 818 (Maus.
1144 784 1202 820 14.]
1218 783 1284 812 Nam
1307 790 1334 814 et
1355 794 1456 822 corpus
1478 796 1531 815 non
1560 793 1602 816 est
1618 796 1701 816 unum
1726 797 1813 816 mem-

1027 829 1105 858 brum
1117 851 1124 864 ,
1142 831 1191 858 sed
1209 832 1306 859 multa.
1323 841 1332 857 ι

223 876 378 910 Τουτέστιν,
396 878 464 905 Ὑπὸ
475 877 525 913 τὴν
536 877 620 912 αὐτὴν
632 877 750 912 ἦλθομεν
766 873 972 912 μυσταγωγίαν»

1061 874 1120 904 Hoc
1135 879 1194 908 est,
1213 877 1265 904 sub
1285 884 1367 905 unam
1387 881 1415 905 et
1434 878 1558 906 eamdem
1581 886 1677 906 omnes
1700 879 1814 907 institu-

183 921 235 956 τῆς
246 922 333 957 αὐτῆς
347 923 487 959 τραπέζης
511 923 696 958 ἀπολαύομεν.
714 923 746 950 Εἰ
762 922 851 950 τοινυν
873 921 920 949 καὶ
943 920 973 948 ἓν

185 967 298 1002 Πνεῦμα
311 968 385 1003 ἡμᾶς
410 969 608 1001 κατεσκεύασε,
628 969 677 996 καὶ
697 969 736 1000 εἱς
755 967 867 1002 Πνεῦμα
892 967 973 1002 ἡμεῖς

186 1013 233 1040 καὶ
259 1014 300 1045 εἰς
321 1011 401 1048 σῶμα
430 1014 652 1049 ἐϐαπτίσθημεν,
678 1014 726 1040 καὶ
749 1013 813 1048 μιαν
833 1011 973 1048 τράπεζαν

187 1059 253 1094 ἡμῖν
281 1059 440 1096 ἐχαρίσατο,
470 1060 497 1086 τι
518 1068 563 1094 μοι
585 1059 634 1094 τὴν
647 1058 780 1093 διαφορὰν
794 1056 971 1092 προσφέρεις,

185 1104 223 1136 ὡς
240 1105 286 1132 ἐπὶ
299 1106 389 1140 φυτῶν
401 1106 442 1132 ὅτι
461 1106 515 1132 ἀπὸ
533 1105 581 1141 τῆς
598 1105 683 1140 αὐτῆς
710 1102 801 1139 πηγῆς
830 1102 919 1129 πάντα
938 1101 974 1128 τὰ

185 1151 282 1187 δένδρα
303 1151 448 1187 ἀρδεύεται
458 1160 465 1186 ;

223 1251 234 1268 ι
249 1242 312 1269 Ἐὰν
323 1242 388 1277 εἴπῃ
401 1242 416 1269 6
427 1242 506 1274 ποῦς,
514 1241 555 1268 ὅτι
565 1241 622 1268 οὐκ
639 1240 698 1274 εἰμὶ
714 1239 786 1275 χεὶρ,
796 1238 846 1265 οὐκ
867 1237 925 1272 εἰμὶ
940 1237 972 1264 ἐκ

186 1288 232 1316 τοῦ
248 1286 383 1324 σώματος,
393 1287 423 1314 οὐ
438 1287 514 1323 παρὰ
527 1286 606 1313 τοῦτο
621 1286 672 1313 οὐκ
686 1285 758 1312 ἐστιν
773 1286 804 1311 ὲκ
818 1282 865 1310 τοῦ
883 1283 973 1317 σώμαι

185 1342 246 1367 τος;
259 1334 305 1361 καὶ
321 1334 368 1361 ἐὰν
384 1333 448 1369 εἴπῃ
459 1333 490 1362 τὸ
502 1331 608 1366 οὖς,ὖτι
622 1332 679 1359 υὺκ
689 1331 747 1366 εἰμὶ
762 1329 912 1364 ὀφθαλμὸς,
922 1328 972 1355 οὐκ

185 1380 243 1415 εἰμὶ
254 1380 286 1407 ἐκ
299 1379 346 1407 τοῦ
368 1379 504 1415 σώματος,
526 1379 558 1406 οὐ
582 1377 660 1414 παρὰ,
672 1377 751 1406 ὀοὖτο
772 1376 826 1404 οὐκ
849 1376 923 1403 ἐστιν
938 1376 972 1402 ὲκ

184 1426 232 1453 τοῦ
247 1425 373 1461 σώματος
383 1434 390 1458 ;

225 1482 379 1518 ’Δνεπαχθῆ
397 1481 558 1517 βουλόμενος
575 1480 686 1516 ποιῆσαι
701 1480 746 1506 τὸν
766 1478 845 1513 λόγον
861 1478 910 1504 καὶ
925 1477 972 1504 εὖ-

184 1528 363 1564 παράδεκτον,
376 1528 410 1555 τὰ
434 1527 500 1563 μέλη
519 1526 626 1561 εἰσάγει
655 1525 811 1561 λεγόμενα·
829 1524 876 1551 τὸν
903 1520 972 1551 πόδα

184 1575 273 1610 λέγειν
285 1576 318 1611 τῇ
328 1575 410 1611 χειρὶ,
430 1575 477 1602 καὶ
491 1574 522 1601 τδ
531 1572 578 1606 οὖς
594 1573 633 1608 τῷ
654 1571 797 1607 ὀφθαλμῷ,
809 1571 844 1598 τὰ
859 1570 973 1607 πλησίον

183 1621 308 1657 ἀλλήλων
325 1620 405 1656 μέλη,
421 1620 469 1647 καὶ
480 1620 510 1646 οὗ
519 1620 564 1647 τδν
579 1619 647 1646 πόδα
661 1618 701 1654 τῷ
713 1617 854 1653 ὀφθαλμῷ.
863 1617 972 1653 Ἐπειδὴ

183 1669 214 1695 οὐ
229 1668 331 1703 σφόδρα
343 1668 399 1700 τοῖς
415 1667 604 1702 ὑπερέχουσιν,
619 1665 687 1692 ἀλλὰ
697 1666 754 1697 τοῖς
768 1665 857 1698 ὀλίγον
874 1663 974 1690 ἀνασε-

185 1713 280 1748 ῦηκόσι
296 1713 402 1748 φθονεῖν
422 1712 568 1752 εἰώθαμεν.
596 1711 664 1739 Οὐδὲ
690 1711 744 1747 γὰρ
764 1711 809 1737 τὸν
828 1710 878 1745 μὲν
891 1709 974 1746 ὴλατ-

183 1759 298 1792 τῶσθαι,
314 1760 361 1787 τὸν
377 1758 404 1786 δὲ
422 1758 578 1794 ὑπερέχειν,
598 1757 710 1793 ἀφίησιν
728 1755 797 1783 εἶναι
809 1757 841 1782 ὲκ
851 1755 899 1782 τοῦ
914 1754 974 1781 σώ-

186 1814 282 1841 ματος·
291 1806 337 1833 καὶ
351 1805 405 1841 γὰρ
418 1805 432 1831 ὁ
446 1804 514 1836 ποῦς
528 1804 577 1840 τὴν
584 1803 714 1832 ἐλάττονα
724 1801 800 1835 τάξιν
813 1801 880 1838 ἔχει,
894 1801 974 1828 τοῦτο

184 1853 214 1881 δὲ
226 1853 310 1881 τόπου
333 1852 466 1888 διαφορά⁴
486 1851 555 1879 ἀλλὰ
573 1850 626 1878 ἀπὸ
649 1849 695 1878 τοῦ
722 1849 856 1885 συνῆφθαι
877 1847 894 1885 ἢ
920 1848 973 1874 ἀπ-

183 1898 302 1937 ἔχεσθαι.

223 2046 234 2064 ‹
244 2037 278 2064 El
288 2036 348 2064 ὅλον
363 2036 392 2064 τὸ
410 2036 490 2072 σῶμα
511 2035 659 2071 ὀφθαλμὸς,
675 2034 727 2062 ποῦ
740 2035 757 2071 ἡ
776 2035 859 2071 ἀκοὴ;
873 2035 897 2063 εἰ
911 2034 971 2063 ὅλον

185 2082 264 2118 ἀκοὴ,
280 2082 332 2110 ποῦ
347 2083 524 2118 ήδσφρησις;
541 2091 551 2108 ›

225 2126 334 2162 Ἐπειδὴ
351 2127 391 2159 εἰς
412 2127 461 2162 τὴν
486 2127 540 2154 τῶν
562 2127 651 2162 μελῶν
676 2126 806 2162 ἐμπεσὼν
827 2126 970 2162 διαφορὰν,

185 2174 225 2204 εἰς
237 2173 341 2201 ἔννοιαν
352 2173 450 2205 αὐτοὺς
464 2172 640 2206 ἐλαττώσεως
653 2174 700 2200 καὶ
709 2173 846 2209 ὑπεροχῆς
856 2173 970 2208 ἤγαγεν,

185 2219 236 2255 δρα
250 2218 308 2251 πῶς
321 2219 420 2250 αὐτοὺς
443 2219 656 2254 παραμυθεῖται,
686 2218 793 2250 δεικνὺς
810 2218 868 2250 πῶς
894 2219 971 2246 τοῦτο
985 2211 1009 2240 Ῑ)

185 2265 324 2300 συμςρέρον
337 2262 382 2301 ἦν.
399 2264 436 2291 Τὸ
458 2265 512 2300 γὰρ
529 2264 643 2297 πολλοὺς
658 2262 728 2291 εἷναι
744 2264 791 2292 καὶ
812 2263 967 2300 διαφόρους,

184 2309 263 2337 τοῦτο
281 2310 398 2347 μάλιστα
408 2311 482 2338 ποιεῖ
497 2310 526 2338 ἓν
541 2311 620 2347 σῶμα
631 2309 712 2339 εἶναι.
727 2344 732 2352 ι

224 2420 235 2438 ι
251 2411 308 2439 Νὖν
320 2411 349 2439 δὲ
365 2413 379 2439 ὁ
389 2412 455 2445 Θεὸς
476 2412 553 2440 ἔθετο
575 2413 609 2440 τὰ
625 2413 693 2449 μέλη
707 2412 737 2440 ἓν
752 2413 868 2451 ἕκαστον
883 2413 973 2442 αὐτῶν

185 2458 215 2485 ἐν
229 2458 269 2494 τῷ
285 2457 402 2494 σώματι,
418 2458 513 2491 καθὼς
532 2459 677 2496 ἠθέλησεν.
694 2459 725 2485 Εἰ
744 2459 773 2486 δὲ
789 2457 866 2494 ἦντὰ
885 2460 973 2488 πάντα

185 2503 215 2530 ἓν
235 2504 325 2540 μέλος,
346 2505 398 2531 ποῦ
411 2506 441 2532 τὸ
456 2505 552 2541 σῶμα;
570 2504 618 2532 νῦν
629 2505 659 2532 δὲ
675 2505 763 2532 πολλὰ
794 2505 845 2541 μὲν
861 2506 932 2541 μέλη
943 2505 972 2532 ἓν

186 2558 275 2586 σωμα.
297 2559 307 2577 ι

217 2652 304 2680 Πάλιν
320 2653 368 2680 ἐπὶ
386 2653 435 2689 τὴν
462 2654 510 2681 τοῦ
539 2654 607 2682 θεοῦ
626 2654 754 2690 βούλησιν
778 2654 910 2691 ἀναφέρει
926 2655 973 2684 τὸν

185 2696 275 2733 λόγον,
300 2698 343 2725 ῐνα
366 2699 404 2735 μὴ
419 2700 616 2735 ;ἀντιλέγωμεν
630 2700 670 2736 τῷ
687 2701 759 2728 οὕτω
777 2701 972 2737 προστάξαντι,

188 2743 255 2779 μηδὲ
266 2743 405 2780 λέγωμεν,
420 2745 469 2772 Διὰ
482 2745 507 2772 τί
521 2746 603 2778 οὕτω,
622 2747 669 2774 καὶ
687 2748 731 2775 διὰ
755 2747 782 2774 τί
809 2748 858 2783 οὐχ
879 2747 971 2782 οὕτως

188 2789 247 2816 Κᾶν
265 2790 320 2826 γὰρ
343 2791 458 2826 μυρίους
475 2792 574 2826 λόγους
591 2792 699 2828 ἔχωμεν
720 2794 819 2827 εἰπεῖν,
835 2793 884 2829 οὐχ
900 2793 973 2821 οὕτω

188 2835 324 2871 δυνάμεθα
340 2837 424 2871 δεῖξαι
439 2838 602 2881 ὅτι-νκῲῶς.
618 2839 670 2881 ’Ὧς
687 2840 751 2869 ὅταν
767 2841 909 2876 εἴπωμεν,
936 2841 972 2873 Ως

1024 919 1128 948 tionem
1150 923 1350 956 convenimus,
1373 923 1470 951 eadem
1497 931 1592 952 mensa
1623 924 1752 952 fruimur.
1783 925 1813 952 Si

1023 972 1088 999 ergo
1103 973 1153 993 nos
1168 974 1241 995 unus
1255 975 1366 1002 quoque
1381 967 1503 1002 Spiritus
1521 969 1706 996 conformavit
1719 978 1726 996 :
1745 970 1773 996 si‘
1785 970 1815 997 in

1024 1016 1108 1036 unum
1125 1009 1276 1044 Spiritum,
1291 1015 1317 1038 et
1336 1012 1362 1038 in
1384 1019 1468 1038 unum
1492 1019 1595 1047 corpus
1611 1020 1706 1043 sumus
1723 1013 1814 1047 bapti-

1024 1055 1076 1082 zati
1092 1056 1137 1086 :si
1153 1050 1266 1084 tandem
1281 1064 1405 1084 mensam
1425 1065 1506 1084 unam
1529 1058 1646 1093 largitus
1666 1063 1727 1091 est;
1747 1058 1813 1093 quid

1024 1100 1091 1127 mihi
1105 1101 1256 1129 discrimen
1284 1102 1385 1135 atreus,
1402 1103 1514 1137 quando
1529 1104 1641 1138 perinde
1663 1105 1690 1131 in
1711 1105 1813 1139 plantis

1024 1146 1141 1177 accidit,
1161 1151 1192 1173 ut
1208 1155 1308 1182 nempe
1324 1156 1357 1176 ex
1371 1148 1466 1176 eodem
1485 1149 1560 1177 fonte
1573 1149 1688 1178 arbores
1702 1150 1812 1177 univer-

1023 1198 1061 1218 sae
1077 1191 1245 1226 irrigontur?

1061 1237 1140 1271 106
1158 1237 1242 1265 Vens.
1265 1238 1316 1270 15,
1335 1238 1379 1266 16.
1396 1248 1406 1265 ‹
1425 1238 1454 1266 Si
1474 1239 1575 1267 dixerit
1593 1247 1661 1275 pes:
1682 1241 1811 1275 quoniam

1023 1290 1078 1309 non
1093 1291 1153 1310 sum
1169 1291 1285 1316 manus,
1304 1292 1359 1311 non
1376 1292 1437 1312 sum
1454 1285 1488 1312 de
1506 1293 1626 1320 corpore
1642 1295 1649 1313 :
1667 1294 1731 1314 num
1751 1287 1813 1315 ideo

1023 1335 1078 1355 non
1095 1333 1137 1356 est
1153 1328 1188 1356 de
1206 1331 1343 1364 corpore?
1356 1334 1383 1358 et
1402 1331 1426 1358 si
1443 1331 1544 1358 dixerit
1561 1331 1658 1359 auris:
1675 1332 1806 1366 quoniam

1022 1381 1077 1401 non
1094 1381 1155 1402 sum
1173 1375 1291 1408 oculus,
1310 1383 1364 1403 non
1382 1384 1442 1404 sum
1461 1376 1495 1405 de
1509 1383 1647 1412 corpore;
1667 1385 1733 1405 num
1751 1378 1814 1406 ideo

1023 1427 1079 1447 non
1093 1424 1137 1448 est
1150 1420 1185 1448 de
1199 1421 1339 1456 corpore?
1355 1431 1364 1448 ι

1059 1476 1128 1509 Quia
1153 1477 1265 1505 minime
1293 1478 1457 1512 molestam,
1485 1479 1533 1507 sed
1558 1483 1698 1516 acceptam
1722 1481 1814 1516 potius

1023 1523 1176 1550 orationem
1201 1523 1303 1552 habere
1324 1524 1403 1558 vult,
1429 1524 1457 1552 in
1485 1525 1605 1553 medium
1629 1526 1741 1554 adducit
1753 1535 1814 1561 qua:

1025 1569 1107 1603 vulgo
1135 1569 1260 1597 membra
1283 1570 1424 1598 dicuntur.
1455 1570 1554 1598 Pedem
1583 1572 1723 1607 componit
1748 1581 1812 1600 cum

1024 1621 1125 1648 manu,
1140 1619 1168 1643 et
1183 1623 1279 1643 aurem
1295 1623 1358 1643 cum
1383 1617 1487 1650 oculo;
1515 1624 1547 1644 ea
1572 1618 1666 1652 utique
1690 1618 1813 1646 membra

1023 1667 1084 1695 quat
1098 1661 1191 1688 minus
1206 1661 1329 1694 distant,
1347 1669 1403 1689 non
1420 1663 1514 1697 pedem
1539 1670 1602 1690 cum
1631 1663 1731 1690 oculo:
1747 1663 1812 1698 quia

1023 1706 1106 1741 vulgo
1121 1714 1176 1734 non
1193 1707 1350 1734 invidemus
1374 1706 1408 1734 iis
1427 1708 1476 1742 qui
1505 1707 1652 1735 admodum
1679 1708 1812 1737 sublimes

1023 1755 1105 1785 sunt,
1122 1752 1170 1780 sed
1186 1752 1242 1780 illis
1259 1753 1351 1787 potius
1366 1753 1412 1789 qui
1429 1760 1542 1788 parvum
1567 1753 1682 1781 honoris
1696 1753 1810 1789 gradum

1023 1798 1146 1826 assecuti
1172 1802 1247 1826 sunt.
1271 1798 1365 1834 Neque
1389 1799 1462 1826 enim
1492 1807 1526 1826 ex
1553 1807 1586 1826 eo
1603 1799 1675 1834 quod
1697 1800 1750 1826 hoc
1769 1800 1812 1826 in-

1024 1844 1110 1872 ferius
1126 1845 1179 1877 sit,
1197 1845 1264 1874 illud
1282 1853 1348 1873 vero
1375 1846 1520 1881 superius,
1548 1853 1579 1873 ea
1606 1853 1637 1873 re
1653 1845 1812 1872 excluditur

1023 1897 1058 1917 ne
1072 1890 1127 1917 sint
1141 1890 1176 1917 de
1188 1897 1305 1925 corpore
1320 1891 1402 1925 (nam
1419 1891 1471 1919 etsi
1488 1891 1650 1918 inferiorem
1665 1889 1750 1918 situm
1764 1898 1825 1927 pes

1022 1935 1145 1969 obtinet,
1174 1936 1226 1962 hoc
1245 1936 1296 1963 loci
1312 1935 1496 1971 discrepantia
1511 1937 1589 1972 est).
1606 1936 1653 1964 sed
1680 1944 1712 1964 eo
1737 1936 1811 1971 quod

1021 1981 1202 2015 cnnjunctum
1216 1981 1284 2008 illud
1301 1981 1354 2015 sit,
1374 1987 1421 2009 aut
1437 1982 1563 2009 avulsum
1575 2001 1582 2007 .

1057 2035 1144 2063 Vsus.
1162 2036 1206 2064 17.
1224 2045 1234 2062 ι
1250 2036 1279 2064 Si
1301 2040 1389 2063 totum
1406 2044 1508 2071 corpus
1530 2037 1627 2066 oculus
1639 2057 1646 2070 ,
1669 2037 1716 2065 ubi
1734 2026 1811 2065 audi-

1021 2081 1090 2109 tus?
1103 2082 1125 2110 si
1144 2085 1232 2109 totum
1249 2082 1360 2109 auditus
1373 2102 1381 2115 ,
1401 2082 1448 2109 ubi
1464 2082 1632 2110 odoratus?»

1057 2138 1193 2172 Quoniam
1219 2139 1409 2167 diversitatem
1435 2139 1622 2168 membrorum
1645 2147 1811 2167 commemOe

1023 2185 1129 2219 rando,
1146 2185 1180 2214 de
1197 2185 1392 2214 interioritatis
1415 2190 1443 2213 et
1459 2185 1665 2220 superioritatis
1682 2179 1813 2220 gradibus

1023 2231 1215 2267 cogitationem
1239 2231 1389 2266 iniecerat,
1416 2231 1478 2259 vide
1501 2238 1555 2266 quo
1577 2234 1660 2265 pacto
1691 2238 1740 2258 eos
1764 2230 1811 2258 de-

1023 2277 1144 2311 mulcet;
1158 2276 1330 2305 ostendendo
1346 2278 1478 2305 nimirum
1495 2277 1524 2304 id
1539 2277 1728 2305 necessarium
1742 2275 1812 2303 fuis-

1022 2331 1062 2351 se.
1079 2323 1108 2350 ln
1123 2323 1221 2358 primis
1237 2323 1310 2351 enim
1328 2323 1381 2351 hoc
1399 2324 1460 2358 ipso
1485 2323 1559 2358 quod
1586 2322 1667 2350 multi
1694 2325 1761 2350 sunt
1783 2326 1811 2349 et

1023 2369 1147 2402 diversi,
1166 2376 1266 2404 corpus
1284 2377 1370 2397 unum
1386 2368 1581 2397 constituitur.

1059 2425 1144 2455 νειε.
1166 2426 1263 2454 18-20.
1283 2435 1292 2453 l
1306 2425 1387 2454 Nunc
1410 2430 1502 2453 autem
1524 2424 1615 2460 posuit
1636 2423 1708 2451 Deus
1723 2430 1810 2450 mem-

1023 2472 1091 2505 bra,
1105 2472 1324 2508 unumquodque
1339 2480 1434 2500 eorum
1458 2471 1486 2499 in
1506 2477 1636 2505 corpore,
1664 2469 1737 2496 sicut
1760 2476 1811 2496 vo-

1023 2518 1084 2545 luit.
1102 2518 1182 2551 Quod
1201 2518 1224 2545 si
1240 2523 1335 2546 essent
1347 2517 1439 2545 omnia
1457 2524 1544 2545 unum
1562 2515 1714 2542 membrum
1728 2534 1736 2548 ,
1761 2514 1809 2541 ubi

1022 2564 1149 2599 corpus?
1160 2563 1240 2592 Nunc
1252 2569 1344 2593 autem
1358 2563 1444 2590 multa
1460 2562 1571 2598 quidem
1586 2561 1708 2589 membra
1724 2568 1809 2588 unum

1023 2615 1136 2643 corpus.
1152 2618 1163 2635 ι

1058 2652 1204 2681 Rationem
1221 2653 1307 2688 hujus
1327 2653 1426 2681 iterum
1446 2651 1537 2686 reiicit
1553 2650 1580 2678 in
1597 2650 1644 2678 Dei
1661 2650 1808 2678 consilium

1022 2703 1050 2728 et
1065 2699 1235 2728 voluntatem
1247 2719 1255 2733 ,
1271 2707 1305 2727 ne
1321 2699 1546 2727 cantradicamus
1561 2698 1601 2726 illi
1616 2698 1662 2734 qui
1679 2698 1721 2725 sic
1735 2697 1810 2725 ordi-

1023 2746 1118 2779 navit;
1135 2753 1204 2773 neve
1217 2753 1375 2781 quaeramus
1387 2766 1394 2780 ,
1411 2753 1462 2773 cur
1481 2745 1535 2772 hoc
1555 2744 1620 2776 illo,
1637 2751 1720 2772 curve
1741 2743 1809 2770 illud

1023 2793 1077 2820 isto
1088 2792 1126 2820 sit
1141 2791 1242 2820 factum
1256 2792 1349 2819 modo.
1364 2791 1434 2819 Nam
1449 2792 1515 2820 licet
1529 2795 1674 2819 sexcentas
1689 2790 1810 2818 rationes

1023 2838 1168 2876 possemus
1186 2838 1284 2868 aﬂcrrc
1295 2858 1302 2872 ,
1318 2844 1460 2875 nunquam
1476 2846 1508 2867 ca
1525 2844 1601 2867 recte
1624 2844 1686 2869 esse
1709 2837 1809 2873 proba-
