2078 3116
262 122 314 156 671
856 129 886 158 S.
908 129 1069 161 JOANNIS
1080 131 1278 162 DAMASCEN
1283 133 1297 162 1
1836 133 1891 166 672

233 174 238 181 ’
263 180 399 212 verimus,
419 179 472 207 nisi
488 179 606 207 dicendo
623 179 662 207 ita
683 181 780 209 factum
802 189 864 209 esse
885 183 969 211 veluti
986 185 1046 212 exi-

1108 187 1112 211 i
1137 187 1334 222 ἀριστοτέχνης
1356 186 1499 222 ἠθέλησεν,
1518 186 1606 219 οὓτως
1630 186 1749 222 ἐγένετο.
1772 187 1816 221 'n;
1835 189 1891 225 γὰρ

262 226 318 252 ιιιὶο
330 225 429 252 artifici
444 224 556 260 placuit.
573 224 612 252 lta
628 226 731 261 quippe
754 226 811 254 vult
832 227 905 255 sicut
922 235 965 257 est
981 236 1049 257 con-

1108 231 1244 267 συμφέρον
1256 231 1340 264 ἐστὶν,
1355 231 1442 263 οὓτως
1454 231 1588 267 βούλεται.

263 279 386 300 veniens.

296 317 433 350 Quocirca
448 325 503 345 non
520 318 610 346 solum
625 318 727 353 capiti.
743 318 792 346 sed
808 318 890 346 etiam
908 319 969 355 pedi
984 327 1050 348 con-

259 364 377 391 veniens
392 367 420 391 et
437 364 505 392 utile
520 368 580 397 est,
595 364 668 392 hunc
685 365 775 392 locum
792 368 820 392 et
835 365 919 393 situm
936 366 1048 394 habere.

260 410 300 436 Ac
314 408 338 437 si
354 409 486 444 positurae
501 417 559 438 suae
574 411 788 445 repugnaverit,
802 414 830 438 et
846 411 908 438 loco
929 419 981 439 suo
1005 419 1051 439 re-

261 455 327 482 licto
344 455 429 483 alium
444 460 581 491 occupet,
597 460 685 484 totum
703 456 836 492 perdidit.
850 457 955 486 Ordine
972 465 1049 485 nam-

261 507 316 536 que
334 507 386 528 suo
399 500 523 533 excidit,
541 504 569 529 et
584 501 666 528 alium
685 509 739 529 non
756 502 925 537 assequitur.

297 546 338 573 Ex
350 553 407 581 quo
419 547 556 581 putabant
568 546 704 582 dignitate
718 547 839 582 impares
852 555 924 580 esse,
938 551 1051 583 propter

262 591 360 628 ingens
376 591 448 627 quod
465 593 538 620 inter
558 599 606 620 eas
627 596 687 620 erat
707 592 876 625 discrimen,
898 600 932 620 ex
953 593 1050 621 eodem

262 638 350 673 capite
366 638 485 672 aequales
500 638 574 673 ipsos
590 638 723 666 ostendit.
745 637 803 667 Nisi
820 639 891 666 inter
906 647 955 667 vos
976 643 1051 667 esset

263 692 363 720 magna
391 685 596 720 discrepantia,
625 685 735 720 inquit,
763 685 924 713 nullatenus
949 692 1051 720 corpus

263 738 348 757 unum
363 730 472 758 essetis.
488 730 566 763 Quod
583 731 606 758 si
620 739 675 758 non
695 739 780 758 unum
795 739 897 766 corpus
907 751 915 764 ,
931 731 1052 766 mquales

263 775 423 810 neutiquam
448 775 572 804 fueritis.
600 775 802 809 Quamobrem,
827 777 891 811 quia
915 784 971 805 non
992 784 1053 804 om-

263 828 314 849 nes
329 829 414 849 unum
431 821 543 857 aliquod
566 821 668 849 donum
691 822 815 854 habetis,
833 821 937 850 idcirco
952 830 1053 857 corpus

1138 323 1222 350 Ὥστε
1248 323 1295 350 καὶ
1322 322 1361 359 τῷ
1379 322 1441 350 ποδὶ
1463 322 1598 358 συμφέρει
1618 321 1649 349 τὸ
1663 321 1734 349 οὕτω
1749 321 1890 358 τετάχθαι,

1101 368 1161 404 οὐχὶ
1175 370 1208 404 τῇ
1224 368 1329 404 κεφαλῇ
1345 368 1435 404 μόνον.
1455 367 1515 395 Κᾶν
1531 367 1660 403 ἀντιλέγῃ
1674 368 1724 404 τὴν
1738 367 1825 400 τάξιν,
1843 369 1890 394 καὶ

1100 413 1150 449 τὴν
1167 414 1237 442 ἰδίαν
1247 413 1337 450 χώραν
1344 414 1423 449 ἀφεὶς
1440 413 1483 449 ἐφ’
1494 413 1590 450 ἑτέραν
1607 412 1681 449 ἔλθῃ,
1699 414 1729 440 τὸ
1745 414 1800 440 πᾶν
1817 413 1892 441 ἀπώ-

1100 460 1189 487 λεσεν.
1210 460 1267 496 Τῆς
1283 469 1313 487 τε
1328 459 1383 495 γὰρ
1399 460 1502 492 οἰκείας
1520 459 1658 492 ἐκπίπτει,
1671 460 1718 486 καὶ
1732 459 1781 494 τῆς
1794 459 1890 495 ἐτέρας

1100 505 1150 532 οὐκ
1165 506 1354 541 ἐπιτυγχάνει.

1141 551 1202 585 Ἀφ’
1215 547 1253 578 ὧν
1265 551 1389 587 ἐνόμιζον
1404 552 1453 578 οὐκ
1468 549 1537 578 εἶναι
1562 551 1676 587 ἰσότιμοι
1692 551 1730 586 τῷ
1747 551 1846 588 πολλὴν
1860 553 1890 579 ὲν

1103 595 1194 628 αὐτοῖς
1207 592 1279 622 εἶναι
1294 596 1345 631 τὴν
1358 595 1501 631 διαφορὰν,
1513 596 1567 622 ἀπὸ
1579 596 1674 623 τούτου
1689 596 1824 623 δείκνυσιν
1834 598 1887 624 ἰσο-

1101 640 1208 675 τίμους.
1223 641 1254 667 Εἰ
1271 641 1310 677 μὴ
1322 639 1367 677 ἦν,
1382 641 1476 677 φησὶν,
1503 642 1531 668 ὲν
1547 642 1612 677 ὑμῖν
1635 642 1719 678 πολλὴ
1734 643 1751 677 ἡ
1762 642 1888 678 διαφορὰ,

1103 685 1153 712 οὐκ
1167 684 1200 712 ἃν
1213 683 1262 721 ἦτε
1276 685 1356 721 σῶμα
1371 686 1410 713 ἓν.
1429 686 1512 722 Σῶμα
1529 686 1557 713 δὲ
1579 688 1628 714 οὐκ
1648 687 1722 719 ὄντες
1735 688 1775 722 ἓν,
1790 689 1839 715 οὐκ
1855 688 1889 716 ἃν

1101 728 1150 766 ἦτε
1164 731 1294 766 ἰσότιμοι.
1318 730 1375 758 Νῦν
1398 732 1426 758 δὲ
1441 731 1535 768 ἐπειδὴ
1559 732 1610 759 οὐκ
1623 732 1685 759 ἐστὲ
1705 733 1804 765 πάντες
1819 734 1848 760 ἓν
1863 743 1889 761 τι

1103 776 1227 812 χάρισμα
1248 776 1367 811 ἔχοντες,
1394 776 1438 803 διὰ
1452 776 1532 803 τοῦτο
1557 776 1638 812 σῶμα
1655 778 1734 804 ἐστεθ
1762 778 1842 813 σῶμα
1860 777 1890 805 δὲ

1105 821 1191 854 ὄντες,
1213 821 1314 853 πάντες
1341 821 1403 847 ἐστὲ
1430 817 1470 854 ἓν,
1500 821 1547 848 καὶ
1567 822 1642 849 οὐδὲν
1661 823 1804 858 διαφέρετε
1819 824 1890 850 κατὰ

263 867 341 896 estis.
359 867 428 895 Cum
444 872 534 895 autem
548 875 653 903 corpus
668 867 730 895 sitis
741 888 749 901 ,
763 875 858 895 omnes
872 867 957 902 igitur
970 875 1055 895 unum

1108 866 1136 893 τὸ
1151 866 1231 902 σῶμα
1247 865 1327 894 εἶναι.
1345 867 1426 893 Ὥστε
1439 867 1581 904 ήδιαφορὰ
1599 868 1668 904 αὕτη
1686 868 1805 904 μάλιστά
1816 870 1891 896 ἐστιν

265 911 352 945 estis,
373 920 426 940 nec
451 912 618 948 discrepatis
641 920 695 947 qua
720 919 822 947 corpus
843 913 923 940 estis.
953 911 1058 945 Quam-

265 959 370 986 obrem'
387 958 534 987 diversitas
562 958 619 986 haec
645 958 672 986 in
696 958 794 994 primis
813 963 928 994 praestat
943 958 1057 987 honoris

265 1003 461 1039 aequalitatem.

302 1047 386 1076 Vsus.
403 1048 449 1076 2L
467 1058 476 1075 ι
490 1048 550 1077 Non
565 1052 656 1084 potest
671 1052 764 1077 autem
779 1048 877 1077 oculus
890 1048 984 1077 dicere
1000 1056 1058 1076 ma-

268 1094 314 1121 nui
328 1103 334 1122 :
352 1094 442 1129 Opera
459 1098 505 1122 tua
518 1102 573 1122 non
590 1095 710 1130 indigeo.
728 1104 737 1121 ι

303 1137 402 1166 Sedata
419 1139 584 1167 inferiorum
602 1140 756 1173 anxietate,
774 1140 931 1176 superbiam
947 1146 1058 1176 quoque

267 1185 460 1213 sublimiorum
477 1185 617 1221 deprimit.

305 1240 314 1257 ι
329 1231 384 1258 Aut
399 1231 497 1259 iterum
513 1235 594 1267 caput
610 1231 747 1266 pedibus:
763 1231 823 1259 Non
837 1231 904 1260 estis
922 1231 988 1258 mihi
1005 1238 1053 1258 ne-

267 1277 394 1306 cessarii.
412 1286 421 1302 ι

303 1322 434 1357 Quamvis
449 1322 523 1350 enim
540 1322 632 1351 minus
645 1323 748 1352 donum
764 1324 815 1357 sit,
832 1323 942 1358 inquit,
956 1327 998 1352 est
1016 1328 1057 1351 ta-

267 1377 330 1397 men
346 1369 546 1397 necessarium.
572 1368 640 1396 Nam
667 1369 899 1404 quemadmodum
927 1369 974 1397 illo
1001 1377 1055 1397 non

267 1418 395 1443 exstante
408 1415 491 1442 multa
505 1415 723 1451 praepediuntur,
735 1416 772 1443 ita
785 1420 812 1444 et
825 1416 885 1444 sine
895 1415 949 1444 isto
962 1422 1073 1450 manca,

267 1464 311 1488 est
326 1460 457 1488 Ecclesiae
471 1460 627 1495 plenitudo.

306 1505 568 1541 107Vsns.22-24.
576 1515 585 1531 ι
603 1505 656 1534 Sed
667 1506 753 1533 multo
762 1506 849 1541 magis
858 1513 920 1541 qum
929 1506 1057 1553 videntur
1071 1524 1092 1553 ο

269 1552 392 1579 membra
404 1551 532 1586 corporis
546 1552 701 1589 inﬁrmiora
718 1559 788 1583 eSSe.
805 1552 963 1580 necessaria
977 1555 1054 1579 sunt:

269 1600 298 1624 et
308 1604 369 1631 quae
385 1600 515 1631 putamus
529 1595 694 1631 ignobiliora
707 1595 832 1623 membra
846 1603 909 1623 esse
917 1596 1056 1631 corporis,

269 1642 456 1671 hishonorem
471 1642 701 1670 abundantiorem
715 1642 942 1671 circumdamus:
959 1647 986 1670 et
997 1650 1058 1678 qum

271 1689 417 1717 inhonesta
442 1692 519 1721 sunt,
550 1688 781 1717 abundantiorem
809 1689 981 1717 honestatem
1009 1689 1059 1716 ba-

271 1735 348 1762 bent.
373 1735 495 1762 Honesta
527 1737 619 1762 autem
643 1739 738 1764 nostra
763 1734 866 1763 nullius
890 1738 988 1770 egent,
1011 1734 1060 1763 sed

273 1780 355 1809 Deus.
376 1790 385 1807 I

309 1825 546 1861 Superjectionem
559 1826 674 1854 alteram
687 1826 773 1862 ponit,
791 1826 886 1862 aitque
898 1833 955 1854 non
969 1825 1058 1854 solum

273 1871 466 1905 praestantiora
479 1871 663 1900 deterioribus
678 1878 750 1906 opus
769 1871 881 1904 habere,
900 1871 948 1899 sed
963 1874 990 1899 et
1002 1879 1060 1898 ma-

273 1921 358 1949 gnum
377 1922 457 1950 opus.
475 1915 576 1950 Aspice
589 1915 730 1949 quomodo
746 1915 781 1944 de
797 1915 997 1944 inﬁrmioribus
1017 1916 1059 1943 lo-

273 1959 383 1994 quendo
399 1960 477 1992 dicit,
492 1968 552 1995 qua:
569 1960 708 1994 videntur;
722 1960 835 1997 quando
850 1964 942 1989 autem
961 1967 1059 1988 neces-

273 2004 347 2032 saria
368 2009 578 2038 commemorat,
604 2012 659 2033 non
688 2005 808 2041 amplius
832 2005 918 2039 addit,
945 2013 1003 2040 qum
1019 2005 1059 2032 υἰ-

273 2048 381 2082 demur,
395 2049 442 2078 sed
459 2050 517 2085 ipse
538 2051 701 2086 pronuntiat
715 2058 747 2079 ea
762 2051 919 2080 necessaria
932 2057 1005 2079 esse.

309 2095 458 2123 Enimvero
477 2096 546 2135 quid
564 2096 735 2132 genitalibus
752 2097 885 2124 membris
906 2096 1059 2132 ignobilius

273 2139 421 2167 videatur?
443 2139 639 2168 Verumtamen
663 2141 697 2168 ad
717 2140 869 2168 liberorum
888 2140 1059 2175 procreatio-

1106 912 1123 946 ἡ
1138 911 1253 941 ποιοῦσα
1265 911 1315 948 τὴν
1328 912 1473 948 ἰσοτιμίαν.

1144 1053 1154 1069 ι
1167 1044 1204 1071 Οὐ
1220 1044 1331 1071 δύναται
1345 1044 1373 1071 δὲ
1387 1044 1524 1081 ὀιρθαλμδς
1536 1046 1623 1073 εἰπεῖν
1642 1048 1674 1082 τῇ
1694 1055 1778 1083 χειρι,
1793 1048 1893 1083 [pater

1107 1098 1155 1116 σου
1170 1090 1221 1117 οὐκ
1234 1090 1297 1126 ἔχω.
1318 1100 1327 1115 ι

1141 1135 1329 1168 Καταστείλας
1341 1136 1395 1163 τῶν
1418 1137 1569 1165 ἐλασσόνων
1586 1137 1635 1174 τὴν
1653 1138 1782 1174 ἀθυμίαν,
1799 1147 1893 1166 ταπει-

1107 1182 1147 1208 vol
1164 1181 1213 1208 καὶ
1228 1182 1282 1208 τῶν
1297 1183 1428 1217 μειζόνων
1439 1184 1484 1209 τὸν
1498 1183 1591 1218 τύφον.

1147 1236 1156 1253 ι
1171 1227 1207 1254 Ἢ
1222 1227 1303 1255 πάλιν
1318 1228 1335 1263 ή
1347 1228 1452 1264 κεφαλὴ
1461 1230 1518 1261 τοῖς
1532 1229 1620 1263 ποσὶν,
1638 1230 1739 1265 Χρείαν
1747 1230 1761 1257 ὐ
1766 1231 1824 1266 μῶν
1843 1232 1892 1258 οὐκ

1106 1273 1170 1308 ἔχω.
1195 1282 1204 1299 ι

1139 1317 1170 1345 Εἰ
1186 1318 1240 1354 γὰρ
1251 1319 1297 1346 καὶ
1309 1319 1420 1347 ἔλαττον
1430 1320 1460 1347 τὸ
1472 1321 1607 1357 χάρισμα,
1628 1323 1721 1357 φησὶν,
1729 1323 1798 1350 ἀλλὰ
1809 1324 1893 1358 ἀναγ-

1108 1364 1195 1390 καῖον.
1212 1364 1318 1400 ’Ὠσπερ
1344 1364 1398 1401 γὰρ
1418 1365 1522 1392 ἐκείνου
1535 1367 1585 1394 οὐκ
1594 1367 1680 1400 ῠντος,
1696 1369 1782 1395 πολλὰ
1805 1370 1889 1404 ὲμπο-

1107 1409 1221 1442 δίζεται,
1235 1409 1321 1442 οὕτως
1335 1411 1384 1438 καὶ
1393 1410 1489 1438 τούτου
1504 1412 1589 1447 χωρὶς
1614 1413 1697 1448 χωλοῖ
1710 1414 1742 1440 τὸ
1758 1415 1895 1450 πλήρωμα

1107 1453 1158 1488 τῆς
1180 1453 1354 1489 Ἐκκλησίας.

1146 1508 1156 1525 ι
1181 1499 1262 1527 Ἀλλὰ
1292 1500 1382 1536 πολλῷ
1421 1502 1521 1537 μᾶλλον
1540 1502 1574 1530 τὰ
1596 1503 1725 1531 δοκοῦντα
1751 1505 1819 1540 μέλη
1844 1504 1892 1532 τοῦ

1110 1542 1236 1578 σώματος
1265 1545 1450 1581 ἀσθενέστερα
1481 1547 1626 1583 ὑπάρχειν,
1655 1550 1792 1584 ἀναγκαῖά
1815 1550 1898 1576 ἑστία

1108 1587 1157 1614 καὶ
1170 1587 1188 1614 ὃ.
1201 1587 1333 1624 δοκοῦμεν
1348 1589 1507 1625 ἀτιμώτερα
1523 1591 1592 1627 μέλη
1614 1588 1683 1618 εῖναι
1698 1591 1744 1619 τοῦ
1759 1592 1896 1628 σώματος,

1108 1633 1211 1666 τούτοις
1237 1635 1321 1670 τιμὴν
1346 1636 1543 1671 περισσοτέραν
1570 1637 1769 1673 παρατίθεμεν’
1795 1639 1841 1666 καὶ
1862 1641 1897 1667 τὰ

1108 1679 1251 1714 ἀσχήμονα
1274 1680 1364 1716 ἡμῶν,
1386 1681 1593 1717 εὐσχημοσύνην
1612 1683 1808 1720 περισσοτέραν
1821 1685 1896 1720 ἕχει·

1108 1722 1143 1749 τὰ
1157 1723 1185 1749 δὲ
1200 1724 1357 1763 εὐσχήμονα
1367 1725 1446 1761 ἡμῶν
1457 1726 1487 1752 οὑ
1501 1726 1594 1762 χρείαν
1608 1726 1673 1763 ἔχει,
1686 1727 1754 1755 ἀλλὰ
1768 1730 1782 1756 ὁ
1793 1729 1869 1762 Θεός,
1885 1739 1895 1757 ι

1144 1813 1200 1841 Καὶ
1219 1814 1316 1849 ἑτέραν
1331 1814 1484 1852 ὑπερῦολὴν
1494 1815 1586 1851 τίθησι
1597 1824 1603 1831 ·
1617 1816 1690 1850 λέγει
1704 1816 1744 1843 ὄτι
1757 1817 1787 1844 οὐ
1803 1817 1898 1853 χρείαν

1109 1859 1166 1895 ἔχει
1182 1860 1217 1887 τὰ
1229 1860 1341 1896 μείζονα
1357 1860 1411 1888 τῶν
1425 1861 1590 1895 ἐλασσόνων,
1609 1861 1666 1889 ἀλλ’
1682 1863 1722 1889 ὅτι
1737 1863 1784 1890 καὶ
1799 1863 1898 1900 πολλὴν

1111 1906 1218 1941 χρείαν.
1258 1900 1331 1943 ’0ρά
1353 1907 1382 1934 δὲ
1400 1908 1474 1939 ὅπως
1495 1908 1542 1934 ἐπὶ
1562 1907 1616 1936 τῶν
1639 1907 1899 1944 ἀσθενεστέρων,τὰ

1109 1951 1258 1980 δοκοῦντα
1277 1953 1369 1989 φησίν.
1395 1953 1480 1981 ὀταν
1496 1953 1526 1980 δὲ
1543 1954 1690 1988 ἀναγκαῖα,
1711 1955 1804 1982 οὐκέτι
1820 1964 1900 1991 προσ-

1109 1996 1200 2032 τίθησι
1224 1997 1261 2025 τὰ
1283 1997 1431 2026 δοκοῦντα
1446 2017 1454 2032 ,
1470 1998 1528 2025 ἀλλ’
1549 1998 1631 2030 αὐτὸς
1645 1999 1826 2035 ἀποφαίνεται
1836 2021 1843 2034 ,
1859 2000 1900 2027 δτι

1109 2042 1247 2076 ἀναγκαῖά
1269 2044 1353 2071 ἐστιν.

1147 2089 1180 2115 Τί
1196 2089 1250 2125 γὰρ
1266 2089 1319 2116 τῶν
1338 2090 1440 2125 μορίων
1461 2090 1515 2117 τῶν
1550 2091 1718 2127 γεννητικῶν
1732 2091 1901 2128 ἀτιμώτερον

1111 2136 1139 2162 ὲν
1153 2136 1220 2171 ἡμῖν
1241 2133 1310 2162 εἶναι
1333 2135 1423 2169 δοκεῖ;
1452 2136 1522 2163 Ἀλλ’
1545 2137 1620 2173 ὅμως
1643 2137 1767 2173 χρήσιμα
1788 2137 1832 2164 διὰ
1852 2137 1901 2173 τὴν

275 2192 338 2212 nem
365 2184 515 2219 pertinent.
539 2184 716 2222 Quapropter
742 2185 933 2213 Romanorum
967 2186 1057 2221 legum

1113 2181 1299 2208 παιδοποιίαν·
1315 2181 1360 2208 διὰ
1379 2181 1457 2209 τοῦτο
1479 2182 1526 2209 καὶ
1546 2183 1571 2210 οἰ
1587 2183 1728 2219 νομοθέται
1748 2184 1902 2219 Ῥωμαίων,

276 2229 436 2257 conditores
461 2230 559 2258 in’eos
581 2231 628 2266 qui
643 2235 737 2266 partes
757 2231 825 2259 istas
838 2231 1014 2266 praeciderint
1034 2235 1061 2259 et

276 2274 421 2302 eunuchos
447 2273 575 2308 fecerint,
596 2275 824 2303 animadvertunt
840 2281 972 2311 tanquam
995 2283 1060 2311 erga

276 2319 390 2346 humani
415 2320 525 2354 generis
548 2320 747 2355 destructorcs,
766 2324 794 2349 et
814 2321 861 2356 qui
884 2326 990 2349 naturae
1008 2321 1062 2357 ipsi

276 2364 408 2400 injuriam
423 2364 555 2392 inferant.
580 2365 634 2394 Sed
655 2370 769 2402 pereant
793 2367 928 2402 protervi,
951 2368 999 2403 qui
1014 2368 1062 2396 Dei

276 2410 388 2445 opiﬁcia
409 2411 627 2440 calumniantur.
654 2411 721 2440 Nam
742 2412 818 2440 sicut
843 2413 1001 2448 complures
1019 2415 1063 2441 vi-

277 2464 343 2484 num
355 2457 493 2484 exsecrati
514 2461 581 2485 sunt
599 2462 713 2493 propter
736 2459 873 2492 ebriosos,
891 2460 957 2494 quin
978 2460 1062 2488 etiam

277 2502 442 2530 muliebrem
467 2511 565 2531 sexum
588 2508 699 2539 propter
718 2504 871 2537 adulteras.
895 2506 936 2534 sic
955 2510 982 2534 et
1005 2507 1063 2534 haec

260 2586 262 2588 η
278 2548 402 2576 membra
423 2549 516 2584 turpia
530 2557 594 2578 esse
609 2553 750 2586 putavere,
771 2551 836 2586 quia
848 2551 927 2579 multi
950 2552 985 2580 iis
1013 2552 1064 2580 ab-

280 2594 428 2622 utebantur
446 2602 527 2623 secus
551 2602 583 2622 ac
607 2595 709 2624 decens
723 2601 806 2624 esset.
832 2596 860 2623 Id
887 2597 962 2632 quod
983 2598 1065 2633 plane

281 2646 336 2666 non
354 2640 548 2668 conveniebat.
562 2640 741 2676 Nequaquam
756 2642 828 2669 enim
838 2647 946 2670 natura:
962 2643 1001 2670 rei
1017 2651 1065 2671 nc-

282 2684 453 2712 cessitudine
467 2685 553 2713 sortis
570 2691 714 2721 peccatum
725 2687 885 2722 adjunctum
899 2688 1005 2722 est,sed
1019 2695 1067 2715 vo-

285 2727 391 2757 lunlate
404 2731 526 2766 gignitur
542 2731 672 2759 delictum
688 2732 763 2768 quod
780 2733 843 2768 quis
861 2734 944 2762 audet
968 2733 1068 2761 admit-

284 2776 352 2803 tere.

323 2828 334 2844 ι
359 2820 533 2856 Temperavit
553 2829 663 2856 corpus.
689 2832 698 2847 ι

1110 2227 1174 2258 τοὺς
1185 2227 1273 2254 ταῦτα
1286 2226 1545 2264 ἀκρωτηριάζοντας
1558 2228 1592 2255 τὰ
1608 2228 1687 2264 μέλη,
1699 2229 1745 2255 καὶ
1759 2228 1903 2260 ποιοῦντας

1112 2273 1257 2308 εὐνούχους
1283 2272 1455 2306 κολάζουσιν,
1477 2274 1524 2301 ἅτε
1541 2273 1580 2309 τῷ
1603 2274 1685 2310 κοινῷ
1708 2275 1784 2309 γένει
1801 2274 1902 2310 λυμαι-

1112 2319 1253 2354 νομένους,
1282 2319 1330 2346 καὶ
1345 2320 1413 2356 αὐτῇ
1436 2320 1469 2355 τῇ
1495 2320 1574 2355 φύσει
1597 2319 1808 2355 ὲπηρεάζοντας.
1834 2320 1902 2348 Ἀλλ’

1113 2364 1258 2392 ἀπόλοιντο
1276 2365 1300 2391 οἱ
1316 2365 1472 2398 ἀκόλαστοι,
1486 2366 1511 2392 οἱ
1526 2365 1573 2392 τοῦ
1592 2365 1660 2392 Θεοῦ
1679 2365 1714 2392 τὰ
1737 2366 1904 2402 δημιουργή-

1117 2419 1190 2446 ματα
1219 2410 1430 2444 ἀποϐάλλοντες.
1457 2412 1561 2447 Ὥσπερ
1585 2411 1639 2447 γὰρ
1662 2411 1702 2447 τῷ
1726 2412 1791 2448 οἴνῳ
1812 2411 1904 2439 πολλοὶ

1113 2456 1158 2483 διὰ
1174 2457 1238 2488 τοὺς
1261 2456 1409 2491 μεθύοντας
1430 2457 1631 2493 κατηράσαντο,
1648 2457 1695 2485 καὶ
1709 2459 1741 2494 τῇ
1756 2458 1837 2494 φύσει
1849 2457 1903 2484 τῶν

1114 2501 1254 2537 γυναικῶν
1267 2501 1311 2528 διὰ
1327 2502 1377 2534 τὰς
1397 2502 1603 2538 μοιχευομένας,
1621 2502 1693 2530 οὕτω
1717 2504 1764 2530 καὶ
1785 2503 1818 2529 τὰ
1835 2503 1902 2538 μέλη

1122 2548 1210 2575 ταῦτα
1230 2548 1330 2582 αἰσχρὰ
1351 2545 1421 2574 εἶναι
1434 2548 1573 2582 ἐνόμισαν,
1593 2547 1636 2575 διὰ
1653 2549 1715 2580 τοὺς
1731 2549 1781 2575 οὐκ
1794 2549 1833 2580 εἰς
1844 2548 1904 2575 δέον
1941 2545 1947 2558 ⁸

1117 2593 1208 2624 αὐτοῖς
1222 2592 1391 2627 χρωμένους.
1411 2592 1480 2618 Ἀλλ’
1492 2592 1541 2619 οὐκ
1553 2593 1637 2629 ἐχρῆν
1647 2602 1654 2608 ·
1666 2594 1696 2620 οὐ
1710 2592 1763 2629 γὰρ
1776 2595 1809 2628 τῇ
1823 2592 1902 2627 φύσει

1117 2638 1164 2665 τοῦ
1181 2638 1344 2674 πράγματος
1358 2639 1374 2673 ὴ
1389 2638 1511 2673 ἁμαρτία
1526 2639 1761 2675 συγκεκλήρωται,
1779 2639 1837 2666 ἀλλ’
1850 2639 1905 2665 ἀπὸ

1117 2684 1166 2718 τῆς
1181 2683 1367 2719 προαιρέσεως
1389 2684 1511 2711 τίκτεται
1526 2684 1572 2711 τοῦ
1581 2685 1752 2721 τολμήματος
1764 2684 1793 2712 τὺ
1812 2684 1904 2720 πλημ-

1120 2729 1186 2764 μὲλη
1192 2738 1239 2764 μα.

1160 2837 1167 2852 ι
1185 2827 1369 2862 Συπκέρσιν
1387 2828 1416 2855 τὸ
1431 2828 1518 2864 σῶμα.
1542 2837 1551 2854 ι
