2078 3116
209 86 263 119 6Ἱ3
322 78 331 85 ί

790 89 831 119 ΙΝ
849 89 967 127 EPIST.
987 89 1037 119 AD
1049 89 1228 122 CORINTH.
1249 92 1275 122 Ι.
1779 97 1833 128 67!.

246 143 278 170 Et
301 142 329 169 δὲ
350 142 540 178 συνεκέρασεν,
569 144 618 171 οὐκ
645 145 734 180 ἀφῆκε
759 145 806 172 τοῦ
830 145 992 181 ἀτιμὼτεροι

1088 145 1165 178 Quod
1182 147 1206 174 si
1225 148 1446 183 contemperavit
1457 167 1465 180 ,
1479 155 1532 176 non
1548 155 1611 184 ergo
1621 156 1720 185 passus
1737 155 1789 184 est,
1805 157 1834 179 ut

210 188 365 224 φαίνεσθαι.

248 244 257 260 ι
275 233 320 269 Τῷ
354 233 544 270 ὑστερουμένῳ
570 234 764 270 περισσοτέραν
788 234 849 267 δοὺς
875 235 966 270 τιμήν.
985 243 995 260 ι

251 322 359 357 Ἐπειδὴ
370 321 424 357 γὰρ
436 321 483 349 καὶ
494 321 595 357 πολλῆς
609 322 785 358 παραμυθίας
796 323 922 358 τυχόντες
935 323 997 350 ὲλυ-

211 369 310 396 ποῦντο
328 369 367 400 ὡς
383 368 493 395 ἔλαττον
514 368 653 402 λαϐόντες,
668 368 802 396 δείκνυσιν
827 369 867 396 ὃτι
897 369 997 405 μᾶλλον

208 414 388 450 ἐτιμήθησαν.
406 414 452 449 Τῷ
467 414 520 450 γὰρ
535 414 736 450 ὑστερουμένῳ,
757 415 835 450 φησὶ,
851 415 936 452 τιμὴν
949 424 998 442 πε-

210 460 370 496 ρισσοτέραν
389 460 499 487 ἔδωκεν.

247 606 257 624 ι
271 597 330 624 ’Ἱνα
341 596 378 632 μὴ
390 595 407 633 ᾖ
424 597 562 632 σχίσματα
575 597 603 624 ὲν
618 596 657 632 τῷ
672 595 789 632 σώματι,
805 596 872 624 ἀλλὰ
885 597 915 624 τὸ
930 596 995 624 αὐτὸ

208 642 279 678 ὑπὲρ
298 642 422 678 ἀλλήλων
438 642 592 678 μεριμνῶσι
609 641 644 669 τὰ
663 642 732 678 μέλη
742 649 750 658 ·
765 642 813 669 καὶ
826 643 881 669 εἴτε
896 643 995 678 πάσχει

207 689 237 716 ἐν
255 689 344 725 μέλος,
358 689 515 724 συμπάσχει
530 689 619 716 πάντα
632 688 667 716 τὰ
686 689 766 724 μέλη,
782 688 838 716 εἴτε
853 689 995 722 δοξάζεται

207 734 237 762 ἒν
260 734 351 770 μέλος,
371 733 512 769 συγχαίρει
529 734 618 762 πάντα
633 733 668 761 τὰ
688 733 767 769 μέλη.
789 742 799 760 ›

1050 191 1124 225 quod
1143 191 1291 226 ignobilius
1306 196 1375 225 erat,
1397 198 1552 228 appareret.

1087 243 1097 260 α
1120 234 1170 262 Cui
1187 236 1289 269 deerat,
1312 237 1542 266 abundantiorem
1566 239 1713 267 tribuendo
1744 239 1834 276 hono-
1872 235 1874 240 ’

1049 286 1118 307 rem.
1144 289 1153 306 ι

1083 325 1221 358 Quoniam
1255 327 1339 359 enim,
1366 329 1475 356 tametsi
1499 329 1678 365 multiplicem
1705 331 1833 359 consola-

1053 371 1157 398 tionem
1171 378 1345 407 acceperant,
1359 373 1538 403 nihilominus
1552 375 1681 403 dolebant
1696 380 1830 412 tanquam

1048 416 1075 444 id
1089 417 1162 452 quod
1181 417 1274 446 minus
1303 423 1376 446 esset
1391 419 1544 451 consecuti,
1572 421 1694 447 ostendit
1710 429 1757 450 eos
1771 430 1832 450 ma-

1046 461 1103 496 jori
1124 470 1186 490 esse
1218 463 1331 492 affectos
1348 464 1463 491 honore.
1485 463 1554 491 Nam
1573 465 1612 491 illi
1630 466 1712 500 parti,
1729 467 1830 502 inquit,

1048 515 1110 542 quae
1125 508 1251 543 pluribus
1273 501 1463 543 deliciebatur,
1480 510 1713 539 abundantiorem
1731 501 1832 547 imper—

1049 554 1116 582 titus
1135 559 1175 582 est
1195 554 1341 583 honorem.

1082 596 1166 628 Ven’s.
1181 600 1227 632 '25,
1239 601 1284 627 26.
1302 609 1312 626 ι
1329 599 1365 628 Ut
1384 608 1438 628 non
1456 601 1492 629 sit
1512 601 1633 630 schisma
1657 602 1687 632 in
1703 610 1832 639 corpore,

1047 645 1096 673 sed
1117 646 1144 672 in
1161 646 1253 681 ipsum
1266 654 1317 681 pro
1341 646 1462 674 invicem
1479 647 1599 675 sollicita
1613 648 1671 676 sint
1694 651 1831 677 membra.

1047 689 1081 717 Et
1094 690 1152 718 sive
1166 691 1268 726 patitur
1278 699 1362 719 unum
1374 693 1538 725 membrum,
1554 694 1763 729 compatiuntur
1773 702 1832 722 om-

1046 735 1093 763 nia
1109 736 1248 769 membra;
1267 737 1326 764 sive
1341 737 1476 773 gloriatur
1491 745 1575 765 unum
1587 739 1755 772 membrum,
1765 746 1832 767 con-

1046 780 1166 816 gaudent
1185 782 1278 809 omnia
1295 782 1432 810 membra.
1449 791 1459 808 ι

242 824 295 851 Τὸν
316 823 394 858 λόγον
417 823 467 859 τῆς
489 823 690 859 περισσοτέρας
711 823 794 859 τιμῆς
816 822 992 856 ἀποδέδωκεν¹

1083 825 1227 854 Rationem
1256 827 1348 855 reddit
1375 827 1585 856 abundantioris
1603 829 1680 857 illius
1702 823 1851 864 honoris,.

205 869 260 897 ἀπὸ
272 869 320 896 τοῦ
340 868 524 904 συμφέροντος
542 868 754 901 κατασκευάζων
779 868 870 903 αὐτὸν,
888 869 932 896 ἵνα
958 869 996 905 μὴ

206 915 223 953 ᾖ
248 916 394 951 σχίσματα,
419 914 517 948 λέγων.
541 915 590 941 Ἂν
619 923 648 941 τε
671 914 725 950 γὰρ
743 914 892 950 ὀφθαλμὸς,
909 915 941 942 ἄν
964 923 994 941 τε

208 961 418 998 ῥὶς,διατηρῶσι
439 960 470 988 τὺ
491 960 602 993 οἰκεῖον,
619 960 666 987 τοῦ
688 960 837 996 συνδέσμου
856 960 993 994 λυθέντος,

205 1007 302 1042 ὄφελος
323 1007 400 1034 οὐδὲν
421 1006 497 1033 ἔσται
517 1005 621 1033 λοιπόν.
639 1006 688 1033 Ἂν
705 1006 734 1032 δὲ
754 1006 850 1033 τούτου
870 1007 995 1043 μένοντος

206 1054 299 1080 ἐκεῖνα
325 1053 422 1089 βλαὸῇ,
436 1052 484 1080 καὶ
508 1051 730 1086 διαϐαστάζεται,
748 1052 796 1079 καὶ
810 1052 878 1088 πρδς
899 1052 994 1087 ὑγείαν

205 1099 329 1127 ἐπάνεισι
342 1098 457 1134 ταχέως.

243 1155 253 1172 ε
276 1145 370 1182 Ὑμεῖς
388 1143 416 1172 δέ
434 1144 496 1172 ἐστε
512 1142 592 1179 σῶμα
606 1143 735 1179 Χριστοῦ.
754 1152 764 1169 ι

239 1192 271 1219 Ei
284 1192 313 1219 δὲ
327 1191 358 1218 τὺ
372 1185 505 1226 ἡμέτερον
519 1189 550 1216 οὐ
565 1188 605 1215 δεῖ
621 1188 777 1221 στασιάζειν
800 1188 889 1225 σῶμα,
902 1187 992 1223 πολλῷ

207 1237 306 1273 μᾶλλον
317 1236 347 1263 τὸ
359 1235 406 1262 τοῦ
420 1234 550 1271 Χριστοῦ.

210 1312 215 1318 ,
243 1292 253 1309 ι
272 1283 329 1310 Καὶ
345 1282 412 1318 μέλη
428 1281 460 1307 ὲκ
476 1280 587 1317 μέρους.
609 1288 619 1306 ι

245 1329 279 1356 Ἦ
300 1327 447 1364 Ἐκκλησία
471 1327 488 1362 ὴ
508 1326 573 1362 παρ’
591 1326 665 1361 ὑμῖν,
679 1324 757 1361 φησὶ,
776 1325 860 1361 μέρος
870 1324 928 1351 ἐστὶ
941 1324 992 1360 τῆς

205 1372 343 1408 πανταχοῦ
372 1371 546 1407 Ἐκκλησίας,
570 1370 641 1397 ὥστε
667 1370 728 1406 οὐχὶ
759 1370 828 1406 πρὸς
860 1370 992 1406 ἀλλήλους

206 1419 297 1455 μόνον,
310 1418 379 1446 ἀλλὰ
399 1417 447 1445 καὶ
466 1417 534 1453 πρὸς
549 1417 658 1445 ἃπασαν
677 1417 726 1453 τὴν
744 1416 815 1444 κατὰ
833 1416 882 1452 τὴν
901 1417 992 1443 οίκου-

206 1466 289 1502 μένην
311 1464 473 1500 Ἐκκλησίαν
488 1463 640 1500 εἰρηνεύειν
653 1463 687 1491 ἂν
704 1463 777 1499 είητε
790 1462 899 1495 δίκαιοι,
919 1463 947 1489 εἴ
959 1471 990 1497 γε

205 1511 304 1543 παντός
319 1511 381 1537 ὲστε
394 1509 462 1545 μέλη
476 1509 524 1536 τοῦ
540 1508 675 1544 σώματος.

243 1566 252 1583 ι
271 1557 325 1583 Καὶ
346 1556 393 1588 οὓς
418 1555 468 1590 μὲν
491 1555 567 1581 ἔθετο
587 1554 601 1580 ό
616 1553 682 1586 Θεὸς
707 1554 736 1581 ἐν
763 1554 796 1589 τῇ
831 1552 989 1589 Ἐκκλησίᾳ,

204 1602 313 1638 πρῶτον
331 1600 506 1632 ἀποστόλους.
529 1609 538 1626 ι
786 1597 789 1601 ’

239 1648 399 1681 Κατάλογον
426 1647 544 1673 ποιεῖται
566 1645 620 1672 τῶν
640 1644 830 1680 χαρισμάτων,
848 1644 896 1671 καὶ
916 1643 991 1679 πρώ-

204 1702 267 1726 τους
281 1702 312 1727 γε
328 1693 419 1721 τάττει
432 1692 495 1724 τοὺς
510 1690 685 1724 ἀποστόλους,
705 1691 729 1717 οἳ
744 1689 791 1717 καὶ
807 1689 944 1726 πανταχοῦ
961 1690 989 1718 ὲν

205 1741 310 1772 ἑαυτοῖς
320 1737 392 1775 εἶχον
407 1739 440 1765 τὰ
452 1738 621 1774 χαρίσματα.

243 1796 252 1811 ι
273 1786 404 1820 Δεύτερον
418 1784 569 1819 προφήτας.
591 1793 600 1809 ι

239 1831 294 1859 Καὶ
304 1831 359 1866 γὰρ
376 1831 405 1857 ἐν
419 1832 451 1866 τῇ
467 1830 559 1865 χάριτι
578 1826 648 1865 ἦσαν
671 1824 744 1856 οὗτοι
760 1827 987 1864 προφητεύοντες,

204 1874 260 1905 οἷον
271 1877 402 1912 Ἀγαὸος,
418 1876 465 1903 καὶ
483 1876 507 1902 oi
524 1875 581 1911 μετ’
597 1874 691 1901 αὐτοῦ.

241 1932 251 1949 ι
273 1922 370 1958 Τρίτον
386 1921 572 1952 διδασκάλους.
594 1929 604 1945 ι

244 1967 426 1998 Ἐπισκόπους
440 1965 532 2002 φησίν.

240 2013 354 2040 Ἔπειτα
364 2011 503 2047 δυνάμεις,
515 2010 609 2037 ἔπειτα
619 2008 777 2045 χαρίσματα
788 2009 922 2044 ἰαμάτων.
939 2018 948 2036 ι

243 2058 272 2085 ’0
293 2057 407 2092 δύναμιν
426 2056 506 2092 ἔχων,
527 2055 576 2083 καὶ
596 2055 732 2088 κολάζειν,
750 2055 797 2082 καὶ
815 2054 905 2082 ἰᾶσθαι
926 2055 988 2091 ἠδύ-

202 2112 276 2132 νατο.
296 2103 326 2130 ’0
340 2103 368 2129 δὲ
386 2102 509 2139 χάρισμα
530 2102 652 2137 ίαμάτων
666 2101 747 2136 ἔχων,
763 2101 912 2136 ἐθεράπευε
937 2102 985 2137 μό-

1047 879 1128 907 quam
1143 879 1158 898 a
1175 872 1371 900 convenientia
1401 873 1489 900 astuui
1503 880 1510 899 :
1528 877 1559 900 ut
1575 881 1629 901 non
1647 874 1683 902 sit
1697 874 1831 907 schisma,

1046 914 1148 950 inquit.
1167 915 1234 943 Nam
1251 916 1273 943 si
1287 917 1398 950 oculus,
1416 917 1439 944 si
1456 917 1543 949 naris,
1558 918 1670 952 propria
1688 918 1742 946 sibi
1754 925 1831 947 seor-

1046 960 1097 988 sim
1125 961 1278 994 vindicant,
1296 962 1387 989 soluto
1404 962 1524 995 vinculo,
1535 963 1604 990 nihil
1619 963 1691 998 quod
1706 968 1831 997 superest

1046 1006 1178 1042 deinceps
1188 1007 1312 1043 juvatur.
1335 1007 1383 1035 Sin
1406 1012 1498 1036 autem
1525 1016 1558 1036 eo
1576 1014 1705 1036 manente
1725 1010 1770 1036 illa
1783 1010 1831 1038 la:-

1045 1052 1158 1086 dantur,
1176 1057 1267 1080 totum
1295 1053 1475 1089 compatilur,
1491 1057 1519 1082 et
1535 1054 1638 1081 mederi
1661 1055 1830 1089 quantocius

1044 1096 1172 1125 festinat.

1079 1143 1162 1171 Vens.
1179 1143 1224 1171 27.
1244 1153 1253 1169 ε
1277 1143 1333 1172 Vos
1347 1144 1415 1172 estis
1430 1151 1533 1180 corpus
1545 1144 1660 1173 Christi.
1685 1154 1695 1172 ι

1082 1189 1160 1221 Quod
1177 1189 1201 1217 si
1217 1196 1273 1216 non
1290 1189 1401 1224 expedit
1416 1193 1445 1217 ut
1469 1194 1596 1217 nostrum
1615 1198 1717 1225 corpus
1730 1190 1829 1219 factio-

1044 1233 1127 1261 nibus
1144 1234 1261 1267 laboret,
1279 1235 1370 1261 multo
1384 1235 1472 1270 magis
1487 1236 1591 1263 Christi
1604 1243 1719 1271 corpus.

1081 1288 1091 1306 ι
1110 1279 1143 1306 Et
1158 1280 1281 1307 membra
1296 1280 1330 1308 de
1342 1281 1476 1309 membro.
1498 1290 1507 1307 ι

1080 1324 1206 1352 Ecclesia
1231 1329 1343 1359 vestra,
1372 1325 1474 1360 inquit,
1501 1333 1567 1361 pars
1593 1330 1636 1355 est
1668 1326 1744 1355 illius
1767 1334 1828 1362 quae

1044 1370 1149 1405 ubique
1162 1369 1338 1398 diﬂ'unditur.
1359 1370 1494 1404 Quocirca
1512 1371 1575 1407 jure
1593 1373 1692 1400 merito
1708 1380 1764 1400 non
1779 1381 1826 1401 so-

1038 1417 1102 1443 .lum
1118 1417 1192 1445 inter
1216 1424 1265 1446 vos
1295 1420 1392 1444 mutuo
1410 1424 1507 1453 pacem
1526 1418 1618 1446 colere
1640 1418 1757 1452 debetis,
1784 1427 1829 1447 ve-

1042 1470 1102 1489 rum
1126 1463 1213 1490 etiam
1239 1470 1302 1489 cum
1331 1463 1462 1491 universa
1485 1471 1534 1498 per
1559 1464 1655 1492 orbem
1690 1469 1828 1493 terrarum

1042 1506 1188 1542 Ecclesia;
1210 1507 1232 1535 si
1249 1508 1331 1535 modo
1351 1508 1478 1544 corporis
1500 1509 1590 1537 totius
1606 1509 1730 1537 membra
1745 1511 1825 1539 estis.

1079 1553 1160 1588 108
1183 1553 1266 1582 Vens.
1290 1553 1337 1584 28,
1360 1563 1369 1580 ι
1388 1553 1421 1580 Et
1448 1554 1582 1590 quosdam
1605 1555 1716 1590 quidem
1733 1557 1828 1591 posuit

1040 1597 1114 1625 Deus
1133 1598 1251 1633 primum
1268 1598 1427 1634 Apostolus.
1441 1607 1452 1625 ›
1616 1618 1621 1621 ν

1076 1643 1213 1672 Recensct
1244 1644 1334 1678 dona,
1363 1652 1395 1672 ac
1411 1645 1501 1680 primo
1533 1645 1596 1673 loco
1626 1647 1723 1674 statuit
1753 1654 1824 1682 apo-

1040 1690 1137 1723 stolos,
1154 1689 1201 1725 qui
1220 1690 1331 1726 quidem
1349 1691 1480 1719 omnibus
1492 1691 1616 1727 undique
1629 1692 1709 1720 donis
1725 1696 1752 1720 et
1762 1699 1825 1728 gra-

1040 1736 1088 1764 tiis
1101 1736 1229 1764 instructi
1242 1739 1335 1764 erant.

1078 1791 1088 1808 ι
1112 1781 1239 1809 Secundo
1256 1782 1427 1817 prophetas“
1439 1790 1448 1807 ι

1075 1826 1133 1854 Sub
1152 1826 1239 1862 gratia
1260 1827 1362 1862 quippe
1387 1827 1526 1863 prophetae
1541 1831 1632 1861 erant,
1651 1827 1727 1855 velut
1745 1827 1818 1864 Aga-

1038 1871 1103 1905 bus,
1119 1872 1233 1907 ejusque
1250 1873 1330 1900 socii.

1076 1927 1086 1944 ‹
1105 1916 1199 1945 Tertio
1219 1917 1360 1946 doctores.
1382 1926 1392 1944 ι

1073 1961 1224 1997 Episcopos
1244 1962 1390 1990 nimirum.

1074 2018 1084 2035 (
1108 2008 1211 2037 Deinde
1225 2009 1355 2041 virtutes,
1376 2008 1475 2036 exinde
1488 2008 1593 2044 gratias
1612 2009 1819 2037 curationum.»

1068 2053 1122 2087 Qui
1154 2054 1287 2082 virtutem
1325 2053 1463 2083 habebat.
1497 2057 1608 2088 poterat
1634 2057 1692 2081 tum
1723 2061 1822 2088 poenas

1036 2099 1170 2135 inﬂigere,
1188 2103 1246 2126 tum
1266 2098 1350 2127 etiam
1369 2105 1480 2127 sanare.
1499 2101 1534 2126 At
1545 2099 1591 2134 qui
1608 2099 1682 2127 dono
1698 2099 1821 2127 curatio-

203 2157 257 2175 νον.
271 2148 420 2184 Προτάττει
437 2147 466 2174 δὲ
481 2146 528 2173 τοῦ
543 2146 712 2182 χαρίσματος
733 2146 788 2172 τῶν
804 2146 926 2181 ἰαμάτων
942 2147 987 2174 τὸν

1045 2151 1104 2170 num
1121 2144 1278 2171 instructus
1297 2147 1368 2176 erat,
1383 2143 1501 2170 sanabat
1522 2143 1665 2170 duntaxat.
1685 2143 1820 2170 Czetcrum

202 2195 279 2228 λόγον
291 2194 340 2229 τῆς
356 2192 538 2224 διδασκαλίας.
558 2193 659 2224 Μεῖζον
683 2192 738 2228 γὰρ
756 2191 788 2218 τὸ
811 2192 987 2227 καταγγεῖλαι

200 2240 246 2267 τδν
260 2240 337 2275 λόγον
351 2240 399 2267 καὶ
413 2239 463 2274 τὴν
475 2238 615 2265 εὐσέϐειαν
637 2238 677 2269 εἰς
696 2238 746 2270 τὰς
766 2238 821 2265 τῶν
835 2238 987 2266 ἀκουόντων

200 2286 298 2322 ψυχὰς,
314 2285 361 2313 τοῦ
377 2284 505 2320 δυνάμεις
519 2285 618 2311 ποιεῖν.

238 2383 248 2400 ‹
275 2373 453 2409 ’Λντιλήψειᾳ
469 2381 478 2398 ι

235 2419 272 2446 Τὸ
285 2416 531 2454 ἀντιλαμϐάνεσθαι
545 2415 601 2443 τῶν
614 2415 746 2443 ἀσθενῶν.

239 2475 248 2491 ‹
268 2465 463 2501 κυϐερνήσεις.
480 2472 488 2489 ι

234 2513 272 2539 Τδ
292 2512 445 2547 οἰκονομεῖν
473 2507 657 2545 πνευματικά.
682 2507 738 2534 Καὶ
759 2506 794 2534 τὰ
811 2506 934 2543 ἡμέτερα
957 2505 985 2534 δὲ

199 2547 399 2594 κατορθώματα
428 2554 601 2591 πνευματικὰ
626 2553 711 2588 λέγει,
736 2552 844 2585 δεικνὺς
869 2553 910 2579 ὅτι
936 2553 986 2588 τῆς

198 2604 245 2631 τοῦ
257 2604 324 2631 Θεοῦ
335 2602 473 2638 πανταχοῦ
487 2600 603 2637 δεόμεθα
618 2599 755 2635 βοηθείας.

236 2659 246 2675 ι
263 2649 333 2684 Γένη
346 2647 487 2683 γλωσσῶν.
508 2655 517 2672 ι

228 2688 366 2731 ’Ὕστερον
385 2694 507 2730 τίθησιν,
536 2692 579 2727 ἐφ’
595 2687 618 2726 ᾧ
645 2691 761 2727 μάλιστα
787 2689 885 2716 ἐκεῖνοι
913 2689 983 2725 μέγα

199 2743 336 2779 ἐφρόνουν⁷
352 2741 485 2768 διδάσκων
503 2738 602 2769 αὐτοὺς
618 2738 655 2772 μὴ
673 2735 846 2772 φυσιοῦσοαι.

237 2795 246 2812 ι
265 2786 312 2821 Μὴ
330 2785 431 2815 πάντες
456 2782 618 2814 ἀπόστολοι;
641 2781 678 2816 μὴ
704 2781 806 2816 πάντες
822 2779 981 2816 προφῆται;

1038 2187 1171 2216 doctrina!
1182 2195 1282 2215 munus
1291 2187 1434 2222 anteponit
1443 2188 1537 2222 gratia:
1549 2187 1735 2215 curationum.
1750 2187 1820 2214 Nam

1038 2233 1217 2269 praestantius
1241 2236 1284 2260 est
1300 2232 1466 2260 annuntiare
1482 2233 1607 2264 verbum,
1621 2233 1661 2260 'et
1689 2233 1820 2268 pietatem

1039 2278 1141 2307 animis
1167 2278 1325 2306 auditorum
1355 2278 1498 2312 inserere,
1529 2285 1612 2314 quam
1639 2277 1756 2306 virtutes
1781 2277 1821 2305 fa-

1037 2329 1110 2350 cere.

1077 2377 1086 2393 ι
1110 2367 1324 2403 Opitulationes.
1349 2377 1359 2393 ι

1073 2413 1157 2448 Opem
1174 2413 1292 2441 inlirmis
1309 2416 1452 2448 praestare.

1075 2468 1085 2485 ‹
1102 2458 1333 2487 anernationes.
1357 2467 1367 2484 ι

1073 2505 1236 2541 Spiritualia
1253 2505 1426 2540 dispensare.
1445 2502 1542 2530 Nostra
1558 2508 1641 2537 porro
1658 2505 1732 2529 recte
1746 2501 1820 2529 facta

1037 2551 1193 2587 spiritualia
1215 2550 1317 2583 innuit,
1350 2553 1380 2577 ut
1405 2547 1535 2577 ostendat
1565 2547 1613 2576 Dei
1641 2555 1693 2576 nos
1718 2547 1820 2583 ubique

1037 2595 1140 2622 auxilio
1158 2594 1292 2629 indigere.

1074 2649 1083 2666 ι
1106 2639 1214 2667 Genera
1235 2639 1404 2674 linguarum.
1429 2647 1439 2664 ι
1600 2649 1623 2664 ρ

1074 2685 1206 2713 Ultimum
1222 2684 1300 2719 ponit
1326 2683 1352 2710 id
1379 2690 1433 2718 quo
1450 2682 1489 2710 illi
1513 2681 1592 2710 valde
1617 2680 1817 2718 gloriabantur,

1032 2721 1068 2760 ἰιι
1084 2738 1132 2759 eos
1146 2730 1258 2758 doceret
1275 2737 1331 2757 non
1345 2729 1448 2757 elferri.

1073 2776 1153 2804 Vsus.
1167 2776 1212 2809 29,
1229 2775 1273 2804 50.
1291 2785 1303 2818 ι
1323 2774 1454 2810 Nunquid
1478 2781 1575 2803 omnes
1589 2771 1728 2810 apostoli?
1745 2773 1825 2802 Nunm
