2078 3116
280 120 334 152 675

889 114 919 143 S.
933 110 1094 143 IOANNIS
1113 110 1330 142 DAMASCENI

1852 109 1905 141 676

281 173 350 210 quid
378 181 474 202 omnes
486 170 649 208 'prOphctae?
664 168 788 204 nunquid
804 174 901 204 omnes
920 165 1066 194 doctores?

1121 165 1157 200 μὴ
1180 166 1280 198 πάντες
1299 165 1474 198 διδάσκαλοι;
1501 163 1538 200 μὴ
1565 164 1666 195 πάντες
1687 163 1841 198 δυνάμεις;
1867 164 1904 199 μὴ

281 218 406 254 nunquid
422 226 519 246 omnes
543 215 684 244 virtutes?
704 213 830 249 nunquid
847 219 944 240 omnes
955 211 1062 246 gratias

282 266 383 293 habent
410 262 603 292 curationum?
627 259 752 295 nunquid
781 265 879 286 omnes
903 256 1007 292 linguis
1023 255 1066 282 lo-

281 309 421 346 quuntur?
437 307 565 343 nunquid
576 313 672 334 omnes
693 301 937 339 interpretantur?
953 310 962 327 ι

315 355 385 389 Quia
400 353 551 382 verisimile
568 356 628 379 erat
643 358 691 379 eos
711 350 759 385 qui
785 349 843 376 haec
862 347 1001 377 audirent,
1022 345 1066 372 di-

283 405 397 428 cturos:
418 398 508 426 Eccur
523 405 590 426 vero
602 403 657 424 non
675 395 740 422 facti
762 401 858 422 sumus
872 391 1013 428 apostoli?
1026 390 1065 417 ita

281 446 407 481 quuitur
418 443 616 472 vehementiori
630 448 773 470 sermone:
786 440 852 475 quin
865 443 892 466 et
905 438 933 465 id
949 443 1062 465 rursum

280 491 407 525 exemplo
424 488 552 524 corporis
565 487 721 515 confirmat.

315 535 401 565 Vsus.
416 536 461 564 51.
483 545 493 561 ι
510 533 690 562 )Emulamini
706 531 874 560 charismata
892 529 1021 558 meliora.
1032 528 1067 556 Et

282 583 373 612 adhuc
387 581 612 611 excellentiorem
629 579 708 606 vobis
717 578 789 605 viam
804 577 977 605 demonstro.
997 584 1008 602 ι

589 624 666 651 CAP.
688 622 760 651 Xlll.

315 672 399 701 Vsus.
420 672 486 705 με.
504 681 513 698 ι
532 671 560 698 Si
574 669 676 705 linguis
692 667 834 696 hominum
849 666 949 700 loquar
969 667 996 692 et
1014 671 1067 690 an-

281 719 418 754 gelorum,
427 718 590 745 eharitatem
600 719 692 742 autem
705 721 758 742 non
771 710 998 743 habuero,faclus
1007 716 1067 737 sum

280 764 357 792 velut
370 772 408 791 aes
424 771 541 796 sonans,
552 766 599 789 aut
612 760 770 796 cymbalum
782 758 915 785 tinniens.
935 756 970 783 Et
979 755 1003 784 si
1018 755 1068 782 ha-

281 811 367 839 buero
383 810 569 846 prophetiam,
587 811 615 836 et
633 807 758 835 noverim
775 803 910 840 mysteria
923 803 1066 836 omnia,et

281 839 392 884 omnem
407 839 569 888 scientiam;
581 858 608 882 et
624 854 648 881 si
664 852 786 880 habuero
801 856 909 879 omnem
923 848 1014 881 fidem,
1031 849 1069 876 ita
1085 839 1106 868 Β

282 906 311 929 ut
327 906 436 930 montes
457 900 637 931 transferam,
652 898 814 926 eharitatem
830 899 922 923 autem
940 902 995 923 non
1014 895 1062 921 ha-

282 947 379 979 buero,
394 947 464 974 nihil
479 954 551 974 sum.
563 945 596 972 Et
608 945 631 972 si
643 943 812 972 distribuero
825 942 853 969 in
869 942 948 970 cibos
963 947 1068 976 paupe-

282 999 344 1019 rum
365 999 461 1019 omnes
479 991 625 1018 facultates
642 996 730 1020 meas,
750 991 787 1021 Let
804 987 827 1016 si
846 987 989 1015 tradidero
1007 993 1070 1013 cor-

283 1043 337 1072 pus
350 1045 441 1064 meum
460 1037 497 1064 ila
514 1041 544 1064 ut
565 1036 696 1069 ardeam;
714 1034 878 1062 charitatem
895 1036 987 1060 autem
1013 1037 1070 1060 non

282 1081 416 1114 habuero,
426 1081 499 1108 nihil
518 1080 584 1107 mihi
601 1079 725 1115 prodest.
736 1088 756 1104 λ»

318 1137 382 1165 Ηιιιο
397 1136 462 1164 dum
490 1136 625 1170 l0quitur,
657 1135 780 1162 insinuat
807 1133 915 1169 culpam
938 1133 1063 1169 ipsorum

283 1183 370 1211 fuisse
386 1186 416 1210 ut
435 1181 545 1209 minora
571 1181 744 1215 acciperent,
765 1183 793 1207 et
816 1187 865 1214 per
884 1179 961 1214 ipsos
985 1183 1070 1213 stare,

283 1228 384 1255 altiora
396 1227 539 1262 consequi,
556 1227 578 1254 si
588 1226 685 1254 velint.
703 1225 788 1260 Atqui
800 1224 923 1257 Charitas
938 1224 1070 1252 omnibus

283 1273 364 1301 donis
379 1271 561 1300 excellentior
577 1274 630 1298 est.
655 1270 685 1298 Id
700 1269 774 1306 quod
789 1269 904 1302 evincit,
919 1275 1069 1305 compara-

284 1318 360 1351 tione
379 1317 452 1345 facta
469 1317 545 1345 illius
561 1316 595 1344 ad
610 1320 708 1344 caetera
723 1315 807 1349 dona,
823 1322 884 1350 quae
901 1314 962 1342 sine
978 1314 1072 1341 chari-

284 1367 340 1391 tate
362 1363 432 1390 nihil
460 1363 575 1390 omnino
595 1365 669 1390 sunt.
684 1361 719 1388 At
733 1360 795 1389 vide
810 1367 865 1396 qua
887 1360 998 1388 ratione
1018 1359 1072 1387 hoc

285 1410 375 1446 ipsum
389 1409 499 1444 probat.
515 1408 576 1435 Non
594 1408 668 1435 enim
686 1407 774 1435 dixit:
791 1406 820 1434 Si
836 1406 922 1434 sciam
943 1406 1070 1441 linguas;

285 1454 350 1481 sed:
372 1453 402 1480 Si
417 1452 514 1487 linguis
535 1452 691 1487 angelorum
711 1451 816 1486 loquar.
833 1450 890 1479 Nec
906 1450 1070 1486 simpliciter

286 1498 323 1526 ait
335 1507 341 1526 :
355 1497 384 1525 Si
396 1497 612 1533 prophetavero;
628 1496 677 1525 sed
698 1505 705 1524 :
722 1496 752 1524 Si
770 1497 887 1524 noverim
908 1497 999 1524 omnia
1016 1505 1070 1532 my-
1085 1513 1107 1543 ο

285 1543 378 1574 steria,
394 1547 419 1570 et
437 1551 538 1571 omnem
553 1542 702 1575 scientiam,
730 1550 793 1570 cum
812 1541 966 1570 intensione
980 1542 1064 1570 nimi-

286 1596 358 1620 rum,
376 1593 405 1616 et
433 1587 567 1623 augendo.
591 1587 685 1623 Neque
707 1595 816 1615 rursum
839 1587 1023 1623 dicit2109
1039 1586 1070 1615 Si

286 1634 388 1662 dedero
407 1622 557 1660 facultates
570 1622 666 1666 meas;
682 1632 748 1660 sed:
767 1631 797 1659 Si
809 1622 972 1659 distribuero
989 1622 1016 1659 in
1030 1632 1070 1659 ci—

287 1679 343 1712 bos,
363 1682 394 1706 ut
412 1679 537 1713 sumptui
553 1678 741 1705 ministerium
754 1678 897 1712 adjungat.
913 1678 977 1705 Haec
988 1677 1072 1713 igitur

286 1725 379 1751 omnia
395 1723 519 1759 augendo
531 1731 691 1757 recensens,
701 1723 834 1752 charitate
844 1724 928 1760 longe
935 1723 1072 1751 deteriora

288 1769 423 1797 exsistere
442 1770 575 1797 ostendit.
594 1770 780 1802 Quamobrem
801 1770 826 1797 si
848 1777 1009 1805 magnorum
1024 1769 1074 1797 do-

286 1822 386 1843 narum
416 1815 511 1851 cupidi
535 1815 621 1847 estis,
661 1815 771 1850 inquit,
798 1815 931 1843 cbaritati
960 1821 1074 1850 operam

285 1860 361 1887 date.

321 1915 452 1951 Apprime
475 1919 550 1943 recte
575 1915 736 1943 charitatam
754 1915 834 1944 donis
855 1923 916 1944 esse
940 1916 1072 1952 majorem

285 1960 374 1987 docet.
394 1959 432 1986 Ea
446 1960 547 1995 quippe
560 1961 745 1988 scissurarum
759 1967 848 1989 causae
866 1961 976 1989 fuerant
988 1971 996 1990 ;
1009 1961 1074 1990 haec

284 2009 375 2034 autem
391 2005 556 2034 dissidentes
570 2007 721 2043 coniungit.

319 2061 430 2090 Videsis
446 2062 519 2090 unde
535 2062 665 2097 incipiat;
694 2063 729 2091 ab
753 2063 800 2091 illo
816 2063 972 2098 linguarum
990 2063 1073 2098 dono,

285 2107 357 2143 quod
375 2114 503 2143 magnum
517 2107 584 2143 ipsis
599 2108 751 2136 videbatur.
768 2109 840 2142 Quin
856 2117 912 2137 non
927 2110 1009 2138 modo
1023 2110 1075 2137 lin-

286 2161 354 2189 guas
373 2153 515 2180 hominum
539 2154 640 2189 posuit,
665 2159 758 2182 verum
781 2158 808 2182 et
830 2155 1002 2190 angelorum.
1022 2155 1079 2189 Hic,

285 2205 369 2234 porro
388 2198 509 2233 linguam
531 2199 683 2226 nominavit
704 2199 861 2235 angelorum
873 2220 881 2233 ,
912 2208 966 2228 non
982 2205 1010 2228 ut
1024 2207 1074 2228 an-

286 2244 354 2278 gelis
382 2244 491 2279 attingat
513 2251 633 2279 corpus:
652 2245 700 2272 sed
720 2245 779 2279 ejus
803 2246 950 2274 verborum
977 2253 1074 2275 sensus

286 2289 339 2317 iste
356 2293 398 2317 est
411 2297 418 2316 :
435 2288 547 2318 Etiamsi
560 2290 654 2318 eodem
668 2291 748 2319 modo
760 2292 898 2327 loquerer,
913 2294 1073 2329 quo-angeli

286 2335 358 2362 inter
382 2342 412 2362 se
435 2334 607 2363 confabulari
636 2337 735 2364 solent.
756 2337 835 2365 Velut
863 2338 927 2366 dum
956 2338 1018 2366 ait:
1040 2338 1075 2365 Ei

285 2381 409 2415 ﬂectatur
424 2389 498 2408 onum
511 2390 588 2417 genu,
598 2383 755 2415 cazleslium,
768 2387 793 2410 et
804 2384 981 2417 terrestrium,
994 2389 1018 2411 et
1033 2385 1075 2411 in-

285 2427 420 2462 fernarum
430 2435 440 2459 ;
457 2435 509 2454 non
526 2428 565 2455 sic
582 2427 655 2455 fatur
667 2433 699 2455 ut
719 2436 808 2464 genua
833 2430 935 2464 angelis
955 2433 982 2457 et
1009 2437 1073 2458 ossa

286 2473 427 2506 attribuat,
463 2473 510 2501 sed
538 2473 666 2500 eximiam
695 2474 883 2502 adorationem
906 2474 1073 2510 significare

285 2517 354 2550 vult,
369 2522 529 2545 consuetum
548 2517 627 2546 nobis
649 2518 771 2546 habitum
787 2519 911 2554 corporis
927 2521 1073 2547 enuntian-

285 2564 331 2591 do.
348 2563 394 2591 Sic
416 2567 443 2591 et
457 2563 509 2591 hoc
524 2563 583 2591 loco
604 2563 733 2592 familiari
755 2564 834 2592 nobis
851 2565 964 2592 ratione
978 2569 1072 2593 mutua

283 2608 443 2644 angelorum
463 2609 598 2644 colloquia
615 2609 710 2638 volens
721 2610 885 2645 exprimere,
903 2609 1002 2646 tingue
1019 2617 1070 2637 no-

282 2661 347 2681 men
362 2654 513 2689 usurpavit.

320 2709 405 2738 Vens.
418 2710 445 2738 4.
466 2719 476 2736 ι
490 2709 615 2738 Charitas
630 2711 737 2745 patiens
753 2714 807 2738 est.
824 2720 833 2737 ι

321 2754 451 2788 Observa,
479 2755 616 2790 quomodo
640 2756 710 2784 hanc
727 2757 817 2784 statim
835 2759 929 2792 ponat,
947 2756 1070 2784 omnium

285 2800 418 2831 bonorum
451 2800 681 2830 honestissimum.
713 2802 817 2838 Ecquid
846 2810 911 2832 vero
935 2802 988 2831 hoc
1013 2802 1070 2831 est?

1117 213 1217 243 πάντες
1242 212 1400 248 χαρίσματα
1427 211 1536 247 ἔχουσιν
1567 210 1703 246 ίαμάτωνς
1738 210 1775 245 μὴ
1806 210 1906 242 πάντες

1117 258 1255 293 γλώσσαις
1280 258 1406 291 inimici;
1429 257 1466 293 μὴ
1484 257 1583 288 πάντες
1597 255 1836 292 διερμηνεύουσιν;
1857 265 1868 283 ο

1157 347 1268 383 Ἐπειδὴ
1291 347 1364 380 εἰκὸς
1384 345 1424 383 ἦν,
1438 346 1526 374 ταῦτα
1550 345 1719 377 ἀκούσαντας
1732 345 1832 380 λέγειν,
1846 345 1903 373 Καὶ

1116 392 1161 419 διὰ
1173 392 1200 419 τί
1209 392 1252 428 -μὴ
1265 393 1364 423 πάντες
1375 391 1517 419 ἀπόστολοι
1529 391 1693 426 ὲγενόμεθα;
1704 390 1791 417 Τοῦτό
1802 398 1900 425 φησιν,

1118 438 1384 474 ὲπιπληκτικώτερον
1395 437 1536 473 χρώμενος
1551 437 1589 473 τῷ
1601 438 1688 473 λόγῳ·
1714 436 1761 464 καὶ
1773 436 1854 464 τοῦτο
1871 437 1904 464 ὲκ

1116 484 1164 511 τοῦ
1183 484 1307 519 σώματος
1324 483 1405 510 πάλιν
1430 484 1642 515 κατασκευάζει.
1866 507 1869 511 .

1156 539 1165 555 ι
1185 529 1302 564 Ζηλοῦτε
1313 529 1348 556 τὰ
1364 529 1520 565 χαρίσματα
1535 529 1570 556 τὰ
1590 528 1712 564 μείζονα,
1729 528 1777 555 καὶ
1790 527 1831 554 ἔτι
1846 527 1907 554 καθ’

1117 575 1271 612 ὑπερϐολὴν
1284 575 1342 602 ὁδὸν
1355 575 1420 611 ὑμῖν
1435 575 1570 610 δείκνυμι.
1588 585 1598 601 ι

1415 622 1541 648 ΚΕΦΑΛ.
1562 621 1612 648 ll".

1158 666 1221 693 Ἐὰν
1233 667 1294 698 ταῖς
1308 665 1445 701 γλώσσαις
1463 666 1517 693 τῶν
1531 666 1681 702 ἀνθρώπων
1693 665 1765 693 λαλῶ
1792 666 1838 693 καὶ
1852 666 1908 693 τῶν

1119 712 1253 746 ἀγγέλων,
1266 711 1376 747 ἀγάπην
1398 711 1428 738 δὲ
1453 710 1491 747 μὴ
1510 710 1574 746 ἔχω,
1589 710 1690 745 γέγονα
1709 710 1810 746 χαλκδς
1832 710 1906 746 ὴχῶν

1118 758 1135 794 ἢ
1151 757 1292 793 κύμόαλον
1309 757 1521 789 ﬂantem-Kal.
1538 757 1584 783 ἐὰν
1598 757 1653 792 ἔχω
1669 756 1847 792 προφητείαν,
1860 756 1908 783 καὶ

1119 804 1167 831 ῐδω
1180 804 1213 830 τὰ
1229 803 1368 840 μυστήρια
1392 803 1511 836 ἅπαντα,
1534 803 1583 830 καὶ
1605 803 1694 830 πᾶσαν
1718 803 1768 838 τὴν
1793 802 1908 837 γνῶσιν,

1120 849 1168 877 καὶ
1183 849 1231 876 ὲάν
1248 849 1301 885 ἔχω
1323 850 1413 876 πᾶσαν
1435 849 1487 884 τὴν
1508 849 1610 882 πίστιν,
1626 848 1696 875 ὥστε
1711 849 1762 883 Βρη
1777 847 1909 883 μεθιστάο

1121 903 1188 927 νειν,
1204 895 1315 930 ἀγάπην
1334 894 1363 922 δὲ
1385 894 1422 930 μὴ
1450 894 1513 929 ἔχω,
1528 893 1767 928 οὑδέν-εῐμι.“Κᾶν
1791 893 1909 928 ψωμίσω

1122 940 1213 968 πάντα
1225 940 1260 967 τὰ
1268 940 1429 976 ὑπάρχοντά
1443 948 1504 976 μου,
1516 939 1571 966 κᾶν
1585 939 1698 975 παραδῶ
1712 939 1743 965 τὸ
1755 938 1836 974 σῶμά
1845 947 1909 974 μου,

1123 987 1167 1015 ῐνα
1187 987 1379 1024 καυθήσωμαι,
1397 987 1508 1023 ἀγάπην
1530 987 1560 1014 δὲ
1580 987 1618 1024 μὴ
1634 986 1706 1023 ⁴ἔχω,
1734 986 1810 1014 οὐδέν
1835 986 1910 1021 (bss-

1121 1033 1233 1070 λοῦμαι.
1253 1043 1263 1060 ι

1158 1132 1355 1166 Τοῦτο-εἰπὼν,
1370 1132 1482 1169 ᾐνίξατο
1496 1132 1600 1165 αἰτίους
1621 1133 1700 1164 ὄντας
1720 1132 1767 1160 τοῦ
1778 1132 1812 1160 τὰ
1827 1131 1909 1160 ἱλάσ-

1124 1188 1190 1206 σονα
1211 1179 1370 1214 λαμϐάνειν,
1399 1180 1447 1206 καὶ
1471 1180 1592 1215 κυρίους,
1613 1180 1636 1206 ει
1654 1179 1800 1215 βούλοιντο,
1814 1179 1860 1206 τοῦ
1877 1179 1911 1207 τὰ

1116 1224 1247 1260 μείζονα.
1266 1225 1345 1252 Ἔστι
1358 1225 1387 1252 δὲ
1399 1225 1466 1252 πολὺ
1479 1226 1579 1261 μείζων
1596 1226 1612 1261 ὴ
1627 1226 1719 1261 ἀγάπη
1736 1225 1844 1253 πάντων
1855 1226 1911 1254 τῶν

1123 1271 1309 1306 χαρισμάτων.
1326 1271 1537 1303 Κατασκευάζει
1550 1271 1578 1297 δὲ
1594 1271 1674 1298 τοῦτο
1696 1272 1743 1298 καὶ
1767 1272 1817 1308 τὴν
1842 1271 1909 1306 σύγ-

1123 1325 1213 1352 κρισιν
1222 1316 1342 1349 δεικνὺς,
1357 1316 1396 1348 ὡς
1415 1316 1503 1343 πάντα
1524 1316 1558 1343 τὰ
1572 1316 1639 1344 ἄλλα
1660 1317 1818 1352 χαρίσματα
1834 1317 1910 1344 οὐδέν

1123 1362 1181 1388 ἐστι
1192 1362 1240 1398 τῆς
1261 1361 1371 1396 ἀγάπης
1383 1361 1517 1396 ἀπούσης.
1536 1362 1608 1397 ’ίΟρα
1619 1357 1651 1389 δὲ
1668 1362 1726 1395 πῶς
1742 1363 1808 1389 αὐτὸ
1822 1371 1910 1390 κατα-

1124 1407 1259 1440 σκευάζει.
1277 1408 1314 1434 Ob
1340 1407 1394 1444 γὰρ
1413 1405 1500 1439 εἶπεν.
1535 1407 1598 1434 Ἐὰν
1617 1408 1664 1435 ἴδω
1683 1408 1823 1443 γλώσσας,
1851 1408 1910 1437 ἀλλ’

1129 1453 1198 1480 Ἐὰν
1220 1453 1286 1487 ταῖς
1300 1453 1454 1489 γλώσσαις
1471 1453 1529 1481 τῶν
1540 1454 1673 1489 ἀγγέλων
1685 1454 1780 1482 λαλῶ.
1795 1454 1848 1481 Kal.
1860 1454 1910 1482 οὐκ

1125 1498 1201 1527 εἶπεν
1215 1499 1318 1532 ἁπλῶς,
1328 1499 1391 1527 Ἐὰν
1404 1500 1578 1536 προφητεύω,
1596 1494 1652 1527 ἀλλ’
1667 1500 1735 1527 Ἐὰν
1748 1500 1799 1527 ῖδω
1807 1500 1844 1528 τὰ
1853 1509 1911 1535 μυ-

1123 1545 1233 1579 στήρια
1251 1545 1349 1573 πάντα
1360 1545 1409 1573 καὶ
1421 1545 1524 1573 πᾶσαν
1539 1545 1597 1580 τὴν
1616 1546 1740 1582 γνῶσιν,
1759 1545 1829 1582 μετὰ
1850 1545 1911 1573 ὲπι-

1122 1593 1234 1624 τάσεως.
1264 1592 1319 1619 Καὶ
1342 1592 1392 1618 οὐκ
1419 1590 1491 1624 εἶπε,
1519 1592 1562 1619 Δῶ
1589 1592 1622 1619 τὰ
1651 1593 1817 1628 ὑπάρχοντα,
1842 1592 1911 1619 ἀλλά

1123 1636 1258 1671 ψωμίσω,
1275 1637 1319 1663 ἵνα
1335 1636 1403 1672 πρὸς
1421 1638 1454 1672 τῇ
1469 1637 1575 1673 δαπάνῃ
1590 1637 1646 1663 ’καὶ
1668 1637 1790 1664 διακονία
1809 1638 1910 1672 προσῇ.

1123 1685 1215 1712 Πάντα
1236 1683 1283 1712 οὖν
1304 1686 1362 1720 μετ’
1393 1685 1545 1717 ὲπιτάσεως
1568 1685 1672 1718 δείξας,
1697 1685 1818 1712 δείκνυσι
1841 1685 1910 1712 πολὺ

1123 1730 1222 1765 ἥττονα
1248 1731 1299 1766 τῆς
1323 1731 1444 1765 ἀγάπης.
1467 1731 1549 1758 Ὥστε
1573 1732 1596 1757 εί
1623 1731 1748 1766 μεγάλων
1773 1731 1911 1767 χαρισμά-

1123 1784 1177 1803 των
1191 1777 1282 1811 ἐρᾶτε,
1297 1777 1347 1811 τὴν
1358 1777 1469 1812 ἀγάπην
1483 1777 1668 1812 ἐπιτηδεύετε,
1681 1777 1759 1812 φησί.

1159 1921 1279 1953 Εἰκότως
1301 1920 1401 1956 μείζων
1420 1920 1474 1948 τῶν
1487 1920 1666 1957 χαρισμάτων
1680 1921 1696 1956 ἡ
1711 1920 1806 1956 ἀγάπη
1818 1928 1825 1935 ·
1841 1921 1868 1947 ετ
1879 1929 1910 1956 γε

1124 1967 1211 1995 ταῦτα
1228 1967 1277 2003 μὲν
1293 1967 1442 2003 διέσχισαν,
1458 1966 1528 2002 αὕτη
1548 1967 1577 1994 δὲ
1592 1967 1648 1994 ἑνοῖ
1662 1966 1725 1998 τοὺς
1738 1966 1910 1999 διαστάντας.

1160 2060 1231 2097 Ὅρα
1247 2061 1328 2088 πόθεν
1348 2061 1474 2096 ἄρχεται,
1489 2061 1542 2088 ἀπὺ
1560 2061 1608 2088 τοῦ
1627 2061 1747 2097 μεγάλου
1769 2062 1911 2095 δοκοῦντος

1120 2108 1191 2142 ’παρ’
1206 2108 1298 2140 αὐτοῖς
1325 2106 1371 2134 τοῦ
1393 2107 1448 2134 τῶν
1469 2107 1611 2142 γλωσσῶν,
1637 2108 1684 2135 καὶ
1707 2109 1738 2136 οὐ
1764 2109 1842 2144 μόνον
1856 2109 1912 2136 τῶν

1126 2152 1288 2189 ἀνθρώπων,
1299 2152 1367 2180 ἀλλὰ
1380 2153 1428 2180 καὶ
1440 2153 1494 2180 τῶν
1506 2153 1640 2188 ἀγγέλων.
1653 2153 1779 2181 Γλῶτταν
1791 2154 1818 2182 δὲ
1828 2155 1912 2190 ἀγγέ-

1125 2198 1178 2226 λων
1192 2199 1321 2232 ἐνταῦθα,
1335 2199 1395 2234 οὐχὶ
1416 2199 1495 2235 σῶμα
1517 2199 1639 2236 περιθεὶς
1653 2200 1790 2235 ἀγγέλοις.
1811 2201 1881 2228 Ἀλλ’
1896 2201 1911 2228 ὃ

1125 2244 1199 2280 λέγει
1216 2245 1337 2272 τοιοῦτόν
1356 2245 1424 2272 ἐστι·
1447 2245 1507 2272 Κᾶν
1526 2245 1597 2273 οὕτω
1619 2246 1848 2282 φθέγγωμαι,ηὼς
1867 2248 1910 2275 νό-

1127 2299 1177 2326 μος
1194 2291 1322 2325 ἀγγέλοις
1337 2291 1413 2327 πρὸς
1434 2291 1566 2327 ἀλλήλους
1583 2291 1764 2327 διαλέγεσθαι.
1785 2291 1828 2324 Ὦς
1847 2293 1910 2320 ὅταν

1124 2337 1203 2374 λέγῃ,
1213 2337 1254 2364 ὅτι
1268 2337 1354 2370 Αὐτῷ
1370 2337 1479 2372 κάμψει
1501 2338 1562 2366 πᾶν
1577 2339 1650 2374 γόνυ
1665 2339 1850 2373 ἐπουρανίων
1861 2340 1910 2367 καὶ

1124 2383 1261 2417 ἐπιγείων
1283 2384 1333 2410 καὶ
1367 2383 1580 2418 καταχθονίων,
1607 2384 1637 2410 οὐ
1657 2384 1759 2419 γόνατα
1777 2385 1823 2412 καὶ
1843 2385 1910 2412 ὀστᾶ

1124 2428 1275 2464 περιτιθεὶς
1285 2429 1342 2460 τοῖς
1357 2428 1483 2466 ἀγγέλοις
1495 2429 1582 2457 ταῦτα
1595 2430 1681 2464 λέγει,
1708 2429 1776 2456 ἀλλὰ
1787 2429 1836 2465 τὴν
1846 2430 1909 2456 ἑπι-

1123 2474 1276 2510 τεταμένην
1287 2475 1472 2511 προσκύνησιν
1485 2475 1529 2502 διά
1545 2475 1591 2502 τοῦ
1609 2476 1674 2511 παρ’
1691 2476 1756 2511 ἡμῖν
1771 2476 1909 2511 σχήματος

1120 2518 1276 2551 αξνίξασθαι
1298 2519 1441 2554 βούλεται.
1466 2520 1544 2547 Οὕτω
1563 2520 1610 2547 καὶ
1628 2520 1744 2547 ἐνταῦθα
1765 2520 1910 2555 γλῶσσαν

1122 2565 1245 2598 ἐκάλεσε,
1255 2565 1307 2601 τὴν
1320 2566 1387 2600 πρὸς
1402 2566 1538 2602 ἀλλήλους
1547 2565 1637 2594 αὐτῶν
1660 2566 1769 2602 ὁμιλίαν
1784 2565 1824 2601 τῷ
1838 2574 1910 2600 γνω-

1124 2610 1196 2647 ρίμῳ
1215 2611 1280 2646 παρ’
1292 2612 1359 2647 ἡμῖν
1373 2611 1465 2647 τρόπῳ
1482 2611 1650 2646 ἐνδείξασθαι
1667 2612 1837 2648 βουλόμενος.

1160 2718 1170 2736 ι
1193 2709 1224 2737 Ἣ
1239 2709 1335 2745 ἀγάπη
1351 2711 1532 2746 μακροθυμεῖ.
1551 2720 1560 2737 ι

1156 2756 1267 2788 Σκόπει,
1294 2756 1352 2788 πῶς
1384 2754 1491 2791 πρῶτον
1516 2757 1601 2792 αὐτὴν
1629 2757 1720 2792 τίθησι
1745 2757 1774 2784 τὸ
1800 2756 1909 2785 πάντων

1112 2801 1294 2850 ηάστειότατον
1307 2802 1363 2830 τῶν
1379 2802 1498 2838 ἀγαθῶν.
1519 2802 1551 2831 Τί
1567 2802 1595 2830 δὲ
1611 2802 1690 2830 τοῦτο
1708 2804 1781 2837 ter-rt;
1805 2811 1908 2840 μακρο-
