2078 3116
222 119 274 153 677

222 228 301 256 μενον
317 220 351 247 τὰ
368 219 480 255 λυπηρὰ
492 219 621 256 ῥᾳδίωςὴ
637 221 823 257 μακροθυμία.

254 265 439 302 Μακροῧυμια
458 266 487 293 δὲ
502 266 619 300 λέγεται,
633 266 678 293 διὰ
696 266 726 294 τὸ
751 266 860 303 μακράν
882 275 943 294 τινα
964 263 1012 293 καὶ

222 312 342 348 μεγάλην
359 311 431 347 ἔχειν
449 312 548 348 ψυχήν.
569 312 606 339 Τὸ
620 311 674 348 γὰρ
689 312 795 349 μακρὸν
811 312 859 341 καὶ
878 313 949 348 μέγα
965 312 1010 339 λέ-

220 368 307 394 γεται.

259 415 268 432 1
289 405 510 442 Χρηστεύεταιή
530 406 634 443 ἀγάπη.
659 414 672 435 ι

261 451 372 487 Ἐπειδὴ
398 451 456 478 ἐστι
478 452 665 489 μακροθυμεῖν
688 453 735 480 καὶ
758 453 804 481 ἐπὶ
823 453 853 481 τὸ
866 454 1010 491 διαρρῆξαι

219 497 266 524 τὸν
289 496 407 524 ἐναντίον
432 498 607 534 ἀποκρίσεως
639 498 678 534 μὴ
705 498 883 534 τυγχάνοντα,
912 500 1009 526 τούτου

220 542 310 578 χάριν,
327 543 404 578 φησι,
424 543 635 577 χρηστεύεται.
655 545 768 579 Ὅμοιον
783 545 812 571 δὲ
834 545 872 577 ὡς
887 546 911 572 εί
925 545 1009 580 λέγοι,

220 589 276 616 οὐκ
291 581 343 615 ’ἐπὶ
367 582 406 624 τῷ
423 588 524 624 πλῆξαι
551 589 597 617 τὸν
615 589 746 624 ἐναντίον,
760 590 818 618 ἀλλ’
831 591 877 618 ἐπὶ
898 591 937 626 τῷ
962 600 1010 619 κα-

219 634 384 670 ταπραῦναι,

257 690 266 707 1
289 681 327 708 Οὐ
337 680 415 716 ζηλοῖ
430 681 447 717 ἡ
462 681 569 717 ἀγάπη.
589 692 599 709 ι

260 727 369 763 Ἐπειδὴ
380 727 439 755 ἐστι
452 728 499 767 καὶ
515 729 693 764 μακρόουμον
709 726 779 756 εῖναι
800 729 846 756 καὶ
863 729 1008 765 βάσκανον.

219 773 275 800 Καὶ
290 772 370 800 τοῦτο
379 773 466 800 ἐκεῖνο
476 773 663 810 διαφθείρεται
680 771 710 801 τὸ
725 774 905 810 κατόρθωμα.

258 828 268 845 1
285 818 322 845 Οὐ
335 819 549 855 περπερεύεται.
573 829 582 846 ι

807 121 848 151 IN
864 121 983 151 EPIST.
998 121 1048 151 AD
1068 121 1247 154 CORINTI-I.
1264 124 1288 153 Ι.

220 176 319 212 Θυμία;
335 174 382 202 καὶ
396 174 450 211 γὰρ
466 174 547 202 ὅπλον
561 175 634 202 ἐστὶν
648 176 753 212 ἄμαχον
762 177 854 204 πάντα
862 175 1006 212 διακρουό-

1060 177 1192 212 patientia
1233 178 1452 214 inexpugnabilis
1487 179 1568 214 plane
1607 183 1748 208 armatura
1783 189 1849 216 est,
1893 212 1896 216 ι

1797 123 1851 157 678

1063 231 1116 258 qua
1129 223 1243 251 molesta
1261 232 1377 260 quaeque
1392 227 1467 253 nullo
1483 226 1591 261 negotio
1609 227 1815 262 propulsantur.

1097 269 1230 297 Caeterum
1256 270 1452 306 μακροθυμία,
1479 272 1537 299 sive
1568 272 1760 307 longanimitas
1784 272 1852 300 dici-

1063 316 1119 347 tur,
1148 315 1219 350 quod
1241 316 1348 350 longum
1371 320 1397 343 et
1422 324 1550 353 magnum
1577 319 1698 345 animum
1723 318 1850 354 prirbeat.

1061 358 1130 387 Nam
1146 361 1216 396 quod
1234 361 1344 397 longum
1360 366 1414 395 est,
1433 370 1560 399 magnum
1576 372 1684 400 quoque
1704 365 1851 393 vocitatur.

1101 416 1110 432 1
1130 406 1248 442 Benigne
1266 411 1307 435 est
1322 407 1452 436 charitas.
1470 419 1479 435 ι
1500 423 1503 427 ι

1096 452 1324 487 Quandoquidem
1340 454 1453 489 patienti
1468 462 1530 483 esse
1545 455 1638 484 animo
1651 461 1787 491 censetur,
1804 458 1851 494 qui

1061 498 1134 525 nulla
1149 498 1306 527 adversario
1321 501 1383 528 data
1400 501 1590 535 responsione,
1604 501 1632 529 in
1650 509 1733 530 causa
1746 507 1789 531 est
1801 511 1851 532 cur

1062 544 1107 571 ille
1118 544 1300 580 dirumpatur,
1312 553 1372 573 eam
1388 546 1422 575 ob
1439 555 1494 575 rem
1508 548 1556 581 ait,
1579 548 1692 583 benigna
1709 554 1760 576 est.
1776 549 1815 577 Ac
1827 550 1851 577 si

1060 588 1133 617 dicat
1148 599 1154 617 :
1170 598 1223 618 non
1236 592 1377 621 multando
1390 592 1529 622 inimicum
1539 595 1672 630 patientes
1687 603 1793 629 sumus,
1802 596 1851 625 sed

1060 635 1220 671 mitigando.

1098 690 1108 708 1
1125 681 1183 709 Non
1200 682 1344 710 aemulatur
1360 683 1491 712 cliaritas.
1511 693 1520 710 ι

1094 727 1163 760 Quia
1186 728 1319 763 contingit
1334 732 1378 762 ut,
1395 729 1442 765 qui
1463 728 1623 765 patientiam
1645 731 1765 767 prazl’ert,
1781 731 1851 761 invi-

1058 771 1154 802 diosus
1173 774 1217 802 sil.
1234 773 1292 802 Hoc
1308 775 1394 803 virtus
1406 776 1533 804 destruit.

1098 829 1107 845 1
1125 819 1183 847 Non
1200 820 1254 854 agit
1269 828 1420 856 perperam.
1440 832 1449 848 I

255 865 410 898 Τουτέστιν,
435 866 465 892 οὺ
495 866 702 902 προπετεύεται.
733 866 789 894 Καὶ
811 866 865 902 γὰρ
896 866 1006 894 συνετὸν

1091 864 1148 892 Hoc
1163 869 1215 899 est,
1239 866 1306 893 nihil
1329 867 1385 902 agit
1408 871 1521 895 temere.
1535 867 1701 897 Prudentem
1727 870 1798 898 enim
1823 875 1851 898 ct

219 910 377 946 ἐργάζεται,
392 911 439 937 καὶ
454 910 549 946 βαρὺν,
566 911 613 938 καὶ
630 911 778 947 βεϐηκότα.

257 963 267 981 1
285 956 322 982 Οὐ
337 956 490 989 φυσιοῦται.
508 965 518 982 ι

255 1001 292 1027 Οὐ
308 1001 402 1035 φρονεῖ
417 1001 501 1036 μέγα,
523 1001 617 1037 φησὶν,
638 1001 685 1028 ἐπὶ
701 1002 759 1033 τοῖς
787 1000 1007 1038 κατορθώμασιν,

217 1046 279 1074 οὐδὲ
291 1047 330 1078 είς
344 1046 423 1082 ὕὸριν
436 1047 588 1083 ἐπαίρεται.

257 1101 266 1118 1
287 1092 344 1119 οὐκ
356 1093 514 1128 ἀσχημονεῖ·
526 1094 556 1120 οὐ
571 1094 648 1128 ζητεῖ
659 1093 694 1121 τὰ
708 1094 820 1128 ἑαυτῆς.
836 1103 847 1120 ι

254 1137 295 1164 Τὰ
321 1138 437 1173 μεγάλα,
454 1139 532 1175 φησὶ,
556 1139 729 1175 ἀδικούμενοι
752 1141 800 1166 καὶ
822 1139 1007 1176 ὑϐριζόμενοι,

218 1183 268 1211 οὐκ
280 1184 474 1221 ἀσχημοσύνην
483 1185 514 1212 τὸ
526 1186 643 1221 πρᾶγμα
656 1185 797 1222 ἡγοῦνται.
965 1199 968 1202 ·

255 1289 266 1307 1
289 1282 325 1309 οὐ
343 1282 535 1318 παροξύνεται,
550 1283 582 1310 οὐ
603 1283 749 1318 λογίζεται,
766 1283 796 1310 τὺ
811 1282 905 1311 κακόν.
926 1291 937 1310 ι

254 1326 324 1363 Ὅρα
344 1328 426 1356 πάλιν
439 1329 489 1364 τὴν
504 1329 615 1365 ἀγάπην
627 1329 657 1356 οὐ
678 1328 831 1366 κρατοῦσαν
843 1328 894 1364 τῆς
911 1327 1009 1360 κακίας

219 1373 310 1409 μόνον,
326 1374 384 1401 ἀλλ’
396 1375 457 1402 οὐδὲ
470 1375 583 1409 ἀφεῖσαν
596 1375 682 1410 αὐτὴν
700 1375 832 1410 συστῆναι
847 1374 897 1410 τὴν
910 1373 1008 1409 ἀρχήν.

218 1418 274 1446 Καὶ
289 1419 340 1446 οὐκ
352 1418 440 1453 εἶπεν,
457 1420 620 1457 Ἐργάζεται
635 1421 665 1448 τὸ
681 1420 776 1456 κακὸν,
791 1420 861 1456 ἀλλ’,
875 1419 946 1448 οὐδὲ
956 1422 1009 1448 λο-

218 1465 323 1502 γίζεται
329 1484 337 1493 .

255 1520 267 1538 1
286 1510 326 1539 Οὐ
342 1511 433 1546 χαίρει
453 1511 501 1538 ἐπὶ
517 1511 550 1546 τῇ
568 1511 671 1547 ἀδικίᾳ.
692 1521 702 1538 ι

253 1556 409 1590 Τουτέστιν,
423 1557 473 1584 οὐκ
485 1557 612 1593 ὲφήδεται
625 1558 681 1590 τοῖς
697 1557 790 1590 κακῶς
802 1557 949 1593 πάσχουσι.

256 1654 266 1671 1
282 1643 429 1680 Συγχαίρει
445 1644 473 1672 δὲ
486 1645 518 1681 τῇ
534 1644 666 1681 ἀληθείᾳο
687 1644 775 1671 πάντα
792 1645 894 1678 στέγει,
915 1642 1004 1671 πάντα

218 1691 354 1719 πιστεύει,
374 1701 384 1718 ι

254 1738 410 1775 Συνήδεται,
431 1737 510 1774 φησὶ,
525 1738 581 1769 τοῖς
595 1736 793 1772 εὐδοκιμοῦσιν.

258 1837 267 1853 1
285 1826 509 1859 Πάν-ια’ὲλπίξει.
531 1835 540 1852 ι

255 1873 348 1900 Πάντα
361 1872 479 1909 χρηστὰ,
492 1872 574 1908 φησίν
584 1880 590 1887 ·
606 1871 656 1899 οὐκ
670 1870 854 1906 ἀπογινώσκει
876 1869 922 1896 τοῦ
941 1869 1009 1904 ἀγα-

219 1918 357 1955 πωμένου.

256 1975 267 1991 1
286 1964 378 1992 Πάντα
393 1964 536 2000 ὑπομένει.
557 1973 568 1990 ›

254 2011 311 2046 Οὐχ
331 2010 424 2043 ἁπλῶς
438 2010 555 2044 ἐλπίζει,
574 2009 642 2037 ἀλλὰ
656 2007 779 2036 πιστεύει
799 2008 831 2036 ὲκ
843 2007 890 2035 τοῦ
905 2007 1008 2044 σφόδρα

219 2056 316 2091 φιλεῖν.

257 2110 267 2128 1
293 2102 326 2129 Ἦ
336 2101 431 2137 ἀγάπη
445 2101 572 2128 οὐδέποτε
587 2099 726 2127 ἐκπίπτει.
747 2109 757 2126 ι

255 2147 411 2180 Τουτέστιν,
425 2146 622 2180 οὑιδιαλύεται,
639 2146 669 2172 οὐ
687 2145 872 2173 διακόπτεται.

1059 913 1179 946 gravem,
1197 919 1229 939 ac
1242 917 1414 940 constantem
1430 913 1531 941 reddit.

1100 966 1110 982 1
1130 956 1187 984 Non
1201 957 1320 985 inﬂatur.
1340 968 1349 984 ι

1095 1002 1180 1030 [tecte
1202 1002 1283 1030 factis
1303 1011 1358 1031 non
1376 1004 1512 1039 superbit,
1531 1011 1582 1032 nec
1601 1005 1760 1040 arrogantia
1776 1005 1850 1033 intu-

1059 1047 1142 1075 mesci
1149 1053 1168 1074 ι.

1094 1091 1178 1121 Vens.
1205 1093 1231 1120 5.
1252 1103 1261 1120 1
1279 1093 1340 1122 Non
1365 1094 1549 1130 incomposite
1565 1095 1645 1131 agit:
1671 1103 1725 1124 non
1753 1097 1851 1132 quatrit

1059 1146 1120 1174 qua:
1134 1147 1183 1166 sua
1203 1145 1276 1166 sunt.
1297 1149 1307 1166 ι

1095 1183 1147 1217 Qui
1170 1192 1280 1219 magnas
1305 1185 1421 1220 injurias
1435 1189 1463 1213 et
1479 1186 1660 1214 contumelias
1675 1185 1801 1222 tolerant,
1823 1187 1851 1215 id

1060 1229 1187 1258 dedecori
1203 1237 1257 1257 non
1274 1230 1410 1258 tribuunt.

1098 1282 1108 1300 1
1128 1273 1187 1301 Non
1202 1274 1325 1302 irritatur
1339 1283 1347 1302 :
1365 1282 1417 1302 non
1431 1276 1534 1311 cogitat
1547 1276 1662 1304 malum.
1681 1286 1691 1302 ι

1095 1318 1195 1347 Videas
1215 1320 1314 1347 iterum
1330 1320 1492 1348 charitatem
1509 1329 1562 1348 non
1577 1322 1666 1348 solum
1690 1322 1791 1349 malitia
1806 1330 1852 1351 su-

1060 1367 1194 1402 periorem
1211 1374 1280 1399 esse,
1297 1366 1344 1394 sed
1359 1374 1408 1394 nec
1423 1367 1478 1400 pati
1491 1371 1521 1394 ut
1533 1368 1561 1394 in
1572 1367 1696 1402 ipsismet
1711 1368 1852 1403 principiis

1061 1413 1203 1440 consistat.
1219 1413 1304 1447 Atqui
1319 1418 1375 1440 non
1389 1412 1458 1440 dixit
1480 1421 1488 1440 :
1509 1420 1563 1440 non
1588 1417 1717 1448 operatur
1737 1413 1850 1447 malum,

1061 1458 1120 1492 sed,
1139 1466 1190 1485 non
1207 1459 1320 1493 cogitat.

1096 1502 1180 1532 Vens.
1196 1503 1223 1532 6.
1241 1513 1251 1530 1
1265 1500 1326 1532 Non
1339 1504 1439 1540 gaudet
1458 1508 1540 1540 super
1556 1504 1710 1539 iniquitate.
1730 1514 1741 1531 ι

1106 1526 1180 1532 ._.._.
1198 1526 1223 1532 _.
1243 1526 1251 1530 -
1266 1526 1326 1532 -.νη
1339 1526 1439 1540 οηην-
1458 1526 1534 1540 -..,,-.
1556 1526 1710 1539 .....,κ.....ν.
1730 1526 1739 1531 -

1023 1526 1047 1559 α
1096 1546 1126 1576 id
1158 1554 1221 1583 est,
1254 1557 1309 1578 non
1342 1550 1495 1578 delectatur
1525 1550 1643 1578 aliorum
1670 1551 1792 1580 miseriis
1823 1556 1851 1580 et

1062 1595 1154 1622 malis.

1098 1649 1108 1666 1
1136 1640 1294 1676 Congaudet
1318 1645 1408 1668 autem
1434 1641 1556 1669 veritati.
1573 1638 1668 1677 [νἘιιε.
1687 1641 1725 1679 7;]
1751 1641 1850 1670 Omnia

1061 1685 1166 1718 sull‘ert,
1185 1686 1276 1713 omnia
1295 1686 1392 1714 credit.
1415 1696 1424 1712 ι

1098 1731 1177 1767 110
1203 1731 1417 1767 Congratulatur
1447 1731 1498 1767 eis,
1523 1731 1622 1768 inquit,
1646 1734 1694 1768 qui
1713 1733 1784 1761 bene
1802 1740 1851 1761 au-

1060 1776 1146 1805 diunt.
1496 1789 1497 1792 π

1096 1822 1221 1851 1'0mnia
1236 1827 1337 1858 sperat.
1354 1833 1364 1850 ι

1095 1868 1192 1896 Omnia
1226 1868 1317 1903 bona,
1354 1869 1442 1906 inquit
1469 1878 1477 1898 :

1058 1915 1172 1951 perfrui.

1098 1972 1108 1989 1
1131 1963 1226 1990 Omnia
1241 1961 1369 1990 sustinet.

1094 2008 1153 2037 Non
1177 2010 1265 2037 solum
1282 2008 1450 2044 sperat,'sed
1472 2015 1504 2036 ex
1519 2009 1676 2036 vehementi
1701 2009 1850 2037 dilectione

1062 2060 1137 2084 certa
1151 2055 1249 2083 ﬁducia
1262 2055 1362 2082 credit.
1451 2066 1457 2073 -
1570 2055 1582 2064 '

1096 2099 1180 2127 Vrsas.
1204 2100 1230 2127 8.
1247 2109 1256 2126 1
1275 2096 1401 2128 Charitas
1421 2107 1561 2135 nunquam
1580 2099 1692 2128 excidit.
1712 2109 1722 2127 ι

1095 2145 1155 2173 Non
1170 2145 1341 2178 dissolvitur,
1357 2153 1410 2172 non
1423 2145 1607 2173 interciditur.

1505 1876 1557 1898 non
1593 1870 1723 1906 desperat
1757 1870 1850 1906 cupito

257 2203 266 2220 1
281 2193 343 2220 Εἴτε
358 2193 385 2220 δὲ
397 2193 560 2228 προφητεῖαι
572 2189 907 2228 καταργηθήσονται,ἐῖτε
918 2190 1006 2226 γλῶσ-

1099 2202 1108 2219 ι
1139 2192 1203 2220 Sive
1233 2191 1383 2228 propltetiw
1408 2192 1626 2225 cvacuabuntur,
1657 2191 1715 2220 sive
1749 2191 1850 2228 linguae

220 2248 265 2267 σαι
278 2239 437 2267 παύσονται.
462 2248 472 2265 ι

255 2286 287 2313 Εἰ
304 2286 359 2321 γὰρ
383 2284 527 2321 ἀμφότερα
546 2284 633 2311 ταῦτα
648 2283 742 2310 ἕνεκεν
755 2284 806 2318 τῆς
819 2283 938 2315 πίστεως
950 2284 1007 2310 elo--

221 2332 373 2368 ενήνεκται,
400 2331 505 2366 ταύτης
534 2329 673 2365 πανταχοῦ
693 2329 902 2366 διασπαρείσης,
928 2329 1010 2364 ἀργεῖ

220 2379 323 2406 τούτων
338 2379 354 2413 ἡ
372 2377 568 2414 χρείαλοιπόν.
595 2377 665 2403 Ἀλλ’
678 2376 738 2403 οὐδὲ
752 2375 783 2403 τὸ
796 2376 905 2412 ἀγαπᾷν
928 2376 1009 2412 ἀλλή-

220 2424 282 2457 λους
293 2425 437 2456 παύσεται,
461 2423 529 2451 ἀλλὰ
540 2424 587 2450 καὶ
597 2421 936 2458 ἐπικρατήσει-μειζόνως,
953 2423 1003 2450 καὶ

219 2471 345 2504 ενταῦθα,
363 2471 411 2498 καὶ
423 2471 462 2503 είς
474 2470 521 2497 τὸν
537 2470 677 2505 μέλλοντα.

257 2527 267 2544 1
282 2518 344 2545 Εἴτε
357 2517 474 2552 γνώσεις
492 2516 757 2553 καταργηθήσονται.
773 2515 821 2542 Ἐκ
838 2515 937 2552 μέρους
954 2514 1008 2551 γὰρ

219 2564 401 2600 γινώσκομεν,
411 2563 460 2590 καὶ.
476 2564 508 2590 ὲκ
521 2562 621 2599 μέρους
637 2562 859 2597 προφητεύομεν.
879 2562 965 2589 Ὅταν
979 2562 1008 2588 δὲ

219 2608 284 2646 ἔλθῃ
294 2608 324 2636 τὸ
338 2608 450 2636 τέλειον.
466 2617 475 2634 ι

253 2655 309 2681 Καὶ
334 2654 398 2682 ποία
420 2655 520 2689 γνῶσις
534 2653 762 2690 καταργεῖται;ἡ
783 2653 894 2689 μερική.
917 2652 1008 2680 Ὅταν

219 2699 273 2737 γὰρ
292 2703 365 2735 ἔλθῃ
387 2701 419 2728 τὸ
433 2701 558 2733 τέλειον,
569 2701 646 2736 φησι,
665 2699 752 2727 rotat
772 2700 882 2735 μέρους
898 2706 1007 2733 καταρ-

218 2747 390 2782 γηθήσεται.
428 2747 500 2783 Ὅρα
533 2747 562 2774 δὲ
599 2747 637 2779 ὼς
661 2747 708 2774 ἐπὶ
739 2746 935 2781 ὑποδείγματος
962 2745 1007 2772 τὸν

220 2793 309 2828 λόγον.
335 2793 486 2828 Ἐσφάζετο
501 2793 649 2828 πρόϐατον,
671 2793 793 2829 ἐχρίοντο
808 2792 847 2828 τῷ
869 2792 965 2828 αἵματι
980 2792 1008 2818 αἱ

222 2838 315 2873 πύλαι,
343 2838 411 2867 ἀλλὰ
436 2837 507 2875 αὕτη
532 2839 548 2874 ή
576 2838 688 2873 γνῶσις,
713 2837 834 2872 ἐλθόντος
862 2836 909 2864 τοῦ
940 2830 1026 2864 Υἱοῦ¹

1060 2238 1216 2267 cessabunt.
1229 2247 1248 2264 ἰ

1093 2284 1161 2312 Nam
1176 2285 1199 2312 si
1212 2285 1310 2314 isthaec
1329 2285 1409 2313 ambo
1425 2284 1486 2314 fidei
1504 2292 1588 2313 causa
1610 2285 1716 2313 invecta
1729 2289 1802 2318 sunt,
1817 2293 1849 2312 ea

1059 2330 1159 2366 ubique
1172 2331 1360 2364 disseminata,
1375 2331 1450 2358 nulla
1464 2331 1590 2366 deinceps
1604 2332 1700 2359 horum
1715 2331 1850 2366 supererit

1059 2377 1221 2404 necessitas.
1242 2376 1342 2405 Verum
1359 2382 1507 2412 nunquam
1530 2385 1585 2405 non
1607 2384 1675 2412 opus
1690 2378 1742 2405 erit
1757 2383 1850 2405 mutua

1060 2422 1206 2451 dilectione
1223 2432 1230 2451 :
1246 2423 1370 2458 quinimo
1393 2423 1545 2451 invalescet
1562 2423 1649 2459 magis
1665 2427 1721 2450 tum
1742 2423 1770 2450 in
1787 2424 1849 2457 isto,

1060 2473 1117 2497 tum
1133 2470 1160 2497 in
1176 2469 1352 2498 futuro‘arvo.

1097 2525 1106 2541 1
1126 2515 1191 2543 Sive
1219 2515 1340 2543 scientiae
1355 2516 1542 2544 destruantur.
1568 2515 1663 2551 [νεεδ.
1681 2515 1709 2547 9,
1725 2514 1782 2552 l0.]
1809 2515 1848 2543 Ex

1059 2565 1137 2597 parte
1164 2561 1236 2588 enim
1264 2562 1454 2597 cognomimus
1485 2566 1513 2589 ot
1541 2569 1574 2589 ex
1601 2565 1678 2596 parte
1701 2562 1848 2596 propheta-

1059 2615 1131 2635 mus.
1146 2606 1260 2640 Quando
1274 2612 1365 2635 autent
1380 2608 1486 2635 venerit
1503 2607 1577 2642 quod
1597 2607 1747 2642 perfectum
1764 2611 1816 2636 est.
1835 2617 1846 2634 ›

1094 2653 1223 2686 Quantam
1250 2659 1316 2682 vero
1343 2653 1459 2682 scientia
1484 2653 1847 2688 destruetur?particuiaris

1060 2700 1164 2735 utique.
1192 2699 1271 2732 Nam,
1298 2701 1404 2735 quando
1423 2701 1607 2736 veneritvquod
1626 2700 1771 2735 perfectum
1789 2705 1846 2733 est,

1058 2745 1228 2773 tuaeuabitur
1243 2745 1312 2781 quod
1327 2753 1360 2774 ea:
1379 2750 1453 2782 parte
1466 2750 1516 2774 est.
1534 2746 1600 2774 item
1622 2753 1712 2774 autem
1731 2746 1804 2774 velut
1820 2746 1847 2774 in

1058 2790 1183 2826 exemplo
1197 2790 1312 2826 inspice.
1340 2791 1510 2820 Mactabatur
1526 2799 1624 2828 agnus,
1642 2793 1776 2828 sanguine
1787 2791 1848 2826 ejus

1059 2841 1152 2874 postes
1168 2836 1352 2878 linicbanturr;
1365 2846 1459 2868 verum
1471 2838 1593 2874 cognitio
1603 2839 1672 2874 haec,
1685 2839 1849 2868 adveniente
