2078 3116
228 96 312 153 Ὶῆθ

849 111 880 141 ς.
899 107 1059 141 JOANNIS
1078 106 1306 137 DAMASCENI.

1829 109 1882 140 680

261 177 309 205 Dei
323 175 402 208 Filio,
418 182 481 203 vero
493 173 537 201 illo
551 179 633 207 agno,
645 177 732 206 coque
750 168 901 200 immolato,
919 167 1004 194 futilis
1016 169 1042 193 et

1102 163 1141 190 ιοῦ
1161 163 1240 197 Θεοῦ,
1258 162 1305 190 τοῦ
1324 162 1412 199 ἀμνοῦ
1435 163 1482 190 τοῦ
1498 163 1638 200 ἀληθινοῦ,
1656 165 1705 193 καὶ
1720 166 1881 201 σφαγέντος,

259 222 510 293 Ἡῗθεῗξρυεωωτ
520 262 594 298 quod
608 268 640 289 ex
658 265 734 297 parte
747 264 798 288 est.
815 259 910 296 [Vsus
926 259 970 292 tl,
987 257 1044 295 12.]

260 311 326 339 Cum
369 317 456 338 essem
495 307 643 344 parvulus,
681 306 812 341 loquebar
840 310 869 332 ut
901 303 1045 339 parvulus,

261 355 399 390 sapiebam
434 358 463 381 ut
491 353 630 388 parvulus,
662 351 813 386 cogitabam
846 355 876 377 ut
906 349 1045 385 parvulus.

260 401 374 433 Quando
398 404 487 427 autem
512 398 600 426 factus
622 406 682 426 sttm
700 397 751 430 vir,
771 395 901 424 evacuavi
928 402 960 422 ea
986 403 1048 430 qua:

259 451 336 473 erant
362 445 480 481 parvuli.
495 444 626 473 Videmus
651 450 726 471 nunc
741 449 790 477 per
813 441 954 477 speculum
969 446 998 468 ut
1020 441 1047 468 in

259 491 412 526 aenigmate.
435 501 444 516 ι

295 537 371 564 Idem
387 544 420 564 ac
434 536 456 564 si
472 536 584 570 diceret,
600 542 662 563 esse
676 533 792 566 desinet,
809 537 837 560 et
852 533 976 561 sistetur.

297 591 307 608 ι
324 581 401 609 Tuuc
416 585 507 609 autem
523 580 593 608 facie
608 579 641 607 ad
657 579 765 606 faciem.
779 578 856 605 Nunc
869 581 1005 613 cognosco
1015 584 1048 604 ex

259 632 348 662 parte,
362 631 427 655 tunc
441 632 531 654 autem
542 633 704 662 cognoscam
717 624 825 663 sicut‘et
838 624 966 659 cognitus
976 631 1047 651 sum.

260 673 358 710 Heus.
374 672 430 709 15.]
447 672 525 701 Nunc
537 677 627 700 autem
645 673 767 699 manent.
792 681 801 697 ι

294 719 323 746 id
340 723 394 750 est,
410 718 513 746 clarius
526 721 554 745 et
567 716 753 745 manifestius.

299 774 308 791 ι
327 763 419 797 Fides,
437 772 510 799 spes,
528 763 663 797 charitas,
678 762 731 790 tria
748 762 824 795 haec;
847 760 935 797 major
958 765 1048 788 autem

259 809 356 836 horum
373 813 414 836 est
422 808 553 836 Charitas.
565 817 574 834 ι

295 853 376 882 Fides
397 854 520 889 quidem,
543 858 572 881 et
596 860 678 888 spes,
700 855 845 888 postquam
866 858 926 886 quae
949 851 1047 879 crede-

261 901 361 928 bantur
376 905 403 929 et
418 901 599 936 sperabantur
614 900 687 928 bona
708 899 881 933 advenerint,
906 898 1046 926 desinunt.

260 946 388 974 Charitas
403 952 469 973 vero
487 949 552 974 tunc
568 944 686 972 maxime
707 943 878 979 provehitur,
901 942 986 977 ﬁtque
1001 949 1047 970 ve-

261 990 425 1018 hementior.

574 1055 651 1084 CAP.
672 1055 743 1083 XIV.

296 1113 382 1143 Vitas.
399 1113 425 1142 l.
442 1121 451 1139 ι
469 1110 618 1142 Sectamini
634 1111 806 1141 charitatem.
827 1120 837 1137 ι

297 1160 382 1188 Nobis
397 1159 531 1195 siquidem
545 1157 691 1186 admodum
713 1165 782 1193 opus
796 1162 838 1185 est
855 1159 884 1184 ut
903 1162 987 1184 cursu
1012 1155 1046 1182 ad

263 1214 324 1234 catn
339 1206 547 1234 contendamus.

301 1267 311 1284 ι
330 1257 506 1285 ιΕηιιιιιιωὶιιὶ
529 1256 680 1293 spiritualia
696 1265 703 1284 :
727 1255 815 1291 magis
831 1259 921 1283 autem
934 1257 963 1281 ut
985 1259 1049 1290 pro-

264 1303 394 1339 pbetetis.
418 1312 427 1330 ι

299 1355 340 1384 Ne
352 1357 412 1391 quis
426 1356 599 1384 existimaret
612 1362 673 1383 eum
696 1353 730 1382 de
746 1353 880 1382 charitate
895 1359 1050 1381 sermonem

244 1418 255 1433 κ
267 1402 394 1435 movisse,
412 1407 442 1429 ut
456 1402 527 1430 dona
539 1401 739 1436 exstingueret,
755 1400 818 1427 ideo
828 1398 938 1434 adjecit,
953 1397 1051 1425 Emu-

267 1447 359 1475 lamim‘
374 1447 541 1482 spiritualia.
556 1446 704 1481 Comparat
720 1448 811 1472 autem
836 1444 909 1471 inter
921 1450 951 1470 se
968 1443 1050 1474 dona.

1097 209 1186 244 ἀργεῖ.

1135 263 1145 280 ι
1163 254 1201 282 Τὸ
1217 255 1250 282 ὲκ
1268 255 1366 291 μέρους
1384 255 1635 291 καταργηθήσεται.
1656 256 1720 283 Ὅτε
1742 258 1817 293 ήμην
1829 259 1883 294 ινή-

1097 310 1170 333 πιος,
1187 301 1300 328 ἐλάλουν
1317 302 1355 334 ὼς
1370 302 1476 337 νήπιος,
1493 302 1624 338 ἐφρόνουν
1644 302 1682 334 ὡς
1701 303 1808 338 νήπιος,
1826 303 1884 330 ὲλο-

1097 347 1214 384 γιζόμην
1227 347 1266 380 ὡς
1293 348 1399 383 νήπιος.
1420 348 1485 375 Ὅτε
1503 348 1530 375 δὲ
1552 349 1652 384 γέγονα
1672 349 1754 386 ἀνὴρ,
1782 350 1885 386 κατήρ-

1097 403 1171 429 γηκα
1184 394 1219 421 τὰ
1234 394 1280 421 τοῦ
1292 395 1401 430 νηπίου.
1419 394 1564 430 Βλέπομεν
1587 396 1641 432 γὰρ
1665 395 1728 432 ἄρτι
1751 396 1785 423 δι’
1805 395 1885 423 ἐσόπ-

1098 449 1173 476 τρου,
1187 441 1224 474 ὡς
1240 441 1270 468 ὲν
1284 440 1438 476 αἰνίγματι.
1461 450 1471 467 ι

1140 530 1214 557 ’Λντὶ
1230 530 1287 564 τοῦ,
1300 530 1388 567 πέρας
1402 531 1474 566 ἥξει,
1485 531 1532 559 καὶ
1546 532 1687 568 στήσεται.

1136 584 1146 601 ι
1164 575 1230 602 Τότε
1246 576 1274 603 δὲ
1294 577 1442 612 πρόσωπον
1471 578 1540 614 πρὸς
1564 579 1719 615 πρόσωπον.
1739 579 1818 616 Ἀρτι
1842 589 1885 615 γι-

1100 620 1196 648 νώσκοι
1213 621 1246 648 ὲκ
1271 622 1386 658 μέρους*
1418 623 1479 650 τότε
1503 624 1531 651 δὲ
1556 625 1772 661 ὲπιγινώσκομαι
1796 625 1887 658 καθὼς

1099 668 1146 694 καὶ
1159 667 1344 704 ἐπεγνώσθην.
1358 669 1416 696 Νῦν
1429 670 1457 696 δὲ
1474 669 1559 705 μένει.
1582 679 1592 697 ›

1142 712 1215 739 Ἀντὶ
1229 712 1276 741 τοῦ
1291 713 1458 750 σαφέστερον
1470 714 1518 742 καὶ
1531 715 1704 752 τρανότερον.

1138 765 1148 782 ι
1162 757 1269 791 Πίστις,
1279 758 1370 792 ἐλπὶς,
1385 758 1492 796 ἀγάπη,
1507 760 1542 788 τὰ
1553 761 1616 796 τρία
1628 761 1728 789 ταῦτα·
1743 761 1844 798 μείζων
1859 763 1888 790 δὲ

1100 803 1203 831 τούτων
1216 804 1232 839 ὴ
1248 805 1353 841 ἀγάπη.
1374 815 1384 832 ι

1141 848 1174 876 Ἦ
1193 849 1242 884 μὲν
1256 849 1347 883 πίστις
1366 851 1414 878 καὶ
1436 852 1524 886 ἐλπὶς,
1538 852 1594 880 τῶν
1622 853 1818 881 πιστευθέντων
1840 855 1889 882 καὶ

1098 894 1152 921 τῶν
1168 895 1352 924 ἐλπισθέντων
1373 896 1484 932 ἀγαθῶν
1504 899 1743 935 παραγινομένων,
1760 899 1888 929 παύεται.

1106 940 1140 967 Ἠ
1153 941 1182 968 δὲ
1193 941 1287 978 ἀγάπη
1297 943 1359 970 τότε
1379 943 1452 979 μέγα
1466 944 1622 980 ἐπαίρεται,
1641 946 1690 974 καὶ
1707 947 1812 981 γίνεται
1824 955 1889 982 σφο-

1098 985 1223 1024 δροτέρα.

1395 1053 1522 1082 ΚΕΦΑΛ.
1538 1054 1588 1082 lA’.

1139 1117 1148 1133 ι
1169 1107 1287 1136 Διώκετε
1303 1109 1353 1145 τὴν
1367 1109 1487 1145 ἀγάπην.
1507 1119 1517 1137 ι

1135 1155 1191 1183 Καὶ
1205 1155 1260 1191 γὰρ
1274 1155 1374 1191 δρόμου
1390 1156 1494 1192 σφόδρα
1506 1157 1573 1193 ἡμῖν
1585 1157 1625 1190 εἰς
1638 1156 1724 1194 αὐτὴν
1740 1156 1832 1194 χρεία.

1139 1263 1149 1280 ι
1170 1253 1289 1289 Ζηλοῦτε
1301 1253 1330 1281 δὲ
1341 1253 1375 1283 τὰ
1393 1253 1578 1290 πνευματικὰ,
1603 1253 1703 1290 μᾶλλον
1721 1253 1750 1281 δὲ
1765 1253 1809 1281 ῐνα
1822 1261 1891 1290 προ-

1102 1298 1249 1334 φητεύητε.
1270 1308 1280 1325 ι

1137 1351 1196 1378 Ἵνα
1210 1351 1247 1387 μή
1263 1360 1306 1384 τις
1321 1351 1430 1388 νομίζῃ,
1449 1352 1491 1379 ὅτι
1506 1351 1550 1379 διὰ
1562 1351 1642 1379 τοῦτο
1660 1352 1706 1379 τὸν
1722 1352 1771 1388 τῆς
1782 1351 1892 1388 ἀγάπης

1102 1398 1248 1435 εἰσήγαγεν
1266 1399 1357 1433 λόγον,
1378 1399 1423 1427 ἵνα
1445 1398 1529 1435 σϐέσῃ
1550 1399 1584 1426 τὰ
1608 1398 1779 1434 χαρίσματα,
1795 1398 1891 1425 τούτου

1102 1445 1184 1480 χάριν
1211 1445 1347 1480 ἐπήγαγε,
1363 1444 1466 1479 λέγων·
1485 1444 1618 1479 Ζηλοῦτε
1637 1445 1675 1471 τὰ
1690 1443 1890 1478 πνευματικά·

264 1498 292 1521 et
308 1493 464 1529 linguarum
479 1491 581 1519 donum
593 1491 633 1519 sic
649 1494 787 1522 extenuat,
803 1491 834 1516 ut
846 1496 937 1523 neque
952 1487 1051 1515 inutile

1105 1490 1248 1526 σύγκρισιν
1264 1490 1293 1517 δὲ
1306 1491 1424 1517 ποιεῖται
1436 1489 1489 1516 τῶν
1502 1489 1690 1525 χαρισμάτων,
1705 1489 1753 1516 καὶ
1764 1489 1892 1523 καθαιρεῖ

264 1546 328 1568 esse
337 1545 462 1574 prorsus,
472 1544 562 1573 neque
575 1543 624 1572 per
632 1543 694 1565 sese
702 1535 780 1564 valde
789 1535 856 1562 utile
866 1533 1000 1563 05tendat.

300 1636 385 1665 Vsus.
399 1636 462 1663 2-4.
480 1643 490 1661 ι
508 1635 559 1668 Qui
576 1634 650 1663 enim
665 1634 786 1670 loquitur
800 1633 904 1669 lingua,
929 1640 982 1661 non
1003 1633 1054 1661 ho-

266 1682 387 1710 minibus
400 1680 531 1716 loquitur,
547 1679 594 1707 sed
609 1679 666 1707 Deo
681 1679 773 1712 (nemo
789 1679 864 1707 enim
878 1679 977 1715 audit).
991 1678 1054 1714 Spi-

267 1728 337 1754 ritus
352 1730 444 1753 autem
462 1725 584 1760 loquitur
598 1725 738 1760 mysteria.
754 1724 805 1758 Qui
821 1732 886 1753 vero
898 1725 1053 1760 pr0phetat,

268 1772 423 1800 hominibus
439 1771 568 1806 loquitur,
579 1770 638 1807 [ad]
651 1771 873 1804 aediﬁcationem,
889 1775 917 1798 et
928 1770 1055 1798 exhorta-

268 1819 381 1851 tionem,
399 1818 476 1852 ιιι
501 1821 528 1844 et
541 1817 768 1845 consolationem.
791 1815 843 1849 Qui
865 1815 984 1851 loquitur
1003 1815 1054 1842 lin-

268 1873 333 1900 gua,
347 1865 468 1900 seipsum
484 1864 599 1892 aediﬁcat
615 1872 623 1897 ;
639 1864 686 1900 qui
711 1867 803 1891 autem
823 1863 978 1899 prophetat,
1000 1863 1055 1891 Ec-

269 1911 380 1939 clesiam
396 1910 443 1938 Dei
458 1909 587 1937 aedificat.
609 1919 619 1936 ι

303 1955 427 1984 Ostendit
448 1956 575 1983 eximium
600 1955 710 1990 quidem
729 1962 791 1984 esse
816 1954 901 1982 Deum
926 1953 1053 1990 alloqui;

268 2002 394 2037 exiguum
421 2008 496 2034 vero,
509 2000 658 2028 Ecclesiam
686 2008 741 2028 non
757 2000 903 2028 aediﬁcare.
920 1999 988 2027 Nam
1003 2000 1055 2028 hoc

268 2048 370 2083 ubique
385 2048 492 2083 quaerit,
503 2052 537 2075 ut
553 2048 630 2075 multi
644 2047 826 2075 aediﬁcentur.

304 2093 387 2121 Vens.
406 2093 432 2121 5.
452 2102 462 2119 ‹
480 2092 548 2120 Volo
561 2097 652 2120 autem
676 2100 772 2121 omnes
789 2100 839 2121 vos
855 2093 931 2128 loqui
944 2093 1054 2128 linguis,

268 2139 355 2174 magis
377 2142 467 2166 autem
493 2141 523 2165 ut
541 2138 719 2173 prophetetis.
742 2137 809 2165 Nam
835 2139 924 2174 major
941 2143 983 2166 est
1008 2138 1054 2174 qui

269 2184 423 2218 prophetat,
438 2190 519 2218 quam
539 2183 586 2218 qui
601 2183 722 2219 loquitur
737 2183 848 2219 linguis.
867 2193 877 2210 ι
1033 2212 1039 2216 ,

304 2233 343 2261 Ne
364 2234 532 2262 arbitrentur
546 2234 635 2269 ipsum
663 2242 696 2263 ex
724 2234 827 2262 invidia
849 2235 959 2270 linguas
977 2235 1072 2271 parvi.

270 2278 371 2310 facere,
386 2281 417 2305 ut
429 2278 613 2313 suspicionem
628 2278 700 2307 hanc
721 2279 852 2315 corrigat,
865 2279 1056 2315 hujuscemodi

269 2331 442 2360 sermonibus
460 2331 557 2359 utitur.

307 2384 318 2402 ι
336 2375 395 2404 Nisi
415 2375 486 2404 forte
497 2376 705 2412 interpretetur,
716 2381 747 2405 ut
762 2376 885 2406 Ecclesia
896 2377 1056 2406 aediﬁcatio-

269 2430 331 2450 nem
345 2422 472 2458 accipiat.
496 2431 506 2448 ι

304 2474 395 2502 Minus
404 2478 456 2508 est,
473 2474 574 2510 inquit,
587 2474 688 2510 linguis
702 2474 788 2510 loqui,
802 2483 885 2511 quam
901 2476 1055 2504 vaticinari.

270 2519 329 2548 Nisi
349 2520 420 2548 forte
434 2520 534 2556 aliquis
547 2520 629 2548 etiam
642 2520 779 2556 interpres
793 2520 875 2555 adsit,
888 2521 936 2557 qui
948 2522 1056 2557 linguas

270 2566 341 2594 sciat
354 2566 538 2603 interpretari,
549 2566 595 2595 ille
603 2566 718 2602 aequalis
730 2567 871 2604 propheta:
881 2575 1055 2604 nequaquam

271 2613 364 2641 fuerit.

305 2664 390 2694 Vsus.
406 2664 432 2692 6.
449 2673 459 2691 ι
473 2663 552 2692 Nunc
565 2669 666 2697 autem,
680 2663 791 2697 fratres,
807 2665 830 2693 si
841 2673 942 2694 venero
959 2667 992 2694 ad
1008 2674 1057 2695 vos

271 2710 373 2746 linguis
388 2711 502 2746 loquens
519 2719 526 2738 :
543 2711 608 2746 quid
622 2711 701 2739 vobis
713 2711 831 2746 prodero
847 2711 859 2738 ?
887 2721 897 2738 ι

308 2755 361 2783 Sed
376 2755 443 2791 quid
465 2754 534 2782 alios
556 2754 638 2782 dico?
655 2755 754 2790 inquit.
770 2755 799 2783 Si
817 2763 868 2791 ego
882 2756 941 2792 ipse
955 2764 1057 2785 venero

272 2801 307 2829 ad
317 2808 366 2830 vos
381 2800 485 2837 linguis
511 2800 625 2834 loquens
638 2820 646 2834 ι
659 2801 729 2829 nihil
751 2801 864 2837 majoris
879 2802 1056 2834 emolumenti

1102 1536 1134 1563 τὸ
1144 1536 1199 1564 τῶν
1210 1536 1351 1571 γλωσσῶν,
1365 1536 1427 1562 οὔτε
1450 1535 1538 1571 πάντη
1555 1536 1700 1571 ἄχρηστον.
1714 1534 1776 1562 οὔτε
1790 1534 1891 1569 σφόδρα

1103 1581 1242 1617 ὠφέλιμον
1256 1581 1317 1609 καθ’
1336 1581 1417 1608 ἑαυτὸ
1430 1581 1547 1613 δεικνύς.

1142 1649 1152 1665 ε
1176 1639 1205 1666 '0
1228 1640 1282 1675 γὰρ
1301 1639 1390 1667 λαλῶν
1415 1638 1539 1675 γλώσσῃ.
1564 1639 1614 1666 οὐκ
1630 1637 1784 1674 ἀνθρώποις
1803 1637 1890 1669 λαλεῖ,

1104 1685 1171 1713 ἀλλὰ
1191 1686 1230 1721 τῷ
1243 1686 1303 1721 θεῷ
1313 1694 1320 1701 ⁸
1336 1685 1424 1717 οὐδεὶς
1436 1686 1490 1721 γὰρ
1501 1685 1596 1712 ἀκούει
1605 1693 1612 1700 ·
1627 1684 1765 1719 πνεύματι
1776 1685 1803 1711 δὲ
1815 1683 1892 1711 λαλεῖ

1106 1732 1252 1767 μυστήρια.
1271 1732 1300 1758 ὐ
1310 1731 1338 1758 δὲ
1353 1732 1544 1767 προφητεύων,
1560 1729 1714 1766 ἀνθρώποις
1728 1730 1804 1756 λαλεῖ
1817 1730 1890 1756 οἰκο-

1104 1775 1190 1810 δομὴν
1204 1775 1251 1802 καὶ
1268 1775 1441 1811 παράκλησιν
1469 1776 1516 1802 καὶ
1536 1775 1720 1811 παραμυθίαν.
1749 1775 1778 1802 '0
1803 1774 1892 1802 λαλῶν

1105 1820 1228 1858 γλώσσῃ,
1248 1821 1343 1849 ἑαυτὸν
1362 1822 1513 1856 οἰκοδομεῖ·
1535 1823 1552 1857 ὁ,
1567 1822 1595 1849 δὲ
1613 1820 1803 1857 προφητεύων,
1829 1821 1891 1848 Ἐκ-

1106 1867 1219 1903 κλησίαν
1230 1868 1375 1903 οἰκοδομεῖ.
1397 1877 1408 1894 ι

1140 1951 1177 1979 To
1198 1953 1247 1988 μὲν
1258 1953 1347 1980 λαλεῖν
1358 1953 1397 1988 τῷ
1417 1953 1492 1989 Θεῷ,
1508 1953 1581 1989 μέγα
1601 1954 1748 1988 δείκνυσιν,
1763 1954 1794 1981 τδ
1809 1954 1837 1981 δὲ
1851 1953 1890 1990 μὴ

1105 1998 1304 2034 οἶκοδομεῖσθαι
1331 1999 1381 2033 τὴν
1400 2000 1574 2036 Ἑκκλησῐαν,
1593 2000 1700 2036 μικρόν.
1722 1999 1808 2027 Τοῦτο
1836 2000 1890 2037 γὰρ

1106 2043 1245 2078 πανταχοῦ
1263 2044 1350 2079 ζητεῖ,
1366 2045 1417 2080 τὴν
1428 2045 1572 2081 οἰκοδομὴν
1582 2046 1636 2073 τῶν
1653 2045 1768 2074 πολλῶν.

1143 2099 1153 2116 ι
1170 2089 1245 2117 Θέλω
1258 2090 1287 2117 δὲ
1303 2090 1407 2123 πάντας
1427 2091 1500 2127 ὑμᾶς
1512 2092 1601 2119 λαλεῖν
1616 2091 1752 2127 γλώσσαις
1766 2092 1891 2128 ,μᾶλλον

1107 2135 1134 2162 δὲ
1149 2135 1192 2162 ἵνα
1215 2137 1418 2173 προφητεύητε.
1430 2138 1539 2170 Μείζων
1557 2138 1610 2174 γὰρ
1627 2139 1641 2165 ὁ
1663 2132 1853 2174 προφητεύων,
1872 2138 1890 2174 ἢ

1106 2179 1219 2220 ρλαλῶν
1231 2180 1377 2214 γλώσσαις.
1397 2191 1406 2207 ι

1143 2232 1202 2259 Ἵνα
1217 2233 1255 2268 μὴ
1276 2233 1423 2269 νομίσωσιν
1439 2235 1481 2262 ὅτι
1496 2234 1752 2270 βασκαίνωνιαῦτοῖς
1767 2234 1893 2271 καθαιρεῖ

1106 2278 1156 2310 τὰς
1181 2277 1327 2313 γλώσσας,
1340 2280 1531 2317 διορθούμενος
1556 2281 1646 2309 αὐτῶν
1673 2280 1723 2316 τὴν
1751 2280 1890 2313 ὑπόνοιαν,

1107 2329 1187 2357 τοῦτό
1206 2338 1299 2366 φησιν.

1145 2386 1155 2402 ι
1182 2376 1275 2409 Ἐκτὸς
1291 2377 1316 2404 εἰ
1338 2378 1377 2414 μὴ
1391 2377 1569 2414 διερμηνεύῃ,
1583 2378 1626 2406 ἵνα
1651 2378 1669 2414 ἡ
1692 2378 1840 2415 Ἐκκλησία
1854 2379 1892 2406 οἱ·

1108 2420 1226 2457 κοδομὴν
1239 2421 1319 2459 λάσῃ.
1340 2431 1350 2449 ι
1877 2417 1882 2424 ’

1144 2476 1288 2510 Ἔλαττον,
1303 2477 1381 2512 φησὶ,
1394 2478 1442 2506 τοῦ
1456 2480 1637 2516 προφητεύειν
1651 2479 1681 2508 τὸ
1694 2480 1829 2516 γλώσσαις
1845 2480 1894 2508 λα-

1106 2523 1179 2550 λεῖν·
1196 2523 1222 2550 εἰ
1247 2524 1284 2560 μή
1302 2533 1344 2557 τις
1359 2525 1414 2561 ἄρα
1434 2527 1483 2553 καὶ
1506 2527 1672 2564 διερμηνεύῃ
1693 2528 1727 2555 τὰ
1746 2527 1872 2564 γλώσσας
1883 2547 1892 2560 ,

1107 2569 1157 2596 οὐκ
1170 2568 1204 2597 ἂν
1220 2570 1333 2606 γένηται
1348 2571 1397 2599 τοῦ
1410 2573 1628 2608 προφητεύοντος
1647 2575 1717 2607 ἶσος.

1146 2678 1155 2695 ι
1174 2668 1232 2696 Νὖν
1248 2669 1288 2700 δὲ.
1305 2669 1425 2705 ἀδελφοὶ,
1441 2671 1488 2699 ἐὰν
1503 2671 1573 2699 ἔλθω
1590 2673 1658 2709 πρὸς
1672 2673 1744 2710 ὑμᾶς
1755 2673 1855 2707 λαλῶν,
1867 2673 1895 2701 τι

1108 2713 1182 2749 ὑμᾶς
1197 2714 1331 2750 ὠφελήσω
1341 2723 1348 2748 ;
1364 2725 1374 2741 ›

1142 2760 1176 2786 Τί
1196 2758 1269 2795 λέγω
1291 2762 1355 2794 τοὺς
1376 2762 1473 2795 ἄλλους
1486 2784 1494 2797 ,
1511 2763 1595 2799 φησις
1610 2765 1669 2793 Κᾶν
1694 2766 1749 2802 γὰρ
1769 2766 1825 2801 ἐγὼ
1845 2766 1896 2793 αὒ-

1106 2805 1153 2838 τδς
1179 2805 1317 2840 γλώσσαις
1335 2807 1405 2836 ἔλθω
1420 2809 1527 2848 λαλῶν,
1542 2810 1617 2839 οὐδὲν
1646 2811 1724 2839 ἔσται
1740 2812 1821 2840 πλέων
1836 2814 1894 2844 τοῖς
