  <div class='ocr_page' id='page_1' title='image "/cluster/home/n/w/nwhite01/storage/ocr_20150623/95/njp.32101077772844/349.png"; bbox 0 0 2078 3116; ppageno 0'>
   <div class='ocr_carea' id='block_1_1' title="bbox 281 155 332 186">
    <p class='ocr_par' dir='ltr' id='par_1_1' title="bbox 281 155 332 186">
     <span class='ocr_line' id='line_1_1' title="bbox 281 155 332 186; baseline 0 0"><span class='ocrx_word' id='word_1_1' title='bbox 281 155 332 186; x_wconf 81' lang='lat'><strong>683</strong></span> 
     </span>
    </p>
   </div>
   <div class='ocr_carea' id='block_1_2' title="bbox 879 148 1316 179">
    <p class='ocr_par' dir='ltr' id='par_1_2' title="bbox 879 148 1316 179">
     <span class='ocr_line' id='line_1_2' title="bbox 879 148 1316 179; baseline 0 -1"><span class='ocrx_word' id='word_1_2' title='bbox 879 151 1082 179; x_wconf 64' lang='grc' dir='ltr'><strong>δυιυΔΝΝιδ</strong></span> <span class='ocrx_word' id='word_1_3' title='bbox 1101 148 1316 179; x_wconf 74' lang='lat' dir='ltr'><strong>DAMASCENI</strong></span> 
     </span>
    </p>
   </div>
   <div class='ocr_carea' id='block_1_3' title="bbox 1870 148 1922 180">
    <p class='ocr_par' dir='ltr' id='par_1_3' title="bbox 1870 148 1922 180">
     <span class='ocr_line' id='line_1_3' title="bbox 1870 148 1922 180; baseline 0 0"><span class='ocrx_word' id='word_1_4' title='bbox 1870 148 1922 180; x_wconf 60' lang='lat'><strong>68‘</strong></span> 
     </span>
    </p>
   </div>
   <div class='ocr_carea' id='block_1_4' title="bbox 322 203 1078 241">
    <p class='ocr_par' dir='ltr' id='par_1_4' title="bbox 322 204 1074 241">
     <span class='ocr_line' id='line_1_4' title="bbox 322 204 1074 241; baseline -0.008 -4"><span class='ocrx_word' id='word_1_5' title='bbox 322 209 401 237; x_wconf 72' lang='lat' dir='ltr'><strong>Vens.</strong></span> <span class='ocrx_word' id='word_1_6' title='bbox 418 209 460 236; x_wconf 81' lang='grc' dir='ltr'><strong>Η.</strong></span> <span class='ocrx_word' id='word_1_7' title='bbox 477 217 486 233; x_wconf 73' lang='grc' dir='ltr'><strong>ι</strong></span> <span class='ocrx_word' id='word_1_8' title='bbox 507 207 573 234; x_wconf 77' lang='lat' dir='ltr'><strong>Nam</strong></span> <span class='ocrx_word' id='word_1_9' title='bbox 596 211 624 235; x_wconf 92' lang='lat' dir='ltr'><strong>tu</strong></span> <span class='ocrx_word' id='word_1_10' title='bbox 651 204 763 241; x_wconf 79' lang='lat' dir='ltr'><strong>quidem</strong></span> <span class='ocrx_word' id='word_1_11' title='bbox 778 204 847 232; x_wconf 89' lang='lat' dir='ltr'><strong>bene</strong></span> <span class='ocrx_word' id='word_1_12' title='bbox 873 205 976 240; x_wconf 79' lang='lat' dir='ltr'><strong>gratias</strong></span> <span class='ocrx_word' id='word_1_13' title='bbox 992 205 1051 239; x_wconf 87' lang='lat' dir='ltr'><strong>agis</strong></span> <span class='ocrx_word' id='word_1_14' title='bbox 1068 213 1074 231; x_wconf 88' lang='lat'>:</span> 
     </span>
    </p>
   </div>
   <div class='ocr_carea' id='block_1_5' title="bbox 1131 203 1922 241">
    <p class='ocr_par' dir='ltr' id='par_1_5' title="bbox 1167 203 1922 240">
     <span class='ocr_line' id='line_1_5' title="bbox 1167 203 1922 240; baseline 0.001 -10"><span class='ocrx_word' id='word_1_15' title='bbox 1167 214 1175 230; x_wconf 78' lang='grc' dir='ltr'><strong>ι</strong></span> <span class='ocrx_word' id='word_1_16' title='bbox 1195 204 1230 231; x_wconf 80' lang='grc' dir='ltr'><strong>Σὺ</strong></span> <span class='ocrx_word' id='word_1_17' title='bbox 1244 204 1295 240; x_wconf 73' lang='grc' dir='ltr'><strong>μὲν</strong></span> <span class='ocrx_word' id='word_1_18' title='bbox 1307 203 1362 240; x_wconf 85' lang='grc' dir='ltr'><strong>γὰρ</strong></span> <span class='ocrx_word' id='word_1_19' title='bbox 1381 203 1472 235; x_wconf 79' lang='grc' dir='ltr'>καλῶς</span> <span class='ocrx_word' id='word_1_20' title='bbox 1486 204 1668 239; x_wconf 71' lang='grc' dir='ltr'>εὐχαριστεῖς.</span> <span class='ocrx_word' id='word_1_21' title='bbox 1685 203 1744 230; x_wconf 82' lang='grc' dir='ltr'>ἀλλ’</span> <span class='ocrx_word' id='word_1_22' title='bbox 1761 204 1856 239; x_wconf 71' lang='grc' dir='ltr'>ἕτερος</span> <span class='ocrx_word' id='word_1_23' title='bbox 1871 204 1922 231; x_wconf 75' lang='grc' dir='ltr'>οὐκ</span> 
     </span>
    </p>
   </div>
   <div class='ocr_carea' id='block_1_6' title="bbox 282 253 689 286">
    <p class='ocr_par' dir='ltr' id='par_1_6' title="bbox 282 253 689 286">
     <span class='ocr_line' id='line_1_6' title="bbox 282 253 689 286; baseline -0.017 0"><span class='ocrx_word' id='word_1_24' title='bbox 282 256 329 286; x_wconf 75' lang='lat' dir='ltr'><strong>sed</strong></span> <span class='ocrx_word' id='word_1_25' title='bbox 342 256 411 284; x_wconf 89' lang='lat' dir='ltr'><strong>alter</strong></span> <span class='ocrx_word' id='word_1_26' title='bbox 425 262 479 282; x_wconf 90' lang='lat' dir='ltr'><strong>non</strong></span> <span class='ocrx_word' id='word_1_27' title='bbox 495 253 658 281; x_wconf 70' lang='lat' dir='ltr'><strong>aediﬁcatur.</strong></span> <span class='ocrx_word' id='word_1_28' title='bbox 680 261 689 278; x_wconf 83' lang='grc'><strong>›</strong></span> 
     </span>
    </p>
   </div>
   <div class='ocr_carea' id='block_1_7' title="bbox 317 297 1074 336">
    <p class='ocr_par' dir='ltr' id='par_1_7' title="bbox 317 297 1074 336">
     <span class='ocr_line' id='line_1_7' title="bbox 317 297 1074 336; baseline -0.008 -6"><span class='ocrx_word' id='word_1_29' title='bbox 317 301 355 330; x_wconf 86' lang='lat' dir='ltr'><strong>Ne</strong></span> <span class='ocrx_word' id='word_1_30' title='bbox 377 301 454 329; x_wconf 81' lang='lat' dir='ltr'>nihili</span> <span class='ocrx_word' id='word_1_31' title='bbox 478 307 593 336; x_wconf 87' lang='lat' dir='ltr'><strong>prorsus</strong></span> <span class='ocrx_word' id='word_1_32' title='bbox 621 299 711 326; x_wconf 79' lang='lat' dir='ltr'><strong>facere</strong></span> <span class='ocrx_word' id='word_1_33' title='bbox 727 298 830 326; x_wconf 91' lang='lat' dir='ltr'><strong>donum</strong></span> <span class='ocrx_word' id='word_1_34' title='bbox 846 299 982 332; x_wconf 86' lang='lat' dir='ltr'><strong>videatur,</strong></span> <span class='ocrx_word' id='word_1_35' title='bbox 998 297 1074 325; x_wconf 86' lang='lat' dir='ltr'><strong>hisce</strong></span> 
     </span>
    </p>
   </div>
   <div class='ocr_carea' id='block_1_8' title="bbox 283 343 1074 381">
    <p class='ocr_par' dir='ltr' id='par_1_8' title="bbox 283 343 1074 381">
     <span class='ocr_line' id='line_1_8' title="bbox 283 343 1074 381; baseline -0.006 -5"><span class='ocrx_word' id='word_1_36' title='bbox 283 348 374 380; x_wconf 83' lang='lat' dir='ltr'><strong>verbis</strong></span> <span class='ocrx_word' id='word_1_37' title='bbox 390 349 488 375; x_wconf 89' lang='lat' dir='ltr'><strong>utitur.</strong></span> <span class='ocrx_word' id='word_1_38' title='bbox 514 345 586 379; x_wconf 89' lang='lat' dir='ltr'><strong>Quin</strong></span> <span class='ocrx_word' id='word_1_39' title='bbox 603 349 630 374; x_wconf 89' lang='lat' dir='ltr'><strong>et</strong></span> <span class='ocrx_word' id='word_1_40' title='bbox 643 345 695 373; x_wconf 87' lang='lat' dir='ltr'><strong>hoc</strong></span> <span class='ocrx_word' id='word_1_41' title='bbox 723 345 853 381; x_wconf 84' lang='lat' dir='ltr'><strong>superius</strong></span> <span class='ocrx_word' id='word_1_42' title='bbox 872 344 948 378; x_wconf 84' lang='lat' dir='ltr'><strong>fecit,</strong></span> <span class='ocrx_word' id='word_1_43' title='bbox 963 343 1074 380; x_wconf 80' lang='lat' dir='ltr'><strong>quando</strong></span> 
     </span>
    </p>
   </div>
   <div class='ocr_carea' id='block_1_9' title="bbox 282 391 1072 427">
    <p class='ocr_par' dir='ltr' id='par_1_9' title="bbox 282 391 1072 427">
     <span class='ocr_line' id='line_1_9' title="bbox 282 391 1072 427; baseline -0.005 -5"><span class='ocrx_word' id='word_1_44' title='bbox 282 395 374 422; x_wconf 87' lang='lat' dir='ltr'><strong>aiebat</strong></span> <span class='ocrx_word' id='word_1_45' title='bbox 394 402 401 421; x_wconf 89' lang='lat'><strong>:</strong></span> <span class='ocrx_word' id='word_1_46' title='bbox 421 393 474 427; x_wconf 82' lang='lat' dir='ltr'><strong>Qui</strong></span> <span class='ocrx_word' id='word_1_47' title='bbox 489 393 610 426; x_wconf 83' lang='lat' dir='ltr'><strong>loquitur</strong></span> <span class='ocrx_word' id='word_1_48' title='bbox 634 392 803 427; x_wconf 75' lang='lat' dir='ltr'><strong>mysterium,</strong></span> <span class='ocrx_word' id='word_1_49' title='bbox 828 396 853 419; x_wconf 83' lang='lat' dir='ltr'><strong>et</strong></span> <span class='ocrx_word' id='word_1_50' title='bbox 873 391 928 419; x_wconf 80' lang='lat' dir='ltr'><strong>Deo</strong></span> <span class='ocrx_word' id='word_1_51' title='bbox 944 391 1072 426; x_wconf 79' lang='lat' dir='ltr'><strong>loquitur,</strong></span> 
     </span>
    </p>
   </div>
   <div class='ocr_carea' id='block_1_10' title="bbox 280 437 1074 475">
    <p class='ocr_par' dir='ltr' id='par_1_10' title="bbox 280 437 1074 475">
     <span class='ocr_line' id='line_1_10' title="bbox 280 437 1074 475; baseline -0.005 -7"><span class='ocrx_word' id='word_1_52' title='bbox 280 446 306 468; x_wconf 73' lang='lat' dir='ltr'><strong>et</strong></span> <span class='ocrx_word' id='word_1_53' title='bbox 321 441 438 475; x_wconf 74' lang='lat' dir='ltr'><strong>seipsum</strong></span> <span class='ocrx_word' id='word_1_54' title='bbox 463 439 592 474; x_wconf 73' lang='lat' dir='ltr'><strong>a&#39;di/icat.</strong></span> <span class='ocrx_word' id='word_1_55' title='bbox 607 438 649 466; x_wconf 86' lang='lat' dir='ltr'><strong>Tu</strong></span> <span class='ocrx_word' id='word_1_56' title='bbox 670 446 745 474; x_wconf 83' lang='lat' dir='ltr'><strong>ergo.</strong></span> <span class='ocrx_word' id='word_1_57' title='bbox 764 438 866 473; x_wconf 88' lang='lat' dir='ltr'><strong>inquit,</strong></span> <span class='ocrx_word' id='word_1_58' title='bbox 879 442 953 466; x_wconf 85' lang='lat' dir='ltr'><strong>recte</strong></span> <span class='ocrx_word' id='word_1_59' title='bbox 969 437 1074 473; x_wconf 91' lang='lat' dir='ltr'><strong>gratias</strong></span> 
     </span>
    </p>
   </div>
   <div class='ocr_carea' id='block_1_11' title="bbox 283 484 1073 523">
    <p class='ocr_par' dir='ltr' id='par_1_11' title="bbox 283 484 1073 523">
     <span class='ocr_line' id='line_1_11' title="bbox 283 484 1073 523; baseline -0.006 -8"><span class='ocrx_word' id='word_1_60' title='bbox 283 487 353 523; x_wconf 90' lang='lat' dir='ltr'><strong>agis.</strong></span> <span class='ocrx_word' id='word_1_61' title='bbox 371 485 440 514; x_wconf 82' lang='lat' dir='ltr'><strong>Nam</strong></span> <span class='ocrx_word' id='word_1_62' title='bbox 472 485 579 521; x_wconf 89' lang='lat' dir='ltr'><strong>Spiritu</strong></span> <span class='ocrx_word' id='word_1_63' title='bbox 609 488 735 512; x_wconf 84' lang='lat' dir='ltr'><strong>movente</strong></span> <span class='ocrx_word' id='word_1_64' title='bbox 748 484 870 519; x_wconf 85' lang='lat' dir='ltr'><strong>loqueris</strong></span> <span class='ocrx_word' id='word_1_65' title='bbox 887 492 894 517; x_wconf 86' lang='lat'><strong>;</strong></span> <span class='ocrx_word' id='word_1_66' title='bbox 910 484 955 512; x_wconf 90' lang='lat' dir='ltr'><strong>ille</strong></span> <span class='ocrx_word' id='word_1_67' title='bbox 982 487 1073 511; x_wconf 88' lang='lat' dir='ltr'><strong>autem</strong></span> 
     </span>
    </p>
   </div>
   <div class='ocr_carea' id='block_1_12' title="bbox 283 530 1075 566">
    <p class='ocr_par' dir='ltr' id='par_1_12' title="bbox 283 530 1075 566">
     <span class='ocr_line' id='line_1_12' title="bbox 283 530 1075 566; baseline -0.005 -6"><span class='ocrx_word' id='word_1_68' title='bbox 283 532 351 560; x_wconf 84' lang='lat' dir='ltr'><strong>nihil</strong></span> <span class='ocrx_word' id='word_1_69' title='bbox 366 532 491 564; x_wconf 80' lang='lat' dir='ltr'><strong>audiens,</strong></span> <span class='ocrx_word' id='word_1_70' title='bbox 501 539 551 559; x_wconf 89' lang='lat' dir='ltr'><strong>nec</strong></span> <span class='ocrx_word' id='word_1_71' title='bbox 565 531 656 558; x_wconf 85' lang='lat' dir='ltr'><strong>sciens</strong></span> <span class='ocrx_word' id='word_1_72' title='bbox 667 538 728 566; x_wconf 71' lang='lat' dir='ltr'><strong>quae</strong></span> <span class='ocrx_word' id='word_1_73' title='bbox 740 530 882 563; x_wconf 88' lang='lat' dir='ltr'><strong>dicuntur,</strong></span> <span class='ocrx_word' id='word_1_74' title='bbox 892 533 1075 565; x_wconf 84' lang='lat' dir='ltr'><strong>stat,parum-</strong></span> 
     </span>
    </p>
   </div>
   <div class='ocr_carea' id='block_1_13' title="bbox 283 577 588 614">
    <p class='ocr_par' dir='ltr' id='par_1_13' title="bbox 283 577 588 614">
     <span class='ocr_line' id='line_1_13' title="bbox 283 577 588 614; baseline -0.007 -8"><span class='ocrx_word' id='word_1_75' title='bbox 283 586 337 614; x_wconf 87' lang='lat' dir='ltr'><strong>que</strong></span> <span class='ocrx_word' id='word_1_76' title='bbox 359 578 432 614; x_wconf 86' lang='lat' dir='ltr'><strong>capit</strong></span> <span class='ocrx_word' id='word_1_77' title='bbox 449 577 588 605; x_wconf 87' lang='lat' dir='ltr'><strong>utilitatis.</strong></span> 
     </span>
    </p>
   </div>
   <div class='ocr_carea' id='block_1_14' title="bbox 319 619 1074 657">
    <p class='ocr_par' dir='ltr' id='par_1_14' title="bbox 319 619 1074 657">
     <span class='ocr_line' id='line_1_14' title="bbox 319 619 1074 657; baseline -0.007 -6"><span class='ocrx_word' id='word_1_78' title='bbox 319 623 402 651; x_wconf 75' lang='lat' dir='ltr'><strong>Vsus.</strong></span> <span class='ocrx_word' id='word_1_79' title='bbox 426 623 534 655; x_wconf 67' lang='lat'><strong>18,19.</strong></span> <span class='ocrx_word' id='word_1_80' title='bbox 567 631 577 648; x_wconf 73' lang='grc' dir='ltr'><em>α</em></span> <span class='ocrx_word' id='word_1_81' title='bbox 604 621 713 649; x_wconf 79' lang='lat' dir='ltr'><strong>Gratias</strong></span> <span class='ocrx_word' id='word_1_82' title='bbox 738 629 790 657; x_wconf 86' lang='lat' dir='ltr'><strong>ago</strong></span> <span class='ocrx_word' id='word_1_83' title='bbox 821 620 876 649; x_wconf 84' lang='lat' dir='ltr'><strong>Deo</strong></span> <span class='ocrx_word' id='word_1_84' title='bbox 905 627 975 653; x_wconf 88' lang='lat' dir='ltr'><strong>meo,</strong></span> <span class='ocrx_word' id='word_1_85' title='bbox 1000 619 1074 655; x_wconf 87' lang='lat' dir='ltr'><strong>quod</strong></span> 
     </span>
    </p>
   </div>
   <div class='ocr_carea' id='block_1_15' title="bbox 283 665 1072 703">
    <p class='ocr_par' dir='ltr' id='par_1_15' title="bbox 283 665 1072 703">
     <span class='ocr_line' id='line_1_15' title="bbox 283 665 1072 703; baseline -0.005 -7"><span class='ocrx_word' id='word_1_86' title='bbox 283 670 405 696; x_wconf 90' lang='lat' dir='ltr'><strong>omnium</strong></span> <span class='ocrx_word' id='word_1_87' title='bbox 423 672 545 696; x_wconf 85' lang='lat' dir='ltr'><strong>vestrum</strong></span> <span class='ocrx_word' id='word_1_88' title='bbox 562 667 653 703; x_wconf 83' lang='lat' dir='ltr'><strong>lingua</strong></span> <span class='ocrx_word' id='word_1_89' title='bbox 672 668 780 703; x_wconf 84' lang='lat' dir='ltr'><strong>loquor.</strong></span> <span class='ocrx_word' id='word_1_90' title='bbox 797 666 850 694; x_wconf 86' lang='lat' dir='ltr'><strong>Sed</strong></span> <span class='ocrx_word' id='word_1_91' title='bbox 874 666 901 693; x_wconf 90' lang='lat' dir='ltr'><strong>in</strong></span> <span class='ocrx_word' id='word_1_92' title='bbox 921 665 1043 693; x_wconf 82' lang='lat' dir='ltr'><strong>Ecclesia</strong></span> <span class='ocrx_word' id='word_1_93' title='bbox 1062 674 1072 691; x_wconf 70' lang='grc' dir='ltr'><strong>ι</strong></span> 
     </span>
    </p>
   </div>
   <div class='ocr_carea' id='block_1_16' title="bbox 318 710 1074 746">
    <p class='ocr_par' dir='ltr' id='par_1_16' title="bbox 318 710 1074 746">
     <span class='ocr_line' id='line_1_16' title="bbox 318 710 1074 746; baseline -0.003 -7"><span class='ocrx_word' id='word_1_94' title='bbox 318 712 358 740; x_wconf 84' lang='lat' dir='ltr'><strong>Ita</strong></span> <span class='ocrx_word' id='word_1_95' title='bbox 375 712 508 746; x_wconf 87' lang='lat' dir='ltr'><strong>loquitur,</strong></span> <span class='ocrx_word' id='word_1_96' title='bbox 521 720 555 740; x_wconf 89' lang='lat' dir='ltr'><strong>ne</strong></span> <span class='ocrx_word' id='word_1_97' title='bbox 568 711 694 739; x_wconf 87' lang='lat' dir='ltr'><strong>videatur</strong></span> <span class='ocrx_word' id='word_1_98' title='bbox 709 719 756 739; x_wconf 87' lang='lat' dir='ltr'><strong>eos</strong></span> <span class='ocrx_word' id='word_1_99' title='bbox 779 711 918 739; x_wconf 84' lang='lat' dir='ltr'><strong>morosius</strong></span> <span class='ocrx_word' id='word_1_100' title='bbox 932 710 1074 744; x_wconf 88' lang='lat' dir='ltr'><strong>inscctari,</strong></span> 
     </span>
    </p>
   </div>
   <div class='ocr_carea' id='block_1_17' title="bbox 283 755 795 792">
    <p class='ocr_par' dir='ltr' id='par_1_17' title="bbox 283 755 795 792">
     <span class='ocr_line' id='line_1_17' title="bbox 283 755 795 792; baseline 0 -9"><span class='ocrx_word' id='word_1_101' title='bbox 283 764 345 784; x_wconf 87' lang='lat' dir='ltr'><strong>cum</strong></span> <span class='ocrx_word' id='word_1_102' title='bbox 360 757 412 784; x_wconf 91' lang='lat' dir='ltr'><strong>hoc</strong></span> <span class='ocrx_word' id='word_1_103' title='bbox 423 756 481 792; x_wconf 90' lang='lat' dir='ltr'><strong>ipse</strong></span> <span class='ocrx_word' id='word_1_104' title='bbox 498 755 572 784; x_wconf 88' lang='lat' dir='ltr'><strong>dono</strong></span> <span class='ocrx_word' id='word_1_105' title='bbox 587 756 795 785; x_wconf 72' lang='lat' dir='ltr'><strong>destitueretur.</strong></span> 
     </span>
    </p>
   </div>
   <div class='ocr_carea' id='block_1_18' title="bbox 322 801 1075 837">
    <p class='ocr_par' dir='ltr' id='par_1_18' title="bbox 322 801 1075 837">
     <span class='ocr_line' id='line_1_18' title="bbox 322 801 1075 837; baseline 0.001 -9"><span class='ocrx_word' id='word_1_106' title='bbox 322 812 331 828; x_wconf 73' lang='grc' dir='ltr'><strong>ε</strong></span> <span class='ocrx_word' id='word_1_107' title='bbox 350 801 419 830; x_wconf 82' lang='lat' dir='ltr'><strong>Volo</strong></span> <span class='ocrx_word' id='word_1_108' title='bbox 435 801 560 837; x_wconf 85' lang='lat' dir='ltr'><strong>quinque</strong></span> <span class='ocrx_word' id='word_1_109' title='bbox 576 802 661 830; x_wconf 85' lang='lat' dir='ltr'><strong>verba</strong></span> <span class='ocrx_word' id='word_1_110' title='bbox 687 809 771 830; x_wconf 83' lang='lat' dir='ltr'><strong>sensu</strong></span> <span class='ocrx_word' id='word_1_111' title='bbox 798 809 859 830; x_wconf 90' lang='lat' dir='ltr'><strong>meo</strong></span> <span class='ocrx_word' id='word_1_112' title='bbox 878 801 972 837; x_wconf 87' lang='lat' dir='ltr'><strong>loqui,</strong></span> <span class='ocrx_word' id='word_1_113' title='bbox 990 805 1022 830; x_wconf 90' lang='lat' dir='ltr'><strong>ut</strong></span> <span class='ocrx_word' id='word_1_114' title='bbox 1047 806 1075 830; x_wconf 84' lang='lat' dir='ltr'><strong>et</strong></span> 
     </span>
    </p>
   </div>
   <div class='ocr_carea' id='block_1_19' title="bbox 283 848 547 877">
    <p class='ocr_par' dir='ltr' id='par_1_19' title="bbox 283 848 547 877">
     <span class='ocr_line' id='line_1_19' title="bbox 283 848 547 877; baseline -0.008 0"><span class='ocrx_word' id='word_1_115' title='bbox 283 848 352 877; x_wconf 84' lang='lat' dir='ltr'><strong>alios</strong></span> <span class='ocrx_word' id='word_1_116' title='bbox 367 848 513 876; x_wconf 88' lang='lat' dir='ltr'><strong>instruam.</strong></span> <span class='ocrx_word' id='word_1_117' title='bbox 537 858 547 875; x_wconf 74' lang='grc' dir='ltr'><strong>ι</strong></span> 
     </span>
    </p>
   </div>
   <div class='ocr_carea' id='block_1_20' title="bbox 316 894 1074 930">
    <p class='ocr_par' dir='ltr' id='par_1_20' title="bbox 316 894 1074 930">
     <span class='ocr_line' id='line_1_20' title="bbox 316 894 1074 930; baseline 0 -8"><span class='ocrx_word' id='word_1_118' title='bbox 316 894 376 922; x_wconf 80' lang='lat' dir='ltr'><strong>Hoc</strong></span> <span class='ocrx_word' id='word_1_119' title='bbox 406 898 508 927; x_wconf 84' lang='lat' dir='ltr'><strong>cst,ca</strong></span> <span class='ocrx_word' id='word_1_120' title='bbox 531 894 687 930; x_wconf 78' lang='lat' dir='ltr'><strong>intelligens</strong></span> <span class='ocrx_word' id='word_1_121' title='bbox 712 901 772 930; x_wconf 70' lang='lat' dir='ltr'><strong>qua:</strong></span> <span class='ocrx_word' id='word_1_122' title='bbox 795 894 868 928; x_wconf 86' lang='lat' dir='ltr'><strong>dico,</strong></span> <span class='ocrx_word' id='word_1_123' title='bbox 881 894 919 921; x_wconf 87' lang='lat' dir='ltr'><strong>ita</strong></span> <span class='ocrx_word' id='word_1_124' title='bbox 943 898 972 922; x_wconf 94' lang='lat' dir='ltr'><strong>ut</strong></span> <span class='ocrx_word' id='word_1_125' title='bbox 991 894 1074 922; x_wconf 84' lang='lat' dir='ltr'><strong>etiam</strong></span> 
     </span>
    </p>
   </div>
   <div class='ocr_carea' id='block_1_21' title="bbox 283 938 931 976">
    <p class='ocr_par' dir='ltr' id='par_1_21' title="bbox 283 938 931 976">
     <span class='ocr_line' id='line_1_21' title="bbox 283 938 931 976; baseline 0 -9"><span class='ocrx_word' id='word_1_126' title='bbox 283 940 358 976; x_wconf 83' lang='lat' dir='ltr'><strong>potis</strong></span> <span class='ocrx_word' id='word_1_127' title='bbox 373 940 425 967; x_wconf 84' lang='lat' dir='ltr'><strong>sim</strong></span> <span class='ocrx_word' id='word_1_128' title='bbox 444 939 506 967; x_wconf 90' lang='lat' dir='ltr'><strong>aliis</strong></span> <span class='ocrx_word' id='word_1_129' title='bbox 523 947 635 976; x_wconf 90' lang='lat' dir='ltr'><strong>quoque</strong></span> <span class='ocrx_word' id='word_1_130' title='bbox 651 939 838 975; x_wconf 83' lang='lat' dir='ltr'><strong>interpretari.</strong></span> <span class='ocrx_word' id='word_1_131' title='bbox 928 938 931 941; x_wconf 71' lang='grc'><strong><em>⁷</em></strong></span> 
     </span>
    </p>
   </div>
   <div class='ocr_carea' id='block_1_22' title="bbox 323 984 1012 1021">
    <p class='ocr_par' dir='ltr' id='par_1_22' title="bbox 323 984 1012 1021">
     <span class='ocr_line' id='line_1_22' title="bbox 323 984 1012 1021; baseline 0.001 -10"><span class='ocrx_word' id='word_1_132' title='bbox 323 994 333 1010; x_wconf 74' lang='grc' dir='ltr'>α</span> <span class='ocrx_word' id='word_1_133' title='bbox 347 985 434 1018; x_wconf 85' lang='lat' dir='ltr'><strong>Quam</strong></span> <span class='ocrx_word' id='word_1_134' title='bbox 447 985 541 1012; x_wconf 91' lang='lat' dir='ltr'><strong>decem</strong></span> <span class='ocrx_word' id='word_1_135' title='bbox 557 984 642 1012; x_wconf 77' lang='lat' dir='ltr'><strong>millia</strong></span> <span class='ocrx_word' id='word_1_136' title='bbox 660 985 807 1012; x_wconf 82' lang='lat' dir='ltr'><strong>verborum</strong></span> <span class='ocrx_word' id='word_1_137' title='bbox 828 985 857 1012; x_wconf 95' lang='lat' dir='ltr'><strong>in</strong></span> <span class='ocrx_word' id='word_1_138' title='bbox 877 985 981 1021; x_wconf 83' lang='lat' dir='ltr'><strong>lingua.</strong></span> <span class='ocrx_word' id='word_1_139' title='bbox 1002 995 1012 1012; x_wconf 75' lang='grc' dir='ltr'><strong>ι</strong></span> 
     </span>
    </p>
   </div>
   <div class='ocr_carea' id='block_1_23' title="bbox 318 1030 1075 1067">
    <p class='ocr_par' dir='ltr' id='par_1_23' title="bbox 318 1030 1075 1067">
     <span class='ocr_line' id='line_1_23' title="bbox 318 1030 1075 1067; baseline 0.001 -9"><span class='ocrx_word' id='word_1_140' title='bbox 318 1030 378 1058; x_wconf 86' lang='lat' dir='ltr'><strong>Hoc</strong></span> <span class='ocrx_word' id='word_1_141' title='bbox 403 1031 476 1058; x_wconf 89' lang='lat' dir='ltr'><strong>enim</strong></span> <span class='ocrx_word' id='word_1_142' title='bbox 503 1031 716 1059; x_wconf 71' lang='lat' dir='ltr'><strong>ostentationem</strong></span> <span class='ocrx_word' id='word_1_143' title='bbox 744 1031 830 1059; x_wconf 90' lang='lat' dir='ltr'><strong>solam</strong></span> <span class='ocrx_word' id='word_1_144' title='bbox 857 1031 968 1067; x_wconf 67' lang='lat' dir='ltr'><strong>praefert</strong></span> <span class='ocrx_word' id='word_1_145' title='bbox 983 1040 992 1066; x_wconf 83' lang='lat'><strong>;</strong></span> <span class='ocrx_word' id='word_1_146' title='bbox 1009 1031 1075 1060; x_wconf 84' lang='lat' dir='ltr'><strong>illud</strong></span> 
     </span>
    </p>
   </div>
   <div class='ocr_carea' id='block_1_24' title="bbox 283 1077 656 1113">
    <p class='ocr_par' dir='ltr' id='par_1_24' title="bbox 283 1077 656 1113">
     <span class='ocr_line' id='line_1_24' title="bbox 283 1077 656 1113; baseline 0.003 -9"><span class='ocrx_word' id='word_1_147' title='bbox 283 1084 349 1106; x_wconf 85' lang='lat' dir='ltr'><strong>vero</strong></span> <span class='ocrx_word' id='word_1_148' title='bbox 360 1084 486 1113; x_wconf 76' lang='lat' dir='ltr'><strong>magnam</strong></span> <span class='ocrx_word' id='word_1_149' title='bbox 499 1077 656 1105; x_wconf 84' lang='lat' dir='ltr'><strong>utilitatem.</strong></span> 
     </span>
    </p>
   </div>
   <div class='ocr_carea' id='block_1_25' title="bbox 318 1120 1074 1158">
    <p class='ocr_par' dir='ltr' id='par_1_25' title="bbox 318 1120 1074 1158">
     <span class='ocr_line' id='line_1_25' title="bbox 318 1120 1074 1158; baseline 0.005 -10"><span class='ocrx_word' id='word_1_150' title='bbox 318 1120 403 1149; x_wconf 66' lang='lat' dir='ltr'><strong>Vsus.</strong></span> <span class='ocrx_word' id='word_1_151' title='bbox 417 1121 462 1150; x_wconf 77' lang='lat'><strong>20.</strong></span> <span class='ocrx_word' id='word_1_152' title='bbox 481 1131 491 1149; x_wconf 77' lang='grc' dir='ltr'><strong>ι</strong></span> <span class='ocrx_word' id='word_1_153' title='bbox 508 1120 631 1155; x_wconf 85' lang='lat' dir='ltr'><strong>Fratres,</strong></span> <span class='ocrx_word' id='word_1_154' title='bbox 641 1122 726 1150; x_wconf 90' lang='lat' dir='ltr'><strong>nolite</strong></span> <span class='ocrx_word' id='word_1_155' title='bbox 737 1123 843 1158; x_wconf 84' lang='lat' dir='ltr'><strong>parvuli</strong></span> <span class='ocrx_word' id='word_1_156' title='bbox 860 1122 918 1151; x_wconf 88' lang='lat' dir='ltr'><strong>ﬁeri</strong></span> <span class='ocrx_word' id='word_1_157' title='bbox 935 1123 1074 1155; x_wconf 86' lang='lat' dir='ltr'><strong>sensibus.</strong></span> 
     </span>
    </p>
   </div>
   <div class='ocr_carea' id='block_1_26' title="bbox 282 1168 1076 1205">
    <p class='ocr_par' dir='ltr' id='par_1_26' title="bbox 282 1168 1076 1205">
     <span class='ocr_line' id='line_1_26' title="bbox 282 1168 1076 1205; baseline -0.001 -8"><span class='ocrx_word' id='word_1_158' title='bbox 282 1169 332 1197; x_wconf 84' lang='lat' dir='ltr'><strong>sed</strong></span> <span class='ocrx_word' id='word_1_159' title='bbox 350 1169 455 1196; x_wconf 87' lang='lat' dir='ltr'><strong>malitia</strong></span> <span class='ocrx_word' id='word_1_160' title='bbox 481 1168 589 1204; x_wconf 80' lang='lat' dir='ltr'><strong>parvuli</strong></span> <span class='ocrx_word' id='word_1_161' title='bbox 613 1172 723 1197; x_wconf 87' lang='lat' dir='ltr'><strong>estote:</strong></span> <span class='ocrx_word' id='word_1_162' title='bbox 746 1169 874 1199; x_wconf 81' lang='lat' dir='ltr'><strong>sensibus</strong></span> <span class='ocrx_word' id='word_1_163' title='bbox 901 1173 992 1198; x_wconf 87' lang='lat' dir='ltr'><strong>autem</strong></span> <span class='ocrx_word' id='word_1_164' title='bbox 1011 1177 1076 1205; x_wconf 85' lang='lat' dir='ltr'><strong>per-</strong></span> 
     </span>
    </p>
   </div>
   <div class='ocr_carea' id='block_1_27' title="bbox 277 1214 494 1242">
    <p class='ocr_par' dir='ltr' id='par_1_27' title="bbox 277 1214 494 1242">
     <span class='ocr_line' id='line_1_27' title="bbox 277 1214 494 1242; baseline -0.009 0"><span class='ocrx_word' id='word_1_165' title='bbox 277 1214 347 1242; x_wconf 43' lang='lat' dir='ltr'><strong>‘fecti</strong></span> <span class='ocrx_word' id='word_1_166' title='bbox 367 1217 466 1242; x_wconf 86' lang='lat' dir='ltr'><strong>estote.</strong></span> <span class='ocrx_word' id='word_1_167' title='bbox 485 1223 494 1240; x_wconf 73' lang='grc' dir='ltr'><strong>ι</strong></span> 
     </span>
    </p>
   </div>
   <div class='ocr_carea' id='block_1_28' title="bbox 318 1259 1074 1296">
    <p class='ocr_par' dir='ltr' id='par_1_28' title="bbox 318 1259 1074 1296">
     <span class='ocr_line' id='line_1_28' title="bbox 318 1259 1074 1296; baseline 0.001 -9"><span class='ocrx_word' id='word_1_168' title='bbox 318 1259 400 1288; x_wconf 89' lang='lat' dir='ltr'><strong>Pueri</strong></span> <span class='ocrx_word' id='word_1_169' title='bbox 412 1260 513 1296; x_wconf 87' lang='lat' dir='ltr'><strong>quippe</strong></span> <span class='ocrx_word' id='word_1_170' title='bbox 527 1259 616 1287; x_wconf 85' lang='lat' dir='ltr'><strong>solent</strong></span> <span class='ocrx_word' id='word_1_171' title='bbox 628 1260 721 1295; x_wconf 89' lang='lat' dir='ltr'><strong>parvis</strong></span> <span class='ocrx_word' id='word_1_172' title='bbox 734 1260 844 1295; x_wconf 84' lang='lat' dir='ltr'><strong>quidem</strong></span> <span class='ocrx_word' id='word_1_173' title='bbox 859 1260 941 1288; x_wconf 83' lang='lat' dir='ltr'><strong>rebus</strong></span> <span class='ocrx_word' id='word_1_174' title='bbox 950 1260 1074 1293; x_wconf 79' lang='lat' dir='ltr'><strong>inhiare;</strong></span> 
     </span>
    </p>
   </div>
   <div class='ocr_carea' id='block_1_29' title="bbox 282 1305 1077 1342">
    <p class='ocr_par' dir='ltr' id='par_1_29' title="bbox 282 1305 1077 1342">
     <span class='ocr_line' id='line_1_29' title="bbox 282 1305 1077 1342; baseline 0.001 -9"><span class='ocrx_word' id='word_1_175' title='bbox 282 1313 378 1334; x_wconf 88' lang='lat' dir='ltr'><strong>eorum</strong></span> <span class='ocrx_word' id='word_1_176' title='bbox 391 1313 455 1333; x_wconf 89' lang='lat' dir='ltr'><strong>vero</strong></span> <span class='ocrx_word' id='word_1_177' title='bbox 469 1313 529 1341; x_wconf 62' lang='lat' dir='ltr'><strong>quae</strong></span> <span class='ocrx_word' id='word_1_178' title='bbox 545 1305 662 1333; x_wconf 82' lang='lat' dir='ltr'><strong>maxima</strong></span> <span class='ocrx_word' id='word_1_179' title='bbox 676 1311 751 1338; x_wconf 89' lang='lat' dir='ltr'><strong>sunt,</strong></span> <span class='ocrx_word' id='word_1_180' title='bbox 767 1306 950 1334; x_wconf 86' lang='lat' dir='ltr'><strong>admiratione</strong></span> <span class='ocrx_word' id='word_1_181' title='bbox 965 1306 1077 1342; x_wconf 83' lang='lat' dir='ltr'><strong>perinde</strong></span> 
     </span>
    </p>
   </div>
   <div class='ocr_carea' id='block_1_30' title="bbox 283 1351 1076 1388">
    <p class='ocr_par' dir='ltr' id='par_1_30' title="bbox 283 1351 1076 1388">
     <span class='ocr_line' id='line_1_30' title="bbox 283 1351 1076 1388; baseline -0.001 -8"><span class='ocrx_word' id='word_1_182' title='bbox 283 1351 408 1388; x_wconf 84' lang='lat' dir='ltr'><strong>percelli.</strong></span> <span class='ocrx_word' id='word_1_183' title='bbox 434 1351 506 1384; x_wconf 83' lang='lat' dir='ltr'><strong>Quia</strong></span> <span class='ocrx_word' id='word_1_184' title='bbox 531 1351 617 1387; x_wconf 80' lang='lat' dir='ltr'><strong>igitur</strong></span> <span class='ocrx_word' id='word_1_185' title='bbox 643 1352 707 1384; x_wconf 89' lang='lat' dir='ltr'><strong>illi,</strong></span> <span class='ocrx_word' id='word_1_186' title='bbox 723 1359 786 1379; x_wconf 90' lang='lat' dir='ltr'><strong>cum</strong></span> <span class='ocrx_word' id='word_1_187' title='bbox 815 1352 888 1379; x_wconf 91' lang='lat' dir='ltr'><strong>dono</strong></span> <span class='ocrx_word' id='word_1_188' title='bbox 919 1352 1076 1387; x_wconf 79' lang='lat' dir='ltr'><strong>linguarum</strong></span> 
     </span>
    </p>
   </div>
   <div class='ocr_carea' id='block_1_31' title="bbox 283 1395 1076 1433">
    <p class='ocr_par' dir='ltr' id='par_1_31' title="bbox 283 1395 1076 1433">
     <span class='ocr_line' id='line_1_31' title="bbox 283 1395 1076 1433; baseline 0 -9"><span class='ocrx_word' id='word_1_189' title='bbox 283 1397 439 1433; x_wconf 84' lang='lat' dir='ltr'><strong>pollerent,</strong></span> <span class='ocrx_word' id='word_1_190' title='bbox 458 1399 545 1424; x_wconf 88' lang='lat' dir='ltr'><strong>totum</strong></span> <span class='ocrx_word' id='word_1_191' title='bbox 566 1395 618 1423; x_wconf 86' lang='lat' dir='ltr'><strong>sibi</strong></span> <span class='ocrx_word' id='word_1_192' title='bbox 644 1395 810 1424; x_wconf 78' lang='lat' dir='ltr'><strong>videbantur</strong></span> <span class='ocrx_word' id='word_1_193' title='bbox 834 1395 935 1424; x_wconf 85' lang='lat' dir='ltr'><strong>habere</strong></span> <span class='ocrx_word' id='word_1_194' title='bbox 950 1416 957 1429; x_wconf 96' lang='lat'><strong>,</strong></span> <span class='ocrx_word' id='word_1_195' title='bbox 973 1398 1025 1424; x_wconf 83' lang='lat' dir='ltr'><strong>etsi</strong></span> <span class='ocrx_word' id='word_1_196' title='bbox 1050 1397 1076 1424; x_wconf 90' lang='lat' dir='ltr'><strong>id</strong></span> 
     </span>
    </p>
   </div>
   <div class='ocr_carea' id='block_1_32' title="bbox 285 1441 1077 1478">
    <p class='ocr_par' dir='ltr' id='par_1_32' title="bbox 285 1441 1077 1478">
     <span class='ocr_line' id='line_1_32' title="bbox 285 1441 1077 1478; baseline -0.001 -8"><span class='ocrx_word' id='word_1_197' title='bbox 285 1447 417 1470; x_wconf 66' lang='lat' dir='ltr'><strong>sicterum</strong></span> <span class='ocrx_word' id='word_1_198' title='bbox 434 1442 581 1470; x_wconf 88' lang='lat' dir='ltr'><strong>minimum</strong></span> <span class='ocrx_word' id='word_1_199' title='bbox 598 1445 676 1475; x_wconf 85' lang='lat' dir='ltr'><strong>erat;</strong></span> <span class='ocrx_word' id='word_1_200' title='bbox 692 1442 796 1470; x_wconf 88' lang='lat' dir='ltr'><strong>idcirco</strong></span> <span class='ocrx_word' id='word_1_201' title='bbox 815 1442 855 1469; x_wconf 87' lang='lat' dir='ltr'><strong>ait</strong></span> <span class='ocrx_word' id='word_1_202' title='bbox 876 1452 882 1470; x_wconf 90' lang='lat'><strong>:</strong></span> <span class='ocrx_word' id='word_1_203' title='bbox 898 1441 992 1469; x_wconf 82' lang='lat' dir='ltr'><strong>Nolite</strong></span> <span class='ocrx_word' id='word_1_204' title='bbox 1013 1451 1077 1478; x_wconf 88' lang='lat' dir='ltr'><strong>par-</strong></span> 
     </span>
    </p>
   </div>
   <div class='ocr_carea' id='block_1_33' title="bbox 284 1488 1076 1524">
    <p class='ocr_par' dir='ltr' id='par_1_33' title="bbox 284 1488 1076 1524">
     <span class='ocr_line' id='line_1_33' title="bbox 284 1488 1076 1524; baseline 0 -8"><span class='ocrx_word' id='word_1_205' title='bbox 284 1489 341 1516; x_wconf 64' lang='lat' dir='ltr'><strong>vuli</strong></span> <span class='ocrx_word' id='word_1_206' title='bbox 369 1489 429 1524; x_wconf 73' lang='lat' dir='ltr'><strong>ﬁeri</strong></span> <span class='ocrx_word' id='word_1_207' title='bbox 446 1489 588 1521; x_wconf 74' lang='lat' dir='ltr'><strong>sensibus;</strong></span> <span class='ocrx_word' id='word_1_208' title='bbox 607 1488 659 1515; x_wconf 89' lang='lat' dir='ltr'><strong>boc</strong></span> <span class='ocrx_word' id='word_1_209' title='bbox 677 1493 718 1516; x_wconf 90' lang='lat' dir='ltr'><strong>est</strong></span> <span class='ocrx_word' id='word_1_210' title='bbox 731 1507 738 1520; x_wconf 89' lang='lat'><strong>,</strong></span> <span class='ocrx_word' id='word_1_211' title='bbox 756 1496 790 1515; x_wconf 93' lang='lat' dir='ltr'><strong>ne</strong></span> <span class='ocrx_word' id='word_1_212' title='bbox 815 1488 978 1523; x_wconf 83' lang='lat' dir='ltr'><strong>insipientes</strong></span> <span class='ocrx_word' id='word_1_213' title='bbox 1002 1489 1076 1521; x_wconf 81' lang='lat' dir='ltr'><strong>sitis,</strong></span> 
     </span>
    </p>
   </div>
   <div class='ocr_carea' id='block_1_34' title="bbox 1126 251 1353 286">
    <p class='ocr_par' dir='ltr' id='par_1_34' title="bbox 1126 251 1353 286">
     <span class='ocr_line' id='line_1_34' title="bbox 1126 251 1353 286; baseline 0.004 -9"><span class='ocrx_word' id='word_1_214' title='bbox 1126 251 1318 286; x_wconf 72' lang='grc' dir='ltr'>οἰκοδομεῖται.</span> <span class='ocrx_word' id='word_1_215' title='bbox 1343 260 1353 277; x_wconf 71' lang='grc' dir='ltr'><strong>ι</strong></span> 
     </span>
    </p>
   </div>
   <div class='ocr_carea' id='block_1_35' title="bbox 1163 296 1919 332">
    <p class='ocr_par' dir='ltr' id='par_1_35' title="bbox 1163 296 1919 332">
     <span class='ocr_line' id='line_1_35' title="bbox 1163 296 1919 332; baseline 0 -8"><span class='ocrx_word' id='word_1_216' title='bbox 1163 298 1221 324; x_wconf 79' lang='grc' dir='ltr'>Ἵνα</span> <span class='ocrx_word' id='word_1_217' title='bbox 1250 297 1288 332; x_wconf 86' lang='grc' dir='ltr'><strong>μὴ</strong></span> <span class='ocrx_word' id='word_1_218' title='bbox 1312 296 1377 332; x_wconf 77' lang='grc' dir='ltr'><strong>δόξῃ</strong></span> <span class='ocrx_word' id='word_1_219' title='bbox 1405 296 1510 331; x_wconf 66' lang='grc' dir='ltr'>σφόδρα</span> <span class='ocrx_word' id='word_1_220' title='bbox 1531 296 1712 329; x_wconf 78' lang='grc' dir='ltr'>ὲξευτελίζειν</span> <span class='ocrx_word' id='word_1_221' title='bbox 1735 297 1765 322; x_wconf 80' lang='grc' dir='ltr'><strong>τὺ</strong></span> <span class='ocrx_word' id='word_1_222' title='bbox 1785 296 1919 332; x_wconf 83' lang='grc' dir='ltr'>χάρισμα,</span> 
     </span>
    </p>
   </div>
   <div class='ocr_carea' id='block_1_36' title="bbox 1125 342 1916 378">
    <p class='ocr_par' dir='ltr' id='par_1_36' title="bbox 1125 342 1916 378">
     <span class='ocr_line' id='line_1_36' title="bbox 1125 342 1916 378; baseline 0 -8"><span class='ocrx_word' id='word_1_223' title='bbox 1125 343 1204 370; x_wconf 80' lang='grc' dir='ltr'>τοῦτό</span> <span class='ocrx_word' id='word_1_224' title='bbox 1218 350 1300 378; x_wconf 80' lang='grc' dir='ltr'>φησι·</span> <span class='ocrx_word' id='word_1_225' title='bbox 1320 342 1399 370; x_wconf 81' lang='grc' dir='ltr'>τοῦτο</span> <span class='ocrx_word' id='word_1_226' title='bbox 1413 342 1441 369; x_wconf 69' lang='grc' dir='ltr'><strong>δὲ</strong></span> <span class='ocrx_word' id='word_1_227' title='bbox 1455 343 1502 369; x_wconf 74' lang='grc' dir='ltr'>καὶ</span> <span class='ocrx_word' id='word_1_228' title='bbox 1517 342 1646 378; x_wconf 79' lang='grc' dir='ltr'><strong>ἀνωτέρω</strong></span> <span class='ocrx_word' id='word_1_229' title='bbox 1661 343 1787 378; x_wconf 70' lang='grc' dir='ltr'>ἐποίησεν</span> <span class='ocrx_word' id='word_1_230' title='bbox 1800 344 1844 370; x_wconf 80' lang='grc' dir='ltr'><strong>ὅτε</strong></span> <span class='ocrx_word' id='word_1_231' title='bbox 1857 343 1916 370; x_wconf 77' lang='grc' dir='ltr'>ελε-</span> 
     </span>
    </p>
   </div>
   <div class='ocr_carea' id='block_1_37' title="bbox 1125 388 1921 424">
    <p class='ocr_par' dir='ltr' id='par_1_37' title="bbox 1125 388 1921 424">
     <span class='ocr_line' id='line_1_37' title="bbox 1125 388 1921 424; baseline 0 -7"><span class='ocrx_word' id='word_1_232' title='bbox 1125 399 1185 424; x_wconf 82' lang='grc' dir='ltr'>γεν,</span> <span class='ocrx_word' id='word_1_233' title='bbox 1206 390 1238 416; x_wconf 89' lang='grc'><strong>’0</strong></span> <span class='ocrx_word' id='word_1_234' title='bbox 1249 389 1354 416; x_wconf 77' lang='grc' dir='ltr'>λαλῶν</span> <span class='ocrx_word' id='word_1_235' title='bbox 1364 388 1544 424; x_wconf 74' lang='grc' dir='ltr'>μυστήριον,</span> <span class='ocrx_word' id='word_1_236' title='bbox 1559 389 1608 416; x_wconf 77' lang='grc' dir='ltr'>καὶ</span> <span class='ocrx_word' id='word_1_237' title='bbox 1637 388 1678 422; x_wconf 79' lang='grc' dir='ltr'><strong><em>τῷ</em></strong></span> <span class='ocrx_word' id='word_1_238' title='bbox 1690 388 1751 422; x_wconf 85' lang='grc' dir='ltr'><strong>Θεῷ</strong></span> <span class='ocrx_word' id='word_1_239' title='bbox 1761 389 1858 423; x_wconf 67' lang='grc' dir='ltr'>λαλεῖ,</span> <span class='ocrx_word' id='word_1_240' title='bbox 1872 390 1921 417; x_wconf 73' lang='grc' dir='ltr'>καὶ</span> 
     </span>
    </p>
   </div>
   <div class='ocr_carea' id='block_1_38' title="bbox 1125 433 1920 472">
    <p class='ocr_par' dir='ltr' id='par_1_38' title="bbox 1125 433 1920 472">
     <span class='ocr_line' id='line_1_38' title="bbox 1125 433 1920 472; baseline -0.003 -8"><span class='ocrx_word' id='word_1_241' title='bbox 1125 436 1235 464; x_wconf 74' lang='grc' dir='ltr'><strong>ἑαυτὸν</strong></span> <span class='ocrx_word' id='word_1_242' title='bbox 1248 435 1407 470; x_wconf 79' lang='grc' dir='ltr'>οἰκοδομεῖ.</span> <span class='ocrx_word' id='word_1_243' title='bbox 1419 436 1456 462; x_wconf 79' lang='grc' dir='ltr'><strong>Σὺ</strong></span> <span class='ocrx_word' id='word_1_244' title='bbox 1468 433 1526 468; x_wconf 79' lang='grc' dir='ltr'>οὖν,</span> <span class='ocrx_word' id='word_1_245' title='bbox 1536 435 1614 470; x_wconf 65' lang='grc' dir='ltr'>φησὶ,</span> <span class='ocrx_word' id='word_1_246' title='bbox 1625 435 1713 467; x_wconf 74' lang='grc' dir='ltr'>καλῶς</span> <span class='ocrx_word' id='word_1_247' title='bbox 1731 436 1920 472; x_wconf 72' lang='grc' dir='ltr'><strong>εὐχαριστεῖς·</strong></span> 
     </span>
    </p>
   </div>
   <div class='ocr_carea' id='block_1_39' title="bbox 1126 481 1922 518">
    <p class='ocr_par' dir='ltr' id='par_1_39' title="bbox 1126 481 1922 518">
     <span class='ocr_line' id='line_1_39' title="bbox 1126 481 1922 518; baseline 0.001 -10"><span class='ocrx_word' id='word_1_248' title='bbox 1126 481 1266 517; x_wconf 81' lang='grc' dir='ltr'>Πνεύματι</span> <span class='ocrx_word' id='word_1_249' title='bbox 1291 481 1346 517; x_wconf 81' lang='grc' dir='ltr'>γὰρ</span> <span class='ocrx_word' id='word_1_250' title='bbox 1363 481 1523 516; x_wconf 77' lang='grc' dir='ltr'>κινούμενος</span> <span class='ocrx_word' id='word_1_251' title='bbox 1547 481 1654 518; x_wconf 78' lang='grc' dir='ltr'><strong>φθέγγῃ</strong></span> <span class='ocrx_word' id='word_1_252' title='bbox 1664 490 1670 497; x_wconf 94' lang='grc'><strong>·</strong></span> <span class='ocrx_word' id='word_1_253' title='bbox 1684 481 1743 508; x_wconf 83' lang='grc' dir='ltr'>ἀλλ’</span> <span class='ocrx_word' id='word_1_254' title='bbox 1758 483 1863 514; x_wconf 77' lang='grc' dir='ltr'>ἐκεῖνος</span> <span class='ocrx_word' id='word_1_255' title='bbox 1876 483 1922 509; x_wconf 63' lang='lat' dir='ltr'><strong>oio</strong></span> 
     </span>
    </p>
   </div>
   <div class='ocr_carea' id='block_1_40' title="bbox 1125 527 1919 565">
    <p class='ocr_par' dir='ltr' id='par_1_40' title="bbox 1125 527 1919 565">
     <span class='ocr_line' id='line_1_40' title="bbox 1125 527 1919 565; baseline 0.003 -11"><span class='ocrx_word' id='word_1_256' title='bbox 1125 528 1170 554; x_wconf 78' lang='grc' dir='ltr'><strong>δὲν</strong></span> <span class='ocrx_word' id='word_1_257' title='bbox 1186 527 1310 560; x_wconf 81' lang='grc' dir='ltr'>ἁκούων,</span> <span class='ocrx_word' id='word_1_258' title='bbox 1325 527 1387 554; x_wconf 77' lang='grc' dir='ltr'><strong>οὐδὲ</strong></span> <span class='ocrx_word' id='word_1_259' title='bbox 1411 527 1489 559; x_wconf 81' lang='grc' dir='ltr'>εἰδὼς</span> <span class='ocrx_word' id='word_1_260' title='bbox 1512 527 1548 554; x_wconf 86' lang='grc' dir='ltr'><strong>τὰ</strong></span> <span class='ocrx_word' id='word_1_261' title='bbox 1571 528 1705 563; x_wconf 71' lang='grc' dir='ltr'>λεγόμενα</span> <span class='ocrx_word' id='word_1_262' title='bbox 1715 549 1722 561; x_wconf 86' lang='grc'><strong>,</strong></span> <span class='ocrx_word' id='word_1_263' title='bbox 1737 528 1857 565; x_wconf 70' lang='grc' dir='ltr'>ἔστηκεν</span> <span class='ocrx_word' id='word_1_264' title='bbox 1869 549 1877 563; x_wconf 82' lang='lat'><strong>,</strong></span> <span class='ocrx_word' id='word_1_265' title='bbox 1890 529 1919 556; x_wconf 75' lang='grc' dir='ltr'>οὐ</span> 
     </span>
    </p>
   </div>
   <div class='ocr_carea' id='block_1_41' title="bbox 1126 572 1610 608">
    <p class='ocr_par' dir='ltr' id='par_1_41' title="bbox 1126 572 1610 608">
     <span class='ocr_line' id='line_1_41' title="bbox 1126 572 1610 608; baseline 0.002 -9"><span class='ocrx_word' id='word_1_266' title='bbox 1126 573 1227 608; x_wconf 81' lang='grc' dir='ltr'>πολλὴν</span> <span class='ocrx_word' id='word_1_267' title='bbox 1243 573 1387 608; x_wconf 79' lang='grc' dir='ltr'>δεχόμενος</span> <span class='ocrx_word' id='word_1_268' title='bbox 1401 573 1451 608; x_wconf 88' lang='grc' dir='ltr'><strong>τὴν</strong></span> <span class='ocrx_word' id='word_1_269' title='bbox 1463 572 1610 607; x_wconf 85' lang='grc' dir='ltr'>ὠφέλειαν.</span> 
     </span>
    </p>
   </div>
   <div class='ocr_carea' id='block_1_42' title="bbox 1164 618 1920 655">
    <p class='ocr_par' dir='ltr' id='par_1_42' title="bbox 1164 618 1920 655">
     <span class='ocr_line' id='line_1_42' title="bbox 1164 618 1920 655; baseline 0 -9"><span class='ocrx_word' id='word_1_270' title='bbox 1164 628 1174 645; x_wconf 85' lang='grc'><em>‹</em></span> <span class='ocrx_word' id='word_1_271' title='bbox 1192 619 1355 655; x_wconf 81' lang='grc' dir='ltr'>Εὑχαριστῶ</span> <span class='ocrx_word' id='word_1_272' title='bbox 1372 618 1411 654; x_wconf 83' lang='grc' dir='ltr'><strong>τῷ</strong></span> <span class='ocrx_word' id='word_1_273' title='bbox 1438 618 1498 653; x_wconf 84' lang='grc' dir='ltr'>Θεῷ</span> <span class='ocrx_word' id='word_1_274' title='bbox 1517 627 1579 654; x_wconf 84' lang='grc' dir='ltr'>μου,</span> <span class='ocrx_word' id='word_1_275' title='bbox 1597 618 1709 646; x_wconf 83' lang='grc' dir='ltr'>πάντων</span> <span class='ocrx_word' id='word_1_276' title='bbox 1726 619 1804 655; x_wconf 78' lang='grc' dir='ltr'>ὑμῶν</span> <span class='ocrx_word' id='word_1_277' title='bbox 1821 619 1920 655; x_wconf 80' lang='grc' dir='ltr'>μᾶλλον</span> 
     </span>
    </p>
   </div>
   <div class='ocr_carea' id='block_1_43' title="bbox 1125 665 1674 703">
    <p class='ocr_par' dir='ltr' id='par_1_43' title="bbox 1125 665 1674 703">
     <span class='ocr_line' id='line_1_43' title="bbox 1125 665 1674 703; baseline -0.005 -10"><span class='ocrx_word' id='word_1_278' title='bbox 1125 665 1237 703; x_wconf 80' lang='grc' dir='ltr'>γλώσσῃ</span> <span class='ocrx_word' id='word_1_279' title='bbox 1254 666 1344 693; x_wconf 88' lang='grc' dir='ltr'>λαλῶν</span> <span class='ocrx_word' id='word_1_280' title='bbox 1356 673 1363 681; x_wconf 71' lang='grc' dir='ltr'><strong><em>ο</em></strong></span> <span class='ocrx_word' id='word_1_281' title='bbox 1379 665 1437 692; x_wconf 79' lang='grc' dir='ltr'>ἀλλ’</span> <span class='ocrx_word' id='word_1_282' title='bbox 1452 665 1481 691; x_wconf 82' lang='grc' dir='ltr'>ὲν</span> <span class='ocrx_word' id='word_1_283' title='bbox 1501 665 1650 701; x_wconf 73' lang='grc' dir='ltr'>Ἐκκλησία</span> <span class='ocrx_word' id='word_1_284' title='bbox 1666 674 1674 690; x_wconf 73' lang='grc' dir='ltr'><strong>ι</strong></span> 
     </span>
    </p>
   </div>
   <div class='ocr_carea' id='block_1_44' title="bbox 1163 710 1922 748">
    <p class='ocr_par' dir='ltr' id='par_1_44' title="bbox 1163 710 1922 748">
     <span class='ocr_line' id='line_1_44' title="bbox 1163 710 1922 748; baseline 0 -10"><span class='ocrx_word' id='word_1_285' title='bbox 1163 712 1222 739; x_wconf 85' lang='grc' dir='ltr'>Ἰνο.</span> <span class='ocrx_word' id='word_1_286' title='bbox 1240 711 1278 748; x_wconf 82' lang='grc' dir='ltr'><strong>μὴ</strong></span> <span class='ocrx_word' id='word_1_287' title='bbox 1296 711 1360 748; x_wconf 77' lang='grc' dir='ltr'><strong>δόξῃ</strong></span> <span class='ocrx_word' id='word_1_288' title='bbox 1389 710 1571 747; x_wconf 77' lang='grc' dir='ltr'><strong>κατατρέχειν</strong></span> <span class='ocrx_word' id='word_1_289' title='bbox 1601 711 1639 743; x_wconf 82' lang='grc' dir='ltr'><strong>ὡς</strong></span> <span class='ocrx_word' id='word_1_290' title='bbox 1659 711 1846 747; x_wconf 66' lang='grc' dir='ltr'><strong>ἐστερημένος</strong></span> <span class='ocrx_word' id='word_1_291' title='bbox 1873 710 1922 738; x_wconf 73' lang='grc' dir='ltr'><strong>τοῦ</strong></span> 
     </span>
    </p>
   </div>
   <div class='ocr_carea' id='block_1_45' title="bbox 1126 756 1492 793">
    <p class='ocr_par' dir='ltr' id='par_1_45' title="bbox 1126 756 1492 793">
     <span class='ocr_line' id='line_1_45' title="bbox 1126 756 1492 793; baseline -0.003 -9"><span class='ocrx_word' id='word_1_292' title='bbox 1126 757 1306 793; x_wconf 74' lang='grc' dir='ltr'><strong>χαρίσματος,</strong></span> <span class='ocrx_word' id='word_1_293' title='bbox 1318 756 1398 784; x_wconf 77' lang='grc' dir='ltr'>τοῦτό</span> <span class='ocrx_word' id='word_1_294' title='bbox 1412 765 1492 792; x_wconf 84' lang='grc' dir='ltr'>φησι.</span> 
     </span>
    </p>
   </div>
   <div class='ocr_carea' id='block_1_46' title="bbox 1165 802 1922 839">
    <p class='ocr_par' dir='ltr' id='par_1_46' title="bbox 1165 802 1922 839">
     <span class='ocr_line' id='line_1_46' title="bbox 1165 802 1922 839; baseline -0.001 -9"><span class='ocrx_word' id='word_1_295' title='bbox 1165 814 1174 830; x_wconf 80' lang='grc' dir='ltr'><strong>ι</strong></span> <span class='ocrx_word' id='word_1_296' title='bbox 1195 804 1271 831; x_wconf 83' lang='grc' dir='ltr'><strong>Θέλω</strong></span> <span class='ocrx_word' id='word_1_297' title='bbox 1285 804 1367 830; x_wconf 80' lang='grc' dir='ltr'>πέντε</span> <span class='ocrx_word' id='word_1_298' title='bbox 1380 803 1478 838; x_wconf 82' lang='grc' dir='ltr'>λόγους</span> <span class='ocrx_word' id='word_1_299' title='bbox 1492 802 1531 839; x_wconf 81' lang='grc' dir='ltr'><strong>τῷ</strong></span> <span class='ocrx_word' id='word_1_300' title='bbox 1545 803 1586 830; x_wconf 75' lang='grc' dir='ltr'>νοτ</span> <span class='ocrx_word' id='word_1_301' title='bbox 1607 812 1658 838; x_wconf 75' lang='grc' dir='ltr'>μου</span> <span class='ocrx_word' id='word_1_302' title='bbox 1673 803 1803 838; x_wconf 81' lang='grc' dir='ltr'>λαλῆσαι,</span> <span class='ocrx_word' id='word_1_303' title='bbox 1820 803 1865 831; x_wconf 73' lang='grc' dir='ltr'>ινα</span> <span class='ocrx_word' id='word_1_304' title='bbox 1876 803 1922 830; x_wconf 70' lang='grc' dir='ltr'>καὶ</span> 
     </span>
    </p>
   </div>
   <div class='ocr_carea' id='block_1_47' title="bbox 1126 850 1424 886">
    <p class='ocr_par' dir='ltr' id='par_1_47' title="bbox 1126 850 1424 886">
     <span class='ocr_line' id='line_1_47' title="bbox 1126 850 1424 886; baseline -0.01 -8"><span class='ocrx_word' id='word_1_305' title='bbox 1126 850 1223 883; x_wconf 77' lang='grc' dir='ltr'>ἄλλους</span> <span class='ocrx_word' id='word_1_306' title='bbox 1241 851 1399 886; x_wconf 81' lang='grc' dir='ltr'>κατηχήσω.</span> <span class='ocrx_word' id='word_1_307' title='bbox 1414 859 1424 875; x_wconf 75' lang='grc' dir='ltr'><strong>ι</strong></span> 
     </span>
    </p>
   </div>
   <div class='ocr_carea' id='block_1_48' title="bbox 1164 895 1922 932">
    <p class='ocr_par' dir='ltr' id='par_1_48' title="bbox 1164 895 1922 932">
     <span class='ocr_line' id='line_1_48' title="bbox 1164 895 1922 932; baseline -0.005 -8"><span class='ocrx_word' id='word_1_308' title='bbox 1164 897 1306 929; x_wconf 84' lang='grc' dir='ltr'>Τουτέστι,</span> <span class='ocrx_word' id='word_1_309' title='bbox 1319 896 1389 924; x_wconf 84' lang='grc' dir='ltr'>νοῶν</span> <span class='ocrx_word' id='word_1_310' title='bbox 1403 896 1421 924; x_wconf 79' lang='grc' dir='ltr'><strong>ἃ.</strong></span> <span class='ocrx_word' id='word_1_311' title='bbox 1433 896 1516 932; x_wconf 72' lang='grc' dir='ltr'>λέγω.</span> <span class='ocrx_word' id='word_1_312' title='bbox 1535 896 1582 923; x_wconf 83' lang='grc' dir='ltr'>καὶ</span> <span class='ocrx_word' id='word_1_313' title='bbox 1596 895 1744 930; x_wconf 76' lang='grc' dir='ltr'>δυνάμενος</span> <span class='ocrx_word' id='word_1_314' title='bbox 1755 895 1804 922; x_wconf 74' lang='grc' dir='ltr'>καὶ</span> <span class='ocrx_word' id='word_1_315' title='bbox 1816 895 1922 930; x_wconf 79' lang='grc' dir='ltr'>ἑτέροις</span> 
     </span>
    </p>
   </div>
   <div class='ocr_carea' id='block_1_49' title="bbox 1129 943 1308 980">
    <p class='ocr_par' dir='ltr' id='par_1_49' title="bbox 1129 943 1308 980">
     <span class='ocr_line' id='line_1_49' title="bbox 1129 943 1308 980; baseline 0.011 -10"><span class='ocrx_word' id='word_1_316' title='bbox 1129 943 1308 980; x_wconf 74' lang='grc' dir='ltr'>ἑρμηνεῦσαι.</span> 
     </span>
    </p>
   </div>
   <div class='ocr_carea' id='block_1_50' title="bbox 1167 989 1691 1027">
    <p class='ocr_par' dir='ltr' id='par_1_50' title="bbox 1167 989 1691 1027">
     <span class='ocr_line' id='line_1_50' title="bbox 1167 989 1691 1027; baseline -0.006 -10"><span class='ocrx_word' id='word_1_317' title='bbox 1167 999 1176 1017; x_wconf 79' lang='grc' dir='ltr'><strong>ι</strong></span> <span class='ocrx_word' id='word_1_318' title='bbox 1196 991 1230 1018; x_wconf 80' lang='grc' dir='ltr'><em>Ἥ</em></span> <span class='ocrx_word' id='word_1_319' title='bbox 1248 990 1362 1027; x_wconf 82' lang='grc' dir='ltr'><strong>μυρίους</strong></span> <span class='ocrx_word' id='word_1_320' title='bbox 1382 989 1479 1024; x_wconf 80' lang='grc' dir='ltr'><strong>λόγους</strong></span> <span class='ocrx_word' id='word_1_321' title='bbox 1496 990 1525 1016; x_wconf 70' lang='grc' dir='ltr'>ἐν</span> <span class='ocrx_word' id='word_1_322' title='bbox 1540 989 1662 1024; x_wconf 82' lang='grc' dir='ltr'><strong>γλώσσῃ.</strong></span> <span class='ocrx_word' id='word_1_323' title='bbox 1683 997 1691 1014; x_wconf 79' lang='grc' dir='ltr'><strong>ι</strong></span> 
     </span>
    </p>
   </div>
   <div class='ocr_carea' id='block_1_51' title="bbox 1163 1035 1926 1074">
    <p class='ocr_par' dir='ltr' id='par_1_51' title="bbox 1163 1035 1926 1074">
     <span class='ocr_line' id='line_1_51' title="bbox 1163 1035 1926 1074; baseline -0.005 -10"><span class='ocrx_word' id='word_1_324' title='bbox 1163 1037 1249 1064; x_wconf 83' lang='grc' dir='ltr'>Τοῦτο</span> <span class='ocrx_word' id='word_1_325' title='bbox 1263 1038 1312 1074; x_wconf 81' lang='grc' dir='ltr'><strong>μὲν</strong></span> <span class='ocrx_word' id='word_1_326' title='bbox 1325 1037 1379 1074; x_wconf 75' lang='grc' dir='ltr'><strong>γὰρ</strong></span> <span class='ocrx_word' id='word_1_327' title='bbox 1393 1037 1523 1070; x_wconf 76' lang='grc' dir='ltr'>ἐπίδειξιν</span> <span class='ocrx_word' id='word_1_328' title='bbox 1544 1037 1602 1073; x_wconf 72' lang='grc' dir='ltr'>ἔχει</span> <span class='ocrx_word' id='word_1_329' title='bbox 1617 1037 1703 1072; x_wconf 80' lang='grc' dir='ltr'>μόνην</span> <span class='ocrx_word' id='word_1_330' title='bbox 1713 1056 1721 1068; x_wconf 84' lang='grc'><strong>,</strong></span> <span class='ocrx_word' id='word_1_331' title='bbox 1734 1036 1800 1070; x_wconf 76' lang='grc' dir='ltr'>φησι</span> <span class='ocrx_word' id='word_1_332' title='bbox 1815 1043 1821 1050; x_wconf 73' lang='grc' dir='ltr'><strong>ι</strong></span> <span class='ocrx_word' id='word_1_333' title='bbox 1838 1035 1926 1061; x_wconf 66' lang='grc' dir='ltr'>ἐκεῖνο</span> 
     </span>
    </p>
   </div>
   <div class='ocr_carea' id='block_1_52' title="bbox 1127 1084 1672 1120">
    <p class='ocr_par' dir='ltr' id='par_1_52' title="bbox 1127 1084 1672 1120">
     <span class='ocr_line' id='line_1_52' title="bbox 1127 1084 1672 1120; baseline 0.004 -9"><span class='ocrx_word' id='word_1_334' title='bbox 1127 1085 1156 1112; x_wconf 82' lang='grc' dir='ltr'><strong>δὲ</strong></span> <span class='ocrx_word' id='word_1_335' title='bbox 1170 1084 1270 1120; x_wconf 81' lang='grc' dir='ltr'>πολλὴν</span> <span class='ocrx_word' id='word_1_336' title='bbox 1282 1085 1332 1119; x_wconf 83' lang='grc' dir='ltr'>τὴν</span> <span class='ocrx_word' id='word_1_337' title='bbox 1347 1085 1495 1119; x_wconf 81' lang='grc' dir='ltr'>ὠφέλειαν.</span> <span class='ocrx_word' id='word_1_338' title='bbox 1670 1088 1672 1093; x_wconf 79' lang='lat'><em>&#39;</em></span> 
     </span>
    </p>
   </div>
   <div class='ocr_carea' id='block_1_53' title="bbox 1166 1127 1925 1167">
    <p class='ocr_par' dir='ltr' id='par_1_53' title="bbox 1166 1127 1925 1167">
     <span class='ocr_line' id='line_1_53' title="bbox 1166 1127 1925 1167; baseline -0.005 -9"><span class='ocrx_word' id='word_1_339' title='bbox 1166 1141 1175 1157; x_wconf 81' lang='grc' dir='ltr'><strong>ι</strong></span> <span class='ocrx_word' id='word_1_340' title='bbox 1203 1131 1337 1167; x_wconf 70' lang='grc' dir='ltr'>’Δδελφοὶ,</span> <span class='ocrx_word' id='word_1_341' title='bbox 1353 1131 1391 1167; x_wconf 84' lang='grc' dir='ltr'><strong>μὴ</strong></span> <span class='ocrx_word' id='word_1_342' title='bbox 1411 1131 1508 1158; x_wconf 86' lang='grc' dir='ltr'>παιδία</span> <span class='ocrx_word' id='word_1_343' title='bbox 1527 1131 1638 1166; x_wconf 77' lang='grc' dir='ltr'><strong>γίνεσθε</strong></span> <span class='ocrx_word' id='word_1_344' title='bbox 1660 1131 1721 1162; x_wconf 79' lang='grc' dir='ltr'><strong>ταῖς</strong></span> <span class='ocrx_word' id='word_1_345' title='bbox 1737 1129 1845 1164; x_wconf 63' lang='grc' dir='ltr'>φρεσιν,</span> <span class='ocrx_word' id='word_1_346' title='bbox 1858 1127 1925 1155; x_wconf 74' lang='grc' dir='ltr'>ἀλλὰ</span> 
     </span>
    </p>
   </div>
   <div class='ocr_carea' id='block_1_54' title="bbox 1126 1174 1924 1214">
    <p class='ocr_par' dir='ltr' id='par_1_54' title="bbox 1126 1174 1924 1214">
     <span class='ocr_line' id='line_1_54' title="bbox 1126 1174 1924 1214; baseline -0.006 -9"><span class='ocrx_word' id='word_1_347' title='bbox 1126 1180 1160 1214; x_wconf 77' lang='grc' dir='ltr'><strong>τῇ</strong></span> <span class='ocrx_word' id='word_1_348' title='bbox 1178 1178 1264 1214; x_wconf 81' lang='grc' dir='ltr'>κακίᾳ</span> <span class='ocrx_word' id='word_1_349' title='bbox 1291 1177 1452 1214; x_wconf 77' lang='grc' dir='ltr'>νηπιάζετε,</span> <span class='ocrx_word' id='word_1_350' title='bbox 1467 1179 1528 1210; x_wconf 84' lang='grc' dir='ltr'><strong>ταῖς</strong></span> <span class='ocrx_word' id='word_1_351' title='bbox 1551 1177 1580 1205; x_wconf 68' lang='grc' dir='ltr'><strong>δὶ</strong></span> <span class='ocrx_word' id='word_1_352' title='bbox 1606 1177 1704 1213; x_wconf 77' lang='grc' dir='ltr'>φρεσὶν</span> <span class='ocrx_word' id='word_1_353' title='bbox 1727 1176 1825 1203; x_wconf 79' lang='grc' dir='ltr'>τέλειοι</span> <span class='ocrx_word' id='word_1_354' title='bbox 1850 1174 1924 1208; x_wconf 82' lang='grc' dir='ltr'>γίνε-</span> 
     </span>
    </p>
   </div>
   <div class='ocr_carea' id='block_1_55' title="bbox 1129 1224 1216 1250">
    <p class='ocr_par' dir='ltr' id='par_1_55' title="bbox 1129 1224 1216 1250">
     <span class='ocr_line' id='line_1_55' title="bbox 1129 1224 1216 1250; baseline -0.011 0"><span class='ocrx_word' id='word_1_355' title='bbox 1129 1224 1187 1250; x_wconf 86' lang='grc' dir='ltr'>σθε.</span> <span class='ocrx_word' id='word_1_356' title='bbox 1207 1233 1216 1249; x_wconf 80' lang='grc'><strong>›</strong></span> 
     </span>
    </p>
   </div>
   <div class='ocr_carea' id='block_1_56' title="bbox 1164 1268 1924 1305">
    <p class='ocr_par' dir='ltr' id='par_1_56' title="bbox 1164 1268 1924 1305">
     <span class='ocr_line' id='line_1_56' title="bbox 1164 1268 1924 1305; baseline -0.004 -9"><span class='ocrx_word' id='word_1_357' title='bbox 1164 1270 1219 1296; x_wconf 75' lang='grc' dir='ltr'><strong>Καὶ</strong></span> <span class='ocrx_word' id='word_1_358' title='bbox 1233 1270 1289 1305; x_wconf 82' lang='grc' dir='ltr'><strong>γὰρ</strong></span> <span class='ocrx_word' id='word_1_359' title='bbox 1307 1269 1342 1296; x_wconf 78' lang='grc' dir='ltr'><strong>τὰ</strong></span> <span class='ocrx_word' id='word_1_360' title='bbox 1356 1269 1452 1296; x_wconf 82' lang='grc' dir='ltr'>παιδία</span> <span class='ocrx_word' id='word_1_361' title='bbox 1473 1269 1543 1305; x_wconf 80' lang='grc' dir='ltr'>πρὸς</span> <span class='ocrx_word' id='word_1_362' title='bbox 1561 1269 1610 1304; x_wconf 75' lang='grc' dir='ltr'><strong>μὲν</strong></span> <span class='ocrx_word' id='word_1_363' title='bbox 1630 1268 1666 1295; x_wconf 80' lang='grc' dir='ltr'><strong>τὰ</strong></span> <span class='ocrx_word' id='word_1_364' title='bbox 1690 1268 1777 1304; x_wconf 79' lang='grc' dir='ltr'>μικρά</span> <span class='ocrx_word' id='word_1_365' title='bbox 1798 1268 1924 1303; x_wconf 79' lang='grc' dir='ltr'><strong>κέχηνεν,</strong></span> 
     </span>
    </p>
   </div>
   <div class='ocr_carea' id='block_1_57' title="bbox 1128 1313 1922 1351">
    <p class='ocr_par' dir='ltr' id='par_1_57' title="bbox 1128 1313 1922 1351">
     <span class='ocr_line' id='line_1_57' title="bbox 1128 1313 1922 1351; baseline -0.004 -8"><span class='ocrx_word' id='word_1_366' title='bbox 1128 1316 1181 1343; x_wconf 77' lang='grc' dir='ltr'>τῶν</span> <span class='ocrx_word' id='word_1_367' title='bbox 1197 1316 1225 1343; x_wconf 82' lang='grc' dir='ltr'><strong>δὲ</strong></span> <span class='ocrx_word' id='word_1_368' title='bbox 1250 1315 1354 1351; x_wconf 69' lang='grc' dir='ltr'>σφόδρα</span> <span class='ocrx_word' id='word_1_369' title='bbox 1373 1315 1500 1351; x_wconf 82' lang='grc' dir='ltr'><strong>μεγάλων</strong></span> <span class='ocrx_word' id='word_1_370' title='bbox 1517 1316 1547 1342; x_wconf 81' lang='grc' dir='ltr'>οὐ</span> <span class='ocrx_word' id='word_1_371' title='bbox 1576 1315 1704 1342; x_wconf 81' lang='grc' dir='ltr'>τοσοῦτον</span> <span class='ocrx_word' id='word_1_372' title='bbox 1732 1314 1789 1350; x_wconf 78' lang='grc' dir='ltr'>ἔχει</span> <span class='ocrx_word' id='word_1_373' title='bbox 1818 1313 1922 1349; x_wconf 81' lang='grc' dir='ltr'>θαῦμα.</span> 
     </span>
    </p>
   </div>
   <div class='ocr_carea' id='block_1_58' title="bbox 1134 1357 1924 1396">
    <p class='ocr_par' dir='ltr' id='par_1_58' title="bbox 1134 1357 1924 1396">
     <span class='ocr_line' id='line_1_58' title="bbox 1134 1357 1924 1396; baseline -0.003 -8"><span class='ocrx_word' id='word_1_374' title='bbox 1134 1361 1212 1389; x_wconf 76' lang='grc' dir='ltr'>Ἐπεὶ</span> <span class='ocrx_word' id='word_1_375' title='bbox 1228 1359 1274 1388; x_wconf 87' lang='grc' dir='ltr'>οὖν</span> <span class='ocrx_word' id='word_1_376' title='bbox 1288 1361 1336 1388; x_wconf 76' lang='grc' dir='ltr'>καὶ</span> <span class='ocrx_word' id='word_1_377' title='bbox 1361 1357 1436 1388; x_wconf 77' lang='grc' dir='ltr'>οὗτοι</span> <span class='ocrx_word' id='word_1_378' title='bbox 1464 1360 1596 1396; x_wconf 79' lang='grc' dir='ltr'><strong>γλωσσῶν</strong></span> <span class='ocrx_word' id='word_1_379' title='bbox 1620 1360 1729 1396; x_wconf 70' lang='grc' dir='ltr'>ἔχοντες</span> <span class='ocrx_word' id='word_1_380' title='bbox 1756 1360 1880 1396; x_wconf 80' lang='grc' dir='ltr'><strong>χάρισμα</strong></span> <span class='ocrx_word' id='word_1_381' title='bbox 1892 1359 1924 1386; x_wconf 81' lang='grc' dir='ltr'><strong>τὸ</strong></span> 
     </span>
    </p>
   </div>
   <div class='ocr_carea' id='block_1_59' title="bbox 1128 1403 1920 1442">
    <p class='ocr_par' dir='ltr' id='par_1_59' title="bbox 1128 1403 1920 1442">
     <span class='ocr_line' id='line_1_59' title="bbox 1128 1403 1920 1442; baseline -0.001 -9"><span class='ocrx_word' id='word_1_382' title='bbox 1128 1408 1182 1434; x_wconf 81' lang='grc' dir='ltr'>πᾶν</span> <span class='ocrx_word' id='word_1_383' title='bbox 1198 1406 1269 1442; x_wconf 73' lang='grc' dir='ltr'>ἔχειν</span> <span class='ocrx_word' id='word_1_384' title='bbox 1281 1406 1417 1442; x_wconf 82' lang='grc' dir='ltr'>ἐνόμιζον,</span> <span class='ocrx_word' id='word_1_385' title='bbox 1431 1406 1500 1442; x_wconf 80' lang='grc' dir='ltr'>ὅπερ</span> <span class='ocrx_word' id='word_1_386' title='bbox 1513 1406 1569 1433; x_wconf 80' lang='grc' dir='ltr'>τῶν</span> <span class='ocrx_word' id='word_1_387' title='bbox 1585 1406 1674 1433; x_wconf 81' lang='grc' dir='ltr'>ἄλλων</span> <span class='ocrx_word' id='word_1_388' title='bbox 1691 1405 1803 1433; x_wconf 74' lang='grc' dir='ltr'>ἔλαττον</span> <span class='ocrx_word' id='word_1_389' title='bbox 1817 1403 1862 1441; x_wconf 82' lang='grc' dir='ltr'>ἦν,</span> <span class='ocrx_word' id='word_1_390' title='bbox 1875 1405 1920 1432; x_wconf 71' lang='grc' dir='ltr'><strong>διὰ</strong></span> 
     </span>
    </p>
   </div>
   <div class='ocr_carea' id='block_1_60' title="bbox 1128 1452 1926 1489">
    <p class='ocr_par' dir='ltr' id='par_1_60' title="bbox 1128 1452 1926 1489">
     <span class='ocr_line' id='line_1_60' title="bbox 1128 1452 1926 1489; baseline 0 -9"><span class='ocrx_word' id='word_1_391' title='bbox 1128 1453 1206 1481; x_wconf 70' lang='grc' dir='ltr'><strong>τσῦτό</strong></span> <span class='ocrx_word' id='word_1_392' title='bbox 1228 1462 1306 1489; x_wconf 82' lang='grc' dir='ltr'>φησι,</span> <span class='ocrx_word' id='word_1_393' title='bbox 1328 1453 1376 1488; x_wconf 75' lang='grc' dir='ltr'><strong>Μὴ</strong></span> <span class='ocrx_word' id='word_1_394' title='bbox 1391 1452 1496 1481; x_wconf 76' lang='grc' dir='ltr'>παιδία</span> <span class='ocrx_word' id='word_1_395' title='bbox 1517 1454 1639 1488; x_wconf 75' lang='grc' dir='ltr'><strong>γίνεσθε</strong></span> <span class='ocrx_word' id='word_1_396' title='bbox 1654 1453 1717 1486; x_wconf 81' lang='grc' dir='ltr'><strong>ταῖς</strong></span> <span class='ocrx_word' id='word_1_397' title='bbox 1731 1453 1819 1488; x_wconf 60' lang='grc' dir='ltr'>φρεσί</span> <span class='ocrx_word' id='word_1_398' title='bbox 1828 1461 1835 1468; x_wconf 94' lang='grc'><strong>·</strong></span> <span class='ocrx_word' id='word_1_399' title='bbox 1851 1460 1926 1480; x_wconf 64' lang='grc' dir='ltr'>τουτ-</span> 
     </span>
    </p>
   </div>
   <div class='ocr_carea' id='block_1_61' title="bbox 1129 1495 1924 1534">
    <p class='ocr_par' dir='ltr' id='par_1_61' title="bbox 1129 1495 1924 1534">
     <span class='ocr_line' id='line_1_61' title="bbox 1129 1495 1924 1534; baseline -0.001 -9"><span class='ocrx_word' id='word_1_400' title='bbox 1129 1498 1199 1531; x_wconf 84' lang='grc' dir='ltr'>έστι,</span> <span class='ocrx_word' id='word_1_401' title='bbox 1218 1498 1256 1534; x_wconf 87' lang='grc' dir='ltr'><strong>μὴ</strong></span> <span class='ocrx_word' id='word_1_402' title='bbox 1281 1498 1411 1533; x_wconf 76' lang='grc' dir='ltr'>ἀνόητοι,</span> <span class='ocrx_word' id='word_1_403' title='bbox 1428 1497 1494 1525; x_wconf 75' lang='grc' dir='ltr'>ἔνθα</span> <span class='ocrx_word' id='word_1_404' title='bbox 1511 1499 1641 1530; x_wconf 74' lang='grc' dir='ltr'>συνετοὺς</span> <span class='ocrx_word' id='word_1_405' title='bbox 1663 1495 1732 1525; x_wconf 75' lang='grc' dir='ltr'>εἰναι</span> <span class='ocrx_word' id='word_1_406' title='bbox 1756 1498 1820 1534; x_wconf 83' lang='grc' dir='ltr'>χρή.</span> <span class='ocrx_word' id='word_1_407' title='bbox 1844 1497 1924 1524; x_wconf 73' lang='grc' dir='ltr'>Ἀλλὰ</span> 
     </span>
    </p>
   </div>
   <div class='ocr_carea' id='block_1_62' title="bbox 289 1533 1078 1582">
    <p class='ocr_par' dir='ltr' id='par_1_62' title="bbox 289 1533 1077 1570">
     <span class='ocr_line' id='line_1_62' title="bbox 289 1533 1077 1570; baseline -0.001 -7"><span class='ocrx_word' id='word_1_408' title='bbox 289 1534 336 1563; x_wconf 89' lang='lat' dir='ltr'><strong>ubi</strong></span> <span class='ocrx_word' id='word_1_409' title='bbox 354 1534 503 1570; x_wconf 87' lang='lat' dir='ltr'><strong>prudentes</strong></span> <span class='ocrx_word' id='word_1_410' title='bbox 519 1541 580 1562; x_wconf 88' lang='lat' dir='ltr'><strong>esse</strong></span> <span class='ocrx_word' id='word_1_411' title='bbox 595 1537 713 1569; x_wconf 85' lang='lat' dir='ltr'><strong>oportet.</strong></span> <span class='ocrx_word' id='word_1_412' title='bbox 730 1533 813 1569; x_wconf 83' lang='lat' dir='ltr'><strong>Atqui</strong></span> <span class='ocrx_word' id='word_1_413' title='bbox 834 1533 871 1562; x_wconf 87' lang='lat' dir='ltr'><strong>ibi</strong></span> <span class='ocrx_word' id='word_1_414' title='bbox 889 1534 995 1570; x_wconf 84' lang='lat' dir='ltr'><strong>parvuli</strong></span> <span class='ocrx_word' id='word_1_415' title='bbox 1012 1538 1077 1562; x_wconf 89' lang='lat' dir='ltr'><strong>sunt</strong></span> 
     </span>
    </p>
   </div>
   <div class='ocr_carea' id='block_1_63' title="bbox 1131 1533 1923 1582">
    <p class='ocr_par' dir='ltr' id='par_1_63' title="bbox 1131 1533 1923 1582">
     <span class='ocr_line' id='line_1_63' title="bbox 1131 1533 1923 1582; baseline -0.003 -9"><span class='ocrx_word' id='word_1_416' title='bbox 1131 1547 1186 1573; x_wconf 75' lang='grc' dir='ltr'>ὲκεί</span> <span class='ocrx_word' id='word_1_417' title='bbox 1197 1547 1287 1582; x_wconf 84' lang='grc' dir='ltr'><strong>νήπιοι</strong></span> <span class='ocrx_word' id='word_1_418' title='bbox 1307 1546 1356 1572; x_wconf 76' lang='grc' dir='ltr'>καὶ</span> <span class='ocrx_word' id='word_1_419' title='bbox 1369 1545 1490 1581; x_wconf 78' lang='grc' dir='ltr'><strong>ἀφελεῖς,</strong></span> <span class='ocrx_word' id='word_1_420' title='bbox 1524 1545 1590 1572; x_wconf 74' lang='grc' dir='ltr'>ἔνθα</span> <span class='ocrx_word' id='word_1_421' title='bbox 1612 1533 1761 1579; x_wconf 78' lang='grc' dir='ltr'>κενοδοξία,</span> <span class='ocrx_word' id='word_1_422' title='bbox 1777 1533 1848 1572; x_wconf 71' lang='grc' dir='ltr'>ἔνθα</span> <span class='ocrx_word' id='word_1_423' title='bbox 1872 1553 1923 1579; x_wconf 81' lang='grc' dir='ltr'>φυ-</span> 
     </span>
    </p>
   </div>
   <div class='ocr_carea' id='block_1_64' title="bbox 286 1580 1072 1616">
    <p class='ocr_par' dir='ltr' id='par_1_64' title="bbox 286 1580 1072 1616">
     <span class='ocr_line' id='line_1_64' title="bbox 286 1580 1072 1616; baseline 0 -8"><span class='ocrx_word' id='word_1_424' title='bbox 286 1584 314 1608; x_wconf 86' lang='lat' dir='ltr'><strong>et</strong></span> <span class='ocrx_word' id='word_1_425' title='bbox 330 1581 479 1616; x_wconf 78' lang='lat' dir='ltr'><strong>simplices,</strong></span> <span class='ocrx_word' id='word_1_426' title='bbox 493 1580 539 1608; x_wconf 89' lang='lat' dir='ltr'><strong>ubi</strong></span> <span class='ocrx_word' id='word_1_427' title='bbox 560 1587 629 1607; x_wconf 87' lang='lat' dir='ltr'><strong>vana</strong></span> <span class='ocrx_word' id='word_1_428' title='bbox 641 1580 727 1614; x_wconf 87' lang='lat' dir='ltr'><strong>gloria</strong></span> <span class='ocrx_word' id='word_1_429' title='bbox 738 1599 746 1612; x_wconf 84' lang='lat'><strong>,</strong></span> <span class='ocrx_word' id='word_1_430' title='bbox 763 1580 810 1607; x_wconf 84' lang='lat' dir='ltr'><strong>ubi</strong></span> <span class='ocrx_word' id='word_1_431' title='bbox 827 1580 964 1616; x_wconf 60' lang='lat' dir='ltr'><strong>superbiae</strong></span> <span class='ocrx_word' id='word_1_432' title='bbox 979 1580 1072 1609; x_wconf 85' lang='lat' dir='ltr'><strong>ﬂatus.</strong></span> 
     </span>
    </p>
   </div>
   <div class='ocr_carea' id='block_1_65' title="bbox 287 1626 1078 1662">
    <p class='ocr_par' dir='ltr' id='par_1_65' title="bbox 287 1626 1078 1662">
     <span class='ocr_line' id='line_1_65' title="bbox 287 1626 1078 1662; baseline 0.001 -8"><span class='ocrx_word' id='word_1_433' title='bbox 287 1627 358 1661; x_wconf 79' lang='lat' dir='ltr'><strong>Quid</strong></span> <span class='ocrx_word' id='word_1_434' title='bbox 368 1634 433 1655; x_wconf 88' lang='lat' dir='ltr'><strong>vero</strong></span> <span class='ocrx_word' id='word_1_435' title='bbox 444 1630 487 1654; x_wconf 89' lang='lat' dir='ltr'><strong>est</strong></span> <span class='ocrx_word' id='word_1_436' title='bbox 498 1634 613 1662; x_wconf 89' lang='lat' dir='ltr'><strong>puerum</strong></span> <span class='ocrx_word' id='word_1_437' title='bbox 627 1626 730 1654; x_wconf 87' lang='lat' dir='ltr'><strong>malitia</strong></span> <span class='ocrx_word' id='word_1_438' title='bbox 746 1627 891 1659; x_wconf 75' lang='lat' dir='ltr'><strong>exsistere,</strong></span> <span class='ocrx_word' id='word_1_439' title='bbox 907 1627 960 1655; x_wconf 89' lang='lat' dir='ltr'><strong>nisi</strong></span> <span class='ocrx_word' id='word_1_440' title='bbox 970 1627 1078 1656; x_wconf 83' lang='lat' dir='ltr'><strong>nescire</strong></span> 
     </span>
    </p>
   </div>
   <div class='ocr_carea' id='block_1_66' title="bbox 286 1671 664 1709">
    <p class='ocr_par' dir='ltr' id='par_1_66' title="bbox 286 1671 664 1709">
     <span class='ocr_line' id='line_1_66' title="bbox 286 1671 664 1709; baseline -0.008 -8"><span class='ocrx_word' id='word_1_441' title='bbox 286 1674 352 1709; x_wconf 86' lang='lat' dir='ltr'><strong>quid</strong></span> <span class='ocrx_word' id='word_1_442' title='bbox 364 1673 475 1700; x_wconf 86' lang='lat' dir='ltr'><strong>tandem</strong></span> <span class='ocrx_word' id='word_1_443' title='bbox 488 1672 592 1700; x_wconf 88' lang='lat' dir='ltr'><strong>malitia</strong></span> <span class='ocrx_word' id='word_1_444' title='bbox 606 1671 664 1700; x_wconf 83' lang='lat' dir='ltr'><strong>sit?</strong></span> 
     </span>
    </p>
   </div>
   <div class='ocr_carea' id='block_1_67' title="bbox 322 1717 1073 1753">
    <p class='ocr_par' dir='ltr' id='par_1_67' title="bbox 322 1717 1073 1753">
     <span class='ocr_line' id='line_1_67' title="bbox 322 1717 1073 1753; baseline 0.001 -8"><span class='ocrx_word' id='word_1_445' title='bbox 322 1717 407 1746; x_wconf 72' lang='lat' dir='ltr'><strong>Vsus.</strong></span> <span class='ocrx_word' id='word_1_446' title='bbox 423 1717 469 1745; x_wconf 75' lang='lat' dir='ltr'><strong>2L</strong></span> <span class='ocrx_word' id='word_1_447' title='bbox 488 1725 497 1743; x_wconf 87' lang='grc'><strong>‹</strong></span> <span class='ocrx_word' id='word_1_448' title='bbox 526 1717 555 1744; x_wconf 97' lang='lat' dir='ltr'><strong>In</strong></span> <span class='ocrx_word' id='word_1_449' title='bbox 581 1717 640 1753; x_wconf 80' lang='lat' dir='ltr'><strong>lege</strong></span> <span class='ocrx_word' id='word_1_450' title='bbox 659 1717 792 1753; x_wconf 87' lang='lat' dir='ltr'><strong>scriptum</strong></span> <span class='ocrx_word' id='word_1_451' title='bbox 816 1722 877 1746; x_wconf 87' lang='lat' dir='ltr'><strong>est:</strong></span> <span class='ocrx_word' id='word_1_452' title='bbox 893 1717 1028 1751; x_wconf 74' lang='lat' dir='ltr'><strong>Qualiiam</strong></span> <span class='ocrx_word' id='word_1_453' title='bbox 1046 1718 1073 1746; x_wconf 89' lang='lat' dir='ltr'><strong>in</strong></span> 
     </span>
    </p>
   </div>
   <div class='ocr_carea' id='block_1_68' title="bbox 284 1763 1080 1799">
    <p class='ocr_par' dir='ltr' id='par_1_68' title="bbox 284 1763 1080 1799">
     <span class='ocr_line' id='line_1_68' title="bbox 284 1763 1080 1799; baseline -0.001 -7"><span class='ocrx_word' id='word_1_454' title='bbox 284 1764 351 1792; x_wconf 76' lang='lat' dir='ltr'><strong>aliis</strong></span> <span class='ocrx_word' id='word_1_455' title='bbox 372 1763 484 1799; x_wconf 76' lang='lat' dir='ltr'><strong>linguis,</strong></span> <span class='ocrx_word' id='word_1_456' title='bbox 502 1767 528 1792; x_wconf 92' lang='lat' dir='ltr'><strong>et</strong></span> <span class='ocrx_word' id='word_1_457' title='bbox 541 1763 622 1791; x_wconf 84' lang='lat' dir='ltr'><strong>labiis</strong></span> <span class='ocrx_word' id='word_1_458' title='bbox 649 1763 711 1791; x_wconf 88' lang='lat' dir='ltr'><strong>aliis</strong></span> <span class='ocrx_word' id='word_1_459' title='bbox 735 1763 833 1798; x_wconf 90' lang='lat' dir='ltr'><strong>loquar</strong></span> <span class='ocrx_word' id='word_1_460' title='bbox 852 1763 1039 1799; x_wconf 84' lang='lat' dir='ltr'><strong>populoliuic.</strong></span> <span class='ocrx_word' id='word_1_461' title='bbox 1052 1769 1080 1791; x_wconf 88' lang='lat' dir='ltr'><strong>et</strong></span> 
     </span>
    </p>
   </div>
   <div class='ocr_carea' id='block_1_69' title="bbox 288 1809 891 1843">
    <p class='ocr_par' dir='ltr' id='par_1_69' title="bbox 288 1809 891 1843">
     <span class='ocr_line' id='line_1_69' title="bbox 288 1809 891 1843; baseline -0.007 -4"><span class='ocrx_word' id='word_1_462' title='bbox 288 1818 339 1839; x_wconf 87' lang='lat' dir='ltr'><strong>nec</strong></span> <span class='ocrx_word' id='word_1_463' title='bbox 349 1810 390 1838; x_wconf 90' lang='lat' dir='ltr'><strong>sic</strong></span> <span class='ocrx_word' id='word_1_464' title='bbox 402 1809 552 1838; x_wconf 77' lang='lat' dir='ltr'><strong>exaudient</strong></span> <span class='ocrx_word' id='word_1_465' title='bbox 566 1817 620 1843; x_wconf 88' lang='lat' dir='ltr'><strong>me,</strong></span> <span class='ocrx_word' id='word_1_466' title='bbox 631 1809 698 1836; x_wconf 87' lang='lat' dir='ltr'><strong>dicit</strong></span> <span class='ocrx_word' id='word_1_467' title='bbox 716 1809 861 1836; x_wconf 81' lang='lat' dir='ltr'><strong>Dominus.</strong></span> <span class='ocrx_word' id='word_1_468' title='bbox 881 1818 891 1835; x_wconf 76' lang='grc' dir='ltr'><strong>ι</strong></span> 
     </span>
    </p>
   </div>
   <div class='ocr_carea' id='block_1_70' title="bbox 324 1855 1080 1894">
    <p class='ocr_par' dir='ltr' id='par_1_70' title="bbox 324 1855 1080 1894">
     <span class='ocr_line' id='line_1_70' title="bbox 324 1855 1080 1894; baseline 0 -10"><span class='ocrx_word' id='word_1_469' title='bbox 324 1855 418 1892; x_wconf 78' lang='lat' dir='ltr'><strong>L-egem</strong></span> <span class='ocrx_word' id='word_1_470' title='bbox 437 1861 518 1884; x_wconf 75' lang='lat' dir='ltr'><strong>vocat</strong></span> <span class='ocrx_word' id='word_1_471' title='bbox 543 1855 697 1891; x_wconf 85' lang='lat' dir='ltr'><strong>Scriptura,</strong></span> <span class='ocrx_word' id='word_1_472' title='bbox 722 1856 796 1891; x_wconf 83' lang='lat' dir='ltr'><strong>ipsos</strong></span> <span class='ocrx_word' id='word_1_473' title='bbox 823 1863 933 1892; x_wconf 87' lang='lat' dir='ltr'><strong>quoque</strong></span> <span class='ocrx_word' id='word_1_474' title='bbox 961 1856 1080 1894; x_wconf 82' lang='lat' dir='ltr'><strong>prophe-</strong></span> 
     </span>
    </p>
   </div>
   <div class='ocr_carea' id='block_1_71' title="bbox 288 1908 344 1931">
    <p class='ocr_par' dir='ltr' id='par_1_71' title="bbox 288 1908 344 1931">
     <span class='ocr_line' id='line_1_71' title="bbox 288 1908 344 1931; baseline 0 -1"><span class='ocrx_word' id='word_1_475' title='bbox 288 1908 344 1931; x_wconf 85' lang='lat' dir='ltr'><strong>tas.</strong></span> 
     </span>
    </p>
   </div>
   <div class='ocr_carea' id='block_1_72' title="bbox 326 1946 1079 1984">
    <p class='ocr_par' dir='ltr' id='par_1_72' title="bbox 326 1946 1079 1984">
     <span class='ocr_line' id='line_1_72' title="bbox 326 1946 1079 1984; baseline 0.003 -10"><span class='ocrx_word' id='word_1_476' title='bbox 326 1947 405 1984; x_wconf 77' lang='lat'><strong>113</strong></span> <span class='ocrx_word' id='word_1_477' title='bbox 430 1946 510 1975; x_wconf 77' lang='lat' dir='ltr'><strong>Vens.</strong></span> <span class='ocrx_word' id='word_1_478' title='bbox 532 1947 628 1975; x_wconf 70' lang='lat'><strong>22-50.</strong></span> <span class='ocrx_word' id='word_1_479' title='bbox 647 1951 657 1973; x_wconf 72' lang='grc' dir='ltr'><strong>ι</strong></span> <span class='ocrx_word' id='word_1_480' title='bbox 683 1947 778 1983; x_wconf 80' lang='lat' dir='ltr'><strong>itaque</strong></span> <span class='ocrx_word' id='word_1_481' title='bbox 805 1948 904 1984; x_wconf 72' lang='lat' dir='ltr'><strong>linguae</strong></span> <span class='ocrx_word' id='word_1_482' title='bbox 922 1947 950 1975; x_wconf 92' lang='lat' dir='ltr'><strong>in</strong></span> <span class='ocrx_word' id='word_1_483' title='bbox 972 1948 1079 1984; x_wconf 83' lang='lat' dir='ltr'><strong>signum</strong></span> 
     </span>
    </p>
   </div>
   <div class='ocr_carea' id='block_1_73' title="bbox 289 1992 1081 2030">
    <p class='ocr_par' dir='ltr' id='par_1_73' title="bbox 289 1992 1081 2030">
     <span class='ocr_line' id='line_1_73' title="bbox 289 1992 1081 2030; baseline -0.001 -8"><span class='ocrx_word' id='word_1_484' title='bbox 289 1997 372 2026; x_wconf 85' lang='lat' dir='ltr'><strong>sunt,</strong></span> <span class='ocrx_word' id='word_1_485' title='bbox 389 2000 445 2020; x_wconf 92' lang='lat' dir='ltr'><strong>non</strong></span> <span class='ocrx_word' id='word_1_486' title='bbox 476 1992 601 2021; x_wconf 85' lang='lat' dir='ltr'><strong>ﬁdelibus</strong></span> <span class='ocrx_word' id='word_1_487' title='bbox 616 2012 624 2026; x_wconf 86' lang='lat'><strong>,</strong></span> <span class='ocrx_word' id='word_1_488' title='bbox 643 1992 692 2021; x_wconf 87' lang='lat' dir='ltr'><strong>sed</strong></span> <span class='ocrx_word' id='word_1_489' title='bbox 724 1992 880 2022; x_wconf 88' lang='lat' dir='ltr'><strong>inﬁdelibus</strong></span> <span class='ocrx_word' id='word_1_490' title='bbox 898 2002 906 2020; x_wconf 86' lang='lat'><strong>:</strong></span> <span class='ocrx_word' id='word_1_491' title='bbox 928 1994 1081 2030; x_wconf 64' lang='lat' dir='ltr'><strong>prophetia</strong></span> 
     </span>
    </p>
   </div>
   <div class='ocr_carea' id='block_1_74' title="bbox 288 2036 1081 2074">
    <p class='ocr_par' dir='ltr' id='par_1_74' title="bbox 288 2036 1081 2074">
     <span class='ocr_line' id='line_1_74' title="bbox 288 2036 1081 2074; baseline 0 -8"><span class='ocrx_word' id='word_1_492' title='bbox 288 2041 381 2066; x_wconf 80' lang='lat' dir='ltr'><strong>autem</strong></span> <span class='ocrx_word' id='word_1_493' title='bbox 401 2045 455 2065; x_wconf 93' lang='lat' dir='ltr'><strong>non</strong></span> <span class='ocrx_word' id='word_1_494' title='bbox 467 2036 634 2070; x_wconf 88' lang='lat' dir='ltr'><strong>inﬁdelibus,</strong></span> <span class='ocrx_word' id='word_1_495' title='bbox 655 2036 705 2065; x_wconf 86' lang='lat' dir='ltr'><strong>sed</strong></span> <span class='ocrx_word' id='word_1_496' title='bbox 716 2037 857 2066; x_wconf 89' lang='lat' dir='ltr'><strong>ﬁdelibus.</strong></span> <span class='ocrx_word' id='word_1_497' title='bbox 883 2037 911 2066; x_wconf 90' lang='lat' dir='ltr'><strong>Si</strong></span> <span class='ocrx_word' id='word_1_498' title='bbox 928 2046 993 2074; x_wconf 83' lang='lat' dir='ltr'><strong>ergo</strong></span> <span class='ocrx_word' id='word_1_499' title='bbox 1013 2047 1081 2066; x_wconf 88' lang='lat' dir='ltr'><strong>con-</strong></span> 
     </span>
    </p>
   </div>
   <div class='ocr_carea' id='block_1_75' title="bbox 288 2083 1080 2117">
    <p class='ocr_par' dir='ltr' id='par_1_75' title="bbox 288 2083 1080 2117">
     <span class='ocr_line' id='line_1_75' title="bbox 288 2083 1080 2117; baseline 0.004 -6"><span class='ocrx_word' id='word_1_500' title='bbox 288 2083 381 2112; x_wconf 70' lang='lat' dir='ltr'><strong>veniat</strong></span> <span class='ocrx_word' id='word_1_501' title='bbox 395 2084 524 2112; x_wconf 80' lang='lat' dir='ltr'><strong>universa</strong></span> <span class='ocrx_word' id='word_1_502' title='bbox 543 2083 667 2112; x_wconf 79' lang='lat' dir='ltr'><strong>Ecclesia</strong></span> <span class='ocrx_word' id='word_1_503' title='bbox 688 2083 716 2110; x_wconf 91' lang='lat' dir='ltr'><strong>in</strong></span> <span class='ocrx_word' id='word_1_504' title='bbox 743 2091 848 2117; x_wconf 87' lang='lat' dir='ltr'><strong>unum,</strong></span> <span class='ocrx_word' id='word_1_505' title='bbox 864 2089 892 2112; x_wconf 83' lang='lat' dir='ltr'><strong>et</strong></span> <span class='ocrx_word' id='word_1_506' title='bbox 913 2092 1008 2113; x_wconf 89' lang='lat' dir='ltr'><strong>omnes</strong></span> <span class='ocrx_word' id='word_1_507' title='bbox 1027 2086 1080 2114; x_wconf 91' lang='lat' dir='ltr'><strong>lin-</strong></span> 
     </span>
    </p>
   </div>
   <div class='ocr_carea' id='block_1_76' title="bbox 288 2127 1080 2166">
    <p class='ocr_par' dir='ltr' id='par_1_76' title="bbox 288 2127 1080 2166">
     <span class='ocr_line' id='line_1_76' title="bbox 288 2127 1080 2166; baseline 0.003 -8"><span class='ocrx_word' id='word_1_508' title='bbox 288 2131 352 2166; x_wconf 69' lang='lat' dir='ltr'><strong>guis</strong></span> <span class='ocrx_word' id='word_1_509' title='bbox 368 2130 532 2166; x_wconf 82' lang='lat' dir='ltr'><strong>loquantur;</strong></span> <span class='ocrx_word' id='word_1_510' title='bbox 545 2129 648 2158; x_wconf 87' lang='lat' dir='ltr'><strong>intrent</strong></span> <span class='ocrx_word' id='word_1_511' title='bbox 660 2133 750 2158; x_wconf 87' lang='lat' dir='ltr'><strong>autem</strong></span> <span class='ocrx_word' id='word_1_512' title='bbox 765 2127 867 2164; x_wconf 66' lang='lat' dir='ltr'><strong>idiotas,</strong></span> <span class='ocrx_word' id='word_1_513' title='bbox 881 2135 928 2159; x_wconf 87' lang='lat' dir='ltr'><strong>aut</strong></span> <span class='ocrx_word' id='word_1_514' title='bbox 940 2131 1080 2160; x_wconf 84' lang='lat' dir='ltr'><strong>inﬁdeles:</strong></span> 
     </span>
    </p>
   </div>
   <div class='ocr_carea' id='block_1_77' title="bbox 1130 1589 1923 1628">
    <p class='ocr_par' dir='ltr' id='par_1_77' title="bbox 1130 1589 1923 1628">
     <span class='ocr_line' id='line_1_77' title="bbox 1130 1589 1923 1628; baseline -0.005 -8"><span class='ocrx_word' id='word_1_515' title='bbox 1130 1593 1233 1628; x_wconf 81' lang='grc' dir='ltr'>σίωμα.</span> <span class='ocrx_word' id='word_1_516' title='bbox 1251 1592 1284 1619; x_wconf 86' lang='grc' dir='ltr'>Τί</span> <span class='ocrx_word' id='word_1_517' title='bbox 1304 1592 1334 1619; x_wconf 82' lang='grc' dir='ltr'><strong>δέ</strong></span> <span class='ocrx_word' id='word_1_518' title='bbox 1348 1592 1408 1618; x_wconf 79' lang='grc' dir='ltr'>ἐστι</span> <span class='ocrx_word' id='word_1_519' title='bbox 1431 1592 1530 1627; x_wconf 86' lang='grc' dir='ltr'>νήπιον</span> <span class='ocrx_word' id='word_1_520' title='bbox 1546 1589 1617 1619; x_wconf 76' lang='grc' dir='ltr'>εἶναι</span> <span class='ocrx_word' id='word_1_521' title='bbox 1636 1591 1721 1626; x_wconf 74' lang='grc' dir='ltr'>κακίᾳ</span> <span class='ocrx_word' id='word_1_522' title='bbox 1732 1611 1739 1621; x_wconf 91' lang='grc'>.</span> <span class='ocrx_word' id='word_1_523' title='bbox 1753 1591 1770 1626; x_wconf 78' lang='grc' dir='ltr'><strong>ἦ</strong></span> <span class='ocrx_word' id='word_1_524' title='bbox 1783 1590 1815 1617; x_wconf 77' lang='grc' dir='ltr'><strong>τὸ</strong></span> <span class='ocrx_word' id='word_1_525' title='bbox 1828 1590 1865 1625; x_wconf 58' lang='grc' dir='ltr'><strong>μὲι</strong></span> <span class='ocrx_word' id='word_1_526' title='bbox 1882 1591 1923 1616; x_wconf 66' lang='lat' dir='ltr'><strong>si-</strong></span> 
     </span>
    </p>
   </div>
   <div class='ocr_carea' id='block_1_78' title="bbox 1128 1638 1518 1671">
    <p class='ocr_par' dir='ltr' id='par_1_78' title="bbox 1128 1638 1518 1671">
     <span class='ocr_line' id='line_1_78' title="bbox 1128 1638 1518 1671; baseline -0.005 -4"><span class='ocrx_word' id='word_1_527' title='bbox 1128 1639 1203 1667; x_wconf 81' lang='grc' dir='ltr'>δέναι</span> <span class='ocrx_word' id='word_1_528' title='bbox 1217 1639 1244 1666; x_wconf 84' lang='grc' dir='ltr'>τί</span> <span class='ocrx_word' id='word_1_529' title='bbox 1257 1638 1324 1665; x_wconf 80' lang='grc' dir='ltr'><strong>ποτέ</strong></span> <span class='ocrx_word' id='word_1_530' title='bbox 1338 1639 1397 1666; x_wconf 70' lang='grc' dir='ltr'>ἐστι</span> <span class='ocrx_word' id='word_1_531' title='bbox 1412 1638 1497 1666; x_wconf 80' lang='grc' dir='ltr'>κακία</span> <span class='ocrx_word' id='word_1_532' title='bbox 1510 1647 1518 1671; x_wconf 86' lang='grc'>;</span> 
     </span>
    </p>
   </div>
   <div class='ocr_carea' id='block_1_79' title="bbox 1168 1725 1920 1765">
    <p class='ocr_par' dir='ltr' id='par_1_79' title="bbox 1168 1725 1920 1765">
     <span class='ocr_line' id='line_1_79' title="bbox 1168 1725 1920 1765; baseline -0.004 -9"><span class='ocrx_word' id='word_1_533' title='bbox 1168 1739 1177 1755; x_wconf 78' lang='grc' dir='ltr'><strong>ι</strong></span> <span class='ocrx_word' id='word_1_534' title='bbox 1203 1729 1246 1756; x_wconf 83' lang='grc' dir='ltr'>Ἐν</span> <span class='ocrx_word' id='word_1_535' title='bbox 1254 1728 1291 1764; x_wconf 84' lang='grc' dir='ltr'><strong>τῷ</strong></span> <span class='ocrx_word' id='word_1_536' title='bbox 1298 1727 1397 1765; x_wconf 78' lang='grc' dir='ltr'>[νόμῳ]</span> <span class='ocrx_word' id='word_1_537' title='bbox 1411 1727 1579 1764; x_wconf 81' lang='grc' dir='ltr'>γέγραπται,</span> <span class='ocrx_word' id='word_1_538' title='bbox 1594 1727 1635 1754; x_wconf 80' lang='grc' dir='ltr'><strong>ὅτι</strong></span> <span class='ocrx_word' id='word_1_539' title='bbox 1654 1728 1683 1753; x_wconf 67' lang='grc' dir='ltr'>ἐν</span> <span class='ocrx_word' id='word_1_540' title='bbox 1699 1725 1920 1762; x_wconf 74' lang='grc' dir='ltr'>ἑτερογλώσσοις.</span> 
     </span>
    </p>
   </div>
   <div class='ocr_carea' id='block_1_80' title="bbox 1130 1771 1923 1810">
    <p class='ocr_par' dir='ltr' id='par_1_80' title="bbox 1130 1771 1923 1810">
     <span class='ocr_line' id='line_1_80' title="bbox 1130 1771 1923 1810; baseline -0.006 -8"><span class='ocrx_word' id='word_1_541' title='bbox 1130 1775 1178 1802; x_wconf 68' lang='grc' dir='ltr'><strong>καὶ</strong></span> <span class='ocrx_word' id='word_1_542' title='bbox 1193 1776 1221 1803; x_wconf 81' lang='grc' dir='ltr'>ὲν</span> <span class='ocrx_word' id='word_1_543' title='bbox 1250 1775 1369 1810; x_wconf 84' lang='grc' dir='ltr'>χείλεσιν</span> <span class='ocrx_word' id='word_1_544' title='bbox 1383 1774 1488 1810; x_wconf 76' lang='grc' dir='ltr'>ἑτέροις</span> <span class='ocrx_word' id='word_1_545' title='bbox 1503 1774 1615 1810; x_wconf 85' lang='grc' dir='ltr'>λαλήσω</span> <span class='ocrx_word' id='word_1_546' title='bbox 1629 1772 1668 1808; x_wconf 79' lang='grc' dir='ltr'><strong>τῷ</strong></span> <span class='ocrx_word' id='word_1_547' title='bbox 1680 1772 1738 1808; x_wconf 86' lang='grc' dir='ltr'><strong>λαῷ</strong></span> <span class='ocrx_word' id='word_1_548' title='bbox 1757 1771 1856 1807; x_wconf 71' lang='grc' dir='ltr'>τούτῳ,</span> <span class='ocrx_word' id='word_1_549' title='bbox 1875 1772 1923 1798; x_wconf 71' lang='grc' dir='ltr'><strong>καὶ</strong></span> 
     </span>
    </p>
   </div>
   <div class='ocr_carea' id='block_1_81' title="bbox 1130 1820 1803 1856">
    <p class='ocr_par' dir='ltr' id='par_1_81' title="bbox 1130 1820 1803 1856">
     <span class='ocr_line' id='line_1_81' title="bbox 1130 1820 1803 1856; baseline -0.006 -7"><span class='ocrx_word' id='word_1_550' title='bbox 1130 1822 1184 1850; x_wconf 81' lang='grc' dir='ltr'><strong>οὐδ’</strong></span> <span class='ocrx_word' id='word_1_551' title='bbox 1201 1821 1288 1853; x_wconf 79' lang='grc' dir='ltr'>οὓτως</span> <span class='ocrx_word' id='word_1_552' title='bbox 1302 1821 1465 1848; x_wconf 74' lang='grc' dir='ltr'>ἀκούσονταί</span> <span class='ocrx_word' id='word_1_553' title='bbox 1486 1829 1548 1856; x_wconf 83' lang='grc' dir='ltr'>μου,</span> <span class='ocrx_word' id='word_1_554' title='bbox 1569 1820 1642 1855; x_wconf 79' lang='grc' dir='ltr'>λέγει</span> <span class='ocrx_word' id='word_1_555' title='bbox 1659 1820 1772 1855; x_wconf 76' lang='grc' dir='ltr'>Κύριος.</span> <span class='ocrx_word' id='word_1_556' title='bbox 1793 1829 1803 1844; x_wconf 78' lang='grc' dir='ltr'><strong>ι</strong></span> 
     </span>
    </p>
   </div>
   <div class='ocr_carea' id='block_1_82' title="bbox 1166 1866 1924 1903">
    <p class='ocr_par' dir='ltr' id='par_1_82' title="bbox 1166 1866 1924 1903">
     <span class='ocr_line' id='line_1_82' title="bbox 1166 1866 1924 1903; baseline -0.004 -8"><span class='ocrx_word' id='word_1_557' title='bbox 1166 1869 1268 1903; x_wconf 82' lang='grc' dir='ltr'><strong>Νόμον</strong></span> <span class='ocrx_word' id='word_1_558' title='bbox 1288 1868 1305 1903; x_wconf 89' lang='grc' dir='ltr'><strong>ή</strong></span> <span class='ocrx_word' id='word_1_559' title='bbox 1330 1867 1391 1894; x_wconf 77' lang='grc' dir='ltr'>θεία</span> <span class='ocrx_word' id='word_1_560' title='bbox 1418 1867 1525 1903; x_wconf 73' lang='grc' dir='ltr'>Γραφὴ.</span> <span class='ocrx_word' id='word_1_561' title='bbox 1550 1867 1598 1894; x_wconf 76' lang='grc' dir='ltr'>καὶ</span> <span class='ocrx_word' id='word_1_562' title='bbox 1619 1867 1684 1898; x_wconf 76' lang='grc' dir='ltr'><strong>τοὺς</strong></span> <span class='ocrx_word' id='word_1_563' title='bbox 1708 1866 1853 1902; x_wconf 79' lang='grc' dir='ltr'>προφήτας</span> <span class='ocrx_word' id='word_1_564' title='bbox 1873 1875 1924 1902; x_wconf 65' lang='grc' dir='ltr'><strong>φης</strong></span> 
     </span>
    </p>
   </div>
   <div class='ocr_carea' id='block_1_83' title="bbox 1133 1922 1183 1941">
    <p class='ocr_par' dir='ltr' id='par_1_83' title="bbox 1133 1922 1183 1941">
     <span class='ocr_line' id='line_1_83' title="bbox 1133 1922 1183 1941; baseline -0.02 0"><span class='ocrx_word' id='word_1_565' title='bbox 1133 1922 1183 1941; x_wconf 82' lang='grc' dir='ltr'>σιν.</span> 
     </span>
    </p>
   </div>
   <div class='ocr_carea' id='block_1_84' title="bbox 1168 1959 1924 1994">
    <p class='ocr_par' dir='ltr' id='par_1_84' title="bbox 1168 1959 1924 1994">
     <span class='ocr_line' id='line_1_84' title="bbox 1168 1959 1924 1994; baseline -0.003 -7"><span class='ocrx_word' id='word_1_566' title='bbox 1168 1960 1250 1987; x_wconf 83' lang='grc' dir='ltr'><strong>Ὥστε</strong></span> <span class='ocrx_word' id='word_1_567' title='bbox 1268 1960 1296 1987; x_wconf 87' lang='grc' dir='ltr'><strong>αἰ</strong></span> <span class='ocrx_word' id='word_1_568' title='bbox 1311 1959 1434 1994; x_wconf 80' lang='grc' dir='ltr'>γλῶσσαι</span> <span class='ocrx_word' id='word_1_569' title='bbox 1457 1960 1497 1991; x_wconf 79' lang='grc' dir='ltr'>εἰς</span> <span class='ocrx_word' id='word_1_570' title='bbox 1520 1959 1635 1994; x_wconf 81' lang='grc' dir='ltr'>σημεῖόν</span> <span class='ocrx_word' id='word_1_571' title='bbox 1657 1960 1738 1992; x_wconf 82' lang='grc' dir='ltr'>εἰσιν,</span> <span class='ocrx_word' id='word_1_572' title='bbox 1755 1959 1786 1986; x_wconf 84' lang='grc' dir='ltr'>οὺ</span> <span class='ocrx_word' id='word_1_573' title='bbox 1806 1960 1864 1990; x_wconf 73' lang='grc' dir='ltr'><strong>τοῖς</strong></span> <span class='ocrx_word' id='word_1_574' title='bbox 1879 1967 1924 1985; x_wconf 83' lang='grc' dir='ltr'>πι-</span> 
     </span>
    </p>
   </div>
   <div class='ocr_carea' id='block_1_85' title="bbox 1133 2003 1923 2040">
    <p class='ocr_par' dir='ltr' id='par_1_85' title="bbox 1133 2003 1923 2040">
     <span class='ocr_line' id='line_1_85' title="bbox 1133 2003 1923 2040; baseline -0.003 -8"><span class='ocrx_word' id='word_1_575' title='bbox 1133 2004 1277 2032; x_wconf 82' lang='grc' dir='ltr'>στεύουσιν</span> <span class='ocrx_word' id='word_1_576' title='bbox 1287 2024 1295 2037; x_wconf 83' lang='grc'><strong>,</strong></span> <span class='ocrx_word' id='word_1_577' title='bbox 1310 2004 1380 2031; x_wconf 82' lang='grc' dir='ltr'>ἀλλὰ</span> <span class='ocrx_word' id='word_1_578' title='bbox 1398 2005 1454 2037; x_wconf 76' lang='grc' dir='ltr'>τοῖς</span> <span class='ocrx_word' id='word_1_579' title='bbox 1470 2003 1597 2038; x_wconf 84' lang='grc' dir='ltr'>ἀπίστοις</span> <span class='ocrx_word' id='word_1_580' title='bbox 1612 2012 1619 2020; x_wconf 87' lang='grc'><strong>·</strong></span> <span class='ocrx_word' id='word_1_581' title='bbox 1632 2005 1649 2040; x_wconf 83' lang='grc' dir='ltr'><strong>ἠ</strong></span> <span class='ocrx_word' id='word_1_582' title='bbox 1667 2005 1696 2032; x_wconf 78' lang='grc' dir='ltr'><strong>δὲ</strong></span> <span class='ocrx_word' id='word_1_583' title='bbox 1718 2004 1882 2040; x_wconf 81' lang='grc' dir='ltr'>προφητεία,</span> <span class='ocrx_word' id='word_1_584' title='bbox 1893 2004 1923 2031; x_wconf 86' lang='grc' dir='ltr'>οὐ</span> 
     </span>
    </p>
   </div>
   <div class='ocr_carea' id='block_1_86' title="bbox 1132 2048 1924 2083">
    <p class='ocr_par' dir='ltr' id='par_1_86' title="bbox 1132 2048 1924 2083">
     <span class='ocr_line' id='line_1_86' title="bbox 1132 2048 1924 2083; baseline -0.003 -6"><span class='ocrx_word' id='word_1_585' title='bbox 1132 2052 1189 2083; x_wconf 79' lang='grc' dir='ltr'><strong>τοῖς</strong></span> <span class='ocrx_word' id='word_1_586' title='bbox 1201 2050 1337 2083; x_wconf 75' lang='grc' dir='ltr'>ἀπίστοις,</span> <span class='ocrx_word' id='word_1_587' title='bbox 1356 2049 1426 2077; x_wconf 83' lang='grc' dir='ltr'>ἀλλὰ</span> <span class='ocrx_word' id='word_1_588' title='bbox 1437 2050 1494 2082; x_wconf 75' lang='grc' dir='ltr'><strong>τοῖς</strong></span> <span class='ocrx_word' id='word_1_589' title='bbox 1515 2048 1699 2076; x_wconf 79' lang='grc' dir='ltr'>πιστεύουσιν.</span> <span class='ocrx_word' id='word_1_590' title='bbox 1720 2048 1783 2076; x_wconf 82' lang='grc' dir='ltr'>Ἐὰν</span> <span class='ocrx_word' id='word_1_591' title='bbox 1803 2048 1848 2076; x_wconf 78' lang='grc' dir='ltr'>οὖν</span> <span class='ocrx_word' id='word_1_592' title='bbox 1864 2057 1924 2075; x_wconf 90' lang='grc' dir='ltr'>συν-</span> 
     </span>
    </p>
   </div>
   <div class='ocr_carea' id='block_1_87' title="bbox 1133 2092 1924 2132">
    <p class='ocr_par' dir='ltr' id='par_1_87' title="bbox 1133 2092 1924 2132">
     <span class='ocr_line' id='line_1_87' title="bbox 1133 2092 1924 2132; baseline -0.003 -10"><span class='ocrx_word' id='word_1_593' title='bbox 1133 2094 1224 2132; x_wconf 84' lang='grc' dir='ltr'>έλθῃή</span> <span class='ocrx_word' id='word_1_594' title='bbox 1242 2092 1391 2131; x_wconf 84' lang='grc' dir='ltr'>Ἐκκλησία</span> <span class='ocrx_word' id='word_1_595' title='bbox 1406 2094 1454 2130; x_wconf 79' lang='grc' dir='ltr'><strong>ὅλη</strong></span> <span class='ocrx_word' id='word_1_596' title='bbox 1471 2093 1517 2120; x_wconf 73' lang='grc' dir='ltr'><strong>ἐπὶ</strong></span> <span class='ocrx_word' id='word_1_597' title='bbox 1531 2094 1562 2120; x_wconf 80' lang='grc' dir='ltr'><strong>τὸ</strong></span> <span class='ocrx_word' id='word_1_598' title='bbox 1574 2094 1650 2125; x_wconf 78' lang='grc' dir='ltr'>αὐτὸ,</span> <span class='ocrx_word' id='word_1_599' title='bbox 1665 2094 1711 2121; x_wconf 70' lang='grc' dir='ltr'>καὶ</span> <span class='ocrx_word' id='word_1_600' title='bbox 1728 2094 1828 2124; x_wconf 75' lang='grc' dir='ltr'>πάντες</span> <span class='ocrx_word' id='word_1_601' title='bbox 1839 2093 1924 2128; x_wconf 83' lang='grc' dir='ltr'>γλώσ-</span> 
     </span>
    </p>
   </div>
   <div class='ocr_carea' id='block_1_88' title="bbox 1135 2138 1923 2174">
    <p class='ocr_par' dir='ltr' id='par_1_88' title="bbox 1135 2138 1923 2174">
     <span class='ocr_line' id='line_1_88' title="bbox 1135 2138 1923 2174; baseline -0.004 -6"><span class='ocrx_word' id='word_1_602' title='bbox 1135 2150 1195 2172; x_wconf 87' lang='grc' dir='ltr'>σαις</span> <span class='ocrx_word' id='word_1_603' title='bbox 1212 2139 1344 2173; x_wconf 82' lang='grc' dir='ltr'>λαλῶσιν,</span> <span class='ocrx_word' id='word_1_604' title='bbox 1358 2139 1501 2166; x_wconf 80' lang='grc' dir='ltr'>εἰσέλθωσι</span> <span class='ocrx_word' id='word_1_605' title='bbox 1526 2139 1555 2165; x_wconf 81' lang='grc' dir='ltr'><strong>δὲ</strong></span> <span class='ocrx_word' id='word_1_606' title='bbox 1575 2140 1621 2165; x_wconf 70' lang='grc' dir='ltr'>καὶ</span> <span class='ocrx_word' id='word_1_607' title='bbox 1642 2139 1756 2171; x_wconf 80' lang='grc' dir='ltr'>ἰδιῶται,</span> <span class='ocrx_word' id='word_1_608' title='bbox 1772 2139 1789 2174; x_wconf 81' lang='grc' dir='ltr'><strong>ἢ</strong></span> <span class='ocrx_word' id='word_1_609' title='bbox 1803 2138 1923 2172; x_wconf 76' lang='grc' dir='ltr'>ἄπιστοι,</span> 
     </span>
    </p>
   </div>
   <div class='ocr_carea' id='block_1_89' title="bbox 286 2175 1078 2223">
    <p class='ocr_par' dir='ltr' id='par_1_89' title="bbox 286 2175 1078 2211">
     <span class='ocr_line' id='line_1_89' title="bbox 286 2175 1078 2211; baseline 0.005 -8"><span class='ocrx_word' id='word_1_610' title='bbox 286 2183 382 2204; x_wconf 79' lang='lat' dir='ltr'><strong>nonne</strong></span> <span class='ocrx_word' id='word_1_611' title='bbox 406 2176 511 2208; x_wconf 82' lang='lat' dir='ltr'><strong>dicent.</strong></span> <span class='ocrx_word' id='word_1_612' title='bbox 539 2175 613 2211; x_wconf 88' lang='lat' dir='ltr'><strong>quod</strong></span> <span class='ocrx_word' id='word_1_613' title='bbox 642 2175 770 2205; x_wconf 88' lang='lat' dir='ltr'><strong>insanitis</strong></span> <span class='ocrx_word' id='word_1_614' title='bbox 788 2176 800 2203; x_wconf 85' lang='lat'><strong>?</strong></span> <span class='ocrx_word' id='word_1_615' title='bbox 816 2175 844 2204; x_wconf 90' lang='lat' dir='ltr'><strong>Si</strong></span> <span class='ocrx_word' id='word_1_616' title='bbox 869 2181 960 2205; x_wconf 83' lang='lat' dir='ltr'><strong>autem</strong></span> <span class='ocrx_word' id='word_1_617' title='bbox 985 2185 1078 2208; x_wconf 84' lang='lat' dir='ltr'><strong>omnes</strong></span> 
     </span>
    </p>
   </div>
   <div class='ocr_carea' id='block_1_90' title="bbox 1131 2175 1924 2223">
    <p class='ocr_par' dir='ltr' id='par_1_90' title="bbox 1137 2184 1924 2223">
     <span class='ocr_line' id='line_1_90' title="bbox 1137 2184 1924 2223; baseline -0.005 -10"><span class='ocrx_word' id='word_1_618' title='bbox 1137 2187 1187 2213; x_wconf 79' lang='grc' dir='ltr'>οὐκ</span> <span class='ocrx_word' id='word_1_619' title='bbox 1203 2185 1325 2222; x_wconf 82' lang='grc' dir='ltr'>ὲροῡσιν,</span> <span class='ocrx_word' id='word_1_620' title='bbox 1342 2185 1383 2212; x_wconf 79' lang='grc' dir='ltr'><strong>ὅτι</strong></span> <span class='ocrx_word' id='word_1_621' title='bbox 1400 2184 1546 2221; x_wconf 73' lang='grc' dir='ltr'>μαίνεσθες</span> <span class='ocrx_word' id='word_1_622' title='bbox 1565 2184 1627 2211; x_wconf 83' lang='grc' dir='ltr'>Ἐὰν</span> <span class='ocrx_word' id='word_1_623' title='bbox 1647 2184 1675 2211; x_wconf 79' lang='grc' dir='ltr'><strong>δὲ</strong></span> <span class='ocrx_word' id='word_1_624' title='bbox 1698 2185 1799 2216; x_wconf 76' lang='grc' dir='ltr'>πάντες</span> <span class='ocrx_word' id='word_1_625' title='bbox 1818 2192 1924 2223; x_wconf 64' lang='grc' dir='ltr'>προφη-</span> 
     </span>
    </p>
   </div>
   <div class='ocr_carea' id='block_1_91' title="bbox 289 2221 1078 2267">
    <p class='ocr_par' dir='ltr' id='par_1_91' title="bbox 289 2221 1078 2258">
     <span class='ocr_line' id='line_1_91' title="bbox 289 2221 1078 2258; baseline 0.005 -10"><span class='ocrx_word' id='word_1_626' title='bbox 289 2221 454 2257; x_wconf 74' lang='lat' dir='ltr'><strong>prophetent</strong></span> <span class='ocrx_word' id='word_1_627' title='bbox 468 2229 477 2254; x_wconf 84' lang='lat'><strong>;</strong></span> <span class='ocrx_word' id='word_1_628' title='bbox 493 2222 577 2249; x_wconf 83' lang='lat' dir='ltr'><strong>intret</strong></span> <span class='ocrx_word' id='word_1_629' title='bbox 595 2226 686 2249; x_wconf 83' lang='lat' dir='ltr'><strong>autem</strong></span> <span class='ocrx_word' id='word_1_630' title='bbox 701 2222 763 2257; x_wconf 81' lang='lat' dir='ltr'><strong>quis</strong></span> <span class='ocrx_word' id='word_1_631' title='bbox 780 2222 898 2251; x_wconf 86' lang='lat' dir='ltr'><strong>inﬁdelis</strong></span> <span class='ocrx_word' id='word_1_632' title='bbox 919 2224 962 2251; x_wconf 82' lang='lat' dir='ltr'><strong>vel</strong></span> <span class='ocrx_word' id='word_1_633' title='bbox 986 2224 1078 2258; x_wconf 79' lang='lat' dir='ltr'><strong>idiota.</strong></span> 
     </span>
    </p>
   </div>
   <div class='ocr_carea' id='block_1_92' title="bbox 1131 2221 1925 2267">
    <p class='ocr_par' dir='ltr' id='par_1_92' title="bbox 1134 2221 1925 2267">
     <span class='ocr_line' id='line_1_92' title="bbox 1134 2221 1925 2267; baseline -0.003 -8"><span class='ocrx_word' id='word_1_634' title='bbox 1134 2231 1261 2264; x_wconf 80' lang='grc' dir='ltr'>τεύωσιν,</span> <span class='ocrx_word' id='word_1_635' title='bbox 1281 2231 1390 2267; x_wconf 74' lang='grc' dir='ltr'>εἰσέλθῃ</span> <span class='ocrx_word' id='word_1_636' title='bbox 1401 2231 1430 2258; x_wconf 75' lang='grc' dir='ltr'><strong>δέ</strong></span> <span class='ocrx_word' id='word_1_637' title='bbox 1444 2239 1486 2262; x_wconf 80' lang='grc' dir='ltr'><strong>τις</strong></span> <span class='ocrx_word' id='word_1_638' title='bbox 1503 2230 1630 2263; x_wconf 77' lang='grc' dir='ltr'>ἄπιστος,</span> <span class='ocrx_word' id='word_1_639' title='bbox 1645 2230 1661 2266; x_wconf 80' lang='grc' dir='ltr'>ἢ</span> <span class='ocrx_word' id='word_1_640' title='bbox 1678 2229 1799 2264; x_wconf 78' lang='grc' dir='ltr'><strong>ἰδιώτης,</strong></span> <span class='ocrx_word' id='word_1_641' title='bbox 1817 2221 1925 2265; x_wconf 70' lang='grc' dir='ltr'>ἐλέγχε-</span> 
     </span>
    </p>
   </div>
   <div class='ocr_carea' id='block_1_93' title="bbox 289 2266 1079 2304">
    <p class='ocr_par' dir='ltr' id='par_1_93' title="bbox 289 2266 1079 2304">
     <span class='ocr_line' id='line_1_93' title="bbox 289 2266 1079 2304; baseline 0.005 -8"><span class='ocrx_word' id='word_1_642' title='bbox 289 2266 468 2296; x_wconf 84' lang='lat' dir='ltr'><strong>convincitur</strong></span> <span class='ocrx_word' id='word_1_643' title='bbox 480 2267 516 2295; x_wconf 88' lang='lat' dir='ltr'><strong>ab</strong></span> <span class='ocrx_word' id='word_1_644' title='bbox 526 2268 668 2302; x_wconf 84' lang='lat' dir='ltr'><strong>omnibus,</strong></span> <span class='ocrx_word' id='word_1_645' title='bbox 684 2268 854 2304; x_wconf 74' lang='lat' dir='ltr'><strong>diiudicatur</strong></span> <span class='ocrx_word' id='word_1_646' title='bbox 870 2269 904 2297; x_wconf 87' lang='lat' dir='ltr'><strong>ab</strong></span> <span class='ocrx_word' id='word_1_647' title='bbox 923 2271 1051 2300; x_wconf 86' lang='lat' dir='ltr'><strong>omnibus</strong></span> <span class='ocrx_word' id='word_1_648' title='bbox 1071 2282 1079 2300; x_wconf 90' lang='lat'><strong>:</strong></span> 
     </span>
    </p>
   </div>
   <div class='ocr_carea' id='block_1_94' title="bbox 290 2313 1080 2349">
    <p class='ocr_par' dir='ltr' id='par_1_94' title="bbox 290 2313 1080 2349">
     <span class='ocr_line' id='line_1_94' title="bbox 290 2313 1080 2349; baseline 0.006 -9"><span class='ocrx_word' id='word_1_649' title='bbox 290 2318 319 2341; x_wconf 82' lang='lat' dir='ltr'><strong>et</strong></span> <span class='ocrx_word' id='word_1_650' title='bbox 340 2313 382 2341; x_wconf 88' lang='lat' dir='ltr'><strong>sic</strong></span> <span class='ocrx_word' id='word_1_651' title='bbox 405 2313 513 2341; x_wconf 84' lang='lat' dir='ltr'><strong>occulta</strong></span> <span class='ocrx_word' id='word_1_652' title='bbox 528 2313 621 2341; x_wconf 85' lang='lat' dir='ltr'><strong>cordis</strong></span> <span class='ocrx_word' id='word_1_653' title='bbox 635 2314 697 2349; x_wconf 78' lang='lat' dir='ltr'><strong>ejus</strong></span> <span class='ocrx_word' id='word_1_654' title='bbox 720 2314 868 2343; x_wconf 77' lang='lat' dir='ltr'><strong>manifesta</strong></span> <span class='ocrx_word' id='word_1_655' title='bbox 885 2315 953 2343; x_wconf 84' lang='lat' dir='ltr'><strong>ﬁunt</strong></span> <span class='ocrx_word' id='word_1_656' title='bbox 971 2325 977 2343; x_wconf 90' lang='lat'>:</span> <span class='ocrx_word' id='word_1_657' title='bbox 996 2321 1023 2345; x_wconf 91' lang='lat' dir='ltr'><strong>et</strong></span> <span class='ocrx_word' id='word_1_658' title='bbox 1044 2318 1080 2345; x_wconf 81' lang='lat' dir='ltr'><strong>ita</strong></span> 
     </span>
    </p>
   </div>
   <div class='ocr_carea' id='block_1_95' title="bbox 289 2358 1082 2398">
    <p class='ocr_par' dir='ltr' id='par_1_95' title="bbox 289 2358 1082 2398">
     <span class='ocr_line' id='line_1_95' title="bbox 289 2358 1082 2398; baseline 0.005 -11"><span class='ocrx_word' id='word_1_659' title='bbox 289 2358 392 2387; x_wconf 76' lang='lat' dir='ltr'><strong>cadens</strong></span> <span class='ocrx_word' id='word_1_660' title='bbox 403 2359 432 2387; x_wconf 88' lang='lat' dir='ltr'><strong>in</strong></span> <span class='ocrx_word' id='word_1_661' title='bbox 446 2358 544 2387; x_wconf 81' lang='lat' dir='ltr'><strong>faciem</strong></span> <span class='ocrx_word' id='word_1_662' title='bbox 555 2359 682 2387; x_wconf 87' lang='lat' dir='ltr'><strong>adorabit</strong></span> <span class='ocrx_word' id='word_1_663' title='bbox 699 2360 795 2394; x_wconf 88' lang='lat' dir='ltr'><strong>Deum,</strong></span> <span class='ocrx_word' id='word_1_664' title='bbox 809 2361 994 2396; x_wconf 83' lang='lat' dir='ltr'><strong>pronuntians</strong></span> <span class='ocrx_word' id='word_1_665' title='bbox 1007 2363 1082 2398; x_wconf 89' lang='lat' dir='ltr'><strong>quod</strong></span> 
     </span>
    </p>
   </div>
   <div class='ocr_carea' id='block_1_96' title="bbox 289 2404 1083 2442">
    <p class='ocr_par' dir='ltr' id='par_1_96' title="bbox 289 2404 1083 2442">
     <span class='ocr_line' id='line_1_96' title="bbox 289 2404 1083 2442; baseline 0.004 -8"><span class='ocrx_word' id='word_1_666' title='bbox 289 2413 356 2434; x_wconf 79' lang='lat' dir='ltr'><strong>vere</strong></span> <span class='ocrx_word' id='word_1_667' title='bbox 373 2405 446 2433; x_wconf 74' lang='lat' dir='ltr'><strong>Deus</strong></span> <span class='ocrx_word' id='word_1_668' title='bbox 473 2404 502 2432; x_wconf 90' lang='lat' dir='ltr'><strong>in</strong></span> <span class='ocrx_word' id='word_1_669' title='bbox 531 2405 611 2433; x_wconf 83' lang='lat' dir='ltr'><strong>vobis</strong></span> <span class='ocrx_word' id='word_1_670' title='bbox 626 2405 672 2432; x_wconf 85' lang='lat' dir='ltr'><strong>sit.</strong></span> <span class='ocrx_word' id='word_1_671' title='bbox 699 2405 771 2438; x_wconf 88' lang='lat' dir='ltr'><strong>Quid</strong></span> <span class='ocrx_word' id='word_1_672' title='bbox 796 2414 862 2442; x_wconf 83' lang='lat' dir='ltr'><strong>ergo</strong></span> <span class='ocrx_word' id='word_1_673' title='bbox 881 2413 924 2436; x_wconf 88' lang='lat' dir='ltr'><strong>est</strong></span> <span class='ocrx_word' id='word_1_674' title='bbox 937 2429 943 2440; x_wconf 84' lang='lat'><strong>,</strong></span> <span class='ocrx_word' id='word_1_675' title='bbox 960 2409 1083 2437; x_wconf 80' lang='lat' dir='ltr'><strong>fratres?</strong></span> 
     </span>
    </p>
   </div>
   <div class='ocr_carea' id='block_1_97' title="bbox 289 2451 1081 2489">
    <p class='ocr_par' dir='ltr' id='par_1_97' title="bbox 289 2451 1081 2489">
     <span class='ocr_line' id='line_1_97' title="bbox 289 2451 1081 2489; baseline 0.004 -10"><span class='ocrx_word' id='word_1_676' title='bbox 289 2458 357 2480; x_wconf 79' lang='lat' dir='ltr'><strong>eum</strong></span> <span class='ocrx_word' id='word_1_677' title='bbox 383 2451 558 2484; x_wconf 88' lang='lat' dir='ltr'><strong>convenitis,</strong></span> <span class='ocrx_word' id='word_1_678' title='bbox 576 2452 770 2486; x_wconf 84' lang='lat' dir='ltr'><strong>unusquisque</strong></span> <span class='ocrx_word' id='word_1_679' title='bbox 801 2457 922 2481; x_wconf 83' lang='lat' dir='ltr'><strong>vestrum</strong></span> <span class='ocrx_word' id='word_1_680' title='bbox 946 2455 1081 2489; x_wconf 90' lang='lat' dir='ltr'><strong>psalmum</strong></span> 
     </span>
    </p>
   </div>
   <div class='ocr_carea' id='block_1_98' title="bbox 291 2496 1083 2534">
    <p class='ocr_par' dir='ltr' id='par_1_98' title="bbox 291 2496 1083 2534">
     <span class='ocr_line' id='line_1_98' title="bbox 291 2496 1083 2534; baseline 0.003 -8"><span class='ocrx_word' id='word_1_681' title='bbox 291 2497 394 2530; x_wconf 83' lang='lat' dir='ltr'><strong>liabet.</strong></span> <span class='ocrx_word' id='word_1_682' title='bbox 415 2497 568 2525; x_wconf 85' lang='lat' dir='ltr'><strong>doctrinam</strong></span> <span class='ocrx_word' id='word_1_683' title='bbox 594 2496 688 2529; x_wconf 84' lang='lat' dir='ltr'><strong>habet,</strong></span> <span class='ocrx_word' id='word_1_684' title='bbox 707 2498 892 2534; x_wconf 84' lang='lat' dir='ltr'><strong>apocalypsim</strong></span> <span class='ocrx_word' id='word_1_685' title='bbox 920 2500 1012 2533; x_wconf 84' lang='lat' dir='ltr'><strong>liabet,</strong></span> <span class='ocrx_word' id='word_1_686' title='bbox 1030 2501 1083 2528; x_wconf 78' lang='lat' dir='ltr'><strong>lin-</strong></span> 
     </span>
    </p>
   </div>
   <div class='ocr_carea' id='block_1_99' title="bbox 290 2543 1081 2581">
    <p class='ocr_par' dir='ltr' id='par_1_99' title="bbox 290 2543 1081 2581">
     <span class='ocr_line' id='line_1_99' title="bbox 290 2543 1081 2581; baseline 0.005 -11"><span class='ocrx_word' id='word_1_687' title='bbox 290 2551 371 2581; x_wconf 86' lang='lat' dir='ltr'><strong>guam</strong></span> <span class='ocrx_word' id='word_1_688' title='bbox 399 2543 499 2578; x_wconf 69' lang='lat' dir='ltr'><strong>habetl.</strong></span> <span class='ocrx_word' id='word_1_689' title='bbox 519 2543 772 2578; x_wconf 82' lang='lat' dir='ltr'><strong>interpretationem</strong></span> <span class='ocrx_word' id='word_1_690' title='bbox 805 2545 888 2573; x_wconf 86' lang='lat' dir='ltr'><strong>habet</strong></span> <span class='ocrx_word' id='word_1_691' title='bbox 909 2554 916 2580; x_wconf 88' lang='lat'><strong>;</strong></span> <span class='ocrx_word' id='word_1_692' title='bbox 935 2547 1026 2574; x_wconf 91' lang='lat' dir='ltr'><strong>omnia</strong></span> <span class='ocrx_word' id='word_1_693' title='bbox 1048 2547 1081 2574; x_wconf 87' lang='lat' dir='ltr'><strong>ad</strong></span> 
     </span>
    </p>
   </div>
   <div class='ocr_carea' id='block_1_100' title="bbox 291 2589 1084 2627">
    <p class='ocr_par' dir='ltr' id='par_1_100' title="bbox 291 2589 1084 2627">
     <span class='ocr_line' id='line_1_100' title="bbox 291 2589 1084 2627; baseline 0.003 -8"><span class='ocrx_word' id='word_1_694' title='bbox 291 2590 498 2619; x_wconf 55' lang='lat' dir='ltr'><strong>mdiﬁcationem</strong></span> <span class='ocrx_word' id='word_1_695' title='bbox 514 2589 590 2617; x_wconf 85' lang='lat' dir='ltr'><strong>ﬁant.</strong></span> <span class='ocrx_word' id='word_1_696' title='bbox 607 2590 670 2618; x_wconf 82' lang='lat' dir='ltr'><strong>Sive</strong></span> <span class='ocrx_word' id='word_1_697' title='bbox 685 2590 777 2627; x_wconf 82' lang='lat' dir='ltr'><strong>lingua</strong></span> <span class='ocrx_word' id='word_1_698' title='bbox 802 2592 864 2626; x_wconf 86' lang='lat' dir='ltr'><strong>quis</strong></span> <span class='ocrx_word' id='word_1_699' title='bbox 885 2592 1016 2627; x_wconf 87' lang='lat' dir='ltr'><strong>loquitur,</strong></span> <span class='ocrx_word' id='word_1_700' title='bbox 1039 2601 1084 2622; x_wconf 88' lang='lat' dir='ltr'><strong>se-</strong></span> 
     </span>
    </p>
   </div>
   <div class='ocr_carea' id='block_1_101' title="bbox 293 2635 1082 2673">
    <p class='ocr_par' dir='ltr' id='par_1_101' title="bbox 293 2635 1082 2673">
     <span class='ocr_line' id='line_1_101' title="bbox 293 2635 1082 2673; baseline 0.005 -10"><span class='ocrx_word' id='word_1_701' title='bbox 293 2635 413 2663; x_wconf 81' lang='lat' dir='ltr'><strong>cundum</strong></span> <span class='ocrx_word' id='word_1_702' title='bbox 428 2635 510 2667; x_wconf 87' lang='lat' dir='ltr'><strong>duos,</strong></span> <span class='ocrx_word' id='word_1_703' title='bbox 521 2635 565 2662; x_wconf 78' lang='lat' dir='ltr'><strong>vel</strong></span> <span class='ocrx_word' id='word_1_704' title='bbox 586 2639 616 2662; x_wconf 84' lang='lat' dir='ltr'><strong>ut</strong></span> <span class='ocrx_word' id='word_1_705' title='bbox 633 2635 749 2663; x_wconf 87' lang='lat' dir='ltr'><strong>multum</strong></span> <span class='ocrx_word' id='word_1_706' title='bbox 768 2640 834 2669; x_wconf 84' lang='lat' dir='ltr'><strong>tres,</strong></span> <span class='ocrx_word' id='word_1_707' title='bbox 851 2641 879 2664; x_wconf 88' lang='lat' dir='ltr'><strong>et</strong></span> <span class='ocrx_word' id='word_1_708' title='bbox 903 2646 951 2673; x_wconf 83' lang='lat' dir='ltr'><strong>per</strong></span> <span class='ocrx_word' id='word_1_709' title='bbox 968 2643 1059 2673; x_wconf 84' lang='lat' dir='ltr'><strong>partes</strong></span> <span class='ocrx_word' id='word_1_710' title='bbox 1075 2648 1082 2673; x_wconf 88' lang='lat'><strong>;</strong></span> 
     </span>
    </p>
   </div>
   <div class='ocr_carea' id='block_1_102' title="bbox 291 2681 1084 2717">
    <p class='ocr_par' dir='ltr' id='par_1_102' title="bbox 291 2681 1084 2717">
     <span class='ocr_line' id='line_1_102' title="bbox 291 2681 1084 2717; baseline 0.004 -8"><span class='ocrx_word' id='word_1_711' title='bbox 291 2687 320 2710; x_wconf 82' lang='lat' dir='ltr'><strong>et</strong></span> <span class='ocrx_word' id='word_1_712' title='bbox 341 2688 414 2710; x_wconf 85' lang='lat' dir='ltr'><strong>unus</strong></span> <span class='ocrx_word' id='word_1_713' title='bbox 437 2681 644 2717; x_wconf 86' lang='lat' dir='ltr'><strong>interpretetur.</strong></span> <span class='ocrx_word' id='word_1_714' title='bbox 666 2681 695 2710; x_wconf 90' lang='lat' dir='ltr'><strong>Si</strong></span> <span class='ocrx_word' id='word_1_715' title='bbox 712 2687 802 2710; x_wconf 86' lang='lat' dir='ltr'><strong>autem</strong></span> <span class='ocrx_word' id='word_1_716' title='bbox 822 2691 875 2711; x_wconf 92' lang='lat' dir='ltr'><strong>non</strong></span> <span class='ocrx_word' id='word_1_717' title='bbox 892 2684 976 2712; x_wconf 85' lang='lat' dir='ltr'><strong>luerit</strong></span> <span class='ocrx_word' id='word_1_718' title='bbox 998 2686 1084 2714; x_wconf 53' lang='lat' dir='ltr'><strong>inter.</strong></span> 
     </span>
    </p>
   </div>
   <div class='ocr_carea' id='block_1_103' title="bbox 292 2726 1084 2766">
    <p class='ocr_par' dir='ltr' id='par_1_103' title="bbox 292 2726 1084 2766">
     <span class='ocr_line' id='line_1_103' title="bbox 292 2726 1084 2766; baseline 0.004 -10"><span class='ocrx_word' id='word_1_719' title='bbox 292 2735 369 2765; x_wconf 80' lang='lat' dir='ltr'><strong>pres.</strong></span> <span class='ocrx_word' id='word_1_720' title='bbox 382 2731 473 2755; x_wconf 84' lang='lat' dir='ltr'><strong>taceat</strong></span> <span class='ocrx_word' id='word_1_721' title='bbox 491 2728 519 2755; x_wconf 90' lang='lat' dir='ltr'><strong>in</strong></span> <span class='ocrx_word' id='word_1_722' title='bbox 546 2726 669 2756; x_wconf 85' lang='lat' dir='ltr'><strong>Ecclesia</strong></span> <span class='ocrx_word' id='word_1_723' title='bbox 693 2736 700 2756; x_wconf 91' lang='lat'><strong>:</strong></span> <span class='ocrx_word' id='word_1_724' title='bbox 718 2729 772 2757; x_wconf 87' lang='lat' dir='ltr'><strong>sibi</strong></span> <span class='ocrx_word' id='word_1_725' title='bbox 802 2734 894 2758; x_wconf 83' lang='lat' dir='ltr'><strong>autem</strong></span> <span class='ocrx_word' id='word_1_726' title='bbox 913 2731 1043 2766; x_wconf 86' lang='lat' dir='ltr'><strong>loquatur</strong></span> <span class='ocrx_word' id='word_1_727' title='bbox 1057 2736 1084 2759; x_wconf 89' lang='lat' dir='ltr'><strong>et</strong></span> 
     </span>
    </p>
   </div>
   <div class='ocr_carea' id='block_1_104' title="bbox 290 2773 1085 2810">
    <p class='ocr_par' dir='ltr' id='par_1_104' title="bbox 290 2773 1085 2810">
     <span class='ocr_line' id='line_1_104' title="bbox 290 2773 1085 2810; baseline 0.005 -8"><span class='ocrx_word' id='word_1_728' title='bbox 290 2773 356 2803; x_wconf 85' lang='lat' dir='ltr'><strong>Deo.</strong></span> <span class='ocrx_word' id='word_1_729' title='bbox 370 2773 514 2809; x_wconf 59' lang='lat' dir='ltr'><strong>Propheta</strong></span> <span class='ocrx_word' id='word_1_730' title='bbox 540 2779 630 2802; x_wconf 84' lang='lat' dir='ltr'><strong>autem</strong></span> <span class='ocrx_word' id='word_1_731' title='bbox 647 2774 702 2802; x_wconf 90' lang='lat' dir='ltr'><strong>duo</strong></span> <span class='ocrx_word' id='word_1_732' title='bbox 729 2779 776 2803; x_wconf 84' lang='lat' dir='ltr'><strong>aut</strong></span> <span class='ocrx_word' id='word_1_733' title='bbox 791 2779 847 2804; x_wconf 88' lang='lat' dir='ltr'><strong>tres</strong></span> <span class='ocrx_word' id='word_1_734' title='bbox 863 2777 966 2810; x_wconf 88' lang='lat' dir='ltr'><strong>dicant,</strong></span> <span class='ocrx_word' id='word_1_735' title='bbox 984 2783 1011 2805; x_wconf 87' lang='lat' dir='ltr'><strong>ct</strong></span> <span class='ocrx_word' id='word_1_736' title='bbox 1032 2787 1085 2806; x_wconf 76' lang='lat' dir='ltr'><strong>cae-</strong></span> 
     </span>
    </p>
   </div>
   <div class='ocr_carea' id='block_1_105' title="bbox 290 2819 1086 2855">
    <p class='ocr_par' dir='ltr' id='par_1_105' title="bbox 290 2819 1086 2855">
     <span class='ocr_line' id='line_1_105' title="bbox 290 2819 1086 2855; baseline 0.01 -10"><span class='ocrx_word' id='word_1_737' title='bbox 290 2819 342 2847; x_wconf 69' lang='lat' dir='ltr'><strong>tcri</strong></span> <span class='ocrx_word' id='word_1_738' title='bbox 362 2819 525 2855; x_wconf 83' lang='lat' dir='ltr'><strong>dijudicent.</strong></span> <span class='ocrx_word' id='word_1_739' title='bbox 549 2819 628 2852; x_wconf 81' lang='lat' dir='ltr'><strong>Quod</strong></span> <span class='ocrx_word' id='word_1_740' title='bbox 645 2821 666 2848; x_wconf 90' lang='lat' dir='ltr'><strong>si</strong></span> <span class='ocrx_word' id='word_1_741' title='bbox 696 2826 786 2849; x_wconf 84' lang='lat' dir='ltr'><strong>autem</strong></span> <span class='ocrx_word' id='word_1_742' title='bbox 806 2823 850 2850; x_wconf 85' lang='lat' dir='ltr'><strong>alii</strong></span> <span class='ocrx_word' id='word_1_743' title='bbox 866 2825 1015 2852; x_wconf 83' lang='lat' dir='ltr'><strong>revelatum</strong></span> <span class='ocrx_word' id='word_1_744' title='bbox 1032 2824 1086 2854; x_wconf 79' lang='lat' dir='ltr'><strong>fue-</strong></span> 
     </span>
    </p>
   </div>
   <div class='ocr_carea' id='block_1_106' title="bbox 290 2863 489 2892">
    <p class='ocr_par' dir='ltr' id='par_1_106' title="bbox 290 2863 489 2892">
     <span class='ocr_line' id='line_1_106' title="bbox 290 2863 489 2892; baseline -0.01 -1"><span class='ocrx_word' id='word_1_745' title='bbox 290 2863 327 2892; x_wconf 86' lang='lat' dir='ltr'><strong>rit</strong></span> <span class='ocrx_word' id='word_1_746' title='bbox 345 2863 462 2891; x_wconf 79' lang='lat' dir='ltr'><strong>sedenti.</strong></span> <span class='ocrx_word' id='word_1_747' title='bbox 479 2872 489 2889; x_wconf 81' lang='grc'><strong><em>›</em></strong></span> 
     </span>
    </p>
   </div>
   <div class='ocr_carea' id='block_1_107' title="bbox 1132 2276 1927 2314">
    <p class='ocr_par' dir='ltr' id='par_1_107' title="bbox 1132 2276 1927 2314">
     <span class='ocr_line' id='line_1_107' title="bbox 1132 2276 1927 2314; baseline -0.005 -8"><span class='ocrx_word' id='word_1_748' title='bbox 1132 2287 1177 2306; x_wconf 75' lang='grc' dir='ltr'>ται</span> <span class='ocrx_word' id='word_1_749' title='bbox 1193 2278 1245 2306; x_wconf 82' lang='grc' dir='ltr'>ὑπὸ</span> <span class='ocrx_word' id='word_1_750' title='bbox 1261 2279 1383 2311; x_wconf 81' lang='grc' dir='ltr'>πάντων,</span> <span class='ocrx_word' id='word_1_751' title='bbox 1393 2277 1573 2314; x_wconf 82' lang='grc' dir='ltr'>ἀνακρίνεται</span> <span class='ocrx_word' id='word_1_752' title='bbox 1586 2277 1640 2304; x_wconf 80' lang='grc' dir='ltr'><strong>ὑπὸ</strong></span> <span class='ocrx_word' id='word_1_753' title='bbox 1653 2277 1764 2305; x_wconf 83' lang='grc' dir='ltr'>πάντων</span> <span class='ocrx_word' id='word_1_754' title='bbox 1777 2285 1783 2292; x_wconf 90' lang='grc'>·</span> <span class='ocrx_word' id='word_1_755' title='bbox 1794 2277 1842 2304; x_wconf 69' lang='grc' dir='ltr'><strong>καὶ</strong></span> <span class='ocrx_word' id='word_1_756' title='bbox 1855 2276 1927 2303; x_wconf 71' lang='grc' dir='ltr'>οὕτω</span> 
     </span>
    </p>
   </div>
   <div class='ocr_carea' id='block_1_108' title="bbox 1131 2322 1927 2360">
    <p class='ocr_par' dir='ltr' id='par_1_108' title="bbox 1131 2322 1927 2360">
     <span class='ocr_line' id='line_1_108' title="bbox 1131 2322 1927 2360; baseline -0.004 -9"><span class='ocrx_word' id='word_1_757' title='bbox 1131 2324 1167 2351; x_wconf 66' lang='grc' dir='ltr'><strong>τὰ</strong></span> <span class='ocrx_word' id='word_1_758' title='bbox 1190 2324 1301 2360; x_wconf 80' lang='grc' dir='ltr'>κρυπτὰ</span> <span class='ocrx_word' id='word_1_759' title='bbox 1317 2324 1366 2359; x_wconf 78' lang='grc' dir='ltr'><strong>τῆς</strong></span> <span class='ocrx_word' id='word_1_760' title='bbox 1390 2323 1506 2360; x_wconf 80' lang='grc' dir='ltr'>καρδίας</span> <span class='ocrx_word' id='word_1_761' title='bbox 1521 2323 1603 2350; x_wconf 80' lang='grc' dir='ltr'>αὐτοῦ</span> <span class='ocrx_word' id='word_1_762' title='bbox 1624 2323 1729 2359; x_wconf 81' lang='grc' dir='ltr'>φανερὰ</span> <span class='ocrx_word' id='word_1_763' title='bbox 1747 2323 1864 2358; x_wconf 79' lang='grc' dir='ltr'>γίνεται,</span> <span class='ocrx_word' id='word_1_764' title='bbox 1879 2322 1927 2348; x_wconf 79' lang='grc' dir='ltr'>καὶ</span> 
     </span>
    </p>
   </div>
   <div class='ocr_carea' id='block_1_109' title="bbox 1133 2368 1924 2406">
    <p class='ocr_par' dir='ltr' id='par_1_109' title="bbox 1133 2368 1924 2406">
     <span class='ocr_line' id='line_1_109' title="bbox 1133 2368 1924 2406; baseline -0.003 -9"><span class='ocrx_word' id='word_1_765' title='bbox 1133 2370 1204 2397; x_wconf 74' lang='grc' dir='ltr'>οὓτω</span> <span class='ocrx_word' id='word_1_766' title='bbox 1225 2369 1318 2397; x_wconf 85' lang='grc' dir='ltr'>πεσὼν</span> <span class='ocrx_word' id='word_1_767' title='bbox 1346 2370 1393 2397; x_wconf 80' lang='grc' dir='ltr'><strong>ἐπὶ</strong></span> <span class='ocrx_word' id='word_1_768' title='bbox 1417 2370 1563 2405; x_wconf 77' lang='grc' dir='ltr'>πρόσωπον</span> <span class='ocrx_word' id='word_1_769' title='bbox 1581 2369 1767 2406; x_wconf 79' lang='grc' dir='ltr'>προσκυνήσει</span> <span class='ocrx_word' id='word_1_770' title='bbox 1790 2369 1829 2405; x_wconf 83' lang='grc' dir='ltr'><strong>τῷ</strong></span> <span class='ocrx_word' id='word_1_771' title='bbox 1855 2368 1924 2404; x_wconf 76' lang='grc' dir='ltr'>Θεῷ,</span> 
     </span>
    </p>
   </div>
   <div class='ocr_carea' id='block_1_110' title="bbox 1133 2414 1927 2452">
    <p class='ocr_par' dir='ltr' id='par_1_110' title="bbox 1133 2414 1927 2452">
     <span class='ocr_line' id='line_1_110' title="bbox 1133 2414 1927 2452; baseline 0 -8"><span class='ocrx_word' id='word_1_772' title='bbox 1133 2416 1327 2450; x_wconf 75' lang='grc' dir='ltr'>ἀπαγγέλλων,</span> <span class='ocrx_word' id='word_1_773' title='bbox 1343 2416 1384 2442; x_wconf 79' lang='grc' dir='ltr'><strong>ὅτι</strong></span> <span class='ocrx_word' id='word_1_774' title='bbox 1397 2417 1410 2442; x_wconf 81' lang='grc' dir='ltr'><strong>ὸ</strong></span> <span class='ocrx_word' id='word_1_775' title='bbox 1430 2416 1496 2447; x_wconf 76' lang='grc' dir='ltr'>θεὸς</span> <span class='ocrx_word' id='word_1_776' title='bbox 1511 2416 1595 2448; x_wconf 78' lang='grc' dir='ltr'>ὅντως</span> <span class='ocrx_word' id='word_1_777' title='bbox 1611 2418 1639 2443; x_wconf 82' lang='grc' dir='ltr'>ὲν</span> <span class='ocrx_word' id='word_1_778' title='bbox 1659 2417 1723 2452; x_wconf 80' lang='grc' dir='ltr'><strong>ὑμῖν</strong></span> <span class='ocrx_word' id='word_1_779' title='bbox 1747 2416 1816 2444; x_wconf 80' lang='grc' dir='ltr'>ἐστι.</span> <span class='ocrx_word' id='word_1_780' title='bbox 1828 2417 1849 2443; x_wconf 85' lang='lat'><strong>&#39;1&#39;</strong></span> <span class='ocrx_word' id='word_1_781' title='bbox 1853 2416 1861 2442; x_wconf 89' lang='grc' dir='ltr'><strong>ί</strong></span> <span class='ocrx_word' id='word_1_782' title='bbox 1881 2414 1927 2444; x_wconf 81' lang='grc' dir='ltr'>οὖν</span> 
     </span>
    </p>
   </div>
   <div class='ocr_carea' id='block_1_111' title="bbox 1133 2461 1927 2498">
    <p class='ocr_par' dir='ltr' id='par_1_111' title="bbox 1133 2461 1927 2498">
     <span class='ocr_line' id='line_1_111' title="bbox 1133 2461 1927 2498; baseline 0 -9"><span class='ocrx_word' id='word_1_783' title='bbox 1133 2463 1207 2489; x_wconf 77' lang='grc' dir='ltr'>ἐστιν</span> <span class='ocrx_word' id='word_1_784' title='bbox 1223 2481 1230 2494; x_wconf 83' lang='grc'><strong>,</strong></span> <span class='ocrx_word' id='word_1_785' title='bbox 1247 2461 1376 2496; x_wconf 76' lang='grc' dir='ltr'>ἁδελφοί;</span> <span class='ocrx_word' id='word_1_786' title='bbox 1402 2462 1467 2488; x_wconf 81' lang='grc' dir='ltr'>ὅταν</span> <span class='ocrx_word' id='word_1_787' title='bbox 1499 2461 1668 2497; x_wconf 81' lang='grc' dir='ltr'>συνέρχησθε</span> <span class='ocrx_word' id='word_1_788' title='bbox 1682 2481 1688 2494; x_wconf 89' lang='grc'><strong>,</strong></span> <span class='ocrx_word' id='word_1_789' title='bbox 1704 2462 1820 2494; x_wconf 76' lang='grc' dir='ltr'>ἕκαστος</span> <span class='ocrx_word' id='word_1_790' title='bbox 1850 2462 1927 2498; x_wconf 77' lang='grc' dir='ltr'>ὑμῶν</span> 
     </span>
    </p>
   </div>
   <div class='ocr_carea' id='block_1_112' title="bbox 1133 2507 1928 2544">
    <p class='ocr_par' dir='ltr' id='par_1_112' title="bbox 1133 2507 1928 2544">
     <span class='ocr_line' id='line_1_112' title="bbox 1133 2507 1928 2544; baseline -0.003 -8"><span class='ocrx_word' id='word_1_791' title='bbox 1133 2508 1240 2543; x_wconf 76' lang='grc' dir='ltr'>ψαλμὸν</span> <span class='ocrx_word' id='word_1_792' title='bbox 1253 2507 1310 2543; x_wconf 77' lang='grc' dir='ltr'>ἔχει</span> <span class='ocrx_word' id='word_1_793' title='bbox 1321 2527 1328 2540; x_wconf 89' lang='grc'><strong>,</strong></span> <span class='ocrx_word' id='word_1_794' title='bbox 1344 2507 1455 2544; x_wconf 79' lang='grc' dir='ltr'>διδαχὴν</span> <span class='ocrx_word' id='word_1_795' title='bbox 1470 2507 1528 2543; x_wconf 71' lang='grc' dir='ltr'>ἔχει</span> <span class='ocrx_word' id='word_1_796' title='bbox 1541 2528 1548 2541; x_wconf 90' lang='grc'><strong>,</strong></span> <span class='ocrx_word' id='word_1_797' title='bbox 1561 2508 1689 2543; x_wconf 80' lang='grc' dir='ltr'>γλῶσσαν</span> <span class='ocrx_word' id='word_1_798' title='bbox 1703 2507 1758 2543; x_wconf 82' lang='grc' dir='ltr'>ἔχει</span> <span class='ocrx_word' id='word_1_799' title='bbox 1767 2529 1774 2541; x_wconf 84' lang='grc'><strong>,</strong></span> <span class='ocrx_word' id='word_1_800' title='bbox 1789 2508 1928 2535; x_wconf 79' lang='grc' dir='ltr'>ἀποκάλυ-</span> 
     </span>
    </p>
   </div>
   <div class='ocr_carea' id='block_1_113' title="bbox 1134 2554 1928 2590">
    <p class='ocr_par' dir='ltr' id='par_1_113' title="bbox 1134 2554 1928 2590">
     <span class='ocr_line' id='line_1_113' title="bbox 1134 2554 1928 2590; baseline 0.001 -10"><span class='ocrx_word' id='word_1_801' title='bbox 1134 2554 1180 2589; x_wconf 68' lang='grc' dir='ltr'><strong>ψιν</strong></span> <span class='ocrx_word' id='word_1_802' title='bbox 1204 2554 1262 2589; x_wconf 80' lang='grc' dir='ltr'>ἔχει</span> <span class='ocrx_word' id='word_1_803' title='bbox 1278 2555 1450 2589; x_wconf 76' lang='grc' dir='ltr'>,ἑρμηνείαν</span> <span class='ocrx_word' id='word_1_804' title='bbox 1479 2554 1548 2589; x_wconf 75' lang='grc' dir='ltr'>ἔχει.</span> <span class='ocrx_word' id='word_1_805' title='bbox 1567 2555 1660 2582; x_wconf 80' lang='grc' dir='ltr'>Πάντα</span> <span class='ocrx_word' id='word_1_806' title='bbox 1687 2554 1756 2590; x_wconf 77' lang='grc' dir='ltr'>πρὸς</span> <span class='ocrx_word' id='word_1_807' title='bbox 1783 2555 1928 2590; x_wconf 73' lang='grc' dir='ltr'>οἰκοδομὴν</span> 
     </span>
    </p>
   </div>
   <div class='ocr_carea' id='block_1_114' title="bbox 1135 2600 1929 2637">
    <p class='ocr_par' dir='ltr' id='par_1_114' title="bbox 1135 2600 1929 2637">
     <span class='ocr_line' id='line_1_114' title="bbox 1135 2600 1929 2637; baseline 0.003 -11"><span class='ocrx_word' id='word_1_808' title='bbox 1135 2600 1267 2634; x_wconf 79' lang='grc' dir='ltr'>γενέσθω.</span> <span class='ocrx_word' id='word_1_809' title='bbox 1287 2600 1350 2627; x_wconf 76' lang='grc' dir='ltr'>Εἴτε</span> <span class='ocrx_word' id='word_1_810' title='bbox 1375 2600 1488 2637; x_wconf 77' lang='grc' dir='ltr'>γλώσσῃ</span> <span class='ocrx_word' id='word_1_811' title='bbox 1508 2609 1550 2633; x_wconf 83' lang='grc' dir='ltr'><strong>τις</strong></span> <span class='ocrx_word' id='word_1_812' title='bbox 1577 2601 1671 2634; x_wconf 82' lang='grc' dir='ltr'>λαλεῖ,</span> <span class='ocrx_word' id='word_1_813' title='bbox 1686 2601 1757 2629; x_wconf 85' lang='grc' dir='ltr'><strong>κατά</strong></span> <span class='ocrx_word' id='word_1_814' title='bbox 1778 2600 1835 2633; x_wconf 75' lang='grc' dir='ltr'>δύο,</span> <span class='ocrx_word' id='word_1_815' title='bbox 1855 2601 1874 2637; x_wconf 82' lang='grc' dir='ltr'>ἢ</span> <span class='ocrx_word' id='word_1_816' title='bbox 1898 2601 1929 2633; x_wconf 71' lang='grc' dir='ltr'>τιὸ</span> 
     </span>
    </p>
   </div>
   <div class='ocr_carea' id='block_1_115' title="bbox 1135 2645 1927 2684">
    <p class='ocr_par' dir='ltr' id='par_1_115' title="bbox 1135 2645 1927 2684">
     <span class='ocr_line' id='line_1_115' title="bbox 1135 2645 1927 2684; baseline 0.001 -11"><span class='ocrx_word' id='word_1_817' title='bbox 1135 2647 1261 2674; x_wconf 80' lang='grc' dir='ltr'>πλεῖστον</span> <span class='ocrx_word' id='word_1_818' title='bbox 1275 2648 1360 2682; x_wconf 77' lang='grc' dir='ltr'>τρεῖς,</span> <span class='ocrx_word' id='word_1_819' title='bbox 1370 2648 1417 2673; x_wconf 75' lang='grc' dir='ltr'><strong>καὶ</strong></span> <span class='ocrx_word' id='word_1_820' title='bbox 1431 2647 1484 2674; x_wconf 77' lang='grc' dir='ltr'><strong>ἀνὰ</strong></span> <span class='ocrx_word' id='word_1_821' title='bbox 1495 2647 1590 2684; x_wconf 75' lang='grc' dir='ltr'>μέρος,</span> <span class='ocrx_word' id='word_1_822' title='bbox 1605 2648 1651 2675; x_wconf 84' lang='grc' dir='ltr'>καὶ</span> <span class='ocrx_word' id='word_1_823' title='bbox 1667 2645 1706 2680; x_wconf 75' lang='grc' dir='ltr'>εἰς</span> <span class='ocrx_word' id='word_1_824' title='bbox 1715 2647 1927 2684; x_wconf 72' lang='grc' dir='ltr'>διερμηνευέτω.</span> 
     </span>
    </p>
   </div>
   <div class='ocr_carea' id='block_1_116' title="bbox 1143 2692 1927 2731">
    <p class='ocr_par' dir='ltr' id='par_1_116' title="bbox 1143 2692 1927 2731">
     <span class='ocr_line' id='line_1_116' title="bbox 1143 2692 1927 2731; baseline 0.001 -11"><span class='ocrx_word' id='word_1_825' title='bbox 1143 2693 1206 2720; x_wconf 82' lang='grc' dir='ltr'>Ἐἀν</span> <span class='ocrx_word' id='word_1_826' title='bbox 1230 2693 1258 2720; x_wconf 80' lang='grc' dir='ltr'><strong>δὲ</strong></span> <span class='ocrx_word' id='word_1_827' title='bbox 1274 2693 1311 2729; x_wconf 82' lang='grc' dir='ltr'><strong>μὴ</strong></span> <span class='ocrx_word' id='word_1_828' title='bbox 1371 2693 1583 2731; x_wconf 78' lang='grc' dir='ltr'>διερμηνευτὴς,</span> <span class='ocrx_word' id='word_1_829' title='bbox 1610 2695 1714 2730; x_wconf 79' lang='grc' dir='ltr'>σιγάτω</span> <span class='ocrx_word' id='word_1_830' title='bbox 1730 2696 1760 2722; x_wconf 80' lang='grc' dir='ltr'>ὲν</span> <span class='ocrx_word' id='word_1_831' title='bbox 1776 2695 1927 2730; x_wconf 57' lang='grc' dir='ltr'>ὲκκλησιφ</span> 
     </span>
    </p>
   </div>
   <div class='ocr_carea' id='block_1_117' title="bbox 1137 2739 1928 2778">
    <p class='ocr_par' dir='ltr' id='par_1_117' title="bbox 1137 2739 1928 2778">
     <span class='ocr_line' id='line_1_117' title="bbox 1137 2739 1928 2778; baseline 0.003 -12"><span class='ocrx_word' id='word_1_832' title='bbox 1137 2739 1225 2775; x_wconf 80' lang='grc' dir='ltr'>ἑαυτῷ</span> <span class='ocrx_word' id='word_1_833' title='bbox 1242 2740 1270 2766; x_wconf 73' lang='grc' dir='ltr'><strong>δὲ</strong></span> <span class='ocrx_word' id='word_1_834' title='bbox 1286 2740 1418 2773; x_wconf 74' lang='grc' dir='ltr'>λαλείτω,</span> <span class='ocrx_word' id='word_1_835' title='bbox 1432 2741 1479 2768; x_wconf 79' lang='grc' dir='ltr'>καὶ</span> <span class='ocrx_word' id='word_1_836' title='bbox 1495 2741 1534 2776; x_wconf 83' lang='grc' dir='ltr'>τῷ</span> <span class='ocrx_word' id='word_1_837' title='bbox 1553 2741 1623 2777; x_wconf 83' lang='grc' dir='ltr'><strong>Θεῷ.</strong></span> <span class='ocrx_word' id='word_1_838' title='bbox 1644 2742 1787 2778; x_wconf 77' lang='grc' dir='ltr'>Προφῆται</span> <span class='ocrx_word' id='word_1_839' title='bbox 1802 2742 1832 2769; x_wconf 77' lang='grc' dir='ltr'><strong>δὲ</strong></span> <span class='ocrx_word' id='word_1_840' title='bbox 1847 2741 1894 2768; x_wconf 81' lang='grc' dir='ltr'><strong>δύο</strong></span> <span class='ocrx_word' id='word_1_841' title='bbox 1912 2741 1928 2776; x_wconf 74' lang='grc' dir='ltr'><strong>ἢ</strong></span> 
     </span>
    </p>
   </div>
   <div class='ocr_carea' id='block_1_118' title="bbox 1138 2786 1929 2824">
    <p class='ocr_par' dir='ltr' id='par_1_118' title="bbox 1138 2786 1929 2824">
     <span class='ocr_line' id='line_1_118' title="bbox 1138 2786 1929 2824; baseline 0.004 -13"><span class='ocrx_word' id='word_1_842' title='bbox 1138 2787 1212 2822; x_wconf 80' lang='grc' dir='ltr'>τρεῖς</span> <span class='ocrx_word' id='word_1_843' title='bbox 1231 2786 1408 2819; x_wconf 88' lang='grc' dir='ltr'>λαλείτωσαν,</span> <span class='ocrx_word' id='word_1_844' title='bbox 1425 2788 1471 2814; x_wconf 72' lang='grc' dir='ltr'>καὶ</span> <span class='ocrx_word' id='word_1_845' title='bbox 1486 2789 1512 2815; x_wconf 80' lang='grc' dir='ltr'>οἱ</span> <span class='ocrx_word' id='word_1_846' title='bbox 1536 2789 1611 2815; x_wconf 86' lang='grc' dir='ltr'>ἄλλοι</span> <span class='ocrx_word' id='word_1_847' title='bbox 1635 2788 1852 2824; x_wconf 82' lang='grc' dir='ltr'>διακρινέτωσαν</span> <span class='ocrx_word' id='word_1_848' title='bbox 1863 2795 1870 2803; x_wconf 81' lang='lat'><strong><em>°</em></strong></span> <span class='ocrx_word' id='word_1_849' title='bbox 1882 2787 1929 2815; x_wconf 70' lang='grc' dir='ltr'><strong>ἐὰν</strong></span> 
     </span>
    </p>
   </div>
   <div class='ocr_carea' id='block_1_119' title="bbox 1137 2831 1660 2871">
    <p class='ocr_par' dir='ltr' id='par_1_119' title="bbox 1137 2831 1660 2871">
     <span class='ocr_line' id='line_1_119' title="bbox 1137 2831 1660 2871; baseline 0.01 -14"><span class='ocrx_word' id='word_1_850' title='bbox 1137 2831 1165 2857; x_wconf 79' lang='grc' dir='ltr'><strong>δὲ</strong></span> <span class='ocrx_word' id='word_1_851' title='bbox 1180 2831 1254 2867; x_wconf 80' lang='grc' dir='ltr'>ἄλλῳ</span> <span class='ocrx_word' id='word_1_852' title='bbox 1271 2832 1453 2869; x_wconf 69' lang='grc' dir='ltr'>ἀποκαλυφθῇ</span> <span class='ocrx_word' id='word_1_853' title='bbox 1472 2834 1630 2871; x_wconf 67' lang='grc' dir='ltr'>καθημένῳ.</span> <span class='ocrx_word' id='word_1_854' title='bbox 1651 2845 1660 2861; x_wconf 69' lang='grc' dir='ltr'><strong>ι</strong></span> 
     </span>
    </p>
   </div>
  </div>
