2078 3116
203 149 264 190 639‘

782 161 824 192 ΙΝ
840 161 948 191 EPIS’I‘
976 161 1026 191 AD
1037 161 1217 193 CORINTH.
1237 164 1262 193 Ι.

1788 152 1842 198 seu

242 222 251 239 1
271 212 303 240 El
320 211 359 248 μὴ
374 212 436 247 εἰκῆ
451 212 642 240 ἐπιστεύσατε.
657 214 808 250 Παρέδωκα
824 216 879 251 γὰρ
891 215 955 250 ὑμῖν
968 215 997 241 ὲν

1088 226 1097 242 1
1116 217 1174 245 Nisi
1205 218 1307 245 frustra
1336 218 1503 247 credidistis.
1531 220 1624 256 [γης.
1652 221 1691 257 3.]
1721 222 1832 251 Tradidi

205 266 337 296 πρωτοις,
354 257 369 284 ὃ
380 257 428 285 καὶ
445 257 612 293 παρέλαϐον.
633 268 642 284 ι
876 271 878 273 -

245 304 353 339 Ἐπειδὴ
363 301 450 338 εἷπεν,
461 304 497 331 ἐν
510 301 590 338 ᾦκαι
604 305 762 340 ἑστήκατε,
771 306 814 333 ἵνα
829 306 865 342 μή
878 307 998 342 ῥᾳθυμο-

205 351 301 388 τιρους
311 350 425 387 ποιήσῃ,
440 349 553 385 ἐκφοϐεῖ
569 350 662 378 πάλιν.

242 405 251 422 1
269 396 332 423 Ὅτι
346 394 465 431 Χριστὸς
483 394 621 423 ἀπέθανεν
636 396 706 432 ὑπὲρ
719 397 863 432 ἁμαρτιῶν
876 398 965 434 ήμῶν.
985 408 994 424 ι

241 485 297 512 Οὐκ
308 484 386 512 εἶπεν
400 485 512 518 εὐθέως,
533 486 574 512 ὅτι
593 486 744 519 ἀνάστασίς
771 488 830 515 ἐστι
850 489 996 524 σωμάτων,

206 530 275 558 ἀλλὰ
290 529 357 557 αὐτὸ
375 531 425 566 μὲν
442 531 524 558 τοῦτο
539 532 754 566 κατασκευάζει,
777 533 836 568 ἅμα
853 533 882 561 δὲ
894 534 997 571 καὶτῆς

206 575 317 612 ἀγάπης
331 576 430 608 αὐτοὺς
444 578 650 613 ὑπομιμνήσκει
660 578 710 613 τῆς
723 578 835 615 πολλῆς,
849 577 884 616 ἧς
899 580 998 607 ἐνεδεί-

208 621 271 654 ξατο
285 623 299 650 ό
312 622 388 657 Θεὸς,
401 623 443 650 ὅτι
456 623 501 650 τὸν
516 623 580 651 Υιὸν
595 623 678 651 αὐτοῦ
691 624 793 652 ἔδωκεν
809 625 879 662 ὑπὲρ
895 627 996 656 αὐτῶν.

246 720 255 735 1
268 711 347 738 Κατὰ
359 711 408 743 τὰς
421 711 543 747 Γραφάς.
555 721 564 738 ι

247 757 276 782 '0
293 756 347 792 γὰρ
363 756 427 789 Θεὸς
442 757 488 784 διὰ
501 757 549 784 τοῦ
566 759 707 794 προφήτου
725 761 807 796 φησίν
819 781 827 793 ,
849 762 914 789 Ἀπὸ
941 762 999 790 τῶν

209 800 339 836 ἀνομιῶν
354 802 407 829 τοῦ
420 801 497 830 λαοῦ
511 812 572 838 μου
596 803 675 838 ἤχθη
698 806 743 837 εἰς
759 805 892 833 θάνατον
905 815 911 822 ·
931 808 978 834 καὶ
989 828 996 839 ,

215 846 245 872 '0
257 846 364 880 Κύριος
374 846 546 880 παρέδωκεν
558 848 652 875 αὐτὸν
661 848 728 882 ταῖς
736 849 892 884 ἁμαρτίαις
903 851 997 886 ἡμῶν·

208 892 271 925 καὶ,
293 892 526 927 Ἐτραυματίσθη
544 893 594 920 διὰ
604 895 657 928 τὰς
671 894 821 930 ἁμαρτίας
838 895 931 930 ἡμῶν.

246 958 256 973 1
276 949 331 976 Καὶ
345 949 385 976 ὅτι
400 950 499 986 ἐτάφη,
518 951 565 978 καὶ
577 951 619 978 ὃτι
633 952 781 988 ἐγήγερται
796 954 829 988 τῇ
840 953 920 990 τρίτῃ
931 954 999 990 ήμέ-

210 1003 254 1030 ρᾳ,
270 995 341 1022 κατὰ
358 995 408 1028 τὰς
429 996 552 1030 Γραφάς.
574 1005 583 1022 ι

243 1041 328 1068 Πάλιν
351 1041 465 1072 Ἡσαΐας
488 1042 653 1077 μαρτυρῶν,
669 1043 710 1070 ὅτι
729 1044 775 1070 Ἐκ
793 1044 892 1078 μέσου
911 1045 998 1081 ἦρται

208 1087 227 1121 ὴ
236 1087 315 1122 ταφὴ
327 1087 430 1115 αὑτοῦ.
447 1088 503 1115 Καὶ
520 1087 601 1115 πάλιν
613 1096 619 1103 ·
637 1090 743 1123 Κύριος
750 1090 896 1122 ,βούλεται
908 1094 998 1119 καθα-

206 1129 290 1164 ρίσαι
307 1130 366 1157 ἀπὸ
387 1129 443 1164 τῆς
457 1131 590 1166 πληγῆς,
606 1132 702 1164 δεῖξαι
718 1133 798 1167 αὐτῷ
819 1133 893 1169 φῶς.
913 1137 969 1163 Καὶ
983 1137 997 1162 ό

207 1175 301 1209 Δαὸὶδ,
316 1176 380 1203 Ὅτι
393 1178 448 1204 οὐκ
459 1177 688 1213 ἐγκαταλείψεις
701 1179 758 1214 τὴν
768 1180 874 1215 ψυχήν
883 1190 942 1216 μου
954 1184 998 1216 εις

208 1220 293 1254 ᾅδου,
305 1221 369 1257 περὶ
382 1222 428 1249 τοῦ
447 1223 577 1259 Χριστοῦ.

249 1287 258 1304 1
280 1279 335 1305 Καὶ
351 1279 392 1305 ὅτι
406 1279 484 1315 ὤφθη
504 1281 597 1316 Κηφᾷ.
619 1290 628 1306 ι

244 1324 297 1351 Τὸν
319 1324 477 1357 ἀξιόπιστον
504 1326 558 1352 τῶν
580 1327 738 1355 ἀποστόλων
752 1328 862 1364 πρῶτον
878 1330 997 1365 παράγει

211 1371 349 1407 μάρτυρα.
360 1370 434 1406 Ὅρα
449 1371 478 1398 δὲ
491 1372 551 1404 πῶς
560 1373 624 1404 τοὺς
635 1374 789 1410 προφήτας,
801 1374 922 1408 καὶτοὺς
934 1377 999 1403 ἀπο-

211 1415 320 1448 στόλους
334 1417 541 1453 μαρτυροῦντας
559 1418 659 1452 ἐπάγει
671 1419 710 1455 τῷ
724 1420 882 1456 πράγματι.

249 1525 257 1541 1
271 1514 339 1543 Εἶτα
349 1518 405 1549 τοῖς
422 1517 532 1545 ἕνδεκαο
550 1519 645 1546 ἔπειτα
660 1519 737 1557 ὤφθη
757 1521 850 1549 ὲπάνω
864 1531 998 1550 πεντακο-

211 1562 279 1594 σίοις
290 1563 413 1598 ἀδελφοῖς
421 1564 541 1598 ἐφάπαξ,
556 1565 586 1597 ἐξ
597 1562 634 1592 ὧν
645 1567 669 1593 οἱ
683 1566 791 1599 πλείους
805 1568 932 1604 μένουσιν
947 1570 999 1602 ἕως

211 1608 273 1643 ἄρτι
283 1618 290 1626 ·
305 1609 377 1642 τινὶς
393 1609 422 1637 δὲ
435 1611 483 1638 καὶ
494 1611 692 1648 ἐκοιμήθησαν.
709 1623 719 1639 ι

246 1701 323 1728 Μετὰ
338 1700 392 1736 γὰρ
411 1701 460 1736 τὴν
473 1702 607 1737 ἀνάληψιν
631 1703 645 1729 ό
661 1703 786 1737 Ματθίας
798 1705 944 1742 κατελέγη,
970 1707 1000 1733 οὐ

214 1746 283 1781 μετά
292 1746 342 1782 τὴν
358 1747 506 1774 ἀνάστασιν
524 1748 635 1780 εὐθέως.

252 1845 260 1860 1
285 1837 292 1856 ἱ
310 1836 426 1863 Ἔπειτα
440 1836 519 1873 ὤφθη
540 1838 671 1875 Ἰακώϐῳ,
693 1839 791 1868 ἔπειτα
805 1842 862 1873 τοῖς
884 1843 1002 1870 ἀποστό-

214 1881 269 1913 λοις
282 1882 375 1909 πᾶσιν.
397 1891 407 1908 ι

250 1928 306 1955 οὐκ
321 1926 407 1961 εἶπεν,
424 1929 568 1965 ἀπέθανον,
582 1932 640 1961 ἀλλ’
651 1933 866 1969 ἐκοιμήθησαν,
874 1935 922 1962 καὶ
938 1936 1003 1964 ταύ-

215 1985 247 2011 τῃ
260 1977 293 2012 τῇ
307 1975 379 2008 λέξει
394 1976 476 2004 πάλιν
491 1977 608 2013 βεϐαιῶν
623 1979 672 2015 τὴν
683 1980 841 2008 ἀνάστασιν.

253 2030 262 2046 1
286 2021 421 2056 Ἔσχατον
443 2021 472 2048 δὲ
496 2022 606 2050 πάντων
633 2024 757 2060 ὡσπερεὶ
781 2025 821 2060 τῷ
845 2026 1003 2062 ἐκτρώματι

216 2065 293 2101 ὤφθη
309 2066 403 2102 κάμοί.
424 2067 495 2102 Ἐγὼ
517 2068 573 2104 γάρ
594 2070 652 2104 ειμι
672 2062 687 2095 t5
704 2069 846 2106 ἐλάχιστος
862 2072 917 2098 τῶν
937 2072 1004 2099 ἀπο-

165 2146 168 2147 ν
216 2111 335 2139 στόλων·
354 2112 383 2144 ὃς
402 2113 453 2140 οὐκ
472 2114 531 2149 εἰμὶ
555 2114 648 2147 ἱκανὸς
674 2115 817 2144 καλετσθαι
843 2117 1002 2151 ἀπόστολος,

215 2157 281 2184 διότι
307 2158 403 2191 ἐδίωξα
429 2159 479 2195 τὴν
501 2159 666 2197 Ἐκκλησίαν
692 2162 745 2197 τοῦ,
757 2162 836 2190 Θεοῦ.
860 2164 960 2200 Χάριτι
976 2164 1004 2191 δὲ

1049 261 1123 289 enim
1140 262 1218 290 vobis
1233 262 1260 289 in
1278 262 1389 297 primis,
1404 263 1477 298 quod
1494 267 1521 292 et
1533 265 1640 300 accepi.
1663 274 1672 291 ι

1083 305 1220 340 Quoniam
1234 307 1322 334 dixit:
1339 306 1373 334 In
1386 315 1437 343 quo
1450 314 1476 336 et
1498 309 1659 342 credidistis,
1676 318 1711 338 ne
1735 311 1848 339 remis-..

1049 355 1138 382 siores
1152 353 1261 388 reddat,
1273 358 1360 382 terret
1370 354 1483 383 iterum.

1086 410 1097 427 1
1114 399 1193 433 Quod
1210 399 1339 428 Christus
1353 404 1480 429 mortuus
1505 405 1548 429 est
1565 409 1615 437 pro
1639 402 1759 438 peccatis
1785 409 1838 430 no~

1049 444 1124 473 stris.
1148 455 1158 471 ι
1852 483 1854 486 .

1083 492 1143 521 Νοιι
1154 493 1247 521 statim
1262 494 1426 529 pronuntiat
1439 495 1674 522 resurrectionem
1689 503 1837 530 corporum

1048 546 1120 572 esse,
1137 539 1185 567 sed
1195 543 1251 567 tum
1264 539 1317 567 hoc
1327 539 1439 575 quidem
1456 538 1572 566 allirmat
1585 547 1592 572 ;
1606 545 1663 568 tum
1679 547 1743 568 vero
1757 541 1837 568 etiam

1049 583 1082 611 ad
1101 584 1262 612 memoriam
1277 592 1325 612 eos
1346 588 1457 612 revocat
1474 585 1598 620 ingentis
1622 584 1697 613 illius
1712 585 1838 613 dilectio-

1049 629 1102 662 nis,
1119 636 1202 665 quam
1217 629 1291 658 Deus
1317 630 1384 665 ipsis
1411 630 1548 663 exhibuit,
1568 628 1668 658 Filium
1690 638 1772 659 suum
1787 637 1838 667 pro

1048 674 1088 702 cis
1103 674 1249 703 tradendo.

1086 730 1095 745 1
1116 719 1279 748 Secundum
1298 720 1468 756 Seripturas.
1486 731 1495 747 ›

1084 766 1157 794 Deus
1172 767 1272 802 quippe
1285 774 1333 801 per
1347 766 1510 802 prophetam
1524 767 1579 794 ait:
1603 766 1717 802 Propter
1730 771 1838 802 peccata

1049 812 1138 846 populi
1155 812 1207 839 mei
1219 812 1314 839 ductus
1329 816 1368 839 est
1389 812 1423 838 ad
1432 817 1543 839 mortem
1557 812 1590 829 "'
1604 821 1611 846 ;
1631 815 1659 839 et
1672 821 1680 839 :
1708 811 1837 839 Dominus

1051 857 1162 884 tradidit
1176 858 1251 884 illum
1267 866 1314 892 pro
1330 858 1445 892 peemtis
1461 858 1561 885 nostris
1572 858 1617 891 ";
1638 862 1665 886 et
1682 867 1688 884 :
1707 857 1837 885 Vulnera-
1893 877 1896 888 κ

1052 908 1092 930 lus
1109 908 1147 930 est
1161 908 1268 937 propter
1283 904 1385 931 scelera
1398 908 1489 931 nostra
1501 903 1537 932 ".

1084 960 1164 988 Vens.
1182 961 1224 988 4.(
1237 959 1269 988 Ει
1279 959 1344 995 quia
1357 960 1485 994 sepultus
1498 963 1550 992 est,
1563 965 1590 987 et
1603 959 1668 995 quia
1685 960 1840 988 resurrexit

1049 1007 1130 1034 tertia
1146 1006 1189 1034 die
1205 1006 1359 1034 secundum
1379 1006 1552 1040 Scripturas.
1573 1014 1582 1032 ι

1085 1052 1206 1079 Rursum
1224 1050 1310 1079 Isaias
1331 1050 1422 1078 dicit:
1447 1050 1471 1077 E
1495 1050 1581 1078 medio
1606 1051 1758 1086 sepulcrum
1780 1050 1838 1084 eius

1050 1097 1170 1125 ablatum
1183 1102 1222 1125 est
1244 1097 1278 1124 ’⁸.
1297 1096 1329 1124 Ει
1346 1097 1464 1124 iterum:
1484 1096 1552 1124 Deus
1566 1097 1621 1124 vult
1634 1104 1694 1124 eum
1711 1096 1840 1124 mundare

1050 1152 1066 1169 a
1079 1143 1193 1175 vulnere,
1204 1142 1340 1170 ostendere
1347 1142 1371 1169 ei
1385 1141 1471 1169 lumen
1486 1142 1521 1170 ³⁸.
1535 1141 1568 1169 Ει
1581 1140 1668 1169 David
1680 1141 1707 1169 in
1722 1148 1839 1176 persona

1048 1189 1151 1216 Christi
1165 1188 1256 1216 aiebat
1269 1199 1275 1216 :
1292 1187 1364 1220 Quia
1379 1196 1430 1215 non
1443 1187 1607 1222 derelinques
1621 1189 1738 1215 animum
1753 1195 1839 1216 meum

1049 1235 1075 1261 in
1088 1234 1191 1267 inferna
1208 1234 1242 1259 ".

1086 1289 1168 1317 Vens.
1186 1289 1212 1316 5.
1234 1298 1243 1315 1
1266 1287 1299 1316 Et
1311 1288 1376 1323 quia
1393 1289 1472 1316 visus
1489 1292 1531 1316 est
1542 1288 1651 1324 (Iephte.
1675 1297 1700 1315 ι.

1084 1335 1179 1362 Primo
1197 1334 1257 1362 loco
1283 1335 1411 1370 producit
1426 1338 1523 1363 testem
1547 1335 1594 1371 qui
1608 1335 1681 1363 inter
1697 1334 1838 1370 apostolos

1051 1381 1102 1410 ﬁde
1114 1380 1379 1417 dignissimuserat.
1398 1380 1520 1409 Observa
1536 1380 1677 1416 quomodo
1690 1381 1839 1416 prophetas

1049 1427 1229 1462 ctapostolos
1243 1426 1348 1458 laudat,
1359 1425 1406 1460 qui
1420 1427 1458 1453 rei
1472 1430 1555 1462 gesta:
1571 1426 1758 1454 testimonium
1776 1425 1839 1454 red-

1051 1473 1157 1501 derent.

1013 1548 1037 1580 ο
1087 1530 1170 1558 Vens.
1186 1530 1212 1557 6.
1231 1540 1240 1556 1
1265 1530 1298 1558 Et
1326 1534 1388 1565 post
1413 1529 1470 1557 hoc
1488 1530 1628 1558 undecim.
1648 1529 1751 1558 Deinde
1765 1529 1840 1557 visus

1051 1579 1093 1603 est
1111 1575 1258 1611 plusquam
1275 1575 1436 1611 quingentis
1449 1575 1583 1603 fratribus
1604 1574 1690 1603 semel
1705 1582 1712 1602 :
1729 1582 1763 1602 ex
1778 1575 1841 1610 qui-

1051 1622 1102 1649 bus
1119 1621 1197 1649 multi
1216 1624 1334 1649 manent
1352 1627 1441 1656 usque
1456 1620 1556 1654 adhuc,
1583 1620 1693 1656 quidam
1708 1623 1797 1648 autem
1812 1623 1855 1648 et.

1051 1666 1236 1694 dormierunt.
1257 1675 1267 1692 ›

1086 1711 1155 1739 Nam
1172 1715 1235 1747 post
1247 1711 1465 1747 nssumptionem
1484 1711 1511 1739 in
1526 1712 1627 1739 cmlum
1644 1711 1774 1740 Matthiss
1790 1719 1842 1739 un-

1053 1757 1140 1785 decim
1158 1757 1292 1792 apostolis
1318 1757 1471 1786 accersitus
1489 1757 1553 1791 fuit,
1576 1765 1630 1785 non
1647 1757 1740 1785 statim
1764 1765 1780 1784 a
1798 1764 1842 1784 re-

1053 1803 1237 1831 surrectione.

1090 1848 1169 1877 Vens.
1184 1849 1212 1876 7.
1228 1858 1237 1875 1
1253 1848 1357 1877 Deinde
1376 1848 1452 1877 visus
1469 1853 1510 1878 est
1526 1848 1629 1877 Iacobo
1642 1867 1650 1881 ,
1665 1848 1764 1878 deinde
1776 1855 1841 1884 apo,

1053 1895 1131 1923 stolis
1145 1895 1284 1923 omnibus.
1308 1904 1317 1921 ›

1087 1939 1146 1967 Non
1163 1939 1232 1967 dixit
1249 1948 1255 1965 :
1271 1938 1370 1966 Mortui
1386 1943 1460 1972 sunt,
1478 1938 1539 1972 sed,
1551 1938 1735 1971 dormierunt;
1750 1938 1844 1966 uthac

1053 1993 1163 2021 quoque
1180 1993 1249 2013 voce
1264 1985 1499 2013 resurrectionem
1523 1984 1622 2012 iterum
1637 1984 1824 2012 conﬁrmant.

1091 2032 1172 2059 Vsns.
1185 2031 1261 2058 8-l0.
1280 2039 1289 2055 1
1304 2030 1458 2058 Novissime
1469 2032 1562 2056 autem
1573 2029 1696 2056 omnium
1711 2033 1842 2064 tanquam
1861 2033 1863 2035 ‘

1054 2077 1179 2105 abortivo
1195 2075 1274 2103 visus
1288 2078 1331 2102 est
1347 2079 1375 2103 et
1389 2074 1467 2102 mihi.
1482 2074 1538 2110 Ego
1557 2074 1631 2102 enim
1651 2081 1705 2101 non
1720 2081 1781 2101 sum
1797 2073 1842 2101 di—

1054 2130 1123 2159 gnus
1144 2121 1237 2150 vocari
1263 2120 1416 2156 apostolus,
1447 2120 1577 2155 quoniam
1599 2123 1759 2155 persecutus
1781 2125 1842 2146 sum

1054 2168 1205 2197 Ecclesiam
1217 2167 1277 2195 Dei.
1290 2166 1386 2195 Gratia
1401 2171 1492 2194 autem
1504 2166 1553 2194 Dei
1567 2173 1629 2194 sum
1641 2165 1668 2193 id
1681 2165 1755 2201 quod
1769 2172 1843 2197 sum,

215 2203 282 2250 Θεού
296 2204 365 2239 εἰμὶ,
380 2204 394 2231 ὃ
417 2206 486 2241 εἰμι,
512 2206 560 2233 καὶ
575 2207 592 2242 ὴ
609 2208 690 2244 χάρις
706 2208 790 2235 αὐτοῦ
809 2209 826 2244 ή
841 2210 882 2241 είς
906 2210 956 2244 ἐμὲ
973 2211 999 2237 οὗ

1055 2219 1083 2243 et
1098 2214 1185 2250 gratia
1202 2214 1263 2250 ejus
1282 2213 1310 2241 in
1323 2220 1366 2241 me
1381 2219 1469 2240 vacua
1483 2220 1538 2240 non
1553 2211 1614 2240 fuit.
1632 2211 1684 2240 Sed
1700 2210 1844 2239 abundan-

216 2249 281 2284 κενὴ
305 2250 438 2286 ὲγενήϐηο
463 2251 532 2279 ἀλλά
558 2254 753 2289 περισσότερον
780 2255 870 2282 αὐτῶν
894 2255 1002 2283 πάντων

216 2295 367 2323 ἐκοπίασα·
388 2297 439 2324 οὐκ
452 2298 508 2332 ἐγὼ
523 2299 562 2332 δὲ,
579 2299 636 2327 ἀλλ’
656 2301 673 2336 ή
684 2300 763 2337 χάρις
777 2301 825 2328 τοῦ
838 2301 905 2329 Θεοῦ
922 2303 938 2338 ή
955 2304 1003 2331 σὺν

216 2340 287 2375 ἐμοί.
307 2350 317 2367 ι
729 2355 732 2357 ·

252 2385 338 2413 Τοῦτο
353 2388 608 2425 ταπεινοφροσύνης
623 2390 654 2417 τὺ
672 2389 749 2426 ῥῆμά
759 2391 844 2418 ἐστιν.

255 2440 264 2457 1
283 2431 345 2459 Εἴτε
360 2430 407 2460 οὖν
428 2433 483 2469 ἐγὼ
498 2453 506 2467 ,
521 2435 577 2462 εἶτε
592 2435 703 2469 ἐκεῖνοι,
723 2436 795 2463 οὓτω
817 2437 1003 2475 κηρύσσομεν,

218 2476 265 2502 καὶ
279 2476 365 2510 οὕτως
379 2478 573 2507 ἐπιστεύσατε.
586 2480 619 2508 Et
637 2481 666 2508 δὲ
681 2481 800 2518 Χριστὸς
824 2481 1002 2518 κηρύσσεται,

219 2523 260 2549 ὃτι
271 2524 304 2550 ὲκ
316 2524 421 2560 νεκρῶν
435 2525 596 2562 ἐγήγερται,
612 2536 622 2553 ι
891 2552 899 2558 α

253 2568 321 2604 Παρ’
335 2567 376 2602 οὗ,
393 2572 470 2606 φησι,
496 2571 625 2607 βούλεσθε
642 2574 750 2609 μαθεῖν,
779 2575 890 2610 μάθετε.
921 2576 1004 2604 οὐδὲν

219 2613 394 2650 διαφέρομεν.

258 2669 267 2684 1
287 2661 348 2693 Πῶς
365 2662 490 2696 λέγουσιν
508 2665 538 2691 ἐν
549 2665 613 2700 ὑμῖν
626 2674 709 2698 τινες.
731 2667 772 2694 ὅτι
793 2667 942 2701 ἀνάστασις
961 2678 1005 2696 νε-

220 2704 295 2740 κρῶν
309 2706 359 2733 οὐκ
373 2706 464 2741 ἔστινς
485 2718 494 2734 ι

1058 2262 1114 2288 tius
1132 2260 1188 2287 illis
1212 2259 1341 2287 omnibus
1367 2258 1511 2287 laboravi:
1534 2265 1588 2286 non
1607 2264 1658 2294 ego
1674 2261 1776 2289 autem,
1797 2255 1843 2285 sed

1056 2307 1144 2343 gratia
1162 2306 1207 2334 Dei
1223 2313 1284 2341 qute
1300 2312 1408 2333 mecum
1425 2307 1478 2332 est.
1500 2314 1509 2330 ι
1673 2312 1676 2314 ν

1095 2394 1175 2429 ne
1189 2391 1252 2421 Haec
1262 2399 1313 2420 vox
1327 2392 1525 2421 demissionem
1542 2392 1626 2420 animi
1645 2392 1791 2428 signiﬁcat.

1093 2439 1177 2467 Vsus.
1194 2439 1238 2472 ll.
1258 2438 1303 2466 η.
1338 2447 1347 2464 1
1368 2437 1432 2466 Sive
1455 2438 1540 2473 igitur
1566 2445 1626 2473 ego.
1653 2438 1712 2466 sive
1736 2438 1786 2470 illi,
1805 2438 1846 2466 sic

1056 2485 1251 2522 prazdicamus,
1268 2488 1296 2511 et
1322 2484 1364 2512 sic
1379 2484 1548 2512 credidistis.
1566 2483 1596 2511 Si
1610 2487 1702 2511 autent
1717 2483 1846 2513 Christus

1058 2532 1225 2568 pmdicatur
1241 2530 1314 2566 quod
1327 2530 1481 2558 resurrexit
1494 2537 1509 2557 a
1530 2529 1656 2562 mortuis,
1674 2539 1684 2556 ι

1096 2578 1120 2605 Δ
1133 2584 1299 2612 quocunque
1317 2575 1408 2604 velitis
1425 2575 1551 2609 discere,
1572 2575 1691 2609 discite;
1707 2574 1774 2603 nihil
1788 2574 1844 2603 dis-

1058 2624 1221 2659 crepamus.’

1096 2677 1106 2694 ‹
1123 2666 1266 2700 Quomodo
1289 2665 1400 2701 quidam
1433 2665 1530 2693 dicunt
1548 2665 1575 2693 in
1598 2664 1689 2699 vobis,
1714 2662 1844 2700 quoniam

1061 2713 1228 2743 resurrectio
1241 2716 1413 2740 mortuorum
1427 2719 1481 2740 non
1499 2711 1562 2740 est?
1579 2719 1589 2737 ι

257 2773 466 2809 "‘lsa.Lm,8.
511 2776 533 2792 ⁹¹
545 2776 611 2805 ibid.
627 2778 653 2805 6.
704 2779 727 2796 ³³
744 2779 850 2809 ibid.5.
883 2782 906 2799 ”
923 2782 977 2811 lsa.
992 2791 1030 2811 Xl.
1044 2782 1086 2812 10.
1139 2782 1161 2797 "
1174 2780 1226 2809 lsa.
1239 2787 1298 2813 LIII,
1321 2779 1363 2806 l2.
1406 2779 1429 2796 ’θ
1453 2778 1525 2808 Psal.
1541 2786 1588 2813 xv,
1610 2778 1656 2808 lo.

250 2851 266 2890 ,⁵
284 2853 344 2884 Hmc
365 2856 593 2893 textuisupcriori
604 2857 744 2894 jungenda
756 2865 830 2891 sunt.
