2078 3116
237 114 290 147 693

814 114 855 147 IN
870 115 987 146 EPIST.
1010 118 1059 148 AD
1072 97 1251 152 commit.
1264 122 1289 154 I.

1814 126 1866 160 694

273 179 283 195 ε
307 167 416 205 Ἐπειδὴ
432 168 487 205 γὰρ
502 168 536 196 δι’
556 168 706 205 ἀνθρώπου
719 169 845 202 θάνατος,
867 170 914 196 καὶ¹
929 170 962 198 δι’
979 171 1028 198 ἁν-

1208 175 1290 204 Vsns.
1316 175 1361 204 2|.
1380 186 1389 203 ι
1408 176 1549 210 Quoniam-
1563 177 1635 205 enim
1654 186 1702 213 per
1725 179 1866 210 hominem

237 214 347 248 θρώπου
361 215 511 247 ἀνάστασις
527 215 559 242 ὲκ
575 215 691 251 νεκρῶν.
711 223 720 241 t

269 260 436 294 Αῐτιολογία.
456 261 567 297 Ἐπειδὴ
584 260 639 296 γὰρ
663 261 754 289 πάντα
774 261 969 296 ἁποφαντικῶς
987 259 1028 289 εἵ-

237 315 295 340 πεν,
312 307 420 344 ἀνάγκῃ
436 307 484 334 καὶ
503 307 661 342 αἰτιολογεῖ,
677 308 881 344 εὐπαράδεκτον
890 310 947 342 τοῖς
960 308 1026 336 πολ-

235 353 292 386 λοῖς
304 354 522 387 κατασκευάζων
537 354 583 382 τδν
597 354 687 389 λόγον.

272 408 283 425 ι
300 400 404 435 Ὥσπερ
417 400 471 436 γὰρ
482 401 512 427 ἐν
524 400 563 435 τῷ
582 400 670 436 ’Δδὰμ
684 401 785 434 πάντες
797 400 1028 438 ἀποθνήσκουσιν,

236 444 324 477 οὕτως
338 446 385 472 καὶ
399 446 428 473 ὲν
442 446 480 481 τῷ
499 446 610 482 Χριστῷ
629 446 729 479 πάντες
739 446 1002 482 ζωποιηοήσονται.
1015 456 1026 476 ι

272 491 323 518 Τδν
337 491 392 527 γὰρ
402 492 565 526 ἡττηθέντα,
581 492 675 527 φησὶν,
698 492 780 519 αὐτὸν
804 493 1030 529 ἀναμαχέσασθαι

237 536 290 563 ἔδει
310 537 360 572 τὴν
375 537 593 572 καταϐληθεῖσαν
616 537 697 572 φύσιν
723 537 810 574 αὐτὴν
833 538 885 566 καὶ
903 539 1026 574 νικῆσαι.

237 581 316 610 οὕτω
329 583 383 619 γὰρ
399 583 431 610 τὸ
446 583 549 617 ὄνειδος
561 584 738 620 ἀπετρίϐετο.

275 683 284 701 ι
302 674 439 707 Ἕκαστος
452 675 482 703 δὲ
494 675 524 703 έν
543 675 581 712 τῷ
595 676 653 712 ιδὲῳ
667 676 807 712 τάγματι·
830 677 941 714 ἀπαρχὴ
963 678 1028 713 Χρι-

239 727 312 748 στος.
338 728 346 746 Ι

306 741 312 748 .
338 728 346 746 ι

273 719 319 802 ﬁgi]
330 767 424 803 ἐπειδὴ
438 767 588 794 ἀνάστασιν
601 768 731 803 ἦκουσας,
751 769 845 805 νόμιζε
859 770 961 802 πάντας
974 770 1028 796 τῶν

239 812 328 839 αὐτῶν
347 812 505 840 ἀπολαύειν.

275 866 286 884 ι
309 857 426 885 Ἔπειτα
439 858 464 884 οἱ
477 858 525 885 τοῦ
539 858 659 894 Χριστοῦ
669 860 699 887 έν
714 860 746 895 τῇ
761 860 899 896 «oportet;
912 861 1004 889 αὐτοῦ.
1015 871 1030 888 ι
1044 848 1065 875 Β

274 901 432 936 Τουτέστιν,
448 903 473 930 oi
484 904 575 930 πιστοὶ
588 904 636 930 καὶ
648 904 871 940 εὑδοκιμηκότες.

277 958 286 974 ι
302 946 370 975 Εἶτα
382 949 413 974 τὸ
438 948 524 982 τέλος,
546 949 611 976 ὅταν
633 949 747 986 παραδῷ
766 950 816 986 τὴν
836 951 976 987 βασιλείαν
990 952 1028 987 τῷ

237 993 299 1029 Θεῷ
313 994 361 1021 καὶ
377 994 476 1030 Πατρι.
493 1004 503 1021 ι

275 1040 360 1067 Ὅταν
372 1040 427 1076 γὰρ
437 1036 589 1067 ἀναστῶσιν
604 1041 715 1075 ἐκεῖνοι,
726 1042 761 1069 τὰ
770 1043 922 1078 πράγματα
939 1043 1031 1072 πάντα

239 1085 354 1121 λήψεται
364 1087 452 1119 τέλος.
473 1087 511 1113 Οὐ
527 1087 653 1123 καθάπερ
664 1087 711 1115 νῦν
722 1088 887 1121 ἀναστάντος
900 1089 947 1116 τοῦ
959 1090 1027 1126 Χρι-

240 1133 315 1165 στοῦ,
331 1133 365 1160 τὰ
381 1133 532 1169 πράγματα
551 1133 670 1169 ἔστησαν
682 1134 722 1162 ἔτι
742 1135 877 1171 μετέωρα.
887 1136 932 1162 Aio
943 1145 1028 1171 προσ-

239 1177 340 1214 τίθησι,
364 1178 450 1213 ἡμεῖς
465 1179 500 1206 ἐν
521 1179 558 1214 τῇ
577 1181 727 1215 παρουσίᾳ
749 1182 853 1214 αὑτοῦ,
877 1181 921 1209 ἵνα
938 1181 1028 1219 μάθῃς

238 1225 280 1252 ὅτι
295 1225 360 1260 περὶ
375 1225 482 1252 ἐκείνου
498 1225 547 1252 τοῦ
563 1226 660 1262 καιροῦ
673 1227 838 1261 διαλέγεται.

277 1279 287 1296 ι
309 1270 391 1297 Ὅταν
405 1271 567 1308 καταργήσῃ
584 1272 674 1299 πᾶσαν
687 1272 774 1308 ἀρχὴν
784 1272 831 1299 καὶ
845 1274 937 1300 πᾶσαν
953 1273 1028 1307 ἐξου-

241 1315 304 1342 σίαν
320 1317 368 1343 καὶ
380 1316 507 1352 δύναμιν.
527 1326 538 1343 r

245 1372 247 1374 ·
275 1362 432 1393 Τουτέστιν,
458 1362 523 1389 ὃταν
547 1363 580 1389 δι’
596 1363 680 1390 αὑτυῦ
707 1365 873 1402 προσαγάγῃ
890 1365 980 1393 πάντα
994 1367 1029 1394 τὰ

240 1407 304 1443 ἔθνη
319 1407 456 1435 δουλεύειν
468 1408 508 1444 τῷ
525 1409 623 1444 Πατρι.
641 1408 745 1444 οὐδεὶς
761 1411 817 1446 γὰρ
831 1411 959 1446 ἔρχεται,
976 1421 1029 1449 φη-

240 1453 277 1486 σὶ,
295 1453 371 1487 πρὸς
384 1453 438 1480 τὸν
454 1455 579 1489 Πατέρα,
599 1457 625 1482 ει
634 1455 677 1490 μὴ
688 1456 725 1483 δι’
738 1457 822 1491 ἐμοῦ.

1080 211 1166 250 moi-'s,
1185 221 1212 245 et
1229 226 1278 253 per
1286 219 1425 248 hominem
1439 220 1604 248 resurrectio
1623 211 1662 249 es
1673 223 1801 252 mortuis.
1818 234 1827 252 ι

1101 262 1213 291 "Causa:
1233 263 1362 292 redditio.
1390 264 1458 294 Nam
1485 267 1548 301 quia
1577 267 1705 296 universa
1731 267 1865 297 hactenus

1081 308 1241 338 afﬁrmando
1250 311 1449 345 pronuntiavit,
1463 320 1552 347 operae
1573 314 1689 348 pretium
1703 313 1754 341 l‘uit
1768 313 1866 342 adem:

1081 361 1193 382 causam
1216 363 1271 390 qua
1285 356 1436 385 orationem
1452 358 1532 393 vulgo
1544 359 1712 393 probabilem
1730 363 1850 395 pararet.

1116 400 1200 429 Vens.
1214 401 1259 428 22.
1278 410 1288 427 ι
1302 401 1368 429 Nam
1395 402 1505 430 sicutiu
1527 403 1613 430 Adam
1625 412 1720 434 omnes
1742 405 1865 433 moriun-

1080 449 1135 479 tur,
1153 446 1191 474 ita
1203 451 1230 474 et
1244 446 1272 474 in
1285 447 1397 476 Christo
1412 455 1507 476 omnes
1521 448 1742 478 vivificabuntur.
1765 461 1774 477 ι

1116 492 1275 527 Oportebat,
1304 493 1404 529 inquit,
1430 499 1459 522 ut
1484 495 1530 530 qui
1545 500 1688 530 superatus
1713 496 1813 530 fuerat,
1830 497 1864 525 ad

1080 546 1199 574 pugnam
1212 543 1417 574 reverteretur;
1439 545 1466 569 et
1494 545 1524 568 ut
1545 541 1657 569 subacta
1683 546 1782 570 natura
1806 543 1865 578 ipsa

1080 585 1190 612 tandem
1202 585 1333 614 vinceret.
1347 586 1403 614 Hac
1416 587 1515 623 quippe
1528 587 1633 616 ratione
1643 588 1789 616 delendum
1804 593 1864 617 erat

1079 631 1268 668 opprobrium.

1115 675 1198 704 Vnns.
1214 677 1260 705 25.
1279 686 1288 703 ι
1309 676 1506 713 Unusquisque
1525 682 1614 706 autem
1635 678 1662 707 in
1681 686 1732 708 suo
1748 679 1864 715 ordine;

1079 720 1208 756 primitiae
1221 722 1358 751 Christus.
1379 733 1388 750 ι

1115 767 1153 795 Ne
1169 768 1317 802 putaveris,
1330 769 1394 796 dum
1410 769 1489 798 audis
1501 770 1743 804 resurrectionem,
1754 778 1866 799 corum-

1079 813 1140 840 dem
1151 820 1246 842 omnes
1266 815 1398 842 bonorum
1413 821 1553 851 compotes
1565 816 1683 844 futuros.

1117 867 1126 884 ι
1146 859 1249 887 Deinde
1263 860 1296 888 iis
1312 860 1359 895 qui
1371 865 1433 888 sunt
1447 860 1560 893 Christi,
1580 862 1607 888 in
1622 861 1740 890 adventu
1757 862 1828 897 ejus.
1850 870 1858 889 ι

1114 902 1172 931 iioc
1183 907 1235 937 est,
1251 897 1355 938 ﬁdeles,
1372 909 1399 933 et
1414 905 1460 940 qui
1477 906 1583 941 probati
1602 910 1676 934 sunt.

1112 948 1197 977 Vsns.
1211 949 1256 977 24.
1272 958 1282 976 ι
1303 950 1405 979 Deinde
1421 951 1491 985 linis,
1506 959 1568 979 cum
1586 951 1730 980 tradiderit
1748 960 1865 988 regnum

1078 994 1134 1022 Deo
1145 998 1172 1022 et
1185 994 1269 1023 Patri.
1282 1005 1292 1022 ι

1112 1042 1229 1075 Quando
1251 1042 1290 1070 illi
1317 1047 1472 1078 resurgent,
1501 1052 1545 1071 res
1570 1051 1666 1072 omnes
1694 1045 1776 1072 tinem
1793 1045 1865 1072 acci-

1078 1088 1178 1123 pient:
1206 1095 1290 1122 nam,
1322 1089 1552 1124 quemadmodum
1590 1090 1687 1123 hodie,
1719 1095 1864 1125 postquam

1078 1133 1204 1162 Christus
1217 1134 1384 1166 resurrexit,
1399 1142 1541 1169 suspensas
1559 1142 1603 1163 res
1617 1138 1748 1163 tenentur
1762 1135 1863 1163 adhuc.

1078 1175 1213 1209 Quocirca
1232 1177 1318 1209 addit,
1346 1185 1393 1205 nos
1409 1178 1435 1204 in
1453 1177 1567 1205 adventu
1583 1179 1653 1213 ejus,
1675 1183 1705 1207 ut
1732 1179 1865 1216 signiticet

1078 1228 1109 1249 se
1120 1221 1154 1249 de
1170 1222 1216 1249 illo
1234 1226 1355 1257 tempore
1368 1223 1451 1250 verba
1470 1223 1571 1252 facere.

1117 1278 1128 1295 ι
1142 1269 1211 1297 Cum
1227 1270 1400 1298 evacuaverit
1419 1278 1527 1298 omnem
1543 1271 1727 1308 principatum
1743 1275 1770 1300 et
1789 1277 1866 1308 pote-

1080 1318 1177 1342 statem
1193 1318 1220 1341 et
1235 1314 1376 1342 virtutem.
1393 1323 1402 1341 ι

1114 1359 1141 1388 Id
1160 1365 1212 1393 est,
1239 1365 1414 1396 posteaquam
1442 1361 1566 1390 nationes
1582 1369 1676 1390 omnes
1688 1361 1722 1390 ad
1741 1361 1866 1390 servien-

1079 1405 1143 1433 dum
1163 1405 1237 1433 Patri
1253 1405 1407 1434 adduxerit.
1424 1406 1508 1434 Nemo
1527 1408 1608 1441 enim,
1624 1408 1713 1443 inquit
1729 1407 1865 1441 Christus,

1079 1451 1147 1479 venit
1161 1451 1194 1478 ad
1215 1451 1320 1478 Patrem
1336 1452 1387 1479 nisi
1400 1459 1445 1486 per
1458 1461 1498 1480 me
1515 1453 1548 1480 ³⁸.

277 1506 288 1524 ι
305 1498 352 1524 Δεῖ
375 1498 430 1534 γὰρ
457 1499 538 1526 αὐτὸν
564 1499 719 1535 βασιλεύειν
732 1502 808 1538 ιᾶχρι
822 1499 853 1529 οὗ
877 1502 910 1539 θῇ
925 1503 1027 1537 πάντας

1114 1493 1198 1522 Vens.
1211 1495 1305 1523 25-29.
1321 1505 1330 1522 ι
1348 1496 1462 1531 Oportet
1477 1500 1567 1525 autem
1581 1497 1657 1524 illum
1681 1505 1807 1533 regnare,
1817 1498 1868 1526 do-

240 1544 302 1576 τοὺς
315 1544 429 1580 ἐχθροὺς
440 1545 493 1572 ὑπὸ
507 1546 572 1578 τοὺς
593 1547 678 1579 πόδας
693 1548 787 1576 αὑτοῦ.
800 1548 894 1576 Πάντα
906 1550 961 1585 γὰρ
977 1550 1028 1577 61r—

241 1590 335 1623 ἐταξεν
351 1590 403 1617 ὑπὸ
417 1591 481 1623 τοὺς
494 1592 578 1624 πόδας
591 1593 685 1620 αὐτοῦ.
701 1594 836 1629 Ἔσχατος
850 1594 947 1630 ἐχθρὸς
961 1604 1029 1623 κατ-

241 1636 367 1669 αργεῖται
380 1636 395 1662 ὁ
410 1635 535 1668 Θάνατος.
557 1637 642 1664 Ὅταν
655 1637 684 1664 δὲ
703 1637 768 1674 εἴπῃ
781 1639 822 1665 ὅτι
836 1639 1028 1673 ὑποτέτακται.

240 1679 320 1714 δῆλον
337 1680 416 1712 ὲκτδς
429 1680 476 1707 τοῦ
490 1681 673 1715 ὑποτάξαντος
693 1683 768 1719 αὐτῷ
780 1684 814 1711 τὰ
832 1684 933 1713 πάντα.
946 1686 1030 1713 Ὅταν

241 1725 269 1752 δὲ
285 1726 410 1762 ὑποταγῇ
425 1726 500 1762 αὐτῷ
522 1727 557 1759 τὰ
580 1728 670 1755 πάντα
681 1748 689 1761 ,
706 1729 767 1756 τότε
782 1730 830 1756 καὶ
842 1731 924 1763 αὐτὸς
934 1732 949 1758 ὁ
966 1731 1029 1764 Υἱὸς

242 1771 445 1806 ὑποταγήσεται
460 1771 500 1806 τῷ
513 1772 678 1806 ὑποτάξαντι
699 1774 773 1809 αὐτῷ
789 1774 824 1801 τὰ
841 1775 943 1803 πάντα·
957 1776 1000 1803 ἵνα

241 1817 256 1842 ὁ
278 1815 344 1848 Θεὸς
368 1817 403 1843 τὰ
432 1818 521 1844 πάντα
535 1819 564 1844 ὲν
577 1819 670 1846 πᾶσιν.
692 1820 769 1846 Ἐπεὶ
781 1821 808 1847 τί
831 1822 984 1857 ποιήσουσιν
1006 1823 1030 1848 oi

243 1861 435 1897 βαπτιζόμενοι
447 1863 518 1898 ὑπὲρ
529 1863 582 1890 τῶν
597 1864 717 1900 νεκρῶν;
736 1875 745 1891 t

278 1907 325 1938 “re,
341 1908 420 1942 ἄχρι,
446 1909 497 1936 οὐκ
516 1909 575 1936 ἐστι
588 1911 685 1946 χρόνου
706 1912 873 1947 σημαντικὸν
900 1913 976 1949 παρὰ
997 1915 1030 1949 τῇ

243 1952 350 1988 Γραφῇ,
374 1954 473 1989 ὥσπερ
497 1954 558 1981 οὐδὲ
572 1956 613 1987 τὸ,
636 1955 710 1989 ἕως·
728 1958 799 1983 κατὰ
820 1958 850 1984 τὸ
874 1958 1030 1993 εἰρημένον,

243 1997 302 2025 ἀπὸ
319 1998 371 2025 τοῦ
382 1998 499 2032 αἰῶνος,
515 2000 566 2028 καὶ
575 2000 631 2034 ἕως
641 2002 694 2028 τοῦ
706 2001 815 2036 αἰῶνος
826 2003 867 2030 σὺ
878 2002 914 2030 εἶ.

283 2043 341 2070 Ἵνα
357 2045 394 2079 μή
409 2053 450 2076 τις
463 2045 512 2071 δύο
530 2046 616 2081 ἀρχὰς
626 2046 763 2082 ἁνάρχους
780 2048 932 2084 ὑποπτεύῃ.
954 2049 1032 2081 Τινὲς

243 2089 293 2124 τῆς
307 2089 405 2122 κακίας
417 2090 550 2126 δηλοῦντα
566 2091 616 2124 τὴν
637 2092 778 2128 ἀναίρεσιν
790 2093 870 2120 τοῦτό
888 2102 970 2128 φασιν
985 2095 1032 2121 αὺ-

243 2135 288 2162 τδν
303 2136 455 2170 εἰρηκέναι.
942 2153 961 2171 α

1080 1547 1131 1568 nec
1142 1544 1226 1575 ponat
1240 1548 1336 1568 omnes
1350 1541 1479 1570 inimicos
1503 1543 1555 1571 sub
1569 1543 1685 1578 pedibus
1700 1543 1771 1578 ejus.
1800 1542 1868 1571 Nam

1080 1586 1304 1621 ontnia‘subjecit
1316 1586 1368 1614 sub
1387 1587 1501 1623 pedibus
1514 1587 1585 1623 ejus.
1603 1587 1759 1616 Novissima
1777 1592 1867 1615 autem

1081 1631 1192 1660 inimica
1201 1632 1358 1660 destruetur
1372 1640 1457 1661 mors.
1473 1633 1541 1661 Cum
1561 1637 1652 1661 autem
1674 1633 1760 1666 dicat,
1788 1633 1868 1666 Quod

1081 1676 1204 1711 subjecta
1219 1681 1295 1710 sunt,
1316 1678 1375 1706 sine
1390 1678 1475 1707 dubio
1499 1682 1598 1714 praeter
1611 1686 1674 1706 eum
1691 1679 1738 1714 qui
1751 1678 1870 1713 subjecit

1081 1722 1134 1758 ipsi
1145 1723 1250 1750 omnia.
1265 1724 1440 1751 Cum-autem
1456 1724 1580 1758 subjecta
1595 1724 1697 1752 fuerint
1709 1723 1747 1751 illi
1763 1724 1867 1757 omnia,

1082 1772 1146 1797 tunc
1172 1773 1200 1796 et
1219 1769 1277 1804 ipse
1291 1768 1378 1798 Filius
1403 1769 1544 1804 subjectus
1560 1770 1614 1798 erit
1639 1770 1664 1797 ei
1688 1770 1735 1805 qui
1752 1770 1870 1805 subjecit

1081 1814 1133 1843 sibi
1147 1814 1254 1849 omnia;
1283 1819 1312 1842 ut
1329 1815 1365 1843 sit
1380 1815 1453 1843 Deus
1474 1815 1606 1843 omniain
1628 1815 1769 1843 omnibus.
1791 1815 1868 1843 Alio-

1081 1860 1147 1896 quin
1165 1860 1231 1896 quid
1243 1860 1355 1893 facient,
1369 1862 1416 1897 qui
1434 1861 1612 1897 baptizantur
1630 1868 1680 1896 pro
1698 1861 1838 1889 mortuis?
1857 1871 1866 1888 ι

1118 1905 1187 1939 Vox,
1213 1906 1306 1938 donec,
1333 1906 1360 1934 in
1377 1906 1517 1942 Scriptura
1535 1911 1643 1942 tempus
1664 1907 1811 1943 signiﬁcat,
1829 1908 1869 1935 uti

1083 1960 1143 1985 nec,
1158 1961 1249 1988 usque.
1270 1951 1350 1980 Velut
1376 1953 1405 1980 in
1430 1953 1483 1981 hoc
1501 1953 1592 1987 etiam,
1607 1962 1624 1981 α
1635 1953 1733 1981 saeculo
1749 1957 1774 1981 ιι
1788 1960 1870 1988 usque

1083 1998 1110 2024 in
1125 1998 1251 2025 swculum
1267 2001 1295 2025 tu
1303 2006 1332 2025 es
1345 1998 1379 2024 ³³.
1812 2029 1818 2036 .

1117 2042 1157 2070 Ne
1174 2043 1236 2078 quis
1252 2042 1389 2078 principia
1408 2043 1464 2071 duo
1489 2043 1612 2077 expertia
1632 2043 1762 2079 principii
1777 2045 1868 2079 suspi-

1084 2093 1171 2116 cetur.
1192 2087 1322 2115 Nonnulli
1346 2089 1444 2116 dicunt
1463 2088 1515 2117 hoc
1530 2096 1594 2116 eum
1608 2089 1814 2124 pronuntiasse,
1840 2095 1870 2117 ut

1084 2134 1213 2170 nequitiae
1228 2134 1445 2162 destructionem
1459 2134 1640 2170 signiﬁcaret.

281 2189 291 2206 ι
311 2180 342 2207 Εἰ
358 2181 424 2212 ὅλως
437 2182 531 2217 νεκροὶ
543 2181 594 2210 οὐκ
606 2182 770 2218 ἐγείρονται,
782 2183 809 2211 τί
824 2185 871 2212 καὶ
887 2184 1030 2220 βαπτίζον-

1122 2189 1131 2206 ι
1152 2180 1179 2208 Si
1200 2180 1314 2208 omnino
1330 2180 1432 2208 mortui
1455 2188 1511 2209 non
1525 2183 1697 2217 resurgunt,
1714 2184 1745 2208 ut
1766 2179 1832 2216 quid
1844 2185 1871 2209 et

244 2234 289 2254 ται
303 2226 374 2262 ὑπὲρ
386 2227 494 2260 abstini;
515 2236 525 2254 ι

279 2272 365 2299 Τοῦτό
379 2281 472 2308 φησιν,
488 2273 530 2300 ὅτι
542 2274 589 2300 καὶ
602 2274 702 2310 σαρκὸς
717 2274 866 2303 ἀνάστασιν
881 2276 1031 2312 ὁμολογοῦ-

247 2327 296 2354 μεν
311 2319 340 2345 ἐν
355 2319 395 2354 τῷ
411 2319 595 2356 βαπτίσματι.

285 2371 294 2390 ι
313 2364 346 2390 Τί
365 2365 412 2391 καὶ
428 2366 511 2400 ἡμεῖς
528 2366 720 2402 κινδυνεύομεν
734 2367 927 2404 πάσανῶρανς
947 2378 957 2395 ι

278 2455 337 2482 Οὐκ
362 2453 459 2488 εἶπεν,
485 2455 557 2491 ἐγὼ,
587 2457 657 2490 ἀλλ’,
685 2457 789 2492 ἡμεῖς,
813 2459 1034 2494 παραλαμϐάνων

246 2501 351 2532 πάντας
361 2503 422 2533 τοὺς
432 2503 596 2535 ἀποστόλους
607 2511 614 2518 ·
630 2504 678 2530 καὶ
691 2503 775 2540 ταύτῃ
797 2505 962 2539 μετριάζων,
986 2505 1033 2532 καὶ

244 2545 400 2577 ἀξιόπιστον
413 2547 458 2574 τὸν
471 2548 550 2582 λόγον
565 2550 660 2576 ποιῶν.

283 2601 293 2617 ι
310 2592 380 2618 Καθ’
391 2593 497 2629 ἡμέραν
509 2594 685 2629 ἀποθνήσκω,
698 2595 731 2630 νὴ
745 2595 794 2630 τὴν
813 2595 948 2632 ὑμετέραν
963 2598 1030 2626 χαύ-

244 2646 335 2673 χθισιν,
353 2638 386 2674 ἢν
402 2638 455 2674 ἔχω
467 2640 496 2665 έν
511 2639 623 2675 Χριστῷ
643 2639 731 2675 Ἰησοῦ
746 2640 785 2675 τῷ
797 2641 901 2676 Κυρίῳ.
916 2651 925 2668 ι

232 2696 236 2705 ι
286 2684 419 2712 Ἐνταῦθα
429 2685 481 2721 τὴν
494 2686 585 2713 αὐτῶν
600 2687 743 2723 προκοπὴν
754 2687 840 2722 λέγει,
851 2687 913 2721 Πῶς
925 2689 954 2716 δὲ
965 2690 1033 2717 ἀπο-

245 2729 358 2765 θνήσκει
374 2731 436 2758 καθ’
451 2732 571 2767 εκάστην
586 2732 703 2769 ἡμέραν,
720 2732 736 2768 ἢ
751 2734 784 2770 τῇ
800 2734 960 2771 προθυμίας

286 2817 401 2848 "Joan.
415 2829 469 2851 xw.
489 2821 516 2848 ϐ.
559 2820 664 2848 "Psal.
683 2828 726 2850 XL.
745 2820 786 2848 Η.

1083 2227 1259 2263 baptizautur
1275 2234 1325 2262 pro
1342 2226 1417 2255 illis?
1436 2235 1446 2252 ι

1119 2274 1177 2302 Hoc
1193 2275 1241 2308 ait,
1257 2274 1320 2309 quia
1336 2273 1364 2301 in
1379 2273 1548 2309 baptismate
1562 2272 1796 2302 resurrectionem
1809 2279 1872 2301 car-

1083 2321 1126 2349 nis
1137 2321 1307 2355 proﬁtemur.

1121 2367 1202 2395 Vens.
1220 2366 1265 2394 50.
1286 2376 1295 2393 ι
1315 2366 1350 2394 Ut
1362 2366 1427 2402 quid
1442 2371 1470 2395 et
1483 2373 1534 2394 nos
1546 2365 1734 2401 periclitamur
1750 2365 1777 2392 in
1796 2364 1872 2392 omni

1085 2413 1176 2441 bora‘!
1194 2422 1204 2440 ι

1119 2459 1180 2486 Non
1192 2458 1272 2491 dixit.
1285 2466 1347 2492 ego,
1363 2458 1422 2490 sed,
1436 2466 1495 2491 nos,
1520 2459 1552 2484 ut
1563 2448 1817 2492 apostolasTtinnes
1832 2455 1871 2483 si-

1082 2506 1140 2533 mul
1159 2505 1334 2541 signiﬁcaret.
1361 2504 1452 2539 Atque
1468 2503 1519 2531 hac
1536 2510 1603 2531 voce
1622 2501 1787 2530 modestiam
1803 2508 1868 2537 pro-

1082 2551 1144 2584 mit,
1159 2556 1186 2578 et
1199 2550 1317 2578 orationi
1332 2549 1411 2577 Iidem
1426 2548 1536 2576 asserit.

1120 2595 1204 2624 Vsus.
1215 2595 1259 2622 δι.
1276 2604 1286 2620 ‹
1297 2594 1423 2627 Quotidie
1438 2593 1552 2625 morior,
1566 2592 1598 2620 ad
1609 2591 1724 2628 gloriam
1738 2595 1870 2628 vestram,

1086 2648 1168 2677 quam
1186 2641 1273 2668 habeo
1288 2641 1315 2668 in
1331 2639 1440 2668 Christo
1453 2638 1519 2666 Jesu
1536 2637 1663 2666 Domino.
1681 2644 1691 2663 ι

1125 2687 1206 2722 us
1217 2685 1267 2713 ilic
1277 2685 1403 2714 enuntiat
1412 2688 1544 2720 quantum
1560 2683 1719 2720 profecerit.
1727 2681 1871 2716 Quomodo

1086 2732 1159 2760 enim
1175 2731 1298 2767 quotidie
1311 2731 1453 2764 moriatur,
1469 2730 1521 2759 nisi
1539 2730 1638 2758 ardore
1652 2728 1759 2757 animi?
