2078 3116
213 155 263 185 697

787 156 828 188 IN
846 157 964 188 EPIST.
980 159 1029 188 AD
1040 160 1219 192 CORINTH.
1238 162 1260 190 Ι.

1787 158 1840 191 698

215 211 295 242 σθαι,
310 207 366 237 οἷον
386 209 410 236 ai
421 210 450 236 τὸ
464 209 552 244 αὑτὸν,
569 211 585 246 ἢ
607 211 653 237 καὶ
667 210 770 246 βέλτιον
786 213 832 239 καὶ
846 212 994 248 λαμπρότε·

1053 222 1154 250 corpus
1188 216 1224 243 sit
1250 223 1286 243 re.
1300 221 1476 244 urrecturum
1492 222 1544 242 :an
1567 214 1620 241 hoc
1643 213 1731 248 ipsum
1747 223 1753 239 :
1769 221 1836 241 nun-

215 265 272 293 ρον.
289 256 346 282 Καὶ
362 255 506 292 ἀμφότερα
524 257 557 283 ἐκ
569 255 617 283 τοῦ
628 256 711 283 αὐτοῦ
725 257 924 293 ὑποδεῖγματος
935 258 1002 294 λαμ-

213 302 301 336 ϐάνει,
316 302 424 334 δεικνὺς
434 303 474 329 ὅτι
493 302 583 338 πολλῷ
600 302 717 338 βέλτιον.

251 410 260 425 ι
280 401 310 427 Ei
321 399 396 435 τύχοι
416 399 502 433 σίτου,
518 401 535 436 ἦ
552 409 625 433 τινος
643 402 698 428 τῶν
712 402 823 429 λοιπῶν.
849 412 857 428 ι

252 457 260 471 ε
279 445 364 473 Τοῦτό
377 454 469 481 φησιν,
493 446 536 473 ἵνα
551 447 589 482 μὴ
609 447 674 475 ἄλλο
686 456 730 479 τις
746 448 905 484 ὑποπτεύσῃ
923 449 1002 484 σῶμα

213 491 351 526 εἰρῆσθαι.
371 501 380 517 ι

251 545 260 561 ι
282 537 312 562 ’0
328 536 357 563 δὲ
368 536 436 568 Θεὸς
452 537 560 564 δίδωσιν
572 538 647 573 αὐτῷ
657 538 748 573 σῶμα,
758 539 849 572 καθὼς
855 540 998 575 ἠθέλησε.)

248 581 294 616 Μὴ
319 581 411 608 τοίνυν
436 583 635 619 περιεργὰζου,
671 583 739 618 μηδὲ
765 584 999 620 πολυπραγμόνει¹

213 628 273 658 πῶς
287 629 335 655 καὶ
350 628 406 654 τίνι
417 628 523 664 τρόπῳ,
540 629 604 656 ὅταν
618 629 686 656 Θεοῦ
702 629 818 666 δύναμιν
834 631 882 658 καὶ
896 631 1002 667 θέλημα

213 672 345 709 ἀκούσῃς.

252 728 261 743 ι
281 718 338 745 Καὶ
353 718 462 754 ἑκάστῳ
479 719 533 746 τῶν
561 721 729 756 σπερμάτων
742 721 773 748 τὸ
795 721 863 748 ἴδιον
879 722 969 757 σῶμα.
989 732 998 748 ι

255 763 363 799 Ἐπειδὴ
378 772 450 795 τινες
465 764 585 799 ἠπόρουν
601 766 664 801 περὶ
687 767 738 801 τῆς
753 766 940 799 ἀναστάσεως,
954 767 1002 794 καὶ

213 808 305 841 ἔλεγον
315 816 321 825 π
337 808 415 841 Ποῐῳ
425 808 459 835 δὲ
481 809 594 844 σώματι
608 809 768 845 ἓρχονται;
801 811 898 838 τούτου
920 812 1001 847 χάριν

213 852 344 889 ὑποφέρει
362 853 399 885 ὡς
412 854 459 880 ἐπὶ
474 854 688 890 ὑποδείγματος,
703 855 733 882 τὸ
750 856 804 883 τῶν
835 857 1001 892 σπερμάτων

212 899 278 925 ἴδιον
293 898 373 934 σῶμα
391 899 488 934 λέγων.
503 900 558 926 Ποῦ
574 901 664 928 τοίνυν
680 902 710 928 τὸ
724 901 881 938 ἀλλότριον;
897 903 927 929 τδ
945 903 1000 940 γὰρ

211 944 277 971 ἴδιον
289 944 407 973 δίδωσιν.

248 1000 257 1016 ι
277 991 315 1017 οὐ
333 992 409 1018 πᾶσα
440 992 509 1027 σὰρξ
525 994 542 1027 ἠ
564 993 634 1028 αὐτὴ
660 993 728 1030 σάρξ
743 1002 750 1008 ·
772 994 840 1021 ἀλλὰ
859 995 925 1031 ἄλλη
950 996 1000 1031 μὲν

209 1035 373 1070 ἀνθρώπων,
391 1036 457 1072 ἄλλη
479 1037 509 1063 δὲ
533 1037 601 1072 σὰρξ
616 1038 735 1073 πτηνῶν,
755 1038 822 1074 ἄλλη
842 1039 997 1075 δὲκτηνῶν,

210 1081 278 1116 ἄλλη
295 1081 323 1108 δὲ
346 1081 456 1117 ἰχθύων.
488 1083 543 1109 Καὶ
563 1082 678 1119 σώματα
693 1085 855 1120 ἐπουράνια,
877 1085 924 1112 καὶ
947 1084 1000 1112 σώ-

211 1135 284 1162 ματα
301 1127 412 1162 ἐπίγεια
425 1135 432 1142 “
448 1128 506 1156 ἀλλ’
523 1129 606 1166 ἑτέρα
626 1130 676 1165 μὲν
701 1131 718 1165 ἡ
744 1130 799 1157 τῶν
828 1131 998 1166 ἐπουρανίων

207 1172 282 1204 δόξα,
296 1173 377 1208 ἑτέρα
392 1173 420 1200 δὲ
433 1173 514 1208 ἡτῶν
530 1174 660 1208 ἐπιγείων
669 1183 675 1189 ⁸
686 1175 758 1214 ’ἄλλη
772 1175 837 1209 δόξα
851 1176 939 1212 ἡλίου,
951 1177 998 1204 καὶ

209 1218 275 1254 ἄλλη
293 1218 420 1254 σελήνης,
438 1219 486 1246 καὶ
505 1219 572 1255 ἄλλη
588 1220 652 1253 δόξα
667 1220 801 1257 ἀστέρων.
823 1221 924 1257 Ἀστὴρ
941 1222 997 1258 γὰρ

208 1265 322 1300 ἀστέρος
337 1265 460 1300 διαφέρει
476 1267 505 1292 ὲν
518 1265 592 1301 δόξῃ.
614 1266 692 1293 Οὕτω
706 1268 753 1293 καὶ
771 1267 920 1299 ἀνάστασις
942 1268 996 1295 τῶν

206 1308 330 1343 νεκρῶν·
357 1309 498 1344 σπείρεται
519 1311 547 1336 ἐν
563 1310 660 1346 φθορᾷ,
685 1311 821 1346 ἐγείρεται
837 1313 865 1338 ὲν
887 1312 996 1348 ἀφθαρ-

208 1364 262 1382 σία.
279 1365 288 1381 ι

242 1402 300 1428 Ἵνα
317 1402 355 1438 μὴ
379 1402 412 1429 ἐκ
434 1402 482 1428 τοῦ
501 1402 701 1438 ὑποδείγματος
721 1403 869 1438 ὁμοτιμίαν
895 1403 995 1435 πάντες

205 1448 353 1483 νομίσωσιν
382 1449 411 1475 ὲν
428 1448 468 1484 τῷ
492 1448 616 1484 μέλλοντι
638 1449 798 1484 λαμϐάνειν,
826 1450 925 1485 φησίν·
954 1451 994 1476 οὺ

206 1492 289 1523 πᾶσα
302 1493 382 1528 σὰρξ
399 1494 418 1528 ἡ
430 1493 507 1528 αὑτὴ
529 1494 617 1529 σάρξ.
637 1494 748 1529 Ὅμοιον
763 1495 800 1526 ὡς
812 1496 835 1521 ει
853 1495 943 1529 λέγοι·
961 1496 993 1522 Τί

205 1539 288 1573 λέγω,
305 1540 398 1574 φησὶν,
413 1540 458 1566 ἐπὶ
481 1540 535 1567 τῶν
551 1541 735 1575 σπερμάτωνς
756 1541 818 1567 Ἐπὶ
829 1541 884 1567 τῶν
900 1541 993 1576 σωμά-
1006 1553 1027 1582 C

205 1592 258 1610 των
272 1584 458 1619 γυμνάσωμεν
470 1584 551 1611 τοῦτο
567 1585 632 1611 αὐτὸ
644 1605 651 1617 ,
670 1586 735 1620 περὶ
748 1582 779 1612 οὗ
793 1585 807 1611 ὁ
825 1585 902 1619 λόγος
928 1586 993 1621 ἡμῖν

205 1627 252 1654 νῦν
266 1638 273 1644 -
285 1629 379 1664 ἐπειδὴ
394 1630 440 1656 τὸν
452 1630 501 1665 τῆς
512 1630 686 1662 ἀναστάσεως
701 1630 888 1657 κατεσκεύασε
901 1631 991 1666 λόγον,

205 1674 324 1701 δείκνυσι
338 1673 442 1709 λοιπον,
458 1675 499 1702 ὅτι
512 1675 597 1710 πολλὴ
610 1676 625 1711 ἡ
639 1675 686 1710 τῆς
701 1675 779 1711 δόξης
791 1675 852 1702 τότε
863 1675 990 1712 διαφορὰ,

205 1720 230 1745 εἰ
246 1720 293 1746 καὶ
317 1720 467 1752 ἀνάστασις
499 1721 560 1756 μία.
578 1721 633 1747 Καὶ
656 1721 804 1756 διαιρέσεις
825 1721 883 1754 δύο,
902 1722 941 1754 εἰς
957 1722 991 1749 τὰ

205 1765 365 1801 ἐπουράνια,
391 1765 438 1792 καὶ
461 1766 495 1793 τὰ
517 1766 638 1800 ἐπίγεια.
663 1767 724 1793 ’Ότι
743 1766 792 1802 μὲν
815 1767 869 1802 γὰρ
885 1767 919 1794 τὰ
936 1767 988 1794 σώ-

206 1819 279 1846 ματα
293 1811 447 1843 ἀνίσταται,
467 1811 568 1845 ἔδειξεν
588 1812 632 1839 διὰ
644 1812 692 1840 τοῦ
717 1812 802 1840 σίτου.
822 1814 884 1840 ’Ότι
899 1813 928 1840 δὲ
943 1814 992 1841 οὐκ

205 1858 234 1883 ἐν
247 1858 280 1892 τῇ
296 1857 365 1892 αὐτῇ
379 1857 442 1893 δόξῃ
460 1858 559 1892 πάντα,
574 1858 711 1885 δείκνυσιν
726 1859 861 1886 ἐντεῦθεν.
880 1859 990 1887 Δείκνυι

205 1911 248 1929 σιν
263 1900 310 1930 οὖν
332 1903 370 1936 ὠς
390 1905 439 1931 καὶ
455 1904 511 1931 τῶν
537 1905 650 1932 δικαίων
666 1905 752 1941 πολλὴ
767 1907 784 1940 ἡ
799 1905 926 1941 διαφορὰ,
943 1905 990 1932 τὸν

204 1947 254 1983 μὲν
264 1948 341 1984 ἡλίῳ,
354 1948 399 1976 τὸν
415 1950 443 1977 δὲ
454 1950 550 1986 ἀστέρι
564 1951 742 1986 παρεικάζων
752 1960 759 1967 -
775 1951 885 1978 καὶτῶν
900 1951 990 1986 ἁμαρ-

202 1993 294 2020 τωλῶν
307 1994 392 2031 πολλὴ
405 1995 422 2031 ὴ
437 1996 564 2032 διαφορὰ,
594 1996 672 2029 ζώων
687 1997 801 2032 σώματα
822 1997 920 2030 λέγων,
942 1997 989 2023 καὶ

204 2038 313 2073 ἔχούων,
339 2040 386 2066 καὶ
406 2039 529 2076 κτηνῶν·
557 2042 605 2069 καὶ
631 2042 698 2074 ὅλως
723 2042 756 2069 δι’
780 2041 989 2077 ὑποδειγμάτων

202 2084 263 2117 ἄγει
278 2085 322 2111 τὸν
334 2085 423 2120 λόγον,
438 2087 486 2114 καὶ
499 2088 544 2115 ἐπὶ
560 2088 613 2116 τῶν
625 2089 692 2121 ἄνω,
707 2089 755 2117 καὶ
774 2089 886 2116 ἐπὶτῶν
903 2090 987 2116 κάτω.

1052 260 1116 294 quid
1131 269 1184 288 non
1198 261 1298 288 melius
1313 265 1339 288 et
1352 260 1543 296 splendidius?
1556 259 1636 294 Atqui
1655 259 1748 287 istluce
1764 263 1835 286 utra-

1052 314 1104 341 que
1131 314 1164 334 ex
1194 307 1290 334 eodem
1306 307 1431 342 exetnplo
1446 306 1561 341 colligit,
1593 304 1744 334 ostendens
1761 305 1836 340 longe

1041 351 1150 379 .melius
1165 351 1396 386 prastantiusque
1412 359 1511 386 corpus
1529 350 1662 378 futurum.

1091 406 1100 422 ι
1119 396 1155 424 Ut
1168 401 1233 432 puta
1248 397 1343 428 tritici,
1358 400 1405 424 aut
1425 396 1545 429 alicujus
1564 401 1737 423 ceterorum.
1757 405 1766 421 ι

1086 442 1178 477 ltaque
1197 442 1329 478 loquitur,
1344 450 1377 470 ne
1397 442 1482 470 alicui
1494 442 1521 469 in
1536 443 1725 478 suspicionem
1737 444 1837 476 veniat,

1051 488 1166 515 alterum
1181 496 1210 516 se
1222 495 1325 523 corpus
1339 488 1454 516 dixisse.

1087 533 1171 560 Vsus.
1180 533 1320 561 58.«Deus
1330 539 1419 562 autem
1431 535 1477 562 dat
1492 535 1530 562 illi
1540 543 1653 571 corpus,
1668 536 1738 563 sicut
1751 538 1834 563 vulta

1087 579 1200 615 Neergo
1228 580 1367 608 curiosius
1392 581 1529 615 inquiras,
1558 589 1608 609 nec
1636 581 1727 609 dedita
1756 589 1838 617 opera

1053 627 1194 658 seruteris,
1212 625 1336 660 quinam,
1365 634 1454 661 quave
1469 627 1586 661 ratione,
1605 628 1670 655 dum
1694 628 1742 656 Dei
1758 627 1837 656 virtu-

1053 675 1106 698 tem
1123 675 1150 698 ct
1167 672 1313 706 potentiam
1326 671 1416 699 audis.

1089 726 1099 742 ‹
1117 715 1150 743 Ει
1163 716 1314 751 unicuique
1326 718 1461 744 seminum
1482 718 1623 753 proprium
1637 726 1748 754 corpus.
1763 728 1772 745 ι

1083 762 1152 795 Quia
1169 763 1294 790 nonnulli
1313 763 1347 791 de
1360 764 1565 791 resurrectione
1586 764 1761 797 dubitabant.
1783 765 1838 792 aicv

1054 808 1175 842 bantque
1190 816 1197 834 :
1214 808 1296 841 Quali
1318 817 1376 836 vero
1393 817 1501 843 corpore
1518 809 1618 836 venient
1631 810 1643 836 ?
1656 810 1759 837 idcirco
1774 811 1838 838 sub-

1051 853 1121 888 jicit,
1137 857 1267 888 tanquam
1283 853 1402 889 exempli
1418 854 1517 888 gratia,
1533 855 1675 890 proprium
1701 855 1836 883 seminutn

1051 906 1152 934 corpus
1161 898 1268 927 dicens.
1284 898 1401 927 Ubinam
1421 907 1488 935 ergo
1508 900 1639 934 alienum,
1652 901 1762 937 quando
1773 909 1838 937 pro-

1051 944 1140 979 prium
1153 944 1254 972 datur?

1084 989 1168 1017 Vsus.
1186 990 1281 1017 59-42.
1300 1000 1309 1017 ι
1327 990 1386 1018 Non
1410 992 1502 1019 omnis
1533 999 1607 1024 caro,
1626 992 1727 1019 eadem.
1747 1000 1812 1020 caro
1829 1002 1836 1019 :

1051 1036 1099 1063 sed
1115 1036 1167 1063 alia
1175 1036 1285 1071 quidem
1303 1037 1457 1069 hominum,
1469 1037 1520 1064 alia
1534 1044 1599 1065 vero
1610 1045 1675 1065 caro
1683 1039 1836 1070 volucrum,

1049 1081 1102 1107 alia
1118 1089 1256 1116 pecorum,
1278 1082 1332 1109 alia
1352 1087 1444 1110 autem
1458 1083 1588 1117 piscium.
1601 1082 1633 1109 Et
1647 1091 1762 1118 corpora
1779 1091 1836 1111 cm-

1049 1125 1138 1158 lestia,
1151 1130 1178 1153 et
1193 1134 1310 1161 corpora
1330 1128 1471 1155 terrestria
1490 1135 1497 1154 :
1513 1128 1560 1155 sed
1579 1129 1634 1156 alia
1648 1129 1759 1164 quidem
1777 1136 1836 1157 ca:-

1049 1171 1159 1199 lestium
1180 1173 1278 1206 gloria,
1293 1172 1345 1199 alia
1373 1176 1463 1200 autem
1481 1174 1666 1201 terrestrium.
1684 1174 1742 1201 Alia
1754 1174 1837 1202 clari-

1047 1217 1115 1244 ritas
1127 1216 1202 1248 solis,
1215 1217 1266 1244 alia
1286 1217 1397 1245 claritas
1408 1218 1488 1250 luna,
1505 1222 1531 1246 et
1549 1219 1601 1246 alia
1613 1219 1726 1247 claritas
1742 1219 1835 1248 stella-

1049 1269 1122 1288 rum.
1153 1260 1238 1289 Stella
1265 1262 1356 1290 diﬂert
1371 1270 1386 1290 a
1404 1264 1483 1290 stella
1503 1264 1530 1290 in
1545 1264 1679 1292 claritate.
1696 1265 1740 1293 Sic
1754 1269 1782 1292 et
1794 1273 1835 1293 rc-

1028 1313 1031 1315 ’
1047 1306 1184 1334 surrectio
1210 1310 1394 1334 mortuorum.
1424 1307 1582 1336 Seminatur
1599 1309 1626 1336 in
1643 1310 1834 1344 corruptione,

1047 1355 1140 1386 surget
1155 1351 1182 1378 in
1196 1352 1415 1386 incorruptione.
1437 1362 1446 1378 ι

1080 1396 1120 1424 Ne
1135 1397 1327 1424 existimarent
1363 1398 1399 1425 ob
1423 1398 1535 1425 allatum
1551 1399 1719 1434 exemplum,
1740 1407 1836 1427 omnes

1047 1442 1074 1470 in
1088 1442 1182 1470 futuro
1193 1450 1252 1471 τενο
1265 1443 1398 1478 aqualem
1414 1443 1527 1479 gloriam
1546 1448 1718 1480 accepturos,
1734 1445 1836 1474 idcirco

1046 1490 1102 1516 ait:
1116 1488 1180 1516 Non
1196 1489 1281 1517 omnis
1301 1497 1375 1522 caro,
1408 1489 1499 1517 eadem
1523 1498 1596 1517 caro.
1611 1491 1650 1518 Ac
1669 1492 1691 1519 si
1713 1491 1835 1521 diceret:

1046 1535 1116 1568 Quid
1140 1536 1174 1563 de
1208 1536 1359 1564 seminibus
1383 1536 1508 1572 loquor?
1533 1535 1591 1564 Hoc
1616 1537 1705 1572 ipsum
1726 1538 1760 1566 de
1776 1547 1833 1574 quo

1046 1589 1120 1609 nunc
1143 1581 1317 1617 disputamus
1341 1581 1500 1610 accuratius
1522 1582 1601 1618 juvat
1623 1583 1772 1618 explicare.
1788 1585 1835 1612 ad-

1045 1627 1136 1655 ductis
1152 1627 1179 1654 in
1196 1627 1318 1655 medium
1337 1627 1512 1662 corporibus.
1529 1627 1599 1662 Quia
1622 1630 1834 1659 resurrectionis

1044 1673 1198 1700 doctrinam
1215 1677 1294 1701 antea
1315 1673 1460 1706 stabilivit,
1485 1674 1615 1709 deinceps
1644 1675 1764 1702 ostendit
1777 1683 1831 1703 ma-

1044 1727 1127 1755 gnum
1143 1723 1210 1746 tunc
1238 1723 1373 1754 quantum
1404 1720 1438 1747 ad
1461 1720 1578 1755 gloriam
1597 1720 1746 1748 discrimen
1765 1720 1832 1753 fore.

1044 1765 1170 1800 quamvis
1186 1774 1239 1793 una
1258 1766 1295 1794 sit
1308 1767 1498 1794 resurrectio:
1514 1772 1595 1801 atque
1606 1767 1660 1794 duo
1676 1767 1831 1803 distinguit,

1042 1812 1167 1840 coelestia
1187 1816 1214 1840 et
1240 1813 1396 1841 terrestria.
1429 1812 1576 1840 Enimvero
1603 1814 1729 1848 exemplo
1748 1813 1833 1842 tritici

1040 1864 1233 1886 resurrectura
1246 1866 1365 1894 corpora
1381 1859 1510 1895 probavit
1526 1868 1534 1889 ;
1551 1867 1583 1886 cx
1601 1859 1654 1886 hoc
1671 1864 1762 1887 autem
1780 1860 1834 1887 alio

1038 1904 1221 1937 demonstrat,
1241 1912 1295 1932 non
1308 1905 1402 1933 omnia
1417 1905 1533 1941 gloriam
1549 1905 1674 1933 eamdem
1693 1905 1832 1934 habitura.

1037 1949 1164 1977 Ostendit
1178 1957 1243 1985 ergo
1259 1950 1375 1976 multam
1402 1949 1462 1977 fore
1479 1949 1652 1984 intcrjnstos
1671 1949 1833 1985 discrepan-

1043 1998 1119 2030 tiam,
1143 1997 1207 2024 dum
1236 1997 1319 2024 alium
1342 2004 1405 2024 cum
1430 1997 1489 2024 sole
1503 2001 1656 2031 comparat,
1670 1997 1751 2023 alium
1769 2004 1831 2024 cum

1043 2043 1118 2073 luna.
1136 2046 1163 2070 ct
1183 2042 1266 2068 alium
1290 2049 1352 2069 cum
1379 2041 1478 2075 stella;
1502 2041 1625 2074 itemque
1654 2045 1830 2076 pecratorum

1043 2087 1261 2115 diversissimum
1273 2093 1335 2113 esse
1352 2090 1454 2114 statum
1465 2106 1473 2118 ,
1499 2093 1562 2113 cum
1574 2086 1757 2114 animantium
1790 2087 1831 2122 pi-

202 2131 346 2168 sciumque
366 2136 393 2160 et
415 2134 558 2162 volucrum
587 2143 704 2171 corpora
726 2135 814 2164 aﬂ‘ert.
839 2135 879 2163 Ae
904 2139 992 2163 totum
1030 2133 1082 2160 boc
1120 2136 1311 2168 argumentum
1339 2132 1508 2167 exsequitur,
1525 2129 1653 2160 adductis
1681 2131 1707 2159 in
1738 2140 1834 2160 exem-

201 2179 286 2216 plum,
301 2184 355 2207 tam
370 2188 432 2216 qua:
447 2189 557 2210 sursum
581 2186 656 2216 sunt,
668 2190 750 2218 quam
767 2191 828 2218 quae
842 2182 983 2211 deorsum.

238 2235 248 2252 ι
266 2226 411 2263 Σπείρεται
426 2228 455 2255 ὲν
469 2228 577 2265 ἀτιμίᾳ,
591 2229 730 2265 ἐγείρεται
745 2230 774 2257 ἐν
784 2230 858 2266 δόξῃ.
878 2240 887 2256 ι

179 2350 182 2351 ν
236 2315 270 2341 Τί
281 2315 336 2351 γὰρ
362 2315 525 2352 ἀτιμότερον
549 2317 658 2350 δζοντος
685 2318 811 2353 σώματος
835 2319 882 2346 καὶ
907 2319 985 2355 διαρ-

200 2362 308 2398 ῥέοντος
316 2370 324 2395 ;

239 2417 248 2433 ι
268 2408 414 2443 Σπείρεται
429 2409 458 2436 ἐν
475 2409 612 2446 ἀσθενείᾳ.
632 2420 641 2436 ι

235 2453 318 2480 υῦπω
331 2454 385 2490 γὰρ
415 2455 517 2491 ἡμέραι
545 2456 704 2491 τριάκοντα,
725 2458 772 2484 καὶ
789 2457 820 2484 τὸ
852 2459 908 2486 πᾶν
927 2459 985 2486 δια-

198 2498 302 2526 λύεται.

235 2565 245 2580 ι
273 2555 464 2590 Ἐγείρεταιὲν
476 2558 601 2594 δυνάμει.
620 2568 628 2585 ι

232 2610 300 2637 Τότε
316 2611 370 2646 γὰρ
384 2611 465 2639 αὐτοῦ
476 2613 552 2640 οὐδὲν
568 2614 712 2650 περιέσται
729 2615 833 2642 λοιπόν.

235 2679 244 2694 ι
264 2668 412 2705 Σπείρεται
427 2669 508 2706 σῶμα
521 2671 644 2706 ψυχικὸν,
657 2672 794 2708 ἐγείρεται
812 2672 891 2707 σῶμα
904 2681 985 2699 πνευ-

197 2716 324 2751 ματικόν.
346 2726 355 2742 ι

232 2773 319 2800 Τοῦτό
335 2782 427 2808 φησιν.
443 2774 494 2809 οὔχ
514 2773 550 2806 ὡς
570 2774 608 2809 μὴ
630 2775 706 2807 ὄντος
722 2775 772 2803 καὶ
798 2775 856 2806 νῦν,
878 2775 922 2802 διὰ
939 2775 984 2801 τὸν

196 2819 344 2854 ἀῤῥαὸὦνα
362 2819 421 2856 [τοῦ
430 2820 613 2855 “vstigia-tog].
631 2821 677 2847 τοῦ
694 2821 819 2856 σώματος
834 2830 984 2855 πνευματι-

197 2864 257 2897 κοῦ,
276 2864 334 2891 ἀλλ’
351 2865 388 2897 ὡς
411 2865 470 2891 τότε
493 2865 580 2900 πολλῷ
600 2866 677 2893 πλέον
692 2867 777 2899 ἕιντος.
798 2867 854 2894 Νῦν
868 2867 916 2900 μὲν
931 2867 984 2900 γὰρ

1004 2229 1024 2257 n
1075 2224 1158 2252 Vsus.
1175 2225 1219 2252 45.
1244 2224 1433 2253 (Seminatur
1463 2225 1490 2252 in
1517 2225 1707 2261 ignobilitate;
1737 2228 1831 2260 surget

1041 2273 1069 2299 in
1084 2272 1182 2307 gloria.
1204 2281 1212 2296 ι

1074 2316 1178 2350 Ecquid
1205 2316 1277 2343 enim
1304 2316 1454 2352 ignobilius
1485 2316 1522 2344 sit
1546 2324 1661 2353 corpore
1682 2315 1782 2344 fetente
1802 2321 1829 2344 et

1040 2361 1178 2390 ditiluente
1189 2362 1201 2389 ?

1077 2419 1086 2436 ‹
1105 2409 1261 2438 Seminatur
1277 2410 1305 2438 in
1322 2410 1493 2438 infirmitate.
1517 2419 1526 2436 ι

1073 2455 1199 2483 Nondum
1213 2456 1286 2484 enim
1304 2456 1408 2491 elapsis
1420 2456 1531 2492 triginta
1546 2455 1655 2488 diebus,
1671 2459 1758 2482 totum
1768 2455 1827 2483 dis—

1039 2501 1162 2529 solvitur.

1076 2568 1084 2584 ‹
1104 2557 1203 2594 Surget
1217 2558 1244 2586 in
1260 2558 1372 2585 virtute.
1391 2567 1400 2583 ι

1071 2615 1144 2642 Nihil
1157 2615 1230 2642 enim
1242 2614 1377 2650 ejusmodi
1395 2618 1462 2642 tunc
1481 2614 1628 2650 supererit.

1071 2672 1153 2699 Vsus.
1170 2671 1214 2698 Μ.
1234 2681 1243 2696 ι
1268 2671 1427 2699 Seminatur
1453 2679 1555 2706 corpus
1581 2670 1708 2703 animale,
1731 2675 1822 2705 surget

1035 2725 1134 2752 corpus
1152 2717 1306 2753 spirituale.
1325 2726 1333 2742 ι

1074 2774 1153 2810 120
1166 2773 1223 2801 Hoc
1240 2774 1351 2806 ait,non
1363 2773 1443 2809 quasi
1462 2772 1543 2801 modo
1557 2780 1610 2800 non
1627 2773 1672 2805 sit,
1691 2779 1822 2800 concesso

1035 2820 1154 2855 Spiritus
1192 2819 1314 2855 pignore,
1342 2819 1489 2854 spirituale
1515 2826 1628 2853 corpus,
1649 2818 1695 2846 sed
1714 2818 1777 2854 quia
1794 2818 1820 2845 id

1036 2871 1100 2895 tunc
1132 2866 1306 2898 praestantius
1340 2867 1395 2894 lict.
1433 2866 1518 2894 llodie
1543 2866 1678 2898 siquidem
1707 2865 1820 2898 spiritus
