2078 3116
247 169 301 200 703
841 163 872 193 S.
890 163 1050 194 JOANNIS
1067 161 1284 192 DAMASCENI
1690 191 1693 195 ,
1728 191 1732 193 _
1748 168 1751 170 ·
1821 155 1886 195 ηῗΜ

285 238 294 254 ι
309 228 383 262 Opus
399 228 472 255 enim
500 225 608 254 Domini
639 228 781 260 operatur,
801 225 875 254 sicut
890 229 918 252 et
932 231 996 259 ego.
1021 233 1029 249 I

1128 233 1136 248 ι
1157 224 1212 250 Καὶ
1226 223 1281 258 γὰρ
1302 223 1382 258 ἔργον
1397 221 1515 257 Ικυρίου
1533 219 1692 255 Ιργὰζεται,
1709 217 1748 250 ὡς
1764 216 1852 251 κάγώ.
1873 227 1883 243 ι

285 274 364 310 132
385 273 473 308 llujus
502 271 663 299 fidelitatem
690 270 875 299 commendat
905 277 920 296 a
953 268 1029 298 mini

1137 268 1202 295 Ἀπὸ
1216 268 1265 304 τῆς
1277 267 1415 299 διακονίας
1427 265 1584 299 ἀξιόπιστον
1602 263 1684 291 αὑτὸν
1699 263 1831 290 δείκνυσι.

248 320 342 349 sterio.

286 362 368 390 Vens.
388 362 428 388 tl.
460 370 469 386 ι
501 361 538 389 Ne
572 362 635 397 quis
651 361 731 389 illum
755 365 890 396 spernat:
910 359 1040 388 deducite

248 414 338 436 autem
356 408 434 435 illum
452 408 478 435 in
496 415 574 443 pace.
591 412 621 435 ut
641 407 732 436 veniat
743 408 776 435 ad
797 415 850 435 me.
869 417 878 433 ι

283 453 354 487 Quia
386 461 484 488 nempe
505 454 602 488 junior
616 461 680 482 cum
694 457 780 486 esset,
810 457 914 481 tantam
930 453 1038 489 plebem

247 499 445 527 moderandam
460 504 636 535 susceperat.

285 555 296 571 ι
313 544 453 580 Exspecto
466 545 540 572 enim
559 544 635 572 illum
646 553 709 573 eum
722 545 867 572 fratribus.
881 544 981 580 Ufens.
993 544 1037 577 12,

1132 370 1140 386 ι
1158 360 1203 396 Μή
1215 368 1255 391 τις
1269 359 1316 386 οὖν
1339 359 1422 386 αὑτὸν
1446 358 1612 393 ἐξουθενήσῃ
1634 366 1640 371 ⁸
1663 348 1842 392 προήμψατε
1855 357 1884 385 δι

1093 406 1173 433 αὑτὸν
1188 406 1217 432 ἐν
1229 405 1335 441 εἰρήνῃ,
1351 405 1396 431 ῐνα
1409 404 1473 440 ἔλθῃ
1489 404 1556 439 πρὸς
1575 403 1637 438 ἐμέ.
1659 413 1668 429 ι

1100 455 1106 459 ’
1135 450 1243 486 Ἐπειδὴ
1256 450 1304 477 καὶ
1318 449 1377 482 νέος
1392 447 1437 486 ἦν,
1452 449 1498 476 καὶ
1515 449 1594 485 μόνος
1606 447 1777 485 ἐνεχειρίσθη
1790 448 1884 475 τοσού-

1093 506 1139 524 του
1153 496 1219 523 λαοῦ
1238 496 1396 531 διόρθωσιν.
1896 498 1901 524 Ι

1131 553 1140 569 ι
1164 542 1324 578 Ἐκδέχομαι
1341 541 1396 577 γὰρ
1410 541 1492 569 αὐτὸν
1510 541 1580 577 μετὰ
1597 540 1652 567 τῶν
1664 539 1796 574 ἀδελφῶν.
1813 539 1882 576 Περὶ
1899 572 1903 579 1

1091 590 1121 617 δὲ
1143 589 1266 616 Ἀπολλῶ
1284 589 1333 616 τοῦ
1347 588 1474 624 ἀδελφοῦ,
1500 587 1586 614 πολλὰ
1608 586 1784 622 παρεκάλεσα
1799 586 1880 613 αὑτὸν

248 590 307 628 15.]
324 590 363 618 De
374 591 473 626 Apollo
487 595 580 618 autem
593 591 688 624 fratre,
705 590 822 618 multum
842 591 936 626 rogavi
955 598 1036 624 eum,

247 642 277 665 ut
296 637 402 665 veniret
429 645 493 665 eum
526 638 661 666 fratribus
681 646 688 664 :
704 641 731 665 et
748 637 845 673 utique
856 645 910 665 non
929 636 980 665 fuit
990 645 1038 664 vo-

247 684 351 716 luntas,
371 688 402 711 ut
428 691 503 712 nunc
535 683 655 712 veniret.
687 682 787 712 Veniet
812 688 914 717 autem,
932 690 996 711 cum
1011 683 1038 711 ei

246 737 364 758 vacuum
385 729 480 758 fuerit.
499 729 627 764 Vigilate.
641 739 650 756 ι

281 775 339 804 Hoc
348 783 460 811 quoque
475 775 629 804 territantis
645 780 715 808 erat,
733 779 765 804 ut
783 775 918 811 aequiores
934 775 1034 809 forent,

245 829 310 850 cum
328 821 419 857 ipsum
430 821 575 849 Timotheo
584 825 760 849 narraturum
772 829 832 856 qua
842 828 942 857 passus
951 826 1034 854 esset,

246 867 443 902 intelligerent.
460 866 573 894 Multam
589 870 681 894 autem
699 874 764 902 erga
780 867 842 895 illos
856 866 1033 894 dilectionem

1093 636 1137 663 ἵνα
1151 635 1216 671 ἔλθῃ
1230 634 1298 670 πρὸς
1316 635 1388 670 ὑμᾶς
1407 633 1477 670 μετὰ
1491 634 1546 660 τῶν
1560 632 1694 667 ἀδελφῶν.
1710 631 1757 658 καὶ
1771 631 1880 663 πάντως

1091 682 1140 709 οὐκ
1151 679 1185 718 ἦν
1196 681 1302 717 θέλημα
1315 681 1358 708 ἵνα
1373 681 1421 708 νῦν
1433 680 1507 717 ἔλθῃ.
1530 679 1687 707 Ἐλεύσεται
1705 679 1734 706 δὲ
1750 679 1815 705 ὅταν
1833 679 1879 704 εὖ-

1090 728 1223 764 καιρήσῃ.
1235 727 1413 763 Γρηγορεῖτε,
1434 734 1444 752 ›
1457 735 1462 739 ·

1128 773 1185 800 Καὶ
1213 773 1292 800 τοῦτο
1315 772 1463 808 φοϐοῦντος
1485 769 1531 807 ἦν,
1557 771 1600 797 ἴνα
1625 770 1735 804 εἰδότεςἔ
1759 770 1801 798 δτι
1821 769 1881 807 ipsi

1090 819 1158 856 πρὸς
1173 819 1255 846 αὑτὸν
1275 818 1348 854 ἅπερ
1365 819 1398 845 ἂν
1413 817 1499 853 πάθῃ,
1518 817 1716 854 ἐπιεικέστεροι
1737 818 1878 850 γένωνται.

1089 865 1146 894 Καὶ
1156 865 1269 900 ἀγάπην
1281 864 1310 892 δὲ
1329 866 1369 896 είς
1385 863 1508 896 ἐκείνους
1523 863 1692 891 ἐνδείκνυται
1709 863 1820 900 πολλὴν,
1838 864 1877 890 ὅτι

240 910 365 949 'praafert,
384 919 446 940 cum
462 912 551 939 virum
570 911 645 939 hunc
667 912 804 947 optimum
829 914 941 947 propter
957 911 1029 947 ipsos

1086 912 1133 939 τὸν
1146 911 1218 938 οὕτω
1235 912 1382 947 χρήσιμον,
1399 910 1433 937 δι’
1449 910 1562 942 ἑαυτοὺς
1580 910 1714 944 ἔπεμψεν.

244 958 377 986 mitteret.

281 1013 292 1028 ι
313 1003 388 1031 State
406 1003 433 1030 in
448 1002 503 1030 lide
516 1011 523 1036 ;
537 1003 657 1030 viriliter
669 1003 751 1038 agite,
767 1007 795 1031 et
807 1002 1032 1031 confortamini.»

279 1047 338 1076 Non
359 1049 386 1075 in
397 1048 531 1083 sapientia
547 1052 692 1076 extranea.
747 1063 750 1066 ~

277 1091 361 1119 Vsus.
375 1092 418 1123 14,
435 1091 478 1119 15,
494 1101 504 1117 ι
523 1090 624 1119 Omnia
643 1095 736 1119 vestra
753 1093 780 1119 in
793 1092 931 1120 charitate
954 1092 1033 1119 flant.

241 1137 362 1167 Obsecro
374 1142 464 1165 autem
481 1145 540 1169 vos,
563 1137 664 1164 fratres
676 1158 683 1170 ,
706 1138 796 1166 nostis
821 1137 969 1173 Stephanae
983 1137 1033 1165 do-

240 1191 314 1211 mum
325 1187 352 1211 et
365 1182 510 1210 Fortunati
525 1191 532 1215 ;
546 1183 680 1216 quoniam
692 1187 733 1210 est
751 1192 760 1209 ›

275 1228 395 1264 quuod
411 1227 506 1255 omnia
526 1227 645 1255 crimina
664 1227 699 1255 de
714 1227 815 1263 quibus
835 1227 942 1255 dictum
977 1233 1031 1260 est,

240 1273 341 1309 inquit,
350 1281 383 1300 ex
395 1271 549 1300 omissione
563 1271 707 1299 charitatis
722 1272 893 1299 acciderunt.

278 1328 288 1345 ι
307 1317 440 1345 Primitiae
454 1317 575 1351 Achaiae,
594 1317 658 1345 etin
672 1317 858 1345 ministerium
871 1322 1030 1344 sanctorum

239 1362 439 1391 ordinaverunt
463 1362 583 1397 seipsos,
612 1360 709 1398 [νεεδ.
731 1360 775 1397 16]
791 1365 822 1388 ut
848 1364 878 1389 et
902 1368 951 1389 vos
969 1361 1033 1389 sub-

239 1409 290 1436 diti
306 1408 369 1436 sitis
394 1407 583 1443 ejusmodi,et
609 1407 685 1435 omni
711 1407 877 1442 cooperanti
901 1411 930 1435 et
958 1408 1034 1436 labo-

239 1455 324 1482 ranti.
341 1464 350 1481 ι

274 1500 356 1528 Initio
365 1508 476 1536 quoque
495 1499 620 1535 epistolae
646 1498 808 1527 earumdem
829 1500 966 1533 meminit,
985 1500 1027 1528 di-

239 1554 329 1575 cens:
348 1546 489 1581 Baptizavi
508 1550 597 1573 autent
613 1550 638 1573 et
655 1544 797 1580 Stephano:
812 1545 931 1573 domum.
951 1545 1030 1574 Nunc

239 1600 304 1621 vero
318 1593 455 1628 primitias
479 1600 542 1621 eum
564 1596 657 1625 vocat,
683 1599 739 1619 non
762 1591 853 1619 solum
886 1591 1026 1625 Corinthi,

238 1645 334 1666 verum
346 1641 373 1665 et
389 1637 504 1665 Graeciaa
531 1637 628 1665 totius.
655 1637 741 1673 Atqui
758 1637 831 1665 haud
853 1637 952 1673 exigua
967 1638 1028 1666 laus

237 1687 281 1711 est
295 1683 415 1718 primum
432 1683 556 1710 omnium
571 1682 605 1710 ad
620 1682 766 1711 Christum
778 1683 942 1712 accessisse.
958 1683 1029 1717 Quo.

237 1729 312 1756 circa
328 1728 355 1755 in
375 1727 501 1763 Epistola
519 1728 603 1756 etiam
631 1728 665 1756 ad
682 1727 824 1757 Romanus
839 1729 972 1765 quosdam
995 1737 1028 1758 eo

238 1775 349 1802 nomine
365 1774 508 1806 laudabat,
529 1774 605 1809 quod
631 1778 697 1802 ante
713 1782 744 1802 se
769 1773 888 1802 fuissent
905 1774 932 1801 in
946 1774 1027 1802 Chri-

237 1824 282 1848 sto
295 1820 315 1847 ³.
324 1819 380 1848 Nec
394 1820 476 1852 dixit,
492 1820 558 1856 quia
577 1819 655 1856 prius
683 1820 874 1852 crediderunt,
888 1820 947 1853 sed,
961 1821 1027 1855 quia

237 1866 364 1900 primitia.’
380 1865 491 1892 fuerunt
504 1874 512 1898 ;
525 1870 555 1893 ιιι
568 1865 737 1901 significaret
744 1872 792 1893 eos
800 1865 883 1893 simul
898 1873 961 1904 cum
975 1865 1028 1893 fide

237 1911 369 1946 optimam
384 1910 470 1938 vitam
487 1911 655 1946 praetulisse.

273 1955 356 1984 Vens.
384 1957 430 1988 17.
458 1956 500 1984 l8.
525 1966 535 1983 ι
556 1956 669 1984 Gaudeo
699 1962 791 1984 autem
821 1957 849 1984 in
881 1957 1026 1992 presenti:

237 2001 384 2037 Stephana:
392 2006 420 2030 ct
439 2001 582 2030 Fortunati
597 2007 625 2030 et
638 2002 763 2034 Achaici,
775 2001 908 2037 quoniam
919 2002 946 2029 id
953 2001 1027 2038 quod
1047 2000 1050 2001 ⁷

237 2049 316 2077 vobis
335 2049 441 2081 deerat,
462 2049 517 2085 ipsi
529 2050 744 2085 suppleverunt.
769 2048 936 2077 Befewrunt
951 2049 1025 2076 enim

237 2095 367 2130 spiritum
398 2103 490 2124 meum
507 2099 535 2123 et
558 2099 694 2123 vestrum.
710 2094 876 2130 Cognoscite
896 2101 963 2129 ergo
979 2094 1026 2130 qui

237 2141 371 2176 ejusmodi
388 2145 463 2169 sunt.
483 2151 493 2167 ι
667 2141 672 2144 “

273 2186 343 2220 Quia
355 2186 508 2215 verisimile
521 2191 582 2214 erat
595 2186 657 2215 illos
672 2194 736 2223 erga
753 2187 821 2215 istos
847 2190 1026 2222 exasperatos

1122 1012 1131 1029 ι
1144 1003 1264 1038 Στήκετε
1278 1002 1306 1028 ἐν
1315 1002 1348 1035 τῇ
1360 1001 1461 1032 πίστει,
1476 1000 1647 1036 ἀνδρίζεσθε,
1657 999 1850 1035 κραταιοῦσθε.
1863 1009 1873 1027 ι

1122 1049 1179 1076 Οὐκ
1195 1049 1222 1074 ἰν
1236 1050 1269 1084 τῇ
1289 1048 1372 1084 σοφίᾳ
1385 1048 1418 1083 τῇ
1435 1047 1546 1080 ἔξωθεν.

1125 1104 1134 1120 ι
1152 1094 1245 1121 Πάντα
1269 1093 1347 1129 ὑμῶν
1365 1094 1394 1120 ὲν
1419 1093 1515 1129 ἀγάπῃ
1527 1093 1658 1127 γινέσθω.
1673 1092 1831 1128 Παρακαλῶ
1846 1092 1875 1119 δι

1084 1139 1167 1175 ὑμᾶς,
1181 1139 1303 1173 ἀδελφοὶ,
1317 1138 1406 1165 οἴδατε
1423 1137 1472 1174 τὴν
1488 1138 1576 1164 οἰκίαν
1588 1138 1715 1172 Στεφανᾶ
1729 1138 1776 1164 καὶ
1791 1137 1877 1172 Φουρ-

1083 1187 1222 1219 τουνάτου,
1240 1187 1280 1213 ὅτι
1298 1186 1372 1212 ἐστὶν
1391 1195 1400 1211 ›

1125 1230 1234 1265 Ἐπειδὴ
1244 1230 1291 1256 καὶ
1303 1229 1336 1256 τὰ
1347 1229 1483 1264 είρημένα
1497 1229 1597 1261 πάντα,
1610 1229 1702 1264 φησὶν,
1715 1229 1876 1264 ἐγκλήματα

1081 1277 1114 1303 ὲκ
1130 1276 1177 1303 τοῦ
1192 1276 1294 1311 ταύτην
1308 1274 1461 1310 ἠμελῆσθαι
1478 1274 1630 1310 περίεστιν.

1121 1331 1131 1347 ι
1155 1321 1281 1356 ’Λπαρχὴ
1299 1321 1349 1355 τῆς
1371 1320 1493 1355 Ἀχαΐας.
1514 1321 1561 1347 καὶ
1588 1321 1627 1352 είς
1650 1321 1789 1347 διακονίαν
1814 1322 1868 1352 τοῖς

1083 1367 1172 1401 ἁγίοις
1187 1366 1285 1399 ἔταξαν
1302 1367 1426 1399 ἑαυτοὺς,
1442 1366 1485 1392 ἴνα
1508 1366 1555 1393 καὶ
1576 1367 1657 1402 ῠμεῖς
1681 1367 1872 1402 ὑποτάσσησθε

1080 1413 1137 1444 τοῖς
1151 1412 1293 1444 τοιούτοις,
1310 1412 1358 1439 καὶ
1384 1411 1466 1438 παντὶ
1491 1411 1531 1446 τῷ
1559 1412 1736 1448 συνεργοῦντι
1762 1413 1811 1440 καὶ
1824 1421 1870 1440 κο-

1081 1457 1188 1484 πιῶντι.
1209 1467 1218 1483 ι

1116 1503 1172 1529 Καὶ
1201 1503 1355 1538 ἀρχόμενος
1379 1502 1475 1530 τούτου
1509 1502 1648 1537 μέμνηται
1673 1501 1771 1536 λέγων,
1796 1502 1874 1530 Ἐϐἁ-

1081 1556 1174 1579 arma
1185 1547 1219 1575 δὲ
1236 1548 1286 1576 καί
1306 1548 1360 1575 τὸν
1374 1547 1512 1582 Στεφανᾶ
1526 1546 1611 1574 οἷκον
1622 1554 1629 1562 ⁸
1646 1547 1694 1574 καὶ
1712 1546 1759 1574 νῦν
1781 1547 1872 1584 ἀπαρς

1043 1576 1064 1605 c
1080 1596 1132 1632 χὴν
1148 1576 1239 1627 αύτὸν,
1256 1595 1318 1630 οὐχὶ
1341 1594 1391 1629 τῆς
1407 1576 1541 1629 κορίνθου
1557 1593 1649 1629 μόνον,
1666 1593 1737 1620 ἀλλὰ
1749 1593 1796 1620 καὶ
1809 1576 1874 1625 ὅλης

1079 1641 1128 1677 τῆς
1146 1640 1272 1673 Ἑλλάδος
1296 1640 1390 1675 φησιν.
1409 1640 1447 1666 Ού
1465 1639 1563 1675 μικρὸν
1583 1639 1612 1666 δὲ
1629 1639 1678 1666 xci.
1692 1639 1773 1666 τοῦτο
1785 1639 1873 1674 ἐγκώ-

1081 1695 1152 1723 μιον,
1166 1687 1197 1714 τὸ
1212 1687 1320 1723 πρῶτον
1342 1685 1382 1721 τῷ
1398 1685 1510 1721 Χριστῷ
1531 1684 1704 1721 προσελθεῖν.
1722 1684 1769 1712 Διδ
1783 1685 1830 1712 καὶ
1843 1686 1872 1712 ἑν

1078 1734 1111 1768 τῇ
1127 1732 1194 1768 πρὸς
1214 1732 1367 1767 Ῥωμαίους
1384 1730 1529 1766 Ἐπιστολῇ
1547 1730 1674 1757 ἐντεῦθεν
1692 1730 1874 1765 ἐγκωμιάζων

1077 1778 1155 1810 τινὰς
1169 1778 1262 1812 ἔλεγεν
1272 1785 1278 1793 ·
1289 1777 1322 1804 Οἱ
1334 1777 1381 1804 καὶ
1393 1775 1448 1811 πρὸ
1461 1775 1528 1811 ἐμοῦ
1544 1776 1689 1810 γεγόνασιν
1702 1777 1732 1802 ὲν
1747 1777 1870 1812 Χριστῷ.

1078 1823 1134 1850 Καὶ
1143 1822 1193 1849 οὐκ
1204 1819 1295 1848 εἶπεν·
1309 1822 1349 1849 ὃτι
1359 1821 1467 1857 πρῶτον
1477 1820 1588 1847 ἐπίστευ
1593 1829 1651 1852 σαν,
1665 1820 1738 1847 ἀλλὰ
1748 1821 1871 1856 ἀπαρχὴ

1074 1865 1212 1903 ὶγένοντο,
1239 1867 1346 1899 δεικνὺς
1373 1867 1414 1894 ὅτι
1436 1866 1505 1901 μετὰ
1530 1868 1579 1902 τῆς
1600 1865 1717 1898 πίστεως
1740 1867 1788 1893 καὶ
1815 1866 1872 1902 βίον

1077 1914 1189 1950 ἄριστον
1200 1913 1385 1945 ἐπεδείξαντο.

1116 1969 1126 1985 ι
1146 1959 1241 1994 Χαίρω
1255 1959 1284 1986 δὲ
1300 1960 1347 1986 ἐπὶ
1370 1961 1403 1995 τῇ
1427 1959 1564 1995 παρουσίᾳ.
1577 1959 1703 1993 Στεφανᾶ
1723 1959 1771 1985 καὶ
1786 1959 1871 1994 Φουρ-

1076 2006 1205 2033 τουνάτου
1220 2006 1268 2033 καὶ
1290 2005 1430 2041 Ἀχαϊκοῦ,
1449 2005 1535 2031 ὅτιτὸ
1548 2004 1626 2039 ὑμῶν
1639 2005 1782 2040 ὑστέρημα
1797 2001 1870 2031 οὗτοι

1077 2051 1286 2088 ἀνεπλήρωσαν.
1311 2051 1482 2078 Ἀνέπαυσαν
1500 2049 1554 2086 γὰρ
1564 2050 1595 2076 τὸ
1608 2050 1676 2085 ὲμδν
1687 2049 1807 2084 πνεῦμα,
1822 2051 1871 2077 καὶ

1077 2097 1108 2124 τὸ
1121 2097 1208 2133 ὑμῶν.
1230 2096 1442 2132 Ἐπιγινώσκετε
1460 2093 1507 2124 οὖν
1519 2095 1583 2127 τοὺς
1595 2096 1745 2127 τοιούτους.
1769 2105 1777 2122 ι

1119 2187 1228 2222 Ἐπειδὴ
1236 2187 1310 2219 είκὸς
1319 2184 1353 2222 ἦν
1362 2188 1461 2218 αὐτοὺς
1473 2186 1539 2222 ὲξηγ
1544 2186 1658 2222 ριῶσθαι
1670 2186 1737 2221 πρὸς
1746 2186 1865 2218 τούτους·

236 2238 317 2259 esse:
333 2232 361 2259 hi
386 2232 459 2259 enim
476 2236 553 2259 erant
571 2232 619 2267 qui
633 2231 721 2267 ipsum
739 2236 939 2265 convenerant,
957 2240 1026 2260 nun-

1080 2234 1154 2262 αὐτοὶ
1166 2233 1220 2268 γὰρ
1231 2231 1301 2269 ἦσαν
1318 2234 1343 2260 οἱ
1360 2233 1484 2265 ἐλθόντες
1500 2233 1548 2260 καὶ
1560 2232 1733 2267 δηλώσαντες
1745 2232 1820 2267 αὐτῷ
1834 2232 1868 2258 τὰ

237 2278 432 2312 tiaverautque
458 2277 607 2306 dissidium
632 2286 714 2306 omne
731 2285 738 2303 :
754 2285 814 2306 eam
843 2279 877 2307 ob
900 2286 958 2307 rem
976 2279 1024 2312 ait,

235 2321 382 2357 refecerunt
396 2322 522 2357 spiritum
533 2331 631 2351 meum.
647 2322 747 2356 Meum,
766 2323 868 2360 inquit,
885 2330 915 2352 ut
931 2328 1025 2352 osten-

235 2368 282 2396 dat
302 2368 362 2396 illos
387 2369 449 2396 vice
473 2369 596 2396 omnium
611 2369 731 2402 venisse,
746 2373 774 2397 et
789 2377 839 2403 pro
860 2371 900 2398 eis
922 2374 1024 2397 tantam

234 2414 358 2442 voluisse
376 2415 628 2450 peregrinationem
646 2417 796 2450 suscipere.

269 2459 352 2489 Vsus.
384 2461 427 2494 l9,
459 2460 504 2489 20.
530 2471 540 2487 ι
574 2460 701 2489 Salutant
720 2470 770 2491 vos
796 2462 921 2490 ecelesin:
937 2463 1020 2490 Asizr.

237 2505 364 2534 Salutant
379 2514 427 2535 vos
441 2506 468 2534 in
485 2506 600 2536 Domino
621 2508 738 2542 Aquilas
749 2513 776 2536 et
799 2507 938 2540 Priscilla.
956 2516 1018 2536 cum

234 2551 386 2580 domestica
399 2559 448 2580 sua
466 2552 600 2581 Ecclesia.
630 2553 758 2581 Salutant
773 2562 821 2581 vos
845 2561 941 2582 omnes
965 2554 1021 2582 fra-

235 2602 304 2626 tres.

267 2652 390 2681 Membra
408 2653 512 2689 colligit
528 2658 554 2682 ct
568 2654 740 2690 conglutinat
757 2655 931 2685 salutatione.

269 2761 281 2777 c
305 2751 427 2779 Salutate
445 2753 561 2782 invicem
581 2754 607 2782 in
623 2756 720 2784 osculo
735 2761 839 2785 sancto.
861 2767 870 2783 ι

267 2806 297 2834 In
314 2807 363 2834 hac
377 2807 512 2837 duntaxat
533 2810 649 2845 epistola
669 2816 795 2842 sanctum
823 2815 948 2842 osculum
966 2823 1018 2851 po-

270 2861 281 2878 ⁵
298 2862 377 2890 Rom.
394 2871 448 2894 xw.
469 2864 493 2890 7.

1076 2278 1149 2306 κατὰ
1158 2279 1209 2314 τὴν
1224 2278 1328 2305 στάσιν.
1345 2278 1448 2305 Τούτου
1468 2278 1550 2314 χάριν
1568 2277 1660 2313 φησὶν,
1689 2276 1868 2304 ἀνέπαυσαν

1075 2324 1110 2351 τὸ
1121 2324 1195 2359 ἐμὸν
1208 2324 1338 2358 πνεῦμα,
1352 2323 1409 2350 Καὶ
1432 2323 1473 2356 τὸ,
1489 2323 1584 2359 ὑμῶν,
1599 2322 1709 2354 δεικνὺς
1724 2322 1786 2349 ἀντὶ
1800 2323 1867 2349 πάν-

1074 2378 1128 2397 των
1149 2369 1277 2401 ἐλθόντας
1296 2370 1344 2396 καὶ
1367 2370 1511 2405 ἑλομένους
1538 2367 1696 2404 ἀποδημίαν
1709 2368 1867 2395 στέλλεσθαι

1074 2416 1210 2451 τοσαύτην
1226 2416 1297 2452 ὑπὲρ
1316 2416 1416 2443 αὐτῶν.

1113 2472 1122 2489 ι
1148 2461 1328 2493 ’Δσπάζονται
1354 2462 1426 2497 ὑμᾶς
1450 2463 1477 2489 αἱ
1505 2462 1665 2497 Ἐκκλησίαι
1687 2462 1736 2497 τῆς
1763 2460 1864 2492 Ἀσίας.

1076 2507 1258 2540 ’Δσπάζονται
1270 2508 1342 2542 ὑμᾶς
1356 2509 1385 2534 ἐν
1399 2507 1495 2543 Κυρίῳ
1510 2507 1628 2540 Ἀκύλας
1645 2508 1691 2535 καὶ
1705 2507 1864 2542 Πρίσκιλλα,

1075 2554 1124 2581 σὺν
1151 2554 1184 2588 τῇ
1212 2553 1274 2580 κατ’
1290 2550 1364 2580 οἷκον
1383 2553 1473 2580 αὐτῶν
1499 2553 1659 2589 Ἐκκλησία.
1683 2552 1866 2584 Ἀσπάζονται

1075 2600 1147 2636 ὑμᾶς
1159 2600 1184 2626 οἱ
1197 2599 1306 2633 ἀδελφοὶ
1324 2599 1434 2631 πάντες.
1456 2609 1465 2626 ι

1111 2656 1286 2690 Ἐπισυνὰγει
1301 2656 1349 2683 καὶ
1363 2655 1501 2692 συγκολλᾷ
1514 2656 1549 2682 τὰ
1564 2656 1632 2692 μέλη
1651 2656 1696 2684 διὰ
1708 2657 1756 2683 τοῦ
1771 2658 1863 2684 ἀσπα-

1076 2701 1157 2737 σμοῦ.
1742 2721 1746 2724 .

1112 2768 1123 2785 ι
1138 2757 1310 2786 Ἀσπάσασθε
1323 2758 1456 2795 ἀλλήλους
1466 2760 1497 2787 ὲν
1509 2760 1642 2796 φιλήματι
1660 2761 1739 2797 ἁγίῳ.
1760 2770 1768 2786 ι

1109 2817 1218 2852 Ταύτην
1233 2816 1281 2853 τὴν
1308 2816 1354 2843 τοῦ
1379 2817 1458 2852 ἁγίου
1476 2817 1628 2853 ἀσπασμοῦ
1649 2817 1765 2845 ἐνταῦθα
1783 2817 1864 2854 μόνον
