2078 3116
190 105 240 139 ἸῧΊ

791 103 821 132 8.
838 102 998 132 JOANNIS
1014 103 1230 134 DAMASCENI

1767 105 1822 136 708

242 159 361 187 Alteram
369 159 518 187 Corinthiis
528 157 667 194 epistolam
690 159 753 186 ideo
765 159 878 194 scripsit
906 159 978 194 Apo-

1065 160 1143 186 Αἰτία
1162 159 1293 196 δευτέρας
1304 160 1451 197 ἐπιστολῆς
1463 161 1588 195 Ἐγένετο
1601 161 1641 196 τῷ
1653 161 1822 198 ’Διιιοστόλιρ⁷

191 209 291 240 stultis,
303 209 366 242 quia
383 207 409 233 in
421 205 504 240 priori
521 204 686 240 promiserat
698 211 728 232 se
742 204 819 232 brevi
835 210 980 232 venturum

191 256 225 282 ad
245 254 332 289 ipsos,
349 253 430 286 cujus
450 257 540 278 tamen
557 251 703 285 praestandi
719 250 834 278 facultas
847 251 981 278 hactenus

192 307 248 327 non
266 299 369 326 fuerat.
388 297 482 324 Altera
497 297 590 324 itidem
606 304 690 324 causa
710 296 772 330 fuit,
787 296 860 332 quod
875 296 909 324 ad
928 304 982 324 me-

192 346 287 372 liorem
316 343 422 378 frugem
438 342 478 369 illi
496 350 526 370 se
537 348 700 378 receperant
716 343 750 370 ob
762 343 909 378 epistolam
926 350 977 370 an-

192 390 330 418 teriorem.
342 388 421 416 initio
437 389 531 422 itaque
544 389 754 415 excusationem
774 388 853 416 alTert
868 388 982 415 dilatio-

191 435 246 466 nis,
267 438 295 462 et
321 433 437 469 probare
460 440 490 460 se
506 437 623 460 testatur
640 433 860 461 emendationem
903 445 984 472 quam

191 481 306 518 epistola
325 480 400 515 prior
424 483 575 514 pepererat.

230 536 241 553 ί
255 526 385 554 Ecclesiw
400 525 459 553 Dei,
481 534 490 550 ι

232 571 288 600 Hos
312 579 422 598 rursum
442 569 591 597 Ecclesium
618 569 667 597 Dei
694 573 851 604 nuncupat,
873 577 922 598 eos
953 570 981 598 in

194 624 279 644 unum
297 616 381 644 simul
393 614 562 649 colligendo.

226 652 242 688 ἰ
266 661 332 694 ροσε
344 667 386 688 est
410 660 548 692 Corinthi,
574 666 637 687 cum
663 659 794 687 omnibus
809 659 914 687 sanctis
935 660 981 695 qui

194 711 260 735 sunt
282 707 309 733 in
326 705 453 733 universa
469 704 583 731 Achaia.
603 703 705 739 [νεεδ.
721 705 749 735 2.
761 704 809 741 5.]
829 704 923 732 Gratia
935 712 982 733 vo-

195 754 237 781 bis
264 756 292 780 et
316 760 370 787 pax
386 759 400 777 a
430 751 486 778 Deo
499 751 580 778 Patre
606 755 702 778 nostro
733 754 760 778 et
778 751 892 778 Domino
916 750 981 778 Jcsu

193 797 315 825 Christo.
338 795 501 824 Benedictus
527 795 599 823 Deus
615 799 642 822 et
657 795 739 822 Pater
767 795 875 822 Domini
892 795 980 822 nostri

192 842 256 871 Jesu
270 842 382 870 Christi.
401 851 410 868 ι

231 888 313 924 124
328 887 527 915 Salutationem
539 887 554 913 7a
570 891 652 922 gente
667 886 789 919 orditur,
807 890 834 913 et
852 893 906 913 una
917 893 980 913 cum

192 935 248 962 illis
258 934 419 962 Corinthios
436 933 586 960 honoriﬁce
599 933 757 967 compellat.

230 991 241 1007 ι
253 981 334 1008 Pater
352 978 618 1011 misericordiarum,
645 984 672 1006 et
688 979 760 1006 Deus
779 980 865 1006 totius
880 986 981 1007 conso-

192 1026 315 1058 lationis,
344 1024 451 1062 [νεοδ-
478 1025 496 1051 4
516 1025 527 1061 ]
546 1026 593 1060 qui
614 1026 773 1053 consolatur
789 1033 839 1053 nos
862 1025 890 1052 in
907 1025 981 1052 omni

192 1072 372 1099 tribulatione
399 1075 513 1103 nostra;
531 1075 561 1097 ut
578 1071 718 1105 possimus
730 1075 760 1098 et
773 1070 826 1105 ipsi
841 1071 981 1098 consolari

191 1123 240 1144 eos
258 1116 304 1150 qui
325 1116 352 1142 in
365 1115 441 1142 omni
459 1122 589 1149 pressura
601 1119 676 1148 sunt,
702 1122 751 1149 per
763 1115 980 1142 exhortationem

191 1167 245 1196 qua
255 1160 433 1187 exhortamur
455 1158 506 1193 ipsi
519 1166 535 1185 a
547 1159 611 1186 Deo.
634 1168 644 1184 ι

227 1205 343 1233 Causam
354 1204 433 1231 alTerl
440 1211 489 1231 cur
496 1203 656 1231 tardaverit.
664 1205 778 1239 Aitergo
788 1214 795 1232 :
804 1204 981 1239 Scioquidem

192 1252 264 1285 quod
281 1259 323 1279 me
338 1255 483 1278 venturum
499 1249 532 1276 ad
545 1258 593 1276 vos
609 1250 660 1277 sim
675 1251 811 1285 pollicitus
828 1259 835 1278 :
851 1251 899 1278 sed
913 1259 982 1286 quo-

192 1297 266 1325 niam
280 1297 442 1324 alllictiones
457 1299 484 1324 et
498 1296 634 1331 angustiae
644 1296 845 1331 impedimento
857 1297 981 1329 fuerunt,

193 1343 256 1371 date
285 1343 405 1375 veniam,
429 1350 481 1371 nec
503 1342 642 1376 superbiae
664 1347 712 1370 aut
733 1342 869 1370 socordia:
879 1346 982 1370 nostrai

194 1388 246 1416 hoc
261 1388 401 1415 tribuatis.

229 1433 314 1461 Vsus.
342 1432 369 1465 5,
388 1432 414 1460 6.
430 1442 440 1459 ‹
454 1431 591 1466 Quoniam
609 1432 683 1460 sicut
711 1432 854 1460 abundant
873 1433 982 1468 passio-

194 1487 243 1507 nes
259 1479 362 1506 Christi
385 1479 413 1506 in
430 1478 521 1510 nobis,
549 1479 587 1505 ita
604 1483 631 1505 et
644 1486 693 1514 per
704 1478 846 1507 Christum
859 1479 981 1507 abundat

194 1524 348 1553 consolatio
363 1528 459 1552 nostra
480 1533 487 1550 :
505 1527 563 1551 sive
579 1524 746 1552 tribulamur
759 1532 808 1559 pro
825 1530 916 1552 vestra
931 1532 980 1553 ex-

195 1572 354 1600 hortatione
371 1574 398 1598 et
412 1570 514 1598 salute.
529 1579 540 1597 ›

228 1616 268 1644 Ne
284 1616 368 1644 nimia
385 1616 570 1642 calamitatum
602 1615 814 1650 ampliﬁcatione
832 1615 982 1651 discipulo-

193 1670 256 1690 rum
275 1662 383 1689 animos
398 1661 521 1696 dejiciat,
548 1669 604 1695 quo
618 1666 725 1689 mentes
739 1662 862 1697 ipsorum
885 1663 981 1698 erigat,

193 1710 332 1745 copiosam
353 1716 414 1737 esse
429 1709 627 1737 consolationis
636 1709 832 1737 abundantiam
846 1710 982 1743 ostendit;

193 1763 284 1790 neque
301 1755 355 1782 hoc
383 1755 483 1787 solum,
500 1755 548 1782 sed
559 1759 587 1782 et
598 1755 701 1783 Christi
717 1756 852 1788 meminit,
869 1756 984 1791 ejusque

194 1808 255 1830 esse
268 1801 433 1829 aliiictiones
447 1801 523 1836 ipsas
534 1801 613 1828 dicit.
623 1801 851 1829 Tum’allatonno
861 1806 889 1829 et
896 1803 984 1837 primo

194 1846 340 1874 solaminis
365 1851 537 1881 argumento,
564 1846 637 1880 quod
653 1853 751 1881 nempe
762 1853 811 1880 per
822 1853 870 1874 eas
882 1847 984 1875 Christi

203 1896 347 1920 consortes
359 1891 458 1922 simus,
483 1891 598 1918 alterum
622 1891 737 1926 insuper
756 1891 843 1923 addit,
859 1895 923 1926 puta
934 1891 985 1919 hae

193 1937 303 1965 ratione
333 1937 536 1972 discipulorum
560 1938 677 1965 salutem
710 1937 814 1972 parari.
851 1936 879 1964 ιιι
911 1937 985 1973 quod

194 1982 268 2010 hunc
283 1982 311 2010 in
326 1982 439 2014 modum
449 1981 562 2010 evincit.
574 1981 635 2009 Nisi
657 1982 915 2016 praedicavissemus
938 1989 985 2010 vo-

193 2029 249 2061 bis,
272 2029 374 2064 inquit,
397 2028 535 2056 Italorum
565 2028 665 2056 timore
681 2036 715 2055 ne
729 2028 755 2055 id
769 2028 928 2056 faceremus
938 2029 985 2056 de-

194 2074 296 2107 territi,
328 2073 362 2101 ad
382 2078 506 2101 extrema
531 2081 576 2101 res
591 2078 690 2101 vestrae
719 2074 838 2102 redacta:
863 2079 957 2103 essent
977 2082 984 2100 :

195 2127 270 2146 nunc
296 2124 388 2146 autem
417 2126 473 2153 quo
500 2119 727 2153 persecutionum
757 2122 915 2146 nostrorum
944 2119 985 2146 vis

1031 205 1062 231 τὸ
1077 205 1244 240 ὑποσχέσθαι
1268 207 1298 235 ὲν
1318 207 1352 241 τῇ
1369 206 1491 242 προτέρᾳ
1515 207 1598 233 αὑτὸν
1615 206 1721 242 ταχέως
1743 207 1820 243 ἥξειν

1032 252 1101 288 πρὸς
1116 253 1224 284 αὐτοὺς,
1241 253 1288 279 καὶ
1307 253 1344 287 μὴ
1360 252 1522 286 ἐκγενέσθαι
1537 252 1615 279 τοῦτο
1628 252 1820 286 ποιῆσαιμιίαὶ

1032 297 1112 331 ἑτέρα
1129 297 1213 329 αἰτία,
1227 297 1258 324 τὸ
1270 297 1448 333 βελτιωθῆναι
1462 297 1560 329 αὐτοὺς
1576 297 1609 324 ὲκ
1625 297 1675 333 τῆς
1691 297 1820 325 Ἐπιστο-

1031 342 1082 379 λῆς
1096 343 1147 378 τῆς
1163 344 1287 379 πρώτης.
1307 344 1470 379 Προγράφει
1488 341 1535 370 οὖν
1549 344 1598 370 καὶ
1611 344 1677 379 περὶ
1687 344 1736 370 τοῦ
1753 343 1820 379 βρα-

1036 388 1114 416 δῠναι
1141 389 1382 424 ἀπολογούμενος,
1401 390 1448 416 καὶ
1469 389 1518 425 τὴν
1543 390 1575 415 ἐκ
1600 389 1650 424 τῆς
1682 390 1819 425 προτέρας

1039 433 1200 470 Ἐπιστολῆς
1215 435 1366 470 γενομένην
1377 435 1521 470 διόρθωσιν
1537 434 1748 470 ἀποδεχόμενος.

1071 534 1080 549 ι
1093 524 1133 559 Τῇ
1151 523 1303 560 Ἐκκλησία
1317 524 1364 550 τοῦ
1379 523 1458 551 Θεοῦ.
1475 533 1484 550 ι

1068 569 1152 596 Πάλιν
1172 569 1272 600 αὐτοὺς
1297 569 1480 602 Ἐκκλησίαν
1503 569 1608 602 καλεῖ,
1635 570 1761 605 συνάγων
1780 571 1821 603 lic

1032 613 1072 639 ἕν.

1070 668 1080 683 ι
1095 657 1133 694 Τῇ
1150 657 1219 695 οὔσῃ
1233 659 1262 685 ἐν
1280 658 1418 694 Κορίνθῳ,
1440 659 1487 686 σὺν
1503 660 1557 690 τοῖς
1577 658 1668 693 ἁγίοις
1682 660 1750 687 πᾶσι
1764 661 1820 692 τοῖς

1033 701 1110 730 οὖσιν
1124 704 1153 729 ὲν
1168 704 1216 739 ὅλῃ
1230 705 1262 739 τῇ
1283 704 1380 739 Ἀχαΐᾳ
1390 711 1398 719 ο
1417 704 1498 740 χάρις
1517 704 1582 739 ὑμῖν
1593 705 1641 731 καὶ
1657 706 1751 741 εἰρήνη
1766 706 1820 733 ἀπὸ

1033 749 1101 775 Θεοῦ
1127 750 1234 786 Πατρὺς
1259 749 1338 785 ἡμῶν
1366 750 1414 777 καὶ
1443 750 1547 785 Κυρίου
1575 751 1663 785 Ἰησοῦ
1688 752 1818 787 Χριστοῦ.

1032 795 1188 830 Εὐλογητὸς
1215 797 1229 821 ὁ
1256 795 1323 827 Θεὸς
1348 797 1396 822 καὶ
1422 795 1517 831 Πατὴρ
1539 795 1587 822 τοῦ
1615 797 1718 832 Κυρίου
1742 799 1821 834 ἡμῶν

996 835 1018 862 Β
1039 840 1130 876 Ἰησοῦ
1145 840 1277 876 Χριστοῦ.
1289 850 1299 866 ι

1075 885 1143 912 ’Δπδ
1158 885 1204 912 τοῦ
1228 885 1322 917 ἔθνους
1342 886 1554 921 προσαγορεύει,
1571 887 1619 914 καὶ
1632 887 1737 914 τούτων
1752 889 1766 908 ι
1781 898 1821 915 τι·

1034 930 1094 964 μῶν
1107 931 1171 962 τοὺς
1188 931 1361 966 Κορινθίους.

1071 985 1081 1002 ι
1097 976 1126 1003 '0
1145 977 1237 1012 πατὴρ
1256 977 1311 1004 τῶν
1341 978 1505 1014 οἰκιιτιρμῶν²
1526 979 1574 1006 καὶ
1588 978 1655 1011 Θεὸς
1668 979 1759 1014 πάσης
1770 988 1822 1007 πα-

1034 1023 1206 1058 ρακλήσεως,
1221 1024 1235 1049 ὁ
1253 1024 1423 1059 παρακαλῶν
1439 1024 1513 1059 ἡμᾶς
1534 1024 1580 1051 ἐπὶ
1595 1024 1670 1060 πάσῃ
1685 1026 1719 1060 τῇ
1732 1024 1822 1060 θλίψει

1033 1067 1125 1103 ἡμῶν,
1139 1069 1180 1100 είς
1210 1068 1242 1095 τὸ
1263 1068 1394 1096 δύνασθαι
1412 1070 1488 1104 ἡμᾶς
1515 1070 1685 1105 παρακαλεῖν
1703 1071 1767 1102 τοὺς
1793 1071 1823 1097 ἐν

1033 1116 1109 1149 πάσῃ
1126 1114 1226 1149 θλίψει,
1242 1114 1287 1141 διὰ
1300 1116 1350 1150 τῆς
1369 1116 1571 1152 παρακλήσεως
1594 1113 1628 1153 ἧς
1648 1116 1823 1151 παρακαλού-

1034 1159 1106 1194 μεθα
1121 1160 1201 1186 αὐτοὶ
1210 1160 1264 1187 ὑπὸ
1276 1160 1324 1187 τοῦ
1340 1161 1420 1189 Θεοῦ.
1436 1172 1446 1187 ι

1068 1203 1125 1238 Τὴν
1158 1204 1249 1231 αἰτίαν
1264 1204 1338 1239 λέγει
1366 1206 1416 1240 τῆς
1440 1206 1622 1242 ἀπολείψεως,
1645 1207 1731 1241 Φησὶν
1756 1204 1820 1234 οὖν·

1033 1246 1100 1276 οῖδα
1116 1250 1166 1285 μὲν
1185 1251 1370 1286 ὑποσχόμενος
1384 1252 1459 1287 ἥξειν
1469 1261 1476 1267 ·
1494 1254 1590 1287 ἐπειδὴ
1604 1253 1632 1280 δὲ
1643 1253 1687 1280 διὰ
1702 1254 1751 1285 τὰς
1765 1253 1822 1279 θλί-

1031 1294 1093 1330 ψεις
1103 1297 1286 1332 ὲνεποδίσθην,
1297 1298 1446 1332 σύγγνωτε.
1464 1299 1512 1325 καὶ
1528 1300 1566 1335 μὴ
1581 1299 1743 1334 καταγνῶτί
1761 1307 1822 1326 τινα
1837 1326 1842 1333 ,

1034 1340 1187 1376 ὑπεροψίαν
1203 1342 1220 1377 ἢ
1240 1343 1377 1378 ῥᾳθυμίαν
1394 1344 1484 1379 ἡμῶν,

1071 1439 1080 1454 ο
1098 1431 1160 1457 ’Ότι
1179 1431 1273 1463 καθὼς
1291 1433 1453 1467 περισσεύει
1466 1432 1501 1459 τὰ
1524 1432 1675 1468 παθήματα
1692 1433 1741 1461 τοῦ
1755 1434 1823 1470 Χρι-

1034 1476 1097 1504 στοῦ
1109 1477 1149 1508 είς
1165 1477 1249 1513 ἡμᾶς,
1260 1477 1332 1504 οὕτω
1343 1478 1390 1505 καὶ
1404 1478 1447 1505 διὰ
1463 1478 1511 1504 τοῦ
1527 1479 1648 1514 Χριστοῦ
1664 1481 1821 1515 περισσεύει

1031 1525 1048 1560 ἡ
1066 1525 1241 1561 παράκλησις
1262 1525 1361 1561 ἡμῶν·
1388 1527 1444 1553 εἴτε
1464 1526 1493 1553 δὲ
1522 1526 1673 1562 θλιϐόμεθα
1685 1528 1756 1563 ὑπὲρ
1769 1527 1820 1562 τῆς

1033 1570 1113 1606 ἡμῶν
1130 1571 1331 1607 παρακλήσεως
1347 1573 1394 1599 καὶ
1411 1573 1561 1608 σωτηρίας,
1580 1581 1589 1600 ι

1069 1617 1129 1644 Ἵνα
1144 1617 1182 1653 μὴ
1199 1617 1344 1654 καταϐάλῃ
1359 1619 1422 1650 τοὺς
1436 1618 1561 1654 μαθητὰς
1578 1619 1608 1645 τὸ
1626 1618 1731 1654 σφόδρα
1744 1618 1822 1645 ἐπαί-

1036 1670 1092 1697 ρειν
1104 1662 1154 1694 τὰς
1167 1662 1322 1698 συμφορὰς,
1339 1663 1460 1690 δείκνυσι
1475 1663 1557 1690 πᾶλιν
1569 1663 1669 1698 πολλὴν
1677 1663 1733 1698 ’τὴν
1747 1671 1824 1699 περι·

1034 1708 1130 1735 ουσίαν
1144 1708 1192 1735 καὶ
1208 1709 1258 1744 τῆς
1282 1709 1483 1745 παρακλήσεως
1504 1710 1599 1743 οὖσαν,
1617 1710 1665 1736 καὶ
1681 1709 1823 1744 ἀνίστησιν

1036 1755 1127 1782 αὐτῶν
1144 1755 1194 1790 τὴν
1214 1755 1350 1783 διάνοιαν·
1370 1756 1401 1783 οὺ
1417 1756 1500 1791 μόνον
1513 1755 1602 1788 τοῦτο,
1619 1755 1686 1782 ἀλλὰ
1703 1754 1743 1790 τῷ
1759 1756 1824 1782 ἀνα-

1037 1802 1139 1836 μνῆσαι
1166 1801 1213 1828 τοῦ
1239 1801 1379 1837 Χριστοῦ,
1406 1803 1454 1829 καὶ
1481 1802 1565 1829 αὐτοῦ
1585 1803 1676 1828 εἰπεῖν
1700 1799 1770 1828 εἶναι
1788 1801 1824 1828 τὰ

1037 1846 1198 1882 παθήματα.
1217 1846 1310 1873 Εἰπὼν
1327 1847 1355 1873 δὲ
1382 1846 1448 1882 μίαν
1474 1847 1523 1873 καὶ
1545 1846 1659 1882 πρώτην
1682 1846 1824 1882 παρακλήξ

1037 1901 1106 1925 σεως
1120 1893 1310 1928 παραμυθίαν,
1323 1893 1353 1919 τδ
1368 1893 1534 1929 κοινωνῆσαι
1550 1893 1674 1930 Χριστῷ,
1688 1892 1763 1928 λέγει
1779 1893 1824 1921 καὶ

1036 1938 1178 1973 δευτέραν,
1191 1938 1221 1964 τδ
1232 1938 1280 1974 τὴν
1293 1938 1349 1965 τῶν
1365 1938 1596 1974 μαθητευομίνων
1605 1937 1731 1966 ἐντεῦθεν
1742 1947 1825 1965 κατα-

1037 1984 1220 2016 σκευάζεσθαι
1237 1984 1388 2020 σωτηρίαν.
1408 1984 1620 2017 Κατασκευάζει
1637 1984 1667 2011 as
1682 1983 1762 2011 τοῦτο
1780 1984 1826 2010 οὓο

1037 2039 1091 2062 τως
1101 2039 1109 2046 ·
1120 2031 1152 2057 El
1161 2031 1204 2066 μὴ
1212 2030 1399 2066 ἐκηρύξαμεν,
1410 2031 1503 2065 φησὶν,
1519 2031 1594 2066 om».
1613 2030 1777 2066 φοϐούμενοι
1792 2029 1824 2057 τὰ

1036 2076 1122 2109 δεινὰ,
1136 2077 1165 2102 ὲν
1190 2076 1316 2111 ἐσχάτοις
1338 2073 1372 2110 ἦν
1386 2075 1422 2101 τὰ
1448 2075 1587 2111 ὑμέτεραι
1601 2075 1649 2103 νῦν
1669 2075 1702 2102 δὲ
1721 2075 1777 2109 ὅσῳ
1792 2075 1825 2101 ἂν

1037 2122 1205 2158 ὲπιτείνηται
1216 2122 1250 2148 τὰ
1264 2121 1318 2148 τῶν
1330 2121 1459 2156 διωγμῶν
1473 2122 1527 2147 τῶν
1542 2121 1826 2156 ἡμετέρων,τοσούτῳ

196 2165 315 2200 amplius
328 2164 494 2197 intenditur,
524 2167 601 2191 tanto
620 2164 706 2199 magis
719 2168 881 2199 exspectare
893 2165 982 2192 melior

1041 2167 1140 2203 μᾶλλον
1152 2167 1299 2195 ἐπιδιδόναι
1310 2167 1345 2194 τὰ
1359 2166 1409 2202 τῆς
1418 2167 1540 2203 χρηστῆς
1550 2167 1657 2198 ἐλπίδος
1673 2166 1825 2202 προσδοκᾷν

196 2210 235 2237 ris
249 2209 308 2245 spei
325 2214 532 2236 accrementum
548 2209 665 2237 debetis.

234 2265 244 2281 ι
259 2255 324 2288 Quae
339 2260 470 2290 operatur
483 2255 511 2282 in
521 2255 664 2282 tolerantia
677 2256 798 2283 omnium
817 2257 984 2290 passionum,

196 2305 302 2333 quaset
313 2309 362 2329 uos
375 2300 609 2337 putimur.[Vsns.
624 2300 670 2337 7.]
683 2301 716 2328 Et
728 2309 790 2336 spes
804 2307 899 2329 nostra
909 2302 985 2329 ﬁrma

199 2349 236 2374 sit
253 2354 304 2382 pro
321 2346 400 2374 vobis
420 2355 427 2373 :
442 2346 500 2373 sive
522 2346 702 2373 exhortamur
719 2354 768 2381 pro
783 2352 873 2374 vestra
889 2347 985 2374 exhor-

195 2393 299 2420 tatione
312 2397 339 2420 et
354 2393 451 2420 salute.
469 2401 478 2417 ι

231 2437 356 2466 Ostendit
383 2445 438 2466 una
468 2444 530 2465 cum
563 2438 686 2465 utilitate
703 2440 838 2471 ipsorum,
866 2437 981 2464 multum

195 2491 306 2518 quoque
318 2484 417 2511 virium
431 2483 560 2511 habuisse
573 2483 687 2518 gratiam
703 2490 764 2514 qua:
776 2483 803 2509 in
815 2483 855 2509 eis
871 2487 982 2518 operata

196 2531 250 2555 est.

235 2583 245 2598 ι
263 2573 331 2607 Quia
343 2574 414 2602 sicut
428 2575 494 2602 socii
509 2574 668 2610 passionum
695 2574 773 2606 estis,
789 2573 828 2600 ita
839 2578 866 2600 et
883 2581 982 2601 conso—

198 2618 311 2646 lationis
335 2618 437 2655 [νεεδ.
454 2619 500 2656 8.]
517 2620 586 2653 Nolo
600 2621 674 2647 enim
694 2627 745 2647 vos
771 2619 911 2655 ignorare,
925 2619 982 2646 fra-

198 2668 266 2697 tres,
290 2663 325 2691 de
356 2665 534 2693 tribulatione
565 2670 669 2698 nostra,
698 2672 758 2700 qua:
798 2664 868 2692 facta
896 2665 982 2692 estin

1037 2214 1086 2240 δεῖ.

1075 2268 1084 2284 ι
1103 2259 1159 2293 Τῆς
1180 2259 1382 2293 ἐνεργουμένης
1404 2258 1433 2284 ὲν
1447 2257 1570 2293 ὑπομονῇ
1591 2258 1645 2284 τῶν
1665 2257 1757 2284 αὐτῶν
1773 2266 1825 2284 πα‹

1037 2303 1180 2338 θημάτων,
1209 2301 1247 2329 ὦν
1267 2304 1315 2329 καὶ
1342 2303 1422 2338 ἡμεῖς
1446 2303 1599 2338 πάσχομεν,
1623 2303 1677 2329 Καὶ
1747 2303 1824 2334 ἐλπὶς

1036 2349 1114 2384 ἡμῶν
1126 2348 1224 2384 stam
1239 2349 1292 2375 ὑπὸ
1307 2349 1384 2383 ὑμῶν
1396 2356 1403 2363 ·
1419 2349 1477 2375 εἴτε
1487 2349 1734 2385 παρακαλούμεθα,
1753 2350 1824 2385 ὑπὲρ

1035 2395 1087 2429 τῆς
1102 2395 1179 2429 ὑμῶν
1197 2395 1398 2430 παρακλήσεως
1415 2396 1462 2421 καὶ
1474 2396 1623 2431 σωτηρίας,
1640 2405 1648 2420 ι

1073 2441 1216 2468 Δθίκννσιν
1242 2441 1281 2467 ὃτι
1303 2441 1373 2475 μετὰ
1396 2442 1446 2477 τῆς
1469 2442 1558 2468 αὐτῶν
1581 2442 1715 2476 ὠφελείας
1739 2442 1786 2469 καὶ
1807 2442 1823 2477 ἡ

1038 2487 1119 2522 χάρι;
1136 2487 1222 2514 πολλὰ
1237 2487 1378 2522 ἐνίσχυσεν
1392 2487 1542 2522 ὲνεργοῦσα
1557 2489 1585 2514 ἐν
1604 2479 1707 2520 αὐτοῖς.

1077 2585 1085 2601 ι
1099 2576 1160 2601 Ὅτι
1188 2576 1225 2606 ὡς
1239 2576 1364 2602 κοινωνοί
1385 2577 1445 2602 ἐστε
1474 2576 1528 2601 τῶν
1551 2575 1732 2611 παθημάτων,
1754 2577 1824 2602 οὕτω

1037 2620 1083 2647 καὶ
1107 2620 1157 2655 τῆς
1186 2621 1398 2656 παρακλήσεως.
1428 2619 1465 2647 σὺ
1491 2621 1546 2656 γὰρ
1574 2620 1643 2648 θέλω
1674 2621 1724 2656 μὲν
1752 2621 1823 2656 ὑμᾶς

1037 2669 1155 2702 ἀγνοεῖν,
1171 2668 1291 2703 ἀδελφοὶ,
1307 2668 1379 2704 ὑπὲρ
1394 2668 1442 2703 τῆς
1454 2668 1571 2706 θλίψεως
1586 2668 1675 2704 ἡμῶν,
1689 2669 1738 2704 τῆς
1750 2675 1824 2704 γενο-

812 2789 814 2791 }
837 2754 956 2783 VARL‘E
973 2753 1175 2783 LECTIONES.

237 2799 250 2821 Ιι
260 2798 351 2834 Forte,
369 2801 437 2834 μετὰ
452 2801 493 2829 vel
510 2801 562 2841 πρὸ
577 2801 689 2829 τούτων.
