2078 3116
221 116 272 151 711

221 221 341 258 appellat
357 229 452 249 eorum
470 229 531 257 quae
544 222 593 250 abs
613 230 642 249 sc
656 222 800 249 dicuntur.

255 268 341 297 Vens.
377 270 419 297 u.
438 279 447 295 ι
467 268 554 304 Spero
567 273 658 297 autent
686 270 758 305 quod
777 277 863 304 uSque
891 270 917 296 in
931 270 1010 296 tinent

221 315 406 351 cognoscetis,
432 315 504 342 sicut
527 319 556 342 ct
579 317 749 349 eognovislis
771 323 822 343 nos
842 324 874 342 ex
892 320 978 350 parte.
999 324 1008 340 ›

255 361 279 387 Α
302 360 447 395 praeteritis
477 360 557 388 Iidem
587 360 652 388 facit
668 360 838 388 futurorum.
863 360 935 394 Quin
960 367 1012 387 nec

220 404 385 440 simpliciter
401 409 428 431 et
439 404 513 432 nude
528 405 555 432 id
576 406 777 441 pronuntiavit,
799 406 847 434 sed
867 411 954 433 totutn
968 413 1011 432 re-

218 449 318 485 iiciens
332 450 362 477 in
376 449 462 477 Deum
475 455 502 478 et
518 458 667 487 spemquze
681 451 708 478 in
726 451 801 479 illum
819 459 871 482 est.

256 503 267 521 ι
285 495 363 529 Quod
374 495 461 531 gloria
478 501 568 524 vestra
584 505 681 525 sumus
707 497 781 526 sicut
796 501 824 524 et
840 505 889 525 vos
904 502 1010 528 nostra,

219 539 247 568 in
262 541 307 569 die
322 541 430 569 Domini
449 543 536 570 nostri
553 542 628 571 Jesu.
647 553 656 570 ι

254 586 305 614 Hic
320 593 482 623 conceptam
497 587 568 615 forte
582 596 616 616 ex
636 592 700 616 ante
726 589 810 616 dictis
821 588 952 616 invidiam
969 588 1012 616 vel

220 631 296 659 rixas
323 632 431 665 adimit.
461 632 526 660 dum
545 640 593 661 eos
610 641 722 669 qucque
737 634 765 661 in
790 638 898 669 partem
915 634 1010 669 gloria:

219 678 320 712 recipit
334 686 449 706 suorum
462 683 538 707 recte
557 678 706 707 factorum.
726 679 907 715 Nequaquam
926 682 1010 713 enim,

219 724 321 759 inquit,
344 724 418 752 intra
436 732 487 752 nos
515 725 574 753 haec
588 726 724 758 constitit,
742 725 790 753 sed
815 725 849 753 ad
864 734 914 754 vos
927 726 1010 753 etiam

218 770 380 799 dimanavit.

257 817 338 846 Vens.
362 818 455 846 15-17.
484 828 493 844 ι
511 817 544 846 Et
566 818 617 845 hac
647 818 812 847 conﬁdentia
837 819 907 847 volui
934 819 1012 854 prius

219 865 313 893 venire
327 864 360 892 ad
377 872 436 897 vos,
454 868 483 891 ut
498 864 648 892 secundum
671 865 789 898 gratiam
817 865 968 898 haberetis,
984 870 1012 893 et

219 918 267 946 per
282 918 331 938 vos
361 911 480 939 transire
492 911 520 938 in
550 910 751 944 Macedoniam,
769 915 796 939 et
810 912 909 939 iterum
923 919 938 940 a
954 912 1012 939 Ma-

218 956 333 984 cedonia
347 957 440 984 venire
455 956 488 984 ad
504 964 562 989 vos,
574 962 601 984 et
615 957 714 986 avobis
726 957 826 985 deduci
838 958 867 985 in
878 956 1010 986 Iudaeam.

219 1002 287 1030 Cum
309 1010 375 1038 ergo
392 1003 443 1030 hoc
459 1003 622 1036 voluissem,
641 1014 650 1030 ι

253 1089 311 1123 Qua
327 1090 423 1125 utique
438 1090 465 1117 in
481 1090 559 1118 vobis
575 1097 694 1118 maxime
709 1090 838 1119 ﬁduciam
855 1098 1009 1126 ponamus;

219 1143 273 1172 qua
298 1136 450 1172 gloriamur
478 1137 506 1164 in
518 1136 609 1168 vobis.
622 1141 649 1164 et
675 1137 762 1172 gloria
792 1141 888 1165 nostra
902 1144 952 1177 vos
965 1144 1011 1165 es-

219 1183 267 1210 tis.

255 1227 336 1263 123
351 1237 361 1253 ι
377 1226 506 1263 Nunquid
523 1228 634 1256 levitate
650 1236 718 1257 ttsus
733 1229 816 1257 sum?
830 1233 878 1256 aut
889 1237 951 1265 quae
965 1236 1011 1257 co-

219 1273 287 1308 gito,
312 1273 464 1301 secundum
490 1281 602 1301 carnem
631 1274 735 1309 cogito,
753 1279 783 1301 ut
795 1275 833 1302 sit
853 1275 925 1309 apud
954 1281 1008 1308 me,

220 1318 280 1351 Est,
299 1323 352 1352 est,
367 1323 404 1351 et,
419 1317 492 1352 Non,
503 1320 578 1346 non?

224 1393 240 1403 ‘
254 1363 314 1398 Qua
326 1364 360 1391 de
374 1371 458 1392 causa
473 1373 529 1392 non
544 1366 616 1399 veni,
633 1365 743 1401 inquit?
759 1366 882 1401 nunquid
899 1366 1010 1394 levitate

220 1414 247 1437 et
261 1409 412 1438 mobilitate
423 1410 530 1438 animi?
545 1418 728 1447 nequaquam.
745 1410 835 1438 Eccur
850 1411 935 1439 vero?
946 1412 1010 1447 quia

220 1463 280 1490 qua:
306 1463 439 1491 propono,
464 1464 519 1483 non
549 1457 702 1484 secundum
731 1461 848 1484 carnem
873 1464 1009 1492 propono.

220 1501 343 1535 Quorum
356 1502 501 1529 verborum
513 1502 576 1531 talis
587 1506 630 1531 est
645 1510 762 1531 sensus:
775 1502 900 1530 Carnalis
914 1503 1009 1534 homo,

220 1548 276 1575 sive
291 1547 339 1582 qui
363 1548 445 1575 rebus
465 1548 650 1582 praesentibus
676 1548 804 1576 addictus
816 1553 880 1580 eest,
897 1552 924 1575 et
941 1556 1008 1583 ope-

219 1594 336 1622 rationis
357 1593 481 1630 Spiritus
506 1602 604 1623 exsoru
619 1595 743 1628 exsistit,
772 1603 886 1631 quoquo
899 1603 1009 1624 versum

220 1640 296 1668 abire
321 1645 413 1676 potest
436 1645 464 1668 et
487 1641 619 1669 oberrare
632 1649 687 1676 quo
713 1642 842 1670 voluerit.
863 1641 918 1675 Qui
945 1649 1011 1670 vero

220 1685 326 1721 Spiritu
352 1686 456 1721 agitur,
488 1695 544 1714 non
572 1692 663 1722 potest
679 1687 781 1722 ubique
796 1687 939 1716 sententiae
953 1695 1012 1716 sua:

220 1731 347 1760 dominus
375 1739 448 1763 esse,
474 1733 578 1768 quippe
608 1739 691 1767 quam
717 1733 752 1760 ab
770 1733 816 1760 illa
844 1732 1011 1761 auctoritate

218 1777 384 1812 pendentem
412 1777 524 1805 habeat.
543 1778 595 1806 Sed
623 1786 790 1814 quocunque
813 1778 928 1814 Spiritui
945 1779 1010 1807 libi-

219 1827 277 1850 tum
305 1823 360 1850 erit
374 1824 496 1856 ducitur,
515 1825 594 1858 isque
616 1824 705 1859 jussis
720 1824 856 1853 berilibus
871 1825 1010 1853 obsecun~

218 1869 275 1896 dat.
292 1869 429 1904 Aitergo:
445 1870 608 1899 Nullatenus
624 1878 685 1898 sum
702 1879 717 1898 a
732 1872 932 1907 gubernatione
947 1871 1010 1908 Spi-

219 1915 290 1942 ritus
305 1915 422 1947 alienus,
439 1923 492 1943 nec
517 1923 602 1951 penes
621 1925 666 1945 tne
681 1921 725 1945 est
741 1918 808 1945 illuc
825 1924 939 1952 pergere
953 1925 1009 1954 quo

218 1960 343 1988 voluero.
358 1960 492 1988 Paraeleti
505 1962 641 1997 siquidem
653 1962 771 1998 iussioni
783 1971 844 1991 sum
858 1963 1007 1996 obnoxius,

218 2007 335 2042 ipseque
360 2007 427 2034 mihi
444 2008 587 2044 praecipit:
604 2009 709 2036 ideirco
738 2010 831 2038 venire
851 2017 905 2037 non
921 2009 1008 2045 potui,

218 2053 283 2087 quia
310 2060 389 2081 secus
406 2053 494 2081 visum
523 2058 567 2082 est
579 2053 706 2090 Spiritui.
725 2054 782 2083 Hoc
795 2063 878 2091 porro
893 2056 921 2083 in
933 2056 1009 2083 Acti-
1023 2078 1027 2081 .

219 2099 271 2128 bus
284 2099 574 2134 etiam'apostolorum
589 2100 726 2136 scriptum
741 2105 796 2133 est,
811 2102 908 2129 cumis
918 2102 1010 2137 aliquo

219 2152 334 2181 pergere
358 2147 517 2179 statuisset,
535 2146 656 2180 iussisse
667 2147 804 2182 Spiritum
816 2152 845 2175 ut
859 2148 914 2175 alio
927 2148 1009 2176 vade-

823 120 852 148 ὃ.
871 117 1032 149 JOANNIS
1050 117 1263 147 DAMASCENI

222 175 295 211 quod
311 175 478 204 invidiosum
496 179 523 204 et
542 183 627 212 grave
651 175 805 207 videbatur,
834 179 920 202 testes
936 175 1010 209 ipsos

1064 174 1203 209 φορτικὸν,
1222 175 1320 206 animi;

1024 1528 1045 1557 C

1801 116 1856 150 ’ἔίῖ

1344 175 1463 210 παράγει
1491 175 1634 211 μάρτυρας
1664 175 1718 201 τῶν
1739 175 1854 211 λεγομέ-

1063 229 1126 248 νων.

1101 275 1111 291 ι
1129 267 1246 299 Ἐλπίζω
1260 267 1289 294 δὲ
1303 267 1392 302 κάγὼ,
1409 268 1449 294 ὅτι
1478 268 1531 299 ἕως
1547 267 1641 299 τέλους
1655 266 1852 301 ἐπιγνώσεσθε,

1063 311 1155 343 καθὼς
1167 312 1215 338 καὶ
1227 312 1365 346 ἐπέγνωτε
1380 312 1456 348 ἡμᾶς
1468 312 1523 339 ἀπὸ
1540 312 1652 347 μέρους.

1103 357 1171 384 *Απὸ
1193 357 1247 383 τῶν
1273 357 1465 393 παρελθόντων
1487 358 1631 385 πιστοῦται
1651 357 1686 384 τὰ
1710 357 1852 393 μέλλοντα.

1063 400 1140 434 Εἶτα,
1157 403 1201 430 καὶ
1215 403 1265 439 οὺχ
1283 403 1378 435 ἁπλῶς
1393 403 1472 430 τοῦτο
1485 404 1657 440 ἀπεφήνατο,
1669 403 1737 430 ἀλλὰ
1750 403 1782 430 τὸ
1799 404 1853 430 πᾶν

1063 450 1235 485 ὲπιρρίπτων
1250 449 1288 485 τῷ
1303 449 1375 484 Θεῷ,
1390 449 1436 476 καὶ
1449 450 1482 485 τῇ
1499 449 1540 481 εἰς
1555 449 1637 476 αὑτὸν
1648 449 1746 476 ἑλπίδι.

1102 505 1111 521 ‹
1127 496 1188 522 Ὅτι
1204 495 1337 531 καύχημα
1362 496 1439 531 ὑμῶν
1455 496 1550 531 ἐσμεν,
1565 495 1693 531 καθάπερ
1712 496 1760 522 καὶ
1775 496 1854 531 ὑμεῖς

1063 541 1151 578 ἡμῶν,
1169 543 1198 568 ὲν
1210 543 1242 578 τῇ
1260 543 1353 578 ἡμέρᾳ
1365 543 1412 569 τοῦ
1427 543 1532 578 Κυρίου
1549 542 1628 578 ἡμῶν
1646 542 1745 577 Ἰησοῦ.
1757 552 1767 568 ι

1105 587 1239 615 Ἐνταῦθα
1266 589 1312 615 τὸν
1346 590 1378 615 ὲκ
1407 588 1462 614 τῶν
1491 589 1645 624 εἰρημένων
1672 588 1854 624 ὑποτέμνεται

1064 633 1162 667 φθόνον
1185 634 1201 669 ἢ
1228 634 1330 669 ἔριδας,
1349 634 1446 666 αὐτοὺς
1470 634 1518 660 καὶ
1539 634 1683 666 κοινωνοὺς
1699 634 1785 661 ποιῶν
1804 635 1854 670 τῆς

1063 678 1141 714 δόξης
1161 679 1216 707 τῶν
1245 679 1330 706 αὐτοῦ
1361 680 1596 716 κατορθωμάτων.
1615 681 1653 707 Οὐ
1678 680 1733 716 γὰρ
1758 681 1854 715 μέχρις

1063 725 1143 761 ἡμῶν
1171 726 1339 762 κατήντησε,
1359 727 1436 762 φησι,
1465 726 1534 753 ἀλλὰ
1551 727 1599 753 καὶ
1628 726 1668 758 εἰς
1694 726 1768 761 ἡμᾶς
1794 726 1853 753 δια-

1064 772 1162 800 ϐαίνει.

1103 827 1112 843 ι
1128 818 1183 844 Καὶ
1208 818 1294 854 ταύτῃ
1311 819 1344 854 τῇ
1363 817 1528 853 πεποιθήσει
1550 817 1703 853 ὲὸουλόμην
1721 817 1853 853 πρότερον

1066 863 1135 900 πρὸς
1150 864 1222 899 ὑμᾶς
1243 864 1343 897 ἐλθεῖν,
1364 865 1409 892 ἵνα
1429 864 1561 900 δευτέραν
1586 863 1666 900 χάριν
1691 863 1786 899 σχῆτε,
1806 864 1854 890 καὶ

1065 910 1098 936 δι’
1114 910 1193 945 ὑμῶν
1204 909 1332 936 ἀπελθεῖν
1357 911 1397 942 είς
1421 909 1603 942 Μακεδονίαν,
1624 909 1672 936 καὶ
1696 909 1778 936 πάλιν
1799 908 1854 935 ἀπὺ

1065 956 1237 987 Μακεδονίας
1253 955 1342 982 ἐλθεῖν
1364 956 1433 991 πρὸς
1457 956 1539 991 ὑμᾶς,
1554 955 1602 982 καὶ
1626 955 1671 989 ὑφ’
1685 953 1764 990 ἡμῶν
1787 961 1853 988 προ-

1065 1001 1227 1037 πεμφθῆναι
1245 1002 1285 1033 είς
1308 1001 1358 1036 τὴν
1385 1001 1528 1028 Ἰουδαίαν.
1545 999 1632 1027 Τοῦτο
1651 997 1699 1027 οὗν
1724 999 1854 1034 βουλόμε-

1065 1055 1120 1079 νος,
1134 1057 1142 1073 ι

1100 1093 1137 1119 Τὸ
1153 1093 1256 1129 σφόδρα
1279 1093 1392 1129 θαρρεῖν
1408 1092 1484 1128 ὑμῖν,
1503 1092 1535 1119 τὸ
1548 1091 1703 1128 καυχᾶσθαι
1718 1091 1761 1127 ἐφ’
1778 1091 1854 1126 ὑμῖν,

1064 1139 1113 1166 καὶ
1126 1138 1258 1174 καύχημα
1271 1138 1351 1174 ἡμῶν
1365 1139 1439 1174 ὑμᾶς
1452 1136 1533 1166 εἶναι.

1103 1237 1112 1254 ι
1127 1227 1202 1264 Μήτι
1220 1228 1275 1263 ἄρα
1288 1229 1321 1264 τῇ
1334 1223 1452 1264 ἐλαφρίᾳ
1465 1228 1646 1264 ὲχρησάμηνς
1661 1227 1679 1263 ἢ
1693 1227 1711 1254 a
1727 1226 1853 1262 βουλεὺοδ

1066 1283 1127 1309 μαι,
1145 1274 1217 1301 κατὰ
1232 1274 1323 1310 σάρκα
1349 1273 1524 1309 βουλεύομαι,
1547 1273 1591 1300 ἵνα
1655 1273 1721 1307 παρ’
1740 1273 1802 1308 ὲμοῖ
1823 1272 1854 1299 τὸ

1063 1319 1129 1352 Ναὶ,
1146 1319 1200 1351 ναὶ,
1215 1320 1263 1346 καὶ
1275 1319 1317 1353 τὸ,
1327 1318 1375 1352 Οὓ,
1388 1319 1435 1353 ob;
1449 1328 1459 1345 ι

1100 1365 1180 1397 Τίνος
1191 1364 1285 1391 ἕνεκεν
1306 1365 1356 1392 οὐκ
1373 1362 1466 1400 ἦλθον,
1485 1364 1586 1400 φησίν;
1607 1362 1662 1400 ἄρα
1685 1365 1723 1397 ὡς
1753 1364 1854 1400 κοῦφος

1064 1411 1113 1438 καὶ
1127 1410 1292 1445 ιὺριπιστής
1305 1418 1313 1443 ;
1324 1410 1463 1446 οὐδαμῶς.
1483 1410 1565 1437 Ἀλλὰ
1574 1410 1618 1437 διὰ
1629 1410 1674 1443 τί;
1686 1410 1747 1437 ’Ὁτι
1761 1410 1779 1437 ἃ
1792 1410 1854 1445 βου-

1063 1456 1189 1492 λεύομαι,
1207 1457 1238 1483 οὐ
1262 1457 1333 1484 κατὰ
1361 1457 1452 1492 σάρκα
1479 1456 1652 1492 βουλεύομαι.
1672 1457 1705 1483 '0
1729 1456 1757 1483 δὲ
1779 1456 1854 1490 λέγει

1063 1500 1185 1528 τοιοῦτόν
1201 1502 1285 1529 ἔστιν·
1306 1502 1335 1528 '0
1351 1501 1483 1537 σαρκικὺς
1500 1501 1656 1537 ἄνθρωπος,
1672 1501 1822 1534 τουτέστιν,
1837 1503 1854 1528 ό

1062 1548 1119 1579 τοῖς
1131 1547 1250 1582 παροῦσι
1266 1547 1413 1582 πράγμασι
1437 1546 1660 1583 προσηλωμένος,
1679 1547 1726 1573 καὶ
1739 1546 1788 1581 τῆς
1804 1546 1851 1572 τοῦ

1064 1593 1133 1620 Πνεύ
1137 1602 1223 1628 ματος
1232 1593 1373 1629 ἐνεργείας
1384 1594 1462 1626 ἐκτὸς
1471 1593 1764 1628 τυγχάνων,πανταχοῦ
1774 1594 1852 1620 ἀπιέ-

1063 1647 1108 1665 ναι
1125 1639 1250 1670 δύναται,
1269 1639 1316 1666 καὶ
1343 1638 1498 1666 πλανᾶσθαι
1526 1639 1594 1666 ὅπου
1617 1639 1752 1675 βούλεται.
1770 1638 1801 1666 Ὀ
1822 1639 1850 1665 ξε

1062 1684 1115 1712 ὑπὸ
1136 1684 1184 1711 τοῦ
1206 1684 1366 1720 Πνεύματος
1387 1684 1532 1720 ἀγόμενος,
1546 1685 1576 1711 οὑ
1590 1684 1641 1720 τῆς
1661 1684 1758 1711 ἑαυτοῦ
1781 1683 1851 1718 γνώ-

1063 1739 1117 1767 μης
1142 1731 1283 1766 πανταχοῦ
1308 1731 1422 1758 δύναται
1445 1730 1541 1766 κύριος
1567 1729 1722 1766 εἷναιῇτῆς
1745 1731 1850 1758 ἐκεῖθεν

1061 1777 1186 1809 ἐξουσίας
1213 1777 1368 1813 ἐξαρτήσας
1385 1777 1482 1812 αὑτὴν,
1508 1777 1567 1803 ἀλλ’
1597 1777 1665 1803 ὅπου
1697 1776 1730 1803 ἂν
1762 1777 1851 1803 ἐκεῖνο

1062 1824 1204 1860 βούληται,
1228 1824 1335 1858 ἄγεται,
1357 1823 1529 1855 δεσποτικοῖς
1553 1822 1724 1857 παλαῖσμασι
1739 1822 1849 1857 χρώμε-

1061 1879 1116 1903 νος.
1131 1869 1217 1896 Τοῦτο
1233 1867 1279 1897 οὖν
1302 1878 1395 1905 φησιν,
1411 1870 1452 1895 ὅτι
1468 1869 1525 1895 Οὐκ
1545 1868 1604 1903 εἰμὶ
1619 1868 1669 1903 τῆς
1692 1867 1739 1894 τοῦ
1763 1868 1863 1894 Πνεύι

1062 1925 1147 1951 ματος
1163 1916 1241 1948 ἐκτὸς
1256 1915 1462 1951 κυϐερνήσεως,
1480 1914 1541 1941 οὐδὲ
1558 1913 1685 1946 ἐξουσίαν
1704 1913 1760 1949 ἔχω
1776 1913 1850 1948 βαδί-
1864 1941 1866 1944 ,

1061 1961 1118 1994 ζειν
1135 1962 1202 1988 ὅπου
1227 1960 1369 1996 βούλομαι.
1396 1961 1452 1988 Καὶ
1473 1961 1528 1996 γὰρ
1555 1961 1705 1997 ὑπόκςιμαι
1728 1960 1768 1996 τῷ
1792 1960 1850 1987 ἑπι-

1060 2008 1182 2043 τάγματι
1209 2006 1257 2034 τοῦ
1286 2006 1485 2043 Παρακλήτου,
1512 2007 1560 2034 καὶ
1583 2007 1776 2042 ἐπιτάττομαι.
1802 2007 1851 2033 Διά

1060 2053 1139 2080 τοῦτο
1156 2054 1206 2080 οὐκ
1222 2053 1359 2088 ἠδυνήθην
1377 2053 1476 2086 ἐλθεῖν,
1494 2054 1525 2079 οὺ
1542 2053 1595 2088 γὰρ
1616 2052 1690 2085 ἔδοξε
1709 2052 1748 2088 τῷ
1767 2052 1850 2080 [lth-

1063 2108 1138 2135 ματι.
1155 2099 1241 2126 Τοῦτο
1253 2099 1281 2127 δὲ
1294 2100 1341 2127 καὶ
1357 2101 1385 2126 ὲν
1404 2101 1465 2132 ταῖς
1485 2099 1603 2135 πράξεσι
1619 2098 1674 2126 τῶν
1692 2098 1850 2126 ἀποστόλων

1062 2146 1227 2181 γέγραπται.
1248 2145 1378 2181 Ἀλλαχοῦ
1395 2146 1449 2182 γὰρ
1467 2144 1688 2181 Προαιρούμενον
1705 2145 1803 2176 ἐλθεῖν,
1820 2144 1851 2171 τὸ

219 2195 262 2219 ret
273 2190 295 2218 δ.
311 2190 371 2220 Non
396 2199 463 2228 ergo
476 2192 581 2220 levitati
597 2200 674 2225 mea.
691 2193 744 2221 hoc
761 2197 814 2226 est,
828 2202 883 2222 non
900 2194 1010 2222 mobili-

1063 2193 1177 2228 Πνεῦμα
1194 2193 1311 2228 ἀλλαχοῦ
1337 2193 1456 2228 βαδίζειν
1474 2192 1627 2220 ἐκέλευσεν.
1643 2192 1724 2220 Ὥστε
1746 2192 1777 2219 οὐ
1801 2191 1848 2225 τῆς

219 2236 269 2263 tati
292 2237 376 2264 animi
402 2238 579 2265 tribuendum
608 2239 680 2273 quod
709 2246 764 2267 non
792 2240 938 2274 venerim;
960 2240 1009 2268 sed

219 2284 344 2318 oportuit
366 2287 396 2310 ut
420 2284 468 2319 qui
489 2283 605 2319 Spiritui
624 2285 753 2314 subditus
769 2294 842 2320 sum,
856 2287 944 2315 eidem
962 2288 1009 2315 ob-

218 2332 412 2364 temperarem.

257 2373 341 2403 Vns.
354 2374 397 2402 l8.
421 2384 430 2401 ι
445 2374 548 2404 Fidelis
558 2381 651 2404 autem
669 2378 751 2409 Deus,
775 2377 839 2413 quia
857 2386 947 2407 sermo
960 2387 1008 2406 no-

218 2425 287 2454 ster,
296 2421 344 2456 qui
359 2420 412 2448 fuit
426 2422 454 2450 in
470 2422 599 2456 illo,Est,
611 2427 649 2455 ct,
661 2423 731 2451 Non.
748 2433 757 2450 ι

253 2466 444 2503 Εωετκειιιειιι
455 2469 640 2504 objectionem
652 2469 744 2497 solvit.
757 2470 861 2498 Dixerit
873 2472 1008 2507 quispiam

218 2512 242 2540 si
256 2519 311 2540 non
325 2517 369 2540 est
381 2513 452 2548 apud
469 2518 506 2545 te,
522 2513 582 2547 Eu,
597 2519 636 2547 et,
649 2514 728 2548 Non;
738 2523 788 2543 cur
800 2517 916 2552 posthac
933 2526 1009 2545 ever-

218 2558 266 2591 tis,
280 2566 343 2593 qua:
356 2559 437 2587 modo
451 2561 568 2592 asseris,
594 2561 825 2596 quemadmodum
844 2563 878 2591 de
894 2571 1008 2592 accessu

219 2608 266 2631 tuo
283 2603 399 2639 loquens
415 2604 525 2633 fecisti?
549 2605 596 2634 Va:
614 2607 693 2635 nobis
708 2608 732 2636 si
747 2615 867 2644 unquam
894 2609 920 2636 id
936 2610 1010 2637 acci-

221 2649 259 2676 dit
271 2651 299 2677 in
313 2651 510 2685 pradicatione
525 2657 631 2680 nostra.
644 2653 737 2689 Itaque
748 2662 782 2681 ne
798 2655 855 2682 hzec
864 2656 1010 2691 cogitando

222 2696 457 2729 perturbarentur,
471 2698 532 2725 ait:
551 2698 623 2726 Nihil
647 2700 701 2727 tale
723 2701 837 2737 contigit
855 2701 881 2728 in
912 2702 1011 2736 praedi-

222 2741 376 2769 cationibus
390 2743 468 2770 meis.
483 2743 607 2771 Humana
622 2744 760 2780 siquidem
786 2746 930 2775 mcmlacio
943 2754 1008 2775 sunt

247 2830 259 2845 ⁸
281 2830 412 2863 Δςι.ιι·ι,
435 2831 460 2857 7.

1063 2241 1134 2275 ἐμῆς
1151 2240 1297 2276 ἑλαφρίας,
1317 2240 1473 2271 τουτέστιν,
1488 2239 1550 2267 οὔτε
1565 2240 1615 2274 τῆς
1639 2239 1805 2274 κουφότητος
1820 2239 1850 2265 τὺ

1065 2287 1103 2323 μὴ
1112 2287 1211 2320 ἐλθεῖν,
1222 2286 1291 2313 ἀλλὰ
1299 2287 1339 2322 τὸ,
1349 2287 1389 2322 τῷ
1401 2286 1541 2321 Πνεύματι
1552 2286 1743 2321 ὑποκείμενον,
1753 2285 1850 2320 ἐκείνῳ

1064 2333 1217 2360 πείθεσθαι.

1103 2389 1112 2405 α
1127 2381 1227 2411 Πιστὸς
1242 2379 1270 2406 δὲ
1281 2380 1295 2406 ὸ
1311 2380 1388 2413 θεὸς,
1402 2379 1445 2406 ὅτι
1457 2379 1472 2405 ὁ
1485 2378 1564 2413 λόγος
1578 2378 1657 2414 ἡμῶν
1672 2378 1687 2404 ὀ
1700 2377 1767 2414 πρὸς
1780 2378 1852 2413 ὑμᾶς

1063 2426 1113 2452 οὐκ
1128 2425 1238 2459 ἐγένετο
1250 2425 1316 2456 Ναὶ,
1332 2426 1389 2458 καὶ,
1401 2425 1449 2452 Οῦ.
1469 2416 1487 2450 ι’

1107 2471 1210 2499 ’Δντίθε
1216 2481 1257 2498 σιν
1272 2471 1481 2498 ἀνακύπτουσαν
1495 2470 1564 2497 λύει.
1580 2471 1611 2497 Εἰ
1625 2470 1674 2497 οὐκ
1688 2469 1757 2503 εστι,
1773 2469 1852 2504 φησι,

1064 2518 1141 2554 παρὰ
1158 2518 1200 2545 σοὶ
1221 2518 1251 2545 τὸ
1264 2518 1330 2550 Ναὶ,
1351 2518 1409 2550 καὶ,
1427 2517 1480 2551 οὒ,
1495 2518 1563 2545 ἀλλὰ
1580 2517 1598 2544 ἃ
1615 2516 1661 2545 νῦν
1673 2517 1774 2551 λέγεις,
1789 2517 1853 2543 ἀνα-

1063 2565 1175 2599 τρέπεις
1192 2563 1262 2598 μετὰ
1278 2563 1376 2595 ταῦτα,
1393 2562 1488 2599 ὥσπερ
1506 2563 1552 2589 ἐπὶ
1574 2561 1625 2598 τῆς
1644 2561 1792 2597 ὲπιδημίας
1804 2560 1852 2596 τῆς

1064 2610 1115 2644 σῆς
1134 2609 1278 2643 ἐποίησας,
1299 2609 1362 2636 οὐαὶ
1384 2610 1451 2644 ἡμῖν
1468 2609 1505 2644 μή
1521 2617 1585 2636 ποτε
1599 2609 1648 2636 καὶ
1664 2608 1693 2635 ἓν
1707 2607 1750 2642 τῷ
1764 2607 1852 2642 κηρύ-

1064 2664 1150 2690 γματι
1167 2654 1247 2681 τοῦτο
1261 2655 1383 2689 γέγονεν.
1400 2655 1458 2681 ’Ίνα
1472 2652 1519 2681 οὖν
1541 2654 1579 2690 μὴ
1594 2652 1680 2682 ταῦτα
1700 2653 1852 2683 ἐννοοῦντες

1064 2702 1258 2738 πράττωνται,
1278 2701 1361 2736 φησὶν
1387 2701 1428 2728 ὅτι
1457 2701 1508 2728 οὐκ
1532 2701 1579 2728 ἐπὶ
1601 2699 1648 2728 τοῦ
1673 2699 1853 2736 κηρύγματος

1064 2747 1150 2779 οὕτως
1163 2747 1282 2781 ἐγένετο.
1298 2747 1337 2773 Τὰ
1355 2747 1404 2782 μὲν
1421 2747 1476 2782 γὰρ
1491 2746 1650 2783 ἀνθρώπινα
1673 2746 1773 2773 οἴονται
1791 2744 1852 2772 δια-
