  <div class='ocr_page' id='page_1' title='image "/cluster/home/n/w/nwhite01/storage/ocr_20150623/95/njp.32101077772844/364.png"; bbox 0 0 2078 3116; ppageno 0'>
   <div class='ocr_carea' id='block_1_1' title="bbox 254 137 306 166">
    <p class='ocr_par' dir='ltr' id='par_1_1' title="bbox 254 137 306 166">
     <span class='ocr_line' id='line_1_1' title="bbox 254 137 306 166; baseline -0.038 0"><span class='ocrx_word' id='word_1_1' title='bbox 254 137 306 166; x_wconf 78' lang='grc'><strong>715</strong></span> 
     </span>
    </p>
   </div>
   <div class='ocr_carea' id='block_1_2' title="bbox 809 114 1321 178">
    <p class='ocr_par' dir='ltr' id='par_1_2' title="bbox 809 114 1321 178">
     <span class='ocr_line' id='line_1_2' title="bbox 809 114 1321 178; baseline 0.012 -7"><span class='ocrx_word' id='word_1_2' title='bbox 809 140 850 171; x_wconf 83' lang='grc' dir='ltr'><strong>ΙΝ</strong></span> <span class='ocrx_word' id='word_1_3' title='bbox 868 140 989 173; x_wconf 81' lang='lat' dir='ltr'><strong>EPIST.</strong></span> <span class='ocrx_word' id='word_1_4' title='bbox 1005 114 1054 174; x_wconf 79' lang='lat' dir='ltr'><strong>AD</strong></span> <span class='ocrx_word' id='word_1_5' title='bbox 1074 143 1254 178; x_wconf 61' lang='lat' dir='ltr'><strong>CORINTH.</strong></span> <span class='ocrx_word' id='word_1_6' title='bbox 1280 144 1321 177; x_wconf 86' lang='lat' dir='ltr'><strong>II.</strong></span> 
     </span>
    </p>
   </div>
   <div class='ocr_carea' id='block_1_3' title="bbox 1829 157 1882 189">
    <p class='ocr_par' dir='ltr' id='par_1_3' title="bbox 1829 157 1882 189">
     <span class='ocr_line' id='line_1_3' title="bbox 1829 157 1882 189; baseline -0.019 0"><span class='ocrx_word' id='word_1_7' title='bbox 1829 157 1882 189; x_wconf 73' lang='lat' dir='ltr'><strong>7H</strong></span> 
     </span>
    </p>
   </div>
   <div class='ocr_carea' id='block_1_4' title="bbox 250 191 1026 244">
    <p class='ocr_par' dir='ltr' id='par_1_4' title="bbox 250 191 1016 233">
     <span class='ocr_line' id='line_1_4' title="bbox 250 191 1016 233; baseline 0.012 -16"><span class='ocrx_word' id='word_1_8' title='bbox 250 191 411 226; x_wconf 58' lang='grc' dir='ltr'>ψευσθῆναι.</span> <span class='ocrx_word' id='word_1_9' title='bbox 428 193 460 219; x_wconf 76' lang='grc' dir='ltr'><strong>τὰ</strong></span> <span class='ocrx_word' id='word_1_10' title='bbox 484 193 512 219; x_wconf 73' lang='grc' dir='ltr'>δὲ</span> <span class='ocrx_word' id='word_1_11' title='bbox 529 192 575 220; x_wconf 80' lang='grc' dir='ltr'>τοῦ</span> <span class='ocrx_word' id='word_1_12' title='bbox 596 193 663 220; x_wconf 73' lang='grc' dir='ltr'>Θεοῦ</span> <span class='ocrx_word' id='word_1_13' title='bbox 689 194 737 230; x_wconf 83' lang='grc' dir='ltr'><strong>οὐχ</strong></span> <span class='ocrx_word' id='word_1_14' title='bbox 760 195 857 229; x_wconf 73' lang='grc' dir='ltr'>οὕτως.</span> <span class='ocrx_word' id='word_1_15' title='bbox 881 199 926 224; x_wconf 81' lang='grc' dir='ltr'><strong>Διό</strong></span> <span class='ocrx_word' id='word_1_16' title='bbox 950 208 1016 233; x_wconf 76' lang='grc' dir='ltr'>φησι</span> 
     </span>
    </p>
   </div>
   <div class='ocr_carea' id='block_1_5' title="bbox 1077 191 1881 244">
    <p class='ocr_par' dir='ltr' id='par_1_5' title="bbox 1089 201 1881 244">
     <span class='ocr_line' id='line_1_5' title="bbox 1089 201 1881 244; baseline 0.018 -17"><span class='ocrx_word' id='word_1_17' title='bbox 1089 201 1230 228; x_wconf 81' lang='lat' dir='ltr'><strong>obnoxia:</strong></span> <span class='ocrx_word' id='word_1_18' title='bbox 1247 206 1274 229; x_wconf 85' lang='lat' dir='ltr'><strong>at</strong></span> <span class='ocrx_word' id='word_1_19' title='bbox 1299 210 1353 229; x_wconf 93' lang='lat' dir='ltr'><strong>non</strong></span> <span class='ocrx_word' id='word_1_20' title='bbox 1376 203 1442 231; x_wconf 82' lang='lat' dir='ltr'><strong>item</strong></span> <span class='ocrx_word' id='word_1_21' title='bbox 1458 212 1490 231; x_wconf 88' lang='lat' dir='ltr'><strong>ea</strong></span> <span class='ocrx_word' id='word_1_22' title='bbox 1510 213 1572 240; x_wconf 67' lang='lat' dir='ltr'><strong>quae</strong></span> <span class='ocrx_word' id='word_1_23' title='bbox 1598 206 1645 235; x_wconf 86' lang='lat' dir='ltr'><strong>Dei</strong></span> <span class='ocrx_word' id='word_1_24' title='bbox 1676 214 1752 237; x_wconf 88' lang='lat' dir='ltr'><strong>sunt.</strong></span> <span class='ocrx_word' id='word_1_25' title='bbox 1779 211 1881 244; x_wconf 77' lang='lat' dir='ltr'><strong>Quam-</strong></span> 
     </span>
    </p>
   </div>
   <div class='ocr_carea' id='block_1_6' title="bbox 247 237 1038 277">
    <p class='ocr_par' dir='ltr' id='par_1_6' title="bbox 247 237 1038 277">
     <span class='ocr_line' id='line_1_6' title="bbox 247 237 1038 277; baseline 0.008 -13"><span class='ocrx_word' id='word_1_26' title='bbox 247 237 359 270; x_wconf 73' lang='grc' dir='ltr'>Πιστρς</span> <span class='ocrx_word' id='word_1_27' title='bbox 375 239 391 263; x_wconf 82' lang='lat' dir='ltr'><strong>d</strong></span> <span class='ocrx_word' id='word_1_28' title='bbox 410 237 490 270; x_wconf 73' lang='grc' dir='ltr'>Θεὸς,</span> <span class='ocrx_word' id='word_1_29' title='bbox 508 239 648 266; x_wconf 80' lang='grc' dir='ltr'>τουτέστιν</span> <span class='ocrx_word' id='word_1_30' title='bbox 663 240 776 275; x_wconf 82' lang='grc' dir='ltr'>ἀληθής.</span> <span class='ocrx_word' id='word_1_31' title='bbox 801 241 846 277; x_wconf 85' lang='grc' dir='ltr'><strong>Μὴ</strong></span> <span class='ocrx_word' id='word_1_32' title='bbox 865 243 954 269; x_wconf 82' lang='grc' dir='ltr'>τοίνυν</span> <span class='ocrx_word' id='word_1_33' title='bbox 971 244 1038 270; x_wconf 79' lang='grc' dir='ltr'><strong>ὑπό-</strong></span> 
     </span>
    </p>
   </div>
   <div class='ocr_carea' id='block_1_7' title="bbox 248 284 1038 322">
    <p class='ocr_par' dir='ltr' id='par_1_7' title="bbox 248 284 1038 322">
     <span class='ocr_line' id='line_1_7' title="bbox 248 284 1038 322; baseline 0.01 -14"><span class='ocrx_word' id='word_1_34' title='bbox 248 291 331 309; x_wconf 80' lang='grc' dir='ltr'>πςευε</span> <span class='ocrx_word' id='word_1_35' title='bbox 353 284 387 310; x_wconf 81' lang='grc' dir='ltr'><strong>τὰ</strong></span> <span class='ocrx_word' id='word_1_36' title='bbox 406 284 511 310; x_wconf 79' lang='grc' dir='ltr'>ἐκείνου</span> <span class='ocrx_word' id='word_1_37' title='bbox 537 284 642 317; x_wconf 74' lang='grc' dir='ltr'>οὕτως·</span> <span class='ocrx_word' id='word_1_38' title='bbox 665 286 740 313; x_wconf 80' lang='grc' dir='ltr'>οὐδὲν</span> <span class='ocrx_word' id='word_1_39' title='bbox 755 286 809 322; x_wconf 68' lang='grc' dir='ltr'><strong>γὰρ</strong></span> <span class='ocrx_word' id='word_1_40' title='bbox 833 289 861 314; x_wconf 85' lang='grc' dir='ltr'><strong>ἐν</strong></span> <span class='ocrx_word' id='word_1_41' title='bbox 887 289 976 322; x_wconf 81' lang='grc' dir='ltr'>αὐτοῖς</span> <span class='ocrx_word' id='word_1_42' title='bbox 991 290 1038 316; x_wconf 85' lang='grc' dir='ltr'><strong>άν-</strong></span> 
     </span>
    </p>
   </div>
   <div class='ocr_carea' id='block_1_8' title="bbox 247 328 396 364">
    <p class='ocr_par' dir='ltr' id='par_1_8' title="bbox 247 328 396 364">
     <span class='ocr_line' id='line_1_8' title="bbox 247 328 396 364; baseline 0.007 -9"><span class='ocrx_word' id='word_1_43' title='bbox 247 329 261 355; x_wconf 92' lang='lat'><strong>0</strong></span> <span class='ocrx_word' id='word_1_44' title='bbox 266 328 396 364; x_wconf 84' lang='grc' dir='ltr'>ρώπινον.</span> 
     </span>
    </p>
   </div>
   <div class='ocr_carea' id='block_1_9' title="bbox 285 385 1036 427">
    <p class='ocr_par' dir='ltr' id='par_1_9' title="bbox 285 385 1036 427">
     <span class='ocr_line' id='line_1_9' title="bbox 285 385 1036 427; baseline 0.011 -16"><span class='ocrx_word' id='word_1_45' title='bbox 285 395 295 411; x_wconf 76' lang='grc' dir='ltr'><strong>ι</strong></span> <span class='ocrx_word' id='word_1_46' title='bbox 312 386 341 412; x_wconf 85' lang='grc'><strong>’0</strong></span> <span class='ocrx_word' id='word_1_47' title='bbox 358 385 411 421; x_wconf 76' lang='grc' dir='ltr'><strong>γὰρ</strong></span> <span class='ocrx_word' id='word_1_48' title='bbox 422 385 468 413; x_wconf 78' lang='grc' dir='ltr'>τοῦ</span> <span class='ocrx_word' id='word_1_49' title='bbox 479 386 545 413; x_wconf 87' lang='grc' dir='ltr'><strong>Θεοῦ</strong></span> <span class='ocrx_word' id='word_1_50' title='bbox 564 387 627 419; x_wconf 79' lang='grc' dir='ltr'>Υἱὸς</span> <span class='ocrx_word' id='word_1_51' title='bbox 646 386 747 424; x_wconf 78' lang='grc' dir='ltr'>Ἰησοῦς</span> <span class='ocrx_word' id='word_1_52' title='bbox 768 390 919 425; x_wconf 77' lang='grc' dir='ltr'>Χριστὸς,ὁ</span> <span class='ocrx_word' id='word_1_53' title='bbox 931 393 960 418; x_wconf 74' lang='grc' dir='ltr'><strong>ἐν</strong></span> <span class='ocrx_word' id='word_1_54' title='bbox 972 392 1036 427; x_wconf 81' lang='grc' dir='ltr'>ὑμῖν</span> 
     </span>
    </p>
   </div>
   <div class='ocr_carea' id='block_1_10' title="bbox 245 429 1037 468">
    <p class='ocr_par' dir='ltr' id='par_1_10' title="bbox 245 429 1037 468">
     <span class='ocr_line' id='line_1_10' title="bbox 245 429 1037 468; baseline 0.011 -13"><span class='ocrx_word' id='word_1_55' title='bbox 245 429 278 456; x_wconf 84' lang='grc' dir='ltr'>δι’</span> <span class='ocrx_word' id='word_1_56' title='bbox 290 430 369 465; x_wconf 83' lang='grc' dir='ltr'>ἡμῶν</span> <span class='ocrx_word' id='word_1_57' title='bbox 383 431 544 466; x_wconf 77' lang='grc' dir='ltr'>κηρυχθεὶς,</span> <span class='ocrx_word' id='word_1_58' title='bbox 566 432 599 459; x_wconf 81' lang='grc' dir='ltr'>δι’</span> <span class='ocrx_word' id='word_1_59' title='bbox 616 433 683 468; x_wconf 78' lang='grc' dir='ltr'>ἐμοῦ</span> <span class='ocrx_word' id='word_1_60' title='bbox 701 434 748 460; x_wconf 74' lang='grc' dir='ltr'>καὶ</span> <span class='ocrx_word' id='word_1_61' title='bbox 763 435 906 462; x_wconf 83' lang='grc' dir='ltr'>Σιλουανοῦ</span> <span class='ocrx_word' id='word_1_62' title='bbox 925 436 971 463; x_wconf 82' lang='grc' dir='ltr'>καὶ</span> <span class='ocrx_word' id='word_1_63' title='bbox 991 438 1012 463; x_wconf 89' lang='grc' dir='ltr'>Τ</span> <span class='ocrx_word' id='word_1_64' title='bbox 1015 446 1037 463; x_wconf 88' lang='grc' dir='ltr'>ι-</span> 
     </span>
    </p>
   </div>
   <div class='ocr_carea' id='block_1_11' title="bbox 247 475 777 511">
    <p class='ocr_par' dir='ltr' id='par_1_11' title="bbox 247 475 777 511">
     <span class='ocr_line' id='line_1_11' title="bbox 247 475 777 511; baseline 0.008 -11"><span class='ocrx_word' id='word_1_65' title='bbox 247 475 357 510; x_wconf 81' lang='grc' dir='ltr'>μοθέου,</span> <span class='ocrx_word' id='word_1_66' title='bbox 372 476 422 502; x_wconf 78' lang='grc' dir='ltr'>οὐκ</span> <span class='ocrx_word' id='word_1_67' title='bbox 433 476 543 509; x_wconf 81' lang='grc' dir='ltr'>ἐγένετο</span> <span class='ocrx_word' id='word_1_68' title='bbox 555 477 616 511; x_wconf 78' lang='grc' dir='ltr'>ναὶ,</span> <span class='ocrx_word' id='word_1_69' title='bbox 628 478 685 511; x_wconf 70' lang='grc' dir='ltr'>καὶ,</span> <span class='ocrx_word' id='word_1_70' title='bbox 705 478 751 506; x_wconf 83' lang='grc' dir='ltr'>οὔ,</span> <span class='ocrx_word' id='word_1_71' title='bbox 768 489 777 504; x_wconf 72' lang='grc' dir='ltr'><strong>ι</strong></span> 
     </span>
    </p>
   </div>
   <div class='ocr_carea' id='block_1_12' title="bbox 287 529 1034 571">
    <p class='ocr_par' dir='ltr' id='par_1_12' title="bbox 287 529 1034 571">
     <span class='ocr_line' id='line_1_12' title="bbox 287 529 1034 571; baseline 0.009 -14"><span class='ocrx_word' id='word_1_72' title='bbox 287 531 395 567; x_wconf 81' lang='grc' dir='ltr'><strong>Ἐπειδὴ</strong></span> <span class='ocrx_word' id='word_1_73' title='bbox 411 529 472 558; x_wconf 75' lang='grc' dir='ltr'>εἷπε</span> <span class='ocrx_word' id='word_1_74' title='bbox 497 533 601 567; x_wconf 75' lang='grc' dir='ltr'>λόγον,</span> <span class='ocrx_word' id='word_1_75' title='bbox 625 534 724 569; x_wconf 72' lang='grc' dir='ltr'>ἐπάγει</span> <span class='ocrx_word' id='word_1_76' title='bbox 740 534 833 562; x_wconf 81' lang='grc' dir='ltr'>λοιπὸν</span> <span class='ocrx_word' id='word_1_77' title='bbox 855 537 932 564; x_wconf 87' lang='grc' dir='ltr'>ποῖον</span> <span class='ocrx_word' id='word_1_78' title='bbox 954 537 1034 571; x_wconf 83' lang='grc' dir='ltr'>λόγον</span> 
     </span>
    </p>
   </div>
   <div class='ocr_carea' id='block_1_13' title="bbox 246 577 1035 616">
    <p class='ocr_par' dir='ltr' id='par_1_13' title="bbox 246 577 1035 616">
     <span class='ocr_line' id='line_1_13' title="bbox 246 577 1035 616; baseline 0.009 -14"><span class='ocrx_word' id='word_1_79' title='bbox 246 577 321 612; x_wconf 81' lang='grc' dir='ltr'>φησί.</span> <span class='ocrx_word' id='word_1_80' title='bbox 337 577 374 603; x_wconf 86' lang='grc' dir='ltr'><strong>Τὸ</strong></span> <span class='ocrx_word' id='word_1_81' title='bbox 398 577 437 609; x_wconf 82' lang='grc' dir='ltr'>δὲ,</span> <span class='ocrx_word' id='word_1_82' title='bbox 462 577 529 611; x_wconf 77' lang='grc' dir='ltr'>ναί,</span> <span class='ocrx_word' id='word_1_83' title='bbox 555 578 613 610; x_wconf 81' lang='grc' dir='ltr'>καὶ,</span> <span class='ocrx_word' id='word_1_84' title='bbox 635 580 686 612; x_wconf 84' lang='grc' dir='ltr'>οὺ,</span> <span class='ocrx_word' id='word_1_85' title='bbox 710 580 790 607; x_wconf 81' lang='grc' dir='ltr'>τοῦτο</span> <span class='ocrx_word' id='word_1_86' title='bbox 808 581 948 616; x_wconf 82' lang='grc' dir='ltr'><strong>σημαίνει.</strong></span> <span class='ocrx_word' id='word_1_87' title='bbox 978 583 1035 609; x_wconf 87' lang='grc' dir='ltr'><strong>Οὐκ</strong></span> 
     </span>
    </p>
   </div>
   <div class='ocr_carea' id='block_1_14' title="bbox 243 623 1035 664">
    <p class='ocr_par' dir='ltr' id='par_1_14' title="bbox 243 623 1035 664">
     <span class='ocr_line' id='line_1_14' title="bbox 243 623 1035 664; baseline 0.009 -15"><span class='ocrx_word' id='word_1_88' title='bbox 243 623 389 658; x_wconf 68' lang='grc' dir='ltr'>ἀνέτρεψα,</span> <span class='ocrx_word' id='word_1_89' title='bbox 414 624 505 658; x_wconf 66' lang='grc' dir='ltr'>φησὶν,</span> <span class='ocrx_word' id='word_1_90' title='bbox 530 623 548 651; x_wconf 78' lang='grc' dir='ltr'>ἃ</span> <span class='ocrx_word' id='word_1_91' title='bbox 572 625 705 660; x_wconf 83' lang='grc' dir='ltr'>πρότερον</span> <span class='ocrx_word' id='word_1_92' title='bbox 726 624 804 653; x_wconf 80' lang='grc' dir='ltr'>εἶπον</span> <span class='ocrx_word' id='word_1_93' title='bbox 827 629 856 654; x_wconf 89' lang='grc' dir='ltr'><strong>ἐν</strong></span> <span class='ocrx_word' id='word_1_94' title='bbox 883 627 922 663; x_wconf 81' lang='grc' dir='ltr'>τῷ</span> <span class='ocrx_word' id='word_1_95' title='bbox 948 629 1035 664; x_wconf 84' lang='grc' dir='ltr'>κηρύ-</span> 
     </span>
    </p>
   </div>
   <div class='ocr_carea' id='block_1_15' title="bbox 244 669 1034 710">
    <p class='ocr_par' dir='ltr' id='par_1_15' title="bbox 244 669 1034 710">
     <span class='ocr_line' id='line_1_15' title="bbox 244 669 1034 710; baseline 0.009 -16"><span class='ocrx_word' id='word_1_96' title='bbox 244 677 341 703; x_wconf 81' lang='grc' dir='ltr'>γματι.</span> <span class='ocrx_word' id='word_1_97' title='bbox 355 669 421 695; x_wconf 70' lang='grc' dir='ltr'><strong>Οὐδὲ</strong></span> <span class='ocrx_word' id='word_1_98' title='bbox 436 669 483 696; x_wconf 83' lang='grc' dir='ltr'>νῦν</span> <span class='ocrx_word' id='word_1_99' title='bbox 501 670 551 704; x_wconf 83' lang='grc' dir='ltr'>μὲν</span> <span class='ocrx_word' id='word_1_100' title='bbox 574 671 662 702; x_wconf 79' lang='grc' dir='ltr'>τυῦτο,</span> <span class='ocrx_word' id='word_1_101' title='bbox 681 671 728 698; x_wconf 88' lang='grc' dir='ltr'>νῦν</span> <span class='ocrx_word' id='word_1_102' title='bbox 743 673 771 699; x_wconf 81' lang='grc' dir='ltr'>δὲ</span> <span class='ocrx_word' id='word_1_103' title='bbox 793 674 880 700; x_wconf 75' lang='grc' dir='ltr'>ἐκεῖνο</span> <span class='ocrx_word' id='word_1_104' title='bbox 893 673 1034 710; x_wconf 81' lang='grc' dir='ltr'><strong>διελέχθην</strong></span> 
     </span>
    </p>
   </div>
   <div class='ocr_carea' id='block_1_16' title="bbox 245 715 1033 757">
    <p class='ocr_par' dir='ltr' id='par_1_16' title="bbox 245 715 1033 757">
     <span class='ocr_line' id='line_1_16' title="bbox 245 715 1033 757; baseline 0.011 -17"><span class='ocrx_word' id='word_1_105' title='bbox 245 715 324 749; x_wconf 76' lang='grc' dir='ltr'>ὑμῖν·</span> <span class='ocrx_word' id='word_1_106' title='bbox 349 715 429 742; x_wconf 79' lang='grc' dir='ltr'>τοῦτο</span> <span class='ocrx_word' id='word_1_107' title='bbox 447 716 501 751; x_wconf 86' lang='grc' dir='ltr'><strong>γὰρ</strong></span> <span class='ocrx_word' id='word_1_108' title='bbox 524 717 616 744; x_wconf 74' lang='grc' dir='ltr'>οὐκέτι</span> <span class='ocrx_word' id='word_1_109' title='bbox 641 718 770 751; x_wconf 86' lang='grc' dir='ltr'>πίστεως,</span> <span class='ocrx_word' id='word_1_110' title='bbox 801 719 869 747; x_wconf 82' lang='grc' dir='ltr'>ἀλλὰ</span> <span class='ocrx_word' id='word_1_111' title='bbox 892 721 1033 757; x_wconf 76' lang='grc' dir='ltr'>πεπλανη-</span> 
     </span>
    </p>
   </div>
   <div class='ocr_carea' id='block_1_17' title="bbox 247 760 561 796">
    <p class='ocr_par' dir='ltr' id='par_1_17' title="bbox 247 760 561 796">
     <span class='ocr_line' id='line_1_17' title="bbox 247 760 561 796; baseline 0.01 -10"><span class='ocrx_word' id='word_1_112' title='bbox 247 760 331 796; x_wconf 79' lang='grc' dir='ltr'>μένης</span> <span class='ocrx_word' id='word_1_113' title='bbox 344 761 463 793; x_wconf 74' lang='grc' dir='ltr'>διανοίας</span> <span class='ocrx_word' id='word_1_114' title='bbox 476 762 561 789; x_wconf 80' lang='grc' dir='ltr'>ἐστίν.</span> 
     </span>
    </p>
   </div>
   <div class='ocr_carea' id='block_1_18' title="bbox 282 817 753 855">
    <p class='ocr_par' dir='ltr' id='par_1_18' title="bbox 282 817 753 855">
     <span class='ocr_line' id='line_1_18' title="bbox 282 817 753 855; baseline 0.013 -13"><span class='ocrx_word' id='word_1_115' title='bbox 282 826 290 842; x_wconf 78' lang='grc' dir='ltr'><strong>ι</strong></span> <span class='ocrx_word' id='word_1_116' title='bbox 309 817 398 849; x_wconf 84' lang='grc' dir='ltr'>Ἀλλὰ,</span> <span class='ocrx_word' id='word_1_117' title='bbox 409 818 469 851; x_wconf 73' lang='grc' dir='ltr'>ναὶ,</span> <span class='ocrx_word' id='word_1_118' title='bbox 485 819 514 845; x_wconf 86' lang='grc' dir='ltr'><strong>ἐν</strong></span> <span class='ocrx_word' id='word_1_119' title='bbox 533 819 608 855; x_wconf 84' lang='grc' dir='ltr'><strong>αὑτῷ</strong></span> <span class='ocrx_word' id='word_1_120' title='bbox 623 821 730 855; x_wconf 80' lang='grc' dir='ltr'>γέγονε.</span> <span class='ocrx_word' id='word_1_121' title='bbox 742 831 753 848; x_wconf 69' lang='grc' dir='ltr'><strong>ν</strong></span> 
     </span>
    </p>
   </div>
   <div class='ocr_carea' id='block_1_19' title="bbox 279 874 1066 917">
    <p class='ocr_par' dir='ltr' id='par_1_19' title="bbox 279 874 1066 917">
     <span class='ocr_line' id='line_1_19' title="bbox 279 874 1066 917; baseline 0.014 -18"><span class='ocrx_word' id='word_1_122' title='bbox 279 874 422 901; x_wconf 78' lang='grc' dir='ltr'>Τουτέστιν</span> <span class='ocrx_word' id='word_1_123' title='bbox 436 875 505 911; x_wconf 84' lang='grc' dir='ltr'>ὅπερ</span> <span class='ocrx_word' id='word_1_124' title='bbox 518 875 604 910; x_wconf 82' lang='grc' dir='ltr'>εἷπον,</span> <span class='ocrx_word' id='word_1_125' title='bbox 618 877 844 914; x_wconf 81' lang='grc' dir='ltr'>ἀπαρασάλευτος</span> <span class='ocrx_word' id='word_1_126' title='bbox 860 880 907 908; x_wconf 69' lang='grc' dir='ltr'><strong>καὶ</strong></span> <span class='ocrx_word' id='word_1_127' title='bbox 919 880 1030 917; x_wconf 70' lang='grc' dir='ltr'>βέὅαιος</span> <span class='ocrx_word' id='word_1_128' title='bbox 1045 882 1066 910; x_wconf 89' lang='grc' dir='ltr'><strong>Β</strong></span> 
     </span>
    </p>
   </div>
   <div class='ocr_carea' id='block_1_20' title="bbox 243 920 451 956">
    <p class='ocr_par' dir='ltr' id='par_1_20' title="bbox 243 920 451 956">
     <span class='ocr_line' id='line_1_20' title="bbox 243 920 451 956; baseline 0.014 -10"><span class='ocrx_word' id='word_1_129' title='bbox 243 921 257 946; x_wconf 82' lang='grc' dir='ltr'><strong>ὁ</strong></span> <span class='ocrx_word' id='word_1_130' title='bbox 270 920 349 954; x_wconf 74' lang='grc' dir='ltr'>λόγος</span> <span class='ocrx_word' id='word_1_131' title='bbox 365 921 451 956; x_wconf 71' lang='grc' dir='ltr'>μένει.</span> 
     </span>
    </p>
   </div>
   <div class='ocr_carea' id='block_1_21' title="bbox 279 978 1030 1021">
    <p class='ocr_par' dir='ltr' id='par_1_21' title="bbox 279 978 1030 1021">
     <span class='ocr_line' id='line_1_21' title="bbox 279 978 1030 1021; baseline 0.013 -17"><span class='ocrx_word' id='word_1_132' title='bbox 279 987 289 1003; x_wconf 83' lang='grc' dir='ltr'><strong>ι</strong></span> <span class='ocrx_word' id='word_1_133' title='bbox 301 978 383 1005; x_wconf 77' lang='grc' dir='ltr'>Ὅσαι</span> <span class='ocrx_word' id='word_1_134' title='bbox 407 978 461 1015; x_wconf 82' lang='grc' dir='ltr'>γὰρ</span> <span class='ocrx_word' id='word_1_135' title='bbox 477 979 639 1015; x_wconf 81' lang='grc' dir='ltr'><strong>ἐπαγγελίαι</strong></span> <span class='ocrx_word' id='word_1_136' title='bbox 657 981 740 1016; x_wconf 82' lang='grc' dir='ltr'>Θεοῦ,</span> <span class='ocrx_word' id='word_1_137' title='bbox 761 981 792 1010; x_wconf 81' lang='grc' dir='ltr'><strong>ἐν</strong></span> <span class='ocrx_word' id='word_1_138' title='bbox 814 984 888 1020; x_wconf 82' lang='grc' dir='ltr'>αὐτῷ</span> <span class='ocrx_word' id='word_1_139' title='bbox 903 985 942 1021; x_wconf 83' lang='grc' dir='ltr'>τῷ</span> <span class='ocrx_word' id='word_1_140' title='bbox 963 986 1030 1013; x_wconf 82' lang='grc' dir='ltr'>ναί·</span> 
     </span>
    </p>
   </div>
   <div class='ocr_carea' id='block_1_22' title="bbox 241 1024 1031 1067">
    <p class='ocr_par' dir='ltr' id='par_1_22' title="bbox 241 1024 1031 1067">
     <span class='ocr_line' id='line_1_22' title="bbox 241 1024 1031 1067; baseline 0.013 -18"><span class='ocrx_word' id='word_1_141' title='bbox 241 1024 279 1050; x_wconf 78' lang='grc' dir='ltr'>διὸ</span> <span class='ocrx_word' id='word_1_142' title='bbox 293 1025 340 1051; x_wconf 78' lang='grc' dir='ltr'><strong>καὶ</strong></span> <span class='ocrx_word' id='word_1_143' title='bbox 361 1025 395 1052; x_wconf 78' lang='grc' dir='ltr'>δι’</span> <span class='ocrx_word' id='word_1_144' title='bbox 413 1026 497 1052; x_wconf 78' lang='grc' dir='ltr'>αὐτοῦ</span> <span class='ocrx_word' id='word_1_145' title='bbox 514 1026 554 1060; x_wconf 80' lang='grc' dir='ltr'>τὸ,</span> <span class='ocrx_word' id='word_1_146' title='bbox 580 1027 665 1064; x_wconf 79' lang='grc' dir='ltr'>ἀμὴν,</span> <span class='ocrx_word' id='word_1_147' title='bbox 686 1029 725 1064; x_wconf 82' lang='grc' dir='ltr'>τῷ</span> <span class='ocrx_word' id='word_1_148' title='bbox 741 1030 800 1066; x_wconf 81' lang='grc' dir='ltr'><strong>Θεῷ</strong></span> <span class='ocrx_word' id='word_1_149' title='bbox 814 1031 882 1067; x_wconf 83' lang='grc' dir='ltr'>πρὸς</span> <span class='ocrx_word' id='word_1_150' title='bbox 902 1031 982 1064; x_wconf 80' lang='grc' dir='ltr'>δόξαν</span> <span class='ocrx_word' id='word_1_151' title='bbox 996 1032 1031 1059; x_wconf 85' lang='grc' dir='ltr'><strong>δι’</strong></span> 
     </span>
    </p>
   </div>
   <div class='ocr_carea' id='block_1_23' title="bbox 243 1069 359 1105">
    <p class='ocr_par' dir='ltr' id='par_1_23' title="bbox 243 1069 359 1105">
     <span class='ocr_line' id='line_1_23' title="bbox 243 1069 359 1105; baseline 0.009 -10"><span class='ocrx_word' id='word_1_152' title='bbox 243 1069 335 1105; x_wconf 75' lang='grc' dir='ltr'>ἡμῶν.</span> <span class='ocrx_word' id='word_1_153' title='bbox 349 1081 359 1096; x_wconf 75' lang='grc' dir='ltr'><strong>ι</strong></span> 
     </span>
    </p>
   </div>
   <div class='ocr_carea' id='block_1_24' title="bbox 275 1127 1030 1171">
    <p class='ocr_par' dir='ltr' id='par_1_24' title="bbox 275 1127 1030 1171">
     <span class='ocr_line' id='line_1_24' title="bbox 275 1127 1030 1171; baseline 0.013 -18"><span class='ocrx_word' id='word_1_154' title='bbox 275 1127 360 1154; x_wconf 79' lang='grc' dir='ltr'>Τοῦτό</span> <span class='ocrx_word' id='word_1_155' title='bbox 376 1137 452 1164; x_wconf 80' lang='grc' dir='ltr'>φησι,</span> <span class='ocrx_word' id='word_1_156' title='bbox 468 1129 514 1156; x_wconf 82' lang='grc' dir='ltr'><strong>διὰ</strong></span> <span class='ocrx_word' id='word_1_157' title='bbox 528 1130 558 1157; x_wconf 80' lang='grc' dir='ltr'>τὸ</span> <span class='ocrx_word' id='word_1_158' title='bbox 582 1131 666 1158; x_wconf 82' lang='grc' dir='ltr'>πολλὰ</span> <span class='ocrx_word' id='word_1_159' title='bbox 683 1132 714 1158; x_wconf 79' lang='grc' dir='ltr'>τὸ</span> <span class='ocrx_word' id='word_1_160' title='bbox 735 1133 866 1169; x_wconf 79' lang='grc' dir='ltr'>κήρυγμα</span> <span class='ocrx_word' id='word_1_161' title='bbox 885 1135 1030 1171; x_wconf 72' lang='grc' dir='ltr'>ὑπισχνεῖ-</span> 
     </span>
    </p>
   </div>
   <div class='ocr_carea' id='block_1_25' title="bbox 240 1172 1029 1215">
    <p class='ocr_par' dir='ltr' id='par_1_25' title="bbox 240 1172 1029 1215">
     <span class='ocr_line' id='line_1_25' title="bbox 240 1172 1029 1215; baseline 0.015 -17"><span class='ocrx_word' id='word_1_162' title='bbox 240 1172 311 1205; x_wconf 89' lang='grc' dir='ltr'>σθαι,</span> <span class='ocrx_word' id='word_1_163' title='bbox 325 1174 372 1200; x_wconf 75' lang='grc' dir='ltr'><strong>καὶ</strong></span> <span class='ocrx_word' id='word_1_164' title='bbox 383 1175 482 1206; x_wconf 82' lang='grc' dir='ltr'>αὐτοὺς</span> <span class='ocrx_word' id='word_1_165' title='bbox 499 1176 534 1202; x_wconf 81' lang='grc' dir='ltr'>τὰ</span> <span class='ocrx_word' id='word_1_166' title='bbox 545 1176 632 1203; x_wconf 82' lang='grc' dir='ltr'>πολλὰ</span> <span class='ocrx_word' id='word_1_167' title='bbox 645 1177 731 1204; x_wconf 76' lang='grc' dir='ltr'>ταῦτα</span> <span class='ocrx_word' id='word_1_168' title='bbox 741 1179 968 1215; x_wconf 79' lang='grc' dir='ltr'><strong>ἐπαγγέλλεσθαι,</strong></span> <span class='ocrx_word' id='word_1_169' title='bbox 981 1183 1029 1209; x_wconf 76' lang='grc' dir='ltr'><strong>καὶ</strong></span> 
     </span>
    </p>
   </div>
   <div class='ocr_carea' id='block_1_26' title="bbox 239 1219 1027 1263">
    <p class='ocr_par' dir='ltr' id='par_1_26' title="bbox 239 1219 1027 1263">
     <span class='ocr_line' id='line_1_26' title="bbox 239 1219 1027 1263; baseline 0.014 -19"><span class='ocrx_word' id='word_1_170' title='bbox 239 1219 396 1254; x_wconf 75' lang='grc' dir='ltr'>κηρύττειν.</span> <span class='ocrx_word' id='word_1_171' title='bbox 412 1221 466 1247; x_wconf 76' lang='grc' dir='ltr'>Καὶ</span> <span class='ocrx_word' id='word_1_172' title='bbox 483 1222 537 1255; x_wconf 79' lang='grc' dir='ltr'><strong>γὰρ</strong></span> <span class='ocrx_word' id='word_1_173' title='bbox 560 1222 625 1258; x_wconf 76' lang='grc' dir='ltr'>περὶ</span> <span class='ocrx_word' id='word_1_174' title='bbox 640 1223 818 1257; x_wconf 78' lang='grc' dir='ltr'><strong>ἀναστάσεως</strong></span> <span class='ocrx_word' id='word_1_175' title='bbox 839 1226 1027 1263; x_wconf 76' lang='grc' dir='ltr'><strong>διελέχθησαν,</strong></span> 
     </span>
    </p>
   </div>
   <div class='ocr_carea' id='block_1_27' title="bbox 240 1265 1028 1307">
    <p class='ocr_par' dir='ltr' id='par_1_27' title="bbox 240 1265 1028 1307">
     <span class='ocr_line' id='line_1_27' title="bbox 240 1265 1028 1307; baseline 0.013 -17"><span class='ocrx_word' id='word_1_176' title='bbox 240 1265 286 1291; x_wconf 75' lang='grc' dir='ltr'><strong>καὶ</strong></span> <span class='ocrx_word' id='word_1_177' title='bbox 299 1265 469 1301; x_wconf 75' lang='grc' dir='ltr'><strong>ἀναλήψεως,</strong></span> <span class='ocrx_word' id='word_1_178' title='bbox 484 1268 532 1294; x_wconf 74' lang='grc' dir='ltr'><strong>καὶ</strong></span> <span class='ocrx_word' id='word_1_179' title='bbox 556 1269 620 1303; x_wconf 85' lang='grc' dir='ltr'>περὶ</span> <span class='ocrx_word' id='word_1_180' title='bbox 638 1269 802 1305; x_wconf 73' lang='grc' dir='ltr'>ἀφθαρσίας,</span> <span class='ocrx_word' id='word_1_181' title='bbox 817 1272 865 1298; x_wconf 76' lang='grc' dir='ltr'><strong>καὶ</strong></span> <span class='ocrx_word' id='word_1_182' title='bbox 888 1273 952 1307; x_wconf 72' lang='grc' dir='ltr'>περὶ</span> <span class='ocrx_word' id='word_1_183' title='bbox 973 1274 1028 1300; x_wconf 86' lang='grc' dir='ltr'><strong>τῶν</strong></span> 
     </span>
    </p>
   </div>
   <div class='ocr_carea' id='block_1_28' title="bbox 240 1311 1028 1351">
    <p class='ocr_par' dir='ltr' id='par_1_28' title="bbox 240 1311 1028 1351">
     <span class='ocr_line' id='line_1_28' title="bbox 240 1311 1028 1351; baseline 0.013 -15"><span class='ocrx_word' id='word_1_184' title='bbox 240 1311 367 1345; x_wconf 80' lang='grc' dir='ltr'><strong>μεγάλων</strong></span> <span class='ocrx_word' id='word_1_185' title='bbox 385 1311 486 1345; x_wconf 79' lang='grc' dir='ltr'>ἄθλων,</span> <span class='ocrx_word' id='word_1_186' title='bbox 513 1314 560 1339; x_wconf 77' lang='grc' dir='ltr'><strong>καὶ</strong></span> <span class='ocrx_word' id='word_1_187' title='bbox 585 1314 649 1349; x_wconf 74' lang='grc' dir='ltr'>περὶ</span> <span class='ocrx_word' id='word_1_188' title='bbox 663 1314 719 1341; x_wconf 85' lang='grc' dir='ltr'><strong>τῶν</strong></span> <span class='ocrx_word' id='word_1_189' title='bbox 734 1316 898 1351; x_wconf 76' lang='grc' dir='ltr'>ἀπορρήτων</span> <span class='ocrx_word' id='word_1_190' title='bbox 914 1319 1028 1347; x_wconf 80' lang='grc' dir='ltr'>ἐκείνων</span> 
     </span>
    </p>
   </div>
   <div class='ocr_carea' id='block_1_29' title="bbox 237 1357 1027 1401">
    <p class='ocr_par' dir='ltr' id='par_1_29' title="bbox 237 1357 1027 1401">
     <span class='ocr_line' id='line_1_29' title="bbox 237 1357 1027 1401; baseline 0.013 -19"><span class='ocrx_word' id='word_1_191' title='bbox 237 1357 358 1391; x_wconf 76' lang='grc' dir='ltr'>ἀγαθῶν,</span> <span class='ocrx_word' id='word_1_192' title='bbox 377 1358 487 1390; x_wconf 80' lang='grc' dir='ltr'>Ταύτας</span> <span class='ocrx_word' id='word_1_193' title='bbox 509 1357 557 1386; x_wconf 77' lang='grc' dir='ltr'>οὖν</span> <span class='ocrx_word' id='word_1_194' title='bbox 578 1360 628 1392; x_wconf 80' lang='grc' dir='ltr'><strong>τὰς</strong></span> <span class='ocrx_word' id='word_1_195' title='bbox 644 1361 810 1396; x_wconf 79' lang='grc' dir='ltr'>ἐπαγγελίας</span> <span class='ocrx_word' id='word_1_196' title='bbox 833 1364 923 1398; x_wconf 84' lang='grc' dir='ltr'>μένειν</span> <span class='ocrx_word' id='word_1_197' title='bbox 944 1365 1027 1401; x_wconf 78' lang='grc' dir='ltr'>φησὶν</span> 
     </span>
    </p>
   </div>
   <div class='ocr_carea' id='block_1_30' title="bbox 237 1402 1024 1444">
    <p class='ocr_par' dir='ltr' id='par_1_30' title="bbox 237 1402 1024 1444">
     <span class='ocr_line' id='line_1_30' title="bbox 237 1402 1024 1444; baseline 0.014 -17"><span class='ocrx_word' id='word_1_198' title='bbox 237 1402 392 1437; x_wconf 78' lang='grc' dir='ltr'>ἀκινήτους.</span> <span class='ocrx_word' id='word_1_199' title='bbox 411 1404 448 1430; x_wconf 85' lang='grc' dir='ltr'><strong>Οὐ</strong></span> <span class='ocrx_word' id='word_1_200' title='bbox 471 1404 525 1440; x_wconf 81' lang='grc' dir='ltr'><strong>γὰρ</strong></span> <span class='ocrx_word' id='word_1_201' title='bbox 550 1405 658 1439; x_wconf 78' lang='grc' dir='ltr'>ἐγένετο</span> <span class='ocrx_word' id='word_1_202' title='bbox 679 1408 708 1433; x_wconf 79' lang='grc' dir='ltr'><strong>ἐν</strong></span> <span class='ocrx_word' id='word_1_203' title='bbox 738 1408 831 1440; x_wconf 79' lang='grc' dir='ltr'>αὐτοῖς</span> <span class='ocrx_word' id='word_1_204' title='bbox 851 1410 900 1436; x_wconf 83' lang='grc' dir='ltr'><strong>ναὶ</strong></span> <span class='ocrx_word' id='word_1_205' title='bbox 915 1410 962 1437; x_wconf 80' lang='grc' dir='ltr'><strong>καὶ</strong></span> <span class='ocrx_word' id='word_1_206' title='bbox 977 1412 1024 1444; x_wconf 81' lang='grc' dir='ltr'>οὐ,</span> 
     </span>
    </p>
   </div>
   <div class='ocr_carea' id='block_1_31' title="bbox 237 1449 1025 1491">
    <p class='ocr_par' dir='ltr' id='par_1_31' title="bbox 237 1449 1025 1491">
     <span class='ocr_line' id='line_1_31' title="bbox 237 1449 1025 1491; baseline 0.011 -16"><span class='ocrx_word' id='word_1_207' title='bbox 237 1449 389 1482; x_wconf 73' lang='grc' dir='ltr'>τουτέστιν,</span> <span class='ocrx_word' id='word_1_208' title='bbox 413 1451 443 1476; x_wconf 89' lang='grc' dir='ltr'>οὺ</span> <span class='ocrx_word' id='word_1_209' title='bbox 463 1451 528 1477; x_wconf 72' lang='grc' dir='ltr'>ποτὲ</span> <span class='ocrx_word' id='word_1_210' title='bbox 553 1451 603 1486; x_wconf 78' lang='grc' dir='ltr'>μὲν</span> <span class='ocrx_word' id='word_1_211' title='bbox 623 1452 711 1488; x_wconf 79' lang='grc' dir='ltr'>ἀληθῆ</span> <span class='ocrx_word' id='word_1_212' title='bbox 733 1454 768 1481; x_wconf 79' lang='grc' dir='ltr'><strong>τὰ</strong></span> <span class='ocrx_word' id='word_1_213' title='bbox 791 1455 942 1491; x_wconf 66' lang='grc' dir='ltr'>εἰρημένα,</span> <span class='ocrx_word' id='word_1_214' title='bbox 959 1458 1025 1484; x_wconf 76' lang='grc' dir='ltr'>ποτὲ</span> 
     </span>
    </p>
   </div>
   <div class='ocr_carea' id='block_1_32' title="bbox 236 1492 1024 1535">
    <p class='ocr_par' dir='ltr' id='par_1_32' title="bbox 236 1492 1024 1535">
     <span class='ocr_line' id='line_1_32' title="bbox 236 1492 1024 1535; baseline 0.011 -16"><span class='ocrx_word' id='word_1_215' title='bbox 236 1492 263 1519; x_wconf 83' lang='grc' dir='ltr'>δὲ</span> <span class='ocrx_word' id='word_1_216' title='bbox 282 1493 380 1529; x_wconf 80' lang='grc' dir='ltr'>ψευδῆ,</span> <span class='ocrx_word' id='word_1_217' title='bbox 406 1495 534 1531; x_wconf 82' lang='grc' dir='ltr'>καθάπερ</span> <span class='ocrx_word' id='word_1_218' title='bbox 558 1497 574 1532; x_wconf 83' lang='grc' dir='ltr'>ἡ</span> <span class='ocrx_word' id='word_1_219' title='bbox 602 1497 734 1533; x_wconf 78' lang='grc' dir='ltr'>ἐπιδημία</span> <span class='ocrx_word' id='word_1_220' title='bbox 760 1499 776 1534; x_wconf 81' lang='grc' dir='ltr'>ὴ</span> <span class='ocrx_word' id='word_1_221' title='bbox 801 1499 875 1535; x_wconf 67' lang='grc' dir='ltr'>ἐμὴ,</span> <span class='ocrx_word' id='word_1_222' title='bbox 897 1501 956 1527; x_wconf 80' lang='grc' dir='ltr'>ἀλλ’</span> <span class='ocrx_word' id='word_1_223' title='bbox 979 1502 1024 1528; x_wconf 81' lang='grc' dir='ltr'>ἀεὶ</span> 
     </span>
    </p>
   </div>
   <div class='ocr_carea' id='block_1_33' title="bbox 235 1539 334 1574">
    <p class='ocr_par' dir='ltr' id='par_1_33' title="bbox 235 1539 334 1574">
     <span class='ocr_line' id='line_1_33' title="bbox 235 1539 334 1574; baseline 0.02 -9"><span class='ocrx_word' id='word_1_224' title='bbox 235 1539 334 1574; x_wconf 82' lang='grc' dir='ltr'>ἀληθῆ.</span> 
     </span>
    </p>
   </div>
   <div class='ocr_carea' id='block_1_34' title="bbox 270 1585 1026 1628">
    <p class='ocr_par' dir='ltr' id='par_1_34' title="bbox 270 1585 1026 1628">
     <span class='ocr_line' id='line_1_34' title="bbox 270 1585 1026 1628; baseline 0.012 -17"><span class='ocrx_word' id='word_1_225' title='bbox 270 1585 300 1611; x_wconf 79' lang='grc' dir='ltr'>Εἰ</span> <span class='ocrx_word' id='word_1_226' title='bbox 312 1586 341 1612; x_wconf 74' lang='grc' dir='ltr'>δὲ</span> <span class='ocrx_word' id='word_1_227' title='bbox 359 1586 376 1613; x_wconf 79' lang='grc' dir='ltr'>ἃ</span> <span class='ocrx_word' id='word_1_228' title='bbox 395 1587 538 1623; x_wconf 78' lang='grc' dir='ltr'>ὑπέσχετο,</span> <span class='ocrx_word' id='word_1_229' title='bbox 565 1589 671 1624; x_wconf 69' lang='grc' dir='ltr'>βέϐαια,</span> <span class='ocrx_word' id='word_1_230' title='bbox 700 1589 791 1626; x_wconf 86' lang='grc' dir='ltr'>πολλῷ</span> <span class='ocrx_word' id='word_1_231' title='bbox 812 1591 913 1627; x_wconf 85' lang='grc' dir='ltr'>μᾶλλον</span> <span class='ocrx_word' id='word_1_232' title='bbox 933 1593 1026 1628; x_wconf 75' lang='grc' dir='ltr'>αὐτὸς,</span> 
     </span>
    </p>
   </div>
   <div class='ocr_carea' id='block_1_35' title="bbox 234 1631 591 1669">
    <p class='ocr_par' dir='ltr' id='par_1_35' title="bbox 234 1631 591 1669">
     <span class='ocr_line' id='line_1_35' title="bbox 234 1631 591 1669; baseline 0.017 -13"><span class='ocrx_word' id='word_1_233' title='bbox 234 1631 282 1657; x_wconf 73' lang='grc' dir='ltr'><strong>καὶ</strong></span> <span class='ocrx_word' id='word_1_234' title='bbox 295 1632 309 1658; x_wconf 87' lang='grc' dir='ltr'><strong>ὁ</strong></span> <span class='ocrx_word' id='word_1_235' title='bbox 326 1633 390 1668; x_wconf 78' lang='grc' dir='ltr'>περὶ</span> <span class='ocrx_word' id='word_1_236' title='bbox 404 1634 487 1661; x_wconf 79' lang='grc' dir='ltr'>αὐτοῦ</span> <span class='ocrx_word' id='word_1_237' title='bbox 503 1635 591 1669; x_wconf 80' lang='grc' dir='ltr'>λόγος.</span> 
     </span>
    </p>
   </div>
   <div class='ocr_carea' id='block_1_36' title="bbox 272 1678 1025 1722">
    <p class='ocr_par' dir='ltr' id='par_1_36' title="bbox 272 1678 1025 1722">
     <span class='ocr_line' id='line_1_36' title="bbox 272 1678 1025 1722; baseline 0.015 -19"><span class='ocrx_word' id='word_1_238' title='bbox 272 1687 282 1703; x_wconf 79' lang='grc' dir='ltr'><strong>ι</strong></span> <span class='ocrx_word' id='word_1_239' title='bbox 296 1678 326 1704; x_wconf 87' lang='lat' dir='ltr'>&#39;U</span> <span class='ocrx_word' id='word_1_240' title='bbox 334 1678 361 1705; x_wconf 84' lang='grc' dir='ltr'>δὲ</span> <span class='ocrx_word' id='word_1_241' title='bbox 372 1678 488 1714; x_wconf 75' lang='grc' dir='ltr'>βεϐαιῶν</span> <span class='ocrx_word' id='word_1_242' title='bbox 497 1681 569 1716; x_wconf 78' lang='grc' dir='ltr'>ἡμᾶς</span> <span class='ocrx_word' id='word_1_243' title='bbox 585 1682 635 1709; x_wconf 86' lang='grc' dir='ltr'>σὺν</span> <span class='ocrx_word' id='word_1_244' title='bbox 646 1682 710 1718; x_wconf 87' lang='grc' dir='ltr'>ὑμῖν</span> <span class='ocrx_word' id='word_1_245' title='bbox 718 1685 758 1717; x_wconf 75' lang='grc' dir='ltr'>εἰς</span> <span class='ocrx_word' id='word_1_246' title='bbox 766 1685 895 1720; x_wconf 78' lang='grc' dir='ltr'>Χριστὸν,</span> <span class='ocrx_word' id='word_1_247' title='bbox 909 1686 956 1713; x_wconf 78' lang='grc' dir='ltr'>καὶ</span> <span class='ocrx_word' id='word_1_248' title='bbox 965 1687 1025 1722; x_wconf 88' lang='grc' dir='ltr'>χρί-</span> 
     </span>
    </p>
   </div>
   <div class='ocr_carea' id='block_1_37' title="bbox 236 1723 1025 1766">
    <p class='ocr_par' dir='ltr' id='par_1_37' title="bbox 236 1723 1025 1766">
     <span class='ocr_line' id='line_1_37' title="bbox 236 1723 1025 1766; baseline 0.015 -18"><span class='ocrx_word' id='word_1_249' title='bbox 236 1731 284 1753; x_wconf 76' lang='grc' dir='ltr'><strong>σας</strong></span> <span class='ocrx_word' id='word_1_250' title='bbox 298 1723 372 1758; x_wconf 72' lang='grc' dir='ltr'>ἡμᾶς</span> <span class='ocrx_word' id='word_1_251' title='bbox 384 1724 461 1756; x_wconf 77' lang='grc' dir='ltr'>Θεὸς,</span> <span class='ocrx_word' id='word_1_252' title='bbox 479 1726 527 1752; x_wconf 78' lang='grc' dir='ltr'><strong>καὶ</strong></span> <span class='ocrx_word' id='word_1_253' title='bbox 551 1729 774 1764; x_wconf 76' lang='grc' dir='ltr'>σφραγισάμενος</span> <span class='ocrx_word' id='word_1_254' title='bbox 797 1731 883 1766; x_wconf 78' lang='grc' dir='ltr'>ἡμᾶς,</span> <span class='ocrx_word' id='word_1_255' title='bbox 900 1733 947 1759; x_wconf 82' lang='grc' dir='ltr'>καὶ</span> <span class='ocrx_word' id='word_1_256' title='bbox 961 1732 1025 1766; x_wconf 82' lang='grc' dir='ltr'>δοὺς</span> 
     </span>
    </p>
   </div>
   <div class='ocr_carea' id='block_1_38' title="bbox 233 1767 1021 1814">
    <p class='ocr_par' dir='ltr' id='par_1_38' title="bbox 233 1767 1021 1814">
     <span class='ocr_line' id='line_1_38' title="bbox 233 1767 1021 1814; baseline 0.015 -20"><span class='ocrx_word' id='word_1_257' title='bbox 233 1767 277 1795; x_wconf 78' lang='grc' dir='ltr'>τὸν</span> <span class='ocrx_word' id='word_1_258' title='bbox 290 1769 440 1804; x_wconf 75' lang='grc' dir='ltr'>ἀρραϐῶνα</span> <span class='ocrx_word' id='word_1_259' title='bbox 448 1771 494 1798; x_wconf 83' lang='grc' dir='ltr'>τοῦ</span> <span class='ocrx_word' id='word_1_260' title='bbox 510 1772 580 1799; x_wconf 90' lang='grc' dir='ltr'>Πνεύ</span> <span class='ocrx_word' id='word_1_261' title='bbox 585 1782 669 1808; x_wconf 88' lang='grc' dir='ltr'>ματος</span> <span class='ocrx_word' id='word_1_262' title='bbox 684 1776 713 1802; x_wconf 85' lang='grc' dir='ltr'><strong>ἐν</strong></span> <span class='ocrx_word' id='word_1_263' title='bbox 726 1778 786 1808; x_wconf 85' lang='grc' dir='ltr'>ταῖς</span> <span class='ocrx_word' id='word_1_264' title='bbox 796 1777 921 1812; x_wconf 82' lang='grc' dir='ltr'>καρδίαις</span> <span class='ocrx_word' id='word_1_265' title='bbox 933 1778 1021 1814; x_wconf 83' lang='grc' dir='ltr'>ἡμῶν.</span> 
     </span>
    </p>
   </div>
   <div class='ocr_carea' id='block_1_39' title="bbox 240 1813 1022 1859">
    <p class='ocr_par' dir='ltr' id='par_1_39' title="bbox 240 1813 1022 1859">
     <span class='ocr_line' id='line_1_39' title="bbox 240 1813 1022 1859; baseline 0.014 -20"><span class='ocrx_word' id='word_1_266' title='bbox 240 1813 310 1846; x_wconf 86' lang='grc' dir='ltr'><strong>Ἐγὼ</strong></span> <span class='ocrx_word' id='word_1_267' title='bbox 331 1814 361 1840; x_wconf 78' lang='grc' dir='ltr'>δὲ</span> <span class='ocrx_word' id='word_1_268' title='bbox 389 1816 516 1852; x_wconf 85' lang='grc' dir='ltr'>μάρτυρα</span> <span class='ocrx_word' id='word_1_269' title='bbox 542 1819 589 1845; x_wconf 67' lang='grc' dir='ltr'>τὸν</span> <span class='ocrx_word' id='word_1_270' title='bbox 612 1818 678 1848; x_wconf 80' lang='grc' dir='ltr'>Θεὸν</span> <span class='ocrx_word' id='word_1_271' title='bbox 703 1821 888 1857; x_wconf 72' lang='grc' dir='ltr'>ἐπικαλοῦμαι</span> <span class='ocrx_word' id='word_1_272' title='bbox 913 1824 958 1849; x_wconf 78' lang='grc' dir='ltr'>ἐπὶ</span> <span class='ocrx_word' id='word_1_273' title='bbox 972 1823 1022 1859; x_wconf 82' lang='grc' dir='ltr'>τὴν</span> 
     </span>
    </p>
   </div>
   <div class='ocr_carea' id='block_1_40' title="bbox 234 1859 446 1897">
    <p class='ocr_par' dir='ltr' id='par_1_40' title="bbox 234 1859 446 1897">
     <span class='ocr_line' id='line_1_40' title="bbox 234 1859 446 1897; baseline 0.014 -12"><span class='ocrx_word' id='word_1_274' title='bbox 234 1859 302 1895; x_wconf 75' lang='grc' dir='ltr'>ἐμὴν</span> <span class='ocrx_word' id='word_1_275' title='bbox 318 1860 417 1897; x_wconf 80' lang='grc' dir='ltr'>ψυχήν.</span> <span class='ocrx_word' id='word_1_276' title='bbox 437 1871 446 1888; x_wconf 78' lang='grc' dir='ltr'><strong>ι</strong></span> 
     </span>
    </p>
   </div>
   <div class='ocr_carea' id='block_1_41' title="bbox 268 1905 1022 1952">
    <p class='ocr_par' dir='ltr' id='par_1_41' title="bbox 268 1905 1022 1952">
     <span class='ocr_line' id='line_1_41' title="bbox 268 1905 1022 1952; baseline 0.016 -21"><span class='ocrx_word' id='word_1_277' title='bbox 268 1905 427 1941; x_wconf 76' lang='grc' dir='ltr'>Τουτέστιν,</span> <span class='ocrx_word' id='word_1_278' title='bbox 442 1909 457 1935; x_wconf 85' lang='grc' dir='ltr'>ὁ</span> <span class='ocrx_word' id='word_1_279' title='bbox 470 1909 508 1946; x_wconf 82' lang='grc' dir='ltr'>μὴ</span> <span class='ocrx_word' id='word_1_280' title='bbox 524 1911 576 1938; x_wconf 63' lang='lat' dir='ltr'><strong>ea»</strong></span> <span class='ocrx_word' id='word_1_281' title='bbox 587 1913 662 1947; x_wconf 79' lang='grc' dir='ltr'>ἡμᾶς</span> <span class='ocrx_word' id='word_1_282' title='bbox 673 1914 912 1949; x_wconf 76' lang='grc' dir='ltr'>παρασαλεύεσθαι</span> <span class='ocrx_word' id='word_1_283' title='bbox 926 1916 959 1943; x_wconf 76' lang='grc' dir='ltr'>ἐκ</span> <span class='ocrx_word' id='word_1_284' title='bbox 970 1916 1022 1952; x_wconf 82' lang='grc' dir='ltr'>τῆς</span> 
     </span>
    </p>
   </div>
   <div class='ocr_carea' id='block_1_42' title="bbox 233 1950 1020 1998">
    <p class='ocr_par' dir='ltr' id='par_1_42' title="bbox 233 1950 1020 1998">
     <span class='ocr_line' id='line_1_42' title="bbox 233 1950 1020 1998; baseline 0.017 -22"><span class='ocrx_word' id='word_1_285' title='bbox 233 1950 348 1984; x_wconf 81' lang='grc' dir='ltr'>πίστεως</span> <span class='ocrx_word' id='word_1_286' title='bbox 362 1953 411 1989; x_wconf 84' lang='grc' dir='ltr'>τῆς</span> <span class='ocrx_word' id='word_1_287' title='bbox 425 1955 464 1986; x_wconf 86' lang='grc' dir='ltr'>εὶς</span> <span class='ocrx_word' id='word_1_288' title='bbox 476 1956 603 1990; x_wconf 81' lang='grc' dir='ltr'>Χριστὸν,</span> <span class='ocrx_word' id='word_1_289' title='bbox 622 1959 669 1985; x_wconf 79' lang='grc' dir='ltr'><strong>καὶ</strong></span> <span class='ocrx_word' id='word_1_290' title='bbox 688 1960 767 1991; x_wconf 79' lang='grc' dir='ltr'>αὐτὸς</span> <span class='ocrx_word' id='word_1_291' title='bbox 783 1962 797 1987; x_wconf 85' lang='grc' dir='ltr'>ὁ</span> <span class='ocrx_word' id='word_1_292' title='bbox 819 1961 917 1996; x_wconf 82' lang='grc' dir='ltr'>χρίσας</span> <span class='ocrx_word' id='word_1_293' title='bbox 936 1950 1020 1998; x_wconf 79' lang='grc' dir='ltr'>ἡμᾶς,</span> 
     </span>
    </p>
   </div>
   <div class='ocr_carea' id='block_1_43' title="bbox 235 1997 1020 2041">
    <p class='ocr_par' dir='ltr' id='par_1_43' title="bbox 235 1997 1020 2041">
     <span class='ocr_line' id='line_1_43' title="bbox 235 1997 1020 2041; baseline 0.015 -19"><span class='ocrx_word' id='word_1_294' title='bbox 235 1997 283 2023; x_wconf 77' lang='grc' dir='ltr'><strong>καὶ</strong></span> <span class='ocrx_word' id='word_1_295' title='bbox 299 1997 360 2030; x_wconf 77' lang='grc' dir='ltr'>δοὺς</span> <span class='ocrx_word' id='word_1_296' title='bbox 374 1999 404 2025; x_wconf 80' lang='grc' dir='ltr'>τὸ</span> <span class='ocrx_word' id='word_1_297' title='bbox 419 2000 532 2037; x_wconf 87' lang='grc' dir='ltr'>Πνεῦμα</span> <span class='ocrx_word' id='word_1_298' title='bbox 545 2003 574 2029; x_wconf 85' lang='grc' dir='ltr'>ὲν</span> <span class='ocrx_word' id='word_1_299' title='bbox 586 2005 644 2035; x_wconf 83' lang='grc' dir='ltr'>ταῖς</span> <span class='ocrx_word' id='word_1_300' title='bbox 656 2005 782 2039; x_wconf 86' lang='grc' dir='ltr'>καρδίαις</span> <span class='ocrx_word' id='word_1_301' title='bbox 796 2006 886 2041; x_wconf 87' lang='grc' dir='ltr'>ἡμῶν,</span> <span class='ocrx_word' id='word_1_302' title='bbox 905 2007 964 2039; x_wconf 78' lang='grc' dir='ltr'><strong>πῶς</strong></span> <span class='ocrx_word' id='word_1_303' title='bbox 986 2008 1020 2035; x_wconf 74' lang='grc' dir='ltr'><strong>τὰ</strong></span> 
     </span>
    </p>
   </div>
   <div class='ocr_carea' id='block_1_44' title="bbox 233 2043 1017 2088">
    <p class='ocr_par' dir='ltr' id='par_1_44' title="bbox 233 2043 1017 2088">
     <span class='ocr_line' id='line_1_44' title="bbox 233 2043 1017 2088; baseline 0.015 -19"><span class='ocrx_word' id='word_1_304' title='bbox 233 2043 364 2088; x_wconf 75' lang='grc' dir='ltr'>μέλλοντα</span> <span class='ocrx_word' id='word_1_305' title='bbox 378 2046 408 2072; x_wconf 78' lang='grc' dir='ltr'>οὐ</span> <span class='ocrx_word' id='word_1_306' title='bbox 421 2047 530 2081; x_wconf 75' lang='grc' dir='ltr'>δίδωσις</span> <span class='ocrx_word' id='word_1_307' title='bbox 546 2049 582 2075; x_wconf 83' lang='grc' dir='ltr'><strong>Τὺ</strong></span> <span class='ocrx_word' id='word_1_308' title='bbox 597 2049 625 2076; x_wconf 83' lang='grc' dir='ltr'>δὲ</span> <span class='ocrx_word' id='word_1_309' title='bbox 638 2051 748 2084; x_wconf 81' lang='grc' dir='ltr'>χρίσας</span> <span class='ocrx_word' id='word_1_310' title='bbox 764 2051 843 2086; x_wconf 74' lang='grc' dir='ltr'>ἡμᾶς</span> <span class='ocrx_word' id='word_1_311' title='bbox 855 2053 903 2079; x_wconf 73' lang='grc' dir='ltr'><strong>καὶ</strong></span> <span class='ocrx_word' id='word_1_312' title='bbox 921 2062 1017 2088; x_wconf 70' lang='grc' dir='ltr'>σφρα-</span> 
     </span>
    </p>
   </div>
   <div class='ocr_carea' id='block_1_45' title="bbox 230 2083 974 2129">
    <p class='ocr_par' dir='ltr' id='par_1_45' title="bbox 230 2083 974 2129">
     <span class='ocr_line' id='line_1_45' title="bbox 230 2083 974 2129; baseline 0.015 -18"><span class='ocrx_word' id='word_1_313' title='bbox 230 2083 402 2122; x_wconf 74' lang='grc' dir='ltr'>γισάμενος,</span> <span class='ocrx_word' id='word_1_314' title='bbox 419 2089 468 2125; x_wconf 76' lang='grc' dir='ltr'>τὴν</span> <span class='ocrx_word' id='word_1_315' title='bbox 484 2090 531 2116; x_wconf 83' lang='grc' dir='ltr'>τοῦ</span> <span class='ocrx_word' id='word_1_316' title='bbox 548 2083 706 2127; x_wconf 81' lang='grc' dir='ltr'>Πνεύματος</span> <span class='ocrx_word' id='word_1_317' title='bbox 718 2083 822 2128; x_wconf 64' lang='grc' dir='ltr'>δωρεὰν</span> <span class='ocrx_word' id='word_1_318' title='bbox 831 2083 974 2129; x_wconf 48' lang='grc' dir='ltr'>σημαίνειί</span> 
     </span>
    </p>
   </div>
   <div class='ocr_carea' id='block_1_46' title="bbox 268 2130 1018 2178">
    <p class='ocr_par' dir='ltr' id='par_1_46' title="bbox 268 2130 1018 2178">
     <span class='ocr_line' id='line_1_46' title="bbox 268 2130 1018 2178; baseline 0.015 -20"><span class='ocrx_word' id='word_1_319' title='bbox 268 2141 279 2158; x_wconf 76' lang='grc' dir='ltr'><strong>ι</strong></span> <span class='ocrx_word' id='word_1_320' title='bbox 298 2130 360 2159; x_wconf 82' lang='grc' dir='ltr'><strong>Ὅτι</strong></span> <span class='ocrx_word' id='word_1_321' title='bbox 385 2135 543 2170; x_wconf 80' lang='grc' dir='ltr'>φειδόμενος</span> <span class='ocrx_word' id='word_1_322' title='bbox 564 2138 641 2172; x_wconf 85' lang='grc' dir='ltr'>ὑμῶν</span> <span class='ocrx_word' id='word_1_323' title='bbox 656 2140 748 2166; x_wconf 76' lang='grc' dir='ltr'>οὐκέτι</span> <span class='ocrx_word' id='word_1_324' title='bbox 768 2138 851 2176; x_wconf 80' lang='grc' dir='ltr'>ἦλθον</span> <span class='ocrx_word' id='word_1_325' title='bbox 862 2142 903 2173; x_wconf 82' lang='grc' dir='ltr'>εἰς</span> <span class='ocrx_word' id='word_1_326' title='bbox 917 2142 1018 2178; x_wconf 77' lang='grc' dir='ltr'>Κόριν-</span> 
     </span>
    </p>
   </div>
   <div class='ocr_carea' id='block_1_47' title="bbox 230 2177 1017 2221">
    <p class='ocr_par' dir='ltr' id='par_1_47' title="bbox 230 2177 1017 2221">
     <span class='ocr_line' id='line_1_47' title="bbox 230 2177 1017 2221; baseline 0.014 -17"><span class='ocrx_word' id='word_1_327' title='bbox 230 2177 291 2205; x_wconf 75' lang='grc' dir='ltr'>θον¹</span> <span class='ocrx_word' id='word_1_328' title='bbox 307 2179 356 2212; x_wconf 76' lang='grc' dir='ltr'><strong>οὐχ</strong></span> <span class='ocrx_word' id='word_1_329' title='bbox 368 2180 408 2206; x_wconf 82' lang='grc' dir='ltr'>ὃτι</span> <span class='ocrx_word' id='word_1_330' title='bbox 419 2183 583 2219; x_wconf 82' lang='grc' dir='ltr'>κυριεύομεν</span> <span class='ocrx_word' id='word_1_331' title='bbox 598 2185 675 2220; x_wconf 84' lang='grc' dir='ltr'>ὑμῶν</span> <span class='ocrx_word' id='word_1_332' title='bbox 691 2186 741 2221; x_wconf 85' lang='grc' dir='ltr'>τῆς</span> <span class='ocrx_word' id='word_1_333' title='bbox 761 2186 888 2219; x_wconf 80' lang='grc' dir='ltr'>πίστεως,</span> <span class='ocrx_word' id='word_1_334' title='bbox 903 2187 961 2214; x_wconf 82' lang='grc' dir='ltr'>ἀλλ’</span> <span class='ocrx_word' id='word_1_335' title='bbox 975 2189 1017 2215; x_wconf 79' lang='grc' dir='ltr'>ὅτι</span> 
     </span>
    </p>
   </div>
   <div class='ocr_carea' id='block_1_48' title="bbox 231 2228 1017 2272">
    <p class='ocr_par' dir='ltr' id='par_1_48' title="bbox 231 2228 1017 2272">
     <span class='ocr_line' id='line_1_48' title="bbox 231 2228 1017 2272; baseline 0.015 -21"><span class='ocrx_word' id='word_1_336' title='bbox 231 2228 357 2262; x_wconf 80' lang='grc' dir='ltr'>συνεργοί</span> <span class='ocrx_word' id='word_1_337' title='bbox 379 2229 462 2264; x_wconf 85' lang='grc' dir='ltr'>ἐσμεν</span> <span class='ocrx_word' id='word_1_338' title='bbox 483 2229 532 2265; x_wconf 84' lang='grc' dir='ltr'><strong>τῆς</strong></span> <span class='ocrx_word' id='word_1_339' title='bbox 555 2232 642 2267; x_wconf 82' lang='grc' dir='ltr'>χαρᾶς</span> <span class='ocrx_word' id='word_1_340' title='bbox 668 2233 754 2269; x_wconf 84' lang='grc' dir='ltr'>ὑμῶν.</span> <span class='ocrx_word' id='word_1_341' title='bbox 784 2235 823 2271; x_wconf 80' lang='grc' dir='ltr'><strong>Τῇ</strong></span> <span class='ocrx_word' id='word_1_342' title='bbox 851 2235 904 2272; x_wconf 86' lang='grc' dir='ltr'><strong>γὰρ</strong></span> <span class='ocrx_word' id='word_1_343' title='bbox 925 2236 1017 2262; x_wconf 81' lang='grc' dir='ltr'>πίστει</span> 
     </span>
    </p>
   </div>
   <div class='ocr_carea' id='block_1_49' title="bbox 229 2271 404 2310">
    <p class='ocr_par' dir='ltr' id='par_1_49' title="bbox 229 2271 404 2310">
     <span class='ocr_line' id='line_1_49' title="bbox 229 2271 404 2310; baseline 0.017 -12"><span class='ocrx_word' id='word_1_344' title='bbox 229 2271 372 2310; x_wconf 75' lang='grc' dir='ltr'>ἑστήκατε.</span> <span class='ocrx_word' id='word_1_345' title='bbox 395 2284 404 2301; x_wconf 75' lang='grc' dir='ltr'><strong>ι</strong></span> 
     </span>
    </p>
   </div>
   <div class='ocr_carea' id='block_1_50' title="bbox 530 2334 711 2362">
    <p class='ocr_par' dir='ltr' id='par_1_50' title="bbox 530 2334 711 2362">
     <span class='ocr_line' id='line_1_50' title="bbox 530 2334 711 2362; baseline 0.011 -2"><span class='ocrx_word' id='word_1_346' title='bbox 530 2334 656 2362; x_wconf 74' lang='grc' dir='ltr'><strong>ΚΕΦΑΛ.</strong></span> <span class='ocrx_word' id='word_1_347' title='bbox 674 2335 711 2362; x_wconf 89' lang='lat' dir='ltr'><strong>B’.</strong></span> 
     </span>
    </p>
   </div>
   <div class='ocr_carea' id='block_1_51' title="bbox 261 2388 1015 2434">
    <p class='ocr_par' dir='ltr' id='par_1_51' title="bbox 261 2388 1015 2434">
     <span class='ocr_line' id='line_1_51' title="bbox 261 2388 1015 2434; baseline 0.015 -21"><span class='ocrx_word' id='word_1_348' title='bbox 261 2394 272 2412; x_wconf 70' lang='grc' dir='ltr'><strong>ι</strong></span> <span class='ocrx_word' id='word_1_349' title='bbox 292 2388 407 2423; x_wconf 81' lang='grc' dir='ltr'>Ἔκρινα</span> <span class='ocrx_word' id='word_1_350' title='bbox 416 2389 445 2416; x_wconf 79' lang='grc' dir='ltr'>δὲ</span> <span class='ocrx_word' id='word_1_351' title='bbox 458 2391 568 2427; x_wconf 86' lang='grc' dir='ltr'>ἐμαυτῷ</span> <span class='ocrx_word' id='word_1_352' title='bbox 581 2392 660 2419; x_wconf 75' lang='grc' dir='ltr'>τοῦτο</span> <span class='ocrx_word' id='word_1_353' title='bbox 679 2393 709 2419; x_wconf 84' lang='grc' dir='ltr'><strong>τὺ</strong></span> <span class='ocrx_word' id='word_1_354' title='bbox 732 2394 770 2430; x_wconf 84' lang='grc' dir='ltr'>μὴ</span> <span class='ocrx_word' id='word_1_355' title='bbox 790 2394 871 2421; x_wconf 75' lang='grc' dir='ltr'>πάλιν</span> <span class='ocrx_word' id='word_1_356' title='bbox 893 2397 922 2423; x_wconf 85' lang='grc' dir='ltr'><strong>ἐν</strong></span> <span class='ocrx_word' id='word_1_357' title='bbox 942 2397 1015 2434; x_wconf 81' lang='grc' dir='ltr'><strong>λύπῃ</strong></span> 
     </span>
    </p>
   </div>
   <div class='ocr_carea' id='block_1_52' title="bbox 227 2433 879 2475">
    <p class='ocr_par' dir='ltr' id='par_1_52' title="bbox 227 2433 879 2475">
     <span class='ocr_line' id='line_1_52' title="bbox 227 2433 879 2475; baseline 0.014 -17"><span class='ocrx_word' id='word_1_358' title='bbox 227 2433 294 2469; x_wconf 72' lang='grc' dir='ltr'>πρὸς</span> <span class='ocrx_word' id='word_1_359' title='bbox 302 2434 373 2469; x_wconf 81' lang='grc' dir='ltr'>ὑμᾶς</span> <span class='ocrx_word' id='word_1_360' title='bbox 387 2435 483 2463; x_wconf 82' lang='grc' dir='ltr'>ἐλθεῖν.</span> <span class='ocrx_word' id='word_1_361' title='bbox 497 2437 527 2464; x_wconf 85' lang='grc' dir='ltr'><strong>Εἰ</strong></span> <span class='ocrx_word' id='word_1_362' title='bbox 538 2438 591 2473; x_wconf 73' lang='grc' dir='ltr'><strong>γὰρ</strong></span> <span class='ocrx_word' id='word_1_363' title='bbox 608 2437 663 2472; x_wconf 83' lang='grc' dir='ltr'>ἐγὼ</span> <span class='ocrx_word' id='word_1_364' title='bbox 682 2439 761 2466; x_wconf 79' lang='grc' dir='ltr'>λυπῶ</span> <span class='ocrx_word' id='word_1_365' title='bbox 771 2440 852 2475; x_wconf 83' lang='grc' dir='ltr'>ὑμᾶς.</span> <span class='ocrx_word' id='word_1_366' title='bbox 869 2451 879 2467; x_wconf 71' lang='grc' dir='ltr'><strong>ι</strong></span> 
     </span>
    </p>
   </div>
   <div class='ocr_carea' id='block_1_53' title="bbox 262 2526 1011 2571">
    <p class='ocr_par' dir='ltr' id='par_1_53' title="bbox 262 2526 1011 2571">
     <span class='ocr_line' id='line_1_53' title="bbox 262 2526 1011 2571; baseline 0.016 -20"><span class='ocrx_word' id='word_1_367' title='bbox 262 2526 369 2553; x_wconf 71' lang='grc' dir='ltr'>Βέλτιον</span> <span class='ocrx_word' id='word_1_368' title='bbox 387 2529 440 2563; x_wconf 73' lang='grc' dir='ltr'><strong>γὰρ</strong></span> <span class='ocrx_word' id='word_1_369' title='bbox 455 2530 568 2565; x_wconf 80' lang='grc' dir='ltr'>ἐνόμισα</span> <span class='ocrx_word' id='word_1_370' title='bbox 581 2531 703 2559; x_wconf 75' lang='grc' dir='ltr'>ἐνδοῦναι</span> <span class='ocrx_word' id='word_1_371' title='bbox 723 2533 762 2564; x_wconf 80' lang='grc' dir='ltr'>εἰς</span> <span class='ocrx_word' id='word_1_372' title='bbox 780 2533 813 2559; x_wconf 81' lang='grc' dir='ltr'><strong>τὺ</strong></span> <span class='ocrx_word' id='word_1_373' title='bbox 832 2536 1011 2571; x_wconf 70' lang='grc' dir='ltr'>μετανοῆσαι,</span> 
     </span>
    </p>
   </div>
   <div class='ocr_carea' id='block_1_54' title="bbox 227 2573 1012 2618">
    <p class='ocr_par' dir='ltr' id='par_1_54' title="bbox 227 2573 1012 2618">
     <span class='ocr_line' id='line_1_54' title="bbox 227 2573 1012 2618; baseline 0.017 -21"><span class='ocrx_word' id='word_1_374' title='bbox 227 2573 319 2607; x_wconf 67' lang='grc' dir='ltr'>φησὶν,</span> <span class='ocrx_word' id='word_1_375' title='bbox 335 2573 350 2608; x_wconf 84' lang='grc' dir='ltr'><strong>ἥ</strong></span> <span class='ocrx_word' id='word_1_376' title='bbox 365 2575 459 2610; x_wconf 77' lang='grc' dir='ltr'>παρὼν</span> <span class='ocrx_word' id='word_1_377' title='bbox 472 2577 627 2609; x_wconf 77' lang='grc' dir='ltr'>ἐπεξελθεῖν</span> <span class='ocrx_word' id='word_1_378' title='bbox 651 2579 699 2605; x_wconf 73' lang='grc' dir='ltr'><strong>καὶ</strong></span> <span class='ocrx_word' id='word_1_379' title='bbox 719 2579 921 2617; x_wconf 79' lang='grc' dir='ltr'>παροξυνθῆναι</span> <span class='ocrx_word' id='word_1_380' title='bbox 950 2592 1012 2618; x_wconf 59' lang='grc' dir='ltr'>μει.</span> 
     </span>
    </p>
   </div>
   <div class='ocr_carea' id='block_1_55' title="bbox 226 2619 319 2651">
    <p class='ocr_par' dir='ltr' id='par_1_55' title="bbox 226 2619 319 2651">
     <span class='ocr_line' id='line_1_55' title="bbox 226 2619 319 2651; baseline 0.054 -6"><span class='ocrx_word' id='word_1_381' title='bbox 226 2619 319 2651; x_wconf 78' lang='grc' dir='ltr'>ζύνως-</span> 
     </span>
    </p>
   </div>
   <div class='ocr_carea' id='block_1_56' title="bbox 262 2668 1011 2709">
    <p class='ocr_par' dir='ltr' id='par_1_56' title="bbox 262 2668 1011 2709">
     <span class='ocr_line' id='line_1_56' title="bbox 262 2668 1011 2709; baseline 0.011 -16"><span class='ocrx_word' id='word_1_382' title='bbox 262 2676 272 2692; x_wconf 71' lang='grc' dir='ltr'><strong>ι</strong></span> <span class='ocrx_word' id='word_1_383' title='bbox 294 2668 348 2694; x_wconf 75' lang='grc' dir='ltr'><strong>Καὶ</strong></span> <span class='ocrx_word' id='word_1_384' title='bbox 363 2669 406 2701; x_wconf 82' lang='grc' dir='ltr'><strong>τίς</strong></span> <span class='ocrx_word' id='word_1_385' title='bbox 422 2671 436 2696; x_wconf 82' lang='grc' dir='ltr'>ὁ</span> <span class='ocrx_word' id='word_1_386' title='bbox 450 2670 604 2706; x_wconf 83' lang='grc' dir='ltr'>εὐφραίνων</span> <span class='ocrx_word' id='word_1_387' title='bbox 619 2680 663 2706; x_wconf 84' lang='grc' dir='ltr'><strong>με,</strong></span> <span class='ocrx_word' id='word_1_388' title='bbox 678 2673 702 2699; x_wconf 82' lang='grc' dir='ltr'><strong>εί</strong></span> <span class='ocrx_word' id='word_1_389' title='bbox 719 2673 756 2707; x_wconf 85' lang='grc' dir='ltr'>μὴ</span> <span class='ocrx_word' id='word_1_390' title='bbox 772 2673 785 2698; x_wconf 86' lang='grc' dir='ltr'>ὁ</span> <span class='ocrx_word' id='word_1_391' title='bbox 800 2672 969 2709; x_wconf 81' lang='grc' dir='ltr'>λυπούμενος</span> <span class='ocrx_word' id='word_1_392' title='bbox 982 2676 1011 2709; x_wconf 80' lang='grc' dir='ltr'>ἐξ</span> 
     </span>
    </p>
   </div>
   <div class='ocr_carea' id='block_1_57' title="bbox 223 2712 327 2748">
    <p class='ocr_par' dir='ltr' id='par_1_57' title="bbox 223 2712 327 2748">
     <span class='ocr_line' id='line_1_57' title="bbox 223 2712 327 2748; baseline 0 -8"><span class='ocrx_word' id='word_1_393' title='bbox 223 2712 304 2748; x_wconf 56' lang='lat' dir='ltr'><strong>cum”);</strong></span> <span class='ocrx_word' id='word_1_394' title='bbox 317 2724 327 2740; x_wconf 67' lang='grc' dir='ltr'><strong>ι</strong></span> 
     </span>
    </p>
   </div>
   <div class='ocr_carea' id='block_1_58' title="bbox 258 2761 1011 2805">
    <p class='ocr_par' dir='ltr' id='par_1_58' title="bbox 258 2761 1011 2805">
     <span class='ocr_line' id='line_1_58' title="bbox 258 2761 1011 2805; baseline 0.016 -18"><span class='ocrx_word' id='word_1_395' title='bbox 258 2761 288 2787; x_wconf 75' lang='lat' dir='ltr'><strong>Et</strong></span> <span class='ocrx_word' id='word_1_396' title='bbox 304 2763 351 2789; x_wconf 75' lang='grc' dir='ltr'>καὶ</span> <span class='ocrx_word' id='word_1_397' title='bbox 367 2764 396 2789; x_wconf 82' lang='grc' dir='ltr'>ὲν</span> <span class='ocrx_word' id='word_1_398' title='bbox 413 2764 495 2800; x_wconf 78' lang='grc' dir='ltr'>λύπῃ,</span> <span class='ocrx_word' id='word_1_399' title='bbox 513 2766 607 2802; x_wconf 72' lang='grc' dir='ltr'>φησὶν,</span> <span class='ocrx_word' id='word_1_400' title='bbox 624 2767 737 2801; x_wconf 77' lang='grc' dir='ltr'>ἔμελλον</span> <span class='ocrx_word' id='word_1_401' title='bbox 752 2768 832 2801; x_wconf 78' lang='grc' dir='ltr'>εἶναι,</span> <span class='ocrx_word' id='word_1_402' title='bbox 856 2770 1011 2805; x_wconf 85' lang='grc' dir='ltr'>ἀναγκαζό-</span> 
     </span>
    </p>
   </div>
   <div class='ocr_carea' id='block_1_59' title="bbox 223 2809 1010 2851">
    <p class='ocr_par' dir='ltr' id='par_1_59' title="bbox 223 2809 1010 2851">
     <span class='ocr_line' id='line_1_59' title="bbox 223 2809 1010 2851; baseline 0.017 -19"><span class='ocrx_word' id='word_1_403' title='bbox 223 2814 303 2841; x_wconf 80' lang='grc' dir='ltr'>μενος</span> <span class='ocrx_word' id='word_1_404' title='bbox 320 2809 384 2843; x_wconf 84' lang='grc' dir='ltr'><strong>ὑμῖν</strong></span> <span class='ocrx_word' id='word_1_405' title='bbox 415 2811 545 2846; x_wconf 78' lang='grc' dir='ltr'>ἐπιτιμᾷν</span> <span class='ocrx_word' id='word_1_406' title='bbox 573 2814 702 2849; x_wconf 75' lang='grc' dir='ltr'>κα“ι.ὁρᾷν</span> <span class='ocrx_word' id='word_1_407' title='bbox 724 2815 922 2851; x_wconf 80' lang='grc' dir='ltr'>λυπουμένους,</span> <span class='ocrx_word' id='word_1_408' title='bbox 953 2819 1010 2846; x_wconf 79' lang='grc' dir='ltr'>ἀλλ’</span> 
     </span>
    </p>
   </div>
   <div class='ocr_carea' id='block_1_60' title="bbox 221 2852 1010 2902">
    <p class='ocr_par' dir='ltr' id='par_1_60' title="bbox 221 2852 1010 2902">
     <span class='ocr_line' id='line_1_60' title="bbox 221 2852 1010 2902; baseline 0.013 -23"><span class='ocrx_word' id='word_1_409' title='bbox 221 2852 295 2887; x_wconf 80' lang='grc' dir='ltr'>ὅμως</span> <span class='ocrx_word' id='word_1_410' title='bbox 307 2855 353 2882; x_wconf 72' lang='grc' dir='ltr'><strong>καὶ</strong></span> <span class='ocrx_word' id='word_1_411' title='bbox 367 2856 401 2881; x_wconf 76' lang='grc' dir='ltr'>δι’</span> <span class='ocrx_word' id='word_1_412' title='bbox 415 2857 479 2883; x_wconf 71' lang='grc' dir='ltr'>αὐτὸ</span> <span class='ocrx_word' id='word_1_413' title='bbox 489 2857 567 2884; x_wconf 65' lang='grc' dir='ltr'>τοῦτο</span> <span class='ocrx_word' id='word_1_414' title='bbox 579 2859 772 2896; x_wconf 60' lang='grc' dir='ltr'>εθφραίνομαι.</span> <span class='ocrx_word' id='word_1_415' title='bbox 793 2863 934 2900; x_wconf 78' lang='grc' dir='ltr'>Μεγίστης</span> <span class='ocrx_word' id='word_1_416' title='bbox 955 2867 1010 2902; x_wconf 69' lang='grc' dir='ltr'><strong>γὰρ</strong></span> 
     </span>
    </p>
   </div>
   <div class='ocr_carea' id='block_1_61' title="bbox 362 2901 679 2937">
    <p class='ocr_par' dir='ltr' id='par_1_61' title="bbox 362 2901 679 2937">
     <span class='ocr_line' id='line_1_61' title="bbox 362 2901 679 2937; baseline 0.019 -6"><span class='ocrx_word' id='word_1_417' title='bbox 362 2901 500 2933; x_wconf 69' lang='grc' dir='ltr'>Ρςιτιιοι.</span> <span class='ocrx_word' id='word_1_418' title='bbox 512 2904 569 2935; x_wconf 83' lang='lat' dir='ltr'><strong>GR.</strong></span> <span class='ocrx_word' id='word_1_419' title='bbox 595 2905 679 2937; x_wconf 78' lang='lat' dir='ltr'><strong>XCV.</strong></span> 
     </span>
    </p>
   </div>
   <div class='ocr_carea' id='block_1_62' title="bbox 1092 247 1881 288">
    <p class='ocr_par' dir='ltr' id='par_1_62' title="bbox 1092 247 1881 288">
     <span class='ocr_line' id='line_1_62' title="bbox 1092 247 1881 288; baseline 0.019 -16"><span class='ocrx_word' id='word_1_420' title='bbox 1092 248 1186 274; x_wconf 89' lang='lat' dir='ltr'><strong>obrcm</strong></span> <span class='ocrx_word' id='word_1_421' title='bbox 1203 248 1272 274; x_wconf 88' lang='lat' dir='ltr'><strong>dicit</strong></span> <span class='ocrx_word' id='word_1_422' title='bbox 1288 257 1295 274; x_wconf 92' lang='lat'>:</span> <span class='ocrx_word' id='word_1_423' title='bbox 1314 247 1414 276; x_wconf 79' lang='lat' dir='ltr'><strong>Fidelis</strong></span> <span class='ocrx_word' id='word_1_424' title='bbox 1428 249 1509 283; x_wconf 83' lang='lat' dir='ltr'><strong>Deus,</strong></span> <span class='ocrx_word' id='word_1_425' title='bbox 1526 251 1551 279; x_wconf 91' lang='lat' dir='ltr'><strong>id</strong></span> <span class='ocrx_word' id='word_1_426' title='bbox 1573 258 1627 284; x_wconf 87' lang='lat' dir='ltr'><strong>est.</strong></span> <span class='ocrx_word' id='word_1_427' title='bbox 1649 262 1743 283; x_wconf 78' lang='lat' dir='ltr'><strong>vcrax.</strong></span> <span class='ocrx_word' id='word_1_428' title='bbox 1760 256 1881 288; x_wconf 76' lang='lat' dir='ltr'><strong>Promde</strong></span> 
     </span>
    </p>
   </div>
   <div class='ocr_carea' id='block_1_63' title="bbox 1092 293 1880 340">
    <p class='ocr_par' dir='ltr' id='par_1_63' title="bbox 1092 293 1880 340">
     <span class='ocr_line' id='line_1_63' title="bbox 1092 293 1880 340; baseline 0.019 -22"><span class='ocrx_word' id='word_1_429' title='bbox 1092 300 1126 319; x_wconf 87' lang='lat' dir='ltr'><strong>ne</strong></span> <span class='ocrx_word' id='word_1_430' title='bbox 1142 293 1190 319; x_wconf 90' lang='lat' dir='ltr'><strong>tibi</strong></span> <span class='ocrx_word' id='word_1_431' title='bbox 1207 299 1336 328; x_wconf 75' lang='lat' dir='ltr'><strong>suspecta</strong></span> <span class='ocrx_word' id='word_1_432' title='bbox 1353 295 1420 329; x_wconf 88' lang='lat' dir='ltr'><strong>sint,</strong></span> <span class='ocrx_word' id='word_1_433' title='bbox 1431 304 1493 331; x_wconf 77' lang='lat' dir='ltr'><strong>qua:</strong></span> <span class='ocrx_word' id='word_1_434' title='bbox 1501 303 1566 326; x_wconf 89' lang='lat' dir='ltr'><strong>sunt</strong></span> <span class='ocrx_word' id='word_1_435' title='bbox 1580 299 1664 328; x_wconf 91' lang='lat' dir='ltr'><strong>illius.</strong></span> <span class='ocrx_word' id='word_1_436' title='bbox 1674 301 1704 329; x_wconf 88' lang='lat' dir='ltr'><strong>lu</strong></span> <span class='ocrx_word' id='word_1_437' title='bbox 1723 303 1766 330; x_wconf 87' lang='lat' dir='ltr'><strong>his</strong></span> <span class='ocrx_word' id='word_1_438' title='bbox 1779 305 1880 340; x_wconf 87' lang='lat' dir='ltr'><strong>quippe</strong></span> 
     </span>
    </p>
   </div>
   <div class='ocr_carea' id='block_1_64' title="bbox 1091 339 1352 368">
    <p class='ocr_par' dir='ltr' id='par_1_64' title="bbox 1091 339 1352 368">
     <span class='ocr_line' id='line_1_64' title="bbox 1091 339 1352 368; baseline 0.011 -3"><span class='ocrx_word' id='word_1_439' title='bbox 1091 339 1159 366; x_wconf 81' lang='lat' dir='ltr'><strong>nihil</strong></span> <span class='ocrx_word' id='word_1_440' title='bbox 1174 343 1216 366; x_wconf 79' lang='lat' dir='ltr'><strong>est</strong></span> <span class='ocrx_word' id='word_1_441' title='bbox 1229 340 1352 368; x_wconf 82' lang='lat' dir='ltr'><strong>humani.</strong></span> 
     </span>
    </p>
   </div>
   <div class='ocr_carea' id='block_1_65' title="bbox 1127 394 1878 443">
    <p class='ocr_par' dir='ltr' id='par_1_65' title="bbox 1127 394 1878 443">
     <span class='ocr_line' id='line_1_65' title="bbox 1127 394 1878 443; baseline 0.02 -22"><span class='ocrx_word' id='word_1_442' title='bbox 1127 394 1210 422; x_wconf 73' lang='lat' dir='ltr'><strong>Vens.</strong></span> <span class='ocrx_word' id='word_1_443' title='bbox 1227 397 1270 424; x_wconf 79' lang='grc'><strong>19.</strong></span> <span class='ocrx_word' id='word_1_444' title='bbox 1291 406 1301 423; x_wconf 74' lang='grc' dir='ltr'><strong>ι</strong></span> <span class='ocrx_word' id='word_1_445' title='bbox 1317 398 1364 425; x_wconf 86' lang='lat' dir='ltr'><strong>Dei</strong></span> <span class='ocrx_word' id='word_1_446' title='bbox 1376 399 1451 427; x_wconf 87' lang='lat' dir='ltr'><strong>enim</strong></span> <span class='ocrx_word' id='word_1_447' title='bbox 1470 400 1557 430; x_wconf 81' lang='lat' dir='ltr'><strong>Filius</strong></span> <span class='ocrx_word' id='word_1_448' title='bbox 1574 403 1654 432; x_wconf 70' lang='lat' dir='ltr'><strong>Iesus</strong></span> <span class='ocrx_word' id='word_1_449' title='bbox 1674 405 1817 440; x_wconf 80' lang='lat' dir='ltr'><strong>Christus,</strong></span> <span class='ocrx_word' id='word_1_450' title='bbox 1829 409 1878 443; x_wconf 79' lang='lat' dir='ltr'><strong>qui</strong></span> 
     </span>
    </p>
   </div>
   <div class='ocr_carea' id='block_1_66' title="bbox 1090 441 1878 484">
    <p class='ocr_par' dir='ltr' id='par_1_66' title="bbox 1090 441 1878 484">
     <span class='ocr_line' id='line_1_66' title="bbox 1090 441 1878 484; baseline 0.019 -17"><span class='ocrx_word' id='word_1_451' title='bbox 1090 441 1118 468; x_wconf 91' lang='lat' dir='ltr'><strong>in</strong></span> <span class='ocrx_word' id='word_1_452' title='bbox 1137 442 1217 469; x_wconf 87' lang='lat' dir='ltr'><strong>vobis</strong></span> <span class='ocrx_word' id='word_1_453' title='bbox 1234 450 1281 477; x_wconf 83' lang='lat' dir='ltr'><strong>per</strong></span> <span class='ocrx_word' id='word_1_454' title='bbox 1293 451 1345 471; x_wconf 87' lang='lat' dir='ltr'><strong>nos</strong></span> <span class='ocrx_word' id='word_1_455' title='bbox 1360 446 1526 479; x_wconf 80' lang='lat' dir='ltr'><strong>praedicatus</strong></span> <span class='ocrx_word' id='word_1_456' title='bbox 1539 453 1592 482; x_wconf 75' lang='lat' dir='ltr'><strong>est,</strong></span> <span class='ocrx_word' id='word_1_457' title='bbox 1614 457 1666 484; x_wconf 86' lang='lat' dir='ltr'><strong>per</strong></span> <span class='ocrx_word' id='word_1_458' title='bbox 1681 460 1726 480; x_wconf 85' lang='lat' dir='ltr'><strong>me</strong></span> <span class='ocrx_word' id='word_1_459' title='bbox 1746 458 1774 481; x_wconf 87' lang='lat' dir='ltr'><strong>et</strong></span> <span class='ocrx_word' id='word_1_460' title='bbox 1788 441 1878 481; x_wconf 65' lang='lat' dir='ltr'><strong>Silva-</strong></span> 
     </span>
    </p>
   </div>
   <div class='ocr_carea' id='block_1_67' title="bbox 1089 488 1778 529">
    <p class='ocr_par' dir='ltr' id='par_1_67' title="bbox 1089 488 1778 529">
     <span class='ocr_line' id='line_1_67' title="bbox 1089 488 1778 529; baseline 0.019 -16"><span class='ocrx_word' id='word_1_461' title='bbox 1089 495 1154 514; x_wconf 90' lang='lat' dir='ltr'><strong>num</strong></span> <span class='ocrx_word' id='word_1_462' title='bbox 1171 492 1198 515; x_wconf 88' lang='lat' dir='ltr'><strong>et</strong></span> <span class='ocrx_word' id='word_1_463' title='bbox 1208 488 1394 523; x_wconf 84' lang='lat' dir='ltr'><strong>Timotheum,</strong></span> <span class='ocrx_word' id='word_1_464' title='bbox 1410 499 1466 520; x_wconf 92' lang='lat' dir='ltr'><strong>non</strong></span> <span class='ocrx_word' id='word_1_465' title='bbox 1494 493 1558 527; x_wconf 81' lang='lat' dir='ltr'><strong>fuit,</strong></span> <span class='ocrx_word' id='word_1_466' title='bbox 1571 499 1621 528; x_wconf 72' lang='lat' dir='ltr'><strong>est,</strong></span> <span class='ocrx_word' id='word_1_467' title='bbox 1638 501 1675 529; x_wconf 88' lang='lat' dir='ltr'><strong>et,</strong></span> <span class='ocrx_word' id='word_1_468' title='bbox 1691 505 1754 526; x_wconf 80' lang='lat' dir='ltr'><strong>non.</strong></span> <span class='ocrx_word' id='word_1_469' title='bbox 1768 508 1778 525; x_wconf 75' lang='grc' dir='ltr'><strong>ι</strong></span> 
     </span>
    </p>
   </div>
   <div class='ocr_carea' id='block_1_68' title="bbox 1124 545 1878 592">
    <p class='ocr_par' dir='ltr' id='par_1_68' title="bbox 1124 545 1878 592">
     <span class='ocr_line' id='line_1_68' title="bbox 1124 545 1878 592; baseline 0.02 -21"><span class='ocrx_word' id='word_1_470' title='bbox 1124 545 1194 578; x_wconf 81' lang='lat' dir='ltr'><strong>Quia</strong></span> <span class='ocrx_word' id='word_1_471' title='bbox 1222 554 1368 575; x_wconf 80' lang='lat' dir='ltr'><strong>sermonem</strong></span> <span class='ocrx_word' id='word_1_472' title='bbox 1390 550 1554 585; x_wconf 86' lang='lat' dir='ltr'><strong>nominavit,</strong></span> <span class='ocrx_word' id='word_1_473' title='bbox 1575 552 1661 581; x_wconf 81' lang='lat' dir='ltr'><strong>infert</strong></span> <span class='ocrx_word' id='word_1_474' title='bbox 1677 555 1758 583; x_wconf 91' lang='lat' dir='ltr'><strong>modo</strong></span> <span class='ocrx_word' id='word_1_475' title='bbox 1770 557 1804 585; x_wconf 88' lang='lat' dir='ltr'><strong>de</strong></span> <span class='ocrx_word' id='word_1_476' title='bbox 1822 566 1878 592; x_wconf 91' lang='lat' dir='ltr'><strong>quo</strong></span> 
     </span>
    </p>
   </div>
   <div class='ocr_carea' id='block_1_69' title="bbox 1088 592 1875 637">
    <p class='ocr_par' dir='ltr' id='par_1_69' title="bbox 1088 592 1875 637">
     <span class='ocr_line' id='line_1_69' title="bbox 1088 592 1875 637; baseline 0.018 -20"><span class='ocrx_word' id='word_1_477' title='bbox 1088 597 1214 619; x_wconf 84' lang='lat' dir='ltr'><strong>sermone</strong></span> <span class='ocrx_word' id='word_1_478' title='bbox 1235 592 1320 621; x_wconf 87' lang='lat' dir='ltr'><strong>dicat.</strong></span> <span class='ocrx_word' id='word_1_479' title='bbox 1349 594 1407 622; x_wconf 84' lang='lat' dir='ltr'><strong>Hoc</strong></span> <span class='ocrx_word' id='word_1_480' title='bbox 1433 604 1515 631; x_wconf 89' lang='lat' dir='ltr'><strong>porro</strong></span> <span class='ocrx_word' id='word_1_481' title='bbox 1539 598 1685 633; x_wconf 80' lang='lat' dir='ltr'><strong>signiﬁcat,</strong></span> <span class='ocrx_word' id='word_1_482' title='bbox 1700 606 1800 636; x_wconf 81' lang='lat' dir='ltr'><strong>est,et,</strong></span> <span class='ocrx_word' id='word_1_483' title='bbox 1813 611 1875 637; x_wconf 80' lang='lat' dir='ltr'><strong>non,</strong></span> 
     </span>
    </p>
   </div>
   <div class='ocr_carea' id='block_1_70' title="bbox 1087 633 1879 680">
    <p class='ocr_par' dir='ltr' id='par_1_70' title="bbox 1087 633 1879 680">
     <span class='ocr_line' id='line_1_70' title="bbox 1087 633 1879 680; baseline 0.02 -19"><span class='ocrx_word' id='word_1_484' title='bbox 1087 633 1147 662; x_wconf 84' lang='lat' dir='ltr'><strong>Non</strong></span> <span class='ocrx_word' id='word_1_485' title='bbox 1180 638 1275 670; x_wconf 83' lang='lat' dir='ltr'><strong>everti.</strong></span> <span class='ocrx_word' id='word_1_486' title='bbox 1294 639 1393 674; x_wconf 81' lang='lat' dir='ltr'><strong>inquit,</strong></span> <span class='ocrx_word' id='word_1_487' title='bbox 1420 649 1482 675; x_wconf 72' lang='lat' dir='ltr'><strong>quae</strong></span> <span class='ocrx_word' id='word_1_488' title='bbox 1504 644 1621 672; x_wconf 86' lang='lat' dir='ltr'><strong>antehac</strong></span> <span class='ocrx_word' id='word_1_489' title='bbox 1649 633 1823 680; x_wconf 77' lang='lat' dir='ltr'><strong>praedicando</strong></span> <span class='ocrx_word' id='word_1_490' title='bbox 1836 633 1879 676; x_wconf 55' lang='lat' dir='ltr'><strong>di;</strong></span> 
     </span>
    </p>
   </div>
   <div class='ocr_carea' id='block_1_71' title="bbox 1087 683 1876 725">
    <p class='ocr_par' dir='ltr' id='par_1_71' title="bbox 1087 683 1876 725">
     <span class='ocr_line' id='line_1_71' title="bbox 1087 683 1876 725; baseline 0.019 -16"><span class='ocrx_word' id='word_1_491' title='bbox 1087 689 1192 710; x_wconf 82' lang='lat' dir='ltr'><strong>xeram.</strong></span> <span class='ocrx_word' id='word_1_492' title='bbox 1223 683 1317 720; x_wconf 79' lang='lat' dir='ltr'><strong>Neque</strong></span> <span class='ocrx_word' id='word_1_493' title='bbox 1340 694 1414 714; x_wconf 91' lang='lat' dir='ltr'><strong>nunc</strong></span> <span class='ocrx_word' id='word_1_494' title='bbox 1429 689 1539 723; x_wconf 85' lang='lat' dir='ltr'><strong>quidem</strong></span> <span class='ocrx_word' id='word_1_495' title='bbox 1566 691 1651 725; x_wconf 83' lang='lat' dir='ltr'><strong>istud,</strong></span> <span class='ocrx_word' id='word_1_496' title='bbox 1678 694 1759 722; x_wconf 92' lang='lat' dir='ltr'><strong>modo</strong></span> <span class='ocrx_word' id='word_1_497' title='bbox 1784 701 1876 724; x_wconf 86' lang='lat' dir='ltr'><strong>autem</strong></span> 
     </span>
    </p>
   </div>
   <div class='ocr_carea' id='block_1_72' title="bbox 1088 727 1875 774">
    <p class='ocr_par' dir='ltr' id='par_1_72' title="bbox 1088 727 1875 774">
     <span class='ocr_line' id='line_1_72' title="bbox 1088 727 1875 774; baseline 0.02 -21"><span class='ocrx_word' id='word_1_498' title='bbox 1088 727 1162 754; x_wconf 83' lang='lat' dir='ltr'><strong>aliud</strong></span> <span class='ocrx_word' id='word_1_499' title='bbox 1183 729 1261 757; x_wconf 80' lang='lat' dir='ltr'><strong>vobis</strong></span> <span class='ocrx_word' id='word_1_500' title='bbox 1273 738 1334 758; x_wconf 91' lang='lat' dir='ltr'><strong>sum</strong></span> <span class='ocrx_word' id='word_1_501' title='bbox 1347 731 1465 760; x_wconf 83' lang='lat' dir='ltr'><strong>locutus.</strong></span> <span class='ocrx_word' id='word_1_502' title='bbox 1479 733 1536 762; x_wconf 82' lang='lat' dir='ltr'><strong>Hoc</strong></span> <span class='ocrx_word' id='word_1_503' title='bbox 1549 736 1622 763; x_wconf 87' lang='lat' dir='ltr'><strong>enim</strong></span> <span class='ocrx_word' id='word_1_504' title='bbox 1633 736 1694 765; x_wconf 85' lang='lat' dir='ltr'><strong>[idei</strong></span> <span class='ocrx_word' id='word_1_505' title='bbox 1710 746 1765 767; x_wconf 91' lang='lat' dir='ltr'><strong>non</strong></span> <span class='ocrx_word' id='word_1_506' title='bbox 1776 739 1875 774; x_wconf 76' lang='lat' dir='ltr'><strong>fuerit,</strong></span> 
     </span>
    </p>
   </div>
   <div class='ocr_carea' id='block_1_73' title="bbox 1088 772 1420 805">
    <p class='ocr_par' dir='ltr' id='par_1_73' title="bbox 1088 772 1420 805">
     <span class='ocr_line' id='line_1_73' title="bbox 1088 772 1420 805; baseline 0.015 -5"><span class='ocrx_word' id='word_1_507' title='bbox 1088 772 1136 800; x_wconf 82' lang='lat' dir='ltr'><strong>sed</strong></span> <span class='ocrx_word' id='word_1_508' title='bbox 1153 774 1308 804; x_wconf 84' lang='lat' dir='ltr'><strong>oberrantis</strong></span> <span class='ocrx_word' id='word_1_509' title='bbox 1323 777 1420 805; x_wconf 91' lang='lat' dir='ltr'><strong>animi.</strong></span> 
     </span>
    </p>
   </div>
   <div class='ocr_carea' id='block_1_74' title="bbox 1125 830 1483 866">
    <p class='ocr_par' dir='ltr' id='par_1_74' title="bbox 1125 830 1483 866">
     <span class='ocr_line' id='line_1_74' title="bbox 1125 830 1483 866; baseline 0.02 -9"><span class='ocrx_word' id='word_1_510' title='bbox 1125 839 1134 857; x_wconf 86' lang='grc' dir='ltr'><strong>ι</strong></span> <span class='ocrx_word' id='word_1_511' title='bbox 1147 830 1214 865; x_wconf 85' lang='lat' dir='ltr'><strong>Sed,</strong></span> <span class='ocrx_word' id='word_1_512' title='bbox 1228 838 1277 866; x_wconf 78' lang='lat' dir='ltr'><strong>est,</strong></span> <span class='ocrx_word' id='word_1_513' title='bbox 1297 834 1323 861; x_wconf 92' lang='lat' dir='ltr'><strong>iu</strong></span> <span class='ocrx_word' id='word_1_514' title='bbox 1340 842 1373 862; x_wconf 84' lang='lat' dir='ltr'><strong>eo</strong></span> <span class='ocrx_word' id='word_1_515' title='bbox 1390 835 1452 864; x_wconf 80' lang='lat' dir='ltr'><strong>fuit.</strong></span> <span class='ocrx_word' id='word_1_516' title='bbox 1474 846 1483 863; x_wconf 79' lang='grc' dir='ltr'><strong>ι</strong></span> 
     </span>
    </p>
   </div>
   <div class='ocr_carea' id='block_1_75' title="bbox 1117 886 1873 934">
    <p class='ocr_par' dir='ltr' id='par_1_75' title="bbox 1117 886 1873 934">
     <span class='ocr_line' id='line_1_75' title="bbox 1117 886 1873 934; baseline 0.019 -17"><span class='ocrx_word' id='word_1_517' title='bbox 1117 886 1175 918; x_wconf 83' lang='lat' dir='ltr'><strong>Hoc</strong></span> <span class='ocrx_word' id='word_1_518' title='bbox 1200 896 1254 924; x_wconf 88' lang='lat' dir='ltr'><strong>est,</strong></span> <span class='ocrx_word' id='word_1_519' title='bbox 1272 901 1363 922; x_wconf 82' lang='lat' dir='ltr'><strong>sermo</strong></span> <span class='ocrx_word' id='word_1_520' title='bbox 1386 903 1467 930; x_wconf 83' lang='lat' dir='ltr'><strong>quem</strong></span> <span class='ocrx_word' id='word_1_521' title='bbox 1500 900 1690 934; x_wconf 86' lang='lat' dir='ltr'><strong>pronuntiavi,</strong></span> <span class='ocrx_word' id='word_1_522' title='bbox 1721 901 1873 931; x_wconf 80' lang='lat' dir='ltr'><strong>immobilis</strong></span> 
     </span>
    </p>
   </div>
   <div class='ocr_carea' id='block_1_76' title="bbox 1083 936 1332 968">
    <p class='ocr_par' dir='ltr' id='par_1_76' title="bbox 1083 936 1332 968">
     <span class='ocr_line' id='line_1_76' title="bbox 1083 936 1332 968; baseline 0.024 -6"><span class='ocrx_word' id='word_1_523' title='bbox 1083 939 1111 963; x_wconf 90' lang='lat' dir='ltr'><strong>et</strong></span> <span class='ocrx_word' id='word_1_524' title='bbox 1123 936 1219 965; x_wconf 84' lang='lat' dir='ltr'><strong>ﬁrmus</strong></span> <span class='ocrx_word' id='word_1_525' title='bbox 1230 946 1332 968; x_wconf 90' lang='lat' dir='ltr'><strong>manet.</strong></span> 
     </span>
    </p>
   </div>
   <div class='ocr_carea' id='block_1_77' title="bbox 1118 991 1872 1038">
    <p class='ocr_par' dir='ltr' id='par_1_77' title="bbox 1118 991 1872 1038">
     <span class='ocr_line' id='line_1_77' title="bbox 1118 991 1872 1038; baseline 0.021 -19"><span class='ocrx_word' id='word_1_526' title='bbox 1118 991 1202 1021; x_wconf 71' lang='lat' dir='ltr'><strong>Vens.</strong></span> <span class='ocrx_word' id='word_1_527' title='bbox 1222 994 1267 1022; x_wconf 77' lang='lat'><strong>20.</strong></span> <span class='ocrx_word' id='word_1_528' title='bbox 1296 1005 1305 1022; x_wconf 82' lang='grc' dir='ltr'><strong>ι</strong></span> <span class='ocrx_word' id='word_1_529' title='bbox 1323 995 1462 1033; x_wconf 83' lang='lat' dir='ltr'><strong>Quotquot</strong></span> <span class='ocrx_word' id='word_1_530' title='bbox 1485 1000 1558 1027; x_wconf 90' lang='lat' dir='ltr'><strong>enim</strong></span> <span class='ocrx_word' id='word_1_531' title='bbox 1578 1005 1643 1029; x_wconf 87' lang='lat' dir='ltr'><strong>sunt</strong></span> <span class='ocrx_word' id='word_1_532' title='bbox 1670 1005 1872 1038; x_wconf 80' lang='lat' dir='ltr'><strong>promissiones</strong></span> 
     </span>
    </p>
   </div>
   <div class='ocr_carea' id='block_1_78' title="bbox 1082 1036 1871 1086">
    <p class='ocr_par' dir='ltr' id='par_1_78' title="bbox 1082 1036 1871 1086">
     <span class='ocr_line' id='line_1_78' title="bbox 1082 1036 1871 1086; baseline 0.02 -21"><span class='ocrx_word' id='word_1_533' title='bbox 1082 1036 1142 1072; x_wconf 86' lang='lat' dir='ltr'><strong>Dei,</strong></span> <span class='ocrx_word' id='word_1_534' title='bbox 1155 1045 1222 1068; x_wconf 87' lang='lat' dir='ltr'><strong>sunt</strong></span> <span class='ocrx_word' id='word_1_535' title='bbox 1237 1041 1266 1068; x_wconf 91' lang='lat' dir='ltr'><strong>in</strong></span> <span class='ocrx_word' id='word_1_536' title='bbox 1283 1042 1331 1070; x_wconf 94' lang='lat' dir='ltr'><strong>illo</strong></span> <span class='ocrx_word' id='word_1_537' title='bbox 1340 1048 1392 1072; x_wconf 72' lang='lat' dir='ltr'><strong>est.</strong></span> <span class='ocrx_word' id='word_1_538' title='bbox 1407 1045 1470 1073; x_wconf 82' lang='lat' dir='ltr'><strong>Ideo</strong></span> <span class='ocrx_word' id='word_1_539' title='bbox 1478 1051 1505 1073; x_wconf 88' lang='lat' dir='ltr'><strong>et</strong></span> <span class='ocrx_word' id='word_1_540' title='bbox 1520 1055 1570 1081; x_wconf 84' lang='lat' dir='ltr'><strong>per</strong></span> <span class='ocrx_word' id='word_1_541' title='bbox 1581 1036 1683 1083; x_wconf 55' lang='lat' dir='ltr'><strong>ipsum,</strong></span> <span class='ocrx_word' id='word_1_542' title='bbox 1698 1051 1798 1086; x_wconf 81' lang='lat' dir='ltr'><strong>Amen,</strong></span> <span class='ocrx_word' id='word_1_543' title='bbox 1812 1052 1871 1081; x_wconf 86' lang='lat' dir='ltr'><strong>Deo</strong></span> 
     </span>
    </p>
   </div>
   <div class='ocr_carea' id='block_1_79' title="bbox 1082 1083 1412 1121">
    <p class='ocr_par' dir='ltr' id='par_1_79' title="bbox 1082 1083 1412 1121">
     <span class='ocr_line' id='line_1_79' title="bbox 1082 1083 1412 1121; baseline 0.021 -12"><span class='ocrx_word' id='word_1_544' title='bbox 1082 1083 1115 1110; x_wconf 83' lang='lat' dir='ltr'><strong>ad</strong></span> <span class='ocrx_word' id='word_1_545' title='bbox 1125 1084 1239 1119; x_wconf 71' lang='lat' dir='ltr'><strong>gloriam</strong></span> <span class='ocrx_word' id='word_1_546' title='bbox 1256 1094 1305 1121; x_wconf 86' lang='lat' dir='ltr'><strong>per</strong></span> <span class='ocrx_word' id='word_1_547' title='bbox 1324 1096 1386 1120; x_wconf 76' lang='lat' dir='ltr'><strong>nos,</strong></span> <span class='ocrx_word' id='word_1_548' title='bbox 1402 1099 1412 1115; x_wconf 81' lang='grc' dir='ltr'><strong>ι</strong></span> 
     </span>
    </p>
   </div>
   <div class='ocr_carea' id='block_1_80' title="bbox 1116 1140 1869 1191">
    <p class='ocr_par' dir='ltr' id='par_1_80' title="bbox 1116 1140 1869 1191">
     <span class='ocr_line' id='line_1_80' title="bbox 1116 1140 1869 1191; baseline 0.021 -23"><span class='ocrx_word' id='word_1_549' title='bbox 1116 1140 1164 1169; x_wconf 83' lang='lat' dir='ltr'><strong>Sic</strong></span> <span class='ocrx_word' id='word_1_550' title='bbox 1192 1143 1325 1178; x_wconf 65' lang='lat' dir='ltr'><strong>loquitur,</strong></span> <span class='ocrx_word' id='word_1_551' title='bbox 1346 1153 1379 1174; x_wconf 88' lang='lat' dir='ltr'><strong>eo</strong></span> <span class='ocrx_word' id='word_1_552' title='bbox 1398 1147 1473 1182; x_wconf 80' lang='lat' dir='ltr'><strong>quod</strong></span> <span class='ocrx_word' id='word_1_553' title='bbox 1490 1149 1690 1183; x_wconf 66' lang='lat' dir='ltr'><strong>praedicatione</strong></span> <span class='ocrx_word' id='word_1_554' title='bbox 1707 1154 1793 1182; x_wconf 72' lang='lat' dir='ltr'><strong>multa</strong></span> <span class='ocrx_word' id='word_1_555' title='bbox 1805 1163 1869 1191; x_wconf 61' lang='lat' dir='ltr'><strong>pro»</strong></span> 
     </span>
    </p>
   </div>
   <div class='ocr_carea' id='block_1_81' title="bbox 1080 1189 1870 1234">
    <p class='ocr_par' dir='ltr' id='par_1_81' title="bbox 1080 1189 1870 1234">
     <span class='ocr_line' id='line_1_81' title="bbox 1080 1189 1870 1234; baseline 0.02 -19"><span class='ocrx_word' id='word_1_556' title='bbox 1080 1189 1268 1224; x_wconf 87' lang='lat' dir='ltr'><strong>mitterentur,</strong></span> <span class='ocrx_word' id='word_1_557' title='bbox 1297 1196 1325 1220; x_wconf 86' lang='lat' dir='ltr'><strong>et</strong></span> <span class='ocrx_word' id='word_1_558' title='bbox 1342 1194 1459 1228; x_wconf 81' lang='lat' dir='ltr'><strong>apostoli</strong></span> <span class='ocrx_word' id='word_1_559' title='bbox 1476 1197 1563 1224; x_wconf 85' lang='lat' dir='ltr'><strong>multa</strong></span> <span class='ocrx_word' id='word_1_560' title='bbox 1583 1197 1646 1230; x_wconf 68' lang='lat' dir='ltr'><strong>haec</strong></span> <span class='ocrx_word' id='word_1_561' title='bbox 1672 1189 1870 1234; x_wconf 83' lang='lat' dir='ltr'><strong>pollicerentur</strong></span> 
     </span>
    </p>
   </div>
   <div class='ocr_carea' id='block_1_82' title="bbox 1079 1237 1869 1278">
    <p class='ocr_par' dir='ltr' id='par_1_82' title="bbox 1079 1237 1869 1278">
     <span class='ocr_line' id='line_1_82' title="bbox 1079 1237 1869 1278; baseline 0.022 -17"><span class='ocrx_word' id='word_1_562' title='bbox 1079 1239 1108 1262; x_wconf 90' lang='lat' dir='ltr'><strong>et</strong></span> <span class='ocrx_word' id='word_1_563' title='bbox 1122 1237 1331 1265; x_wconf 83' lang='lat' dir='ltr'><strong>annuntiarent.</strong></span> <span class='ocrx_word' id='word_1_564' title='bbox 1358 1239 1426 1266; x_wconf 88' lang='lat' dir='ltr'><strong>Nam</strong></span> <span class='ocrx_word' id='word_1_565' title='bbox 1457 1242 1527 1269; x_wconf 87' lang='lat' dir='ltr'><strong>etde</strong></span> <span class='ocrx_word' id='word_1_566' title='bbox 1551 1246 1756 1275; x_wconf 79' lang='lat' dir='ltr'><strong>resurrectione</strong></span> <span class='ocrx_word' id='word_1_567' title='bbox 1775 1248 1869 1278; x_wconf 84' lang='lat' dir='ltr'><strong>disse-</strong></span> 
     </span>
    </p>
   </div>
   <div class='ocr_carea' id='block_1_83' title="bbox 1078 1285 1868 1328">
    <p class='ocr_par' dir='ltr' id='par_1_83' title="bbox 1078 1285 1868 1328">
     <span class='ocr_line' id='line_1_83' title="bbox 1078 1285 1868 1328; baseline 0.019 -20"><span class='ocrx_word' id='word_1_568' title='bbox 1078 1286 1201 1316; x_wconf 85' lang='lat' dir='ltr'><strong>ruerant,</strong></span> <span class='ocrx_word' id='word_1_569' title='bbox 1215 1290 1322 1311; x_wconf 87' lang='lat' dir='ltr'><strong>necnon</strong></span> <span class='ocrx_word' id='word_1_570' title='bbox 1344 1285 1379 1312; x_wconf 90' lang='lat' dir='ltr'><strong>de</strong></span> <span class='ocrx_word' id='word_1_571' title='bbox 1396 1288 1596 1322; x_wconf 70' lang='lat' dir='ltr'><strong>assumptione,</strong></span> <span class='ocrx_word' id='word_1_572' title='bbox 1609 1292 1637 1317; x_wconf 88' lang='lat' dir='ltr'><strong>et</strong></span> <span class='ocrx_word' id='word_1_573' title='bbox 1651 1291 1868 1328; x_wconf 79' lang='lat' dir='ltr'><strong>immortalitate,</strong></span> 
     </span>
    </p>
   </div>
   <div class='ocr_carea' id='block_1_84' title="bbox 1078 1327 1865 1371">
    <p class='ocr_par' dir='ltr' id='par_1_84' title="bbox 1078 1327 1865 1371">
     <span class='ocr_line' id='line_1_84' title="bbox 1078 1327 1865 1371; baseline 0.02 -17"><span class='ocrx_word' id='word_1_574' title='bbox 1078 1327 1112 1355; x_wconf 91' lang='lat' dir='ltr'><strong>de</strong></span> <span class='ocrx_word' id='word_1_575' title='bbox 1130 1328 1293 1364; x_wconf 78' lang='lat' dir='ltr'><strong>ingentibus</strong></span> <span class='ocrx_word' id='word_1_576' title='bbox 1320 1333 1450 1366; x_wconf 78' lang='lat' dir='ltr'><strong>praemiis,</strong></span> <span class='ocrx_word' id='word_1_577' title='bbox 1468 1335 1539 1362; x_wconf 86' lang='lat' dir='ltr'><strong>etde</strong></span> <span class='ocrx_word' id='word_1_578' title='bbox 1566 1338 1675 1366; x_wconf 85' lang='lat' dir='ltr'><strong>arcanis</strong></span> <span class='ocrx_word' id='word_1_579' title='bbox 1703 1339 1758 1368; x_wconf 81' lang='lat' dir='ltr'><strong>illis</strong></span> <span class='ocrx_word' id='word_1_580' title='bbox 1773 1327 1865 1371; x_wconf 58' lang='lat' dir='ltr'><strong>bonis.</strong></span> 
     </span>
    </p>
   </div>
   <div class='ocr_carea' id='block_1_85' title="bbox 1077 1372 1864 1415">
    <p class='ocr_par' dir='ltr' id='par_1_85' title="bbox 1077 1372 1864 1415">
     <span class='ocr_line' id='line_1_85' title="bbox 1077 1372 1864 1415; baseline 0.02 -16"><span class='ocrx_word' id='word_1_581' title='bbox 1077 1372 1134 1401; x_wconf 81' lang='lat' dir='ltr'><strong>Has</strong></span> <span class='ocrx_word' id='word_1_582' title='bbox 1166 1382 1251 1409; x_wconf 78' lang='lat' dir='ltr'><strong>porro</strong></span> <span class='ocrx_word' id='word_1_583' title='bbox 1276 1377 1491 1410; x_wconf 84' lang='lat' dir='ltr'><strong>pollicitationes</strong></span> <span class='ocrx_word' id='word_1_584' title='bbox 1516 1388 1628 1410; x_wconf 86' lang='lat' dir='ltr'><strong>manere</strong></span> <span class='ocrx_word' id='word_1_585' title='bbox 1643 1383 1770 1413; x_wconf 88' lang='lat' dir='ltr'><strong>immotas</strong></span> <span class='ocrx_word' id='word_1_586' title='bbox 1785 1387 1864 1415; x_wconf 88' lang='lat' dir='ltr'><strong>dicit.</strong></span> 
     </span>
    </p>
   </div>
   <div class='ocr_carea' id='block_1_86' title="bbox 1076 1417 1854 1466">
    <p class='ocr_par' dir='ltr' id='par_1_86' title="bbox 1076 1417 1854 1466">
     <span class='ocr_line' id='line_1_86' title="bbox 1076 1417 1854 1466; baseline 0.019 -21"><span class='ocrx_word' id='word_1_587' title='bbox 1076 1417 1137 1446; x_wconf 89' lang='lat' dir='ltr'><strong>Non</strong></span> <span class='ocrx_word' id='word_1_588' title='bbox 1156 1419 1230 1447; x_wconf 87' lang='lat' dir='ltr'><strong>enim</strong></span> <span class='ocrx_word' id='word_1_589' title='bbox 1244 1419 1296 1448; x_wconf 83' lang='lat' dir='ltr'><strong>fuit</strong></span> <span class='ocrx_word' id='word_1_590' title='bbox 1315 1422 1343 1449; x_wconf 88' lang='lat' dir='ltr'><strong>in</strong></span> <span class='ocrx_word' id='word_1_591' title='bbox 1359 1423 1410 1456; x_wconf 88' lang='lat' dir='ltr'><strong>eis,</strong></span> <span class='ocrx_word' id='word_1_592' title='bbox 1422 1429 1476 1458; x_wconf 60' lang='lat' dir='ltr'><strong>est,</strong></span> <span class='ocrx_word' id='word_1_593' title='bbox 1491 1430 1529 1457; x_wconf 82' lang='lat' dir='ltr'><strong>et,</strong></span> <span class='ocrx_word' id='word_1_594' title='bbox 1545 1434 1616 1459; x_wconf 86' lang='lat' dir='ltr'><strong>non;</strong></span> <span class='ocrx_word' id='word_1_595' title='bbox 1639 1431 1670 1455; x_wconf 68' lang='lat' dir='ltr'><strong>ut</strong></span> <span class='ocrx_word' id='word_1_596' title='bbox 1685 1430 1854 1466; x_wconf 82' lang='lat' dir='ltr'><strong>quandoque</strong></span> 
     </span>
    </p>
   </div>
   <div class='ocr_carea' id='block_1_87' title="bbox 1076 1464 1865 1513">
    <p class='ocr_par' dir='ltr' id='par_1_87' title="bbox 1076 1464 1865 1513">
     <span class='ocr_line' id='line_1_87' title="bbox 1076 1464 1865 1513; baseline 0.022 -23"><span class='ocrx_word' id='word_1_597' title='bbox 1076 1471 1142 1491; x_wconf 82' lang='lat' dir='ltr'><strong>vera</strong></span> <span class='ocrx_word' id='word_1_598' title='bbox 1157 1464 1261 1493; x_wconf 79' lang='lat' dir='ltr'><strong>fuerim</strong></span> <span class='ocrx_word' id='word_1_599' title='bbox 1275 1474 1335 1501; x_wconf 73' lang='lat' dir='ltr'><strong>quas</strong></span> <span class='ocrx_word' id='word_1_600' title='bbox 1355 1467 1531 1504; x_wconf 65' lang='lat' dir='ltr'><strong>dicebantur,</strong></span> <span class='ocrx_word' id='word_1_601' title='bbox 1555 1476 1582 1499; x_wconf 87' lang='lat' dir='ltr'><strong>et</strong></span> <span class='ocrx_word' id='word_1_602' title='bbox 1599 1475 1765 1511; x_wconf 83' lang='lat' dir='ltr'><strong>quandoque</strong></span> <span class='ocrx_word' id='word_1_603' title='bbox 1783 1464 1865 1513; x_wconf 74' lang='lat' dir='ltr'><strong>faisa,</strong></span> 
     </span>
    </p>
   </div>
   <div class='ocr_carea' id='block_1_88' title="bbox 1077 1510 1866 1560">
    <p class='ocr_par' dir='ltr' id='par_1_88' title="bbox 1077 1510 1866 1560">
     <span class='ocr_line' id='line_1_88' title="bbox 1077 1510 1866 1560; baseline 0.02 -24"><span class='ocrx_word' id='word_1_604' title='bbox 1077 1510 1310 1544; x_wconf 87' lang='lat' dir='ltr'><strong>quemadmodum</strong></span> <span class='ocrx_word' id='word_1_605' title='bbox 1330 1513 1464 1542; x_wconf 80' lang='lat' dir='ltr'><strong>adventus</strong></span> <span class='ocrx_word' id='word_1_606' title='bbox 1483 1523 1578 1552; x_wconf 77' lang='lat' dir='ltr'><strong>meus;</strong></span> <span class='ocrx_word' id='word_1_607' title='bbox 1602 1520 1651 1547; x_wconf 86' lang='lat' dir='ltr'><strong>sed</strong></span> <span class='ocrx_word' id='word_1_608' title='bbox 1671 1510 1735 1549; x_wconf 69' lang='lat' dir='ltr'><strong>vera</strong></span> <span class='ocrx_word' id='word_1_609' title='bbox 1754 1531 1866 1560; x_wconf 79' lang='lat' dir='ltr'><strong>semper</strong></span> 
     </span>
    </p>
   </div>
   <div class='ocr_carea' id='block_1_89' title="bbox 1037 1552 1221 1586">
    <p class='ocr_par' dir='ltr' id='par_1_89' title="bbox 1037 1552 1221 1586">
     <span class='ocr_line' id='line_1_89' title="bbox 1037 1552 1221 1586; baseline 0.027 -5"><span class='ocrx_word' id='word_1_610' title='bbox 1037 1552 1059 1581; x_wconf 84' lang='lat' dir='ltr'><strong><em>C</em></strong></span> <span class='ocrx_word' id='word_1_611' title='bbox 1079 1557 1221 1586; x_wconf 53' lang='lat' dir='ltr'><strong>exstiteret</strong></span> 
     </span>
    </p>
   </div>
   <div class='ocr_carea' id='block_1_90' title="bbox 1114 1601 1866 1648">
    <p class='ocr_par' dir='ltr' id='par_1_90' title="bbox 1114 1601 1866 1648">
     <span class='ocr_line' id='line_1_90' title="bbox 1114 1601 1866 1648; baseline 0.021 -20"><span class='ocrx_word' id='word_1_612' title='bbox 1114 1601 1192 1637; x_wconf 67' lang='lat'><strong>127</strong></span> <span class='ocrx_word' id='word_1_613' title='bbox 1212 1602 1290 1636; x_wconf 86' lang='lat' dir='ltr'><strong>Quod</strong></span> <span class='ocrx_word' id='word_1_614' title='bbox 1309 1605 1332 1633; x_wconf 83' lang='lat' dir='ltr'><strong>si</strong></span> <span class='ocrx_word' id='word_1_615' title='bbox 1349 1606 1428 1634; x_wconf 81' lang='lat' dir='ltr'><strong>ﬁrma</strong></span> <span class='ocrx_word' id='word_1_616' title='bbox 1444 1612 1528 1641; x_wconf 88' lang='lat' dir='ltr'><strong>sunt,</strong></span> <span class='ocrx_word' id='word_1_617' title='bbox 1543 1617 1604 1644; x_wconf 70' lang='lat' dir='ltr'><strong>qum</strong></span> <span class='ocrx_word' id='word_1_618' title='bbox 1616 1613 1763 1648; x_wconf 86' lang='lat' dir='ltr'><strong>promisit,</strong></span> <span class='ocrx_word' id='word_1_619' title='bbox 1778 1616 1866 1644; x_wconf 84' lang='lat' dir='ltr'><strong>multo</strong></span> 
     </span>
    </p>
   </div>
   <div class='ocr_carea' id='block_1_91' title="bbox 1076 1647 1660 1687">
    <p class='ocr_par' dir='ltr' id='par_1_91' title="bbox 1076 1647 1660 1687">
     <span class='ocr_line' id='line_1_91' title="bbox 1076 1647 1660 1687; baseline 0.021 -15"><span class='ocrx_word' id='word_1_620' title='bbox 1076 1647 1164 1680; x_wconf 78' lang='lat' dir='ltr'><strong>magis</strong></span> <span class='ocrx_word' id='word_1_621' title='bbox 1182 1648 1260 1682; x_wconf 83' lang='lat' dir='ltr'><strong>ipse,</strong></span> <span class='ocrx_word' id='word_1_622' title='bbox 1276 1653 1304 1676; x_wconf 85' lang='lat' dir='ltr'><strong>et</strong></span> <span class='ocrx_word' id='word_1_623' title='bbox 1318 1651 1365 1685; x_wconf 92' lang='lat' dir='ltr'><strong>qui</strong></span> <span class='ocrx_word' id='word_1_624' title='bbox 1383 1651 1417 1679; x_wconf 91' lang='lat' dir='ltr'><strong>de</strong></span> <span class='ocrx_word' id='word_1_625' title='bbox 1433 1653 1494 1687; x_wconf 87' lang='lat' dir='ltr'><strong>ipso</strong></span> <span class='ocrx_word' id='word_1_626' title='bbox 1513 1661 1606 1683; x_wconf 88' lang='lat' dir='ltr'><strong>sermo</strong></span> <span class='ocrx_word' id='word_1_627' title='bbox 1619 1657 1660 1684; x_wconf 80' lang='lat' dir='ltr'><strong>ﬁt.</strong></span> 
     </span>
    </p>
   </div>
   <div class='ocr_carea' id='block_1_92' title="bbox 1110 1690 1865 1738">
    <p class='ocr_par' dir='ltr' id='par_1_92' title="bbox 1110 1690 1865 1738">
     <span class='ocr_line' id='line_1_92' title="bbox 1110 1690 1865 1738; baseline 0.026 -20"><span class='ocrx_word' id='word_1_628' title='bbox 1110 1690 1195 1722; x_wconf 75' lang='lat' dir='ltr'><strong>Vens.</strong></span> <span class='ocrx_word' id='word_1_629' title='bbox 1214 1694 1309 1723; x_wconf 70' lang='lat'><strong>21-23.</strong></span> <span class='ocrx_word' id='word_1_630' title='bbox 1325 1705 1334 1722; x_wconf 76' lang='grc' dir='ltr'><strong>ι</strong></span> <span class='ocrx_word' id='word_1_631' title='bbox 1349 1697 1402 1730; x_wconf 87' lang='lat' dir='ltr'><strong>Qui</strong></span> <span class='ocrx_word' id='word_1_632' title='bbox 1421 1703 1514 1727; x_wconf 84' lang='lat' dir='ltr'><strong>autem</strong></span> <span class='ocrx_word' id='word_1_633' title='bbox 1534 1701 1682 1731; x_wconf 77' lang='lat' dir='ltr'><strong>confirmat</strong></span> <span class='ocrx_word' id='word_1_634' title='bbox 1695 1712 1748 1734; x_wconf 81' lang='lat' dir='ltr'><strong>nos</strong></span> <span class='ocrx_word' id='word_1_635' title='bbox 1770 1709 1865 1738; x_wconf 85' lang='lat' dir='ltr'><strong>vobis-</strong></span> 
     </span>
    </p>
   </div>
   <div class='ocr_carea' id='block_1_93' title="bbox 1075 1740 1864 1792">
    <p class='ocr_par' dir='ltr' id='par_1_93' title="bbox 1075 1740 1864 1792">
     <span class='ocr_line' id='line_1_93' title="bbox 1075 1740 1864 1792; baseline 0.025 -27"><span class='ocrx_word' id='word_1_636' title='bbox 1075 1745 1138 1766; x_wconf 89' lang='lat' dir='ltr'><strong>cum</strong></span> <span class='ocrx_word' id='word_1_637' title='bbox 1163 1740 1192 1767; x_wconf 90' lang='lat' dir='ltr'><strong>in</strong></span> <span class='ocrx_word' id='word_1_638' title='bbox 1217 1741 1346 1775; x_wconf 85' lang='lat' dir='ltr'><strong>Christo,</strong></span> <span class='ocrx_word' id='word_1_639' title='bbox 1364 1749 1392 1771; x_wconf 85' lang='lat' dir='ltr'><strong>et</strong></span> <span class='ocrx_word' id='word_1_640' title='bbox 1411 1747 1459 1780; x_wconf 85' lang='lat' dir='ltr'><strong>qui</strong></span> <span class='ocrx_word' id='word_1_641' title='bbox 1479 1749 1559 1775; x_wconf 84' lang='lat' dir='ltr'><strong>unxit</strong></span> <span class='ocrx_word' id='word_1_642' title='bbox 1583 1758 1634 1779; x_wconf 91' lang='lat' dir='ltr'><strong>nos</strong></span> <span class='ocrx_word' id='word_1_643' title='bbox 1656 1751 1745 1787; x_wconf 87' lang='lat' dir='ltr'><strong>Deus,</strong></span> <span class='ocrx_word' id='word_1_644' title='bbox 1772 1759 1799 1783; x_wconf 91' lang='lat' dir='ltr'><strong>et</strong></span> <span class='ocrx_word' id='word_1_645' title='bbox 1816 1758 1864 1792; x_wconf 92' lang='lat' dir='ltr'><strong>qui</strong></span> 
     </span>
    </p>
   </div>
   <div class='ocr_carea' id='block_1_94' title="bbox 1075 1785 1862 1833">
    <p class='ocr_par' dir='ltr' id='par_1_94' title="bbox 1075 1785 1862 1833">
     <span class='ocr_line' id='line_1_94' title="bbox 1075 1785 1862 1833; baseline 0.025 -22"><span class='ocrx_word' id='word_1_646' title='bbox 1075 1785 1193 1820; x_wconf 77' lang='lat' dir='ltr'><strong>signavit</strong></span> <span class='ocrx_word' id='word_1_647' title='bbox 1211 1795 1279 1821; x_wconf 92' lang='lat' dir='ltr'><strong>nos,</strong></span> <span class='ocrx_word' id='word_1_648' title='bbox 1303 1794 1332 1817; x_wconf 87' lang='lat' dir='ltr'><strong>et</strong></span> <span class='ocrx_word' id='word_1_649' title='bbox 1353 1789 1429 1818; x_wconf 89' lang='lat' dir='ltr'><strong>dedit</strong></span> <span class='ocrx_word' id='word_1_650' title='bbox 1455 1793 1535 1822; x_wconf 81' lang='lat' dir='ltr'><strong>nobis</strong></span> <span class='ocrx_word' id='word_1_651' title='bbox 1561 1797 1661 1831; x_wconf 81' lang='lat' dir='ltr'><strong>pignus</strong></span> <span class='ocrx_word' id='word_1_652' title='bbox 1689 1785 1809 1833; x_wconf 81' lang='lat' dir='ltr'><strong>Spiritus</strong></span> <span class='ocrx_word' id='word_1_653' title='bbox 1824 1785 1862 1831; x_wconf 49' lang='lat' dir='ltr'><strong>lin</strong></span> 
     </span>
    </p>
   </div>
   <div class='ocr_carea' id='block_1_95' title="bbox 1073 1832 1863 1876">
    <p class='ocr_par' dir='ltr' id='par_1_95' title="bbox 1073 1832 1863 1876">
     <span class='ocr_line' id='line_1_95' title="bbox 1073 1832 1863 1876; baseline 0.024 -19"><span class='ocrx_word' id='word_1_654' title='bbox 1073 1832 1206 1860; x_wconf 90' lang='lat' dir='ltr'><strong>cordibus</strong></span> <span class='ocrx_word' id='word_1_655' title='bbox 1223 1836 1338 1864; x_wconf 83' lang='lat' dir='ltr'><strong>nostris.</strong></span> <span class='ocrx_word' id='word_1_656' title='bbox 1356 1836 1413 1873; x_wconf 69' lang='lat' dir='ltr'><strong>Ego</strong></span> <span class='ocrx_word' id='word_1_657' title='bbox 1430 1842 1522 1867; x_wconf 81' lang='lat' dir='ltr'><strong>autem</strong></span> <span class='ocrx_word' id='word_1_658' title='bbox 1539 1844 1636 1870; x_wconf 82' lang='lat' dir='ltr'><strong>testem</strong></span> <span class='ocrx_word' id='word_1_659' title='bbox 1658 1832 1743 1873; x_wconf 76' lang='lat' dir='ltr'><strong>Deum</strong></span> <span class='ocrx_word' id='word_1_660' title='bbox 1763 1847 1863 1876; x_wconf 80' lang='lat' dir='ltr'><strong>invoco</strong></span> 
     </span>
    </p>
   </div>
   <div class='ocr_carea' id='block_1_96' title="bbox 1073 1877 1603 1915">
    <p class='ocr_par' dir='ltr' id='par_1_96' title="bbox 1073 1877 1603 1915">
     <span class='ocr_line' id='line_1_96' title="bbox 1073 1877 1603 1915; baseline 0.023 -12"><span class='ocrx_word' id='word_1_661' title='bbox 1073 1877 1101 1904; x_wconf 94' lang='lat' dir='ltr'><strong>in</strong></span> <span class='ocrx_word' id='word_1_662' title='bbox 1115 1879 1236 1907; x_wconf 86' lang='lat' dir='ltr'><strong>animam</strong></span> <span class='ocrx_word' id='word_1_663' title='bbox 1252 1889 1352 1910; x_wconf 82' lang='lat' dir='ltr'><strong>meam.</strong></span> <span class='ocrx_word' id='word_1_664' title='bbox 1370 1893 1380 1909; x_wconf 74' lang='grc' dir='ltr'><strong>ι</strong></span> <span class='ocrx_word' id='word_1_665' title='bbox 1598 1911 1603 1915; x_wconf 82' lang='grc'><strong>,</strong></span> 
     </span>
    </p>
   </div>
   <div class='ocr_carea' id='block_1_97' title="bbox 1107 1925 1861 1977">
    <p class='ocr_par' dir='ltr' id='par_1_97' title="bbox 1107 1925 1861 1977">
     <span class='ocr_line' id='line_1_97' title="bbox 1107 1925 1861 1977; baseline 0.025 -25"><span class='ocrx_word' id='word_1_666' title='bbox 1107 1925 1166 1954; x_wconf 79' lang='lat' dir='ltr'><strong>Hoc</strong></span> <span class='ocrx_word' id='word_1_667' title='bbox 1181 1932 1240 1961; x_wconf 90' lang='lat' dir='ltr'><strong>est,</strong></span> <span class='ocrx_word' id='word_1_668' title='bbox 1260 1930 1309 1964; x_wconf 92' lang='lat' dir='ltr'><strong>qui</strong></span> <span class='ocrx_word' id='word_1_669' title='bbox 1326 1938 1381 1958; x_wconf 90' lang='lat' dir='ltr'><strong>non</strong></span> <span class='ocrx_word' id='word_1_670' title='bbox 1398 1932 1466 1960; x_wconf 82' lang='lat' dir='ltr'><strong>sinit</strong></span> <span class='ocrx_word' id='word_1_671' title='bbox 1482 1941 1534 1962; x_wconf 84' lang='lat' dir='ltr'><strong>nos</strong></span> <span class='ocrx_word' id='word_1_672' title='bbox 1551 1938 1655 1963; x_wconf 78' lang='lat' dir='ltr'><strong>moveri</strong></span> <span class='ocrx_word' id='word_1_673' title='bbox 1676 1945 1689 1964; x_wconf 66' lang='grc' dir='ltr'>τι</span> <span class='ocrx_word' id='word_1_674' title='bbox 1709 1939 1761 1968; x_wconf 78' lang='lat' dir='ltr'><strong>{ide</strong></span> <span class='ocrx_word' id='word_1_675' title='bbox 1778 1949 1861 1977; x_wconf 86' lang='lat' dir='ltr'><strong>quam</strong></span> 
     </span>
    </p>
   </div>
   <div class='ocr_carea' id='block_1_98' title="bbox 1072 1971 1862 2017">
    <p class='ocr_par' dir='ltr' id='par_1_98' title="bbox 1072 1971 1862 2017">
     <span class='ocr_line' id='line_1_98' title="bbox 1072 1971 1862 2017; baseline 0.022 -19"><span class='ocrx_word' id='word_1_676' title='bbox 1072 1971 1206 2000; x_wconf 86' lang='lat' dir='ltr'><strong>habemus</strong></span> <span class='ocrx_word' id='word_1_677' title='bbox 1224 1974 1252 2001; x_wconf 84' lang='lat' dir='ltr'><strong>in</strong></span> <span class='ocrx_word' id='word_1_678' title='bbox 1267 1974 1407 2003; x_wconf 84' lang='lat' dir='ltr'><strong>Christum</strong></span> <span class='ocrx_word' id='word_1_679' title='bbox 1419 2000 1426 2010; x_wconf 81' lang='lat'><strong>,</strong></span> <span class='ocrx_word' id='word_1_680' title='bbox 1442 1980 1545 2013; x_wconf 84' lang='lat' dir='ltr'><strong>quique</strong></span> <span class='ocrx_word' id='word_1_681' title='bbox 1560 1989 1610 2008; x_wconf 89' lang='lat' dir='ltr'><strong>nos</strong></span> <span class='ocrx_word' id='word_1_682' title='bbox 1629 1984 1724 2017; x_wconf 85' lang='lat' dir='ltr'><strong>unxit,</strong></span> <span class='ocrx_word' id='word_1_683' title='bbox 1743 1990 1770 2013; x_wconf 87' lang='lat' dir='ltr'><strong>et</strong></span> <span class='ocrx_word' id='word_1_684' title='bbox 1785 1971 1862 2015; x_wconf 69' lang='lat' dir='ltr'><strong>dedit</strong></span> 
     </span>
    </p>
   </div>
   <div class='ocr_carea' id='block_1_99' title="bbox 1072 2015 1862 2060">
    <p class='ocr_par' dir='ltr' id='par_1_99' title="bbox 1072 2015 1862 2060">
     <span class='ocr_line' id='line_1_99' title="bbox 1072 2015 1862 2060; baseline 0.022 -17"><span class='ocrx_word' id='word_1_685' title='bbox 1072 2015 1205 2052; x_wconf 87' lang='lat' dir='ltr'><strong>Spiritum</strong></span> <span class='ocrx_word' id='word_1_686' title='bbox 1224 2019 1252 2046; x_wconf 86' lang='lat' dir='ltr'><strong>in</strong></span> <span class='ocrx_word' id='word_1_687' title='bbox 1267 2022 1398 2049; x_wconf 88' lang='lat' dir='ltr'><strong>cordibus</strong></span> <span class='ocrx_word' id='word_1_688' title='bbox 1413 2026 1519 2052; x_wconf 88' lang='lat' dir='ltr'><strong>nostris</strong></span> <span class='ocrx_word' id='word_1_689' title='bbox 1530 2045 1536 2056; x_wconf 91' lang='lat'><strong>,</strong></span> <span class='ocrx_word' id='word_1_690' title='bbox 1556 2028 1694 2060; x_wconf 85' lang='lat' dir='ltr'><strong>quomodo</strong></span> <span class='ocrx_word' id='word_1_691' title='bbox 1708 2015 1762 2057; x_wconf 82' lang='lat' dir='ltr'><strong>non</strong></span> <span class='ocrx_word' id='word_1_692' title='bbox 1781 2032 1862 2060; x_wconf 84' lang='lat' dir='ltr'><strong>daret</strong></span> 
     </span>
    </p>
   </div>
   <div class='ocr_carea' id='block_1_100' title="bbox 1069 2061 1858 2111">
    <p class='ocr_par' dir='ltr' id='par_1_100' title="bbox 1069 2061 1858 2111">
     <span class='ocr_line' id='line_1_100' title="bbox 1069 2061 1858 2111; baseline 0.022 -23"><span class='ocrx_word' id='word_1_693' title='bbox 1069 2061 1164 2089; x_wconf 77' lang='lat' dir='ltr'><strong>futura</strong></span> <span class='ocrx_word' id='word_1_694' title='bbox 1177 2063 1188 2089; x_wconf 72' lang='grc' dir='ltr'><strong><em>Τ</em></strong></span> <span class='ocrx_word' id='word_1_695' title='bbox 1204 2062 1324 2092; x_wconf 88' lang='lat' dir='ltr'><strong>Dicendo</strong></span> <span class='ocrx_word' id='word_1_696' title='bbox 1337 2071 1439 2100; x_wconf 82' lang='lat' dir='ltr'><strong>autem,</strong></span> <span class='ocrx_word' id='word_1_697' title='bbox 1449 2069 1494 2102; x_wconf 84' lang='lat' dir='ltr'><strong>qui</strong></span> <span class='ocrx_word' id='word_1_698' title='bbox 1510 2070 1585 2095; x_wconf 76' lang='lat' dir='ltr'><strong>unin</strong></span> <span class='ocrx_word' id='word_1_699' title='bbox 1596 2089 1603 2103; x_wconf 92' lang='lat'><strong>,</strong></span> <span class='ocrx_word' id='word_1_700' title='bbox 1620 2075 1657 2105; x_wconf 88' lang='lat' dir='ltr'><strong>et,</strong></span> <span class='ocrx_word' id='word_1_701' title='bbox 1671 2074 1715 2107; x_wconf 77' lang='lat' dir='ltr'><strong>qui</strong></span> <span class='ocrx_word' id='word_1_702' title='bbox 1726 2076 1858 2111; x_wconf 75' lang='lat' dir='ltr'><strong>signavit,</strong></span> 
     </span>
    </p>
   </div>
   <div class='ocr_carea' id='block_1_101' title="bbox 1069 2106 1507 2146">
    <p class='ocr_par' dir='ltr' id='par_1_101' title="bbox 1069 2106 1507 2146">
     <span class='ocr_line' id='line_1_101' title="bbox 1069 2106 1507 2146; baseline 0.018 -13"><span class='ocrx_word' id='word_1_703' title='bbox 1069 2106 1172 2134; x_wconf 90' lang='lat' dir='ltr'><strong>donum</strong></span> <span class='ocrx_word' id='word_1_704' title='bbox 1191 2107 1312 2143; x_wconf 85' lang='lat' dir='ltr'><strong>Spiritus</strong></span> <span class='ocrx_word' id='word_1_705' title='bbox 1327 2111 1507 2146; x_wconf 73' lang='lat' dir='ltr'><strong>signiﬁcavit.</strong></span> 
     </span>
    </p>
   </div>
   <div class='ocr_carea' id='block_1_102' title="bbox 1107 2153 1859 2198">
    <p class='ocr_par' dir='ltr' id='par_1_102' title="bbox 1107 2153 1859 2198">
     <span class='ocr_line' id='line_1_102' title="bbox 1107 2153 1859 2198; baseline 0.025 -19"><span class='ocrx_word' id='word_1_706' title='bbox 1107 2162 1117 2179; x_wconf 77' lang='grc' dir='ltr'><strong>ι</strong></span> <span class='ocrx_word' id='word_1_707' title='bbox 1135 2153 1213 2187; x_wconf 82' lang='lat' dir='ltr'><strong>Quod</strong></span> <span class='ocrx_word' id='word_1_708' title='bbox 1232 2163 1348 2190; x_wconf 80' lang='lat' dir='ltr'><strong>parcens</strong></span> <span class='ocrx_word' id='word_1_709' title='bbox 1366 2159 1462 2193; x_wconf 83' lang='lat' dir='ltr'><strong>vobis,</strong></span> <span class='ocrx_word' id='word_1_710' title='bbox 1487 2169 1543 2190; x_wconf 91' lang='lat' dir='ltr'><strong>non</strong></span> <span class='ocrx_word' id='word_1_711' title='bbox 1571 2165 1634 2193; x_wconf 83' lang='lat' dir='ltr'><strong>veni</strong></span> <span class='ocrx_word' id='word_1_712' title='bbox 1659 2167 1731 2195; x_wconf 89' lang='lat' dir='ltr'><strong>ultra</strong></span> <span class='ocrx_word' id='word_1_713' title='bbox 1759 2169 1859 2198; x_wconf 38' lang='lat' dir='ltr'><strong>Corins</strong></span> 
     </span>
    </p>
   </div>
   <div class='ocr_carea' id='block_1_103' title="bbox 1069 2199 1857 2252">
    <p class='ocr_par' dir='ltr' id='par_1_103' title="bbox 1069 2199 1857 2252">
     <span class='ocr_line' id='line_1_103' title="bbox 1069 2199 1857 2252; baseline 0.025 -27"><span class='ocrx_word' id='word_1_714' title='bbox 1069 2199 1146 2226; x_wconf 88' lang='lat' dir='ltr'><strong>thum</strong></span> <span class='ocrx_word' id='word_1_715' title='bbox 1162 2210 1168 2227; x_wconf 91' lang='lat'><strong>:</strong></span> <span class='ocrx_word' id='word_1_716' title='bbox 1184 2208 1237 2228; x_wconf 89' lang='lat' dir='ltr'><strong>non</strong></span> <span class='ocrx_word' id='word_1_717' title='bbox 1250 2203 1314 2236; x_wconf 85' lang='lat' dir='ltr'><strong>quia</strong></span> <span class='ocrx_word' id='word_1_718' title='bbox 1329 2203 1506 2234; x_wconf 72' lang='lat' dir='ltr'><strong>demittantur</strong></span> <span class='ocrx_word' id='word_1_719' title='bbox 1523 2210 1584 2238; x_wconf 81' lang='lat' dir='ltr'><strong>lidei</strong></span> <span class='ocrx_word' id='word_1_720' title='bbox 1599 2218 1715 2246; x_wconf 71' lang='lat' dir='ltr'><strong>vestrae,</strong></span> <span class='ocrx_word' id='word_1_721' title='bbox 1733 2216 1780 2243; x_wconf 86' lang='lat' dir='ltr'><strong>sed</strong></span> <span class='ocrx_word' id='word_1_722' title='bbox 1793 2218 1857 2252; x_wconf 75' lang='lat' dir='ltr'><strong>quia</strong></span> 
     </span>
    </p>
   </div>
   <div class='ocr_carea' id='block_1_104' title="bbox 1072 2244 1856 2291">
    <p class='ocr_par' dir='ltr' id='par_1_104' title="bbox 1072 2244 1856 2291">
     <span class='ocr_line' id='line_1_104' title="bbox 1072 2244 1856 2291; baseline 0.027 -20"><span class='ocrx_word' id='word_1_723' title='bbox 1072 2244 1213 2280; x_wconf 85' lang='lat' dir='ltr'><strong>adjutores</strong></span> <span class='ocrx_word' id='word_1_724' title='bbox 1231 2254 1329 2277; x_wconf 87' lang='lat' dir='ltr'><strong>sumus</strong></span> <span class='ocrx_word' id='word_1_725' title='bbox 1345 2251 1437 2285; x_wconf 79' lang='lat' dir='ltr'><strong>gaudii</strong></span> <span class='ocrx_word' id='word_1_726' title='bbox 1454 2255 1555 2283; x_wconf 84' lang='lat' dir='ltr'><strong>vestri.</strong></span> <span class='ocrx_word' id='word_1_727' title='bbox 1574 2256 1641 2284; x_wconf 89' lang='lat' dir='ltr'><strong>Nam</strong></span> <span class='ocrx_word' id='word_1_728' title='bbox 1660 2244 1713 2287; x_wconf 80' lang='lat' dir='ltr'><strong>[ide</strong></span> <span class='ocrx_word' id='word_1_729' title='bbox 1731 2244 1823 2291; x_wconf 70' lang='lat' dir='ltr'><strong>statis.</strong></span> <span class='ocrx_word' id='word_1_730' title='bbox 1846 2274 1856 2290; x_wconf 76' lang='grc' dir='ltr'><strong>ι</strong></span> 
     </span>
    </p>
   </div>
   <div class='ocr_carea' id='block_1_105' title="bbox 1400 2355 1530 2386">
    <p class='ocr_par' dir='ltr' id='par_1_105' title="bbox 1400 2355 1530 2386">
     <span class='ocr_line' id='line_1_105' title="bbox 1400 2355 1530 2386; baseline 0.031 -4"><span class='ocrx_word' id='word_1_731' title='bbox 1400 2355 1475 2384; x_wconf 83' lang='lat' dir='ltr'><strong>CAP.</strong></span> <span class='ocrx_word' id='word_1_732' title='bbox 1497 2357 1530 2386; x_wconf 84' lang='lat' dir='ltr'><strong>ll.</strong></span> 
     </span>
    </p>
   </div>
   <div class='ocr_carea' id='block_1_106' title="bbox 1105 2402 1853 2456">
    <p class='ocr_par' dir='ltr' id='par_1_106' title="bbox 1105 2402 1853 2456">
     <span class='ocr_line' id='line_1_106' title="bbox 1105 2402 1853 2456; baseline 0.025 -23"><span class='ocrx_word' id='word_1_733' title='bbox 1105 2402 1187 2435; x_wconf 73' lang='lat' dir='ltr'><strong>Vens.</strong></span> <span class='ocrx_word' id='word_1_734' title='bbox 1209 2405 1235 2441; x_wconf 75' lang='grc' dir='ltr'>Ι,</span> <span class='ocrx_word' id='word_1_735' title='bbox 1249 2409 1276 2436; x_wconf 75' lang='lat'><strong>2.</strong></span> <span class='ocrx_word' id='word_1_736' title='bbox 1293 2409 1405 2438; x_wconf 75' lang='lat' dir='ltr'><strong>«Statui</strong></span> <span class='ocrx_word' id='word_1_737' title='bbox 1423 2416 1516 2441; x_wconf 83' lang='lat' dir='ltr'><strong>autem</strong></span> <span class='ocrx_word' id='word_1_738' title='bbox 1534 2416 1585 2444; x_wconf 90' lang='lat' dir='ltr'><strong>hoc</strong></span> <span class='ocrx_word' id='word_1_739' title='bbox 1598 2418 1686 2452; x_wconf 88' lang='lat' dir='ltr'><strong>ipsum</strong></span> <span class='ocrx_word' id='word_1_740' title='bbox 1705 2422 1777 2456; x_wconf 86' lang='lat' dir='ltr'><strong>apud</strong></span> <span class='ocrx_word' id='word_1_741' title='bbox 1793 2431 1853 2456; x_wconf 85' lang='lat' dir='ltr'><strong>me.</strong></span> 
     </span>
    </p>
   </div>
   <div class='ocr_carea' id='block_1_107' title="bbox 1069 2453 1855 2497">
    <p class='ocr_par' dir='ltr' id='par_1_107' title="bbox 1069 2453 1855 2497">
     <span class='ocr_line' id='line_1_107' title="bbox 1069 2453 1855 2497; baseline 0.024 -19"><span class='ocrx_word' id='word_1_742' title='bbox 1069 2459 1104 2479; x_wconf 88' lang='lat' dir='ltr'><strong>ne</strong></span> <span class='ocrx_word' id='word_1_743' title='bbox 1121 2453 1220 2481; x_wconf 89' lang='lat' dir='ltr'><strong>iterum</strong></span> <span class='ocrx_word' id='word_1_744' title='bbox 1240 2455 1268 2482; x_wconf 90' lang='lat' dir='ltr'><strong>in</strong></span> <span class='ocrx_word' id='word_1_745' title='bbox 1286 2455 1401 2484; x_wconf 85' lang='lat' dir='ltr'><strong>tristitia</strong></span> <span class='ocrx_word' id='word_1_746' title='bbox 1429 2460 1552 2488; x_wconf 86' lang='lat' dir='ltr'><strong>venirem</strong></span> <span class='ocrx_word' id='word_1_747' title='bbox 1577 2462 1610 2489; x_wconf 89' lang='lat' dir='ltr'><strong>ad</strong></span> <span class='ocrx_word' id='word_1_748' title='bbox 1635 2472 1695 2492; x_wconf 88' lang='lat' dir='ltr'><strong>vos.</strong></span> <span class='ocrx_word' id='word_1_749' title='bbox 1723 2453 1753 2493; x_wconf 58' lang='lat' dir='ltr'><strong>Si</strong></span> <span class='ocrx_word' id='word_1_750' title='bbox 1781 2469 1855 2497; x_wconf 89' lang='lat' dir='ltr'><strong>enim</strong></span> 
     </span>
    </p>
   </div>
   <div class='ocr_carea' id='block_1_108' title="bbox 1068 2501 1380 2532">
    <p class='ocr_par' dir='ltr' id='par_1_108' title="bbox 1068 2501 1380 2532">
     <span class='ocr_line' id='line_1_108' title="bbox 1068 2501 1380 2532; baseline 0.01 -7"><span class='ocrx_word' id='word_1_751' title='bbox 1068 2506 1118 2532; x_wconf 78' lang='lat' dir='ltr'><strong>ego</strong></span> <span class='ocrx_word' id='word_1_752' title='bbox 1139 2501 1273 2529; x_wconf 83' lang='lat' dir='ltr'><strong>coulristo</strong></span> <span class='ocrx_word' id='word_1_753' title='bbox 1294 2510 1353 2530; x_wconf 86' lang='lat' dir='ltr'><strong>vos.</strong></span> <span class='ocrx_word' id='word_1_754' title='bbox 1372 2513 1380 2528; x_wconf 76' lang='grc' dir='ltr'><strong>ι</strong></span> 
     </span>
    </p>
   </div>
   <div class='ocr_carea' id='block_1_109' title="bbox 1105 2544 1855 2591">
    <p class='ocr_par' dir='ltr' id='par_1_109' title="bbox 1105 2544 1855 2591">
     <span class='ocr_line' id='line_1_109' title="bbox 1105 2544 1855 2591; baseline 0.021 -20"><span class='ocrx_word' id='word_1_755' title='bbox 1105 2544 1197 2573; x_wconf 78' lang='lat' dir='ltr'><strong>Satius</strong></span> <span class='ocrx_word' id='word_1_756' title='bbox 1218 2547 1316 2575; x_wconf 78' lang='lat' dir='ltr'><strong>abesse</strong></span> <span class='ocrx_word' id='word_1_757' title='bbox 1332 2546 1414 2582; x_wconf 82' lang='lat' dir='ltr'><strong>duxi,</strong></span> <span class='ocrx_word' id='word_1_758' title='bbox 1432 2550 1540 2585; x_wconf 86' lang='lat' dir='ltr'><strong>inquit,</strong></span> <span class='ocrx_word' id='word_1_759' title='bbox 1555 2557 1585 2580; x_wconf 92' lang='lat' dir='ltr'><strong>ut</strong></span> <span class='ocrx_word' id='word_1_760' title='bbox 1605 2550 1698 2582; x_wconf 81' lang='lat' dir='ltr'><strong>darem</strong></span> <span class='ocrx_word' id='word_1_761' title='bbox 1717 2558 1855 2591; x_wconf 75' lang='lat' dir='ltr'><strong>pmniten-</strong></span> 
     </span>
    </p>
   </div>
   <div class='ocr_carea' id='block_1_110' title="bbox 1068 2591 1855 2638">
    <p class='ocr_par' dir='ltr' id='par_1_110' title="bbox 1068 2591 1855 2638">
     <span class='ocr_line' id='line_1_110' title="bbox 1068 2591 1855 2638; baseline 0.02 -22"><span class='ocrx_word' id='word_1_762' title='bbox 1068 2591 1112 2617; x_wconf 69' lang='lat' dir='ltr'><strong>tim</strong></span> <span class='ocrx_word' id='word_1_763' title='bbox 1125 2591 1233 2624; x_wconf 83' lang='lat' dir='ltr'><strong>locum,</strong></span> <span class='ocrx_word' id='word_1_764' title='bbox 1251 2601 1333 2628; x_wconf 82' lang='lat' dir='ltr'><strong>quam</strong></span> <span class='ocrx_word' id='word_1_765' title='bbox 1353 2599 1381 2620; x_wconf 88' lang='lat' dir='ltr'><strong>ut</strong></span> <span class='ocrx_word' id='word_1_766' title='bbox 1398 2602 1519 2629; x_wconf 77' lang='lat' dir='ltr'><strong>praesens</strong></span> <span class='ocrx_word' id='word_1_767' title='bbox 1536 2605 1632 2632; x_wconf 70' lang='lat' dir='ltr'><strong>poenas</strong></span> <span class='ocrx_word' id='word_1_768' title='bbox 1645 2600 1813 2638; x_wconf 79' lang='lat' dir='ltr'><strong>iuﬂigcrem,</strong></span> <span class='ocrx_word' id='word_1_769' title='bbox 1827 2609 1855 2633; x_wconf 90' lang='lat' dir='ltr'><strong>et</strong></span> 
     </span>
    </p>
   </div>
   <div class='ocr_carea' id='block_1_111' title="bbox 1067 2637 1363 2673">
    <p class='ocr_par' dir='ltr' id='par_1_111' title="bbox 1067 2637 1363 2673">
     <span class='ocr_line' id='line_1_111' title="bbox 1067 2637 1363 2673; baseline 0.01 -10"><span class='ocrx_word' id='word_1_770' title='bbox 1067 2637 1154 2672; x_wconf 80' lang='lat' dir='ltr'><strong>magis</strong></span> <span class='ocrx_word' id='word_1_771' title='bbox 1172 2645 1363 2673; x_wconf 83' lang='lat' dir='ltr'><strong>exasperarcr.</strong></span> 
     </span>
    </p>
   </div>
   <div class='ocr_carea' id='block_1_112' title="bbox 1105 2678 1854 2728">
    <p class='ocr_par' dir='ltr' id='par_1_112' title="bbox 1105 2678 1854 2728">
     <span class='ocr_line' id='line_1_112' title="bbox 1105 2678 1854 2728; baseline 0.023 -21"><span class='ocrx_word' id='word_1_772' title='bbox 1105 2691 1114 2708; x_wconf 73' lang='grc' dir='ltr'>ι</span> <span class='ocrx_word' id='word_1_773' title='bbox 1129 2678 1160 2708; x_wconf 80' lang='lat' dir='ltr'><strong>Et</strong></span> <span class='ocrx_word' id='word_1_774' title='bbox 1176 2686 1238 2717; x_wconf 84' lang='lat' dir='ltr'><strong>quis</strong></span> <span class='ocrx_word' id='word_1_775' title='bbox 1257 2686 1299 2710; x_wconf 82' lang='lat' dir='ltr'><strong>est.</strong></span> <span class='ocrx_word' id='word_1_776' title='bbox 1317 2685 1364 2720; x_wconf 92' lang='lat' dir='ltr'><strong>qui</strong></span> <span class='ocrx_word' id='word_1_777' title='bbox 1381 2694 1424 2713; x_wconf 91' lang='lat' dir='ltr'><strong>mc</strong></span> <span class='ocrx_word' id='word_1_778' title='bbox 1443 2687 1581 2722; x_wconf 67' lang='lat' dir='ltr'><strong>lsetilicct,</strong></span> <span class='ocrx_word' id='word_1_779' title='bbox 1600 2692 1654 2719; x_wconf 92' lang='lat' dir='ltr'><strong>nisi</strong></span> <span class='ocrx_word' id='word_1_780' title='bbox 1674 2694 1722 2728; x_wconf 89' lang='lat' dir='ltr'><strong>qui</strong></span> <span class='ocrx_word' id='word_1_781' title='bbox 1744 2697 1854 2725; x_wconf 80' lang='lat' dir='ltr'><strong>contri-</strong></span> 
     </span>
    </p>
   </div>
   <div class='ocr_carea' id='block_1_113' title="bbox 1067 2730 1310 2757">
    <p class='ocr_par' dir='ltr' id='par_1_113' title="bbox 1067 2730 1310 2757">
     <span class='ocr_line' id='line_1_113' title="bbox 1067 2730 1310 2757; baseline 0.012 -3"><span class='ocrx_word' id='word_1_782' title='bbox 1067 2732 1155 2755; x_wconf 87' lang='lat' dir='ltr'><strong>statur</strong></span> <span class='ocrx_word' id='word_1_783' title='bbox 1172 2736 1203 2755; x_wconf 79' lang='lat' dir='ltr'><strong>ex</strong></span> <span class='ocrx_word' id='word_1_784' title='bbox 1222 2730 1286 2757; x_wconf 87' lang='lat' dir='ltr'><strong>me?</strong></span> <span class='ocrx_word' id='word_1_785' title='bbox 1301 2740 1310 2756; x_wconf 69' lang='grc' dir='ltr'><strong>ι</strong></span> 
     </span>
    </p>
   </div>
   <div class='ocr_carea' id='block_1_114' title="bbox 1101 2774 1852 2821">
    <p class='ocr_par' dir='ltr' id='par_1_114' title="bbox 1101 2774 1852 2821">
     <span class='ocr_line' id='line_1_114' title="bbox 1101 2774 1852 2821; baseline 0.019 -20"><span class='ocrx_word' id='word_1_786' title='bbox 1101 2774 1158 2802; x_wconf 86' lang='lat' dir='ltr'><strong>Etsi</strong></span> <span class='ocrx_word' id='word_1_787' title='bbox 1177 2776 1205 2802; x_wconf 91' lang='lat' dir='ltr'><strong>in</strong></span> <span class='ocrx_word' id='word_1_788' title='bbox 1221 2784 1338 2805; x_wconf 70' lang='lat' dir='ltr'><strong>nimrore</strong></span> <span class='ocrx_word' id='word_1_789' title='bbox 1354 2783 1518 2807; x_wconf 81' lang='lat' dir='ltr'><strong>versaturus</strong></span> <span class='ocrx_word' id='word_1_790' title='bbox 1536 2789 1611 2809; x_wconf 78' lang='lat' dir='ltr'><strong>eram</strong></span> <span class='ocrx_word' id='word_1_791' title='bbox 1624 2802 1631 2815; x_wconf 85' lang='lat'><em>.</em></span> <span class='ocrx_word' id='word_1_792' title='bbox 1653 2784 1761 2820; x_wconf 82' lang='lat' dir='ltr'><strong>inquit,</strong></span> <span class='ocrx_word' id='word_1_793' title='bbox 1778 2788 1852 2821; x_wconf 90' lang='lat' dir='ltr'><strong>quod</strong></span> 
     </span>
    </p>
   </div>
   <div class='ocr_carea' id='block_1_115' title="bbox 1065 2824 1849 2864">
    <p class='ocr_par' dir='ltr' id='par_1_115' title="bbox 1065 2824 1849 2864">
     <span class='ocr_line' id='line_1_115' title="bbox 1065 2824 1849 2864; baseline 0.02 -18"><span class='ocrx_word' id='word_1_794' title='bbox 1065 2825 1178 2848; x_wconf 69' lang='lat' dir='ltr'><strong>coactus</strong></span> <span class='ocrx_word' id='word_1_795' title='bbox 1194 2829 1283 2849; x_wconf 83' lang='lat' dir='ltr'><strong>essem</strong></span> <span class='ocrx_word' id='word_1_796' title='bbox 1297 2831 1344 2852; x_wconf 82' lang='lat' dir='ltr'><strong>vos</strong></span> <span class='ocrx_word' id='word_1_797' title='bbox 1361 2824 1509 2860; x_wconf 75' lang='lat' dir='ltr'><strong>objurgare</strong></span> <span class='ocrx_word' id='word_1_798' title='bbox 1527 2832 1554 2854; x_wconf 88' lang='lat' dir='ltr'><strong>et</strong></span> <span class='ocrx_word' id='word_1_799' title='bbox 1575 2829 1668 2858; x_wconf 78' lang='lat' dir='ltr'><strong>videre</strong></span> <span class='ocrx_word' id='word_1_800' title='bbox 1682 2838 1828 2861; x_wconf 68' lang='lat' dir='ltr'><strong>maerentes</strong></span> <span class='ocrx_word' id='word_1_801' title='bbox 1841 2849 1849 2864; x_wconf 68' lang='grc' dir='ltr'><strong><em>ο</em></strong></span> 
     </span>
    </p>
   </div>
   <div class='ocr_carea' id='block_1_116' title="bbox 1065 2860 1853 2912">
    <p class='ocr_par' dir='ltr' id='par_1_116' title="bbox 1065 2860 1853 2912">
     <span class='ocr_line' id='line_1_116' title="bbox 1065 2860 1853 2912; baseline 0.019 -20"><span class='ocrx_word' id='word_1_802' title='bbox 1065 2860 1189 2894; x_wconf 76' lang='lat' dir='ltr'><strong>attameti</strong></span> <span class='ocrx_word' id='word_1_803' title='bbox 1203 2867 1254 2895; x_wconf 88' lang='lat' dir='ltr'><strong>hoc</strong></span> <span class='ocrx_word' id='word_1_804' title='bbox 1269 2868 1359 2904; x_wconf 88' lang='lat' dir='ltr'><strong>ipsum</strong></span> <span class='ocrx_word' id='word_1_805' title='bbox 1376 2878 1419 2898; x_wconf 88' lang='lat' dir='ltr'><strong>me</strong></span> <span class='ocrx_word' id='word_1_806' title='bbox 1434 2871 1564 2900; x_wconf 65' lang='lat' dir='ltr'><strong>laetificat.</strong></span> <span class='ocrx_word' id='word_1_807' title='bbox 1577 2873 1643 2902; x_wconf 81' lang='lat' dir='ltr'><strong>Nam</strong></span> <span class='ocrx_word' id='word_1_808' title='bbox 1667 2878 1794 2912; x_wconf 70' lang='lat' dir='ltr'><strong>rnaximae</strong></span> <span class='ocrx_word' id='word_1_809' title='bbox 1809 2878 1853 2906; x_wconf 86' lang='lat' dir='ltr'><strong>di-</strong></span> 
     </span>
    </p>
   </div>
   <div class='ocr_carea' id='block_1_117' title="bbox 1665 2922 1702 2954">
    <p class='ocr_par' dir='ltr' id='par_1_117' title="bbox 1665 2922 1702 2954">
     <span class='ocr_line' id='line_1_117' title="bbox 1665 2922 1702 2954; baseline 0.054 -2"><span class='ocrx_word' id='word_1_810' title='bbox 1665 2922 1702 2954; x_wconf 74' lang='lat'><strong>23</strong></span> 
     </span>
    </p>
   </div>
  </div>
