2078 3116
285 148 338 185 ’ῩΠ

846 160 886 190 IN
900 154 1021 192 EPIST.
1042 163 1091 193 AD
1110 163 1289 195 CORINTH.
1309 163 1350 196 ΙῙ.

1860 169 1911 205 7l8

323 210 385 238 Ὅτι
395 209 442 238 καὶ
456 211 629 247 προσχήματι
641 212 783 246 εὐλαϐείας
802 215 963 250 ἀπόλλυσιν,
976 219 1006 244 οὐ
1030 227 1057 253 με

1110 242 1114 250 λ
1163 218 1230 246 Nam
1245 221 1297 248 sub
1311 221 1452 257 religionis
1466 224 1556 259 specie
1571 225 1655 253 infert
1667 226 1782 254 exitium
1793 249 1800 260 ,
1815 234 1844 256 ut
1859 238 1913 258 non

287 265 330 284 νον
344 255 382 291 τῷ
393 257 432 288 εἰς
447 257 574 292 πορνείαν
587 258 711 293 ἀγαγεῖν,
727 260 794 287 ἀλλὰ
810 262 857 288 καὶ
880 262 937 289 ἀπὸ
963 265 1075 290 τούναν-

284 301 340 329 τίου
353 302 464 330 δύναται
482 303 647 340 διαφθεῖραι,
666 306 699 332 ἐκ
710 305 761 342 τῆς
772 307 893 344 ἀμέτρου
908 308 998 346 λύπης
1025 311 1075 347 τῆς

283 348 330 375 ἐπὶ
350 350 382 384 τῇ
401 350 543 385 μετανοίᾳ.

321 404 332 420 τ
352 394 458 421 Ἐλθὼν
481 395 508 422 δὲ
528 397 567 428 εἰς
583 396 632 432 τὴν
653 398 769 434 Τρωάδα
783 400 828 427 διὰ
856 401 887 427 τὸ
908 402 1074 437 Εὑαγγέλιον

282 439 329 466 τοῦ
346 440 478 475 Χριστοῦ,
494 441 542 467 καὶ
561 441 646 477 θύρας
662 452 706 478 μοι
721 444 899 481 ἀνεῳγμένης
923 447 952 473 ὲν
966 447 1072 483 Κυρίῳ,

281 485 332 512 οὐκ
346 485 453 521 ἔσχηκα
468 486 559 514 ἄνεσιν
573 487 611 524 τῷ
623 489 760 525 πνεύματί
775 499 838 526 μου,
864 491 904 527 τῷ
926 492 963 528 μὴ
983 494 1074 529 εὑρεῖν

283 537 317 564 με
332 529 411 557 Τίτον
426 530 472 558 τὸν
484 531 597 567 ἀδελφόν
617 541 678 568 μου,
699 534 769 561 ἀλλὰ
793 536 1000 573 ἀποταξάμενος
1024 539 1074 566 αὑ-

280 576 348 608 τοῖς,
367 576 480 611 ἐξῆλθον
495 578 535 610 είς
551 576 734 608 Μακεδονίαν.
751 590 760 607 ι

315 661 408 690 Εἰπὼν
423 665 454 691 ὲν
468 665 568 701 ἀρχαῖς
586 666 626 693 ὃτι
656 667 686 694 ὲν
713 669 745 704 τῇ
769 669 848 705 Ἀσίᾳ
860 669 983 706 ἐῢαρήθη
999 671 1072 709 ὑπὲρ

279 708 406 744 δύναμιν,
420 711 468 738 καὶ
484 712 575 745 δείξας
589 713 650 745 πῶς
665 714 828 751 ἀπηλλάγη,
844 716 893 744 καὶ
906 716 940 744 τὰ
955 717 985 744 ὲν
997 718 1072 753 μέσῳ

279 755 423 790 παρελθὼν
434 757 602 792 ἀναγκαίως,
616 759 737 787 διδάσκει
752 761 847 794 πάλιν,
866 763 908 790 ὅτι
936 764 984 791 καὶ
1010 764 1071 791 ἐτέ-

281 808 334 836 pta;
350 801 454 837 ἐθλίόη.
470 803 532 836 Πῶς
546 803 592 831 οὖν
606 804 652 832 καί¹
668 806 722 833 τίνι
735 807 846 843 τρόπῳ;
861 809 901 844 τῷ
917 809 955 845 μὴ
979 810 1071 847 εὑρεῖν

279 844 368 874 Τίτον.
390 843 477 880 Οὗτος
485 848 514 875 δὲ
529 849 557 875 ὲν
573 849 698 887 Κορίνθῳ
715 851 860 887 διέτριὸεν.

316 944 325 962 ι
338 935 383 972 Τῷ
397 936 426 963 δὲ
441 936 500 973 Θεῷ
516 938 596 975 χάρις
608 938 647 974 τῷ
661 939 777 967 πάντοτε
787 941 983 977 θριαμϐεύοντι
992 943 1069 978 ἡμᾶς

276 981 306 1008 ἑν
318 981 357 1028 τῷ
372 982 493 1018 Χριστῷ.
518 993 528 1010 ι

311 1028 371 1055 Ἵνα
386 1029 423 1065 μὴ
435 1030 499 1066 δόξῃ
509 1031 547 1062 ὡς
563 1031 671 1067 θρηνῶν
685 1032 773 1060 ταῦτα
788 1033 990 1070 ἀποδύρεσθαι,
1018 1035 1069 1071 χάε

276 1081 319 1111 ριν
343 1075 501 1112 ἀναπέμπει
529 1077 568 1113 τῷ
586 1077 662 1114 Θεῷ⁵
679 1079 692 1105 ὃ
706 1080 735 1107 δὲ
755 1079 830 1114 λέγει
854 1081 975 1108 τοιοῦτόν
998 1081 1066 1109 ἐστι.

275 1120 418 1158 Πανταχοῦ
433 1122 532 1158 θλίψις.
557 1125 696 1161 πανταχοῦ
715 1126 891 1163 στενοχωρία,
910 1125 1012 1156 Ἦλθον
1027 1130 1068 1161 είς

274 1166 323 1202 τὴν
346 1168 450 1201 Ἀσίαν,
481 1169 620 1207 ὲὸαρήθην
647 1171 718 1207 ὑπὲρ
751 1172 876 1208 δύναμιν,
895 1171 998 1201 *Ηλθον
1027 1175 1068 1206 είς

274 1213 399 1248 Τρωάδα,
417 1214 467 1250 οὐχ
482 1212 561 1251 εὖρον
584 1216 630 1244 τὸν
653 1218 768 1253 ἀδελφόν
781 1227 788 1234 ”
820 1219 871 1246 οὐκ
896 1217 978 1255 ἦλθον
998 1219 1067 1256 πρὸς

274 1258 357 1293 ὑμᾶς,
374 1260 404 1285 οὐ
423 1261 527 1296 μικράν
542 1270 587 1296 μοι
602 1262 649 1289 καὶ
673 1263 752 1291 τοῦτο
768 1263 888 1300 ἀθυμίαν
917 1265 1064 1300 ἐποίησεν

274 1303 331 1330 ἀλλ’
347 1304 377 1330 ἐν
403 1305 509 1338 τούτοις
532 1308 611 1339 πᾶσι,
628 1309 727 1343 φησὶν,
751 1309 802 1336 οὐκ
829 1310 978 1346 ἁλγοῦμεν,
995 1311 1065 1338 ἀλλά

273 1350 320 1376 καὶ
337 1350 480 1386 χαίρομεν,
492 1352 523 1378 οὐ
536 1352 616 1387 μόνον
631 1353 676 1381 διὰ
692 1353 726 1381 τὰ
747 1355 891 1390 μέλλοντα,
922 1356 991 1383 ἀλλά
1016 1358 1064 1384 καὶ

272 1394 361 1422 διὰτᾶ
378 1397 508 1432 παρόντα,
529 1399 570 1425 ὅτι
586 1400 615 1426 ὲν
641 1400 734 1432 αὐτοῖς
763 1401 884 1437 λαμπροί
910 1404 993 1438 ἐσμεν
1015 1404 1063 1431 καὶ

272 1445 449 1478 προσφανεῖς.
468 1444 513 1471 Διὺ
527 1445 606 1472 τοῦτο
616 1446 664 1472 καὶ
678 1447 823 1481 θρίαμϐον
836 1448 867 1474 τὸ
882 1450 1000 1485 πρᾶγμα
1013 1459 1062 1477 κα-

272 1488 322 1516 λεῖ.
341 1489 370 1516 '0
381 1490 436 1526 γὰρ
448 1490 582 1526 θρίαμὸος
592 1492 672 1518 τοῦτό
700 1493 769 1525 ἐστι,
794 1493 825 1520 τὸ
843 1496 910 1522 πᾶσι
933 1496 1061 1530 γενέσθαι

272 1536 544 1572 περιφανήςοΚαίούχ
556 1538 649 1571 ἁπλῶς
659 1540 874 1575 θριαμϐεύοντι,
894 1540 981 1576 εἶπεν,
993 1543 1060 1570 ἀλλὰ

272 1581 319 1607 καὶ
333 1582 368 1608 ἐν
378 1582 505 1617 Χριστῷ,
520 1583 644 1611 τουτέστι
656 1584 702 1612 διὰ
709 1585 756 1613 τὸν
772 1587 891 1622 Χριστὸν
904 1588 952 1615 καὶ
966 1588 996 1615 τὺ
1007 1591 1058 1624 κή-

271 1635 322 1662 ρυγ
326 1635 373 1662 μα.

309 1771 320 1789 ι
335 1764 390 1790 Καὶ
402 1764 451 1800 τὴν
462 1764 550 1801 ὀσμὴν
565 1765 615 1801 τῆς
634 1765 762 1800 γνώσεως
787 1767 870 1794 αὐτοῦ
897 1769 1056 1804 φανεροῦντι

258 1808 300 1835 ’δι’
316 1809 394 1844 ἡμῶν
407 1811 436 1837 ὲν
453 1811 534 1838 παντὶ
548 1811 690 1846 τόπῳ,›ὅτι
705 1813 823 1848 Χριστοῦ
845 1813 944 1842 εὐωδία
973 1815 1056 1850 ἐσμὲν

266 1854 304 1890 τῷ
319 1855 378 1890 Θεῷ
394 1856 423 1882 ἐν
437 1857 493 1888 τοῖς
507 1857 681 1892 σωζομένοις,
698 1858 743 1885 καὶ
770 1859 799 1885 ἐν
823 1861 880 1891 τοῖς
904 1860 1056 1896 ἀπολλυμέ-

263 1908 340 1933 νοις¹
367 1899 408 1934 οἷς
434 1903 483 1938 μὲν
516 1902 588 1938 ὀσμὴ
614 1903 732 1931 θανάτου
758 1906 799 1937 είς
818 1905 942 1940 θάνατον,
970 1905 1010 1939 οἷς
1027 1907 1055 1935 δὲ

264 1946 336 1982 ὀσμὴ
356 1946 429 1982 ζωῆς
442 1949 480 1979 είς
492 1948 576 1982 ζωήν,
597 1958 606 1974 ι

296 1991 440 2018 ηΔεικνυσιν
452 1992 493 2019 ὅτι
501 1992 549 2018 καὶ
559 1992 643 2024 τόπος
660 1993 706 2020 καὶ
723 1995 817 2030 καιρὸς
828 1996 952 2028 πᾶςντῶν
962 1997 1051 2025 ἄθλων

264 2036 453 2072 ἐμπέπλησται
465 2036 519 2063 τῶν
533 2037 721 2065 ἀποστολικῶν
732 2048 738 2055 ·
765 2041 812 2067 καὶ
828 2042 911 2077 ἑτέρᾳ
925 2042 953 2069 δὲ
968 2042 1050 2070 πάλνδ

255 2083 397 2118 -κέχρηται
424 2085 566 2120 μεταφορᾷ
648 2085 699 2120 τῆς
725 2086 850 2119 εὐωδίας.
868 2087 934 2115 Εἶτα
955 2089 1050 2125 ἐπειδὴ

253 2125 334 2160 κεῖπε,
346 2129 398 2156 Kal
411 2129 446 2156 ὲν
457 2129 520 2162 τοῖς
534 2130 757 2166 ἀπολλυμένοις
763 2133 871 2161 εὐωδία
884 2134 989 2168 ἐσμὲν,
1007 2135 1050 2162 ἵνα

263 2176 300 2210 μή
319 2183 360 2206 τις
371 2175 468 2210 νομίσῃ
481 2176 522 2202 ὅτι
538 2177 658 2203 κάκεῖνοι
674 2177 872 2213 εὐπαράδεκτοί
895 2180 958 2211 εισι,
974 2189 1047 2215 παρ-

260 2221 363 2255 ήγαγεν
374 2229 380 2236 ·
396 2219 446 2254 Οἷς
458 2222 517 2256 μὲν
537 2222 616 2257 ὀσμὴ
639 2223 674 2250 ἐκ
690 2224 820 2251 θανάτου
839 2226 883 2258 είς
906 2226 1046 2260 θάνατον,

259 2264 304 2299 οἷς
327 2266 362 2293 δὲ
382 2267 461 2302 ὀσμὴ
480 2268 514 2295 ἐκ
542 2267 617 2303 ζωῆς
641 2270 685 2302 εἰς
703 2269 790 2303 ζωήν.
811 2271 844 2297 ’Ὸ
858 2271 886 2298 δὲ
898 2272 972 2307 λέγει
989 2282 1047 2300 τοι-

258 2312 337 2340 οῦτόν
368 2314 444 2340 ἐστι·
471 2313 521 2349 τὴν
554 2315 670 2342 εὐωδίαν
688 2316 801 2352 ταύτην,
832 2318 926 2352 φησὶν,
952 2320 977 2346 ot
997 2320 1046 2355 μὲν

257 2358 344 2391 οὕτως
359 2359 516 2394 προσίενται
537 2359 608 2387 ὥστε
637 2360 768 2396 σωθῆναι,
787 2361 812 2387 οἱ
830 2362 858 2388 δὲ
873 2363 959 2395 οὕτως
974 2364 1045 2391 ὥστε

256 2404 404 2432 ἀπολέσθαι
418 2414 424 2420 ·
441 2404 512 2432 ὥστε
540 2405 592 2433 κᾶν
614 2407 764 2435 ἀπόλλυταί
779 2415 831 2440 τις,
852 2409 918 2444 παρ’
931 2409 1015 2437 αὑτοῦ
1027 2411 1044 2446 ὴ

255 2451 338 2478 αἰτία.
366 2450 444 2477 Ἐπεὶ
471 2451 602 2484 πολλάκις
625 2452 735 2486 λέγεται
759 2453 789 2479 τὺ
825 2454 910 2489 μύρον
937 2455 1043 2489 πνίγειν

254 2497 317 2527 τοὺς
331 2497 449 2532 χοίρου-τ,
482 2498 529 2524 καὶ
550 2498 612 2530 τοὺς
638 2498 764 2530 ἀσθενεῖς
777 2499 831 2526 τῶν
846 2500 993 2536 ὀφθαλμῶν
1012 2501 1043 2528 τὺ

255 2542 313 2577 φῶς
329 2544 456 2576 σκοτίζει.

291 2599 301 2615 ι
317 2590 371 2616 Καὶ
388 2590 456 2626 πρὸς
470 2591 558 2618 ταῦτα
567 2591 608 2623 τίς
622 2591 729 2625 ίκανόςς
748 2601 757 2616 ι

295 2634 402 2671 Ἐπειδὴ
432 2636 538 2670 μεγάλα
551 2636 714 2671 ἐφθέγξατο,
733 2637 775 2663 ὅτι
791 2636 873 2663 θυσία
888 2637 972 2673 ἐσμὲν
992 2639 1039 2666 τοῦ

252 2680 382 2716 Χριστοῦ,
403 2682 451 2708 καὶ
468 2682 578 2716 εὐωδία,
609 2684 655 2710 καὶ
678 2682 917 2718 ὲθριαμσευόμεθα
936 2693 1040 2712 παντα-

250 2726 310 2761 χοῦ,
327 2727 409 2754 πάλιν
423 2727 462 2763 τῷ
475 2728 535 2764 Θεῷ
549 2729 694 2765 ἀνατίθησι
707 2728 796 2756 ταῦτα
808 2736 814 2743 ·
837 2728 878 2755 διὸ
897 2730 944 2756 καί
960 2739 1037 2767 φησι,

244 2772 305 2799 Καὶ
318 2774 393 2808 πρὸς
416 2775 510 2801 ταῦτα
534 2775 580 2808 τΙς
598 2776 718 2809 ἱκανός
729 2775 760 2802 τὸ
776 2774 831 2811 γὰρ
847 2776 900 2803 πᾶν
910 2777 956 2803 τοῦ
972 2778 1039 2813 Χρι-

249 2818 322 2850 στοῦ,
334 2819 412 2854 φησι,
428 2820 476 2846 καὶ
492 2820 568 2847 οὐδὲν
586 2821 729 2858 ἡμέτερον.

287 2872 296 2889 ι
309 2864 345 2890 Οὐ
359 2864 415 2900 γάρ
439 2866 522 2900 ἐσμεν
537 2866 575 2898 ὡς
598 2867 623 2894 οἱ
650 2868 742 2896 πολλοὶ
757 2869 971 2907 ,καπηλεύοντες
991 2870 1037 2897 τὸν

1130 264 1221 292 solum
1236 265 1269 292 ad
1286 272 1411 302 stuprum
1426 269 1531 297 illicere
1541 289 1548 302 ,
1565 278 1661 298 verum
1676 276 1703 300 et
1717 275 1855 302 contraria
1870 283 1915 302 ra-

1127 311 1201 339 tione
1218 312 1383 342 labefactare
1405 316 1508 350 possit,
1522 317 1676 346 immodicae
1694 320 1915 356 nimirumpoeni-

1125 357 1218 384 tentia:
1233 358 1259 385 vi
1275 363 1303 386 et
1316 360 1421 388 dolore.

1166 398 1248 431 Vens.
1271 405 1321 438 12,
1343 407 1386 434 15.
1403 417 1413 432 ‹
1428 409 1495 435 Cum
1513 409 1650 438 venissem
1669 416 1760 440 autem
1777 411 1914 442 Troadem

1125 451 1238 483 propter
1253 448 1433 485 Evangelium
1446 452 1568 487 Christi,
1585 456 1617 482 et'
1632 457 1732 484 ostium
1749 458 1814 486 mihi
1832 464 1914 495 aper-

1124 496 1181 520 tum
1198 496 1317 523 essetin
1334 495 1468 532 Domino,
1486 507 1541 527 non
1559 500 1642 528 habui
1660 504 1782 537 requiem
1800 505 1913 538 spiritui

1124 544 1205 572 meo,
1236 547 1269 567 eo
1300 542 1373 576 quod
1400 551 1455 572 non
1486 546 1639 574 invenerim
1671 547 1762 575 Titum
1795 549 1913 578 fratrem

1124 592 1216 612 meum
1237 595 1244 613 :
1270 587 1320 615 sed
1345 589 1511 620 valefaeiens
1541 592 1599 626 eis,
1631 594 1770 628 profectus
1795 603 1856 623 sum
1884 596 1912 623 in

1124 629 1325 661 Macedbniam.
1342 643 1352 660 ›

1157 678 1241 706 lnitio
1253 679 1362 708 dixerat
1377 685 1519 717 gravatum
1535 691 1566 712 se
1578 692 1662 720 supra
1676 686 1787 714 modum
1804 688 1910 717 fuisse:

1122 726 1149 750 et
1180 728 1327 760 postquam
1348 727 1516 761 declaravit,
1533 737 1588 765 quo
1609 737 1688 765 pacto
1711 732 1844 762 liberatus
1866 742 1912 762 es-

1123 773 1178 801 set,
1194 769 1307 799 omissis
1322 779 1384 806 qua;
1400 773 1584 802 intercessere
1597 794 1604 807 ,
1624 780 1719 803 narrat
1738 778 1840 806 iterum
1857 780 1911 807 alio

1122 815 1204 843 modo
1227 823 1258 843 se
1282 816 1370 846 fuisse
1387 818 1554 848 divexatum.
1578 820 1693 854 Quinam
1713 830 1795 857 vero,
1822 834 1911 860 quave

1122 860 1252 890 ratione?
1266 862 1326 890 Non
1342 869 1453 900 reperto
1469 864 1542 894 Tito.
1566 866 1591 895 Is
1612 875 1679 896 vero
1701 869 1827 899 Corinthi
1849 877 1910 900 mo-

1082 893 1108 924 ‘B
1121 906 1244 935 rabatur.

1155 952 1239 982 Vsus.
1260 956 1304 984 Η.
1331 966 1341 983 ε
1365 957 1421 985 Deo
1450 962 1540 986 autem
1570 960 1692 995 gratias,
1724 963 1771 997 qui
1800 970 1908 999 semper

1119 999 1272 1035 triumphat
1290 1010 1340 1030 nos
1357 1003 1382 1030 in
1399 1003 1521 1032 Christo.
1539 1016 1549 1031 ι

1153 1044 1193 1072 Ne
1213 1046 1339 1075 videatur
1349 1048 1405 1076 hanc
1419 1051 1608 1085 gemebundus
1625 1054 1729 1090 lugere,
1752 1058 1845 1090 grates
1862 1062 1908 1083 re“-

1119 1090 1215 1125 peudlt
1231 1091 1296 1120 Deo.
1314 1093 1392 1126 Quod
1409 1100 1499 1123 autem
1521 1096 1605 1130 dicit,
1629 1099 1704 1127 hunc
1724 1108 1836 1128 sensum
1861 1101 1909 1129 ha-

1118 1133 1184 1162 bet:
1204 1135 1311 1172 Ubique
1326 1138 1455 1172 afﬂictio,
1473 1141 1576 1176 ubique
1593 1145 1732 1178 angustia.
1759 1146 1788 1173 In
1813 1146 1907 1174 Asiam

1118 1182 1242 1216 perrexi,
1258 1189 1444 1220 gravatusque
1458 1194 1519 1214 sum
1535 1196 1619 1223 supra
1634 1191 1757 1218 modum.
1770 1191 1907 1220 Troadem

1117 1227 1198 1259 veni,
1215 1236 1265 1257 nec
1282 1229 1395 1257 fratrem
1415 1233 1515 1267 reperi.
1535 1233 1589 1262 Vos
1607 1243 1662 1262 non
1677 1238 1808 1270 conveni,
1825 1236 1908 1273 idque

1116 1278 1172 1298 non
1193 1272 1321 1308 exiguam
1344 1275 1411 1303 mihi
1433 1278 1602 1306 anxietatem
1626 1282 1742 1315 peperit.
1760 1282 1907 1311 Verumta-

1115 1324 1178 1344 men
1196 1317 1224 1345 in
1240 1319 1302 1348 istis
1318 1322 1462 1356 omnibus,
1483 1325 1591 1360 inquit,
1610 1334 1786 1363 nequaquam
1805 1334 1906 1358 mcesto

1115 1364 1208 1391 animo
1225 1373 1339 1400 sumus,
1367 1368 1415 1395 sed
1435 1369 1571 1404 laetamur,
1596 1379 1652 1400 non
1675 1377 1781 1401 tantum
1800 1381 1847 1409 spc
1863 1375 1905 1403 fu-

1114 1412 1257 1444 turorum,
1276 1412 1325 1439 sed
1340 1416 1367 1440 et
1385 1418 1496 1449 propter
1516 1416 1562 1443 illa
1580 1425 1642 1452 qua:
1658 1427 1734 1450 nunc
1750 1420 1902 1453 accidunt:

1112 1455 1214 1490 quippe
1230 1464 1292 1484 eum
1309 1465 1358 1493 per
1379 1467 1410 1499 ea
1434 1461 1570 1490 clariores
1594 1464 1816 1502 illustrioresque
1837 1477 1903 1498 eva-

1112 1500 1222 1531 damus.
1240 1502 1377 1536 Quocirca
1396 1507 1558 1542 triumphum
1584 1510 1650 1537 illud
1675 1511 1709 1540 de
1733 1500 1788 1548 quo
1814 1516 1904 1550 agitur

1112 1548 1239 1583 appellat.
1257 1549 1326 1577 Nam
1343 1552 1397 1580 hoc
1413 1554 1493 1588 plane
1510 1555 1669 1592 triumphus
1690 1564 1749 1591 est,
1774 1561 1819 1588 ubi
1832 1548 1902 1597 quis

1112 1593 1231 1622 illustris
1246 1596 1319 1630 apud
1334 1605 1431 1636 omnes
1448 1600 1477 1627 ﬁt
1499 1604 1526 1627 et
1550 1603 1730 1638 conspicuus.
1755 1606 1825 1639 Quin
1847 1593 1902 1636 inec

1111 1639 1278 1675 simpliciter
1296 1643 1385 1678 dixit,
1401 1647 1447 1680 qui
1468 1648 1631 1683 triumphat,
1655 1651 1703 1678 sed
1728 1652 1846 1688 adjecit,
1872 1656 1901 1682 in

1109 1684 1216 1714 Christo
1228 1708 1236 1720 ,
1253 1689 1279 1717 id
1297 1693 1339 1716 est
1352 1697 1467 1728 propter
1480 1694 1663 1731 Christunret
1674 1684 1815 1735 Evangelii
1830 1684 1899 1736 przev

1109 1730 1287 1762 dicationetu.

1146 1786 1155 1802 ι
1175 1778 1208 1805 Et
1234 1780 1346 1809 odorem
1372 1784 1477 1812 notitiae
1503 1791 1560 1813 sum
1589 1787 1748 1816 manifestat
1774 1798 1822 1825 per
1847 1800 1898 1819 nos

1109 1820 1189 1858 129
1205 1824 1232 1852 in
1249 1828 1323 1854 omni
1342 1828 1402 1856 loco
1421 1838 1427 1856 :
1444 1829 1547 1866 [Vens
1567 1832 1619 1864 15,
1640 1833 1689 1870 i6]
1707 1820 1781 1869 quia.
1794 1836 1896 1865 Christi

1106 1868 1195 1896 bonus
1215 1871 1282 1899 odor
1296 1881 1393 1902 sumus
1417 1875 1472 1903 Den
1495 1877 1521 1904 iu
1548 1877 1582 1905 iis
1604 1879 1650 1914 qui
1672 1881 1741 1908 salvi
1764 1882 1850 1917 fiunt,
1870 1889 1896 1912 et

1105 1913 1132 1940 in
1151 1914 1185 1942 iis
1202 1917 1248 1951 qui
1267 1924 1382 1952 pereunt
1399 1929 1406 1947 :
1424 1922 1486 1949 aliis
1513 1913 1624 1958 quidem
1651 1925 1722 1953 odor
1746 1929 1844 1957 mortis
1867 1930 1895 1957 in

1105 1963 1221 1988 mortem
1236 1970 1242 1994 ;
1261 1964 1324 1991 aliis
1340 1970 1430 1992 autem
1446 1967 1514 1994 odor
1529 1968 1591 1996 vitae
1605 1970 1632 1996 in
1647 1971 1743 1999 vitam.
1760 1982 1769 1999 ι

1139 2005 1264 2035 Declarat
1277 2009 1365 2036 locum
1392 2018 1500 2039 omnetn
1517 2017 1544 2041 et
1569 2019 1675 2050 tempus
1689 2025 1771 2046 omne
1786 2025 1894 2054 aposto-

1103 2047 1165 2078 licis
1193 2054 1391 2083 certaminibus
1417 2057 1527 2092 plenum
1550 2067 1612 2088 esse
1635 2070 1641 2088 :
1666 2067 1749 2097 atque
1776 2066 1891 2094 alteram

1102 2105 1213 2126 rursum
1228 2102 1417 2136 metaphoram
1436 2104 1559 2137 adhibet,
1578 2107 1612 2134 ab
1631 2108 1725 2137 odoris
1740 2110 1891 2147 fragrantia

1102 2148 1252 2179 sumptam.
1270 2145 1372 2175 Deinde
1386 2156 1461 2180 vero,
1477 2150 1542 2185 quia
1558 2151 1629 2180 dixit
1645 2162 1651 2180 :
1669 2153 1701 2181 In
1716 2155 1749 2182 iis
1765 2145 1810 2191 qui
1831 2166 1892 2192 pcr-

1100 2194 1171 2222 eunt,
1185 2189 1267 2218 borius
1291 2193 1355 2220 odor
1364 2201 1473 2227 sumus;
1486 2204 1520 2223 nc
1533 2197 1595 2232 quis
1610 2199 1771 2235 arbitretur,
1783 2207 1810 2230 ct
1826 2204 1888 2233 illos

1064 2239 1086 2266 ί)
1101 2239 1230 2270 acceptos
1257 2245 1318 2265 esse
1330 2258 1337 2270 ,
1362 2239 1506 2274 subiunxit
1522 2251 1529 2270 :
1544 2242 1613 2271 Aliis
1642 2246 1749 2280 quidem
1775 2249 1841 2276 odor
1856 2259 1889 2279 ea;

1100 2286 1184 2308 morte
1197 2283 1223 2309 in
1240 2289 1365 2317 mortem;
1384 2285 1445 2313 aliis
1461 2296 1547 2316 autem
1563 2290 1628 2318 odor
1647 2301 1680 2319 ex
1689 2295 1742 2321 vita
1754 2295 1780 2321 in
1796 2297 1887 2325 vitam.

1099 2325 1186 2360 Cujus
1196 2328 1258 2356 dicti
1274 2330 1454 2365 significantia
1466 2333 1523 2362 haec
1538 2339 1598 2364 est:
1615 2337 1792 2374 fragrantiam
1807 2342 1886 2369 istam

1099 2372 1146 2399 alii
1158 2373 1268 2408 quidem
1287 2376 1328 2403 sic
1344 2377 1505 2413 admittunt,
1523 2384 1553 2408 ut
1568 2383 1636 2410 salvi
1658 2372 1740 2417 fiant;
1762 2386 1807 2414 alii
1822 2395 1886 2416 vero

1099 2417 1139 2445 sic
1149 2423 1178 2446 ut
1192 2426 1314 2454 pereant.
1325 2423 1422 2458 itaque
1436 2425 1459 2452 si
1473 2426 1535 2460 quis
1548 2433 1651 2461 pereat,
1668 2430 1727 2464 ipse
1739 2431 1789 2458 sibi
1801 2440 1885 2461 causa

1097 2469 1148 2491 est.
1164 2466 1243 2501 Alqui
1261 2468 1343 2504 vulgo
1358 2469 1488 2498 dicuntur
1500 2481 1562 2501 sues
1576 2480 1715 2509 unguento
1726 2478 1883 2513 praefocari,

1096 2514 1122 2537 et
1138 2512 1290 2546 gramiosos
1304 2515 1399 2544 oculos
1416 2517 1518 2545 lumine
1532 2526 1620 2548 caecos
1633 2519 1703 2548 fieri.

1133 2608 1142 2626 ι
1161 2601 1194 2628 Ει
1210 2602 1243 2628 ad
1258 2601 1314 2630 lich
1329 2604 1392 2638 quis
1404 2604 1539 2634 idoneus?
1558 2612 1568 2634 ὁ

1129 2644 1199 2679 Quia
1217 2655 1314 2683 magna
1328 2650 1452 2684 quaedam
1469 2653 1599 2686 praefatus
1613 2657 1664 2688 est,
1680 2656 1817 2686 victimam
1830 2662 1881 2689 hos

1093 2698 1154 2718 esse
1171 2691 1284 2727 Chrisli,
1309 2702 1415 2722 necnon
1435 2696 1536 2724 bonum
1552 2698 1682 2734 odorem;
1712 2702 1814 2739 ubique
1829 2714 1881 2734 nos

1094 2735 1281 2771 triumphare:
1297 2738 1392 2768 istluec
1409 2749 1521 2770 rursum
1536 2745 1627 2773 omnia
1643 2746 1671 2773 in
1688 2745 1772 2776 Deum
1787 2750 1879 2780 refert.

1096 2781 1172 2811 Unde
1182 2783 1220 2811 ait
1238 2793 1244 2811 :
1265 2784 1298 2812 Et
1321 2786 1356 2813 ad
1371 2787 1427 2816 [uec
1445 2790 1505 2824 quis
1530 2791 1662 2822 idoneus?
1692 2798 1781 2824 totum
1806 2798 1879 2825 enim

1092 2827 1197 2857 Christi
1211 2834 1265 2864 est,
1282 2831 1386 2867 inquit,
1402 2839 1430 2862 et
1445 2835 1513 2864 nihil
1530 2844 1666 2869 nostrum.

1129 2873 1273 2904 Vens.'i7.
1292 2887 1300 2904 I
1315 2877 1375 2907 Non
1387 2881 1459 2909 enim
1477 2890 1571 2912 smnus
1589 2888 1618 2911 ut
1635 2885 1757 2920 quidam,
1774 2886 1878 2914 αάυιιει
