  <div class='ocr_page' id='page_1' title='image "/cluster/home/n/w/nwhite01/storage/ocr_20150623/95/njp.32101077772844/368.png"; bbox 0 0 2078 3116; ppageno 0'>
   <div class='ocr_carea' id='block_1_1' title="bbox 281 147 331 182">
    <p class='ocr_par' dir='ltr' id='par_1_1' title="bbox 281 147 331 182">
     <span class='ocr_line' id='line_1_1' title="bbox 281 147 331 182; baseline -0.04 0"><span class='ocrx_word' id='word_1_1' title='bbox 281 147 331 182; x_wconf 74' lang='grc'><strong>’121</strong></span> 
     </span>
    </p>
   </div>
   <div class='ocr_carea' id='block_1_2' title="bbox 850 147 1359 180">
    <p class='ocr_par' dir='ltr' id='par_1_2' title="bbox 850 147 1359 180">
     <span class='ocr_line' id='line_1_2' title="bbox 850 147 1359 180; baseline -0.004 0"><span class='ocrx_word' id='word_1_2' title='bbox 850 150 887 179; x_wconf 79' lang='lat' dir='ltr'><strong>IN</strong></span> <span class='ocrx_word' id='word_1_3' title='bbox 907 149 1017 180; x_wconf 86' lang='lat' dir='ltr'><strong>EPIST</strong></span> <span class='ocrx_word' id='word_1_4' title='bbox 1051 148 1101 177; x_wconf 76' lang='lat' dir='ltr'><strong>AD</strong></span> <span class='ocrx_word' id='word_1_5' title='bbox 1117 147 1296 178; x_wconf 81' lang='lat' dir='ltr'><strong>CORINTl-I.</strong></span> <span class='ocrx_word' id='word_1_6' title='bbox 1318 149 1359 178; x_wconf 88' lang='lat' dir='ltr'><strong>II.</strong></span> 
     </span>
    </p>
   </div>
   <div class='ocr_carea' id='block_1_3' title="bbox 1870 144 1923 164">
    <p class='ocr_par' dir='ltr' id='par_1_3' title="bbox 1870 144 1923 164">
     <span class='ocr_line' id='line_1_3' title="bbox 1870 144 1923 164; baseline 0.019 -7"><span class='ocrx_word' id='word_1_7' title='bbox 1870 147 1886 157; x_wconf 69' lang='grc' dir='ltr'>μ</span> <span class='ocrx_word' id='word_1_8' title='bbox 1891 144 1923 164; x_wconf 48' lang='grc' dir='ltr'><strong>με)</strong></span> 
     </span>
    </p>
   </div>
   <div class='ocr_carea' id='block_1_4' title="bbox 1876 166 1923 176">
    <p class='ocr_par' dir='ltr' id='par_1_4' title="bbox 1876 166 1923 176">
     <span class='ocr_line' id='line_1_4' title="bbox 1876 166 1923 176; baseline 0 -2"><span class='ocrx_word' id='word_1_9' title='bbox 1876 166 1923 176; x_wconf 64' lang='grc' dir='ltr'><strong>μ...-</strong></span> 
     </span>
    </p>
   </div>
   <div class='ocr_carea' id='block_1_5' title="bbox 282 195 1087 243">
    <p class='ocr_par' dir='ltr' id='par_1_5' title="bbox 282 205 1072 243">
     <span class='ocr_line' id='line_1_5' title="bbox 282 205 1072 243; baseline -0.001 -9"><span class='ocrx_word' id='word_1_10' title='bbox 282 208 327 235; x_wconf 82' lang='grc' dir='ltr'><strong>τδν</strong></span> <span class='ocrx_word' id='word_1_11' title='bbox 340 207 423 243; x_wconf 89' lang='grc' dir='ltr'>νόμον</span> <span class='ocrx_word' id='word_1_12' title='bbox 432 207 509 242; x_wconf 72' lang='grc' dir='ltr'>φησὶ,</span> <span class='ocrx_word' id='word_1_13' title='bbox 519 205 565 234; x_wconf 69' lang='grc' dir='ltr'><strong>τὸν</strong></span> <span class='ocrx_word' id='word_1_14' title='bbox 573 206 723 238; x_wconf 75' lang='grc' dir='ltr'><strong>κολάζοντα</strong></span> <span class='ocrx_word' id='word_1_15' title='bbox 737 207 801 238; x_wconf 73' lang='grc' dir='ltr'>τοὺς</span> <span class='ocrx_word' id='word_1_16' title='bbox 819 206 1048 242; x_wconf 77' lang='grc' dir='ltr'><strong>πλημμελοῦντας</strong></span> <span class='ocrx_word' id='word_1_17' title='bbox 1066 213 1072 220; x_wconf 90' lang='grc'><strong>·</strong></span> 
     </span>
    </p>
   </div>
   <div class='ocr_carea' id='block_1_6' title="bbox 1137 195 1921 243">
    <p class='ocr_par' dir='ltr' id='par_1_6' title="bbox 1137 195 1921 240">
     <span class='ocr_line' id='line_1_6' title="bbox 1137 195 1921 240; baseline -0.003 -10"><span class='ocrx_word' id='word_1_18' title='bbox 1137 203 1213 231; x_wconf 69' lang='lat' dir='ltr'><strong>’orro</strong></span> <span class='ocrx_word' id='word_1_19' title='bbox 1233 204 1350 231; x_wconf 79' lang='lat' dir='ltr'><strong>litteram</strong></span> <span class='ocrx_word' id='word_1_20' title='bbox 1370 205 1416 231; x_wconf 89' lang='lat' dir='ltr'><strong>hic</strong></span> <span class='ocrx_word' id='word_1_21' title='bbox 1436 204 1523 240; x_wconf 81' lang='lat' dir='ltr'><strong>legem</strong></span> <span class='ocrx_word' id='word_1_22' title='bbox 1546 195 1642 235; x_wconf 68' lang='lat' dir='ltr'><strong>vocat,</strong></span> <span class='ocrx_word' id='word_1_23' title='bbox 1664 210 1717 237; x_wconf 82' lang='lat' dir='ltr'><strong>qua</strong></span> <span class='ocrx_word' id='word_1_24' title='bbox 1733 202 1921 237; x_wconf 64' lang='lat' dir='ltr'><strong>delinquentes</strong></span> 
     </span>
    </p>
   </div>
   <div class='ocr_carea' id='block_1_7' title="bbox 285 252 1077 289">
    <p class='ocr_par' dir='ltr' id='par_1_7' title="bbox 285 252 1077 289">
     <span class='ocr_line' id='line_1_7' title="bbox 285 252 1077 289; baseline -0.001 -9"><span class='ocrx_word' id='word_1_25' title='bbox 285 252 395 289; x_wconf 82' lang='grc' dir='ltr'>πνεῦμα</span> <span class='ocrx_word' id='word_1_26' title='bbox 409 253 449 285; x_wconf 83' lang='grc' dir='ltr'>δὲ,</span> <span class='ocrx_word' id='word_1_27' title='bbox 465 253 515 289; x_wconf 85' lang='grc' dir='ltr'>τὴν</span> <span class='ocrx_word' id='word_1_28' title='bbox 530 253 610 288; x_wconf 83' lang='grc' dir='ltr'>χάριν</span> <span class='ocrx_word' id='word_1_29' title='bbox 623 253 672 288; x_wconf 84' lang='grc' dir='ltr'>τὴν</span> <span class='ocrx_word' id='word_1_30' title='bbox 691 252 736 279; x_wconf 79' lang='grc' dir='ltr'><strong>διὰ</strong></span> <span class='ocrx_word' id='word_1_31' title='bbox 752 252 801 280; x_wconf 74' lang='grc' dir='ltr'><strong>τοῦ</strong></span> <span class='ocrx_word' id='word_1_32' title='bbox 814 253 984 288; x_wconf 82' lang='grc' dir='ltr'>Πνεύματος,</span> <span class='ocrx_word' id='word_1_33' title='bbox 1014 253 1077 284; x_wconf 78' lang='grc' dir='ltr'>τοὺς</span> 
     </span>
    </p>
   </div>
   <div class='ocr_carea' id='block_1_8' title="bbox 285 298 987 335">
    <p class='ocr_par' dir='ltr' id='par_1_8' title="bbox 285 298 987 335">
     <span class='ocr_line' id='line_1_8' title="bbox 285 298 987 335; baseline -0.001 -9"><span class='ocrx_word' id='word_1_34' title='bbox 285 299 339 326; x_wconf 78' lang='grc' dir='ltr'>ὑπὸ</span> <span class='ocrx_word' id='word_1_35' title='bbox 351 299 406 326; x_wconf 84' lang='grc' dir='ltr'><strong>τῶν</strong></span> <span class='ocrx_word' id='word_1_36' title='bbox 417 299 562 335; x_wconf 80' lang='grc' dir='ltr'>αμαρτιῶν</span> <span class='ocrx_word' id='word_1_37' title='bbox 583 298 772 335; x_wconf 78' lang='grc' dir='ltr'>νεκρωῦέντας</span> <span class='ocrx_word' id='word_1_38' title='bbox 788 298 987 330; x_wconf 77' lang='grc' dir='ltr'>ζωοποιοῦσαν.</span> 
     </span>
    </p>
   </div>
   <div class='ocr_carea' id='block_1_9' title="bbox 323 387 835 424">
    <p class='ocr_par' dir='ltr' id='par_1_9' title="bbox 323 387 835 424">
     <span class='ocr_line' id='line_1_9' title="bbox 323 387 835 424; baseline -0.002 -8"><span class='ocrx_word' id='word_1_39' title='bbox 323 399 335 416; x_wconf 68' lang='grc' dir='ltr'>ί</span> <span class='ocrx_word' id='word_1_40' title='bbox 353 389 385 416; x_wconf 84' lang='lat' dir='ltr'><strong>Et</strong></span> <span class='ocrx_word' id='word_1_41' title='bbox 400 388 429 415; x_wconf 77' lang='grc' dir='ltr'>δὲ</span> <span class='ocrx_word' id='word_1_42' title='bbox 444 389 461 424; x_wconf 84' lang='grc' dir='ltr'>ἡ</span> <span class='ocrx_word' id='word_1_43' title='bbox 474 388 598 415; x_wconf 78' lang='grc' dir='ltr'><strong>διακονία</strong></span> <span class='ocrx_word' id='word_1_44' title='bbox 612 388 660 415; x_wconf 81' lang='grc' dir='ltr'>τοῦ</span> <span class='ocrx_word' id='word_1_45' title='bbox 675 387 803 415; x_wconf 81' lang='grc' dir='ltr'>θανάτου.</span> <span class='ocrx_word' id='word_1_46' title='bbox 826 398 835 414; x_wconf 78' lang='lat' dir='ltr'><strong>t</strong></span> 
     </span>
    </p>
   </div>
   <div class='ocr_carea' id='block_1_10' title="bbox 324 431 1076 470">
    <p class='ocr_par' dir='ltr' id='par_1_10' title="bbox 324 431 1076 470">
     <span class='ocr_line' id='line_1_10' title="bbox 324 431 1076 470; baseline 0 -8"><span class='ocrx_word' id='word_1_47' title='bbox 324 436 386 462; x_wconf 85' lang='grc' dir='ltr'>Ἔτι</span> <span class='ocrx_word' id='word_1_48' title='bbox 399 436 449 470; x_wconf 81' lang='grc' dir='ltr'>τὴν</span> <span class='ocrx_word' id='word_1_49' title='bbox 467 435 613 470; x_wconf 77' lang='grc' dir='ltr'><strong>σύγκρισιν</strong></span> <span class='ocrx_word' id='word_1_50' title='bbox 623 434 812 470; x_wconf 74' lang='grc' dir='ltr'>ἐξεργάζεται.</span> <span class='ocrx_word' id='word_1_51' title='bbox 832 435 861 460; x_wconf 88' lang='lat'>&#39;0</span> <span class='ocrx_word' id='word_1_52' title='bbox 872 434 901 462; x_wconf 78' lang='grc' dir='ltr'>δὲ</span> <span class='ocrx_word' id='word_1_53' title='bbox 916 434 979 466; x_wconf 81' lang='grc' dir='ltr'>νοῦς</span> <span class='ocrx_word' id='word_1_54' title='bbox 987 431 1076 466; x_wconf 73' lang='grc' dir='ltr'>οὗτος.</span> 
     </span>
    </p>
   </div>
   <div class='ocr_carea' id='block_1_11' title="bbox 287 480 1077 516">
    <p class='ocr_par' dir='ltr' id='par_1_11' title="bbox 287 480 1077 516">
     <span class='ocr_line' id='line_1_11' title="bbox 287 480 1077 516; baseline -0.001 -8"><span class='ocrx_word' id='word_1_55' title='bbox 287 481 320 508; x_wconf 75' lang='lat' dir='ltr'><strong>Et</strong></span> <span class='ocrx_word' id='word_1_56' title='bbox 341 482 434 515; x_wconf 76' lang='grc' dir='ltr'>εκείνη</span> <span class='ocrx_word' id='word_1_57' title='bbox 463 481 513 516; x_wconf 79' lang='grc' dir='ltr'>μὲν</span> <span class='ocrx_word' id='word_1_58' title='bbox 543 480 671 511; x_wconf 75' lang='grc' dir='ltr'>θανάτου,</span> <span class='ocrx_word' id='word_1_59' title='bbox 691 480 761 515; x_wconf 78' lang='grc' dir='ltr'>αὕτη</span> <span class='ocrx_word' id='word_1_60' title='bbox 782 480 811 507; x_wconf 80' lang='grc' dir='ltr'>δὲ</span> <span class='ocrx_word' id='word_1_61' title='bbox 833 480 913 515; x_wconf 78' lang='grc' dir='ltr'>δόξης</span> <span class='ocrx_word' id='word_1_62' title='bbox 942 480 1077 513; x_wconf 74' lang='grc' dir='ltr'><strong>διακονία,</strong></span> 
     </span>
    </p>
   </div>
   <div class='ocr_carea' id='block_1_12' title="bbox 287 525 1076 563">
    <p class='ocr_par' dir='ltr' id='par_1_12' title="bbox 287 525 1076 563">
     <span class='ocr_line' id='line_1_12' title="bbox 287 525 1076 563; baseline -0.004 -8"><span class='ocrx_word' id='word_1_63' title='bbox 287 528 473 563; x_wconf 75' lang='grc' dir='ltr'>ἀναμφίδολον</span> <span class='ocrx_word' id='word_1_64' title='bbox 489 527 530 553; x_wconf 87' lang='grc' dir='ltr'>ὅτι</span> <span class='ocrx_word' id='word_1_65' title='bbox 549 527 566 561; x_wconf 79' lang='grc' dir='ltr'>ἡ</span> <span class='ocrx_word' id='word_1_66' title='bbox 594 526 658 558; x_wconf 79' lang='grc' dir='ltr'>δόξα</span> <span class='ocrx_word' id='word_1_67' title='bbox 672 525 742 561; x_wconf 71' lang='grc' dir='ltr'>αὕτη</span> <span class='ocrx_word' id='word_1_68' title='bbox 761 526 867 561; x_wconf 74' lang='grc' dir='ltr'>ἐκείνης</span> <span class='ocrx_word' id='word_1_69' title='bbox 881 526 982 561; x_wconf 80' lang='grc' dir='ltr'>μείζων</span> <span class='ocrx_word' id='word_1_70' title='bbox 999 526 1057 552; x_wconf 84' lang='grc' dir='ltr'>ὲστί</span> <span class='ocrx_word' id='word_1_71' title='bbox 1069 534 1076 542; x_wconf 64' lang='grc' dir='ltr'><strong>ε</strong></span> 
     </span>
    </p>
   </div>
   <div class='ocr_carea' id='block_1_13' title="bbox 287 572 1079 610">
    <p class='ocr_par' dir='ltr' id='par_1_13' title="bbox 287 572 1079 610">
     <span class='ocr_line' id='line_1_13' title="bbox 287 572 1079 610; baseline -0.003 -8"><span class='ocrx_word' id='word_1_72' title='bbox 287 575 427 602; x_wconf 81' lang='grc' dir='ltr'>διακονίαν</span> <span class='ocrx_word' id='word_1_73' title='bbox 444 574 471 601; x_wconf 82' lang='grc' dir='ltr'>δὲ</span> <span class='ocrx_word' id='word_1_74' title='bbox 487 573 614 605; x_wconf 80' lang='grc' dir='ltr'><strong>Θανάτου,</strong></span> <span class='ocrx_word' id='word_1_75' title='bbox 631 574 677 600; x_wconf 82' lang='grc' dir='ltr'><strong>τὸν</strong></span> <span class='ocrx_word' id='word_1_76' title='bbox 690 573 773 608; x_wconf 79' lang='grc' dir='ltr'>νόμον</span> <span class='ocrx_word' id='word_1_77' title='bbox 787 572 872 607; x_wconf 81' lang='grc' dir='ltr'>λέγει.</span> <span class='ocrx_word' id='word_1_78' title='bbox 888 574 1013 600; x_wconf 85' lang='grc' dir='ltr'>Διακονεῖ</span> <span class='ocrx_word' id='word_1_79' title='bbox 1024 573 1079 610; x_wconf 82' lang='grc' dir='ltr'><strong>γὰρ</strong></span> 
     </span>
    </p>
   </div>
   <div class='ocr_carea' id='block_1_14' title="bbox 289 619 875 656">
    <p class='ocr_par' dir='ltr' id='par_1_14' title="bbox 289 619 875 656">
     <span class='ocr_line' id='line_1_14' title="bbox 289 619 875 656; baseline -0.002 -8"><span class='ocrx_word' id='word_1_80' title='bbox 289 622 328 654; x_wconf 84' lang='grc' dir='ltr'><strong>είς</strong></span> <span class='ocrx_word' id='word_1_81' title='bbox 345 621 471 653; x_wconf 83' lang='grc' dir='ltr'>θάνατον,</span> <span class='ocrx_word' id='word_1_82' title='bbox 491 620 610 656; x_wconf 78' lang='grc' dir='ltr'>ἐλέγχων</span> <span class='ocrx_word' id='word_1_83' title='bbox 623 619 657 646; x_wconf 78' lang='grc' dir='ltr'>τὰ</span> <span class='ocrx_word' id='word_1_84' title='bbox 675 620 875 656; x_wconf 79' lang='grc' dir='ltr'>ἁμαρτήματα.</span> 
     </span>
    </p>
   </div>
   <div class='ocr_carea' id='block_1_15' title="bbox 330 707 1080 744">
    <p class='ocr_par' dir='ltr' id='par_1_15' title="bbox 330 707 1080 744">
     <span class='ocr_line' id='line_1_15' title="bbox 330 707 1080 744; baseline -0.001 -8"><span class='ocrx_word' id='word_1_85' title='bbox 330 719 339 736; x_wconf 75' lang='grc' dir='ltr'><strong>ι</strong></span> <span class='ocrx_word' id='word_1_86' title='bbox 365 710 409 738; x_wconf 85' lang='grc' dir='ltr'>Ἐν</span> <span class='ocrx_word' id='word_1_87' title='bbox 430 709 605 744; x_wconf 85' lang='grc' dir='ltr'>γράμμασιν,</span> <span class='ocrx_word' id='word_1_88' title='bbox 627 707 836 744; x_wconf 78' lang='grc' dir='ltr'><strong>ἐντετυπωμένη</strong></span> <span class='ocrx_word' id='word_1_89' title='bbox 849 708 878 736; x_wconf 81' lang='grc' dir='ltr'>ἐν</span> <span class='ocrx_word' id='word_1_90' title='bbox 892 707 986 740; x_wconf 77' lang='grc' dir='ltr'><strong>λίθοις,</strong></span> <span class='ocrx_word' id='word_1_91' title='bbox 1001 710 1080 742; x_wconf 79' lang='grc' dir='ltr'>ἐγεν-</span> 
     </span>
    </p>
   </div>
   <div class='ocr_carea' id='block_1_16' title="bbox 288 753 1081 792">
    <p class='ocr_par' dir='ltr' id='par_1_16' title="bbox 288 753 1081 792">
     <span class='ocr_line' id='line_1_16' title="bbox 288 753 1081 792; baseline -0.001 -9"><span class='ocrx_word' id='word_1_92' title='bbox 288 757 358 792; x_wconf 82' lang='grc' dir='ltr'><strong>νήθη</strong></span> <span class='ocrx_word' id='word_1_93' title='bbox 375 756 404 782; x_wconf 81' lang='grc' dir='ltr'>ὲν</span> <span class='ocrx_word' id='word_1_94' title='bbox 424 755 499 792; x_wconf 79' lang='grc' dir='ltr'>δόξῃ,</span> <span class='ocrx_word' id='word_1_95' title='bbox 513 755 587 782; x_wconf 85' lang='grc' dir='ltr'>ὥστε</span> <span class='ocrx_word' id='word_1_96' title='bbox 600 755 637 791; x_wconf 84' lang='grc' dir='ltr'>μὴ</span> <span class='ocrx_word' id='word_1_97' title='bbox 650 755 780 782; x_wconf 81' lang='grc' dir='ltr'>δύνασθαι</span> <span class='ocrx_word' id='word_1_98' title='bbox 796 753 918 782; x_wconf 79' lang='grc' dir='ltr'>ἀτενίσαι</span> <span class='ocrx_word' id='word_1_99' title='bbox 928 755 991 786; x_wconf 75' lang='grc' dir='ltr'>τοὺς</span> <span class='ocrx_word' id='word_1_100' title='bbox 1006 755 1081 786; x_wconf 82' lang='grc' dir='ltr'>υἱοὺς</span> 
     </span>
    </p>
   </div>
   <div class='ocr_carea' id='block_1_17' title="bbox 295 799 1080 838">
    <p class='ocr_par' dir='ltr' id='par_1_17' title="bbox 295 799 1080 838">
     <span class='ocr_line' id='line_1_17' title="bbox 295 799 1080 838; baseline -0.004 -9"><span class='ocrx_word' id='word_1_101' title='bbox 295 802 403 838; x_wconf 79' lang='grc' dir='ltr'>Ἰσραὴλ</span> <span class='ocrx_word' id='word_1_102' title='bbox 433 802 474 833; x_wconf 84' lang='grc' dir='ltr'><strong>είς</strong></span> <span class='ocrx_word' id='word_1_103' title='bbox 497 801 528 828; x_wconf 83' lang='grc' dir='ltr'><strong>τὺ</strong></span> <span class='ocrx_word' id='word_1_104' title='bbox 551 801 699 836; x_wconf 79' lang='grc' dir='ltr'>πρόσωπον</span> <span class='ocrx_word' id='word_1_105' title='bbox 715 799 855 832; x_wconf 82' lang='grc' dir='ltr'>Μωῦσέως</span> <span class='ocrx_word' id='word_1_106' title='bbox 872 800 918 827; x_wconf 80' lang='grc' dir='ltr'>διὰ</span> <span class='ocrx_word' id='word_1_107' title='bbox 929 800 978 835; x_wconf 79' lang='grc' dir='ltr'><strong>τὴν</strong></span> <span class='ocrx_word' id='word_1_108' title='bbox 1001 799 1080 833; x_wconf 76' lang='grc' dir='ltr'>δόξαν</span> 
     </span>
    </p>
   </div>
   <div class='ocr_carea' id='block_1_18' title="bbox 289 846 1080 884">
    <p class='ocr_par' dir='ltr' id='par_1_18' title="bbox 289 846 1080 884">
     <span class='ocr_line' id='line_1_18' title="bbox 289 846 1080 884; baseline -0.003 -9"><span class='ocrx_word' id='word_1_109' title='bbox 289 848 337 875; x_wconf 80' lang='grc' dir='ltr'>τοῦ</span> <span class='ocrx_word' id='word_1_110' title='bbox 349 847 498 884; x_wconf 84' lang='grc' dir='ltr'>προσώπου</span> <span class='ocrx_word' id='word_1_111' title='bbox 515 847 598 874; x_wconf 72' lang='grc' dir='ltr'>αὐτοῦ</span> <span class='ocrx_word' id='word_1_112' title='bbox 618 847 668 882; x_wconf 82' lang='grc' dir='ltr'>τὴν</span> <span class='ocrx_word' id='word_1_113' title='bbox 686 846 926 883; x_wconf 75' lang='grc' dir='ltr'>καταργουμένην,</span> <span class='ocrx_word' id='word_1_114' title='bbox 944 846 1003 878; x_wconf 81' lang='grc' dir='ltr'>πῶς</span> <span class='ocrx_word' id='word_1_115' title='bbox 1019 846 1080 881; x_wconf 80' lang='grc' dir='ltr'>οὐχὶ</span> 
     </span>
    </p>
   </div>
   <div class='ocr_carea' id='block_1_19' title="bbox 292 883 1119 929">
    <p class='ocr_par' dir='ltr' id='par_1_19' title="bbox 292 883 1119 929">
     <span class='ocr_line' id='line_1_19' title="bbox 292 883 1119 929; baseline -0.001 -9"><span class='ocrx_word' id='word_1_116' title='bbox 292 883 392 928; x_wconf 78' lang='grc' dir='ltr'>μᾶλλον</span> <span class='ocrx_word' id='word_1_117' title='bbox 408 894 425 929; x_wconf 84' lang='grc' dir='ltr'>ἡ</span> <span class='ocrx_word' id='word_1_118' title='bbox 440 892 562 920; x_wconf 76' lang='grc' dir='ltr'>διακονία</span> <span class='ocrx_word' id='word_1_119' title='bbox 581 892 628 920; x_wconf 78' lang='grc' dir='ltr'>τοῦ</span> <span class='ocrx_word' id='word_1_120' title='bbox 655 893 814 928; x_wconf 85' lang='grc' dir='ltr'>Πνεύματος</span> <span class='ocrx_word' id='word_1_121' title='bbox 841 892 918 920; x_wconf 79' lang='grc' dir='ltr'>ἔσται</span> <span class='ocrx_word' id='word_1_122' title='bbox 944 894 973 920; x_wconf 82' lang='grc' dir='ltr'>ὲν</span> <span class='ocrx_word' id='word_1_123' title='bbox 1000 892 1080 928; x_wconf 75' lang='grc' dir='ltr'>δόξῃς</span> <span class='ocrx_word' id='word_1_124' title='bbox 1097 883 1119 910; x_wconf 75' lang='grc' dir='ltr'><strong><em>Β</em></strong></span> 
     </span>
    </p>
   </div>
   <div class='ocr_carea' id='block_1_20' title="bbox 291 938 1082 976">
    <p class='ocr_par' dir='ltr' id='par_1_20' title="bbox 291 938 1082 976">
     <span class='ocr_line' id='line_1_20' title="bbox 291 938 1082 976; baseline 0 -10"><span class='ocrx_word' id='word_1_125' title='bbox 291 940 322 966; x_wconf 86' lang='lat' dir='ltr'><strong>El</strong></span> <span class='ocrx_word' id='word_1_126' title='bbox 332 940 387 976; x_wconf 81' lang='grc' dir='ltr'><strong>γὰρ</strong></span> <span class='ocrx_word' id='word_1_127' title='bbox 401 940 418 975; x_wconf 81' lang='grc' dir='ltr'>ἡ</span> <span class='ocrx_word' id='word_1_128' title='bbox 432 939 554 966; x_wconf 82' lang='grc' dir='ltr'>διακονία</span> <span class='ocrx_word' id='word_1_129' title='bbox 568 939 757 975; x_wconf 81' lang='grc' dir='ltr'>κατακρίσεως</span> <span class='ocrx_word' id='word_1_130' title='bbox 779 939 855 972; x_wconf 81' lang='grc' dir='ltr'>δόξα,</span> <span class='ocrx_word' id='word_1_131' title='bbox 876 938 966 973; x_wconf 86' lang='grc' dir='ltr'>πολλῷ</span> <span class='ocrx_word' id='word_1_132' title='bbox 983 938 1082 973; x_wconf 83' lang='grc' dir='ltr'>μᾶλλον</span> 
     </span>
    </p>
   </div>
   <div class='ocr_carea' id='block_1_21' title="bbox 291 983 1037 1021">
    <p class='ocr_par' dir='ltr' id='par_1_21' title="bbox 291 983 1037 1021">
     <span class='ocr_line' id='line_1_21' title="bbox 291 983 1037 1021; baseline -0.003 -9"><span class='ocrx_word' id='word_1_133' title='bbox 291 985 452 1021; x_wconf 77' lang='grc' dir='ltr'><strong>περισσεύει</strong></span> <span class='ocrx_word' id='word_1_134' title='bbox 466 986 482 1020; x_wconf 85' lang='grc' dir='ltr'>ἡ</span> <span class='ocrx_word' id='word_1_135' title='bbox 496 985 620 1012; x_wconf 80' lang='grc' dir='ltr'>διακονία</span> <span class='ocrx_word' id='word_1_136' title='bbox 632 985 681 1020; x_wconf 85' lang='grc' dir='ltr'>τῆς</span> <span class='ocrx_word' id='word_1_137' title='bbox 697 984 875 1020; x_wconf 79' lang='grc' dir='ltr'>δικαιοσύνης</span> <span class='ocrx_word' id='word_1_138' title='bbox 890 985 919 1011; x_wconf 81' lang='grc' dir='ltr'>ἐν</span> <span class='ocrx_word' id='word_1_139' title='bbox 938 983 1011 1019; x_wconf 74' lang='grc' dir='ltr'>δόξῃ.</span> <span class='ocrx_word' id='word_1_140' title='bbox 1028 992 1037 1010; x_wconf 75' lang='lat' dir='ltr'><strong>t</strong></span> 
     </span>
    </p>
   </div>
   <div class='ocr_carea' id='block_1_22' title="bbox 325 1030 913 1066">
    <p class='ocr_par' dir='ltr' id='par_1_22' title="bbox 325 1030 913 1066">
     <span class='ocr_line' id='line_1_22' title="bbox 325 1030 913 1066; baseline -0.002 -8"><span class='ocrx_word' id='word_1_141' title='bbox 325 1031 464 1066; x_wconf 84' lang='grc' dir='ltr'>Καθαιρεῖ</span> <span class='ocrx_word' id='word_1_142' title='bbox 471 1031 553 1058; x_wconf 81' lang='grc' dir='ltr'>πάλιν</span> <span class='ocrx_word' id='word_1_143' title='bbox 568 1030 599 1057; x_wconf 79' lang='grc' dir='ltr'>τὸ</span> <span class='ocrx_word' id='word_1_144' title='bbox 613 1030 759 1057; x_wconf 80' lang='grc' dir='ltr'>Ἰουδαϊκὸν</span> <span class='ocrx_word' id='word_1_145' title='bbox 774 1030 913 1066; x_wconf 86' lang='grc' dir='ltr'>φρόνημα.</span> 
     </span>
    </p>
   </div>
   <div class='ocr_carea' id='block_1_23' title="bbox 329 1076 1084 1113">
    <p class='ocr_par' dir='ltr' id='par_1_23' title="bbox 329 1076 1084 1113">
     <span class='ocr_line' id='line_1_23' title="bbox 329 1076 1084 1113; baseline 0 -9"><span class='ocrx_word' id='word_1_146' title='bbox 329 1086 339 1103; x_wconf 74' lang='grc' dir='ltr'>ι</span> <span class='ocrx_word' id='word_1_147' title='bbox 358 1078 415 1104; x_wconf 79' lang='grc' dir='ltr'><strong>Καὶ</strong></span> <span class='ocrx_word' id='word_1_148' title='bbox 438 1076 492 1113; x_wconf 85' lang='grc' dir='ltr'><strong>γὰρ</strong></span> <span class='ocrx_word' id='word_1_149' title='bbox 521 1078 551 1104; x_wconf 84' lang='grc' dir='ltr'>οὐ</span> <span class='ocrx_word' id='word_1_150' title='bbox 585 1076 742 1109; x_wconf 78' lang='grc' dir='ltr'>δεδόξασται</span> <span class='ocrx_word' id='word_1_151' title='bbox 770 1077 800 1103; x_wconf 75' lang='grc' dir='ltr'>τὸ</span> <span class='ocrx_word' id='word_1_152' title='bbox 826 1077 1022 1112; x_wconf 79' lang='grc' dir='ltr'>δεδοξασμένον</span> <span class='ocrx_word' id='word_1_153' title='bbox 1055 1077 1084 1104; x_wconf 83' lang='grc' dir='ltr'>ὲν</span> 
     </span>
    </p>
   </div>
   <div class='ocr_carea' id='block_1_24' title="bbox 291 1123 1082 1160">
    <p class='ocr_par' dir='ltr' id='par_1_24' title="bbox 291 1123 1082 1160">
     <span class='ocr_line' id='line_1_24' title="bbox 291 1123 1082 1160; baseline -0.003 -8"><span class='ocrx_word' id='word_1_154' title='bbox 291 1125 379 1160; x_wconf 81' lang='grc' dir='ltr'>τούτῳ</span> <span class='ocrx_word' id='word_1_155' title='bbox 390 1124 431 1160; x_wconf 86' lang='grc' dir='ltr'><strong>τῷ</strong></span> <span class='ocrx_word' id='word_1_156' title='bbox 452 1125 542 1160; x_wconf 80' lang='grc' dir='ltr'><strong>μέρει,</strong></span> <span class='ocrx_word' id='word_1_157' title='bbox 558 1124 666 1151; x_wconf 86' lang='grc' dir='ltr'>εῖνεκεν</span> <span class='ocrx_word' id='word_1_158' title='bbox 685 1124 736 1158; x_wconf 80' lang='grc' dir='ltr'>τῆς</span> <span class='ocrx_word' id='word_1_159' title='bbox 751 1123 978 1159; x_wconf 74' lang='grc' dir='ltr'>ὑπερϐαλλούσης</span> <span class='ocrx_word' id='word_1_160' title='bbox 993 1123 1082 1159; x_wconf 76' lang='grc' dir='ltr'>δόξης.</span> 
     </span>
    </p>
   </div>
   <div class='ocr_carea' id='block_1_25' title="bbox 292 1169 1085 1206">
    <p class='ocr_par' dir='ltr' id='par_1_25' title="bbox 292 1169 1085 1206">
     <span class='ocr_line' id='line_1_25' title="bbox 292 1169 1085 1206; baseline -0.003 -8"><span class='ocrx_word' id='word_1_161' title='bbox 292 1171 325 1199; x_wconf 77' lang='grc' dir='ltr'><strong>Εἰ</strong></span> <span class='ocrx_word' id='word_1_162' title='bbox 339 1171 393 1206; x_wconf 83' lang='grc' dir='ltr'><strong>γὰρ</strong></span> <span class='ocrx_word' id='word_1_163' title='bbox 405 1171 437 1198; x_wconf 83' lang='grc' dir='ltr'>τὸ</span> <span class='ocrx_word' id='word_1_164' title='bbox 453 1170 679 1206; x_wconf 80' lang='grc' dir='ltr'>καταργούμενον</span> <span class='ocrx_word' id='word_1_165' title='bbox 693 1170 738 1197; x_wconf 85' lang='grc' dir='ltr'><strong>διὰ</strong></span> <span class='ocrx_word' id='word_1_166' title='bbox 761 1170 852 1205; x_wconf 74' lang='grc' dir='ltr'>δόξης,</span> <span class='ocrx_word' id='word_1_167' title='bbox 872 1169 964 1205; x_wconf 83' lang='grc' dir='ltr'>πολλῷ</span> <span class='ocrx_word' id='word_1_168' title='bbox 982 1169 1085 1205; x_wconf 80' lang='grc' dir='ltr'>μᾶλλον</span> 
     </span>
    </p>
   </div>
   <div class='ocr_carea' id='block_1_26' title="bbox 292 1217 599 1254">
    <p class='ocr_par' dir='ltr' id='par_1_26' title="bbox 292 1217 599 1254">
     <span class='ocr_line' id='line_1_26' title="bbox 292 1217 599 1254; baseline -0.007 -8"><span class='ocrx_word' id='word_1_169' title='bbox 292 1218 323 1246; x_wconf 83' lang='grc' dir='ltr'><strong>τδ</strong></span> <span class='ocrx_word' id='word_1_170' title='bbox 345 1219 478 1254; x_wconf 81' lang='grc' dir='ltr'>μένον,ὲν</span> <span class='ocrx_word' id='word_1_171' title='bbox 494 1217 568 1253; x_wconf 79' lang='grc' dir='ltr'>δόξῃ.</span> <span class='ocrx_word' id='word_1_172' title='bbox 589 1227 599 1244; x_wconf 77' lang='lat' dir='ltr'><strong>t</strong></span> 
     </span>
    </p>
   </div>
   <div class='ocr_carea' id='block_1_27' title="bbox 328 1261 1086 1300">
    <p class='ocr_par' dir='ltr' id='par_1_27' title="bbox 328 1261 1086 1300">
     <span class='ocr_line' id='line_1_27' title="bbox 328 1261 1086 1300; baseline -0.004 -9"><span class='ocrx_word' id='word_1_173' title='bbox 328 1266 378 1291; x_wconf 81' lang='grc' dir='ltr'>Ἂν</span> <span class='ocrx_word' id='word_1_174' title='bbox 394 1264 597 1300; x_wconf 81' lang='grc' dir='ltr'>συγκρίνωμεν,</span> <span class='ocrx_word' id='word_1_175' title='bbox 612 1263 689 1298; x_wconf 77' lang='grc' dir='ltr'>φησὶ,</span> <span class='ocrx_word' id='word_1_176' title='bbox 705 1262 807 1298; x_wconf 81' lang='grc' dir='ltr'>ταύτην</span> <span class='ocrx_word' id='word_1_177' title='bbox 822 1262 902 1295; x_wconf 80' lang='grc' dir='ltr'>δόξαν</span> <span class='ocrx_word' id='word_1_178' title='bbox 913 1261 1086 1299; x_wconf 81' lang='grc' dir='ltr'>ὲκείνῃ,οὐδὲ</span> 
     </span>
    </p>
   </div>
   <div class='ocr_carea' id='block_1_28' title="bbox 294 1306 1086 1346">
    <p class='ocr_par' dir='ltr' id='par_1_28' title="bbox 294 1306 1086 1346">
     <span class='ocr_line' id='line_1_28' title="bbox 294 1306 1086 1346; baseline -0.006 -7"><span class='ocrx_word' id='word_1_179' title='bbox 294 1310 358 1345; x_wconf 77' lang='grc' dir='ltr'>δόξα</span> <span class='ocrx_word' id='word_1_180' title='bbox 372 1311 447 1339; x_wconf 79' lang='grc' dir='ltr'>ἐστὶν</span> <span class='ocrx_word' id='word_1_181' title='bbox 471 1312 488 1346; x_wconf 86' lang='grc' dir='ltr'><strong>ἠ</strong></span> <span class='ocrx_word' id='word_1_182' title='bbox 511 1310 575 1344; x_wconf 76' lang='grc' dir='ltr'>δόξα</span> <span class='ocrx_word' id='word_1_183' title='bbox 587 1309 638 1345; x_wconf 82' lang='grc' dir='ltr'>τῆς</span> <span class='ocrx_word' id='word_1_184' title='bbox 649 1310 778 1342; x_wconf 81' lang='grc' dir='ltr'>παλαιᾶς.</span> <span class='ocrx_word' id='word_1_185' title='bbox 793 1310 849 1345; x_wconf 85' lang='grc' dir='ltr'><strong>Ούχ</strong></span> <span class='ocrx_word' id='word_1_186' title='bbox 863 1306 955 1341; x_wconf 82' lang='grc' dir='ltr'>ἁπλῶς</span> <span class='ocrx_word' id='word_1_187' title='bbox 968 1309 995 1335; x_wconf 77' lang='grc' dir='ltr'>δὲ</span> <span class='ocrx_word' id='word_1_188' title='bbox 1005 1308 1036 1335; x_wconf 80' lang='grc' dir='ltr'>τὸ</span> <span class='ocrx_word' id='word_1_189' title='bbox 1047 1307 1086 1343; x_wconf 84' lang='grc' dir='ltr'>μὴ</span> 
     </span>
    </p>
   </div>
   <div class='ocr_carea' id='block_1_29' title="bbox 295 1353 1086 1390">
    <p class='ocr_par' dir='ltr' id='par_1_29' title="bbox 295 1353 1086 1390">
     <span class='ocr_line' id='line_1_29' title="bbox 295 1353 1086 1390; baseline -0.005 -5"><span class='ocrx_word' id='word_1_190' title='bbox 295 1355 365 1385; x_wconf 77' lang='grc' dir='ltr'>εἶναι</span> <span class='ocrx_word' id='word_1_191' title='bbox 375 1357 454 1390; x_wconf 78' lang='grc' dir='ltr'>δόξαν</span> <span class='ocrx_word' id='word_1_192' title='bbox 473 1355 687 1388; x_wconf 83' lang='grc' dir='ltr'>κατασκευάζει.</span> <span class='ocrx_word' id='word_1_193' title='bbox 703 1355 750 1382; x_wconf 86' lang='grc' dir='ltr'>Διὺ</span> <span class='ocrx_word' id='word_1_194' title='bbox 765 1355 875 1390; x_wconf 76' lang='grc' dir='ltr'>ἐπάγει,</span> <span class='ocrx_word' id='word_1_195' title='bbox 890 1355 925 1382; x_wconf 84' lang='grc' dir='ltr'><strong>ὲν</strong></span> <span class='ocrx_word' id='word_1_196' title='bbox 938 1355 1033 1387; x_wconf 79' lang='grc' dir='ltr'>τούτῳ</span> <span class='ocrx_word' id='word_1_197' title='bbox 1046 1353 1086 1387; x_wconf 80' lang='grc' dir='ltr'>τῷ</span> 
     </span>
    </p>
   </div>
   <div class='ocr_carea' id='block_1_30' title="bbox 292 1401 1032 1440">
    <p class='ocr_par' dir='ltr' id='par_1_30' title="bbox 292 1401 1032 1440">
     <span class='ocr_line' id='line_1_30' title="bbox 292 1401 1032 1440; baseline -0.005 -8"><span class='ocrx_word' id='word_1_198' title='bbox 292 1404 534 1440; x_wconf 80' lang='grc' dir='ltr'>μέρει,τουτέστιν</span> <span class='ocrx_word' id='word_1_199' title='bbox 546 1402 618 1430; x_wconf 79' lang='grc' dir='ltr'>κατὰ</span> <span class='ocrx_word' id='word_1_200' title='bbox 629 1402 673 1430; x_wconf 76' lang='grc' dir='ltr'><strong>τὸν</strong></span> <span class='ocrx_word' id='word_1_201' title='bbox 690 1402 739 1439; x_wconf 82' lang='grc' dir='ltr'>τῆς</span> <span class='ocrx_word' id='word_1_202' title='bbox 754 1402 926 1438; x_wconf 84' lang='grc' dir='ltr'>συγκρίσεως</span> <span class='ocrx_word' id='word_1_203' title='bbox 942 1401 1032 1436; x_wconf 87' lang='grc' dir='ltr'>λόγον.</span> 
     </span>
    </p>
   </div>
   <div class='ocr_carea' id='block_1_31' title="bbox 334 1489 1086 1529">
    <p class='ocr_par' dir='ltr' id='par_1_31' title="bbox 334 1489 1086 1529">
     <span class='ocr_line' id='line_1_31' title="bbox 334 1489 1086 1529; baseline -0.003 -9"><span class='ocrx_word' id='word_1_204' title='bbox 334 1504 343 1520; x_wconf 80' lang='grc' dir='ltr'><strong>ι</strong></span> <span class='ocrx_word' id='word_1_205' title='bbox 363 1494 492 1529; x_wconf 79' lang='grc' dir='ltr'>Ἔχοντες</span> <span class='ocrx_word' id='word_1_206' title='bbox 504 1489 551 1520; x_wconf 81' lang='grc' dir='ltr'>οὖν</span> <span class='ocrx_word' id='word_1_207' title='bbox 566 1491 697 1525; x_wconf 82' lang='grc' dir='ltr'>τοιαύτην</span> <span class='ocrx_word' id='word_1_208' title='bbox 715 1492 822 1525; x_wconf 82' lang='grc' dir='ltr'>ἐλπίδα,</span> <span class='ocrx_word' id='word_1_209' title='bbox 841 1491 924 1527; x_wconf 82' lang='grc' dir='ltr'>πολλῇ</span> <span class='ocrx_word' id='word_1_210' title='bbox 943 1492 1086 1528; x_wconf 73' lang='grc' dir='ltr'>παρρησίᾳ</span> 
     </span>
    </p>
   </div>
   <div class='ocr_carea' id='block_1_32' title="bbox 1130 247 1923 285">
    <p class='ocr_par' dir='ltr' id='par_1_32' title="bbox 1130 247 1923 285">
     <span class='ocr_line' id='line_1_32' title="bbox 1130 247 1923 285; baseline -0.003 -9"><span class='ocrx_word' id='word_1_211' title='bbox 1130 251 1303 284; x_wconf 84' lang='lat' dir='ltr'><strong>puniuntur;</strong></span> <span class='ocrx_word' id='word_1_212' title='bbox 1331 251 1461 285; x_wconf 86' lang='lat' dir='ltr'><strong>spiritum</strong></span> <span class='ocrx_word' id='word_1_213' title='bbox 1487 254 1598 283; x_wconf 87' lang='lat' dir='ltr'><strong>autent,</strong></span> <span class='ocrx_word' id='word_1_214' title='bbox 1621 249 1750 285; x_wconf 84' lang='lat' dir='ltr'><strong>gratiam,</strong></span> <span class='ocrx_word' id='word_1_215' title='bbox 1769 257 1830 284; x_wconf 78' lang='lat' dir='ltr'><strong>qua:</strong></span> <span class='ocrx_word' id='word_1_216' title='bbox 1859 247 1923 282; x_wconf 85' lang='lat' dir='ltr'><strong>Spi-</strong></span> 
     </span>
    </p>
   </div>
   <div class='ocr_carea' id='block_1_33' title="bbox 1128 297 1921 332">
    <p class='ocr_par' dir='ltr' id='par_1_33' title="bbox 1128 297 1921 332">
     <span class='ocr_line' id='line_1_33' title="bbox 1128 297 1921 332; baseline -0.001 -9"><span class='ocrx_word' id='word_1_217' title='bbox 1128 297 1198 323; x_wconf 83' lang='lat' dir='ltr'><strong>ritus</strong></span> <span class='ocrx_word' id='word_1_218' title='bbox 1224 304 1306 331; x_wconf 81' lang='lat' dir='ltr'><strong>opera</strong></span> <span class='ocrx_word' id='word_1_219' title='bbox 1336 297 1419 323; x_wconf 86' lang='lat' dir='ltr'><strong>vitam</strong></span> <span class='ocrx_word' id='word_1_220' title='bbox 1448 300 1561 332; x_wconf 65' lang='lat' dir='ltr'><strong>praestat</strong></span> <span class='ocrx_word' id='word_1_221' title='bbox 1584 297 1641 324; x_wconf 83' lang='lat' dir='ltr'><strong>illis</strong></span> <span class='ocrx_word' id='word_1_222' title='bbox 1666 297 1712 331; x_wconf 85' lang='lat' dir='ltr'><strong>qui</strong></span> <span class='ocrx_word' id='word_1_223' title='bbox 1734 303 1782 331; x_wconf 90' lang='lat' dir='ltr'><strong>per</strong></span> <span class='ocrx_word' id='word_1_224' title='bbox 1809 300 1921 331; x_wconf 72' lang='lat' dir='ltr'><strong>peccata</strong></span> 
     </span>
    </p>
   </div>
   <div class='ocr_carea' id='block_1_34' title="bbox 1129 342 1339 369">
    <p class='ocr_par' dir='ltr' id='par_1_34' title="bbox 1129 342 1339 369">
     <span class='ocr_line' id='line_1_34' title="bbox 1129 342 1339 369; baseline 0.005 -1"><span class='ocrx_word' id='word_1_225' title='bbox 1129 342 1230 369; x_wconf 91' lang='lat' dir='ltr'><strong>mortui</strong></span> <span class='ocrx_word' id='word_1_226' title='bbox 1249 347 1339 369; x_wconf 86' lang='lat' dir='ltr'><strong>erant.</strong></span> 
     </span>
    </p>
   </div>
   <div class='ocr_carea' id='block_1_35' title="bbox 1167 387 1796 420">
    <p class='ocr_par' dir='ltr' id='par_1_35' title="bbox 1167 387 1796 420">
     <span class='ocr_line' id='line_1_35' title="bbox 1167 387 1796 420; baseline 0.002 -8"><span class='ocrx_word' id='word_1_227' title='bbox 1167 387 1248 414; x_wconf 76' lang='lat' dir='ltr'><strong>Vnus.</strong></span> <span class='ocrx_word' id='word_1_228' title='bbox 1265 387 1289 414; x_wconf 84' lang='lat'><strong>7.</strong></span> <span class='ocrx_word' id='word_1_229' title='bbox 1310 396 1321 414; x_wconf 74' lang='grc' dir='ltr'><strong>ι</strong></span> <span class='ocrx_word' id='word_1_230' title='bbox 1341 387 1419 420; x_wconf 80' lang='lat' dir='ltr'><strong>Quod</strong></span> <span class='ocrx_word' id='word_1_231' title='bbox 1437 387 1459 415; x_wconf 93' lang='lat' dir='ltr'><strong>si</strong></span> <span class='ocrx_word' id='word_1_232' title='bbox 1482 388 1648 415; x_wconf 72' lang='lat' dir='ltr'><strong>ministratio</strong></span> <span class='ocrx_word' id='word_1_233' title='bbox 1662 388 1771 415; x_wconf 77' lang='lat' dir='ltr'><strong>mortis.</strong></span> <span class='ocrx_word' id='word_1_234' title='bbox 1786 396 1796 413; x_wconf 80' lang='grc' dir='ltr'><strong>ι</strong></span> 
     </span>
    </p>
   </div>
   <div class='ocr_carea' id='block_1_36' title="bbox 1164 432 1923 468">
    <p class='ocr_par' dir='ltr' id='par_1_36' title="bbox 1164 432 1923 468">
     <span class='ocr_line' id='line_1_36' title="bbox 1164 432 1923 468; baseline 0 -8"><span class='ocrx_word' id='word_1_235' title='bbox 1164 433 1408 468; x_wconf 88' lang='lat' dir='ltr'><strong>Coutparationem</strong></span> <span class='ocrx_word' id='word_1_236' title='bbox 1438 433 1528 460; x_wconf 84' lang='lat' dir='ltr'><strong>adhuc</strong></span> <span class='ocrx_word' id='word_1_237' title='bbox 1550 434 1713 468; x_wconf 82' lang='lat' dir='ltr'><strong>exsequitur</strong></span> <span class='ocrx_word' id='word_1_238' title='bbox 1735 443 1742 460; x_wconf 90' lang='lat'>:</span> <span class='ocrx_word' id='word_1_239' title='bbox 1767 437 1850 468; x_wconf 87' lang='lat' dir='ltr'><strong>atque</strong></span> <span class='ocrx_word' id='word_1_240' title='bbox 1878 432 1923 460; x_wconf 84' lang='lat' dir='ltr'><strong>hic</strong></span> 
     </span>
    </p>
   </div>
   <div class='ocr_carea' id='block_1_37' title="bbox 1129 477 1923 512">
    <p class='ocr_par' dir='ltr' id='par_1_37' title="bbox 1129 477 1923 512">
     <span class='ocr_line' id='line_1_37' title="bbox 1129 477 1923 512; baseline -0.005 -5"><span class='ocrx_word' id='word_1_241' title='bbox 1129 486 1229 507; x_wconf 79' lang='lat' dir='ltr'><strong>sensus</strong></span> <span class='ocrx_word' id='word_1_242' title='bbox 1245 483 1287 507; x_wconf 87' lang='lat' dir='ltr'><strong>est</strong></span> <span class='ocrx_word' id='word_1_243' title='bbox 1301 488 1308 506; x_wconf 89' lang='lat'><strong>:</strong></span> <span class='ocrx_word' id='word_1_244' title='bbox 1322 478 1400 512; x_wconf 84' lang='lat' dir='ltr'><strong>Quod</strong></span> <span class='ocrx_word' id='word_1_245' title='bbox 1415 480 1438 506; x_wconf 87' lang='lat' dir='ltr'><strong>si</strong></span> <span class='ocrx_word' id='word_1_246' title='bbox 1454 479 1637 506; x_wconf 88' lang='lat' dir='ltr'><strong>tninisteriuttt</strong></span> <span class='ocrx_word' id='word_1_247' title='bbox 1661 478 1726 505; x_wconf 87' lang='lat' dir='ltr'><strong>illud</strong></span> <span class='ocrx_word' id='word_1_248' title='bbox 1734 485 1815 504; x_wconf 83' lang='lat' dir='ltr'><strong>causa</strong></span> <span class='ocrx_word' id='word_1_249' title='bbox 1825 477 1923 505; x_wconf 78' lang='lat' dir='ltr'><strong>mortis</strong></span> 
     </span>
    </p>
   </div>
   <div class='ocr_carea' id='block_1_38' title="bbox 1129 525 1921 561">
    <p class='ocr_par' dir='ltr' id='par_1_38' title="bbox 1129 525 1921 561">
     <span class='ocr_line' id='line_1_38' title="bbox 1129 525 1921 561; baseline -0.004 -7"><span class='ocrx_word' id='word_1_250' title='bbox 1129 526 1248 559; x_wconf 89' lang='lat' dir='ltr'><strong>exstitit,</strong></span> <span class='ocrx_word' id='word_1_251' title='bbox 1277 526 1335 554; x_wconf 69' lang='lat' dir='ltr'><strong>haec</strong></span> <span class='ocrx_word' id='word_1_252' title='bbox 1357 533 1422 554; x_wconf 88' lang='lat' dir='ltr'><strong>vero</strong></span> <span class='ocrx_word' id='word_1_253' title='bbox 1448 526 1553 561; x_wconf 59' lang='lat' dir='ltr'><strong>glorire,</strong></span> <span class='ocrx_word' id='word_1_254' title='bbox 1581 525 1695 553; x_wconf 90' lang='lat' dir='ltr'><strong>dubium</strong></span> <span class='ocrx_word' id='word_1_255' title='bbox 1716 533 1772 553; x_wconf 91' lang='lat' dir='ltr'><strong>tton</strong></span> <span class='ocrx_word' id='word_1_256' title='bbox 1793 529 1834 552; x_wconf 84' lang='lat' dir='ltr'><strong>est</strong></span> <span class='ocrx_word' id='word_1_257' title='bbox 1856 526 1921 560; x_wconf 90' lang='lat' dir='ltr'><strong>quitt</strong></span> 
     </span>
    </p>
   </div>
   <div class='ocr_carea' id='block_1_39' title="bbox 1130 569 1923 606">
    <p class='ocr_par' dir='ltr' id='par_1_39' title="bbox 1130 569 1923 606">
     <span class='ocr_line' id='line_1_39' title="bbox 1130 569 1923 606; baseline -0.004 -7"><span class='ocrx_word' id='word_1_258' title='bbox 1130 571 1219 606; x_wconf 83' lang='lat' dir='ltr'><strong>gloria</strong></span> <span class='ocrx_word' id='word_1_259' title='bbox 1244 572 1298 598; x_wconf 88' lang='lat' dir='ltr'><strong>ista</strong></span> <span class='ocrx_word' id='word_1_260' title='bbox 1321 571 1409 606; x_wconf 87' lang='lat' dir='ltr'><strong>major</strong></span> <span class='ocrx_word' id='word_1_261' title='bbox 1425 571 1470 598; x_wconf 90' lang='lat' dir='ltr'><strong>illa</strong></span> <span class='ocrx_word' id='word_1_262' title='bbox 1496 571 1543 599; x_wconf 89' lang='lat' dir='ltr'><strong>sit.</strong></span> <span class='ocrx_word' id='word_1_263' title='bbox 1561 569 1695 598; x_wconf 73' lang='lat' dir='ltr'><strong>Caeterum</strong></span> <span class='ocrx_word' id='word_1_264' title='bbox 1712 570 1923 598; x_wconf 76' lang='lat' dir='ltr'><strong>tttiuiStratiouis</strong></span> 
     </span>
    </p>
   </div>
   <div class='ocr_carea' id='block_1_40' title="bbox 1130 616 1924 654">
    <p class='ocr_par' dir='ltr' id='par_1_40' title="bbox 1130 616 1924 654">
     <span class='ocr_line' id='line_1_40' title="bbox 1130 616 1924 654; baseline -0.004 -9"><span class='ocrx_word' id='word_1_265' title='bbox 1130 617 1241 645; x_wconf 86' lang='lat' dir='ltr'><strong>nomine</strong></span> <span class='ocrx_word' id='word_1_266' title='bbox 1252 618 1339 653; x_wconf 86' lang='lat' dir='ltr'><strong>legem</strong></span> <span class='ocrx_word' id='word_1_267' title='bbox 1350 617 1494 654; x_wconf 89' lang='lat' dir='ltr'><strong>exprimit.</strong></span> <span class='ocrx_word' id='word_1_268' title='bbox 1509 616 1578 644; x_wconf 84' lang='lat' dir='ltr'><strong>Nam</strong></span> <span class='ocrx_word' id='word_1_269' title='bbox 1593 616 1709 645; x_wconf 88' lang='lat' dir='ltr'><strong>inservit</strong></span> <span class='ocrx_word' id='word_1_270' title='bbox 1719 616 1800 644; x_wconf 83' lang='lat' dir='ltr'><strong>morti</strong></span> <span class='ocrx_word' id='word_1_271' title='bbox 1813 620 1924 651; x_wconf 83' lang='lat' dir='ltr'><strong>peccata</strong></span> 
     </span>
    </p>
   </div>
   <div class='ocr_carea' id='block_1_41' title="bbox 1131 663 1285 699">
    <p class='ocr_par' dir='ltr' id='par_1_41' title="bbox 1131 663 1285 699">
     <span class='ocr_line' id='line_1_41' title="bbox 1131 663 1285 699; baseline 0.013 -8"><span class='ocrx_word' id='word_1_272' title='bbox 1131 663 1285 699; x_wconf 87' lang='lat' dir='ltr'><strong>arguendo.</strong></span> 
     </span>
    </p>
   </div>
   <div class='ocr_carea' id='block_1_42' title="bbox 1169 708 1924 745">
    <p class='ocr_par' dir='ltr' id='par_1_42' title="bbox 1169 708 1924 745">
     <span class='ocr_line' id='line_1_42' title="bbox 1169 708 1924 745; baseline -0.003 -8"><span class='ocrx_word' id='word_1_273' title='bbox 1169 719 1179 736; x_wconf 83' lang='lat' dir='ltr'><strong>I</strong></span> <span class='ocrx_word' id='word_1_274' title='bbox 1200 711 1229 738; x_wconf 90' lang='lat' dir='ltr'><strong>lu</strong></span> <span class='ocrx_word' id='word_1_275' title='bbox 1244 711 1345 739; x_wconf 82' lang='lat' dir='ltr'><strong>litteris</strong></span> <span class='ocrx_word' id='word_1_276' title='bbox 1362 710 1515 738; x_wconf 82' lang='lat' dir='ltr'><strong>deformata</strong></span> <span class='ocrx_word' id='word_1_277' title='bbox 1532 710 1560 738; x_wconf 94' lang='lat' dir='ltr'><strong>in</strong></span> <span class='ocrx_word' id='word_1_278' title='bbox 1578 709 1729 745; x_wconf 83' lang='lat' dir='ltr'><strong>lapidibus,</strong></span> <span class='ocrx_word' id='word_1_279' title='bbox 1752 708 1804 736; x_wconf 78' lang='lat' dir='ltr'><strong>fuit</strong></span> <span class='ocrx_word' id='word_1_280' title='bbox 1818 708 1845 735; x_wconf 88' lang='lat' dir='ltr'><strong>itt</strong></span> <span class='ocrx_word' id='word_1_281' title='bbox 1868 708 1924 743; x_wconf 81' lang='lat' dir='ltr'><strong>glo—</strong></span> 
     </span>
    </p>
   </div>
   <div class='ocr_carea' id='block_1_43' title="bbox 1130 754 1926 792">
    <p class='ocr_par' dir='ltr' id='par_1_43' title="bbox 1130 754 1926 792">
     <span class='ocr_line' id='line_1_43' title="bbox 1130 754 1926 792; baseline -0.004 -8"><span class='ocrx_word' id='word_1_282' title='bbox 1130 757 1183 790; x_wconf 88' lang='lat' dir='ltr'><strong>ria,</strong></span> <span class='ocrx_word' id='word_1_283' title='bbox 1196 761 1226 784; x_wconf 88' lang='lat' dir='ltr'><strong>ut</strong></span> <span class='ocrx_word' id='word_1_284' title='bbox 1241 764 1296 784; x_wconf 88' lang='lat' dir='ltr'><strong>non</strong></span> <span class='ocrx_word' id='word_1_285' title='bbox 1314 761 1430 792; x_wconf 80' lang='lat' dir='ltr'><strong>possent</strong></span> <span class='ocrx_word' id='word_1_286' title='bbox 1444 756 1589 784; x_wconf 86' lang='lat' dir='ltr'><strong>intendere</strong></span> <span class='ocrx_word' id='word_1_287' title='bbox 1608 756 1654 783; x_wconf 83' lang='lat' dir='ltr'><strong>lilii</strong></span> <span class='ocrx_word' id='word_1_288' title='bbox 1678 755 1761 783; x_wconf 86' lang='lat' dir='ltr'><strong>lsrael</strong></span> <span class='ocrx_word' id='word_1_289' title='bbox 1778 755 1804 782; x_wconf 93' lang='lat' dir='ltr'><strong>in</strong></span> <span class='ocrx_word' id='word_1_290' title='bbox 1828 754 1926 782; x_wconf 79' lang='lat' dir='ltr'><strong>facient</strong></span> 
     </span>
    </p>
   </div>
   <div class='ocr_carea' id='block_1_44' title="bbox 1131 800 1926 839">
    <p class='ocr_par' dir='ltr' id='par_1_44' title="bbox 1131 800 1926 839">
     <span class='ocr_line' id='line_1_44' title="bbox 1131 800 1926 839; baseline -0.006 -8"><span class='ocrx_word' id='word_1_291' title='bbox 1131 803 1232 839; x_wconf 77' lang='lat' dir='ltr'><strong>Moysi,</strong></span> <span class='ocrx_word' id='word_1_292' title='bbox 1246 807 1360 838; x_wconf 85' lang='lat' dir='ltr'><strong>propter</strong></span> <span class='ocrx_word' id='word_1_293' title='bbox 1374 802 1490 838; x_wconf 80' lang='lat' dir='ltr'><strong>gloriam</strong></span> <span class='ocrx_word' id='word_1_294' title='bbox 1511 802 1605 830; x_wconf 78' lang='lat' dir='ltr'><strong>vultus</strong></span> <span class='ocrx_word' id='word_1_295' title='bbox 1625 800 1696 835; x_wconf 80' lang='lat' dir='ltr'><strong>ejus,</strong></span> <span class='ocrx_word' id='word_1_296' title='bbox 1722 808 1783 836; x_wconf 65' lang='lat' dir='ltr'><strong>quae</strong></span> <span class='ocrx_word' id='word_1_297' title='bbox 1808 807 1926 828; x_wconf 82' lang='lat' dir='ltr'><strong>evacua-</strong></span> 
     </span>
    </p>
   </div>
   <div class='ocr_carea' id='block_1_45' title="bbox 1133 847 1927 886">
    <p class='ocr_par' dir='ltr' id='par_1_45' title="bbox 1133 847 1927 886">
     <span class='ocr_line' id='line_1_45' title="bbox 1133 847 1927 886; baseline -0.005 -9"><span class='ocrx_word' id='word_1_298' title='bbox 1133 853 1198 884; x_wconf 86' lang='lat' dir='ltr'><strong>tur;</strong></span> <span class='ocrx_word' id='word_1_299' title='bbox 1220 849 1316 886; x_wconf 56' lang='grc' dir='ltr'>[νεεδ.</span> <span class='ocrx_word' id='word_1_300' title='bbox 1332 849 1360 881; x_wconf 87' lang='grc'>8,</span> <span class='ocrx_word' id='word_1_301' title='bbox 1381 849 1409 885; x_wconf 85' lang='grc'><strong>9]</strong></span> <span class='ocrx_word' id='word_1_302' title='bbox 1423 849 1562 884; x_wconf 91' lang='lat' dir='ltr'><strong>quontodo</strong></span> <span class='ocrx_word' id='word_1_303' title='bbox 1575 855 1632 876; x_wconf 92' lang='lat' dir='ltr'><strong>non</strong></span> <span class='ocrx_word' id='word_1_304' title='bbox 1651 847 1740 882; x_wconf 81' lang='lat' dir='ltr'><strong>magis</strong></span> <span class='ocrx_word' id='word_1_305' title='bbox 1759 847 1927 874; x_wconf 80' lang='lat' dir='ltr'><strong>ministratio</strong></span> 
     </span>
    </p>
   </div>
   <div class='ocr_carea' id='block_1_46' title="bbox 1134 893 1927 932">
    <p class='ocr_par' dir='ltr' id='par_1_46' title="bbox 1134 893 1927 932">
     <span class='ocr_line' id='line_1_46' title="bbox 1134 893 1927 932; baseline -0.008 -8"><span class='ocrx_word' id='word_1_306' title='bbox 1134 896 1254 932; x_wconf 83' lang='lat' dir='ltr'><strong>Spiritus</strong></span> <span class='ocrx_word' id='word_1_307' title='bbox 1268 896 1321 924; x_wconf 87' lang='lat' dir='ltr'><strong>erit</strong></span> <span class='ocrx_word' id='word_1_308' title='bbox 1338 896 1365 922; x_wconf 94' lang='lat' dir='ltr'><strong>in</strong></span> <span class='ocrx_word' id='word_1_309' title='bbox 1378 895 1466 930; x_wconf 74' lang='lat' dir='ltr'><strong>gloria</strong></span> <span class='ocrx_word' id='word_1_310' title='bbox 1479 895 1489 922; x_wconf 78' lang='grc' dir='ltr'>’ί</span> <span class='ocrx_word' id='word_1_311' title='bbox 1504 894 1571 922; x_wconf 87' lang='lat' dir='ltr'><strong>Nam</strong></span> <span class='ocrx_word' id='word_1_312' title='bbox 1585 895 1609 922; x_wconf 88' lang='lat' dir='ltr'><strong>si</strong></span> <span class='ocrx_word' id='word_1_313' title='bbox 1625 893 1796 922; x_wconf 85' lang='lat' dir='ltr'><strong>ministratio</strong></span> <span class='ocrx_word' id='word_1_314' title='bbox 1813 893 1927 920; x_wconf 86' lang='lat' dir='ltr'><strong>damna-</strong></span> 
     </span>
    </p>
   </div>
   <div class='ocr_carea' id='block_1_47' title="bbox 1134 939 1928 976">
    <p class='ocr_par' dir='ltr' id='par_1_47' title="bbox 1134 939 1928 976">
     <span class='ocr_line' id='line_1_47' title="bbox 1134 939 1928 976; baseline -0.004 -7"><span class='ocrx_word' id='word_1_315' title='bbox 1134 942 1217 970; x_wconf 88' lang='lat' dir='ltr'><strong>tionis</strong></span> <span class='ocrx_word' id='word_1_316' title='bbox 1237 942 1323 976; x_wconf 79' lang='lat' dir='ltr'><strong>gloria</strong></span> <span class='ocrx_word' id='word_1_317' title='bbox 1342 945 1405 974; x_wconf 87' lang='lat' dir='ltr'><strong>est,</strong></span> <span class='ocrx_word' id='word_1_318' title='bbox 1432 941 1521 968; x_wconf 88' lang='lat' dir='ltr'><strong>multo</strong></span> <span class='ocrx_word' id='word_1_319' title='bbox 1548 940 1638 976; x_wconf 80' lang='lat' dir='ltr'><strong>magis</strong></span> <span class='ocrx_word' id='word_1_320' title='bbox 1654 939 1776 968; x_wconf 78' lang='lat' dir='ltr'><strong>abundat</strong></span> <span class='ocrx_word' id='word_1_321' title='bbox 1801 939 1928 967; x_wconf 85' lang='lat' dir='ltr'><strong>ministe-</strong></span> 
     </span>
    </p>
   </div>
   <div class='ocr_carea' id='block_1_48' title="bbox 1134 987 1520 1022">
    <p class='ocr_par' dir='ltr' id='par_1_48' title="bbox 1134 987 1520 1022">
     <span class='ocr_line' id='line_1_48' title="bbox 1134 987 1520 1022; baseline -0.005 -7"><span class='ocrx_word' id='word_1_322' title='bbox 1134 989 1205 1016; x_wconf 88' lang='lat' dir='ltr'><strong>rium</strong></span> <span class='ocrx_word' id='word_1_323' title='bbox 1221 988 1338 1022; x_wconf 78' lang='lat' dir='ltr'><strong>justitite</strong></span> <span class='ocrx_word' id='word_1_324' title='bbox 1353 988 1379 1014; x_wconf 92' lang='lat' dir='ltr'><strong>itt</strong></span> <span class='ocrx_word' id='word_1_325' title='bbox 1397 987 1494 1022; x_wconf 78' lang='lat' dir='ltr'><strong>gloria.</strong></span> <span class='ocrx_word' id='word_1_326' title='bbox 1510 996 1520 1013; x_wconf 84' lang='grc'><strong>›</strong></span> 
     </span>
    </p>
   </div>
   <div class='ocr_carea' id='block_1_49' title="bbox 1170 1033 1800 1069">
    <p class='ocr_par' dir='ltr' id='par_1_49' title="bbox 1170 1033 1800 1069">
     <span class='ocr_line' id='line_1_49' title="bbox 1170 1033 1800 1069; baseline -0.005 -7"><span class='ocrx_word' id='word_1_327' title='bbox 1170 1034 1221 1062; x_wconf 86' lang='lat' dir='ltr'><strong>Hic</strong></span> <span class='ocrx_word' id='word_1_328' title='bbox 1238 1042 1337 1062; x_wconf 86' lang='lat' dir='ltr'><strong>rursus</strong></span> <span class='ocrx_word' id='word_1_329' title='bbox 1348 1033 1481 1061; x_wconf 76' lang='lat' dir='ltr'><strong>Iudaicos</strong></span> <span class='ocrx_word' id='word_1_330' title='bbox 1497 1033 1614 1069; x_wconf 81' lang='lat' dir='ltr'><strong>spiritus</strong></span> <span class='ocrx_word' id='word_1_331' title='bbox 1632 1033 1800 1068; x_wconf 86' lang='lat' dir='ltr'><strong>comprimit.</strong></span> 
     </span>
    </p>
   </div>
   <div class='ocr_carea' id='block_1_50' title="bbox 1170 1076 1931 1116">
    <p class='ocr_par' dir='ltr' id='par_1_50' title="bbox 1170 1076 1931 1116">
     <span class='ocr_line' id='line_1_50' title="bbox 1170 1076 1931 1116; baseline -0.007 -7"><span class='ocrx_word' id='word_1_332' title='bbox 1170 1081 1254 1109; x_wconf 75' lang='lat' dir='ltr'><strong>Vens.</strong></span> <span class='ocrx_word' id='word_1_333' title='bbox 1275 1082 1319 1114; x_wconf 75' lang='grc'><strong>10,</strong></span> <span class='ocrx_word' id='word_1_334' title='bbox 1337 1081 1380 1108; x_wconf 76' lang='lat' dir='ltr'><strong>il.</strong></span> <span class='ocrx_word' id='word_1_335' title='bbox 1407 1090 1417 1106; x_wconf 78' lang='grc' dir='ltr'><strong>ι</strong></span> <span class='ocrx_word' id='word_1_336' title='bbox 1434 1080 1502 1107; x_wconf 90' lang='lat' dir='ltr'><strong>Nam</strong></span> <span class='ocrx_word' id='word_1_337' title='bbox 1524 1088 1574 1108; x_wconf 87' lang='lat' dir='ltr'><strong>nec</strong></span> <span class='ocrx_word' id='word_1_338' title='bbox 1590 1080 1771 1116; x_wconf 81' lang='lat' dir='ltr'><strong>gloriﬁeatum</strong></span> <span class='ocrx_word' id='word_1_339' title='bbox 1799 1082 1842 1106; x_wconf 85' lang='lat' dir='ltr'><strong>est</strong></span> <span class='ocrx_word' id='word_1_340' title='bbox 1855 1076 1931 1113; x_wconf 79' lang='lat' dir='ltr'><strong>quod</strong></span> 
     </span>
    </p>
   </div>
   <div class='ocr_carea' id='block_1_51' title="bbox 1135 1124 1926 1162">
    <p class='ocr_par' dir='ltr' id='par_1_51' title="bbox 1135 1124 1926 1162">
     <span class='ocr_line' id='line_1_51' title="bbox 1135 1124 1926 1162; baseline -0.005 -7"><span class='ocrx_word' id='word_1_341' title='bbox 1135 1128 1237 1156; x_wconf 87' lang='lat' dir='ltr'><strong>claruit</strong></span> <span class='ocrx_word' id='word_1_342' title='bbox 1251 1127 1278 1155; x_wconf 90' lang='lat' dir='ltr'><strong>in</strong></span> <span class='ocrx_word' id='word_1_343' title='bbox 1295 1127 1346 1154; x_wconf 87' lang='lat' dir='ltr'><strong>ltae</strong></span> <span class='ocrx_word' id='word_1_344' title='bbox 1363 1131 1452 1162; x_wconf 87' lang='lat' dir='ltr'><strong>parte,</strong></span> <span class='ocrx_word' id='word_1_345' title='bbox 1472 1131 1586 1162; x_wconf 84' lang='lat' dir='ltr'><strong>propter</strong></span> <span class='ocrx_word' id='word_1_346' title='bbox 1600 1126 1782 1154; x_wconf 78' lang='lat' dir='ltr'><strong>excellentem</strong></span> <span class='ocrx_word' id='word_1_347' title='bbox 1799 1124 1926 1159; x_wconf 83' lang='lat' dir='ltr'><strong>gloriam.</strong></span> 
     </span>
    </p>
   </div>
   <div class='ocr_carea' id='block_1_52' title="bbox 1136 1171 1929 1209">
    <p class='ocr_par' dir='ltr' id='par_1_52' title="bbox 1136 1171 1929 1209">
     <span class='ocr_line' id='line_1_52' title="bbox 1136 1171 1929 1209; baseline -0.008 -6"><span class='ocrx_word' id='word_1_348' title='bbox 1136 1175 1165 1203; x_wconf 86' lang='lat' dir='ltr'><strong>Si</strong></span> <span class='ocrx_word' id='word_1_349' title='bbox 1181 1175 1255 1204; x_wconf 91' lang='lat' dir='ltr'><strong>enim</strong></span> <span class='ocrx_word' id='word_1_350' title='bbox 1275 1174 1349 1209; x_wconf 87' lang='lat' dir='ltr'><strong>qttod</strong></span> <span class='ocrx_word' id='word_1_351' title='bbox 1372 1179 1531 1205; x_wconf 79' lang='lat' dir='ltr'><strong>evacuatur.</strong></span> <span class='ocrx_word' id='word_1_352' title='bbox 1551 1181 1597 1208; x_wconf 90' lang='lat' dir='ltr'><strong>per</strong></span> <span class='ocrx_word' id='word_1_353' title='bbox 1623 1173 1739 1209; x_wconf 83' lang='lat' dir='ltr'><strong>gloriam</strong></span> <span class='ocrx_word' id='word_1_354' title='bbox 1763 1177 1816 1204; x_wconf 87' lang='lat' dir='ltr'><strong>est,</strong></span> <span class='ocrx_word' id='word_1_355' title='bbox 1842 1171 1929 1198; x_wconf 88' lang='lat' dir='ltr'><strong>tttulto</strong></span> 
     </span>
    </p>
   </div>
   <div class='ocr_carea' id='block_1_53' title="bbox 1136 1220 1658 1257">
    <p class='ocr_par' dir='ltr' id='par_1_53' title="bbox 1136 1220 1658 1257">
     <span class='ocr_line' id='line_1_53' title="bbox 1136 1220 1658 1257; baseline -0.008 -7"><span class='ocrx_word' id='word_1_356' title='bbox 1136 1222 1223 1257; x_wconf 82' lang='lat' dir='ltr'><strong>magis</strong></span> <span class='ocrx_word' id='word_1_357' title='bbox 1236 1221 1310 1256; x_wconf 92' lang='lat' dir='ltr'><strong>quod</strong></span> <span class='ocrx_word' id='word_1_358' title='bbox 1323 1224 1426 1253; x_wconf 87' lang='lat' dir='ltr'><strong>mattet,</strong></span> <span class='ocrx_word' id='word_1_359' title='bbox 1443 1220 1565 1256; x_wconf 88' lang='lat' dir='ltr'><strong>ingloria</strong></span> <span class='ocrx_word' id='word_1_360' title='bbox 1580 1225 1631 1247; x_wconf 86' lang='lat' dir='ltr'><strong>est.</strong></span> <span class='ocrx_word' id='word_1_361' title='bbox 1648 1229 1658 1246; x_wconf 74' lang='grc' dir='ltr'><strong>ι</strong></span> 
     </span>
    </p>
   </div>
   <div class='ocr_carea' id='block_1_54' title="bbox 1173 1264 1928 1302">
    <p class='ocr_par' dir='ltr' id='par_1_54' title="bbox 1173 1264 1928 1302">
     <span class='ocr_line' id='line_1_54' title="bbox 1173 1264 1928 1302; baseline -0.005 -7"><span class='ocrx_word' id='word_1_362' title='bbox 1173 1267 1201 1295; x_wconf 90' lang='lat' dir='ltr'><strong>Si</strong></span> <span class='ocrx_word' id='word_1_363' title='bbox 1222 1267 1336 1302; x_wconf 79' lang='lat' dir='ltr'><strong>gloriam</strong></span> <span class='ocrx_word' id='word_1_364' title='bbox 1354 1267 1437 1299; x_wconf 85' lang='lat' dir='ltr'><strong>hanc,</strong></span> <span class='ocrx_word' id='word_1_365' title='bbox 1462 1266 1563 1300; x_wconf 81' lang='lat' dir='ltr'><strong>inquit,</strong></span> <span class='ocrx_word' id='word_1_366' title='bbox 1588 1273 1652 1293; x_wconf 87' lang='lat' dir='ltr'><strong>eum</strong></span> <span class='ocrx_word' id='word_1_367' title='bbox 1681 1265 1727 1292; x_wconf 91' lang='lat' dir='ltr'><strong>illa</strong></span> <span class='ocrx_word' id='word_1_368' title='bbox 1742 1264 1928 1296; x_wconf 80' lang='lat' dir='ltr'><strong>conferamus,</strong></span> 
     </span>
    </p>
   </div>
   <div class='ocr_carea' id='block_1_55' title="bbox 1137 1309 1931 1347">
    <p class='ocr_par' dir='ltr' id='par_1_55' title="bbox 1137 1309 1931 1347">
     <span class='ocr_line' id='line_1_55' title="bbox 1137 1309 1931 1347; baseline -0.005 -8"><span class='ocrx_word' id='word_1_369' title='bbox 1137 1311 1354 1347; x_wconf 83' lang='lat' dir='ltr'><strong>haudquaquam</strong></span> <span class='ocrx_word' id='word_1_370' title='bbox 1376 1311 1466 1345; x_wconf 74' lang='lat' dir='ltr'><strong>gloria</strong></span> <span class='ocrx_word' id='word_1_371' title='bbox 1491 1310 1574 1338; x_wconf 76' lang='lat' dir='ltr'><strong>fuerit</strong></span> <span class='ocrx_word' id='word_1_372' title='bbox 1591 1310 1678 1345; x_wconf 81' lang='lat' dir='ltr'><strong>gloria</strong></span> <span class='ocrx_word' id='word_1_373' title='bbox 1702 1309 1771 1345; x_wconf 84' lang='lat' dir='ltr'><strong>legis</strong></span> <span class='ocrx_word' id='word_1_374' title='bbox 1799 1309 1931 1344; x_wconf 63' lang='lat' dir='ltr'><strong>antiquas.-</strong></span> 
     </span>
    </p>
   </div>
   <div class='ocr_carea' id='block_1_56' title="bbox 1136 1355 1930 1392">
    <p class='ocr_par' dir='ltr' id='par_1_56' title="bbox 1136 1355 1930 1392">
     <span class='ocr_line' id='line_1_56' title="bbox 1136 1355 1930 1392; baseline -0.005 -8"><span class='ocrx_word' id='word_1_375' title='bbox 1136 1357 1231 1392; x_wconf 87' lang='lat' dir='ltr'><strong>Neque</strong></span> <span class='ocrx_word' id='word_1_376' title='bbox 1254 1364 1321 1384; x_wconf 88' lang='lat' dir='ltr'><strong>vero</strong></span> <span class='ocrx_word' id='word_1_377' title='bbox 1340 1356 1467 1384; x_wconf 84' lang='lat' dir='ltr'><strong>absolute</strong></span> <span class='ocrx_word' id='word_1_378' title='bbox 1488 1355 1591 1383; x_wconf 81' lang='lat' dir='ltr'><strong>evincit</strong></span> <span class='ocrx_word' id='word_1_379' title='bbox 1606 1355 1724 1391; x_wconf 86' lang='lat' dir='ltr'><strong>gloriam</strong></span> <span class='ocrx_word' id='word_1_380' title='bbox 1745 1355 1815 1382; x_wconf 87' lang='lat' dir='ltr'><strong>Itane</strong></span> <span class='ocrx_word' id='word_1_381' title='bbox 1838 1361 1930 1382; x_wconf 79' lang='lat' dir='ltr'><strong>verant</strong></span> 
     </span>
    </p>
   </div>
   <div class='ocr_carea' id='block_1_57' title="bbox 1137 1401 1930 1436">
    <p class='ocr_par' dir='ltr' id='par_1_57' title="bbox 1137 1401 1930 1436">
     <span class='ocr_line' id='line_1_57' title="bbox 1137 1401 1930 1436; baseline -0.004 -6"><span class='ocrx_word' id='word_1_382' title='bbox 1137 1411 1193 1430; x_wconf 91' lang='lat' dir='ltr'><strong>uon</strong></span> <span class='ocrx_word' id='word_1_383' title='bbox 1207 1402 1347 1430; x_wconf 80' lang='lat' dir='ltr'><strong>exstitisse</strong></span> <span class='ocrx_word' id='word_1_384' title='bbox 1359 1422 1368 1435; x_wconf 95' lang='lat'><strong>,</strong></span> <span class='ocrx_word' id='word_1_385' title='bbox 1385 1401 1433 1430; x_wconf 91' lang='lat' dir='ltr'><strong>sed</strong></span> <span class='ocrx_word' id='word_1_386' title='bbox 1447 1401 1533 1436; x_wconf 83' lang='lat' dir='ltr'><strong>addit,</strong></span> <span class='ocrx_word' id='word_1_387' title='bbox 1554 1402 1582 1429; x_wconf 86' lang='lat' dir='ltr'><strong>in</strong></span> <span class='ocrx_word' id='word_1_388' title='bbox 1604 1401 1654 1428; x_wconf 81' lang='lat' dir='ltr'><strong>hac</strong></span> <span class='ocrx_word' id='word_1_389' title='bbox 1673 1406 1748 1436; x_wconf 84' lang='lat' dir='ltr'><strong>parte</strong></span> <span class='ocrx_word' id='word_1_390' title='bbox 1773 1408 1782 1428; x_wconf 91' lang='lat'><strong><em>:</em></strong></span> <span class='ocrx_word' id='word_1_391' title='bbox 1808 1401 1859 1428; x_wconf 90' lang='lat' dir='ltr'><strong>hoc</strong></span> <span class='ocrx_word' id='word_1_392' title='bbox 1889 1406 1930 1427; x_wconf 86' lang='lat' dir='ltr'><strong>est</strong></span> 
     </span>
    </p>
   </div>
   <div class='ocr_carea' id='block_1_58' title="bbox 1138 1452 1504 1485">
    <p class='ocr_par' dir='ltr' id='par_1_58' title="bbox 1138 1452 1504 1485">
     <span class='ocr_line' id='line_1_58' title="bbox 1138 1452 1504 1485; baseline -0.005 -8"><span class='ocrx_word' id='word_1_393' title='bbox 1138 1457 1191 1485; x_wconf 89' lang='lat' dir='ltr'><strong>qua</strong></span> <span class='ocrx_word' id='word_1_394' title='bbox 1205 1454 1281 1484; x_wconf 88' lang='lat' dir='ltr'><strong>parte</strong></span> <span class='ocrx_word' id='word_1_395' title='bbox 1296 1452 1504 1484; x_wconf 84' lang='lat' dir='ltr'><strong>comparantur.</strong></span> 
     </span>
    </p>
   </div>
   <div class='ocr_carea' id='block_1_59' title="bbox 1175 1493 1931 1529">
    <p class='ocr_par' dir='ltr' id='par_1_59' title="bbox 1175 1493 1931 1529">
     <span class='ocr_line' id='line_1_59' title="bbox 1175 1493 1931 1529; baseline -0.007 -6"><span class='ocrx_word' id='word_1_396' title='bbox 1175 1495 1258 1523; x_wconf 76' lang='lat' dir='ltr'><strong>Vens.</strong></span> <span class='ocrx_word' id='word_1_397' title='bbox 1270 1495 1313 1528; x_wconf 76' lang='lat'><strong>19.,</strong></span> <span class='ocrx_word' id='word_1_398' title='bbox 1323 1495 1365 1522; x_wconf 72' lang='grc'><strong>15.</strong></span> <span class='ocrx_word' id='word_1_399' title='bbox 1381 1504 1390 1521; x_wconf 81' lang='grc' dir='ltr'><strong>ι</strong></span> <span class='ocrx_word' id='word_1_400' title='bbox 1406 1493 1542 1522; x_wconf 84' lang='lat' dir='ltr'><strong>[labentes</strong></span> <span class='ocrx_word' id='word_1_401' title='bbox 1555 1494 1640 1529; x_wconf 82' lang='lat' dir='ltr'><strong>igitur</strong></span> <span class='ocrx_word' id='word_1_402' title='bbox 1651 1493 1732 1521; x_wconf 81' lang='lat' dir='ltr'><strong>talem</strong></span> <span class='ocrx_word' id='word_1_403' title='bbox 1745 1500 1832 1528; x_wconf 83' lang='lat' dir='ltr'><strong>spem,</strong></span> <span class='ocrx_word' id='word_1_404' title='bbox 1847 1493 1931 1519; x_wconf 86' lang='lat' dir='ltr'><strong>multa</strong></span> 
     </span>
    </p>
   </div>
   <div class='ocr_carea' id='block_1_60' title="bbox 294 1538 1087 1581">
    <p class='ocr_par' dir='ltr' id='par_1_60' title="bbox 294 1538 1086 1576">
     <span class='ocr_line' id='line_1_60' title="bbox 294 1538 1086 1576; baseline -0.001 -10"><span class='ocrx_word' id='word_1_405' title='bbox 294 1539 437 1576; x_wconf 80' lang='grc' dir='ltr'>χρώμεθα,</span> <span class='ocrx_word' id='word_1_406' title='bbox 452 1539 500 1566; x_wconf 72' lang='grc' dir='ltr'>καὶ</span> <span class='ocrx_word' id='word_1_407' title='bbox 511 1539 542 1566; x_wconf 82' lang='grc' dir='ltr'>οὐ</span> <span class='ocrx_word' id='word_1_408' title='bbox 557 1538 684 1574; x_wconf 84' lang='grc' dir='ltr'>καθάπερ</span> <span class='ocrx_word' id='word_1_409' title='bbox 701 1538 821 1574; x_wconf 85' lang='grc' dir='ltr'>Μωῦσῆς</span> <span class='ocrx_word' id='word_1_410' title='bbox 847 1538 932 1565; x_wconf 83' lang='grc' dir='ltr'>ὲτίοει</span> <span class='ocrx_word' id='word_1_411' title='bbox 953 1538 1086 1574; x_wconf 80' lang='grc' dir='ltr'>κάλυμμα</span> 
     </span>
    </p>
   </div>
   <div class='ocr_carea' id='block_1_61' title="bbox 1137 1538 1933 1581">
    <p class='ocr_par' dir='ltr' id='par_1_61' title="bbox 1140 1539 1933 1576">
     <span class='ocr_line' id='line_1_61' title="bbox 1140 1539 1933 1576; baseline -0.004 -7"><span class='ocrx_word' id='word_1_412' title='bbox 1140 1542 1241 1569; x_wconf 84' lang='lat' dir='ltr'><strong>ﬁducia</strong></span> <span class='ocrx_word' id='word_1_413' title='bbox 1262 1542 1366 1569; x_wconf 86' lang='lat' dir='ltr'><strong>utimur</strong></span> <span class='ocrx_word' id='word_1_414' title='bbox 1382 1549 1388 1567; x_wconf 94' lang='lat'><strong>:</strong></span> <span class='ocrx_word' id='word_1_415' title='bbox 1405 1546 1431 1569; x_wconf 87' lang='lat' dir='ltr'><strong>et</strong></span> <span class='ocrx_word' id='word_1_416' title='bbox 1443 1549 1498 1569; x_wconf 93' lang='lat' dir='ltr'><strong>non</strong></span> <span class='ocrx_word' id='word_1_417' title='bbox 1510 1541 1583 1570; x_wconf 82' lang='lat' dir='ltr'><strong>sicut</strong></span> <span class='ocrx_word' id='word_1_418' title='bbox 1603 1540 1711 1576; x_wconf 82' lang='lat' dir='ltr'><strong>Moyses</strong></span> <span class='ocrx_word' id='word_1_419' title='bbox 1724 1540 1846 1575; x_wconf 88' lang='lat' dir='ltr'><strong>ponebat</strong></span> <span class='ocrx_word' id='word_1_420' title='bbox 1860 1539 1933 1567; x_wconf 40' lang='lat' dir='ltr'><strong>vela:</strong></span> 
     </span>
    </p>
   </div>
   <div class='ocr_carea' id='block_1_62' title="bbox 296 1584 683 1620">
    <p class='ocr_par' dir='ltr' id='par_1_62' title="bbox 296 1584 683 1620">
     <span class='ocr_line' id='line_1_62' title="bbox 296 1584 683 1620; baseline -0.008 -7"><span class='ocrx_word' id='word_1_421' title='bbox 296 1586 343 1613; x_wconf 68' lang='grc' dir='ltr'><strong>ἐπὶ</strong></span> <span class='ocrx_word' id='word_1_422' title='bbox 359 1585 389 1612; x_wconf 79' lang='grc' dir='ltr'><strong>τὸ</strong></span> <span class='ocrx_word' id='word_1_423' title='bbox 409 1584 556 1620; x_wconf 82' lang='grc' dir='ltr'>πρόσωπον</span> <span class='ocrx_word' id='word_1_424' title='bbox 568 1584 662 1611; x_wconf 84' lang='grc' dir='ltr'>αὐτοῦ.</span> <span class='ocrx_word' id='word_1_425' title='bbox 674 1594 683 1610; x_wconf 83' lang='lat' dir='ltr'><strong>t</strong></span> 
     </span>
    </p>
   </div>
   <div class='ocr_carea' id='block_1_63' title="bbox 338 1629 1088 1666">
    <p class='ocr_par' dir='ltr' id='par_1_63' title="bbox 338 1629 1088 1666">
     <span class='ocr_line' id='line_1_63' title="bbox 338 1629 1088 1666; baseline -0.004 -7"><span class='ocrx_word' id='word_1_426' title='bbox 338 1631 414 1663; x_wconf 79' lang='grc' dir='ltr'>Ἐπεὶ</span> <span class='ocrx_word' id='word_1_427' title='bbox 430 1630 551 1659; x_wconf 79' lang='grc' dir='ltr'>τοσαῦτα</span> <span class='ocrx_word' id='word_1_428' title='bbox 561 1631 609 1658; x_wconf 75' lang='grc' dir='ltr'>καὶ</span> <span class='ocrx_word' id='word_1_429' title='bbox 619 1629 774 1666; x_wconf 76' lang='grc' dir='ltr'>τηλικαῦτα</span> <span class='ocrx_word' id='word_1_430' title='bbox 786 1629 906 1661; x_wconf 82' lang='grc' dir='ltr'>ἀκούσας</span> <span class='ocrx_word' id='word_1_431' title='bbox 919 1630 933 1656; x_wconf 83' lang='grc' dir='ltr'><strong>ό</strong></span> <span class='ocrx_word' id='word_1_432' title='bbox 947 1630 1088 1665; x_wconf 82' lang='grc' dir='ltr'>ἀκροατὴς</span> 
     </span>
    </p>
   </div>
   <div class='ocr_carea' id='block_1_64' title="bbox 297 1675 1088 1713">
    <p class='ocr_par' dir='ltr' id='par_1_64' title="bbox 297 1675 1088 1713">
     <span class='ocr_line' id='line_1_64' title="bbox 297 1675 1088 1713; baseline -0.004 -8"><span class='ocrx_word' id='word_1_433' title='bbox 297 1677 361 1713; x_wconf 79' lang='grc' dir='ltr'>περὶ</span> <span class='ocrx_word' id='word_1_434' title='bbox 371 1678 422 1711; x_wconf 84' lang='grc' dir='ltr'><strong>τῆς</strong></span> <span class='ocrx_word' id='word_1_435' title='bbox 436 1678 533 1712; x_wconf 87' lang='grc' dir='ltr'>καινῆς</span> <span class='ocrx_word' id='word_1_436' title='bbox 544 1676 647 1711; x_wconf 80' lang='grc' dir='ltr'>ἐζήτει,</span> <span class='ocrx_word' id='word_1_437' title='bbox 663 1676 712 1702; x_wconf 73' lang='grc' dir='ltr'>καὶ</span> <span class='ocrx_word' id='word_1_438' title='bbox 724 1675 940 1711; x_wconf 80' lang='grc' dir='ltr'>ὀφθαλμοφανῶς</span> <span class='ocrx_word' id='word_1_439' title='bbox 953 1675 1088 1710; x_wconf 78' lang='grc' dir='ltr'>τὴνδόξαν</span> 
     </span>
    </p>
   </div>
   <div class='ocr_carea' id='block_1_65' title="bbox 295 1720 1088 1759">
    <p class='ocr_par' dir='ltr' id='par_1_65' title="bbox 295 1720 1088 1759">
     <span class='ocr_line' id='line_1_65' title="bbox 295 1720 1088 1759; baseline -0.004 -9"><span class='ocrx_word' id='word_1_440' title='bbox 295 1723 398 1759; x_wconf 82' lang='grc' dir='ltr'>ταύτην</span> <span class='ocrx_word' id='word_1_441' title='bbox 411 1723 486 1756; x_wconf 75' lang='grc' dir='ltr'>ἰδεῖν,</span> <span class='ocrx_word' id='word_1_442' title='bbox 502 1723 554 1758; x_wconf 75' lang='grc' dir='ltr'>ὅρα</span> <span class='ocrx_word' id='word_1_443' title='bbox 581 1721 633 1749; x_wconf 80' lang='grc' dir='ltr'>ποῦ</span> <span class='ocrx_word' id='word_1_444' title='bbox 651 1721 732 1748; x_wconf 80' lang='grc' dir='ltr'>αὑτὸν</span> <span class='ocrx_word' id='word_1_445' title='bbox 762 1720 932 1754; x_wconf 79' lang='grc' dir='ltr'>ἐξακοντίζει</span> <span class='ocrx_word' id='word_1_446' title='bbox 947 1721 1015 1757; x_wconf 82' lang='grc' dir='ltr'>πρὸς</span> <span class='ocrx_word' id='word_1_447' title='bbox 1042 1721 1088 1756; x_wconf 66' lang='grc' dir='ltr'><strong>τον</strong></span> 
     </span>
    </p>
   </div>
   <div class='ocr_carea' id='block_1_66' title="bbox 297 1770 541 1806">
    <p class='ocr_par' dir='ltr' id='par_1_66' title="bbox 297 1770 541 1806">
     <span class='ocr_line' id='line_1_66' title="bbox 297 1770 541 1806; baseline 0.008 -10"><span class='ocrx_word' id='word_1_448' title='bbox 297 1770 430 1806; x_wconf 78' lang='grc' dir='ltr'>μέλλοντα</span> <span class='ocrx_word' id='word_1_449' title='bbox 443 1770 541 1798; x_wconf 85' lang='grc' dir='ltr'>αίῶνα.</span> 
     </span>
    </p>
   </div>
   <div class='ocr_carea' id='block_1_67' title="bbox 334 1814 1090 1851">
    <p class='ocr_par' dir='ltr' id='par_1_67' title="bbox 334 1814 1090 1851">
     <span class='ocr_line' id='line_1_67' title="bbox 334 1814 1090 1851; baseline -0.003 -8"><span class='ocrx_word' id='word_1_450' title='bbox 334 1826 344 1842; x_wconf 75' lang='grc' dir='ltr'><strong>ι</strong></span> <span class='ocrx_word' id='word_1_451' title='bbox 359 1816 432 1851; x_wconf 75' lang='grc' dir='ltr'>Πρὸς</span> <span class='ocrx_word' id='word_1_452' title='bbox 446 1816 476 1843; x_wconf 71' lang='grc' dir='ltr'><strong>τὸ</strong></span> <span class='ocrx_word' id='word_1_453' title='bbox 496 1816 532 1851; x_wconf 83' lang='grc' dir='ltr'>μὴ</span> <span class='ocrx_word' id='word_1_454' title='bbox 544 1815 667 1843; x_wconf 82' lang='grc' dir='ltr'>ἀτενίσαι</span> <span class='ocrx_word' id='word_1_455' title='bbox 686 1815 750 1847; x_wconf 82' lang='grc' dir='ltr'>τοὺς</span> <span class='ocrx_word' id='word_1_456' title='bbox 777 1815 851 1847; x_wconf 80' lang='grc' dir='ltr'>υἱοὺς</span> <span class='ocrx_word' id='word_1_457' title='bbox 869 1814 987 1851; x_wconf 80' lang='grc' dir='ltr'>Ἰσραὴλ,</span> <span class='ocrx_word' id='word_1_458' title='bbox 1005 1814 1045 1847; x_wconf 85' lang='grc' dir='ltr'><strong>εἰς</strong></span> <span class='ocrx_word' id='word_1_459' title='bbox 1058 1814 1090 1841; x_wconf 84' lang='grc' dir='ltr'><strong>τδ</strong></span> 
     </span>
    </p>
   </div>
   <div class='ocr_carea' id='block_1_68' title="bbox 295 1860 809 1896">
    <p class='ocr_par' dir='ltr' id='par_1_68' title="bbox 295 1860 809 1896">
     <span class='ocr_line' id='line_1_68' title="bbox 295 1860 809 1896; baseline -0.004 -8"><span class='ocrx_word' id='word_1_460' title='bbox 295 1861 374 1893; x_wconf 83' lang='grc' dir='ltr'>τέλος</span> <span class='ocrx_word' id='word_1_461' title='bbox 391 1861 437 1888; x_wconf 83' lang='grc' dir='ltr'>τοῦ</span> <span class='ocrx_word' id='word_1_462' title='bbox 452 1860 688 1896; x_wconf 84' lang='grc' dir='ltr'>καταργουμένου.</span> <span class='ocrx_word' id='word_1_463' title='bbox 711 1870 720 1886; x_wconf 79' lang='lat' dir='ltr'><strong>t</strong></span> <span class='ocrx_word' id='word_1_464' title='bbox 804 1862 809 1865; x_wconf 71' lang='grc'><em>“</em></span> 
     </span>
    </p>
   </div>
   <div class='ocr_carea' id='block_1_69' title="bbox 331 1907 1090 1943">
    <p class='ocr_par' dir='ltr' id='par_1_69' title="bbox 331 1907 1090 1943">
     <span class='ocr_line' id='line_1_69' title="bbox 331 1907 1090 1943; baseline 0 -9"><span class='ocrx_word' id='word_1_465' title='bbox 331 1908 369 1934; x_wconf 87' lang='grc' dir='ltr'><strong>Οὺ</strong></span> <span class='ocrx_word' id='word_1_466' title='bbox 378 1907 457 1943; x_wconf 87' lang='grc' dir='ltr'>χρεία</span> <span class='ocrx_word' id='word_1_467' title='bbox 473 1907 661 1934; x_wconf 78' lang='grc' dir='ltr'>καλύπτεσθαι</span> <span class='ocrx_word' id='word_1_468' title='bbox 675 1908 758 1942; x_wconf 83' lang='grc' dir='ltr'>ἡμᾶς,</span> <span class='ocrx_word' id='word_1_469' title='bbox 772 1907 849 1943; x_wconf 60' lang='grc' dir='ltr'>φησι.</span> <span class='ocrx_word' id='word_1_470' title='bbox 867 1907 992 1943; x_wconf 76' lang='grc' dir='ltr'>καθάπερ</span> <span class='ocrx_word' id='word_1_471' title='bbox 1006 1908 1090 1935; x_wconf 62' lang='lat' dir='ltr'><strong>Miuu-</strong></span> 
     </span>
    </p>
   </div>
   <div class='ocr_carea' id='block_1_70' title="bbox 297 1953 1088 1990">
    <p class='ocr_par' dir='ltr' id='par_1_70' title="bbox 297 1953 1088 1990">
     <span class='ocr_line' id='line_1_70' title="bbox 297 1953 1088 1990; baseline 0.001 -10"><span class='ocrx_word' id='word_1_472' title='bbox 297 1953 359 1990; x_wconf 80' lang='grc' dir='ltr'>σῆς.</span> <span class='ocrx_word' id='word_1_473' title='bbox 372 1954 485 1980; x_wconf 73' lang='grc' dir='ltr'><strong>Δυνατώ¹</strong></span> <span class='ocrx_word' id='word_1_474' title='bbox 502 1954 557 1989; x_wconf 88' lang='grc' dir='ltr'>γὰρ</span> <span class='ocrx_word' id='word_1_475' title='bbox 570 1955 650 1990; x_wconf 73' lang='grc' dir='ltr'>ἡμεῖς</span> <span class='ocrx_word' id='word_1_476' title='bbox 669 1953 734 1981; x_wconf 78' lang='grc' dir='ltr'><strong>ἰδεῖν</strong></span> <span class='ocrx_word' id='word_1_477' title='bbox 752 1954 792 1986; x_wconf 88' lang='grc' dir='ltr'><strong>είς</strong></span> <span class='ocrx_word' id='word_1_478' title='bbox 808 1954 858 1990; x_wconf 84' lang='grc' dir='ltr'>τὴν</span> <span class='ocrx_word' id='word_1_479' title='bbox 871 1954 949 1987; x_wconf 80' lang='grc' dir='ltr'>δόξαν</span> <span class='ocrx_word' id='word_1_480' title='bbox 975 1954 1088 1989; x_wconf 84' lang='grc' dir='ltr'>ταύτην,</span> 
     </span>
    </p>
   </div>
   <div class='ocr_carea' id='block_1_71' title="bbox 298 1999 1088 2036">
    <p class='ocr_par' dir='ltr' id='par_1_71' title="bbox 298 1999 1088 2036">
     <span class='ocr_line' id='line_1_71' title="bbox 298 1999 1088 2036; baseline 0.003 -10"><span class='ocrx_word' id='word_1_481' title='bbox 298 2000 333 2035; x_wconf 82' lang='grc' dir='ltr'>ἢν</span> <span class='ocrx_word' id='word_1_482' title='bbox 367 2000 570 2036; x_wconf 80' lang='grc' dir='ltr'>περικείμεθα,</span> <span class='ocrx_word' id='word_1_483' title='bbox 602 2000 691 2027; x_wconf 84' lang='grc' dir='ltr'>καίτοι</span> <span class='ocrx_word' id='word_1_484' title='bbox 726 2000 816 2036; x_wconf 78' lang='grc' dir='ltr'>πολλῷ</span> <span class='ocrx_word' id='word_1_485' title='bbox 852 2000 962 2036; x_wconf 78' lang='grc' dir='ltr'>μείζονα</span> <span class='ocrx_word' id='word_1_486' title='bbox 1005 1999 1088 2028; x_wconf 76' lang='grc' dir='ltr'>οὖσαν</span> 
     </span>
    </p>
   </div>
   <div class='ocr_carea' id='block_1_72' title="bbox 297 2047 417 2082">
    <p class='ocr_par' dir='ltr' id='par_1_72' title="bbox 297 2047 417 2082">
     <span class='ocr_line' id='line_1_72' title="bbox 297 2047 417 2082; baseline 0.008 -9"><span class='ocrx_word' id='word_1_487' title='bbox 297 2047 417 2082; x_wconf 84' lang='grc' dir='ltr'>ἐκείνης.</span> 
     </span>
    </p>
   </div>
   <div class='ocr_carea' id='block_1_73' title="bbox 333 2093 911 2130">
    <p class='ocr_par' dir='ltr' id='par_1_73' title="bbox 333 2093 911 2130">
     <span class='ocr_line' id='line_1_73' title="bbox 333 2093 911 2130; baseline -0.002 -10"><span class='ocrx_word' id='word_1_488' title='bbox 333 2103 342 2119; x_wconf 73' lang='grc' dir='ltr'><strong>ι</strong></span> <span class='ocrx_word' id='word_1_489' title='bbox 359 2094 428 2120; x_wconf 81' lang='grc' dir='ltr'><strong>Ἀλλ’</strong></span> <span class='ocrx_word' id='word_1_490' title='bbox 440 2093 575 2130; x_wconf 77' lang='grc' dir='ltr'>ἐπωρώθη</span> <span class='ocrx_word' id='word_1_491' title='bbox 594 2093 627 2120; x_wconf 65' lang='grc' dir='ltr'><strong>τὰ</strong></span> <span class='ocrx_word' id='word_1_492' title='bbox 643 2094 767 2129; x_wconf 85' lang='grc' dir='ltr'>νοήματα</span> <span class='ocrx_word' id='word_1_493' title='bbox 782 2093 883 2121; x_wconf 80' lang='grc' dir='ltr'>αὐτῶν.</span> <span class='ocrx_word' id='word_1_494' title='bbox 902 2103 911 2119; x_wconf 84' lang='lat' dir='ltr'><strong>t</strong></span> 
     </span>
    </p>
   </div>
   <div class='ocr_carea' id='block_1_74' title="bbox 333 2139 1090 2175">
    <p class='ocr_par' dir='ltr' id='par_1_74' title="bbox 333 2139 1090 2175">
     <span class='ocr_line' id='line_1_74' title="bbox 333 2139 1090 2175; baseline 0 -9"><span class='ocrx_word' id='word_1_495' title='bbox 333 2140 376 2166; x_wconf 81' lang='grc' dir='ltr'><strong>Τὰ</strong></span> <span class='ocrx_word' id='word_1_496' title='bbox 391 2139 532 2174; x_wconf 85' lang='grc' dir='ltr'>μέλλοντα,</span> <span class='ocrx_word' id='word_1_497' title='bbox 549 2140 627 2174; x_wconf 76' lang='grc' dir='ltr'>φησὶ,</span> <span class='ocrx_word' id='word_1_498' title='bbox 644 2139 820 2175; x_wconf 75' lang='grc' dir='ltr'>προέγραψεν</span> <span class='ocrx_word' id='word_1_499' title='bbox 847 2140 861 2166; x_wconf 83' lang='grc' dir='ltr'><strong>ό</strong></span> <span class='ocrx_word' id='word_1_500' title='bbox 879 2139 969 2175; x_wconf 84' lang='grc' dir='ltr'>νόμος.</span> <span class='ocrx_word' id='word_1_501' title='bbox 984 2139 1021 2166; x_wconf 86' lang='grc' dir='ltr'><strong>Οὐ</strong></span> <span class='ocrx_word' id='word_1_502' title='bbox 1035 2139 1090 2174; x_wconf 85' lang='grc' dir='ltr'><strong>γὰρ</strong></span> 
     </span>
    </p>
   </div>
   <div class='ocr_carea' id='block_1_75' title="bbox 301 2183 1089 2220">
    <p class='ocr_par' dir='ltr' id='par_1_75' title="bbox 301 2183 1089 2220">
     <span class='ocr_line' id='line_1_75' title="bbox 301 2183 1089 2220; baseline -0.001 -8"><span class='ocrx_word' id='word_1_503' title='bbox 301 2185 379 2220; x_wconf 80' lang='grc' dir='ltr'>μόνον</span> <span class='ocrx_word' id='word_1_504' title='bbox 390 2185 451 2212; x_wconf 84' lang='grc' dir='ltr'>τότε</span> <span class='ocrx_word' id='word_1_505' title='bbox 472 2185 522 2212; x_wconf 81' lang='grc' dir='ltr'>οὐκ</span> <span class='ocrx_word' id='word_1_506' title='bbox 535 2183 616 2219; x_wconf 84' lang='grc' dir='ltr'>εἶδον,</span> <span class='ocrx_word' id='word_1_507' title='bbox 630 2185 687 2211; x_wconf 86' lang='grc' dir='ltr'>ἀλλ’</span> <span class='ocrx_word' id='word_1_508' title='bbox 702 2185 761 2212; x_wconf 77' lang='grc' dir='ltr'>οὐδὲ</span> <span class='ocrx_word' id='word_1_509' title='bbox 772 2184 819 2212; x_wconf 82' lang='grc' dir='ltr'>νῦν</span> <span class='ocrx_word' id='word_1_510' title='bbox 828 2184 912 2220; x_wconf 82' lang='grc' dir='ltr'>ὁρῶσι</span> <span class='ocrx_word' id='word_1_511' title='bbox 929 2184 975 2211; x_wconf 80' lang='grc' dir='ltr'>τὸν</span> <span class='ocrx_word' id='word_1_512' title='bbox 989 2185 1071 2220; x_wconf 84' lang='grc' dir='ltr'>νόμον</span> <span class='ocrx_word' id='word_1_513' title='bbox 1081 2191 1089 2200; x_wconf 83' lang='grc'><strong>⁸</strong></span> 
     </span>
    </p>
   </div>
   <div class='ocr_carea' id='block_1_76' title="bbox 1139 1588 1542 1624">
    <p class='ocr_par' dir='ltr' id='par_1_76' title="bbox 1139 1588 1542 1624">
     <span class='ocr_line' id='line_1_76' title="bbox 1139 1588 1542 1624; baseline -0.005 -8"><span class='ocrx_word' id='word_1_514' title='bbox 1139 1596 1201 1616; x_wconf 87' lang='lat' dir='ltr'><strong>men</strong></span> <span class='ocrx_word' id='word_1_515' title='bbox 1220 1596 1304 1624; x_wconf 87' lang='lat' dir='ltr'><strong>super</strong></span> <span class='ocrx_word' id='word_1_516' title='bbox 1316 1588 1414 1615; x_wconf 81' lang='lat' dir='ltr'><strong>faciem</strong></span> <span class='ocrx_word' id='word_1_517' title='bbox 1429 1596 1516 1615; x_wconf 87' lang='lat' dir='ltr'><strong>suam.</strong></span> <span class='ocrx_word' id='word_1_518' title='bbox 1533 1598 1542 1614; x_wconf 76' lang='grc' dir='ltr'><strong>ι</strong></span> 
     </span>
    </p>
   </div>
   <div class='ocr_carea' id='block_1_77' title="bbox 1175 1632 1934 1669">
    <p class='ocr_par' dir='ltr' id='par_1_77' title="bbox 1175 1632 1934 1669">
     <span class='ocr_line' id='line_1_77' title="bbox 1175 1632 1934 1669; baseline -0.003 -8"><span class='ocrx_word' id='word_1_519' title='bbox 1175 1634 1311 1668; x_wconf 84' lang='lat' dir='ltr'><strong>Quoniam</strong></span> <span class='ocrx_word' id='word_1_520' title='bbox 1326 1634 1436 1662; x_wconf 89' lang='lat' dir='ltr'><strong>auditor</strong></span> <span class='ocrx_word' id='word_1_521' title='bbox 1450 1638 1491 1662; x_wconf 90' lang='lat' dir='ltr'><strong>tot</strong></span> <span class='ocrx_word' id='word_1_522' title='bbox 1507 1637 1638 1669; x_wconf 88' lang='lat' dir='ltr'><strong>tantaqtte</strong></span> <span class='ocrx_word' id='word_1_523' title='bbox 1653 1632 1790 1661; x_wconf 86' lang='lat' dir='ltr'><strong>audiendo</strong></span> <span class='ocrx_word' id='word_1_524' title='bbox 1806 1632 1883 1668; x_wconf 80' lang='lat'><strong>131</strong></span> <span class='ocrx_word' id='word_1_525' title='bbox 1899 1632 1934 1659; x_wconf 89' lang='lat' dir='ltr'><strong>de</strong></span> 
     </span>
    </p>
   </div>
   <div class='ocr_carea' id='block_1_78' title="bbox 1139 1677 1932 1714">
    <p class='ocr_par' dir='ltr' id='par_1_78' title="bbox 1139 1677 1932 1714">
     <span class='ocr_line' id='line_1_78' title="bbox 1139 1677 1932 1714; baseline -0.006 -6"><span class='ocrx_word' id='word_1_526' title='bbox 1139 1688 1212 1708; x_wconf 84' lang='lat' dir='ltr'><strong>novo</strong></span> <span class='ocrx_word' id='word_1_527' title='bbox 1228 1683 1407 1712; x_wconf 86' lang='lat' dir='ltr'><strong>testamento,</strong></span> <span class='ocrx_word' id='word_1_528' title='bbox 1428 1677 1581 1714; x_wconf 76' lang='lat' dir='ltr'><strong>rogaturus</strong></span> <span class='ocrx_word' id='word_1_529' title='bbox 1595 1682 1666 1711; x_wconf 81' lang='lat' dir='ltr'><strong>erat,</strong></span> <span class='ocrx_word' id='word_1_530' title='bbox 1689 1681 1720 1705; x_wconf 93' lang='lat' dir='ltr'><strong>ut</strong></span> <span class='ocrx_word' id='word_1_531' title='bbox 1739 1678 1826 1705; x_wconf 89' lang='lat' dir='ltr'><strong>oculis</strong></span> <span class='ocrx_word' id='word_1_532' title='bbox 1850 1677 1932 1705; x_wconf 89' lang='lat' dir='ltr'><strong>etiant</strong></span> 
     </span>
    </p>
   </div>
   <div class='ocr_carea' id='block_1_79' title="bbox 1140 1723 1933 1761">
    <p class='ocr_par' dir='ltr' id='par_1_79' title="bbox 1140 1723 1933 1761">
     <span class='ocr_line' id='line_1_79' title="bbox 1140 1723 1933 1761; baseline -0.004 -9"><span class='ocrx_word' id='word_1_533' title='bbox 1140 1726 1256 1761; x_wconf 77' lang='lat' dir='ltr'><strong>gloriam</strong></span> <span class='ocrx_word' id='word_1_534' title='bbox 1275 1725 1348 1752; x_wconf 87' lang='lat' dir='ltr'><strong>Itane</strong></span> <span class='ocrx_word' id='word_1_535' title='bbox 1362 1725 1489 1752; x_wconf 88' lang='lat' dir='ltr'><strong>contueri</strong></span> <span class='ocrx_word' id='word_1_536' title='bbox 1504 1725 1601 1752; x_wconf 84' lang='lat' dir='ltr'><strong>liceret</strong></span> <span class='ocrx_word' id='word_1_537' title='bbox 1616 1723 1685 1758; x_wconf 84' lang='lat' dir='ltr'><strong>sibi;</strong></span> <span class='ocrx_word' id='word_1_538' title='bbox 1700 1723 1762 1751; x_wconf 88' lang='lat' dir='ltr'><strong>vide</strong></span> <span class='ocrx_word' id='word_1_539' title='bbox 1780 1731 1835 1759; x_wconf 94' lang='lat' dir='ltr'><strong>quo</strong></span> <span class='ocrx_word' id='word_1_540' title='bbox 1852 1727 1933 1759; x_wconf 86' lang='lat' dir='ltr'><strong>pacto</strong></span> 
     </span>
    </p>
   </div>
   <div class='ocr_carea' id='block_1_80' title="bbox 1139 1770 1620 1805">
    <p class='ocr_par' dir='ltr' id='par_1_80' title="bbox 1139 1770 1620 1805">
     <span class='ocr_line' id='line_1_80' title="bbox 1139 1770 1620 1805; baseline -0.006 -5"><span class='ocrx_word' id='word_1_541' title='bbox 1139 1773 1167 1800; x_wconf 92' lang='lat' dir='ltr'><strong>itt</strong></span> <span class='ocrx_word' id='word_1_542' title='bbox 1183 1780 1272 1801; x_wconf 72' lang='lat' dir='ltr'><strong>terunt</strong></span> <span class='ocrx_word' id='word_1_543' title='bbox 1287 1771 1410 1799; x_wconf 83' lang='lat' dir='ltr'><strong>futurum</strong></span> <span class='ocrx_word' id='word_1_544' title='bbox 1427 1779 1490 1799; x_wconf 91' lang='lat' dir='ltr'><strong>eum</strong></span> <span class='ocrx_word' id='word_1_545' title='bbox 1503 1770 1620 1805; x_wconf 82' lang='lat' dir='ltr'><strong>rejiciat.</strong></span> 
     </span>
    </p>
   </div>
   <div class='ocr_carea' id='block_1_81' title="bbox 1179 1815 1932 1850">
    <p class='ocr_par' dir='ltr' id='par_1_81' title="bbox 1179 1815 1932 1850">
     <span class='ocr_line' id='line_1_81' title="bbox 1179 1815 1932 1850; baseline -0.007 -4"><span class='ocrx_word' id='word_1_546' title='bbox 1179 1829 1188 1845; x_wconf 80' lang='grc' dir='ltr'><strong>ι</strong></span> <span class='ocrx_word' id='word_1_547' title='bbox 1206 1817 1242 1846; x_wconf 88' lang='lat' dir='ltr'><strong>Ut</strong></span> <span class='ocrx_word' id='word_1_548' title='bbox 1261 1826 1317 1846; x_wconf 88' lang='lat' dir='ltr'><strong>non</strong></span> <span class='ocrx_word' id='word_1_549' title='bbox 1338 1818 1514 1845; x_wconf 83' lang='lat' dir='ltr'><strong>intenderent</strong></span> <span class='ocrx_word' id='word_1_550' title='bbox 1538 1816 1586 1844; x_wconf 79' lang='lat' dir='ltr'><strong>lilii</strong></span> <span class='ocrx_word' id='word_1_551' title='bbox 1608 1815 1694 1844; x_wconf 82' lang='lat' dir='ltr'><strong>Israel</strong></span> <span class='ocrx_word' id='word_1_552' title='bbox 1712 1815 1740 1843; x_wconf 90' lang='lat' dir='ltr'><strong>in</strong></span> <span class='ocrx_word' id='word_1_553' title='bbox 1764 1815 1846 1843; x_wconf 81' lang='lat' dir='ltr'><strong>ﬁnem</strong></span> <span class='ocrx_word' id='word_1_554' title='bbox 1861 1815 1932 1850; x_wconf 83' lang='lat' dir='ltr'><strong>ejus,</strong></span> 
     </span>
    </p>
   </div>
   <div class='ocr_carea' id='block_1_82' title="bbox 1140 1865 1419 1901">
    <p class='ocr_par' dir='ltr' id='par_1_82' title="bbox 1140 1865 1419 1901">
     <span class='ocr_line' id='line_1_82' title="bbox 1140 1865 1419 1901; baseline -0.004 -9"><span class='ocrx_word' id='word_1_555' title='bbox 1140 1865 1213 1901; x_wconf 90' lang='lat' dir='ltr'><strong>quod</strong></span> <span class='ocrx_word' id='word_1_556' title='bbox 1232 1868 1391 1892; x_wconf 87' lang='lat' dir='ltr'><strong>evacuatur.</strong></span> <span class='ocrx_word' id='word_1_557' title='bbox 1410 1874 1419 1891; x_wconf 84' lang='lat' dir='ltr'><strong>t</strong></span> 
     </span>
    </p>
   </div>
   <div class='ocr_carea' id='block_1_83' title="bbox 1176 1908 1934 1946">
    <p class='ocr_par' dir='ltr' id='par_1_83' title="bbox 1176 1908 1934 1946">
     <span class='ocr_line' id='line_1_83' title="bbox 1176 1908 1934 1946; baseline -0.005 -8"><span class='ocrx_word' id='word_1_558' title='bbox 1176 1911 1250 1946; x_wconf 85' lang='lat' dir='ltr'><strong>Opus</strong></span> <span class='ocrx_word' id='word_1_559' title='bbox 1273 1911 1411 1939; x_wconf 85' lang='lat' dir='ltr'><strong>velamine</strong></span> <span class='ocrx_word' id='word_1_560' title='bbox 1432 1918 1488 1938; x_wconf 88' lang='lat' dir='ltr'><strong>non</strong></span> <span class='ocrx_word' id='word_1_561' title='bbox 1516 1914 1559 1938; x_wconf 90' lang='lat' dir='ltr'><strong>est</strong></span> <span class='ocrx_word' id='word_1_562' title='bbox 1584 1909 1677 1943; x_wconf 85' lang='lat' dir='ltr'><strong>nobis,</strong></span> <span class='ocrx_word' id='word_1_563' title='bbox 1701 1908 1934 1944; x_wconf 89' lang='lat' dir='ltr'><strong>quemadmodutn</strong></span> 
     </span>
    </p>
   </div>
   <div class='ocr_carea' id='block_1_84' title="bbox 1141 1955 1934 1993">
    <p class='ocr_par' dir='ltr' id='par_1_84' title="bbox 1141 1955 1934 1993">
     <span class='ocr_line' id='line_1_84' title="bbox 1141 1955 1934 1993; baseline -0.001 -9"><span class='ocrx_word' id='word_1_564' title='bbox 1141 1957 1238 1993; x_wconf 84' lang='lat' dir='ltr'><strong>Moysi.</strong></span> <span class='ocrx_word' id='word_1_565' title='bbox 1267 1956 1336 1983; x_wconf 85' lang='lat' dir='ltr'><strong>Nam</strong></span> <span class='ocrx_word' id='word_1_566' title='bbox 1368 1956 1485 1991; x_wconf 82' lang='lat' dir='ltr'><strong>gloriam</strong></span> <span class='ocrx_word' id='word_1_567' title='bbox 1514 1956 1585 1983; x_wconf 91' lang='lat' dir='ltr'><strong>hanc</strong></span> <span class='ocrx_word' id='word_1_568' title='bbox 1612 1955 1736 1983; x_wconf 86' lang='lat' dir='ltr'><strong>contueri</strong></span> <span class='ocrx_word' id='word_1_569' title='bbox 1768 1962 1934 1990; x_wconf 82' lang='lat' dir='ltr'><strong>possumus.</strong></span> 
     </span>
    </p>
   </div>
   <div class='ocr_carea' id='block_1_85' title="bbox 1141 1999 1933 2038">
    <p class='ocr_par' dir='ltr' id='par_1_85' title="bbox 1141 1999 1933 2038">
     <span class='ocr_line' id='line_1_85' title="bbox 1141 1999 1933 2038; baseline -0.006 -8"><span class='ocrx_word' id='word_1_570' title='bbox 1141 2011 1194 2038; x_wconf 92' lang='lat' dir='ltr'><strong>qua</strong></span> <span class='ocrx_word' id='word_1_571' title='bbox 1232 2002 1492 2034; x_wconf 87' lang='lat' dir='ltr'><strong>circumveslituur,</strong></span> <span class='ocrx_word' id='word_1_572' title='bbox 1532 2001 1660 2036; x_wconf 87' lang='lat' dir='ltr'><strong>quamvis</strong></span> <span class='ocrx_word' id='word_1_573' title='bbox 1696 1999 1744 2027; x_wconf 88' lang='lat' dir='ltr'><strong>illa</strong></span> <span class='ocrx_word' id='word_1_574' title='bbox 1776 1999 1857 2033; x_wconf 82' lang='lat' dir='ltr'><strong>longe</strong></span> <span class='ocrx_word' id='word_1_575' title='bbox 1897 1999 1933 2026; x_wconf 88' lang='lat' dir='ltr'><strong>sit</strong></span> 
     </span>
    </p>
   </div>
   <div class='ocr_carea' id='block_1_86' title="bbox 1141 2049 1242 2083">
    <p class='ocr_par' dir='ltr' id='par_1_86' title="bbox 1141 2049 1242 2083">
     <span class='ocr_line' id='line_1_86' title="bbox 1141 2049 1242 2083; baseline 0 -7"><span class='ocrx_word' id='word_1_576' title='bbox 1141 2049 1242 2083; x_wconf 87' lang='lat' dir='ltr'><strong>major.</strong></span> 
     </span>
    </p>
   </div>
   <div class='ocr_carea' id='block_1_87' title="bbox 1178 2093 1879 2122">
    <p class='ocr_par' dir='ltr' id='par_1_87' title="bbox 1178 2093 1879 2122">
     <span class='ocr_line' id='line_1_87' title="bbox 1178 2093 1879 2122; baseline -0.006 0"><span class='ocrx_word' id='word_1_577' title='bbox 1178 2094 1261 2122; x_wconf 72' lang='lat' dir='ltr'><strong>Vens.</strong></span> <span class='ocrx_word' id='word_1_578' title='bbox 1278 2094 1323 2122; x_wconf 75' lang='lat' dir='ltr'><strong>M.</strong></span> <span class='ocrx_word' id='word_1_579' title='bbox 1343 2103 1353 2121; x_wconf 71' lang='grc' dir='ltr'><strong>ι</strong></span> <span class='ocrx_word' id='word_1_580' title='bbox 1371 2094 1424 2122; x_wconf 89' lang='lat' dir='ltr'><strong>Sed</strong></span> <span class='ocrx_word' id='word_1_581' title='bbox 1441 2093 1531 2121; x_wconf 84' lang='lat' dir='ltr'><strong>obtusi</strong></span> <span class='ocrx_word' id='word_1_582' title='bbox 1547 2096 1612 2121; x_wconf 89' lang='lat' dir='ltr'><strong>sttnt</strong></span> <span class='ocrx_word' id='word_1_583' title='bbox 1627 2100 1725 2120; x_wconf 85' lang='lat' dir='ltr'><strong>sensus</strong></span> <span class='ocrx_word' id='word_1_584' title='bbox 1744 2099 1850 2119; x_wconf 89' lang='lat' dir='ltr'><strong>eorunt.</strong></span> <span class='ocrx_word' id='word_1_585' title='bbox 1870 2100 1879 2116; x_wconf 77' lang='grc' dir='ltr'><strong>ι</strong></span> 
     </span>
    </p>
   </div>
   <div class='ocr_carea' id='block_1_88' title="bbox 1177 2138 1935 2175">
    <p class='ocr_par' dir='ltr' id='par_1_88' title="bbox 1177 2138 1935 2175">
     <span class='ocr_line' id='line_1_88' title="bbox 1177 2138 1935 2175; baseline -0.007 -6"><span class='ocrx_word' id='word_1_586' title='bbox 1177 2140 1303 2174; x_wconf 86' lang='lat' dir='ltr'><strong>Futura,</strong></span> <span class='ocrx_word' id='word_1_587' title='bbox 1330 2140 1435 2175; x_wconf 89' lang='lat' dir='ltr'><strong>ittquit,</strong></span> <span class='ocrx_word' id='word_1_588' title='bbox 1463 2140 1519 2175; x_wconf 89' lang='lat' dir='ltr'><strong>jam</strong></span> <span class='ocrx_word' id='word_1_589' title='bbox 1549 2139 1616 2167; x_wconf 90' lang='lat' dir='ltr'><strong>olitn</strong></span> <span class='ocrx_word' id='word_1_590' title='bbox 1643 2139 1684 2166; x_wconf 86' lang='lat' dir='ltr'><strong>lex</strong></span> <span class='ocrx_word' id='word_1_591' title='bbox 1709 2138 1935 2166; x_wconf 82' lang='lat' dir='ltr'><strong>aduntbraverat.</strong></span> 
     </span>
    </p>
   </div>
   <div class='ocr_carea' id='block_1_89' title="bbox 1144 2185 1936 2219">
    <p class='ocr_par' dir='ltr' id='par_1_89' title="bbox 1144 2185 1936 2219">
     <span class='ocr_line' id='line_1_89' title="bbox 1144 2185 1936 2219; baseline -0.008 -3"><span class='ocrx_word' id='word_1_592' title='bbox 1144 2187 1202 2216; x_wconf 85' lang='lat' dir='ltr'><strong>Non</strong></span> <span class='ocrx_word' id='word_1_593' title='bbox 1220 2188 1310 2216; x_wconf 90' lang='lat' dir='ltr'><strong>solum</strong></span> <span class='ocrx_word' id='word_1_594' title='bbox 1327 2188 1401 2214; x_wconf 89' lang='lat' dir='ltr'><strong>ettim</strong></span> <span class='ocrx_word' id='word_1_595' title='bbox 1428 2186 1498 2214; x_wconf 90' lang='lat' dir='ltr'><strong>ttiltil</strong></span> <span class='ocrx_word' id='word_1_596' title='bbox 1527 2190 1593 2213; x_wconf 87' lang='lat' dir='ltr'><strong>tunc</strong></span> <span class='ocrx_word' id='word_1_597' title='bbox 1611 2185 1753 2218; x_wconf 84' lang='lat' dir='ltr'><strong>videbant,</strong></span> <span class='ocrx_word' id='word_1_598' title='bbox 1779 2185 1826 2212; x_wconf 85' lang='lat' dir='ltr'><strong>sed</strong></span> <span class='ocrx_word' id='word_1_599' title='bbox 1847 2192 1936 2219; x_wconf 87' lang='lat' dir='ltr'><strong>neque</strong></span> 
     </span>
    </p>
   </div>
   <div class='ocr_carea' id='block_1_90' title="bbox 299 2226 1087 2268">
    <p class='ocr_par' dir='ltr' id='par_1_90' title="bbox 299 2228 1087 2266">
     <span class='ocr_line' id='line_1_90' title="bbox 299 2228 1087 2266; baseline -0.001 -9"><span class='ocrx_word' id='word_1_600' title='bbox 299 2231 347 2258; x_wconf 78' lang='grc' dir='ltr'><strong>καὶ</strong></span> <span class='ocrx_word' id='word_1_601' title='bbox 362 2232 378 2266; x_wconf 82' lang='grc' dir='ltr'>ὴ</span> <span class='ocrx_word' id='word_1_602' title='bbox 392 2230 466 2257; x_wconf 80' lang='grc' dir='ltr'>αἰτία</span> <span class='ocrx_word' id='word_1_603' title='bbox 483 2231 547 2266; x_wconf 83' lang='grc' dir='ltr'>παρ’</span> <span class='ocrx_word' id='word_1_604' title='bbox 569 2230 671 2262; x_wconf 74' lang='grc' dir='ltr'>αὐτοῖς.</span> <span class='ocrx_word' id='word_1_605' title='bbox 698 2230 730 2256; x_wconf 85' lang='grc' dir='ltr'><em>Ἦ</em></span> <span class='ocrx_word' id='word_1_606' title='bbox 751 2229 806 2265; x_wconf 78' lang='grc' dir='ltr'><strong>γὰρ</strong></span> <span class='ocrx_word' id='word_1_607' title='bbox 818 2229 958 2266; x_wconf 85' lang='grc' dir='ltr'>πώρωσις,</span> <span class='ocrx_word' id='word_1_608' title='bbox 976 2228 1087 2265; x_wconf 81' lang='grc' dir='ltr'>γνώμης</span> 
     </span>
    </p>
   </div>
   <div class='ocr_carea' id='block_1_91' title="bbox 1137 2226 1934 2268">
    <p class='ocr_par' dir='ltr' id='par_1_91' title="bbox 1144 2231 1934 2268">
     <span class='ocr_line' id='line_1_91' title="bbox 1144 2231 1934 2268; baseline -0.006 -7"><span class='ocrx_word' id='word_1_609' title='bbox 1144 2234 1226 2262; x_wconf 83' lang='lat' dir='ltr'><strong>hodie</strong></span> <span class='ocrx_word' id='word_1_610' title='bbox 1242 2233 1329 2268; x_wconf 78' lang='lat' dir='ltr'><strong>legem</strong></span> <span class='ocrx_word' id='word_1_611' title='bbox 1348 2233 1452 2260; x_wconf 78' lang='lat' dir='ltr'><strong>rident.</strong></span> <span class='ocrx_word' id='word_1_612' title='bbox 1470 2232 1560 2268; x_wconf 84' lang='lat' dir='ltr'><strong>Atque</strong></span> <span class='ocrx_word' id='word_1_613' title='bbox 1576 2232 1627 2260; x_wconf 90' lang='lat' dir='ltr'><strong>hoc</strong></span> <span class='ocrx_word' id='word_1_614' title='bbox 1641 2231 1693 2267; x_wconf 90' lang='lat' dir='ltr'><strong>ipsi</strong></span> <span class='ocrx_word' id='word_1_615' title='bbox 1708 2231 1759 2259; x_wconf 89' lang='lat' dir='ltr'><strong>sibi</strong></span> <span class='ocrx_word' id='word_1_616' title='bbox 1773 2232 1934 2267; x_wconf 69' lang='lat' dir='ltr'><strong>praestitere.</strong></span> 
     </span>
    </p>
   </div>
   <div class='ocr_carea' id='block_1_92' title="bbox 299 2276 826 2314">
    <p class='ocr_par' dir='ltr' id='par_1_92' title="bbox 299 2276 826 2314">
     <span class='ocr_line' id='line_1_92' title="bbox 299 2276 826 2314; baseline -0.002 -10"><span class='ocrx_word' id='word_1_617' title='bbox 299 2278 373 2305; x_wconf 72' lang='grc' dir='ltr'>ἐστὶν</span> <span class='ocrx_word' id='word_1_618' title='bbox 385 2277 548 2314; x_wconf 82' lang='grc' dir='ltr'>ἀναισθήτου</span> <span class='ocrx_word' id='word_1_619' title='bbox 560 2277 606 2304; x_wconf 75' lang='grc' dir='ltr'><strong>καὶ</strong></span> <span class='ocrx_word' id='word_1_620' title='bbox 617 2276 826 2312; x_wconf 79' lang='grc' dir='ltr'>ἀγνωμοσύνης.</span> 
     </span>
    </p>
   </div>
   <div class='ocr_carea' id='block_1_93' title="bbox 337 2365 1091 2404">
    <p class='ocr_par' dir='ltr' id='par_1_93' title="bbox 337 2365 1091 2404">
     <span class='ocr_line' id='line_1_93' title="bbox 337 2365 1091 2404; baseline -0.003 -9"><span class='ocrx_word' id='word_1_621' title='bbox 337 2378 348 2394; x_wconf 83' lang='grc'><em>‹</em></span> <span class='ocrx_word' id='word_1_622' title='bbox 366 2369 448 2404; x_wconf 73' lang='grc' dir='ltr'>’Λχρι</span> <span class='ocrx_word' id='word_1_623' title='bbox 471 2369 525 2404; x_wconf 75' lang='grc' dir='ltr'><strong>γὰρ</strong></span> <span class='ocrx_word' id='word_1_624' title='bbox 555 2368 604 2404; x_wconf 86' lang='grc' dir='ltr'>τῆς</span> <span class='ocrx_word' id='word_1_625' title='bbox 621 2369 741 2404; x_wconf 75' lang='grc' dir='ltr'>σήμερον</span> <span class='ocrx_word' id='word_1_626' title='bbox 754 2368 783 2394; x_wconf 73' lang='grc' dir='ltr'><strong>τὸ</strong></span> <span class='ocrx_word' id='word_1_627' title='bbox 806 2367 873 2394; x_wconf 66' lang='grc' dir='ltr'>αὐτὸ</span> <span class='ocrx_word' id='word_1_628' title='bbox 894 2366 1031 2402; x_wconf 85' lang='grc' dir='ltr'>κάλυμμα</span> <span class='ocrx_word' id='word_1_629' title='bbox 1043 2365 1091 2393; x_wconf 70' lang='grc' dir='ltr'><strong>ἐπὶ</strong></span> 
     </span>
    </p>
   </div>
   <div class='ocr_carea' id='block_1_94' title="bbox 299 2413 1090 2450">
    <p class='ocr_par' dir='ltr' id='par_1_94' title="bbox 299 2413 1090 2450">
     <span class='ocr_line' id='line_1_94' title="bbox 299 2413 1090 2450; baseline -0.004 -9"><span class='ocrx_word' id='word_1_630' title='bbox 299 2415 333 2450; x_wconf 80' lang='grc' dir='ltr'><strong>τῇ</strong></span> <span class='ocrx_word' id='word_1_631' title='bbox 346 2413 499 2448; x_wconf 76' lang='grc' dir='ltr'>ἀναγνώσει</span> <span class='ocrx_word' id='word_1_632' title='bbox 514 2413 564 2449; x_wconf 83' lang='grc' dir='ltr'>τῆς</span> <span class='ocrx_word' id='word_1_633' title='bbox 580 2413 701 2445; x_wconf 76' lang='grc' dir='ltr'>Παλαιᾶς</span> <span class='ocrx_word' id='word_1_634' title='bbox 722 2413 861 2449; x_wconf 83' lang='grc' dir='ltr'>Διαθὴκης</span> <span class='ocrx_word' id='word_1_635' title='bbox 878 2413 954 2448; x_wconf 84' lang='grc' dir='ltr'>μένει</span> <span class='ocrx_word' id='word_1_636' title='bbox 972 2413 1009 2448; x_wconf 85' lang='grc' dir='ltr'>μὴ</span> <span class='ocrx_word' id='word_1_637' title='bbox 1023 2413 1090 2440; x_wconf 79' lang='grc' dir='ltr'>ἁνα-</span> 
     </span>
    </p>
   </div>
   <div class='ocr_carea' id='block_1_95' title="bbox 300 2460 541 2495">
    <p class='ocr_par' dir='ltr' id='par_1_95' title="bbox 300 2460 541 2495">
     <span class='ocr_line' id='line_1_95' title="bbox 300 2460 541 2495; baseline -0.008 -7"><span class='ocrx_word' id='word_1_638' title='bbox 300 2460 514 2495; x_wconf 81' lang='grc' dir='ltr'>καλυπτόμενον.</span> <span class='ocrx_word' id='word_1_639' title='bbox 532 2469 541 2485; x_wconf 75' lang='grc' dir='ltr'><strong>ι</strong></span> 
     </span>
    </p>
   </div>
   <div class='ocr_carea' id='block_1_96' title="bbox 336 2505 1092 2542">
    <p class='ocr_par' dir='ltr' id='par_1_96' title="bbox 336 2505 1092 2542">
     <span class='ocr_line' id='line_1_96' title="bbox 336 2505 1092 2542; baseline -0.003 -8"><span class='ocrx_word' id='word_1_640' title='bbox 336 2507 368 2534; x_wconf 89' lang='grc' dir='ltr'>Τί</span> <span class='ocrx_word' id='word_1_641' title='bbox 379 2506 544 2542; x_wconf 83' lang='grc' dir='ltr'>Θαυμάζετε,</span> <span class='ocrx_word' id='word_1_642' title='bbox 564 2507 657 2541; x_wconf 67' lang='grc' dir='ltr'>φησὶν,</span> <span class='ocrx_word' id='word_1_643' title='bbox 676 2507 700 2532; x_wconf 80' lang='grc' dir='ltr'><strong>εί</strong></span> <span class='ocrx_word' id='word_1_644' title='bbox 719 2506 770 2541; x_wconf 87' lang='grc' dir='ltr'>τὴν</span> <span class='ocrx_word' id='word_1_645' title='bbox 793 2506 872 2538; x_wconf 77' lang='grc' dir='ltr'>δόξαν</span> <span class='ocrx_word' id='word_1_646' title='bbox 898 2505 1002 2541; x_wconf 83' lang='grc' dir='ltr'>ταύτην</span> <span class='ocrx_word' id='word_1_647' title='bbox 1028 2505 1092 2532; x_wconf 74' lang='grc' dir='ltr'>ἰδεῖν</span> 
     </span>
    </p>
   </div>
   <div class='ocr_carea' id='block_1_97' title="bbox 300 2552 1092 2588">
    <p class='ocr_par' dir='ltr' id='par_1_97' title="bbox 300 2552 1092 2588">
     <span class='ocr_line' id='line_1_97' title="bbox 300 2552 1092 2588; baseline -0.004 -6"><span class='ocrx_word' id='word_1_648' title='bbox 300 2555 330 2582; x_wconf 82' lang='grc' dir='ltr'>οὺ</span> <span class='ocrx_word' id='word_1_649' title='bbox 345 2555 484 2586; x_wconf 86' lang='grc' dir='ltr'>δύνανται,</span> <span class='ocrx_word' id='word_1_650' title='bbox 496 2554 563 2581; x_wconf 82' lang='grc' dir='ltr'>ὅπου</span> <span class='ocrx_word' id='word_1_651' title='bbox 583 2562 615 2588; x_wconf 87' lang='grc' dir='ltr'><strong>γε</strong></span> <span class='ocrx_word' id='word_1_652' title='bbox 635 2553 684 2580; x_wconf 71' lang='grc' dir='ltr'>καὶ</span> <span class='ocrx_word' id='word_1_653' title='bbox 700 2553 749 2587; x_wconf 83' lang='grc' dir='ltr'>τὴν</span> <span class='ocrx_word' id='word_1_654' title='bbox 767 2552 872 2580; x_wconf 77' lang='grc' dir='ltr'>ἐλάττω</span> <span class='ocrx_word' id='word_1_655' title='bbox 886 2552 936 2587; x_wconf 85' lang='grc' dir='ltr'>τὴν</span> <span class='ocrx_word' id='word_1_656' title='bbox 950 2552 1092 2584; x_wconf 82' lang='grc' dir='ltr'>Μωῡσέως</span> 
     </span>
    </p>
   </div>
   <div class='ocr_carea' id='block_1_98' title="bbox 299 2597 1093 2634">
    <p class='ocr_par' dir='ltr' id='par_1_98' title="bbox 299 2597 1093 2634">
     <span class='ocr_line' id='line_1_98' title="bbox 299 2597 1093 2634; baseline -0.004 -7"><span class='ocrx_word' id='word_1_657' title='bbox 299 2601 350 2627; x_wconf 82' lang='grc' dir='ltr'><strong>οὐκ</strong></span> <span class='ocrx_word' id='word_1_658' title='bbox 364 2598 446 2633; x_wconf 80' lang='grc' dir='ltr'>εἶδον,</span> <span class='ocrx_word' id='word_1_659' title='bbox 460 2599 524 2626; x_wconf 80' lang='grc' dir='ltr'>οὕτε</span> <span class='ocrx_word' id='word_1_660' title='bbox 540 2600 580 2631; x_wconf 82' lang='grc' dir='ltr'><strong>εἰς</strong></span> <span class='ocrx_word' id='word_1_661' title='bbox 594 2599 625 2625; x_wconf 68' lang='grc' dir='ltr'><strong>τὸ</strong></span> <span class='ocrx_word' id='word_1_662' title='bbox 640 2598 787 2634; x_wconf 76' lang='grc' dir='ltr'>πρόσωπον</span> <span class='ocrx_word' id='word_1_663' title='bbox 803 2598 926 2625; x_wconf 74' lang='grc' dir='ltr'>ἀτενίσαι</span> <span class='ocrx_word' id='word_1_664' title='bbox 947 2597 1093 2633; x_wconf 84' lang='grc' dir='ltr'>ίσχύσαντο</span> 
     </span>
    </p>
   </div>
   <div class='ocr_carea' id='block_1_99' title="bbox 301 2644 1093 2682">
    <p class='ocr_par' dir='ltr' id='par_1_99' title="bbox 301 2644 1093 2682">
     <span class='ocr_line' id='line_1_99' title="bbox 301 2644 1093 2682; baseline -0.005 -8"><span class='ocrx_word' id='word_1_665' title='bbox 301 2647 468 2679; x_wconf 77' lang='grc' dir='ltr'>ὲκείνουςΤί</span> <span class='ocrx_word' id='word_1_666' title='bbox 483 2647 511 2673; x_wconf 74' lang='grc' dir='ltr'>δὲ</span> <span class='ocrx_word' id='word_1_667' title='bbox 535 2645 703 2682; x_wconf 63' lang='lat' dir='ltr'><strong>rapis-.2305</strong></span> <span class='ocrx_word' id='word_1_668' title='bbox 723 2646 747 2671; x_wconf 87' lang='grc' dir='ltr'><strong>εί</strong></span> <span class='ocrx_word' id='word_1_669' title='bbox 776 2645 806 2671; x_wconf 82' lang='grc' dir='ltr'><strong>οὺ</strong></span> <span class='ocrx_word' id='word_1_670' title='bbox 827 2644 1003 2671; x_wconf 73' lang='grc' dir='ltr'>πιστεύουσιν</span> <span class='ocrx_word' id='word_1_671' title='bbox 1027 2645 1093 2671; x_wconf 76' lang='grc' dir='ltr'>Ἰου-</span> 
     </span>
    </p>
   </div>
   <div class='ocr_carea' id='block_1_100' title="bbox 299 2690 1093 2728">
    <p class='ocr_par' dir='ltr' id='par_1_100' title="bbox 299 2690 1093 2728">
     <span class='ocr_line' id='line_1_100' title="bbox 299 2690 1093 2728; baseline -0.005 -7"><span class='ocrx_word' id='word_1_672' title='bbox 299 2693 370 2721; x_wconf 84' lang='grc' dir='ltr'>δαῖοι</span> <span class='ocrx_word' id='word_1_673' title='bbox 383 2692 505 2728; x_wconf 83' lang='grc' dir='ltr'>Χριστῷ,</span> <span class='ocrx_word' id='word_1_674' title='bbox 521 2692 589 2719; x_wconf 81' lang='grc' dir='ltr'>ὅπου</span> <span class='ocrx_word' id='word_1_675' title='bbox 619 2700 652 2727; x_wconf 86' lang='grc' dir='ltr'><strong>γε</strong></span> <span class='ocrx_word' id='word_1_676' title='bbox 664 2691 725 2718; x_wconf 76' lang='grc' dir='ltr'>οὐδὲ</span> <span class='ocrx_word' id='word_1_677' title='bbox 738 2690 778 2726; x_wconf 84' lang='grc' dir='ltr'>τῷ</span> <span class='ocrx_word' id='word_1_678' title='bbox 793 2690 868 2726; x_wconf 82' lang='grc' dir='ltr'>νόμῳ</span> <span class='ocrx_word' id='word_1_679' title='bbox 887 2690 1028 2726; x_wconf 81' lang='grc' dir='ltr'>νομίμως;</span> <span class='ocrx_word' id='word_1_680' title='bbox 1045 2690 1093 2718; x_wconf 79' lang='grc' dir='ltr'>Διὰ</span> 
     </span>
    </p>
   </div>
   <div class='ocr_carea' id='block_1_101' title="bbox 302 2736 1094 2774">
    <p class='ocr_par' dir='ltr' id='par_1_101' title="bbox 302 2736 1094 2774">
     <span class='ocr_line' id='line_1_101' title="bbox 302 2736 1094 2774; baseline -0.004 -8"><span class='ocrx_word' id='word_1_681' title='bbox 302 2738 357 2774; x_wconf 84' lang='grc' dir='ltr'>γὰρ</span> <span class='ocrx_word' id='word_1_682' title='bbox 384 2737 464 2765; x_wconf 80' lang='grc' dir='ltr'>τοῦτο</span> <span class='ocrx_word' id='word_1_683' title='bbox 489 2738 536 2766; x_wconf 79' lang='grc' dir='ltr'><strong>καὶ</strong></span> <span class='ocrx_word' id='word_1_684' title='bbox 560 2738 611 2772; x_wconf 82' lang='grc' dir='ltr'>τὴν</span> <span class='ocrx_word' id='word_1_685' title='bbox 638 2737 720 2773; x_wconf 81' lang='grc' dir='ltr'>χάριν</span> <span class='ocrx_word' id='word_1_686' title='bbox 748 2737 897 2772; x_wconf 74' lang='grc' dir='ltr'>ἠγνόησαν,</span> <span class='ocrx_word' id='word_1_687' title='bbox 917 2737 1010 2772; x_wconf 74' lang='grc' dir='ltr'>ἐπειδὴ</span> <span class='ocrx_word' id='word_1_688' title='bbox 1033 2736 1094 2764; x_wconf 73' lang='grc' dir='ltr'>οὐδὲ</span> 
     </span>
    </p>
   </div>
   <div class='ocr_carea' id='block_1_102' title="bbox 302 2781 1093 2820">
    <p class='ocr_par' dir='ltr' id='par_1_102' title="bbox 302 2781 1093 2820">
     <span class='ocr_line' id='line_1_102' title="bbox 302 2781 1093 2820; baseline -0.004 -9"><span class='ocrx_word' id='word_1_689' title='bbox 302 2783 353 2820; x_wconf 77' lang='grc' dir='ltr'>τὴν</span> <span class='ocrx_word' id='word_1_690' title='bbox 374 2783 496 2811; x_wconf 82' lang='grc' dir='ltr'>Παλαιὰν</span> <span class='ocrx_word' id='word_1_691' title='bbox 520 2784 659 2819; x_wconf 84' lang='grc' dir='ltr'>Διαθήκην</span> <span class='ocrx_word' id='word_1_692' title='bbox 687 2781 778 2814; x_wconf 81' lang='grc' dir='ltr'>εἶδον,</span> <span class='ocrx_word' id='word_1_693' title='bbox 806 2783 866 2810; x_wconf 73' lang='grc' dir='ltr'>οὐδὲ</span> <span class='ocrx_word' id='word_1_694' title='bbox 887 2782 936 2818; x_wconf 86' lang='grc' dir='ltr'>τὴν</span> <span class='ocrx_word' id='word_1_695' title='bbox 965 2783 994 2810; x_wconf 81' lang='grc' dir='ltr'>ἐν</span> <span class='ocrx_word' id='word_1_696' title='bbox 1024 2783 1093 2818; x_wconf 79' lang='grc' dir='ltr'>αὐτῇ</span> 
     </span>
    </p>
   </div>
   <div class='ocr_carea' id='block_1_103' title="bbox 303 2829 1092 2867">
    <p class='ocr_par' dir='ltr' id='par_1_103' title="bbox 303 2829 1092 2867">
     <span class='ocr_line' id='line_1_103' title="bbox 303 2829 1092 2867; baseline -0.003 -9"><span class='ocrx_word' id='word_1_697' title='bbox 303 2830 394 2863; x_wconf 77' lang='grc' dir='ltr'>δόξαν.</span> <span class='ocrx_word' id='word_1_698' title='bbox 429 2830 499 2865; x_wconf 75' lang='grc' dir='ltr'>Δόξα.</span> <span class='ocrx_word' id='word_1_699' title='bbox 527 2831 582 2867; x_wconf 81' lang='grc' dir='ltr'>γὰρ</span> <span class='ocrx_word' id='word_1_700' title='bbox 609 2830 703 2866; x_wconf 81' lang='grc' dir='ltr'>νόμου,</span> <span class='ocrx_word' id='word_1_701' title='bbox 726 2830 757 2857; x_wconf 77' lang='grc' dir='ltr'>τὸ</span> <span class='ocrx_word' id='word_1_702' title='bbox 785 2829 853 2866; x_wconf 78' lang='grc' dir='ltr'>πρὸς</span> <span class='ocrx_word' id='word_1_703' title='bbox 886 2829 1004 2865; x_wconf 75' lang='grc' dir='ltr'>Χριστὸν</span> <span class='ocrx_word' id='word_1_704' title='bbox 1031 2830 1092 2856; x_wconf 72' lang='grc' dir='ltr'>ἑπι-</span> 
     </span>
    </p>
   </div>
   <div class='ocr_carea' id='block_1_104' title="bbox 305 2875 430 2911">
    <p class='ocr_par' dir='ltr' id='par_1_104' title="bbox 305 2875 430 2911">
     <span class='ocr_line' id='line_1_104' title="bbox 305 2875 430 2911; baseline 0 -8"><span class='ocrx_word' id='word_1_705' title='bbox 305 2875 419 2911; x_wconf 70' lang='grc' dir='ltr'>στρέψαι</span> <span class='ocrx_word' id='word_1_706' title='bbox 426 2896 430 2903; x_wconf 84' lang='grc'>.</span> 
     </span>
    </p>
   </div>
   <div class='ocr_carea' id='block_1_105' title="bbox 1142 2275 1934 2315">
    <p class='ocr_par' dir='ltr' id='par_1_105' title="bbox 1142 2275 1934 2315">
     <span class='ocr_line' id='line_1_105' title="bbox 1142 2275 1934 2315; baseline -0.008 -7"><span class='ocrx_word' id='word_1_707' title='bbox 1142 2280 1257 2308; x_wconf 87' lang='lat' dir='ltr'><strong>Obtusio</strong></span> <span class='ocrx_word' id='word_1_708' title='bbox 1275 2279 1413 2315; x_wconf 86' lang='lat' dir='ltr'><strong>siquidem</strong></span> <span class='ocrx_word' id='word_1_709' title='bbox 1433 2278 1519 2306; x_wconf 86' lang='lat' dir='ltr'><strong>animi</strong></span> <span class='ocrx_word' id='word_1_710' title='bbox 1547 2282 1589 2306; x_wconf 89' lang='lat' dir='ltr'><strong>est</strong></span> <span class='ocrx_word' id='word_1_711' title='bbox 1613 2278 1735 2314; x_wconf 82' lang='lat' dir='ltr'><strong>expertis</strong></span> <span class='ocrx_word' id='word_1_712' title='bbox 1763 2275 1880 2310; x_wconf 79' lang='lat' dir='ltr'><strong>sensus,</strong></span> <span class='ocrx_word' id='word_1_713' title='bbox 1910 2281 1934 2303; x_wconf 87' lang='lat' dir='ltr'><strong>el</strong></span> 
     </span>
    </p>
   </div>
   <div class='ocr_carea' id='block_1_106' title="bbox 1141 2326 1668 2361">
    <p class='ocr_par' dir='ltr' id='par_1_106' title="bbox 1141 2326 1668 2361">
     <span class='ocr_line' id='line_1_106' title="bbox 1141 2326 1668 2361; baseline 0 -7"><span class='ocrx_word' id='word_1_714' title='bbox 1141 2326 1254 2361; x_wconf 79' lang='lat' dir='ltr'><strong>ingrati.</strong></span> <span class='ocrx_word' id='word_1_715' title='bbox 1666 2356 1668 2358; x_wconf 95' lang='lat'><em>_</em></span> 
     </span>
    </p>
   </div>
   <div class='ocr_carea' id='block_1_107' title="bbox 1181 2366 1932 2405">
    <p class='ocr_par' dir='ltr' id='par_1_107' title="bbox 1181 2366 1932 2405">
     <span class='ocr_line' id='line_1_107' title="bbox 1181 2366 1932 2405; baseline -0.005 -7"><span class='ocrx_word' id='word_1_716' title='bbox 1181 2381 1190 2397; x_wconf 75' lang='grc' dir='ltr'><strong>ι</strong></span> <span class='ocrx_word' id='word_1_717' title='bbox 1205 2369 1300 2405; x_wconf 84' lang='lat' dir='ltr'><strong>Usque</strong></span> <span class='ocrx_word' id='word_1_718' title='bbox 1311 2370 1339 2397; x_wconf 93' lang='lat' dir='ltr'><strong>in</strong></span> <span class='ocrx_word' id='word_1_719' title='bbox 1355 2369 1518 2397; x_wconf 88' lang='lat' dir='ltr'><strong>ltodiernttm</strong></span> <span class='ocrx_word' id='word_1_720' title='bbox 1538 2369 1610 2396; x_wconf 80' lang='lat' dir='ltr'><strong>enim</strong></span> <span class='ocrx_word' id='word_1_721' title='bbox 1627 2369 1698 2396; x_wconf 86' lang='lat' dir='ltr'><strong>diem</strong></span> <span class='ocrx_word' id='word_1_722' title='bbox 1715 2367 1741 2395; x_wconf 89' lang='lat' dir='ltr'><strong>id</strong></span> <span class='ocrx_word' id='word_1_723' title='bbox 1759 2368 1848 2402; x_wconf 86' lang='lat' dir='ltr'><strong>ipsum</strong></span> <span class='ocrx_word' id='word_1_724' title='bbox 1862 2366 1932 2394; x_wconf 83' lang='lat' dir='ltr'><strong>vela-</strong></span> 
     </span>
    </p>
   </div>
   <div class='ocr_carea' id='block_1_108' title="bbox 1143 2413 1934 2445">
    <p class='ocr_par' dir='ltr' id='par_1_108' title="bbox 1143 2413 1934 2445">
     <span class='ocr_line' id='line_1_108' title="bbox 1143 2413 1934 2445; baseline -0.008 0"><span class='ocrx_word' id='word_1_725' title='bbox 1143 2425 1205 2445; x_wconf 85' lang='lat' dir='ltr'><strong>men</strong></span> <span class='ocrx_word' id='word_1_726' title='bbox 1224 2416 1251 2443; x_wconf 95' lang='lat' dir='ltr'><strong>in</strong></span> <span class='ocrx_word' id='word_1_727' title='bbox 1267 2416 1389 2443; x_wconf 90' lang='lat' dir='ltr'><strong>lectione</strong></span> <span class='ocrx_word' id='word_1_728' title='bbox 1403 2414 1512 2443; x_wconf 84' lang='lat' dir='ltr'><strong>Veteris</strong></span> <span class='ocrx_word' id='word_1_729' title='bbox 1526 2413 1695 2442; x_wconf 86' lang='lat' dir='ltr'><strong>Testamenti</strong></span> <span class='ocrx_word' id='word_1_730' title='bbox 1717 2417 1809 2441; x_wconf 87' lang='lat' dir='ltr'><strong>manet</strong></span> <span class='ocrx_word' id='word_1_731' title='bbox 1823 2420 1877 2440; x_wconf 92' lang='lat' dir='ltr'><strong>nott</strong></span> <span class='ocrx_word' id='word_1_732' title='bbox 1892 2420 1934 2440; x_wconf 86' lang='lat' dir='ltr'><strong>re-</strong></span> 
     </span>
    </p>
   </div>
   <div class='ocr_carea' id='block_1_109' title="bbox 1143 2463 1302 2491">
    <p class='ocr_par' dir='ltr' id='par_1_109' title="bbox 1143 2463 1302 2491">
     <span class='ocr_line' id='line_1_109' title="bbox 1143 2463 1302 2491; baseline -0.006 -1"><span class='ocrx_word' id='word_1_733' title='bbox 1143 2463 1273 2491; x_wconf 90' lang='lat' dir='ltr'><strong>velatum.</strong></span> <span class='ocrx_word' id='word_1_734' title='bbox 1292 2473 1302 2489; x_wconf 72' lang='grc' dir='ltr'><strong>ι</strong></span> 
     </span>
    </p>
   </div>
   <div class='ocr_carea' id='block_1_110' title="bbox 1178 2505 1935 2543">
    <p class='ocr_par' dir='ltr' id='par_1_110' title="bbox 1178 2505 1935 2543">
     <span class='ocr_line' id='line_1_110' title="bbox 1178 2505 1935 2543; baseline -0.005 -7"><span class='ocrx_word' id='word_1_735' title='bbox 1178 2509 1234 2536; x_wconf 75' lang='lat' dir='ltr'><strong>Cur</strong></span> <span class='ocrx_word' id='word_1_736' title='bbox 1252 2509 1400 2541; x_wconf 86' lang='lat' dir='ltr'><strong>miremini,</strong></span> <span class='ocrx_word' id='word_1_737' title='bbox 1427 2508 1532 2543; x_wconf 86' lang='lat' dir='ltr'><strong>inquit,</strong></span> <span class='ocrx_word' id='word_1_738' title='bbox 1559 2507 1634 2541; x_wconf 90' lang='lat' dir='ltr'><strong>qttod</strong></span> <span class='ocrx_word' id='word_1_739' title='bbox 1657 2506 1771 2542; x_wconf 86' lang='lat' dir='ltr'><strong>gloriam</strong></span> <span class='ocrx_word' id='word_1_740' title='bbox 1797 2505 1866 2533; x_wconf 90' lang='lat' dir='ltr'><strong>hanc</strong></span> <span class='ocrx_word' id='word_1_741' title='bbox 1883 2514 1935 2533; x_wconf 88' lang='lat' dir='ltr'><strong>non</strong></span> 
     </span>
    </p>
   </div>
   <div class='ocr_carea' id='block_1_111' title="bbox 1143 2544 1933 2590">
    <p class='ocr_par' dir='ltr' id='par_1_111' title="bbox 1143 2544 1933 2590">
     <span class='ocr_line' id='line_1_111' title="bbox 1143 2544 1933 2590; baseline -0.005 -7"><span class='ocrx_word' id='word_1_742' title='bbox 1143 2556 1252 2583; x_wconf 85' lang='lat' dir='ltr'><strong>valeant</strong></span> <span class='ocrx_word' id='word_1_743' title='bbox 1264 2555 1377 2587; x_wconf 85' lang='lat' dir='ltr'><strong>intueri,</strong></span> <span class='ocrx_word' id='word_1_744' title='bbox 1394 2555 1440 2590; x_wconf 88' lang='lat' dir='ltr'><strong>qtti</strong></span> <span class='ocrx_word' id='word_1_745' title='bbox 1456 2562 1507 2582; x_wconf 88' lang='lat' dir='ltr'><strong>ttec</strong></span> <span class='ocrx_word' id='word_1_746' title='bbox 1522 2554 1658 2581; x_wconf 88' lang='lat' dir='ltr'><strong>minorem</strong></span> <span class='ocrx_word' id='word_1_747' title='bbox 1675 2561 1727 2588; x_wconf 87' lang='lat' dir='ltr'><strong>qua</strong></span> <span class='ocrx_word' id='word_1_748' title='bbox 1743 2552 1851 2588; x_wconf 78' lang='lat' dir='ltr'><strong>Moyses</strong></span> <span class='ocrx_word' id='word_1_749' title='bbox 1860 2544 1933 2580; x_wconf 84' lang='lat' dir='ltr'><strong>orna-</strong></span> 
     </span>
    </p>
   </div>
   <div class='ocr_carea' id='block_1_112' title="bbox 1144 2598 1937 2633">
    <p class='ocr_par' dir='ltr' id='par_1_112' title="bbox 1144 2598 1937 2633">
     <span class='ocr_line' id='line_1_112' title="bbox 1144 2598 1937 2633; baseline -0.005 -5"><span class='ocrx_word' id='word_1_750' title='bbox 1144 2602 1235 2633; x_wconf 85' lang='lat' dir='ltr'><strong>batur,</strong></span> <span class='ocrx_word' id='word_1_751' title='bbox 1251 2600 1390 2632; x_wconf 86' lang='lat' dir='ltr'><strong>viderunt,</strong></span> <span class='ocrx_word' id='word_1_752' title='bbox 1411 2607 1463 2627; x_wconf 88' lang='lat' dir='ltr'><strong>nec</strong></span> <span class='ocrx_word' id='word_1_753' title='bbox 1483 2599 1511 2626; x_wconf 92' lang='lat' dir='ltr'><strong>in</strong></span> <span class='ocrx_word' id='word_1_754' title='bbox 1529 2600 1637 2626; x_wconf 83' lang='lat' dir='ltr'><strong>vultum</strong></span> <span class='ocrx_word' id='word_1_755' title='bbox 1664 2599 1726 2633; x_wconf 81' lang='lat' dir='ltr'><strong>ejus</strong></span> <span class='ocrx_word' id='word_1_756' title='bbox 1753 2599 1838 2625; x_wconf 78' lang='lat' dir='ltr'><strong>aciem</strong></span> <span class='ocrx_word' id='word_1_757' title='bbox 1857 2598 1937 2633; x_wconf 73' lang='lat' dir='ltr'><strong>[igere</strong></span> 
     </span>
    </p>
   </div>
   <div class='ocr_carea' id='block_1_113' title="bbox 1144 2643 1937 2682">
    <p class='ocr_par' dir='ltr' id='par_1_113' title="bbox 1144 2643 1937 2682">
     <span class='ocr_line' id='line_1_113' title="bbox 1144 2643 1937 2682; baseline -0.004 -9"><span class='ocrx_word' id='word_1_758' title='bbox 1144 2646 1314 2682; x_wconf 82' lang='lat' dir='ltr'><strong>potuerunt?</strong></span> <span class='ocrx_word' id='word_1_759' title='bbox 1344 2645 1416 2679; x_wconf 81' lang='lat' dir='ltr'><strong>Quid</strong></span> <span class='ocrx_word' id='word_1_760' title='bbox 1441 2652 1508 2672; x_wconf 84' lang='lat' dir='ltr'><strong>vero</strong></span> <span class='ocrx_word' id='word_1_761' title='bbox 1535 2643 1778 2677; x_wconf 87' lang='lat' dir='ltr'><strong>eonttuoveamiui,</strong></span> <span class='ocrx_word' id='word_1_762' title='bbox 1807 2644 1937 2678; x_wconf 88' lang='lat' dir='ltr'><strong>quoniam</strong></span> 
     </span>
    </p>
   </div>
   <div class='ocr_carea' id='block_1_114' title="bbox 1144 2689 1938 2725">
    <p class='ocr_par' dir='ltr' id='par_1_114' title="bbox 1144 2689 1938 2725">
     <span class='ocr_line' id='line_1_114' title="bbox 1144 2689 1938 2725; baseline -0.003 -6"><span class='ocrx_word' id='word_1_763' title='bbox 1144 2691 1230 2720; x_wconf 72' lang='lat' dir='ltr'><strong>Jtulrei</strong></span> <span class='ocrx_word' id='word_1_764' title='bbox 1253 2699 1309 2719; x_wconf 88' lang='lat' dir='ltr'><strong>non</strong></span> <span class='ocrx_word' id='word_1_765' title='bbox 1327 2691 1446 2719; x_wconf 87' lang='lat' dir='ltr'><strong>credunt</strong></span> <span class='ocrx_word' id='word_1_766' title='bbox 1473 2691 1597 2722; x_wconf 79' lang='lat' dir='ltr'><strong>Christo,</strong></span> <span class='ocrx_word' id='word_1_767' title='bbox 1625 2698 1687 2718; x_wconf 89' lang='lat' dir='ltr'><strong>cum</strong></span> <span class='ocrx_word' id='word_1_768' title='bbox 1710 2697 1760 2717; x_wconf 90' lang='lat' dir='ltr'><strong>nec</strong></span> <span class='ocrx_word' id='word_1_769' title='bbox 1778 2689 1899 2725; x_wconf 81' lang='lat' dir='ltr'><strong>legitime</strong></span> <span class='ocrx_word' id='word_1_770' title='bbox 1911 2694 1938 2717; x_wconf 88' lang='lat' dir='ltr'><strong>et</strong></span> 
     </span>
    </p>
   </div>
   <div class='ocr_carea' id='block_1_115' title="bbox 1147 2735 1939 2774">
    <p class='ocr_par' dir='ltr' id='par_1_115' title="bbox 1147 2735 1939 2774">
     <span class='ocr_line' id='line_1_115' title="bbox 1147 2735 1939 2774; baseline -0.004 -9"><span class='ocrx_word' id='word_1_771' title='bbox 1147 2738 1185 2766; x_wconf 92' lang='lat' dir='ltr'><strong>uti</strong></span> <span class='ocrx_word' id='word_1_772' title='bbox 1202 2745 1251 2774; x_wconf 92' lang='lat' dir='ltr'><strong>par</strong></span> <span class='ocrx_word' id='word_1_773' title='bbox 1265 2741 1318 2770; x_wconf 78' lang='lat' dir='ltr'><strong>est,</strong></span> <span class='ocrx_word' id='word_1_774' title='bbox 1333 2737 1387 2772; x_wconf 87' lang='lat' dir='ltr'><strong>legi</strong></span> <span class='ocrx_word' id='word_1_775' title='bbox 1406 2737 1486 2765; x_wconf 85' lang='lat' dir='ltr'><strong>ﬁdem</strong></span> <span class='ocrx_word' id='word_1_776' title='bbox 1502 2736 1653 2772; x_wconf 76' lang='lat' dir='ltr'><strong>praestent?</strong></span> <span class='ocrx_word' id='word_1_777' title='bbox 1667 2735 1735 2763; x_wconf 84' lang='lat' dir='ltr'><strong>Nam</strong></span> <span class='ocrx_word' id='word_1_778' title='bbox 1747 2735 1809 2763; x_wconf 87' lang='lat' dir='ltr'><strong>ideo</strong></span> <span class='ocrx_word' id='word_1_779' title='bbox 1822 2735 1939 2770; x_wconf 86' lang='lat' dir='ltr'><strong>gratiam</strong></span> 
     </span>
    </p>
   </div>
   <div class='ocr_carea' id='block_1_116' title="bbox 1146 2781 1938 2820">
    <p class='ocr_par' dir='ltr' id='par_1_116' title="bbox 1146 2781 1938 2820">
     <span class='ocr_line' id='line_1_116' title="bbox 1146 2781 1938 2820; baseline -0.006 -8"><span class='ocrx_word' id='word_1_780' title='bbox 1146 2785 1284 2820; x_wconf 82' lang='lat' dir='ltr'><strong>ignorant,</strong></span> <span class='ocrx_word' id='word_1_781' title='bbox 1301 2784 1367 2819; x_wconf 86' lang='lat' dir='ltr'><strong>quia</strong></span> <span class='ocrx_word' id='word_1_782' title='bbox 1394 2791 1484 2819; x_wconf 90' lang='lat' dir='ltr'><strong>neque</strong></span> <span class='ocrx_word' id='word_1_783' title='bbox 1503 2783 1710 2811; x_wconf 84' lang='lat' dir='ltr'><strong>Testamentum</strong></span> <span class='ocrx_word' id='word_1_784' title='bbox 1732 2781 1817 2810; x_wconf 80' lang='lat' dir='ltr'><strong>Vetus</strong></span> <span class='ocrx_word' id='word_1_785' title='bbox 1836 2781 1938 2813; x_wconf 82' lang='lat' dir='ltr'><strong>sciunt,</strong></span> 
     </span>
    </p>
   </div>
   <div class='ocr_carea' id='block_1_117' title="bbox 1147 2826 1938 2865">
    <p class='ocr_par' dir='ltr' id='par_1_117' title="bbox 1147 2826 1938 2865">
     <span class='ocr_line' id='line_1_117' title="bbox 1147 2826 1938 2865; baseline -0.005 -8"><span class='ocrx_word' id='word_1_786' title='bbox 1147 2837 1234 2865; x_wconf 85' lang='lat' dir='ltr'><strong>neque</strong></span> <span class='ocrx_word' id='word_1_787' title='bbox 1248 2829 1363 2864; x_wconf 87' lang='lat' dir='ltr'><strong>gloriant</strong></span> <span class='ocrx_word' id='word_1_788' title='bbox 1377 2836 1458 2864; x_wconf 88' lang='lat' dir='ltr'><strong>quam</strong></span> <span class='ocrx_word' id='word_1_789' title='bbox 1483 2828 1550 2856; x_wconf 89' lang='lat' dir='ltr'><strong>illttd</strong></span> <span class='ocrx_word' id='word_1_790' title='bbox 1575 2828 1709 2855; x_wconf 84' lang='lat' dir='ltr'><strong>continet.</strong></span> <span class='ocrx_word' id='word_1_791' title='bbox 1727 2827 1821 2856; x_wconf 86' lang='lat' dir='ltr'><strong>Gloria</strong></span> <span class='ocrx_word' id='word_1_792' title='bbox 1837 2826 1938 2862; x_wconf 85' lang='lat' dir='ltr'><strong>quippe</strong></span> 
     </span>
    </p>
   </div>
   <div class='ocr_carea' id='block_1_118' title="bbox 1147 2873 1652 2912">
    <p class='ocr_par' dir='ltr' id='par_1_118' title="bbox 1147 2873 1652 2912">
     <span class='ocr_line' id='line_1_118' title="bbox 1147 2873 1652 2912; baseline -0.004 -8"><span class='ocrx_word' id='word_1_793' title='bbox 1147 2876 1216 2912; x_wconf 74' lang='lat' dir='ltr'><strong>legis</strong></span> <span class='ocrx_word' id='word_1_794' title='bbox 1231 2879 1273 2903; x_wconf 82' lang='lat' dir='ltr'><strong>cst</strong></span> <span class='ocrx_word' id='word_1_795' title='bbox 1289 2874 1434 2904; x_wconf 77' lang='lat' dir='ltr'><strong>conversio</strong></span> <span class='ocrx_word' id='word_1_796' title='bbox 1451 2875 1483 2903; x_wconf 85' lang='lat' dir='ltr'><strong>ad</strong></span> <span class='ocrx_word' id='word_1_797' title='bbox 1501 2873 1652 2902; x_wconf 72' lang='lat' dir='ltr'><strong>Christum.</strong></span> 
     </span>
    </p>
   </div>
  </div>
