2078 3116
162 152 216 185 723

763 157 794 187 S.
814 156 974 187 IOANNIS
989 156 1206 190 DAMASCENI

1744 155 1797 188 ’124

195 218 204 234 ε
222 208 357 242 Quoniam
371 209 400 238 in
415 209 528 238 Christo
537 213 697 238 evacuatur.
713 211 808 248 [νεκε.
825 212 883 248 15.]
901 211 953 240 Sed

1046 223 1055 238 ι
1072 213 1134 240 ’Ὁτι
1150 214 1180 240 ὲν
1195 214 1306 250 Χριστῷ
1319 213 1498 249 καταργεῖται
1508 221 1516 229 ·
1531 212 1588 240 ἀλλ’
1598 211 1650 244 ἕως
1666 212 1796 248 σήμερον,

157 261 246 289 usque
270 254 297 282 in
324 254 486 282 hodiernum
515 256 586 283 diem
614 264 677 284 cum
706 257 807 292 legitur
832 258 950 294 Moyses,

157 301 281 328 velamen
299 301 416 335 positum
433 307 474 329 εει
491 309 574 337 super
589 309 638 329 cor
653 310 761 330 eorum.
781 313 790 330 ι

195 346 254 374 Hoc
277 347 377 382 ipsum,
396 348 496 382 inquit,
513 355 628 376 cernere
650 353 802 384 nequeunt,
829 350 893 386 quia
909 350 952 378 lex

159 393 255 426 desiit;
268 393 489 428 quandoquidem
501 393 611 422 Christo
628 402 683 422 non
702 395 828 422 credunt.
841 396 910 423 Nam
929 397 952 424 si

159 445 209 473 per
223 437 364 466 Christum
384 439 426 466 lex
443 439 573 471 ceSsavit,
589 439 635 474 qui
660 439 720 467 ﬁeri
746 444 837 475 potest
858 445 887 468 ut
912 441 953 468 illi

160 484 282 517 videant,
292 485 338 520 qui
350 485 492 515 Christum
506 494 560 513 non
577 487 723 522 recipiunt.
742 494 790 522 per
806 494 890 522 quem
908 488 952 515 lex

160 532 339 566 antiquatur?

195 576 281 605 Vens.
300 577 344 610 16,
363 577 407 604 l7.
423 575 437 605 ἰ
454 577 521 605 Cum
542 582 636 605 autem
652 585 806 607 conversus
823 578 907 606 fuerit
919 578 953 606 ad

160 623 328 655 Dominum,
358 622 499 650 auferetur
525 623 662 650 velamen.
694 623 829 652 Dominus
860 627 953 651 autem

161 668 282 703 Spiritus
305 673 365 702 est;
390 669 437 697 ubi
463 673 557 698 autem
580 669 702 706 Spiritus
725 670 845 703 Domini,
864 670 902 698 ibi
921 670 955 697 ti-o

160 714 263 742 bertas.
282 724 291 741 ι

195 760 324 789 Ostendit
336 767 390 796 qua
405 762 516 788 ratione
533 760 691 789 emendatio
706 765 865 797 peragatur.

195 806 279 834 Vens.
299 806 341 834 18.
363 816 372 832 ι
389 806 446 834 Nos
463 810 558 834 autem
574 813 672 834 omnes
683 808 802 835 revelata
815 807 886 836 facie
896 808 956 844 glo-

160 854 230 883 riam
247 854 293 881 Dei
307 854 496 889 speculantes,
516 862 526 880 ι

196 899 253 927 Nos
279 907 365 932 vero,
395 899 504 935 inquit,
532 905 710 935 nequaquam
736 906 850 935 egemus
880 899 955 928 vela-

161 946 245 973 mine.

192 999 202 1017 ‹
221 990 252 1018 ιιι
273 990 398 1019 eamdem
425 990 574 1025 imaginem
596 988 832 1019 transformamur
853 995 868 1018 a
895 991 955 1018 cla-

161 1037 245 1065 ritate
271 1037 299 1065 in
332 1037 507 1071 claritatem,
538 1041 671 1071 tanquam
703 1044 717 1063 a
750 1036 860 1064 Domini
890 1037 954 1073 Spi-

161 1083 228 1111 ritu.
249 1092 265 1113 ι,

198 1129 286 1157 Simul
309 1129 383 1157 enim
410 1130 521 1165 quando
553 1129 747 1164 baptizamur,
777 1129 867 1156 anima
893 1135 956 1164 per-

161 1180 276 1212 purgata
293 1175 361 1204 solis
383 1175 472 1205 instar
487 1176 616 1211 refulget,
632 1180 716 1210 atque
736 1183 792 1203 non
808 1174 891 1202 modo
906 1173 955 1202 Dei

161 1222 277 1258 gloriam
291 1222 523 1258 contemplamur,
540 1222 589 1250 sed
603 1227 631 1249 et
654 1221 790 1256 fulgorem
808 1219 955 1255 quemdam

161 1276 194 1296 ex
210 1276 242 1297 ea
253 1268 416 1303 accipimus,
434 1268 508 1295 haud
523 1275 604 1296 secus
621 1272 705 1303 atque
719 1270 862 1302 argentum
877 1273 955 1292 mun-

161 1313 226 1342 dum
243 1313 277 1340 ad
302 1313 396 1341 radios
417 1313 526 1341 salares
544 1312 712 1348 oppositum,
738 1312 829 1348 ipsum
844 1318 955 1347 quoque

162 1360 254 1389 radios
270 1359 370 1393 vibrat.

485 1427 564 1457 CAP.
589 1428 633 1456 IV.

198 1486 281 1515 Vsus.
305 1487 331 1515 l.
366 1495 375 1512 ι
402 1486 466 1514 ideo
500 1484 634 1513 habentes
666 1485 955 1518 administrationem,

160 1534 239 1570 juxta
253 1533 327 1569 quod
349 1530 569 1561 misericordiam
597 1531 741 1560 consecuti
764 1539 873 1565 sumus,
901 1539 955 1559 non

161 1581 318 1609 deficimus.
338 1590 348 1606 ι

198 1627 427 1655 Animadvertens
447 1633 542 1654 eorum
569 1632 632 1660 qua:
661 1624 770 1653 dixerat
795 1625 956 1658 praecellen-

164 1674 232 1701 tiam
246 1677 273 1701 et
289 1672 493 1705 celsitudinem,
513 1672 614 1699 iterum
632 1671 803 1700 moderatius
822 1671 955 1707 loquitur,

166 1723 249 1754 atque
263 1719 310 1746 illa
334 1718 438 1750 habere
461 1725 491 1746 se
509 1716 655 1753 profitetur
670 1724 704 1745 ex
719 1717 910 1746 misericordia
930 1721 958 1746 et

161 1766 287 1795 bonitate
304 1765 360 1793 Dei.

201 1812 281 1848 132
306 1810 390 1839 Vens.
405 1810 433 1838 2.
456 1819 468 1837 ι
487 1809 539 1839 Sed
566 1809 759 1839 abdicavimus
779 1811 889 1840 occulta
908 1811 955 1840 de-

163 1857 282 1890 decoris,
300 1865 354 1885 non
374 1857 558 1885 ambulantes.

199 1902 378 1938 Nequaquam
402 1910 500 1938 magna
527 1903 713 1937 promittimus
739 1907 789 1932 aut
819 1903 958 1940 pollicita-

165 1956 237 1983 mur.
251 1949 352 1984 inquit,
375 1953 403 1977 et
420 1944 473 1976 alia
487 1947 570 1976 factis
586 1954 761 1985 praestamus,
775 1950 957 1985 quemadmo-

166 1996 228 2023 dum
243 1996 301 2030 illi;
318 1996 366 2024 sed
381 1995 452 2024 tales
472 2003 580 2029 sumus,
591 1997 690 2032 quales
706 1997 840 2026 videmur.

201 2050 211 2067 ι
229 2041 259 2069 In
277 2042 390 2070 astutia.
411 2051 420 2068 ι

198 2087 268 2116 Nam
286 2088 324 2116 illi
342 2089 462 2118 honores
476 2097 530 2118 non
551 2089 679 2125 accipere
688 2090 877 2125 putabantur;
893 2097 957 2118 cum

165 2134 274 2162 interim
290 2135 458 2170 acciperent,
474 2141 502 2164 et
514 2136 649 2163 celarent.
672 2135 797 2163 Honores
819 2136 958 2165 habebant

165 2183 326 2206 sanctorum
344 2183 371 2206 et
386 2181 563 2215 probatorum
573 2180 762 2215 apostolorum
777 2189 784 2211 ι
799 2185 827 2208 at
840 2188 957 2209 sexcen-

168 2225 203 2252 tis
222 2228 303 2252 erant
326 2224 398 2252 vitiis
414 2225 498 2261 pleni.
521 2225 584 2254 llazc
604 2233 670 2256 sunt
683 2226 758 2254 enim
770 2235 833 2263 qua:
853 2229 957 2256 occulta
974 2247 998 2276 Β

165 2274 246 2298 vocat
259 2270 408 2300 dedecoris.

204 2326 214 2344 ε
234 2315 329 2352 Neque
342 2317 529 2348 adulterantes
543 2321 657 2348 verbum
672 2320 723 2349 Dei
739 2329 745 2347 :
764 2320 812 2348 sed
828 2319 855 2347 in
870 2321 959 2348 niani-

166 2363 316 2392 festatione
327 2363 454 2396 veritatis
474 2366 702 2394 commendantes
721 2365 909 2400 nosmetipsos
923 2365 958 2394 ad

165 2416 276 2437 omnem
291 2409 490 2439 conscientiam
505 2411 660 2444 hominum,
673 2418 768 2439 coram
786 2410 853 2439 Deo.
876 2419 886 2438 ι

201 2495 263 2524 Non
278 2498 368 2526 solum
385 2498 414 2526 in
432 2498 517 2534 hujus
532 2499 595 2527 vitae
619 2500 783 2533 rationibus,
802 2500 852 2530 sed
874 2502 958 2530 etiam

167 2543 195 2570 in
213 2543 418 2578 praedicatione.

205 2584 289 2617 Vens.
304 2588 332 2617 3.
354 2599 363 2616 ‹
383 2590 461 2624 Quod
479 2590 504 2619 si
519 2591 601 2619 etiam
619 2596 748 2628 opertum
766 2597 810 2622 est
833 2593 960 2630 Evange-

168 2635 233 2664 lium
255 2641 394 2670 nostrum,
407 2637 434 2665 in
449 2637 485 2665 iis
500 2638 546 2673 qui
564 2643 679 2674 pereunt
697 2643 739 2668 est
756 2645 894 2676 opertum.
911 2651 921 2668 ι

203 2681 275 2714 Quia
296 2683 426 2711 virtutem
442 2684 504 2721 ejus
520 2684 646 2714 inﬁdeles
659 2687 831 2720 nesciebant,
846 2687 958 2716 intulit:

168 2725 226 2756 lloc
254 2732 351 2757 nostra
377 2729 460 2766 culpa
479 2738 534 2759 non
555 2731 666 2766 accidit,
693 2732 743 2761 sed
765 2733 877 2762 illorum
903 2740 960 2763 stu-

168 2781 245 2809 pore.

206 2829 290 2857 Vsus.
309 2830 336 2857 4.
361 2840 370 2856 ι
391 2831 421 2858 ln
432 2831 533 2865 quibus
547 2831 619 2860 Deus
636 2833 720 2868 hujus
739 2835 831 2863 saeculi
845 2843 961 2864 exceca.

169 2875 210 2907 vit
230 2880 334 2906 mentes
351 2876 514 2911 inﬁdelium,
535 2881 565 2905 ut
588 2885 643 2907 non
667 2879 771 2915 fulgeat
786 2881 841 2910 illis
858 2882 960 2912 illumi-

1005 259 1087 294 ἡνίκα
1116 259 1335 294 ἀναγινώσκεται
1366 259 1499 295 Μωῡσῆς,
1526 259 1660 294 κάλυμμα
1679 258 1726 284 ἔτει
1748 257 1798 293 τὴν

1005 304 1119 341 καρδίαν
1139 306 1230 333 αὐτῶν
1255 307 1354 333 κεῖται.
1369 315 1379 332 )

1041 349 1138 383 Τοῦτο,
1153 351 1248 386 φησὶν,
1266 350 1297 378 οὐ
1323 350 1451 377 δύνανται
1475 350 1567 383 εἱδεῖν,
1591 350 1632 377 ὅτι
1646 349 1798 381 πέπαυται,

1006 397 1102 433 ἐπειδὴ
1117 398 1156 433 τῷ
1173 397 1285 433 Χριστῷ
1295 398 1326 425 οὐ
1340 397 1526 424 πιστεύουσιν.
1550 397 1583 423 Εἰ
1604 396 1658 432 γὰρ
1672 395 1716 423 διὰ
1729 396 1799 430 Χριν

1007 443 1071 471 ατοῦ
1089 444 1241 477 πέπαυται,
1266 443 1326 476 πῶς
1346 444 1370 470 οἱ
1399 443 1437 479 μὴ
1464 442 1606 478 δεχόμενοι
1618 441 1664 468 τὸν
1680 439 1799 476 Χριστὸν

1005 490 1166 526 δυνήσονται
1177 491 1272 524 είδεῖν,
1284 491 1327 517 ὅτι
1339 491 1369 517 οὐ
1386 490 1558 526 κατήργηται
1573 489 1587 515 ὁ
1603 489 1702 524 νόμος;

1046 598 1055 615 ι
1073 589 1172 616 Ἦνίκα
1189 589 1218 616 δὲ
1231 587 1421 625 ἀνεπιστρέψῃ
1438 587 1506 623 πρὸς
1521 587 1634 622 Κύριον,
1648 586 1800 622 περιαιρεῖ-

1006 643 1052 662 ται
1069 634 1099 661 τὸ
1114 635 1256 671 κάλυμμα.
1279 634 1311 662 '0
1330 631 1358 661 δὲ
1376 634 1479 670 Κύριος
1494 633 1525 660 τὸ
1542 632 1656 668 Πνεῦμά
1682 633 1756 659 ἐστι·
1767 627 1797 658 οὗ

1007 680 1036 708 δὲ
1052 681 1082 708 τὸ
1100 680 1214 717 Πνεῦμα
1231 680 1347 716 Κυρίου,
1358 681 1419 707 ἐκεῖ
1432 678 1586 715 ἐλευθερία.
1606 688 1616 705 ι

1041 773 1169 800 Δείκνυσι
1182 773 1227 799 τὸν
1241 771 1344 807 τρόπον
1359 772 1408 806 τῆς
1422 770 1603 806 διορθώσεως.

1046 830 1056 847 ι
1078 816 1175 854 Ἡμεῖς
1198 819 1228 845 δὲ
1257 819 1359 850 πάντες
1386 816 1642 853 ἀνακεκαλυμμένῳ
1661 813 1800 851 προσώπῳ

1006 866 1056 901 τὴν
1069 865 1149 899 δόξαν
1161 864 1264 900 Κυρίου
1280 862 1540 899 κατοπτριζόμενοι,
1558 870 1568 889 ε

1051 912 1158 946 Ἡμεῖς,
1178 909 1270 946 φησιν,
1286 910 1337 936 οὐκ
1351 908 1502 945 ἐδεήθημεν
1519 907 1697 943 καλύμματος
1706 906 1799 941 ὥσπερ

1009 959 1118 985 ἐκεῖνον..

1048 1009 1058 1030 t'
1078 1004 1134 1039 Τὴν
1155 1003 1239 1039 αὐτὴν
1266 1002 1360 1029 εἰκόνα
1386 1000 1648 1037 μεταμορφούμεθα,
1681 998 1736 1026 ἀπὺ
1755 998 1800 1025 δός

1010 1051 1059 1086 ξης
1079 1051 1118 1082 εἰς
1130 1049 1220 1082 δόξαν,
1247 1047 1374 1084 καθάπερ
1398 1047 1452 1074 ἀπὸ
1470 1047 1575 1083 Κυρίου
1602 1045 1773 1082 Πνεὺματος.
1788 1054 1798 1070 ι

1046 1140 1123 1176 ’Λμα
1134 1148 1163 1167 τε
1178 1140 1232 1176 γὰρ
1250 1138 1450 1175 βαπτιζόμεθα,
1478 1138 1526 1165 καὶ
1541 1137 1612 1173 ὑπὲρ
1625 1136 1672 1164 τδν
1692 1132 1801 1172 ἥλιονὴ

1009 1185 1083 1222 ψυχὴ
1094 1185 1198 1222 λάμπει
1214 1185 1269 1212 τῶν
1281 1184 1508 1221 καθαιρομένων·
1526 1184 1573 1211 καὶ
1591 1183 1622 1209 οὐ
1637 1182 1716 1218 μόνον
1730 1181 1802 1217 ὁρῶ-

1012 1241 1062 1268 μεν
1078 1233 1118 1264 εἰς
1140 1232 1219 1264 δόξαν
1241 1230 1289 1258 τοῦ
1318 1230 1397 1263 Θεοῦ,
1415 1230 1484 1257 ἀλλά
1511 1228 1641 1256 κάκεῖθεν
1667 1226 1803 1263 δεχόμεθά

1009 1286 1071 1304 τινα
1098 1277 1149 1313 τὴν
1174 1275 1332 1312 ἀστραπὴν,
1358 1275 1455 1311 ὥσπερ
1481 1275 1505 1302 ει
1527 1275 1648 1311 ἄργυρος
1682 1273 1803 1308 καθαρὸς

1009 1323 1080 1358 πρὸς
1097 1322 1148 1354 τὰς
1166 1322 1282 1355 ἀκτῖνας
1298 1321 1437 1358 κείμενος,
1455 1320 1504 1348 καὶ
1526 1320 1608 1353 αὐτὸς
1627 1319 1741 1352 ἀκτῖνας
1755 1319 1803 1346 εκ..

1010 1369 1154 1405 πέμψειεν.

1315 1430 1442 1461 ΚΕΦΑΛ.
1466 1432 1502 1460 Δ’.

1049 1501 1059 1518 ι
1081 1491 1131 1519 Διά
1143 1491 1224 1520 τοῦτο
1239 1490 1346 1527 ἔχοντες
1360 1490 1410 1527 τὴν
1426 1490 1567 1518 διακονίαν
1579 1490 1694 1526 ταύτην,
1709 1489 1803 1524 καθὼς

1010 1538 1181 1574 ἠλεήθημεν,
1197 1538 1248 1564 οὐκ
1261 1536 1446 1573 ὲκκακοῢμεν.
1467 1546 1478 1563 r

1038 1626 1206 1663 Ᾱίσθόμενος
1232 1626 1282 1662 τῆς
1300 1625 1456 1663 ὑπερϐολῆς
1470 1626 1519 1654 καὶ
1535 1625 1583 1654 τοῦ
1601 1625 1735 1662 μεγέθους
1748 1625 1803 1655 τῶν

1011 1673 1178 1709 εἰρημένων,
1200 1673 1343 1708 μετριάζει
1360 1672 1451 1705 πάλιν,
1479 1673 1527 1703 καὶ
1544 1672 1632 1700 ταῦτα
1645 1672 1700 1700 ἀπὺ
1711 1672 1803 1705 ἐλέους

1011 1718 1084 1754 ἔχειν
1097 1718 1196 1754 λέγων,
1207 1718 1255 1746 καὶ
1268 1717 1474 1754 φιλανθρωπίας
1484 1717 1574 1753 Θεοῦη

1054 1816 1064 1834 ι
1084 1805 1166 1834 Ἀλλὰ
1179 1804 1356 1841 ἀπειπάμεθα
1368 1805 1403 1833 τὰ
1419 1805 1530 1841 κρυπτά
1538 1805 1589 1841 τῆς
1607 1803 1749 1840 αἰσχύνης,
1763 1803 1802 1840 μή

1011 1852 1236 1889 περιπατοῦντες.
1255 1860 1265 1877 ι

1046 1899 1103 1926 Οὐκ
1129 1897 1368 1934 ἐπαγγελλόμεθα,
1399 1897 1488 1933 φησι,
1515 1897 1564 1924 καὶ
1598 1895 1803 1932 ὑπισχνούμεθα

1013 1945 1131 1983 μεγάλα,
1154 1944 1238 1980 ἕτερα
1257 1944 1286 1970 δὲ
1315 1943 1363 1970 ἐπὶ
1392 1943 1447 1970 τῶν
1463 1943 1553 1978 ἔργων
1566 1942 1695 1978 φέρομεν,
1713 1942 1802 1969 καθά-

1011 2001 1065 2028 περ
1079 1992 1198 2019 ὲκείνοι’
1225 1990 1294 2018 ἀλλὰ
1317 1989 1434 2017 τοιοῦτοί
1464 1991 1560 2025 ἐσμεν,
1580 1987 1637 2016 οἷον
1661 1988 1801 2025 ὁρώμεθα,

1048 2046 1057 2063 ι
1080 2037 1126 2064 Ἑν
1140 2037 1303 2072 πανουργίᾳ.
1323 2045 1332 2062 ι

1012 2086 1016 2091 ‘
1045 2083 1130 2118 Δόξαν
1157 2083 1212 2118 γάρ
1234 2081 1307 2121 εἶχον
1334 2083 1372 2118 μὴ
1396 2081 1593 2117 λαμϐανόντων
1619 2082 1728 2115 ἐκεῖνοι,
1755 2082 1803 2109 καὶ

1011 2130 1176 2167 ἀλάμὸανον,
1207 2130 1255 2156 καὶ
1284 2129 1437 2165 ἔκρυπτον·
1463 2129 1542 2162 δόξαν
1561 2127 1634 2164 εῐχον
1648 2129 1735 2164 ἁγίων
1755 2129 1802 2156 καὶ

1012 2177 1170 2204 ἀποστόλων
1185 2175 1316 2211 δοκίμων.
1331 2173 1423 2202 Ἦσαν
1453 2175 1481 2202 δὲ
1494 2175 1600 2211 μυρίων
1611 2175 1742 2210 γέμοντες
1759 2183 1802 2206 κα-

1013 2224 1080 2258 κῶν,
1097 2223 1156 2250 ἀλλ’
1173 2223 1254 2259 ἡμεῖς
1265 2222 1371 2254 τούτοις
1394 2221 1584 2258 ἀπειπάμεθα,
1601 2222 1694 2258 φησίν.
1709 2221 1803 2249 Ταῦτα

1011 2271 1067 2307 γὰρ
1082 2270 1131 2297 καὶ
1147 2270 1263 2304 κρυπτὰ
1278 2270 1428 2304 αισχύνης
1442 2269 1537 2296 καλεῖέ

1051 2326 1061 2344 ι
1081 2317 1158 2352 Μηδὲ
1177 2316 1318 2348 δολοῦντες
1348 2316 1394 2342 τὸν
1423 2315 1503 2350 λόγον
1526 2315 1572 2342 τοῦ
1590 2315 1668 2348 Θεοῦ,
1687 2315 1756 2343 ἀλλὰ
1769 2317 1801 2351 τῇ

1013 2361 1168 2397 φανερώσει
1210 2361 1260 2397 τῆς
1297 2361 1429 2396 ἀληθείας
1471 2360 1650 2392 συνιστῶντες
1688 2361 1803 2392 ἑαυτοὺς

1013 2408 1093 2444 πρδςῆ
1110 2408 1202 2434 πᾶσαν
1233 2407 1386 2442 συνείδησιν
1414 2407 1566 2442 ἀνθρώπων
1580 2425 1588 2439 ,
1616 2406 1731 2433 ἐνώπιον
1755 2406 1802 2433 τοῦ

1012 2454 1092 2481 Θεοῦ.
1109 2463 1119 2480 ›

1048 2500 1106 2528 Καὶ
1119 2499 1170 2527 οὐκ
1185 2499 1215 2526 ὲν
1230 2499 1270 2534 τῷ
1287 2499 1348 2535 βίῳ.
1364 2499 1443 2535 φησὶ,
1460 2499 1541 2535 μόνον
1561 2498 1659 2533 τούτῳ,
1673 2498 1741 2527 ἀλλά
1756 2499 1802 2526 καὶ

1013 2546 1042 2573 ὲν
1056 2545 1095 2580 τῷ
1109 2544 1278 2580 κηρύγματι.

1052 2592 1107 2618 «Εἰ
1130 2591 1159 2618 δὲ
1182 2591 1229 2618 καὶ
1262 2589 1320 2616 ἔστι
1350 2589 1560 2625 κεκαλυμμένον
1581 2589 1613 2616 τὸ
1638 2590 1803 2625 Εὐαγγέλιον

1014 2637 1104 2674 ἡμῶν,
1114 2637 1142 2664 ἐν
1156 2637 1213 2668 τοῖς
1220 2635 1420 2671 ἀπολλυμένοις
1434 2635 1493 2661 ἐστὶ
1502 2635 1722 2670 κεκαλυμμένον.
1739 2645 1749 2662 ι

1055 2682 1168 2718 Ἐπειδὴ
1184 2683 1211 2715 oi
1222 2682 1333 2710 ἄπιστοι
1349 2681 1464 2716 ὴγνὸουν
1482 2680 1565 2708 αὑτοῦ
1582 2680 1631 2716 τὴν
1656 2682 1744 2717 ἰσχὺν,
1755 2683 1804 2708 ἐπ-

1013 2731 1129 2766 ήγαγεν,
1143 2729 1184 2756 ὅτι
1195 2729 1245 2764 οὐχ
1258 2729 1337 2765 ήμῶν
1350 2728 1430 2755 τοῦτο
1441 2727 1579 2764 ἔγκλημα,
1590 2728 1659 2756 ἀλλὰ
1674 2729 1723 2764 τῆς
1734 2728 1804 2756 ἑκεί-

1013 2785 1066 2804 νων
1079 2775 1270 2811 ἀναισθησίας.

1052 2841 1061 2859 ι
1084 2833 1129 2859 Ἐν
1145 2829 1187 2863 οἷς
1199 2832 1213 2858 ὁ
1226 2831 1292 2863 Θεὸς
1303 2831 1351 2858 τοῦ
1367 2831 1465 2863 αἰῶνος
1486 2831 1594 2864 τούτου,
1613 2831 1753 2866 ἐτύφλωσε
1770 2830 1803 2858 τὰ

1016 2880 1141 2918 νοήματα
1156 2879 1210 2906 τῶν
1228 2878 1360 2912 ἀπίστων,
1377 2879 1416 2910 εἰς
1427 2879 1457 2905 τὸ
1471 2878 1509 2916 μὴ
1525 2878 1643 2913 αὐγάσαι
1655 2879 1747 2910 αὐτοῖς
1758 2878 1804 2905 τὸν
