2078 3116
182 122 235 155 ’127

775 123 807 153 S.
828 122 986 154 JOANNIS
1005 124 1220 155 DAMASCENI

1756 126 1808 158 798

217 181 299 209 Vens.
318 180 361 208 l2.
389 189 398 206 ι
418 179 487 215 Ergo
512 186 585 207 mors
606 179 633 206 in
651 178 730 206 nobis
751 182 896 213 operatur;
915 179 970 206 vita

1062 189 1070 205 ι
1088 180 1168 206 ’Ὥστε
1196 179 1310 212 θάνατος
1324 179 1353 207 ὲν
1368 181 1435 216 ἡμῖν
1463 179 1625 216 ἐνεργεῖται,
1641 179 1695 215 ἠδὲ
1708 179 1764 216 ζωὴ
1780 181 1809 207 ὲν

182 232 273 258 autem
290 227 317 254 in
335 226 423 254 vobis.
444 236 454 252 ›

215 273 275 300 Non
292 272 337 298 bic
351 270 468 305 amplius
481 269 515 298 de
537 273 627 296 morte
643 269 708 297 Jesu
726 269 859 304 loquitur,
874 269 920 296 sed
938 269 970 297 de

180 317 381 349 tentationibus
394 319 421 343 et
434 315 613 343 relaxatione.
630 315 687 345 Nos
707 315 810 343 etenim
832 315 928 343 mediis
943 315 970 342 in

181 363 310 400 periculis
335 367 362 390 ct
388 360 586 389 tentatiouibus
611 369 768 393 versamur,
795 360 903 395 inquit;
921 368 970 388 vos

183 408 272 437 securi
291 411 396 443 partam
411 407 487 435 hisce
508 407 639 442 periculis
653 406 735 434 vitam
754 406 913 441 reportatis.
931 405 970 432 Ac

181 461 234 485 nos
251 454 361 490 quidem
376 454 532 489 periculosa
548 453 715 487 toleramus;
736 461 786 481 vos
803 452 882 480 bonis
903 453 970 487 ipsis

181 499 317 529 ft'uiutitti.

217 545 300 573 Vens.
316 546 360 573 15.
382 555 391 572 ι
410 545 549 575 Habentes
573 549 665 572 autem
690 544 818 573 eumdem
842 543 970 579 spiritum

183 591 257 624 ﬁdei.
282 591 354 619 sicut
381 592 514 627 scriptum
538 588 598 619 est'
613 590 749 621 ICredidi.
765 593 878 626 propter
898 590 971 626 quod

184 637 294 665 locutus
309 644 382 671 sum,
396 641 423 666 et
444 644 495 665 nos
513 636 661 670 credimus,
679 640 790 671 propter
802 635 874 671 quod
890 641 917 663 et
934 636 972 663 lo-

183 683 305 718 quimur.
320 692 330 709 ι

217 729 248 757 In
266 729 425 756 memoriam
435 736 529 757 eorum
539 729 646 756 reducit
664 729 797 763 psalmum
825 729 871 764 qui
889 735 970 764 quam

182 774 301 803 maxime
315 775 430 802 idoneus
455 779 496 803 est
513 775 545 802 ad
563 774 771 811 prteparandum
783 775 817 802 ad
838 775 969 810 pericula.

1024 227 1097 262 ὑμῖν.
1112 236 1122 252 ι

1057 272 1155 299 Οὐκέτι
1170 272 1234 308 περὶ
1249 271 1296 298 τοῦ
1315 271 1402 307 Ἰησοῦ
1419 271 1538 299 θανάτου
1555 272 1640 306 λέγει,
1653 271 1721 298 ἀλλὰ
1745 272 1809 308 περὶ

1022 319 1184 354 πειρασμῶν
1206 319 1254 345 καὶ
1270 318 1400 349 ἀνέσεως.
1421 318 1516 353 Ἡμεῖς
1536 319 1587 354 μὲν
1607 318 1660 354 γὰρ
1676 319 1704 345 ὲν
1719 318 1809 344 κινδύ-

1021 372 1093 396 νοις’
1107 364 1155 391 καὶ
1170 363 1345 399 πειρασμοῖς,
1361 362 1442 398 φησίν
1459 371 1466 378 ·
1483 363 1560 398 ὑμεῖς
1578 363 1607 389 δὲ
1623 363 1651 389 ἐν
1668 362 1745 397 ἀδείᾳ
1759 362 1809 399 τὴν

1022 411 1053 436 ἐκ
1069 410 1171 436 τούτων
1192 409 1245 436 τῶν
1263 408 1395 436 κινδύνων
1411 408 1598 444 καρπούμενοι
1616 408 1698 443 ζωὴν,
1712 408 1760 434 καῖ
1774 408 1809 434 τὰ

1023 456 1073 491 μὲν
1087 456 1243 483 ἐπικίνδυνα
1261 456 1342 492 ἡμεῖς
1358 456 1540 491 ὑπομένομεν,
1571 455 1625 482 τῶν
1640 455 1668 481 δὲ
1682 455 1808 490 χρηστῶν

1022 502 1103 536 ὑμεῖς
1118 501 1281 529 ἀπολαύετε.

1060 557 1069 572 ‹
1087 547 1216 582 Ἔχοντες
1227 546 1255 573 δὲ
1267 547 1298 573 τὸ
1314 547 1380 574 αὐτὸ
1396 546 1505 581 πνεῦμα
1516 546 1567 581 τῆς
1590 545 1707 577 πίστεως
1717 566 1724 578 ,
1737 546 1808 572 κατὰ

1021 592 1052 618 τὸ
1066 593 1268 628 γεγραμμένον,
1283 593 1442 626 ἐπίστευσα,
1453 592 1492 618 διὸ
1505 592 1635 627 ἐλάλησα,
1656 593 1702 618 καὶ
1725 592 1805 628 ἡμεῖς

1023 638 1248 674 πιστεύομεν,διὺ
1261 640 1308 667 καὶ
1321 638 1466 674 λαλοῦμεν.
1481 647 1490 663 ι

1066 729 1230 765 Ἀνέμνησεν
1255 730 1354 761 αὐτοὺς
1375 729 1485 765 ψαλμοῦ
1521 728 1614 756 ίκανοῧ
1642 729 1757 764 μάλιστα
1778 730 1807 755 ὲν

1022 776 1156 808 κινδύνοις
1182 776 1314 810 ἀλείφειν.
1341 775 1397 811 Τὴν
1418 776 1471 810 γὰρ
1499 775 1571 811 ᾠδὴν
1591 775 1692 810 ταύτην
1708 776 1736 802 ἐν
1752 777 1808 808 τοῖς

183 819 251 850 Nam
273 820 368 855 justus
388 820 433 847 ille
459 820 598 848 canticum
619 820 672 847 hoc
688 820 783 853 edidit,
805 820 916 856 quando
943 821 971 847 in

1024 823 1116 855 αὐτοῖς
1144 822 1276 854 κινδύνοις
1292 822 1330 848 ὢν
1352 823 1365 849 ὁ
1390 821 1493 854 δίκαιος
1520 823 1623 853 ἐκεῖνος
1648 821 1807 856 ὲφῦέγξατο.

184 867 392 894 discriminibus
415 867 586 895 versabatur.
625 865 754 894 Eumdem
774 871 865 894 autem
884 866 970 901 Spiri-

1023 870 1058 896 Τὸ
1071 869 1110 903 δὲ,
1124 869 1197 896 αὐτὸ
1216 868 1337 903 Πνεῦμα
1350 869 1508 904 συμμαχίας
1518 889 1526 901 ,
1539 868 1677 895 τουτέστιν
1690 868 1744 895 ἀπὺ
1759 867 1808 904 τῆς

185 917 240 942 tum
256 912 333 944 dicit,
351 911 446 941 auxilii
471 911 620 945 nimirum;
638 911 691 938 hoc
714 915 756 939 est
775 912 870 939 eadem
887 919 969 947 opera

1022 915 1106 950 αὐτῆς
1116 914 1309 950 δημιουργίας,
1326 914 1372 948 ἀφ’
1387 911 1421 950 ἧς
1438 914 1540 945 ἐκεῖνος
1554 913 1655 948 ἐσώθη,
1670 913 1717 941 καὶ
1729 914 1808 949 ἡμεῖς

184 965 239 993 qua
258 958 302 985 hic
325 958 413 986 evasit
439 958 553 992 salvus,
581 965 631 985 nos
655 965 765 994 quoque
788 957 856 985 salvi
886 957 971 986 eﬂici-

185 1011 256 1032 mur.

219 1048 302 1077 Vens.
321 1050 415 1077 ιιι-ιθ.
448 1060 458 1076 ‹
476 1050 603 1077 Scientes
618 1049 748 1084 quoniam
764 1050 812 1085 qui
827 1048 971 1077 suscitavit

183 1093 287 1128 Jcsum,
309 1099 336 1122 et
357 1102 408 1123 nos
433 1103 495 1122 cum
519 1095 585 1123 Jesu
600 1095 755 1128 suscitabit,
777 1099 804 1123 et
820 1095 972 1122 constituet

184 1141 338 1168 vobiscum.
368 1140 464 1168 Omnia
488 1142 560 1168 enim
587 1145 699 1176 propter
725 1148 775 1168 vos
800 1148 807 1167 :
832 1144 861 1167 ut
882 1141 971 1176 gratia

184 1186 340 1219 abundans,
357 1187 519 1222 permultos
536 1187 563 1213 in
583 1188 732 1222 gratiarum
750 1187 858 1214 actione
883 1186 971 1213 abun-

185 1234 230 1261 det
244 1233 271 1260 in
290 1233 402 1269 gloriam
421 1233 479 1260 Dei.
502 1232 616 1266 Propter
635 1233 709 1267 quod
734 1241 788 1259 non
805 1232 969 1260 deﬁcimus:

185 1279 233 1307 sed
248 1279 310 1307 licet
328 1280 351 1306 is
368 1279 414 1314 qui
435 1280 502 1307 l‘oris
517 1282 568 1311 est,
592 1283 688 1306 noster
704 1278 786 1306 homo
811 1286 972 1312 corrumpa-

185 1330 239 1355 tur.
274 1329 364 1353 tamen
386 1325 409 1352 is
434 1325 483 1360 qui
501 1324 575 1352 intus
596 1328 649 1357 est,
667 1329 814 1351 renovatur
826 1324 861 1351 de
883 1323 928 1351 die
944 1325 970 1351 in

185 1371 268 1398 diem.
288 1380 297 1396 ι

219 1415 289 1448 Quia
303 1416 388 1443 dixit:
403 1421 426 1443 et
442 1424 488 1443 nos
495 1416 746 1452 credimus.propter
761 1417 830 1452 quod
854 1421 877 1444 et
892 1417 972 1452 loqui-

185 1467 255 1492 mur,
277 1460 359 1487 infert
380 1460 445 1495 quid
474 1461 538 1488 illud
560 1461 596 1488 sit
619 1461 691 1495 quod
715 1460 862 1488 credimus.
885 1459 971 1487 Nimi-

185 1513 257 1539 rum,
279 1507 341 1541 quia
364 1507 408 1541 qui
430 1507 567 1534 suscitavit
586 1505 687 1538 Iesum,
713 1510 738 1533 et
756 1514 803 1533 nos
828 1514 886 1532 cum
905 1505 970 1532 Iesu

177 1544 334 1580 'suscitabit.
357 1551 480 1580 Rursum
506 1557 597 1579 autem
627 1559 673 1579 eos
703 1551 801 1578 ﬁducia
825 1551 919 1585 implet
944 1555 971 1578 et

184 1598 420 1633 magnanimitate,
434 1605 470 1625 ne
487 1598 646 1629 hominibus
658 1597 798 1625 habendas
813 1602 905 1633 grates
921 1604 971 1632 pu-

185 1647 254 1674 tent,
270 1643 355 1674 falsis,
377 1644 499 1678 inquam,
515 1642 659 1677 apostolis.

221 1688 303 1717 Vens.
329 1689 373 1716 ‘l'l‘.
399 1698 408 1715 ‹
432 1689 460 1716 Id
480 1690 552 1717 cnim
564 1690 639 1724 quod
661 1689 688 1716 iu
712 1689 839 1724 praesenti
854 1693 896 1716 est
912 1689 971 1716 leve

185 1734 372 1762 tribulationis
390 1740 501 1767 nostra},
521 1743 606 1770 supra
626 1734 737 1761 modum
754 1734 782 1761 in
803 1734 972 1761 sublimitate

184 1784 317 1807 aeternum
336 1780 429 1816 gloria:
445 1781 552 1816 pondus
566 1785 696 1816 operatur
706 1780 732 1806 in
750 1777 836 1805 nobis.
854 1789 863 1804 ι

223 1825 291 1853 Vide
311 1834 392 1860 quam
412 1826 482 1854 levia
498 1826 618 1861 pericula
636 1825 796 1858 reddiderit,
818 1824 972 1852 imminutis

185 1879 279 1900 eorum
292 1877 424 1907 tempore.
444 1879 476 1900 ac
490 1872 688 1907 magnitudine.
707 1870 753 1898 Ait
764 1871 849 1902 enim,
865 1870 892 1897 in
904 1877 972 1904 prm-

185 1917 264 1949 senti,
282 1921 319 1949 ct,
338 1917 400 1943 leve.
419 1916 472 1944 Ubi
496 1915 634 1944 contraria
651 1917 706 1942 duo
721 1919 863 1949 comparat
877 1914 970 1945 simul,

184 1970 302 1997 praesens
326 1966 353 1989 et
372 1966 582 1988 momentaneum
607 1968 669 1989 cum
691 1964 811 1993 attento;
836 1959 888 1986 leve
910 1966 971 1986 cum

185 2008 358 2043 ponderoso;
376 2011 405 2035 et
417 2007 592 2034 amictionem
609 2014 671 2034 cum
700 2005 779 2041 13h
807 2005 892 2040 gloria
915 2014 922 2032 -.
946 2009 974 2032 et

185 2054 260 2082 velut
273 2053 332 2081 haec
343 2060 398 2080 non
410 2052 556 2086 sulliciant,
573 2052 720 2080 dictionem
739 2051 810 2079 hanc
821 2051 971 2083 interserit,

186 2105 267 2132 supra
284 2097 395 2125 modum:
406 2097 521 2126 scilicet}.

221 2143 305 2171 Vsus.
324 2143 368 2170 18.
392 2152 402 2169 ι
415 2142 475 2170 Non
493 2142 747 2177 contemplantibus
762 2142 841 2169 nobis
854 2149 916 2176 qum
933 2142 975 2169 vi-

1023 960 1176 996 σωζόμεθα.

1021 1053 1033 1071 ⁵-
1059 1050 1188 1081 ιΕίδότες
1209 1050 1249 1076 δτι
1263 1050 1397 1085 ὁέγείρας
1426 1049 1472 1076 τὸν
1488 1049 1590 1084 Κύριον
1622 1049 1735 1084 Ἰησοῦν,
1762 1048 1810 1076 καί⁷

1022 1097 1095 1132 ἡμᾶς
1110 1095 1155 1123 διὰ
1174 1096 1261 1131 Ἰησοῦ
1280 1097 1381 1131 ἐγερεῖ,
1399 1096 1446 1122 καὶ
1472 1095 1646 1130 παραστήσει
1672 1095 1719 1121 σὺν
1732 1095 1808 1130 ἡμῖν.

1022 1142 1062 1168 Τὰ
1077 1142 1130 1176 γὰρ
1146 1142 1237 1168 πάντα
1252 1142 1287 1168 δι’
1301 1142 1385 1177 ὑμᾶς,
1402 1142 1446 1168 ἵνα
1459 1142 1476 1176 ὴ
1491 1141 1572 1176 χάρις
1586 1141 1755 1167 πλεονάσασα
1765 1140 1809 1167 διὰ

1021 1188 1075 1215 τῶν
1095 1188 1225 1214 πλειόνων
1244 1188 1294 1223 τὴν
1318 1187 1497 1224 εὐχαριστίαν
1517 1186 1682 1222 περισσεύσῃ
1699 1187 1739 1218 είς
1759 1185 1810 1221 τὴν

1022 1233 1100 1266 δόξαν
1119 1233 1166 1260 τοῦ
1178 1233 1258 1261 Θεοῦ.
1276 1235 1322 1260 Διδ
1336 1234 1386 1261 οὐκ
1405 1232 1591 1268 ὲκκακοῦμεν,
1612 1232 1681 1260 ἀλλὰ
1693 1233 1718 1259 εί
1734 1232 1781 1259 καὶ
1795 1233 1810 1259 ὸ

1022 1282 1075 1314 ἔξω
1094 1281 1174 1317 ἡμῶν
1193 1281 1335 1317 ἄνθρωπος
1361 1281 1562 1316 διαφθείρεται,
1577 1280 1635 1307 ἀλλ’
1647 1282 1660 1307 ὁ
1674 1280 1728 1307 ἔσω
1743 1280 1810 1307 ἀνα·-

1023 1327 1163 1357 καινοῦται
1181 1327 1272 1364 ἡμέρᾳ
1285 1328 1333 1354 καὶ
1343 1328 1446 1365 ἡμέρᾳ.
1463 1336 1472 1353 ›

1058 1419 1162 1451 Εἰπὼν,
1174 1420 1216 1445 ὅτι
1232 1418 1282 1445 καὶ
1297 1419 1383 1453 ἡμεῖς
1400 1419 1581 1453 πιστεύομεν
1591 1438 1598 1450 ,
1613 1417 1659 1443 διὸ
1674 1416 1724 1443 καὶ
1744 1416 1810 1443 ’.ία-

1022 1464 1135 1499 λοῡμεν
1145 1484 1153 1497 ,
1169 1463 1195 1490 τί
1211 1464 1375 1498 πιστεύομεν
1388 1462 1512 1498 ἐπιφέρει
1528 1471 1535 1495 ;
1562 1462 1622 1489 Ὀτι
1633 1461 1680 1488 καὶ
1694 1461 1811 1496 ἐγείρας

1029 1510 1163 1544 Ἰησοῦν,
1178 1509 1228 1537 καὶ
1254 1509 1334 1545 ἡμᾶς
1355 1509 1455 1543 ,ἐγερεῖ
1484 1508 1533 1535 διὰ
1552 1507 1661 1541 Ἰησοῦ.
1688 1507 1810 1534 names

1022 1555 1121 1590 πληροί
1136 1555 1236 1586 αὐτοὺς
1256 1555 1442 1590 φρονήματος,
1455 1554 1500 1580 ἴνα
1526 1553 1563 1588 μὴ
1580 1552 1733 1588 ἀνθρώποις
1761 1553 1810 1588 χά-

1022 1610 1064 1638 ριν
1081 1601 1184 1635 εἴδωσι,
1200 1602 1257 1633 τοῖς
1271 1600 1510 1636 ψευδαποστόλοις.

1058 1702 1067 1719 ε
1087 1693 1124 1719 Τὸ
1135 1693 1189 1728 γὰρ
1206 1692 1365 1727 παραυτίκα
1380 1691 1497 1727 ἐλαφρὸν
1519 1692 1569 1726 τῆς
1589 1691 1706 1725 θλίψεως
1730 1690 1811 1726 ἡμῶν

1020 1739 1081 1766 καθ’
1095 1738 1246 1774 ὑπερϐολὴν
1275 1739 1315 1770 εις
1330 1737 1493 1774 ὑπερϐολὴν,
1509 1737 1616 1764 αἰώνιον
1630 1737 1712 1772 βάρος
1732 1737 1812 1772 δόξης

1021 1785 1219 1821 κατεργάζεται
1235 1786 1310 1820 ἡμῖν.
1325 1794 1333 1810 ι

1058 1832 1128 1865 Ὂρα
1141 1831 1223 1857 πόσον
1235 1830 1289 1856 τῶν
1301 1830 1431 1857 κινδύνων
1456 1829 1595 1864 ἐκούφισε,
1609 1829 1656 1856 καὶ
1673 1829 1720 1855 τοῦ
1745 1828 1810 1864 χρο-

1022 1885 1068 1903 νου
1082 1874 1199 1910 ὑφελὼν,
1224 1875 1271 1901 καὶ
1299 1874 1347 1901 τοῦ
1381 1873 1524 1909 μεγέθους.
1555 1872 1716 1908 Παραυτίκα
1744 1872 1809 1906 γὰρ.

1023 1921 1101 1956 φησὶ,
1125 1921 1172 1947 καὶ
1187 1920 1315 1955 ἐλαφρὸν,
1334 1919 1393 1955 ἅμα
1412 1919 1440 1946 δὲ
1456 1918 1504 1945 καὶ
1518 1917 1757 1951 ἀντιπαρατίθησι.
1775 1917 1812 1943 Τὸ

1024 1966 1073 2002 μὲν
1086 1966 1151 2002 γὰρ,
1169 1965 1345 2000 παραυτίκα,
1370 1964 1438 2000 πρὸς
1447 1964 1478 1990 τδ
1495 1963 1602 1990 αἰώνιον
1612 1984 1620 1995 ,
1636 1963 1666 1990 τὸ
1680 1963 1718 1995 δὲ,
1745 1963 1813 1989 ἐνία-

1023 2014 1113 2048 ςρρὺν,
1129 2013 1197 2048 πρδς
1212 2012 1243 2038 τὸ
1256 2012 1337 2048 βαρὺ,
1362 2010 1413 2046 τὴν
1430 2010 1521 2046 θλίψιν
1551 2010 1620 2044 πρὸς
1650 2009 1700 2045 τὴν
1721 2009 1810 2042 δόξαν.

1023 2059 1075 2086 Καὶ
1087 2058 1146 2086 οὐδὲ
1161 2058 1268 2089 τούτοις
1280 2058 1420 2093 ἀρκεῖται,
1437 2056 1504 2084 ἀλλὰ
1514 2055 1712 2092 προῦποφέρει,
1723 2055 1769 2082 καὶ
1782 2055 1812 2081 τὸ

1023 2103 1088 2131 καθ’
1100 2102 1282 2138 ὑπερϐολήν.

1062 2158 1071 2174 ι
1083 2148 1129 2184 Μὴ
1157 2147 1332 2174 σκοπούντων
1366 2147 1444 2183 ἡμῶν
1455 2147 1490 2174 τὰ
1505 2147 1669 2183 βλεπόμενα,
1697 2145 1766 2172 ἀλλὰ
1777 2145 1811 2171 τὰ

187 2189 300 2222 dentur,
319 2189 366 2216 sed
382 2197 447 2223 quas
457 2196 511 2216 non
525 2188 662 2217 videntur.
674 2189 740 2221 Quae
751 2189 823 2216 enim
833 2189 971 2220 videntur,

1029 2194 1067 2230 μὴ
1080 2192 1245 2228 βλεπόμενα.
1262 2193 1302 2219 Τὰ
1318 2193 1373 2229 γὰρ
1387 2192 1542 2228 βλεπόμενα
1555 2193 1720 2228 πρόσκαιρα,
1734 2191 1768 2217 τὰ
1784 2190 1812 2218 δὲ

188 2234 348 2270 temporalia
363 2239 427 2262 sunt
440 2241 522 2269 aqua:
539 2237 628 2261 autem
645 2241 699 2261 non
710 2234 849 2265 videntur,
871 2236 974 2260 :cterna

187 2284 263 2310 sunt.
284 2290 294 2307 ι

222 2327 351 2354 Declarat
372 2334 427 2362 quo
447 2330 528 2362 pacto
551 2327 619 2354 levis
641 2331 684 2355 est
703 2331 781 2354 tanta
795 2326 972 2354 atllictionum

187 2373 285 2401 moles.
301 2371 456 2406 Quomodo,
485 2372 609 2408 inquam,
637 2373 690 2401 nisi
710 2372 745 2401 ob
769 2380 844 2408 spem
867 2372 973 2400 futuro-

188 2419 270 2448 rumt

524 2488 599 2517 CAP.
616 2488 648 2516 ν.

226 2546 310 2574 Vatis.
327 2545 354 2572 l.
375 2555 385 2572 ι
405 2545 515 2573 Scimus
530 2545 615 2579 enim,
631 2545 774 2580 quoniam,
789 2545 812 2573 si
835 2545 974 2574 terrestris

188 2592 287 2621 domus
305 2596 399 2619 nostra
420 2590 504 2626 hujus
521 2590 701 2618 habitationis
715 2590 893 2624 dissolvatur,
909 2589 974 2619 :cdi-

188 2638 346 2669 ﬁcationem
357 2644 390 2665 cx
406 2637 461 2664 Deo
477 2635 620 2668 habemus,
636 2635 750 2664 domum
773 2644 829 2664 non
851 2635 977 2663 manula-

190 2688 279 2715 ctam,
293 2685 424 2710 aeternam
439 2682 468 2709 in
488 2681 576 2710 cmlis.
598 2691 608 2708 ι

229 2728 289 2755 Non
309 2731 418 2761 Oportet
445 2726 551 2754 turbari
569 2727 592 2755 si
618 2727 689 2755 male
704 2734 846 2755 vexamur.
877 2726 978 2755 Multos

188 2773 262 2804 enim
287 2773 388 2802 exinde
413 2773 522 2801 fructus
543 2773 724 2809 percipimus.
750 2773 873 2803 Observa
887 2777 977 2802 autem

238 2842 249 2860 ⁷
262 2840 427 2875 Psal.cxv,l
444 2849 505 2877 seq.

1028 2238 1066 2274 μὴ
1082 2237 1245 2273 βλεπόμενα,
1258 2237 1364 2265 αἰώνια.
1378 2248 1388 2264 ι

1064 2328 1118 2355 Τὸν
1145 2327 1251 2364 τρόπον
1275 2327 1362 2361 λέγει,
1377 2327 1436 2358 πῶς
1449 2327 1566 2362 ἐλαφρὸν
1579 2327 1609 2353 τὸ
1624 2325 1735 2353 τοσοῦτο
1757 2325 1811 2352 τῶν

1028 2373 1154 2409 θλίψεων.
1182 2373 1236 2400 Καὶ
1251 2373 1331 2406 πῶς,
1352 2373 1368 2408 ἢ
1392 2373 1447 2400 ἀπὸ
1471 2373 1521 2409 τῆς
1545 2372 1693 2409 μελλούσης
1737 2371 1813 2399 ἑλπί-

1025 2420 1070 2451 δος
1080 2427 1088 2452 ;

1320 2486 1447 2515 ΚΕΦΑΛ.
1457 2487 1494 2514 Ε’.

1063 2554 1072 2570 ι
1089 2543 1154 2571 Οἶδα.
1185 2543 1234 2579 μὲν
1250 2543 1304 2579 γὰρ
1321 2543 1375 2577 ὅτι,
1397 2544 1475 2579 ὲὰνή
1496 2543 1616 2578 ἐπίγειος
1639 2543 1717 2579 ἡμῶν
1740 2542 1812 2570 οίκία

1023 2589 1070 2617 τοῦ
1087 2590 1202 2625 σκήνους
1226 2589 1384 2624 καταλυθῇ,”
1399 2589 1544 2625 οἰκοδομὴν
1559 2590 1591 2616 ὲκ
1608 2589 1676 2616 Θεοῦ
1703 2589 1811 2624 ἔχομεν,

1025 2635 1114 2663 οἰκίαν
1127 2635 1337 2670 ἀχειροποίητον
1349 2633 1461 2661 αἰώνιον
1475 2635 1504 2660 ἐν
1521 2635 1577 2666 τοῖς
1593 2634 1725 2670 οὐρανοῖς.
1741 2643 1750 2659 ι

1061 2730 1098 2756 Οὺ
1111 2728 1168 2759 δεῖ,
1192 2728 1277 2763 φησι,
1304 2727 1475 2764 θορυϐεῖσθαι
1495 2729 1521 2754 εί
1541 2728 1633 2760 κακῶς
1660 2727 1810 2762 πάσχομενι

1028 2775 1084 2803 Καὶ
1097 2775 1150 2811 γὰρ
1164 2773 1248 2801 πολλὰ
1271 2773 1395 2801 ἐντεῦθεν
1420 2773 1610 2809 καρπούμεθα.
1626 2773 1696 2810 Ὅρα
1710 2773 1738 2800 δὲ
1753 2772 1814 2807 πῶς
