2078 3116
193 152 248 186 1‘29

757 153 799 184 IN
812 154 930 184 EPIST.
951 154 1000 184 AD
1017 155 1201 185 CORINTH-
1215 153 1257 184 II.

1770 157 1822 190 730

193 213 313 240 δείκνυσι
329 211 378 247 τὴν
391 211 545 247 ὑπερϐολὴν
558 211 617 238 τῶν
630 211 782 246 μελλόντων
794 213 863 247 πρὸς
877 213 912 239 τὰ
928 221 980 239 πα-

1041 213 1172 248 prornodo
1191 213 1345 241 futurorum
1361 212 1487 241 ostendat
1503 213 1716 249 prazeellentiam
1739 222 1822 250 supra

195 261 286 297 ρὸντα.
301 258 394 286 Εἰπὼν
404 258 458 294 γὰρ
472 258 749 293 ἐπίγειον,ἀντέθηκε
760 258 816 292 τὴν
831 260 878 293 ob],
886 259 982 286 ἅγιον-⁸

194 304 291 337 εἰπὼν,
309 304 424 332 οἰκείαν
437 303 587 338 σκήνους,
602 304 649 330 καὶ
664 303 694 330 τὸ
707 303 863 330 εὐδιάλυτον
880 304 981 338 δείξας,

195 349 337 386 ἀντέθηκε,
349 349 407 383 τὴν
421 349 551 377 αιώνιον.

233 448 243 464 ι
264 438 320 465 Καὶ
340 437 394 473 γὰρ
407 438 437 464 ὲν
461 437 550 474 τούτῳ
581 439 757 474 στενάζομεν,
775 439 806 466 τὺ
827 440 985 474 οἰκητήριον

196 484 298 520 ἡμῶν,
322 484 353 511 τὸ
377 485 407 516 ἐξ
433 485 568 520 οὐρανοῦ,
594 485 792 513 ἐπενδύσασθαι
822 485 984 513 ἐπιποθοῦν-

197 538 254 562 τες.
267 539 277 556 ι

234 576 290 603 Καὶ
319 577 396 603 ποῖον
424 576 653 612 οἰκητήριονςτὺ
675 577 755 612 σῶμα
779 577 810 604 τὸ
836 577 984 612 ἄφθαρτον.

200 621 256 648 Καὶ
270 621 313 648 διὰ
323 621 360 653 τί,
369 621 398 648 ὲν
409 621 498 657 τούτῳ
507 622 681 656 στενάζομεν;
700 622 777 649 Ἐπεὶ
784 622 874 657 πολλῷ
884 622 987 657 βέλτιον

201 668 299 694 ἐκεῖνο.
321 667 366 700 Ἐξ
380 668 497 704 οὐρανοῦ
514 668 543 696 δὲ
554 668 645 699 τοῦτο.
663 670 730 703 φησὶ
741 688 749 699 ,
779 668 824 696 διὰ
837 669 867 695 τὸ
882 668 988 703 ἄφθαρ-

201 721 258 741 τον.
274 713 312 740 Οὐ
325 713 379 749 γὰρ
393 713 424 749 δὴ
439 713 543 741 ἄνωθεν
557 715 624 750 ἡμῖν
640 715 746 742 κάτεισι
759 715 790 741 τὸ
806 716 899 750 σῶμα,
921 716 988 744 ἀλλὰ

203 757 252 793 τὴν
277 759 383 786 ἐκεῖθεν
409 759 490 796 χάριν
517 760 698 795 πεμπομένην
720 760 796 795 δηλοῖ
813 761 852 796 τῷ
875 762 988 797 ὀνόματι

202 803 300 839 τούτῳ.
321 804 365 836 Ὣς
378 804 411 832 ἂν
425 807 448 832 εἰ
465 805 556 840 λέγον
571 806 689 838 Στένεις.
705 807 747 834 ὅτι
769 807 911 843 φθείρεται
941 817 988 835 σου

202 850 281 883 δέξω
303 851 461 887 ἄνθρωπος;
491 852 578 884 οὕτως
610 854 767 886 στενάζων,
797 854 840 881 ὅτι
867 855 904 890 μὴ
929 855 988 890 μεθ’

203 882 361 932 ὑπερϐολῆς·
385 882 464 924 τοῦτο
493 882 617 932 γίνεται,
643 882 710 934 μηδὲ
739 882 885 936 ὁλόκληρος
899 882 990 934 [cp-Oet-
1006 882 1027 909 Β

202 950 290 976 parat.

242 997 251 1013 α
267 988 302 1015 El
317 997 349 1022 γε
373 989 421 1016 καὶ
448 990 636 1027 ἐνδυσάμενοι,
660 992 691 1018 οὐ
717 992 817 1027 γυμνοὶ
845 992 990 1027 εὑρεθησό-

203 1030 284 1064 μεθα.
305 1031 361 1057 Καὶ
387 1031 442 1067 γὰρ
455 1033 479 1058 οἱ
495 1033 572 1065 ὄντες
587 1035 616 1060 ὲν
629 1033 669 1069 τῷ
692 1034 796 1069 σκήνει,
823 1034 990 1068 στενάζομεν

203 1074 378 1111 βαρούμενοι,
394 1077 437 1111 ἐφ’
452 1073 475 1111 ᾧ
490 1078 521 1104 οὐ
537 1077 650 1114 θέλομεν
666 1078 845 1112 ἐκδύσασθαι,
871 1078 929 1105 ἀλλ’
941 1079 990 1106 ὲπ-

202 1122 376 1150 ενδύσασθαι.
391 1132 401 1149 ι

239 1166 380 1202 Τουτέστὶ,
410 1170 457 1197 καὶ
475 1170 500 1196 εἰ
514 1170 574 1197 ἐκεῖ
596 1171 646 1205 τὴν
678 1171 835 1206 ἀφθαρσίαν
859 1171 989 1203 λαϐόντες

202 1213 240 1248 μὴ
254 1215 354 1249 γυμνοὶ
368 1214 419 1250 τῆς
438 1215 518 1250 δόξης
537 1216 585 1242 καὶ
604 1216 655 1250 τῆς
677 1216 828 1250 ἀσφαλείας
850 1216 988 1252 ὀφθῶμεν.

200 1259 286 1286 Τοῦτο
297 1259 326 1287 δέ
338 1269 436 1295 φησιν,
456 1261 498 1288 ἵνα
519 1261 557 1297 μὴ
570 1262 624 1290 ἀπὸ
638 1264 688 1297 τῆς
707 1263 883 1295 ἀναστάσεως
909 1263 990 1298 μόνον

201 1305 303 1336 πάντες
330 1305 488 1342 θαρρῶμεν,
508 1306 575 1334 ἀλλὰ
599 1307 818 1343 ὲπιτηδεύσωμεν
844 1307 891 1334 καὶ
922 1309 990 1344 ἔργα

201 1351 325 1386 λαμπρά.
348 1352 380 1379 Ἦ
397 1352 447 1386 μὲν
463 1352 518 1388 γὰρ
531 1353 679 1385 ἀνάστασις
697 1353 774 1389 κοινὴ
796 1354 916 1386 πάντων,
931 1355 948 1390 ἡ
961 1354 990 1381 δὲ

201 1397 264 1431 δόξα
279 1398 372 1425 οὐκέτι
386 1399 474 1434 κοινὴ,
487 1399 546 1427 ἀλλ’
560 1401 584 1426 οἱ
605 1400 656 1434 μὲν
672 1400 700 1427 ὲν
711 1402 789 1435 τιμῇ,
803 1401 828 1426 οἱ
844 1400 872 1426 δὲ
887 1401 917 1426 ἐν
932 1401 990 1426 ἀτι-

204 1444 254 1480 μίᾳ
266 1451 274 1459 ⁸
287 1445 367 1471 καὶοὶ
380 1445 429 1480 μὲν
439 1446 480 1477 εις
500 1445 652 1480 βασιλείαν,
668 1447 692 1474 οἱ
703 1446 731 1473 δὲ
744 1447 784 1478 εἰς
795 1446 917 1474 κόλασιν.

240 1546 251 1564 ι
272 1538 330 1565 Ἵνα
346 1538 490 1574 καταποθῇ
505 1538 536 1565 τὸ
547 1538 643 1574 θνητὸν
656 1538 708 1565 ὑπὸ
718 1538 768 1573 τῆς
784 1538 866 1573 ζωῆς.
881 1547 891 1563 ι

238 1584 276 1611 Οὐ
287 1583 368 1619 λέγω,
383 1585 476 1620 φησὶν,
490 1584 530 1611 ὅτι
547 1583 723 1619 στενάζομεν,
736 1584 780 1611 ἵνα
788 1585 818 1610 τὸ
828 1584 907 1620 σῶμα
924 1583 991 1610 ἀπο-

204 1629 327 1665 Θώμεθα,
340 1630 398 1657 ἀλλ’
414 1631 456 1657 ἵνα
472 1629 685 1665 ὲπενδυσώμεθα
709 1629 784 1666 αὐτῷ
808 1629 858 1665 τὴν
885 1629 992 1665 ἀφθαρ-

204 1676 275 1704 αιαν.
298 1676 352 1703 Καὶ
371 1676 426 1711 γὰρ
451 1676 635 1711 βαρυνόμεθα,
656 1677 705 1712 οὐχ
719 1677 761 1703 δτι
775 1676 855 1711 σῶμα
881 1675 990 1711 ἔχομεν,

204 1721 261 1748 ἁλλ’
276 1721 317 1748 ὅτι
329 1721 447 1756 φθαρτὸν
460 1721 654 1758 περικείμεθα.

243 1777 253 1794 σ
278 1769 308 1795 Ὀ
335 1767 363 1795 δὲ
380 1768 622 1804 κατεργασάμενος
649 1768 723 1803 ἡμᾶς
754 1768 794 1800 εἰς
820 1768 887 1795 αὐτὸ
913 1767 992 1795 τοῦτο

204 1813 281 1845 Θεός.
296 1822 306 1839 ι

240 1858 382 1888 Δείκνυσιν
405 1858 508 1886 ἄνωθεν
527 1859 615 1886 ταῦτα
639 1858 865 1894 πρπυπωοέντα.
889 1858 928 1885 Οὐ
939 1857 992 1893 γὰρ

203 1903 263 1937 νῦν,
277 1904 357 1939 φησὶ,
371 1904 452 1931 τοῦτο
475 1904 577 1938 ἔδοξεν,
602 1904 659 1931 ἀλλ’
677 1905 722 1931 ὅτε
736 1905 765 1938 ἐξ
782 1904 869 1940 ἀρχῆς
893 1903 993 1931 ἐπλατ-

205 1957 252 1978 τεν
275 1949 349 1985 ἡμᾶς
373 1950 428 1977 ἀπὸ
442 1950 504 1985 γῆς.
526 1950 588 1982 Πῶς
617 1950 644 1977 δὲ
666 1951 781 1985 γίνεται,
804 1949 882 1977 τοῦτο
891 1950 929 1985 μὴ
945 1950 994 1984 ζή-

205 2001 259 2025 τει.
286 1994 368 2029 φησιν
386 2003 393 2010 -
408 1994 426 2021 ἃ
441 1994 494 2030 γὰρ
509 1995 523 2022 ὁ
543 1995 608 2027 Θεὸς
625 1997 708 2028 ποιεῖ,
733 1995 770 2031 μὴ
797 1994 992 2031 περιεργάζου.

207 2038 253 2068 Διδ
265 2039 359 2075 φησὶν,
381 2039 408 2066 '0
419 2039 454 2066 δὲ
472 2039 745 2076 κατεργασάμενος.

249 2138 259 2155 ι
280 2128 338 2155 Καὶ
357 2128 445 2161 διδοὺς
471 2129 536 2164 ἡμῖν
560 2128 606 2156 τὸν
633 2127 780 2164 ἀρραϐῶνα
808 2127 855 2155 τοῦ
874 2127 995 2164 πνεύμα-

206 2183 263 2207 τος.
276 2184 286 2201 ι

1034 260 1192 294 praesentia.
1205 259 1273 286 Nam
1299 265 1445 294 poslquam
1466 259 1534 287 dixit
1551 265 1710 292 terrestrem,
1723 269 1756 288 ex
1772 261 1822 288 ad-

1035 313 1125 339 verso,
1148 306 1287 337 caelestem,
1309 305 1411 340 posuit.
1429 304 1553 340 Itemque
1574 305 1621 333 ubi
1650 305 1757 333 domum
1774 306 1823 332 Ita-

1035 351 1172 378 bitulionis
1186 351 1315 382 dicendo,
1333 350 1497 385 signiﬁcavit
1523 358 1583 378 eam
1600 350 1681 378 facile
1699 350 1823 382 dissolvi,

1034 402 1162 425 muniam
1176 397 1315 431 opposuit.

1070 443 1153 470 Vsus.
1169 443 1196 470 ‘2.
1219 453 1228 468 ι
1246 442 1314 468 Nam
1335 446 1362 469 et
1382 442 1410 469 in
1425 442 1475 469 ltoc
1493 442 1699 476 iugemiscimus
1708 443 1824 477 gravati,

1036 487 1233 515 habitationem
1251 490 1375 514 nostram
1391 486 1494 521 quaeue
1512 485 1584 513 cutio
1595 490 1646 518 est,
1664 486 1825 521 superindui

1037 535 1188 569 cupientes.
1205 543 1214 560 ι

1076 578 1190 612 Qualem
1203 585 1267 605 vero
1278 577 1490 604 habitationem?
1500 577 1606 610 Corpus
1619 583 1635 603 a
1650 576 1826 611 corruptione

1038 624 1166 652 liberum.
1186 623 1274 650 Eccur
1292 625 1373 650 etiam
1388 623 1416 649 in
1437 623 1489 649 isto
1515 623 1745 658 iugcmiscimus?
1759 622 1825 655 Quia

1039 671 1125 697 multo
1137 669 1235 696 melius
1249 673 1290 696 est
1310 668 1386 695 illud.
1399 668 1444 694 Ait
1456 672 1546 695 aulem
1565 668 1617 695 hoc
1631 668 1733 696 csscde
1745 668 1826 701 caelo,

1038 723 1072 743 eo
1088 715 1162 750 quod
1188 715 1393 748 incorruptum.
1416 713 1595 748 Nequaquam
1614 714 1687 740 enim
1708 714 1741 741 de
1757 713 1827 740 cmlo

1040 761 1119 788 nobis
1136 768 1237 795 corpus
1253 759 1427 787 demittitur:
1447 759 1495 786 sed
1514 759 1550 786 ita
1570 759 1706 793 loquendo
1722 758 1827 794 signiﬁ-

1040 811 1084 833 cat
1101 806 1212 840 corpori
1239 805 1356 839 gratiam
1380 804 1480 832 exinde
1501 804 1585 831 mitti.
1605 804 1645 831 Ac
1661 804 1685 832 si
1702 804 1825 831 diceret:

1041 851 1202 886 Ingemiscis
1213 850 1277 885 quia
1299 850 1422 878 exterior
1437 849 1517 876 homo
1540 849 1746 884 corrumpitur?
1772 848 1827 875 imo

1041 898 1132 933 potius
1148 904 1235 931 gente,
1248 895 1321 931 quod
1335 903 1390 923 non
1404 894 1431 922 id
1452 895 1523 922 ultra
1539 894 1649 922 modum
1665 894 1722 927 liat,
1739 901 1828 928 neque

1040 952 1073 971 ex
1092 947 1148 970 toto
1165 943 1210 970 ille
1228 946 1433 976 corrumpatur.

1076 990 1159 1018 Vsus.
1174 991 1201 1023 3,
1219 989 1247 1017 4.
1271 998 1280 1015 ι
1301 989 1329 1016 Si
1351 994 1443 1016 tamen
1464 988 1568 1019 vestiti,
1587 995 1641 1015 non
1665 987 1731 1014 nudi
1751 986 1830 1014 inve-

1039 1035 1159 1063 niamur.
1185 1034 1253 1061 Nam
1278 1037 1306 1061 et
1330 1033 1378 1068 qui
1405 1041 1502 1061 sumus
1521 1033 1548 1060 in
1569 1032 1620 1060 hoc
1638 1031 1829 1063 tabernaculo.

1040 1080 1250 1116 ingemiscimus
1262 1081 1365 1115 gravati
1377 1088 1385 1112 ;
1398 1086 1432 1106 eo
1443 1078 1519 1114 quod
1530 1078 1660 1106 nolumus
1672 1076 1829 1112 exspoliari,

1040 1127 1088 1156 sed
1105 1126 1292 1162 supervestiri.
1310 1135 1320 1153 ι
1629 1160 1638 1164 ν

1075 1172 1132 1201 Hoc
1148 1176 1201 1205 est,
1219 1172 1241 1200 si
1257 1172 1338 1199 modo
1365 1171 1582 1199 immortalitatis
1595 1172 1738 1204 compotes
1752 1167 1828 1200 facti,

1040 1227 1096 1247 non
1107 1219 1174 1246 nudi
1188 1219 1277 1254 gloria
1291 1222 1319 1245 et
1332 1218 1482 1246 securitate
1494 1216 1679 1244 inveniamur.
1693 1215 1775 1249 Atqui
1789 1214 1830 1242 sic

1039 1266 1173 1301 loquitur,
1188 1272 1241 1292 non
1260 1264 1349 1292 solum
1367 1268 1397 1291 ut
1409 1267 1484 1290 certa
1504 1262 1603 1291 ﬁducia
1615 1267 1758 1296 speremus
1771 1267 1831 1287 om-

1039 1319 1090 1340 nes
1105 1310 1347 1341 resurrectionem,
1372 1309 1420 1336 sed
1440 1313 1467 1336 et
1493 1307 1634 1343 praeclaris
1661 1306 1831 1334 facinoribus

1040 1365 1154 1392 operum
1170 1357 1276 1383 demus.
1289 1354 1469 1382 Resurrectio
1487 1354 1622 1389 siquidem
1632 1350 1742 1380 cunctis
1758 1359 1832 1379 com-

1040 1402 1132 1430 munis
1144 1406 1187 1428 est
1201 1410 1208 1428 :
1227 1405 1272 1428 ast
1284 1400 1347 1428 aliis
1357 1400 1467 1435 quidem
1483 1399 1511 1426 in
1529 1399 1673 1430 honorem,
1688 1398 1750 1425 aliis
1765 1403 1830 1424 vero

1040 1448 1069 1475 in
1089 1446 1266 1482 opprobrium
1281 1454 1289 1480 ;
1307 1445 1369 1473 aliis
1381 1445 1447 1472 item
1461 1444 1494 1471 ad
1506 1451 1631 1479 regnum,
1647 1442 1708 1470 aliis
1723 1442 1758 1469 ad
1768 1449 1832 1476 sup-

1040 1491 1166 1528 plicium.

1004 1549 1028 1579 ο
1081 1547 1090 1564 ε
1113 1537 1148 1564 Ut
1162 1537 1343 1565 absorbeatur
1358 1536 1432 1570 quod
1446 1535 1560 1562 mortale
1572 1539 1614 1562 est
1628 1541 1642 1561 a
1659 1533 1723 1561 vita.
1739 1543 1748 1559 ι

1077 1582 1137 1610 Non
1155 1582 1228 1614 dico,
1254 1582 1358 1617 inquit,
1382 1589 1433 1609 nos
1455 1581 1646 1616 ingemiscere,
1674 1584 1704 1607 ut
1730 1586 1831 1615 corpus

1042 1628 1231 1663 deponamus:
1250 1627 1298 1656 sed
1321 1631 1350 1654 ut
1365 1627 1430 1654 illud
1446 1626 1657 1661 incorruptione
1668 1625 1830 1653 vestiamus.

1042 1673 1195 1702 Gravamur
1209 1674 1293 1707 enim,
1320 1681 1375 1701 non
1392 1672 1457 1708 quia
1474 1679 1575 1706 corpus
1600 1675 1758 1706 gestamus,
1783 1670 1831 1699 sed

1042 1721 1107 1756 quia
1121 1719 1293 1755 corruptioni
1307 1719 1430 1746 obnoxio
1445 1717 1660 1746 circumdamur.

1077 1765 1163 1793 Vsus.
1178 1765 1205 1793 5.
1230 1775 1239 1791 ε
1254 1765 1308 1798 Qui
1334 1768 1426 1792 autem
1446 1764 1514 1792 fecit
1538 1771 1589 1791 nos
1610 1764 1638 1791 in
1667 1763 1719 1791 hoc
1742 1763 1830 1798 ipsum

1042 1812 1125 1841 Deus.
1142 1821 1152 1838 ι

1078 1857 1206 1886 Declarat
1217 1858 1274 1886 haec
1295 1858 1351 1893 jam
1370 1861 1434 1886 ante
1455 1858 1571 1892 ﬁgurata
1584 1864 1655 1884 esse.
1677 1854 1737 1883 Non
1758 1854 1831 1882 enim

1043 1912 1118 1932 nunc
1134 1905 1252 1940 primum
1265 1905 1302 1932 ita
1320 1904 1358 1932 illi
1373 1904 1462 1932 visunt
1479 1908 1533 1936 est,
1546 1903 1650 1938 inquit;
1667 1900 1833 1936 sedquando

1042 1951 1180 1986 principio
1201 1958 1292 1978 rerum
1315 1957 1366 1977 nos
1391 1950 1426 1977 de
1449 1953 1523 1976 terra
1549 1949 1637 1976 ﬁnxit.
1666 1947 1780 1980 Quinam
1807 1945 1833 1972 id

1044 1995 1091 2023 ﬁat
1112 2003 1147 2023 ne
1176 1995 1318 2031 quaesieris
1339 2001 1346 2021 :
1375 2002 1439 2021 nam
1463 2001 1531 2021 cave
1557 2001 1592 2020 ne
1623 1993 1732 2020 curiose
1753 1999 1833 2018 scru~

1044 2042 1112 2070 teris
1132 2049 1192 2077 qua
1209 2041 1282 2068 Deus
1295 2039 1389 2068 faciat.
1399 2039 1583 2073 Quamobrem
1599 2039 1638 2066 ait
1652 2047 1659 2065 :
1676 2038 1728 2071 Qui
1745 2042 1832 2064 autent

1043 2089 1115 2125 fecit.

1048 2163 1053 2169 _
1083 2142 1092 2159 ι
1111 2132 1145 2160 Ει
1158 2132 1204 2168 qui
1218 2131 1294 2159 dedit
1309 2131 1392 2160 nobis
1409 2131 1508 2168 pignus
1525 2130 1651 2166 spiritus.
1667 2140 1677 2157 »

243 2221 368 2256 Συνεχῶς
383 2220 533 2258 ἀρραεῶνα
559 2221 648 2253 καλεῖ,
665 2221 808 2257 ὀφειλετὴν
823 2221 920 2249 ἑαυτὸν
937 2220 991 2247 δεί-

1080 2221 1254 2256 Frequenter
1272 2220 1373 2256 pignus
1396 2221 1531 2253 nominat,
1553 2221 1617 2255 quia
1639 2220 1709 2249 Deus
1725 2220 1834 2248 univer-

209 2266 251 2299 ξαι
267 2265 428 2302 βουλόμενος
437 2267 485 2293 τοῦ
501 2266 613 2299 παντός.

246 2321 256 2338 ι
271 2312 441 2348 Θαρροῦντες
456 2310 502 2340 οὖν
518 2312 645 2343 πάντοτε.
660 2313 709 2340 καὶ
731 2313 842 2344 εἰδότες,
860 2313 901 2340 ὅτι
919 2312 996 2347 ἐνδη-

211 2357 324 2392 μοῦντες
340 2358 369 2384 ὲν
394 2357 433 2392 τῷ
463 2357 580 2393 σώματι,
602 2357 773 2393 ἐκδημοῦμεν
797 2357 851 2384 ἀπὸ
871 2356 916 2383 τοῦ
940 2358 996 2384 Ku-

211 2403 280 2440 ρίου.
315 2404 365 2431 Διὰ
389 2404 508 2436 πίστεως
530 2403 585 2440 γὰρ
614 2403 837 2440 περιπατοῦμεν,
853 2404 884 2430 οὺ
901 2403 946 2431 διὰ
958 2404 997 2431 ετ-

208 2449 280 2481 δους.
295 2459 304 2476 ι

245 2495 284 2521 To
298 2496 488 2529 θαρῤοῦντες,
524 2495 593 2532 πρὸς
615 2497 678 2528 τοὺς
694 2496 842 2532 διωγμοὺς,
859 2496 927 2532 πρὸς
948 2496 997 2528 τὰς

212 2540 368 2573 ἐπιδουλὰς,
384 2541 454 2577 πρὸς
466 2543 529 2574 τοὺς
543 2542 685 2574 θανάτους.
701 2543 746 2574 Ὠς
760 2544 783 2569 εἰ
796 2542 889 2576 ἔλεγεν
902 2550 908 2556 ·
923 2542 998 2570 ἐλαύ-

210 2594 253 2613 νει
269 2594 312 2618 τις
324 2606 331 2618 ,
355 2587 404 2613 καὶ
422 2587 535 2620 διώκει,
555 2589 603 2615 καὶ
622 2588 730 2624 ἀναιρεῖ
746 2596 753 2620 ;
776 2588 812 2624 μὴ
826 2587 994 2625 καταπέσῃς.

214 2629 304 2668 Ὑπὲρ
313 2632 368 2668 γάρ
384 2641 432 2659 σου
447 2632 562 2667 γίνεται.

250 2729 261 2746 ι
279 2719 442 2756 Θαρῤοὗμεν
451 2721 480 2748 δὲ
493 2722 541 2748 καὶ
560 2722 724 2758 εὐδοκοῦμεν
747 2721 846 2758 μᾶλλον
875 2721 997 2758 ὲκδημῆο

211 2773 259 2793 σαι
269 2766 300 2792 ὲκ
313 2766 360 2793 τοῦ
383 2766 520 2803 σώματος,
541 2768 588 2795 καὶ
610 2767 761 2804 ἐνδημῆσαι
791 2767 860 2803 πρὸς
879 2767 924 2794 τὸν
945 2769 998 2796 Κύ-

215 2818 280 2845 ριον.
292 2811 337 2838 Διὸ
354 2812 399 2839 καὶ
412 2813 641 2850 φιλοτιμούμεθα,
655 2815 709 2841 εἴτε
729 2814 924 2850 ἐνδημοῦντες,
942 2816 995 2843 εἴτε

211 2857 278 2895 ἑκδη
283 2859 403 2895 μοῦντες.
419 2871 429 2887 ›

1045 2275 1138 2296 sorum
1152 2274 1182 2294 se
1199 2266 1352 2294 debitorem
1370 2266 1490 2300 proﬁteri
1509 2266 1604 2294 voluit.

1083 2312 1161 2348 135
1180 2321 1190 2338 ι
1212 2312 1296 2339 Vens.
1314 2311 1341 2344 6,
1359 2311 1386 2338 7.
1410 2312 1550 2339 Audentes
1574 2317 1665 2339 autem
1683 2319 1792 2346 semper
1808 2317 1834 2339 ct

1046 2360 1180 2392 scientes,
1198 2359 1342 2395 quoniam,
1362 2357 1428 2385 dum
1451 2365 1549 2385 sumus
1568 2357 1594 2384 in
1617 2365 1742 2392 corpore,
1756 2365 1834 2391 perc—

1046 2407 1191 2442 grinamur
1214 2412 1229 2432 a
1241 2404 1357 2432 Domino
1371 2412 1380 2431 :
1399 2411 1447 2439 per
1464 2403 1542 2431 ﬁdem
1559 2403 1632 2439 enim
1649 2403 1832 2434 ambulamus,

1047 2457 1076 2480 et
1090 2459 1146 2479 non
1163 2459 1212 2486 per
1227 2451 1358 2485 speciem.
1379 2459 1388 2476 ›

1082 2496 1237 2527 Audientes,
1269 2495 1319 2528 ait,
1351 2499 1449 2523 contra
1482 2495 1708 2530 persecutiones,
1738 2498 1834 2522 contra

1047 2543 1184 2577 impetus,
1223 2540 1358 2569 adversus
1395 2545 1509 2569 mortes.
1539 2540 1621 2569 Velut
1652 2541 1675 2569 si
1707 2541 1832 2568 diceret:

1047 2589 1086 2617 Te
1102 2589 1241 2624 quispiam
1264 2581 1403 2623 exagitat.
1427 2591 1453 2615 et
1479 2587 1666 2623 persequitur,
1690 2592 1738 2614 aut
1757 2587 1834 2614 occi-

1047 2635 1109 2662 dit?
1125 2642 1158 2662 ne
1169 2633 1340 2669 despondeas
1364 2633 1498 2660 animum.
1514 2633 1572 2661 Hoc
1591 2633 1664 2661 enim
1681 2636 1792 2668 propter
1809 2638 1837 2660 te

1047 2680 1165 2717 geritur.

1082 2725 1167 2754 Vsus.
1182 2725 1209 2759 8,
1228 2726 1255 2754 9.
1277 2734 1286 2751 ι
1303 2725 1448 2754 Audemus
1462 2730 1554 2754 autem
1575 2729 1603 2753 ct
1616 2725 1714 2752 bonam
1738 2724 1835 2752 volun-

1049 2775 1131 2799 tatem
1158 2770 1310 2803 habemus,
1329 2770 1419 2806 magis
1444 2771 1612 2806 peregrinari
1630 2779 1644 2798 a
1667 2777 1782 2806 corpore
1808 2776 1836 2798 et

1049 2823 1199 2855 praesentes
1211 2826 1273 2847 esse
1287 2819 1320 2846 ad
1340 2818 1496 2846 Dominum.
1508 2818 1570 2847 Ideo
1581 2822 1609 2847 et
1627 2818 1835 2848 contendiirusi

1049 2865 1107 2894 sive
1120 2865 1259 2900 absentes,
1274 2865 1331 2894 sive
1344 2869 1504 2901 praesentes.
1522 2874 1541 2908 δ’
