2078 3116
255 148 309 183 ’131

854 152 884 183 S.
900 152 1059 183 JOANNIS
1077 152 1293 184 DAMASCENI

1829 145 1884 179 732

287 204 459 232 Postremum
488 203 580 239 posuit
604 204 678 239 quod
697 204 827 233 omnibus
855 211 918 232 erat
939 206 1039 240 majus.

1130 207 1167 234 Τὸ
1181 207 1274 242 μεῖζον
1287 193 1398 233 πάντων
1410 225 1417 238 ,
1433 203 1547 240 ὕστερον
1560 202 1693 230 τόθεικεν.
1707 202 1760 229 τοῦ
1780 203 1833 238 γὰρ
1847 204 1886 230 οξ-

250 251 319 279 Nam
341 259 404 278 esse
417 257 480 278 cum
497 250 620 283 Christo,
635 251 820 285 praestabilius
834 256 876 279 est
889 259 971 287 quam
994 253 1040 279 in-

251 301 412 332 corruptam
441 297 552 324 domum
572 297 709 325 obtinere.
736 297 815 330 Quod
840 301 932 326 autem
960 297 1039 331 dicit,

251 343 308 371 tale
322 342 388 377 quid
402 342 554 377 signiﬁcat.
570 341 631 369 Non
646 343 801 377 exstinguit
818 343 901 370 vitam
915 347 1041 370 nostram

251 389 300 424 qui
319 388 472 416 insectatur
487 391 513 415 et
531 387 676 416 interimit.
693 387 750 415 Non
766 389 856 416 solum
871 389 943 415 enim
958 387 1004 415 ille
1015 393 1043 416 te

251 441 268 461 a
283 433 442 469 corruptela
455 436 482 461 et
497 434 573 468 gravi
596 433 708 461 sarcina
726 434 848 461 vindicat
861 453 869 466 ,
893 433 941 462 sed
958 434 1041 461 etiam

252 479 289 507 ad
303 478 452 507 Dominum
468 478 637 514 quantocius
654 479 830 506 transmittit.
856 478 924 505 Vide
946 482 1040 506 autem

252 525 393 560 quomodo
407 524 485 552 siluit
501 532 563 559 quae
577 525 667 552 tristia
681 528 757 556 sunt,
779 525 876 552 mortis
891 524 1000 552 scilicet
1015 528 1043 552 et

253 570 383 599 interitus
394 570 537 598 vocabutis
551 569 705 601 abstinens,
729 577 847 605 quorum
866 570 929 597 loco
950 570 1038 605 subji-

254 616 304 648 cit,
329 622 390 650 qua)
409 615 604 643 desiderabilia
631 615 780 643 admodum
805 616 960 650 exsistunt;
982 623 1043 652 qua)

253 661 365 696 quidem
375 668 505 688 accessus
518 663 546 687 et
560 661 708 694 prteseutiir
724 660 760 687 ad
773 661 914 688 Dominum
928 662 1043 690 nomine

254 706 387 741 indigitat
405 715 412 732 ι
432 706 500 740 quin
517 708 601 734 etiam
624 707 751 735 dimissis
775 715 836 742 qute
859 707 951 735 dulcia
981 715 1043 736 esse

253 751 386 779 videntur
399 751 426 778 in
439 751 507 782 vita,
525 759 541 778 a
559 751 686 779 tristibus
703 752 799 780 eadem
819 753 982 783 nominavit,
1002 753 1043 780 vi-r

255 801 313 824 tam
339 797 409 824 hanc
434 797 599 832 appellando
620 799 858 833 peregrinationem
885 807 901 826 a
918 799 1041 826 Doruino.

255 842 313 871 Hoc
332 848 423 871 autem
439 844 488 876 ait,
507 847 538 871 ut
552 851 634 871 nemo
650 844 781 879 deinceps
796 845 974 880 praesentium
997 852 1041 872 re-

1092 253 1155 280 κισ-ν
1172 252 1313 288 ἄφθαρτον
1338 250 1443 282 λαϐεῖν,
1459 249 1490 276 τὺ
1506 248 1577 284 μετὰ
1593 247 1711 283 Χριστοῦ
1729 245 1800 275 εἶναι
1825 248 1887 284 βέλ-

1091 307 1158 326 τιον.
1177 299 1209 325 ‘0
1221 299 1252 326 δὲ
1264 298 1339 332 λέγει
1364 295 1486 324 τοιοῦτόν
1502 296 1561 322 ἐστι
1578 303 1585 311 ·
1600 294 1630 321 οὐ
1652 294 1794 320 σδέννυσιν
1807 293 1885 329 ἡμῶν

1091 345 1142 380 τὴν
1168 344 1241 380 ζωὴν
1254 365 1263 376 ,
1283 345 1297 370 ό
1313 343 1418 370 διώκων
1444 342 1492 369 καὶ¹
1517 340 1648 376 ἀναιρῶν.
1669 341 1707 366 Οὐ
1724 341 1778 376 γὰρ
1806 341 1886 376 μόνον

1092 391 1195 427 φθορᾶς
1214 399 1243 417 σε
1259 389 1425 417 ἀπαλλάττει
1438 388 1485 414 καὶ
1506 387 1618 422 βάρους,
1636 386 1704 413 ἀλλὰ
1720 386 1813 422 καὶτῷ
1825 385 1886 422 Θεῷ

1095 435 1280 471 παραπέμπει
1307 433 1424 469 ταχέως.
1441 433 1513 468 Ὅρα
1523 432 1550 461 δὲ
1568 431 1626 463 πῶς
1643 430 1762 466 ἔκρυψεν
1781 431 1816 458 τὰ
1838 431 1886 458 λυ-

1092 481 1169 517 πηρὰ
1184 481 1233 508 καὶ
1248 480 1279 507 τὸ
1296 480 1382 516 ὄνομα
1397 479 1445 506 τοῦ
1469 479 1585 505 θανάτου
1601 477 1649 504 καὶ
1670 478 1721 513 τῆς
1744 477 1886 513 τελευτῆς,

1092 527 1139 553 καὶ
1153 526 1187 553 τὰ
1203 526 1305 562 σφόδρα
1320 524 1431 552 ποθεινὰ
1449 524 1607 559 ἀνι-έθηκεν,
1630 522 1791 557 ἐπιδημίαν
1816 523 1888 551 αὐτὰ

1092 572 1184 600 καλῶν
1209 572 1285 606 πρὸς
1309 570 1364 598 τὸν
1380 571 1507 605 Κύριον,
1524 569 1572 596 καὶ⁸
1586 569 1619 596 τὰ
1631 568 1760 596 δοκοῦντα
1772 568 1885 603 γλυκέα,

1092 619 1173 653 ἀφεὶς
1183 618 1216 646 τὰ
1230 619 1280 653 τῆς
1286 617 1371 653 ζωῆς,
1381 616 1437 644 ἀπὸ
1447 616 1501 643 τῶν
1509 615 1640 651 λυπηρῶν
1651 615 1723 642 αὐτὰ
1732 615 1884 650 ὠνόμασεν,

1091 663 1237 698 ἐκδημίαν
1255 663 1315 691 ἀπὸ
1340 662 1394 690 τοῦ
1422 662 1534 696 Κυρίου
1550 661 1601 696 τὴν
1625 660 1742 689 ἐνταῦθα
1767 660 1886 693 καλέσας

1092 709 1175 745 ζωήν.
1187 709 1274 736 Τοῦτο
1288 708 1317 736 δὲ
1332 708 1438 743 ἔλεγεν,
1453 708 1503 737 ἵνα,
1520 708 1617 743 μηδεὶς
1643 707 1715 742 μήτε
1736 707 1794 739 τοῖς
1815 715 1887 742 παρ.

1094 756 1154 783 οὖσι
1166 755 1363 791 ἐμφιλοχωρῇ,
1387 754 1455 783 ἀλλὰ
1469 754 1517 781 καὶ
1534 753 1695 790 βαρύνηται,
1724 753 1792 789 μήτε
1823 752 1888 788 μέλ-

1094 801 1148 829 λων
1172 801 1303 836 τελευτᾷν
1330 800 1462 836 λυπῆται,
1486 799 1534 827 καὶ
1557 798 1689 835 χαιρῃώς
1703 799 1744 830 εις
1775 798 1888 834 μείζονα.

1094 844 1186 871 ἀπιὼν
1199 844 1301 879 ἀγαθά.
1319 843 1388 872 Εἶτα
1404 845 1448 872 ἵνα
1463 845 1501 880 μή
1514 853 1556 876 τις
1573 845 1650 880 εἴπῃ,
1663 843 1771 871 ἀκούων
1783 844 1825 870 ὅτι
1837 843 1887 870 ἐκ·

255 898 319 918 rum
331 897 425 920 amare
439 894 575 922 teneatur,
592 890 641 918 sed
654 890 709 918 iiiis
723 890 815 926 potius
833 895 972 926 gravetur,
989 897 1040 923 nec

1096 890 1243 926 Βημοῦμεν
1256 890 1315 918 ἀπὸ
1332 890 1385 918 τοῦ
1398 891 1521 925 Κυρίου,
1548 890 1581 919 τι
1596 889 1683 917 ταῦτα
1694 889 1800 924 λέγεις;
1812 889 1889 917 ἀλλο-

255 935 408 963 moriturus
433 936 541 968 doleat,
575 936 623 967 sed
651 936 770 972 gaudeat
797 937 877 972 quasi
908 937 942 965 ad
970 937 1044 965 bona

255 981 363 1016 majora
400 981 589 1017 profecturus.
623 982 715 1011 Porro
742 991 779 1011 ne
808 983 870 1018 quis
907 983 1044 1016 audiens,

255 1028 453 1063 peregrith
465 1037 483 1056 ο
499 1028 624 1062 Domina,
640 1029 713 1057 dicat
727 1039 733 1057 :
752 1029 808 1057 Cur
828 1029 888 1057 haec
904 1029 1047 1064 loqueris?

1094 937 1245 973 τριούμεθα
1259 935 1306 964 οὖν
1321 937 1442 964 ἐνταῦθα
1459 937 1554 969 δντεςς
1572 935 1780 972 προδιώρθωσεν
1798 935 1887 969 τοῦτο,

1094 984 1198 1011 εἰπὼν·
1214 984 1269 1012 Διὰ
1289 984 1420 1017 πίστεως
1448 984 1506 1018 1μὰρ
1535 982 1760 1018 περιπατοῦμεν
1770 1003 1777 1014 ,
1792 983 1828 1009 οὐ
1840 982 1890 1010 διὰ

1095 1029 1259 1063 εἰδους.Ὦς
1270 1030 1295 1056 ει
1311 1029 1387 1064 ἔλεγε
1403 1037 1411 1046 ο
1427 1029 1488 1056 Καὶ
1503 1028 1619 1056 ἐνταῦθα
1633 1028 1682 1064 μὲν
1701 1027 1784 1055 αὑτοῦ
1794 1028 1888 1062 ἐσμεν,

256 1073 371 1102 alienati
404 1082 472 1110 ergo
510 1082 609 1103 sumus
635 1075 703 1104 dum
730 1075 778 1103 hic
806 1076 970 1104 versamur?
994 1075 1044 1104 hoc

1098 1075 1156 1103 ἀλλ’
1171 1075 1220 1111 οὐχ
1243 1075 1315 1103 οὕτω
1343 1075 1447 1110 σαφῶς.
1474 1074 1530 1102 Καὶ
1556 1074 1634 1101 τοῦτό
1651 1075 1725 1102 ἐστιν
1739 1073 1753 1100 ὁ
1771 1072 1889 1108 ἀλλαχοῦ

257 1120 404 1147 antevertit
431 1121 527 1148 dicens
550 1120 630 1148 :Per
648 1121 729 1156 [idem
765 1121 836 1149 enim
866 1121 1047 1152 ambulamus,

1098 1122 1202 1157 ἔλεγεν,
1221 1123 1256 1150 ἐν
1263 1122 1402 1156 ἐσόπτρῳ
1415 1121 1464 1149 καὶ
1474 1121 1510 1148 ἐν
1517 1121 1679 1156 αἰνίγματι.

255 1172 283 1195 et
299 1176 351 1195 non
365 1176 411 1203 per
434 1169 556 1204 speciem.
573 1169 612 1197 Ac
632 1169 656 1197 si
679 1170 805 1198 diceret:
822 1169 906 1204 Atqui
928 1170 974 1196 hic
987 1168 1100 1205 quidem
1123 1177 1221 1198 sumus
1247 1170 1336 1204 illius,
1354 1170 1403 1198 sed
1419 1177 1473 1197 non
1493 1169 1535 1198 sic
1569 1167 1728 1197 manifeste.
1762 1166 1798 1195 Et
1834 1165 1887 1195 hoc

255 1215 385 1252 estquod
403 1217 430 1244 in
458 1216 513 1244 alio
539 1216 601 1245 loco
630 1217 732 1251 aiebat,
763 1217 791 1244 in
817 1217 922 1252 speculo
949 1221 975 1245 et
1004 1217 1032 1244 in
1052 1218 1233 1254 aenigmate“.

294 1273 304 1289 ι
327 1262 441 1291 Placere
459 1263 511 1291 illi.
533 1274 542 1290 ι

276 1302 359 1336 'Nam
376 1309 448 1344 quod
471 1310 618 1345 quaritur,
642 1310 696 1338 hoc
717 1313 771 1344 est,
801 1310 915 1346 inquit:
938 1313 969 1338 ut
987 1310 1047 1338 sive

256 1350 325 1386 illic,
335 1354 392 1382 sive
403 1355 466 1383 istic
493 1356 649 1384 secundum
665 1356 816 1384 voluntatis
827 1357 887 1391 ejus
898 1356 1046 1384 consilium

256 1398 362 1433 vivant,
378 1405 405 1427 et
419 1408 454 1428 ne
470 1401 518 1428 tali
532 1405 666 1436 tantoque
681 1400 822 1429 desiderio
839 1401 921 1433 inito,
933 1405 1048 1437 propter

257 1447 492 1482 peregrinationis
514 1451 542 1476 et
558 1448 691 1476 absentiae
706 1455 813 1476 moram
828 1447 981 1476 indolcant.
1005 1446 1048 1475 Ex

257 1500 313 1527 quo
328 1493 409 1521 etiam
428 1494 517 1529 capite
538 1502 673 1523 summam
694 1495 764 1530 ipsis
782 1494 919 1522 honorum
937 1494 1045 1522 tribuit.

1136 1275 1146 1292 ι
1162 1265 1311 1301 Εὐάρεστοι
1326 1265 1401 1301 αὐτῷ
1412 1263 1517 1292 tivam»

1135 1311 1172 1339 Τὸ
1200 1312 1255 1347 γὰρ
1284 1311 1462 1347 ζητούμενον,
1488 1310 1568 1337 τοῦτό
1591 1311 1659 1341 ἐστι,
1693 1309 1776 1346 φησίν
1793 1317 1800 1325 ·
1815 1309 1848 1337 ἄν
1860 1318 1890 1337 τε

1099 1358 1159 1385 ἐκεῖ
1168 1355 1255 1394 ὦμεν,
1271 1358 1303 1385 ἄν
1315 1366 1344 1384 τε
1360 1357 1488 1390 ὲνταῦθα,
1504 1356 1576 1384 κατὰ
1598 1355 1712 1391 γνώμην
1727 1355 1810 1382 αὐτοῦ
1828 1356 1889 1392 ζῇν,

1100 1404 1149 1432 καί
1166 1404 1210 1431 ῐνα
1223 1403 1305 1431 πάλιν
1322 1403 1360 1439 μὴ
1373 1404 1412 1435 εἰς
1431 1404 1566 1438 τοσαύτην
1585 1402 1708 1433 ἐλθόντες
1730 1400 1890 1436 ἐπιθυμίαν,

1099 1450 1240 1477 λυπῶνται
1254 1449 1322 1485 πρὸς
1337 1450 1387 1484 τὴν
1405 1448 1535 1485 μέλλησιν
1552 1449 1602 1484 τῆς
1616 1447 1760 1483 ἐκδημίας.
1780 1445 1889 1474 Ἐντεῦ-

1101 1493 1146 1521 θεν
1159 1494 1209 1530 ἥδη
1220 1494 1329 1521 δίδωσιν
1347 1493 1440 1526 αὐτοῖς
1452 1493 1483 1520 τὺ
1498 1493 1646 1528 κεφάλαιον
1661 1493 1716 1519 τῶν
1735 1492 1837 1520 καλῶν.
1854 1491 1890 1519 Tt

257 1526 325 1566 Nam
346 1540 410 1574 quid
424 1526 496 1568 istud
512 1545 565 1574 est,
581 1540 652 1569 bene
670 1526 798 1576 placere?
810 1539 870 1567 Non
885 1540 959 1567 enim
976 1541 1044 1568 sim-

1097 1540 1127 1568 δὲ
1140 1526 1219 1567 sobrii
1246 1541 1304 1567 ἐστι
1325 1539 1373 1574 τὺ,
1395 1526 1559 1579 εὐαρέστους
1589 1536 1677 1572 εἷναις
1693 1538 1762 1566 Οὐδὲ
1786 1538 1841 1574 γὰρ
1859 1537 1892 1564 τὸ

257 1585 368 1620 pliciter
392 1587 539 1622 emigrare,
570 1588 623 1615 hoc
640 1587 743 1615 bonum
761 1586 859 1620 fuerit;
876 1585 924 1614 sed
940 1586 963 1614 si
977 1586 1048 1623 grati

258 1632 423 1668 probatique
439 1633 635 1662 abscedamus.

293 1677 376 1705 Vens.
395 1678 436 1706 Ν).
453 1687 463 1704 ι
481 1679 582 1707 Omnes
594 1679 668 1707 enim
684 1686 736 1707 nos
750 1678 924 1707 manifestari
938 1681 1048 1714 oportet

259 1727 322 1750 ante
336 1723 457 1751 tribunal
471 1723 587 1758 Christi,
602 1729 632 1752 ut
653 1725 756 1753 referat
775 1725 966 1760 unusquisque
982 1731 1048 1761 pro-

259 1769 319 1804 pria
349 1769 497 1805 corporis,
530 1775 614 1806 prout
637 1771 736 1807 gessit,
762 1771 821 1800 sive
846 1772 960 1804 bonum,
987 1770 1048 1799 sive

259 1813 372 1843 malum.
389 1824 399 1841 ι

294 1859 526 1896 Quandoquidem
540 1861 654 1898 largitio
670 1861 806 1890 bonorum
818 1870 874 1890 non
891 1864 932 1892 sic
946 1864 1048 1893 excitat

259 1905 426 1940 auditorem,
448 1907 490 1934 uti
504 1908 684 1936 comminatio
707 1916 864 1944 pmnarum,
890 1911 1049 1939 necessario

260 1950 402 1986 inceptum
421 1960 576 1981 sermonem
591 1953 635 1981 his
650 1955 744 1982 verbis
762 1955 892 1983 absolvit.
909 1956 1048 1985 Caeterum

259 1995 422 2024 incutiendo
445 1998 584 2032 timorem,
604 1999 745 2027 Christum
771 2007 828 2028 non
852 2001 1047 2036 praetermisit:

259 2041 326 2075 quin
348 2042 385 2068 ita
400 2043 548 2078 loquendo,
564 2047 622 2071 tum
637 2044 807 2078 laborantes,
821 2050 878 2073 tum
896 2047 1048 2082 exagitatos

259 2086 359 2122 injecta
375 2096 422 2123 spe
434 2088 526 2123 erigit,
538 2095 566 2117 ct
578 2097 625 2119 cos
637 2091 684 2126 qui
696 2091 867 2125 defecerunt,
882 2092 960 2120 illato
973 2097 1050 2121 metu

259 2131 451 2166 diligentiores
470 2134 570 2162 reddit.

296 2178 378 2206 Vens.
396 2179 440 2206 Η.
455 2188 465 2206 ι
481 2180 608 2208 Scieutes
620 2189 686 2216 ergo
699 2182 826 2210 timorem
843 2183 949 2211 Domini
962 2183 1048 2212 homi-

259 2223 342 2251 nibus
373 2225 548 2254 suademus:
569 2225 623 2255 Deo
651 2233 742 2255 autem
771 2227 909 2257 manifesti
938 2237 1047 2258 sumus.

261 2269 350 2305 Spero
362 2275 454 2298 autem
470 2275 497 2299 et
515 2272 542 2299 in
560 2273 742 2301 conscientiis
764 2275 865 2304 vestris
880 2275 1046 2305 manifestos

259 2324 312 2345 IIOS
327 2324 399 2345 8858.
421 2326 430 2343 I

296 2362 365 2390 Cum
394 2371 607 2399 cognoscamus,
641 2366 740 2402 inquit,
769 2368 894 2397 terribile
924 2369 1048 2398 tribunal

261 2408 340 2442 illud,
357 2415 469 2443 operam
483 2417 592 2437 omnem
609 2418 756 2446 ponamus,
772 2418 802 2440 ut
814 2414 992 2442 occasionem
1005 2415 1047 2443 vei

260 2453 456 2483 oﬂ‘endiculum
470 2455 574 2483 nemini
588 2455 696 2484 demus.

298 2501 378 2536 136
393 2499 478 2529 Vens.
499 2501 542 2529 12.
562 2510 572 2528 ι
595 2501 653 2530 Non
670 2503 743 2530 enim
759 2504 857 2532 iterum
874 2508 1051 2536 commenda-

261 2554 324 2574 mus
336 2554 388 2574 nos
402 2547 493 2580 vobis,
515 2547 565 2576 sed
581 2549 757 2578 occasionem
779 2550 879 2580 damus
893 2552 974 2582 vobis
989 2554 1050 2590 glo-

262 2591 353 2620 riandi
368 2599 418 2627 pro
431 2591 524 2625 nobis,
538 2595 570 2621 ut
587 2593 713 2623 habeatis
726 2595 759 2622 ad
774 2603 834 2624 eos.
855 2605 865 2622 I

297 2636 366 2664 Vide
382 2644 438 2672 quo
456 2642 537 2672 pacto
559 2639 746 2674 suspicionem
764 2641 897 2670 continuo
913 2642 995 2678 tollit,
1016 2652 1051 2673 ne

261 2681 390 2709 videatur
402 2681 524 2716 seipsum
535 2682 663 2712 laudibus
676 2683 785 2713 eil'erre.

301 2737 311 2753 ‹
332 2728 385 2761 Qui
397 2728 427 2756 in
440 2728 508 2756 facie
523 2729 688 2764 gloriantur,
700 2735 729 2759 et
744 2740 799 2761 non
813 2733 841 2761 in
857 2734 949 2763 corde.
970 2744 980 2761 ι

300 2769 357 2798 Hoc
370 2776 423 2803 est,
449 2772 541 2806 quoad
556 2781 588 2801 ea
607 2782 670 2810 qua:
683 2777 773 2806 oculis
787 2783 957 2814 cernuntur,
973 2783 1001 2808 et
1015 2779 1050 2807 ad

267 2817 488 2845 ostentationem.

314 2872 324 2888 '
344 2871 431 2901 iCor.
449 2880 500 2906 xu,
517 2874 560 2901 1'5.

1098 1588 1215 1622 ἐξελθεῖν
1238 1588 1332 1622 ἁπλῶς
1360 1588 1452 1620 καλὸν.
1476 1587 1544 1623 ἀλλὰ
1572 1588 1662 1616 καὶτὸ
1681 1586 1891 1623 εὐδοκιμοῦντας

1098 1634 1240 1662 ἀπελθεῖν.

1136 1689 1146 1707 ι
1159 1681 1229 1713 Τοὺς
1241 1680 1296 1715 γὰρ
1311 1680 1416 1711 πάντας
1428 1681 1506 1716 ἡμᾶς
1522 1680 1716 1716 φανερωθῆναι
1729 1680 1770 1707 δεῖ
1784 1680 1890 1716 ἐμπρο-

1099 1725 1163 1753 σθεν
1176 1725 1224 1753 τοῦ
1242 1726 1362 1762 βήματος
1378 1725 1425 1753 τοῦ
1440 1725 1572 1762 Χριστοῦ,
1597 1725 1640 1753 ἵνα
1658 1727 1807 1762 κομίσηται
1827 1725 1892 1752 ἐκα-

1099 1781 1162 1804 στος
1175 1772 1210 1799 τὰ
1227 1773 1281 1799 ἴδια
1309 1771 1356 1799 τοῦ
1389 1772 1527 1808 σώματος,
1553 1771 1622 1808 πρὸς
1638 1772 1657 1799 ἃ
1671 1771 1807 1808 ἔπραξεν,
1834 1771 1890 1799 εἴτε

1098 1818 1211 1853 ἀγαθὸν,
1229 1818 1286 1846 εἴτε
1299 1817 1396 1846 κακόν.
1410 1827 1420 1844 ι
1732 1822 1738 1825 ‘

1139 1864 1252 1900 Ἐπειδὴ
1271 1864 1320 1900 οὐχ
1339 1863 1412 1891 οὕτω
1434 1862 1563 1900 διεγείρει
1588 1863 1634 1890 τὸν
1657 1861 1795 1898 ἀκροατὴν
1807 1863 1824 1897 ὴ
1836 1861 1891 1888 τῶν

1099 1909 1211 1945 ἀγαθῶν
1224 1909 1298 1941 δόσις
1308 1929 1315 1942 ,
1331 1909 1368 1941 ὡς
1384 1909 1401 1946 ἡ
1415 1908 1472 1935 τῶν
1499 1909 1637 1936 κολάσεων
1664 1907 1773 1943 ᾲπειλὴ,
1803 1908 1891 1942 ἀναγ-

1099 1956 1185 1988 καίως
1196 1956 1313 1984 ἐνταῦθα
1330 1955 1484 1983 καταπαύει
1497 1955 1543 1982 τὸν
1557 1955 1646 1990 λόγον.
1664 1954 1720 1989 Καὶ
1737 1953 1820 1981 πάλιν
1845 1954 1891 1980 ὲν-

1100 2001 1189 2030 ταῦθα
1205 2001 1306 2036 φοϐῶν,
1319 2001 1350 2027 οὐ
1366 2000 1452 2036 χωρὶς
1462 2000 1508 2027 τὸν
1522 2000 1640 2036 Χριστὸν
1655 1999 1772 2026 τέθεικε.
1798 1998 1892 2025 Ταῦτα

1099 2049 1127 2076 δὲ
1142 2049 1248 2084 λέγων,
1277 2048 1325 2075 καὶ
1339 2047 1402 2079 τοὺς
1416 2048 1595 2083 κεκμηκότας
1617 2047 1664 2073 καὶ
1693 2045 1891 2080 ἐλαυνομένους

1099 2094 1227 2131 ἀνίστησι
1253 2094 1314 2125 ταῖς
1341 2092 1456 2126 ἐλπίσι,
1485 2092 1534 2124 καὶ
1565 2092 1629 2125 τοὺς
1659 2090 1892 2125 ἀνα-πεπτωκότας

1100 2139 1328 2174 σπουδαιοτέρους
1339 2138 1378 2174 τῷ
1396 2139 1473 2174 φόὸῳ
1488 2139 1571 2166 ποιεῖ.

1100 2188 1114 2192 ”
1137 2196 1148 2219 ς
1170 2187 1278 2218 Εἰδότες
1294 2184 1340 2214 οὗν
1359 2187 1405 2213 τὸν
1421 2186 1503 2221 φόϐον
1515 2186 1564 2213 τοῦ
1592 2185 1707 2223 Κυρίου,
1731 2184 1892 2221 ἀνθρώπους

1101 2231 1251 2267 πείθομεν,
1275 2231 1334 2267 Θεῷ
1347 2231 1375 2259 δὲ
1404 2231 1633 2267 πεφανερώμεθα.
1652 2230 1769 2263 Ἐλπίζω
1794 2229 1892 2263 δὲκαὶ

1100 2278 1130 2306 ἐν
1141 2278 1201 2310 ταῖς
1217 2277 1404 2314 συνειδήσεσιν
1419 2277 1496 2313 ὑμῶν
1507 2275 1728 2313 πεφανερῶσθαι.
1750 2284 1759 2302 ι

1135 2365 1173 2393 Τὸ
1196 2366 1372 2402 δικαστήριον
1403 2365 1493 2393 ἐκεῖνο
1504 2366 1535 2392 τὸ
1548 2363 1664 2401 φοϐερὸν
1693 2363 1891 2399 γινώσκοντες,

1102 2412 1180 2447 φησὶ,
1197 2412 1287 2439 πάντα
1304 2412 1470 2448 πράττωμεν
1481 2404 1557 2439 ὥστε
1567 2410 1605 2447 μὴ
1614 2410 1705 2438 δοῦναι
1716 2410 1812 2446 λαὸὴν,
1829 2409 1892 2437 οὔτε

1102 2459 1283 2495 πρόσκομμα.

1141 2513 1151 2532 ι
1166 2505 1205 2532 Οὐ
1221 2504 1276 2540 γὰρ
1291 2503 1373 2531 πάλιν
1385 2503 1501 2536 ἑαυτοὺς
1515 2503 1712 2539 συνιστάνομεν
1734 2503 1808 2538 ὑμῖν,
1824 2501 1887 2535 ἀλλᾶ

1102 2550 1231 2587 ἀφορμὴν
1242 2550 1358 2583 διδόντες
1374 2550 1439 2586 ὑμῖν
1452 2550 1631 2585 καυχήματος
1654 2548 1724 2584 ὑπὲρ
1742 2547 1831 2585 ἡμῶν,
1848 2546 1889 2574 ἵνα

1103 2597 1180 2633 ἔχετε
1192 2597 1259 2633 πρὸς
1266 2595 1341 2628 τούς.
1353 2605 1363 2622 ι
1747 2590 1765 2598 ⁹

1141 2642 1213 2678 ”ορα
1246 2641 1305 2673 πῶς
1328 2640 1451 2676 συνεχῶς
1478 2640 1633 2677 διορθοῦται
1659 2641 1708 2677 τὴν
1732 2639 1779 2668 τοῦ
1803 2639 1893 2667 δοκεῖν

1103 2686 1287 2723 ἐγκωμιάζειν
1303 2685 1398 2713 ἑαυτὸν
1410 2686 1548 2718 ὑπόνοιαν.

1141 2742 1152 2765 ι
1164 2733 1208 2764 Ἑν
1218 2732 1357 2769 προσώπῳ
1371 2733 1578 2770 καυχωμένους,
1597 2733 1644 2760 καὶ
1658 2733 1688 2759 οὐ
1703 2732 1812 2767 καρδίᾳ.
1826 2740 1835 2756 I

1138 2778 1295 2812 Τουτέστιν,
1323 2778 1353 2809 ἐν
1370 2778 1426 2811 τοῖς
1453 2778 1614 2816 ὁρωμένοις,
1636 2778 1682 2807 καὶ
1709 2778 1777 2814 πρὸς
1792 2775 1894 2810 ἐπίδει-

1105 2825 1156 2860 ειν.
