2078 3116
277 167 329 198 735

847 166 877 196 S.
898 165 1057 196 JOANNIS
1077 165 1291 199 DAMASCENI

1847 167 1898 199 736

275 221 376 256 opiﬁcii
402 227 488 256 genus
507 219 668 248 concessit:
695 227 814 255 superne
841 220 979 255 siquidem
1013 228 1061 256 per

1114 227 1158 252 θεν
1185 227 1387 264 δημιουργίαν⁸
1416 228 1462 254 καὶ
1487 227 1541 262 γὰρ
1568 225 1671 254 ἄνωθεν
1696 223 1830 260 ἐγεννήθη
1854 224 1899 250 διὰ

277 266 410 301 Spiritum
427 265 534 300 genilus
557 269 608 291 est.
630 264 812 297 Quamobrem
834 266 916 292 etiam
934 266 971 292 ait
989 265 1062 292 :De-

276 312 372 339 bemus
394 312 416 337 ci
442 311 532 338 vivere
545 330 552 342 ,
568 318 624 337 non
641 311 729 338 solum
745 312 810 345 quia
827 319 874 346 pro
893 312 970 339 nobis
989 319 1061 338 mor-

277 361 330 384 tem
360 357 491 391 oppetiit,
519 365 573 383 non
605 357 685 385 modo
719 358 781 392 quia
815 359 899 384 uestri
926 358 1062 392 primitias

275 403 416 435 excitavit,
445 403 492 430 sed
510 403 574 437 quia
590 403 617 430 in
632 403 713 430 aliam
731 410 838 438 quoque
861 404 943 430 vitam
969 407 1061 430 trans-

275 447 386 475 ivimus.

313 501 322 518 ι
349 492 448 521 Vetera
481 494 660 521 transierunt.
688 492 758 520 Ecce
782 491 853 520 iacta
880 497 945 520 sunt
969 492 1062 519 omnia

275 545 356 566 nava.
378 548 387 564 ι

311 586 365 612 Aut
380 586 412 613 de
427 585 546 620 peccatis
562 585 693 620 loquitur,
713 588 760 611 aut
779 585 811 610 de
825 583 948 611 Judaicis
963 582 1062 610 ritibus

276 630 423 659 universis.
438 632 494 658 lmo
507 636 536 658 et
550 632 606 658 haec
625 635 652 658 et
670 631 716 657 illa
730 631 830 657 innuit.

310 675 393 703 Vens.
408 676 452 703 18.
470 685 479 702 ι
497 675 594 703 Omnia
610 680 701 702 autem
717 683 748 702 ex
766 675 832 702 Deo.
854 684 863 700 ι

310 720 376 748 Nam
396 725 424 748 et
437 721 551 755 ipsumet
562 721 727 748 condonatio
739 725 923 755 peccatorum,
945 719 1059 746 libertas

274 774 392 802 quoque,
408 771 435 794 et
452 767 611 801 incorrupta
625 765 758 794 claritudo
774 773 821 800 per
837 773 900 793 eum
917 765 998 793 nobis
1009 765 1060 792 do-

274 817 337 839 nata
354 817 426 840 Slllll.

312 867 322 883 ι
342 857 393 891 Qui
423 866 473 886 nos
496 858 684 886 reconciliavit
708 858 759 885 sibi
782 865 831 893 per
853 857 1003 889 Christum,
1032 860 1059 883 ct

275 902 350 930 dedit
366 903 444 931 nobis
460 904 617 939 mysterium
631 903 875 931 reconciliationis.
891 901 987 938 [Vuns.
1002 901 1060 937 19.]
1077 896 1097 923 Β

275 948 410 980 Quoniam
423 949 533 984 quidem
557 949 627 976 Deus
641 953 701 976 erat
724 949 749 975 in
773 948 884 976 Christo
900 968 908 980 ,
928 947 1059 974 mundum

275 994 454 1021 reconcilians
469 994 533 1026 sibi,
551 1001 605 1021 non
623 999 753 1029 reputans
768 994 822 1021 illis
833 994 936 1021 delicta
949 1000 1058 1026 eorum,

274 1042 301 1066 et
315 1046 418 1073 ponens
430 1040 458 1066 in
475 1040 553 1067 nobis
569 1041 681 1067 verbum
697 1040 941 1067 reconciliationis.
960 1049 970 1065 ι

309 1085 376 1113 Nam
401 1087 626 1115 reconciliatione
649 1087 740 1114 omnia
759 1087 840 1114 nobis
857 1087 927 1114 bona
950 1086 1061 1114 ailluxe—

274 1136 348 1159 runt.
366 1131 563 1160 Reconciliatio
587 1136 678 1160 autem
703 1133 823 1160 amicitia
849 1136 900 1160 est.
919 1132 971 1165 Qui
995 1139 1061 1166 ergo

273 1185 324 1206 nos
335 1178 438 1205 amicos
453 1178 528 1211 fecit,
549 1178 572 1206 is
584 1178 646 1206 aliis
663 1186 713 1206 nos
733 1178 813 1206 bonis
828 1178 962 1214 implevit.
976 1178 1060 1212 Atqui

273 1224 318 1252 hic
336 1225 418 1252 etiam
433 1225 553 1252 ostendit
567 1225 727 1260 dignitatem
749 1225 948 1260 apostolorum,
969 1232 1061 1259 quan-

273 1275 330 1297 tum
348 1270 414 1298 item
436 1270 574 1304 negotium
595 1271 636 1298 cis
651 1271 832 1298 commissum
856 1271 903 1304 sit,
926 1275 954 1298 et
977 1277 1060 1305 quam

273 1315 374 1343 eximia
388 1316 498 1343 dilectio
515 1315 561 1343 Dei
578 1316 672 1344 fuerit.

312 1360 393 1390 Vens.
405 1361 450 1388 ΞΟ.
466 1371 475 1387 ι
490 1361 542 1388 Pro
552 1361 661 1390 Christo
674 1370 740 1398 ergo
755 1362 890 1398 legatione
908 1362 1060 1398 iungimur,

274 1410 402 1441 tanquam
423 1407 480 1434 Deo
491 1407 655 1435 exhortante
671 1416 718 1443 per
735 1416 797 1436 nos.
810 1408 993 1437 Obsecremus
1009 1415 1060 1443 pro

273 1452 394 1481 Christo.
416 1462 425 1479 ι

309 1498 390 1526 Pater
402 1499 500 1527 Filium
522 1499 607 1533 misit,
625 1500 726 1535 inquit,
741 1505 771 1528 ut
793 1500 924 1528 suaderet
945 1503 973 1528 et
990 1499 1061 1534 lega-

1114 276 1282 310 Πνεύματος,
1308 274 1378 301 ὥστε
1401 274 1448 300 καὶ
1471 273 1514 299 διὰ
1530 271 1618 304 τοῦτο,
1642 271 1734 306 φησὶν,
1754 269 1899 304 ὀφείλομεν

1113 323 1188 358 αὖτῷ
1209 323 1267 357 ζῇν,
1281 322 1329 356 οὐχ
1351 321 1392 347 ὅτι
1406 319 1542 346 ἀπὲῡανεν
1556 317 1629 352 ὑπὲρ
1642 316 1721 352 ἡμῶν
1735 316 1826 350 μόνον,
1843 315 1898 341 οὐδ’

1111 370 1152 395 ὃτι
1174 368 1323 402 ἀνέστησεν
1347 365 1425 400 ἡμῶν
1445 366 1494 400 τὴν
1514 363 1642 399 ἀπαρχὴν
1661 361 1740 398 μόνον
1753 367 1761 375 '
1778 359 1836 387 ἀλλ’
1857 360 1897 386 δτι

1112 414 1160 441 καὶ
1172 414 1212 445 εἰς
1224 411 1307 448 ἄλλην
1320 411 1439 447 ἤλθομεν
1452 410 1535 446 ζωήν.

1150 513 1159 528 ι
1176 501 1218 529 Τὰ
1244 501 1345 536 ἀρχαῖα
1373 499 1523 535 παρῆλθεν.
1560 497 1626 524 ’1δοῦ
1645 497 1740 530 γέγονε
1760 493 1841 521 καινὰ
1864 493 1899 520 τὰ

1112 549 1213 576 πάντα..
1233 557 1242 573 ι

1148 593 1183 617 Ἢ
1194 591 1227 618 τὰ
1242 590 1427 626 ἁμαρτήματά
1450 597 1542 623 φησιν,
1561 587 1576 622 ἢ
1597 588 1629 612 τὰ
1649 585 1782 613 Ἰουδαϊκὰ
1798 585 1897 617 πάντα,

1113 637 1213 672 μᾶλλον
1226 636 1255 662 δὲ
1273 636 1322 662 καὶ
1335 635 1422 662 ταῦτα
1438 635 1551 661 κάκεῖνα
1564 633 1648 667 λέγει.

1150 690 1159 706 ι
1177 679 1218 706 Τὰ
1229 680 1256 706 δὲ
1276 680 1366 707 πάντα
1379 681 1412 705 ἐκ
1424 678 1472 705 τοῦ
1487 677 1566 704 θεοῦ.
1589 686 1599 703 ›

1146 726 1202 753 Καὶ
1215 725 1270 761 γὰρ
1283 725 1353 761 αὕτη
1369 726 1386 760 ἡ
1398 724 1496 758 ἄφεσις
1513 723 1568 750 τῶν
1583 723 1801 758 ἁμαρτημάτων,
1819 721 1865 748 καὶ
1881 722 1898 756 ἡ

1111 772 1271 807 ἐλευθερία,
1287 771 1333 799 καὶ
1357 772 1373 807 ἡ
1389 769 1452 803 δόξα
1471 770 1488 806 ἡ
1510 769 1661 806 ἄφθαρτος,
1682 768 1717 795 δι’
1732 767 1815 795 αὑτοῦ
1833 768 1899 803 ἡμῖν

1110 817 1268 853 δεδώρηται.

1149 873 1158 889 ι
1175 863 1227 890 Τοῦ
1241 862 1456 895 καταλλάξαντος
1469 861 1544 896 ἡμᾶς
1560 859 1648 894 ἑαυτῷ
1666 859 1710 886 διὰ
1732 858 1820 894 Ἰησοῦ
1832 858 1899 892 Χρι-

1112 909 1186 941 στοῦ,
1198 909 1246 935 καὶ
1257 908 1347 940 δόντος
1358 908 1423 943 ἡμῖν
1434 907 1483 942 τὴν
1496 906 1633 933 διακονίαν
1648 905 1698 939 τῆς
1712 903 1898 937 καταλλαγῆς,

1111 956 1149 988 ὡς
1164 954 1281 986 ὅτιθεὸς
1297 952 1332 988 ἦν
1347 955 1375 980 ὲν
1390 952 1501 988 Χριστῷ
1515 952 1618 986 κόσμον
1629 950 1825 977 καταλλάσσων
1835 949 1899 975 ἑαυ-

1111 1001 1160 1036 τῷ,
1178 1001 1216 1037 μὴ
1229 999 1403 1035 λογιζόμενος
1414 999 1508 1029 αὐτοῖς
1523 998 1558 1024 τὰ
1572 996 1785 1032 παραπτώματα
1797 994 1898 1027 αὐτῶν,

1111 1049 1160 1076 καὶ
1175 1048 1290 1083 Θὲμενος
1303 1048 1332 1073 ὲν
1350 1047 1417 1081 ἡμῖν
1427 1046 1472 1072 τὸν
1487 1045 1567 1079 λόγον
1586 1045 1636 1079 τῆς
1649 1042 1834 1077 καταλλαγῆς.
1851 1051 1860 1067 ι

1153 1093 1219 1120 ’Λπὺ
1237 1093 1290 1128 γὰρ
1306 1092 1356 1127 τῆς
1372 1090 1545 1126 καταλλαγῆς
1560 1089 1649 1117 πάντα
1669 1089 1732 1124 ὑμῖν
1750 1087 1852 1123 ὑπῆρξε
1866 1087 1901 1113 τὰ.

1111 1139 1219 1174 ἀγαθά·
1234 1137 1392 1172 καταλλαγὴ
1408 1136 1436 1163 δέ
1454 1137 1527 1163 ἐστιν
1551 1136 1568 1170 ἡ
1585 1135 1671 1169 φιλία.
1685 1133 1790 1161 Οὐκοῦν
1806 1133 1899 1167 φίλους

1111 1185 1186 1220 ἡμᾶς
1200 1184 1316 1219 ποιήσας
1329 1183 1419 1215 αὐτὸς,
1434 1182 1482 1208 καὶ
1495 1181 1550 1207 τῶν
1563 1180 1652 1208 ἄλλων
1672 1179 1820 1214 ἐνέπλησεν
1832 1179 1900 1212 ἀγα-

1112 1232 1177 1259 θῶν.
1201 1231 1342 1258 Δείκνυται
1358 1229 1387 1255 δὲ
1413 1230 1459 1256 καὶ
1477 1228 1508 1255 τὸ
1530 1227 1585 1254 τῶν
1604 1226 1762 1254 ἀποστόλων
1779 1225 1898 1259 ἀξίωμα,

1112 1277 1204 1312 ἡλίκον
1218 1277 1334 1311 πρᾶγμα
1351 1273 1573 1310 ἑγχειρίσθησαν,
1594 1274 1642 1300 καὶ
1652 1273 1702 1308 τῆς
1718 1272 1828 1307 ἀγάπης
1852 1269 1899 1297 τοῦ

1112 1323 1180 1350 Θεοῦ
1197 1323 1213 1358 ἡ
1229 1321 1377 1358 ὑπερϐολή.

1151 1379 1160 1395 ι
1181 1368 1267 1404 ’Υπὲρ
1290 1367 1410 1403 Χριστοῦ
1429 1364 1476 1393 οὖν
1493 1365 1692 1402 πρεσϐεύομεν,
1707 1364 1744 1396 ὡς
1768 1363 1815 1390 τοῦ
1831 1363 1899 1389 Θεοῦ

1111 1414 1334 1452 παρακαλοῦντος
1350 1413 1383 1440 δι’
1399 1412 1479 1448 ἡμῶν
1490 1420 1497 1428 ·
1513 1411 1631 1447 δεόμεθα
1649 1411 1719 1446 ὑπὲρ
1734 1408 1865 1445 Χριστοῦ.
1887 1419 1896 1435 ι

1149 1504 1292 1540 Ἔπεμψεν
1306 1504 1352 1531 τὸν
1363 1503 1439 1536 1"le,
1456 1503 1550 1539 φησὶν,
1562 1502 1576 1528 ὁ
1588 1500 1685 1536 Πατὴρ
1709 1499 1900 1536 παρακαλέσαι

274 1545 351 1573 tione
375 1553 425 1581 pro
455 1553 485 1574 se
511 1544 672 1581 iungeretur
696 1547 767 1581 apud
794 1547 936 1574 hominum
960 1552 1058 1582 genus.

1114 1551 1161 1579 καὶ
1180 1549 1401 1586 πρεσϐεύσασθαι
1426 1548 1494 1584 πρὸς
1507 1548 1557 1583 τὴν
1571 1547 1627 1574 τῶν
1651 1546 1804 1582 ἀνθρώπων
1818 1545 1901 1579 φύσιν

274 1590 344 1624 Quia
369 1592 453 1627 igitur
476 1596 541 1626 post
567 1592 734 1620 oecisionem
757 1592 803 1620 ille
820 1592 908 1625 abiit,
931 1598 981 1619 nos
996 1598 1061 1618 vero

275 1636 437 1671 legatiOnem
458 1637 648 1672 suscepimus,
667 1638 742 1665 illius
767 1638 826 1665 vice
850 1641 878 1664 et
904 1644 954 1672 pro
980 1636 1061 1664 Patre

275 1689 326 1710 vos
349 1683 535 1709 exhortamur.
568 1681 657 1709 Tanto
688 1687 779 1710 autem
814 1687 943 1710 naturam
972 1681 1062 1710 homi-

276 1734 342 1754 num
366 1726 470 1753 honore
503 1726 588 1759 auxit,
611 1731 641 1753 ut
661 1726 760 1754 Fihum
797 1727 955 1758 tradiderit,
980 1726 1062 1762 idque

276 1779 338 1800 eum
355 1777 502 1806 pramossct
524 1772 718 1800 immolandum
735 1782 742 1800 :
770 1773 884 1808 insuper
907 1781 957 1800 nos
976 1773 1060 1800 vestri

275 1825 360 1846 causa
392 1818 495 1846 creavit
523 1820 675 1853 apostolos.
713 1819 895 1852 Quamobrem
938 1819 1061 1853 apprime

275 1865 357 1894 etiam
374 1870 447 1893 recte
460 1865 568 1893 diccbat
584 1874 591 1892 :
609 1864 706 1893 Omnia
721 1869 827 1900 propter
839 1873 893 1891 vos.
908 1864 986 1898 Quod
998 1872 1061 1899 ergo

276 1911 325 1944 ait,
341 1910 396 1938 Pro
411 1910 517 1938 Christo
541 1911 673 1946 legatione
697 1911 852 1946 fungimur,
869 1911 939 1938 idem
962 1914 1014 1942 est,
1029 1917 1062 1937 ac

275 1957 386 1985 Christo
411 1958 594 1985 successimus
610 1962 640 1985 ut
656 1965 770 1985 munera
792 1957 879 1993 ipsius
898 1964 1062 1992 exsequere‘

274 2011 346 2032 niur.
361 2003 439 2037 Quod
463 2003 486 2031 si
511 2003 537 2031 id
557 2004 605 2031 tibi
624 2012 752 2039 magnum
768 2003 886 2036 videtur,
903 2004 956 2030 hoc
978 2003 1061 2030 etiam

275 2050 350 2083 audi,
370 2050 443 2085 quod
459 2050 516 2076 vice
529 2049 618 2077 Patris
633 2049 700 2077 illud
718 2053 859 2084 praestant.
876 2049 982 2077 Idcirco
997 2051 1062 2076 sub-

273 2095 381 2131 iunxit,
413 2095 540 2130 tanquam
574 2094 629 2121 Deo
655 2094 811 2121 exhortante
844 2102 891 2128 per
918 2102 976 2121 nos.
1002 2092 1062 2121 Non

275 2142 364 2169 solum
390 2142 462 2168 enim
486 2149 534 2176 per
562 2140 660 2168 Filium
686 2141 848 2168 adhortatus
875 2144 938 2173 est,
965 2147 1062 2167 verum

274 2190 355 2215 etiam
382 2195 430 2223 per
453 2196 515 2220 nos,
541 2187 586 2222 qui
618 2186 679 2214 Filii
707 2187 768 2222 ejus
796 2194 866 2222 opus
892 2186 1061 2221 excepimus.

1116 1598 1186 1633 ὑπὲρ
1203 1595 1295 1623 αὑτοῦ.
1328 1595 1404 1622 Ἐπεὶ
1427 1592 1473 1622 οὖν
1503 1593 1618 1629 σφαγεὶς
1641 1593 1746 1624 ἐκεῖνος
1767 1590 1900 1626 ἀπῆλθεν,

1115 1644 1195 1680 ἡμεῖς
1205 1643 1234 1669 δὲ
1248 1641 1399 1676 ἐδεξάμεθα
1422 1640 1471 1676 τὴν
1490 1640 1652 1675 πρεσϐείαν,
1677 1638 1725 1665 καὶ
1743 1638 1800 1665 ἀντ’
1817 1637 1900 1664 αὐτοῦ

1115 1689 1162 1715 καὶ
1179 1687 1248 1723 ὑπὲρ
1264 1686 1311 1714 τοῦ
1324 1685 1432 1721 Πατρδς
1451 1684 1668 1719 παρακαλοῦμεν
1685 1684 1766 1718 ὑμᾶς.
1781 1682 1902 1709 Τοσοῦτο

1114 1735 1228 1770 τιμᾶται
1244 1734 1275 1760 τὸ
1297 1732 1350 1760 τῶν
1373 1731 1525 1767 ἀνθρώπων
1538 1732 1626 1765 γένος,
1653 1732 1695 1758 ὅτι
1712 1730 1761 1757 καὶ
1775 1729 1821 1756 τὸν
1837 1729 1902 1755 Υἱὺν

1115 1781 1246 1814 ἐπέδωκε,
1258 1781 1305 1808 καὶ
1319 1779 1416 1812 ταῦτα,
1431 1778 1509 1810 εἰδὼς
1523 1779 1565 1805 ὃτι
1581 1778 1763 1812 σφαγήσεται,
1778 1777 1826 1803 καὶ
1835 1776 1903 1802 ἀπο.
1935 1782 1941 1795 ι

1116 1827 1224 1858 στόλους
1236 1826 1309 1862 ἡμᾶς
1323 1825 1355 1852 δι’
1372 1825 1444 1860 ὑμᾶς
1456 1824 1617 1860 πεποίηκεν.
1634 1823 1715 1849 Ὥστε
1728 1822 1842 1853 εἰκότως
1852 1822 1904 1849 καὶ

1115 1873 1202 1907 ἔλεγε,
1222 1871 1323 1899 Πάντα
1345 1871 1382 1898 δι’
1400 1870 1489 1906 ὑμᾶς.
1511 1870 1548 1896 Τὸ
1573 1867 1635 1902 οὖν,
1658 1867 1749 1902 ’Υπὲρ
1772 1867 1902 1902 Χριστοῦ

1115 1918 1328 1954 πρεσϐεύομεν,
1345 1916 1495 1948 τουτέστιν,
1521 1916 1582 1942 ἀντὶ
1605 1915 1654 1942 τοῦ
1673 1913 1792 1950 Χριστοῦ
1821 1914 1902 1948 ἡμεῖς

1115 1963 1290 1999 διεδεξάμεθα
1305 1963 1341 1990 τὰ
1357 1962 1474 1989 ἐκείνου.
1488 1962 1520 1988 Εἰ
1532 1961 1560 1988 δὲ
1579 1961 1651 1997 μέγα
1668 1969 1708 1987 σοι
1721 1959 1802 1987 τοῦτο
1817 1959 1901 1991 δοκεῖ,

1115 2011 1197 2038 ἄκουε
1212 2010 1260 2037 καὶ
1276 2010 1316 2037 ὅτι
1335 2009 1396 2036 ἀντὶ
1417 2008 1464 2036 τοῦ
1482 2007 1588 2043 Πατρδς
1605 2007 1685 2035 τοῦτο
1698 2006 1830 2034 ποιοῦσιν.
1853 2007 1902 2032 Διὰ

1115 2057 1170 2092 γὰρ
1191 2056 1270 2083 τοῦτο
1293 2055 1340 2082 καὶ
1367 2055 1527 2090 ἐπήγαγεν,
1547 2054 1588 2087 ὠς
1610 2053 1663 2081 τοῦ
1681 2053 1755 2080 Θεοῦ
1769 2060 1903 2087 παρακα-

1115 2101 1244 2134 λοῦντος
1253 2100 1290 2127 δι’
1307 2099 1401 2134 ἡμῶν.
1419 2099 1456 2125 οὐ
1467 2099 1522 2135 γὰρ
1533 2099 1578 2125 διὰ
1592 2099 1639 2126 τοῦ
1654 2098 1720 2125 Υἱοῦ
1735 2097 1818 2125 αὑτοῦ
1834 2106 1903 2134 παρ-

1116 2145 1227 2174 εκάλεσε
1239 2146 1329 2181 μόνον,
1347 2145 1415 2172 ἀλλὰ
1427 2146 1474 2171 καὶ
1483 2145 1516 2171 δι’
1530 2144 1610 2180 ήμῶν
1624 2145 1678 2171 τῶν
1699 2143 1747 2172 τοῦ
1774 2144 1839 2170 Υἱοῦ
1854 2144 1903 2170 αὑ·

1115 2192 1163 2220 τοῦ
1173 2192 1380 2228 ἀναδεξαμένων
1391 2192 1482 2227 ἔργον.
1496 2191 1589 2218 Ταῦτα
1606 2191 1634 2217 δὲ
1645 2191 1743 2224 λέγων,
1754 2190 1804 2225 τὴν
1818 2190 1904 2225 ὑπερ-

274 2235 379 2268 Quibus
413 2234 504 2261 verbis
537 2233 717 2261 humanitatis
753 2233 800 2260 Dei
834 2232 1061 2268 exsuperantiam

1115 2239 1196 2274 ὃολὴν
1213 2239 1397 2266 ἐπιδείκνυται
1409 2239 1460 2274 τῆς
1471 2237 1677 2273 φιλανθρωπίας
1692 2236 1740 2264 τοῦ
1757 2235 1836 2263 Θεοῦ.

274 2279 456 2308 demonstrat.

311 2335 320 2351 ι
340 2324 568 2353 Reconciliamini
581 2324 646 2352 Deo.
664 2333 673 2350 ι

308 2370 367 2398 Non
395 2370 474 2401 dixit.
500 2371 582 2398 Deum
603 2370 681 2398 vobis
705 2371 890 2399 reconciliate.
908 2370 968 2398 Non
987 2370 1060 2398 enim

274 2417 320 2445 ille
331 2421 373 2444 est
386 2416 431 2451 qui
448 2415 606 2442 inimicitias
623 2415 702 2450 gerit,
721 2415 768 2442 sed
786 2423 844 2443 vos.

308 2462 391 2490 Vens.
409 2462 453 2489 22.
471 2461 538 2489 Eum
555 2462 628 2490 enim
644 2462 691 2497 qui
706 2470 762 2489 non
777 2467 890 2490 noverat
901 2465 1057 2497 peccatum,

274 2517 324 2546 pro
339 2510 418 2537 nobis
434 2513 577 2544 peccatum
593 2508 667 2535 fecit.
686 2518 696 2534 ι

307 2555 373 2588 Quae
401 2555 538 2582 anteriora
561 2559 642 2586 sunt,
665 2554 766 2588 inquit,
791 2562 846 2581 non
867 2561 964 2587 narro,
987 2554 1061 2589 quod

274 2602 448 2629 contumeliis
464 2601 610 2628 atl‘cccritis
625 2609 688 2628 eum
704 2601 750 2635 qui
773 2600 841 2628 nihil
865 2600 972 2636 injuria:
990 2601 1064 2628 intu-

275 2647 355 2681 lerat,
371 2648 473 2683 quique
486 2648 577 2682 potius
591 2654 640 2674 vos
655 2648 734 2674 bonis
758 2651 882 2679 auxerat,
910 2654 961 2674 nec
988 2647 1060 2681 quod

276 2700 292 2721 ι
308 2694 385 2722 vobis
404 2701 458 2720 non
474 2693 599 2728 poposcit
613 2701 720 2728 pceuas,
735 2699 762 2720 et
781 2700 842 2719 cum
860 2692 917 2727 ipse
932 2692 1007 2727 prior
1023 2693 1063 2719 la-

275 2737 396 2764 cessitus
422 2741 512 2769 esset,
545 2737 728 2764 nihilominus
754 2737 939 2764 obsecrabat:
957 2737 1005 2764 sed
1029 2745 1059 2764 ea

278 2783 412 2810 duntaxat
426 2792 486 2818 quze
502 2791 578 2812 nunc
593 2785 729 2819 praastitit.
746 2784 850 2820 Ecquid
867 2792 932 2812 vero
953 2785 1061 2820 praesti-

279 2828 330 2855 tit?
346 2829 426 2864 138
440 2829 537 2857 Filium
556 2829 661 2857 dedidit
682 2838 731 2866 pro
754 2830 983 2863 contumeliosis;
1000 2838 1061 2857 cum

282 2873 327 2906 qui
342 2874 407 2900 nihil
425 2873 530 2904 iniuria:
554 2879 768 2906 nernetx'avm'at.
787 2883 835 2907 pro
861 2876 972 2907 iniustis
999 2883 1061 2911 pcr-

1154 2334 1164 2351 ‹
1182 2324 1378 2360 Καταλλάγητε
1391 2323 1430 2359 τῷ
1444 2323 1513 2358 Θεῷ.
1530 2333 1539 2350 ι

1150 2371 1209 2398 Οὐκ
1232 2369 1304 2404 εἷπε,
1330 2370 1518 2403 καταλλάξατε
1533 2369 1578 2396 τὸν
1604 2369 1670 2396 Θεὸν
1684 2369 1711 2396 ὲν
1732 2369 1848 2400 ἑαυτοῖς.
1866 2368 1903 2396 οὐ

1116 2417 1171 2454 γὰρ
1184 2417 1287 2448 ἐκεῖνός
1304 2418 1377 2444 ἐστιν
1393 2418 1407 2443 ὁ
1423 2416 1584 2452 ὲχοραῑνων,
1600 2416 1656 2442 ἀλλ’
1672 2417 1760 2450 ὑμεῖς.
1835 2440 1837 2442 ,

1154 2473 1164 2490 ι
1183 2463 1234 2490 Τὸν
1245 2463 1300 2498 γὰρ
1313 2462 1350 2498 μὴ
1366 2462 1463 2496 γνόντα
1479 2462 1627 2498 ἁμαρτίαν,
1640 2463 1710 2497 ὑπὲρ
1723 2461 1802 2498 ἡμῶν
1815 2462 1905 2498 ἁμαρ·

1114 2509 1177 2536 τίαν
1189 2507 1326 2542 ἐποίησεν.
1346 2517 1356 2533 ι

1151 2555 1189 2582 οὐ
1205 2554 1287 2588 λέγω,
1309 2554 1388 2588 φησι,
1403 2553 1437 2580 τὰ
1462 2553 1594 2589 πρότερα,
1620 2553 1661 2579 ὅτι
1681 2552 1812 2588 ὺὸρίσατε
1827 2551 1904 2578 οὐδὲν

1116 2599 1275 2634 ἠδικηκότα,
1304 2599 1371 2626 ἀλλὰ
1386 2599 1434 2626 καὶ
1460 2599 1693 2634 εὐεργετήσαντα,
1710 2598 1756 2624 καὶ
1770 2598 1811 2624 ὅτι
1827 2597 1905 2629 δίκας

1114 2646 1164 2672 οὐκ
1188 2645 1330 2682 ἀπῄτησεν
1355 2645 1438 2679 ὑμᾶς,
1465 2645 1525 2671 οὐδὲ
1553 2645 1595 2671 ὅτι
1619 2644 1772 2680 παρακαλεί
1796 2643 1906 2678 πρῶτος

1114 2691 1264 2727 ὑϐρισθεὶς,
1278 2691 1345 2718 ἀλλὰ
1355 2691 1398 2718 διὰ
1407 2691 1493 2717 ταῦτα
1504 2691 1521 2717 ἂ
1532 2691 1644 2725 ἐποίησε
1660 2691 1715 2717 νῦν.
1732 2691 1765 2716 Τί
1774 2690 1802 2716 δὲ
1813 2689 1907 2724 ἐποίη-

1115 2745 1160 2770 σε;
1177 2737 1229 2764 Τὸν
1242 2737 1305 2764 Υἰὸν
1325 2737 1395 2773 ὑπὲρ
1405 2737 1458 2764 τῶν
1476 2736 1626 2772 ὑϐρικότων
1653 2736 1747 2768 ἔδωκε,
1759 2736 1805 2762 τὸν
1821 2734 1906 2770 μηδὲν

1116 2783 1266 2818 ἠδικηκότα
1292 2783 1361 2818 ὑπὲρ
1381 2783 1434 2809 τῶν
1460 2783 1630 2818 ἠδικηκότων
1653 2782 1799 2808 ἀποθανεῖν
1816 2782 1904 2807 εἴασε.

1116 2830 1172 2856 Καὶ
1186 2831 1234 2864 οὐχ
1250 2828 1343 2860 ἁπλῶς
1362 2829 1447 2861 οὕτως
1461 2831 1579 2864 εἴρηται,
1594 2828 1661 2855 ἀλλὰ
1676 2828 1690 2855 ὃ
1707 2827 1796 2862 πολλῷ
1809 2827 1905 2852 τούτου

1120 2875 1210 2907 nam
1228 2869 1313 2907 ἐστιν,
1325 2875 1404 2902 τοῦτο
1416 2875 1506 2906 ἔθηκε.
1519 2875 1551 2902 Τί
1562 2875 1587 2902 δέ
1604 2876 1660 2902 ἐστι
1677 2875 1754 2901 τοῦτο
1767 2883 1774 2907 ;
1794 2874 1848 2902 Τὸν
1861 2873 1907 2908 μὴ
