2078 3116
196 121 245 151 737

759 121 797 150 ΙΝ
821 122 939 150 EPlS'l‘.
960 121 1009 150 AD
1023 120 1203 153 CORINTH.
1224 121 1265 153 II.

1774 121 1828 153 736

196 175 308 210 γνόντα
317 174 474 208 ἁμαρτίαν,
491 175 583 209 φησὶν,
593 174 717 201 τουτέστι
730 175 775 202 τὸν
791 175 870 202 αὑτὸν
886 176 988 202 δικαιο-

1046 176 1119 204 misit
1135 177 1214 203 mori.
1237 176 1330 211 Neque
1346 176 1373 204 id
1391 184 1456 204 vero
1473 176 1636 212 simpliciter
1656 177 1827 204 enuntiatum

198 221 281 256 σύνην
296 220 372 252 ὄντα,
384 220 522 256 ἁμαρτίαν
538 220 676 254 ἐποίησεν,
690 220 830 247 τουτέστιν
847 220 885 252 ὡς
896 221 987 256 ἁμαρ-

199 266 282 292 τωλὸν
299 266 501 301 κατακριθῆναι
516 266 633 301 ἀφῆκεν.

1041 227 1105 250 est:
1135 222 1182 250 sed
1208 223 1281 258 quod
1310 223 1389 258 longe
1421 223 1509 258 majus
1537 228 1601 256 est,
1626 223 1730 258 posuit.
1758 222 1829 255 Quid

1041 275 1107 294 vero
1129 267 1224 294 istud?
1242 267 1309 294 Eum
1333 268 1378 302 qui
1404 277 1455 295 non
1483 274 1589 296 noverat
1615 274 1760 303 peccatum,
1786 269 1830 296 in-

199 310 274 345 quit;
288 310 315 337 id
330 314 384 343 est,
400 317 460 338 eum
476 311 525 346 qui
541 310 650 346 justitia
664 311 783 346 ipsamet
803 314 875 344 erat,
893 314 1037 346 peccatum
1075 311 1159 345 fecit;
1202 320 1249 340 seu
1276 317 1407 347 tanquam
1447 318 1619 347 peccatorem
1655 314 1831 342 condemnari

200 356 332 390 permisit.

237 411 246 428 ε
260 403 319 429 Ἵνα
331 403 412 437 ἡμεῖς
425 402 567 438 γενώμεθα
580 402 737 438 δικαιοσύνη
752 402 821 430 Θεοῦ
832 403 861 429 ὲν
875 402 960 438 αὐτῷ.
976 412 985 428 ι

235 447 284 474 Διὰ
299 448 389 481 τοῦτο,
406 449 500 483 φησὶν,
516 449 601 476 ἔδωκε
616 450 684 484 πρὸς
702 449 836 485 αἰσχύνην
855 450 901 476 τὸν
915 449 989 483 Υίὸν,

202 494 245 521 ίνα
259 493 292 520 τὰ
319 494 426 530 μεγάλα
443 495 519 530 ἡμῖν,
534 495 683 531 χαρίσηται
703 495 805 530 ἀγαθὰ,
829 495 846 522 ἃ
861 495 989 522 οὐδέποτε

203 540 453 576 προσεδοκήσαμεν.

501 608 628 635 ΚΕΦΑΛ.
649 609 696 642 q'.

240 686 249 702 ι
262 674 462 711 Συνεργοῦντες
475 675 503 701 δὲ
520 675 567 702 καὶ
590 673 814 710 παρακαλοῦμεν,
838 674 876 710 μὴ
889 674 929 706 είς
944 683 991 701 κε-

204 721 246 748 νὸν
262 721 311 756 τὴν
326 722 407 757 χάριν
417 719 465 748 τοῦ
482 720 550 747 Θεοῦ
567 720 698 754 δέξασθαι
720 721 802 756 ὑμᾶς.
819 720 902 754 Λέγει
918 719 989 755 γάρ·

203 767 298 802 Καιρῷ
309 766 395 801 δεκτῷ
409 766 553 802 ἐπήκουσά
568 774 626 800 σου,
639 766 687 793 καὶ
704 766 733 792 ἑν
747 764 839 801 ἡμέρᾳ.
855 764 992 800 σωτηρίας

204 812 340 848 ἐϐοήθησά
352 820 404 838 σοι.
419 821 429 837 ι

1081 412 1091 428 ι
1109 402 1146 430 Ut
1161 410 1211 430 nos
1225 402 1395 430 eliiceremur
1405 402 1513 437 iustitia
1529 403 1575 430 Dei
1598 403 1624 429 in
1642 403 1711 438 ipso.
1731 413 1742 429 ι
1780 410 1785 414 ·

1079 447 1186 475 Idcirco
1208 447 1310 475 Filium
1339 448 1520 476 contumeliis
1543 447 1714 475 alliciendnm
1745 448 1831 480 dedit,

1043 493 1146 528 inquit,
1164 494 1203 520 nti
1222 501 1321 528 magna
1335 494 1406 521 bona
1421 494 1502 521 nobis
1516 493 1691 528 elargiretur,
1707 502 1768 529 qua:
1783 502 1831 522 ne-

1044 545 1181 573 quaquam
1191 539 1422 574 speravissemus.

1366 606 1443 634 CAP.
1462 607 1507 634 Vl.

1082 673 1162 701 Vens.
1177 673 1202 706 1,
1218 673 1244 700 2.
1269 683 1278 699 ι
1297 674 1467 709 Adjuvantcs
1495 681 1597 709 autem,
1612 679 1639 702 et
1657 676 1837 703 exhortamur

1045 727 1080 747 ne
1097 719 1125 746 in
1140 727 1260 747 vacuum
1284 721 1399 754 gratiam
1426 721 1474 749 Dei
1500 721 1653 756 recipiatis.
1678 721 1723 748 Ait
1739 721 1834 749 enim:

1045 763 1180 800 Tempore
1195 771 1309 801 accepto
1319 766 1449 794 exaudivi
1465 771 1501 799 te,
1519 771 1547 795 et
1567 767 1595 795 in
1612 768 1656 795 die
1671 767 1768 795 salutis
1788 768 1837 795 ad-

1042 810 1101 845 juvi
1117 816 1151 838 te.
1171 820 1181 837 ›

243 858 352 894 Ἐπειδὴ
381 857 487 894 μεγάλα
509 857 599 889 εἶπεν,
621 855 744 887 ὅτιθεὸς
767 855 930 891 παρεκάλει,
947 855 994 882 καὶ

1081 857 1149 890 Quia
1164 864 1262 892 magna
1277 857 1401 892 quaedam
1418 857 1586 892 praelocutus
1606 861 1658 890 est,
1676 858 1748 892 quod
1766 856 1837 886 Deus

203 905 283 940 ἡμεῖς
307 903 495 939 πρεσϐεύομεν
508 924 516 937 ,
538 903 583 930 ἴνα
601 902 638 938 μὴ
662 902 836 930 ἁναπέσωσιν
856 901 992 935 ἐντεῦθεν,

202 949 283 975 πάλιν
298 945 398 978 αὐτοὺς
411 948 498 983 φοϐεῖ,
513 947 599 982 λέγων
611 957 618 964 ·
638 947 687 981 Μὴ
703 948 747 980 εις
761 946 855 974 κενὸν
866 946 924 980 τὴν
939 945 994 982 χά-

200 1003 249 1028 ριν
261 994 313 1020 τοῦ
328 993 402 1021 Θεοῦ
417 993 562 1026 δέξασθαι
572 992 661 1027 ὑμᾶς.
679 992 727 1028 Μὴ
745 992 811 1028 γὰρ,
830 992 925 1028 ἐπειδὴ
940 1000 993 1019 πα-

205 1040 326 1076 ρακαλεῖ,
340 1040 417 1075 φησὶ,
436 1040 483 1066 καὶ
500 1039 607 1075 ἔπεμψε
626 1039 841 1074 πρεσϐεύοντας,
857 1039 903 1067 διὰ
916 1038 994 1065 τοῦτο

205 1086 418 1121 ρᾳθυμήσωμεν,
447 1085 514 1112 ἀλλὰ
544 1086 644 1120 μᾶλλον
673 1084 852 1120 ἐπειγώμεθα
881 1084 948 1120 πρὸς
964 1084 995 1109 τὸ

204 1131 302 1166 ἀρέσαι
322 1130 413 1166 αὐτῷ,
431 1130 476 1158 ἳνα
492 1130 530 1166 μὴ
549 1130 604 1157 τῶν
621 1130 750 1157 τοιούτων
772 1130 908 1163 ἐκπέσητε
924 1129 994 1162 ἀγα-

205 1175 269 1202 Οὼν.

242 1231 251 1246 ι
276 1222 343 1249 Ἰδοὺ
358 1220 406 1248 νῦν
420 1221 516 1257 καιρὸς
532 1221 748 1257 εὐπρόσδεκτος·
769 1221 823 1247 ίδοὺ
841 1219 888 1247 νῦν
903 1219 995 1254 ἡμέρα

206 1267 352 1303 σωτηρίας.
370 1277 379 1293 ι

240 1314 292 1340 Τὸν
310 1316 359 1349 τῆς
371 1314 486 1349 δωρεᾶς,
503 1312 598 1348 φησὶν,
622 1311 667 1339 τὸν
682 1312 732 1347 τῆς
750 1311 873 1347 χάριτος,
887 1312 931 1338 ὅτε
945 1310 996 1337 οὐκ

205 1360 279 1387 ἔστιν
291 1360 408 1392 εὐθύνας
423 1358 608 1394 ἀπαιτηθῆναι
622 1358 675 1385 τῶν
697 1358 916 1393 ἁμαρτημάτων,
935 1357 996 1383 οὐδὲ

205 1405 283 1441 δίκην
293 1405 394 1438 δοῦναι,
410 1404 478 1431 ἀλλὰ
495 1404 564 1440 μετὰ
577 1404 627 1439 τῆς
638 1403 811 1438 ἀπαλλαγῆς,
826 1403 873 1429 καὶ
891 1402 995 1438 μυρίων

206 1451 380 1486 ἀπολαύομεν
397 1450 497 1478 καλῶν.
513 1450 560 1486 Μὴ
574 1450 664 1477 τοίνυν
683 1450 827 1485 προδῶμεν
852 1448 882 1475 τὸ
901 1448 996 1475 εὔκαι-

208 1506 263 1533 ρον,
276 1497 332 1523 ἀλλ’
347 1495 546 1531 ἐπιδειξώμεθα
559 1495 634 1530 ἄξιον
656 1496 706 1531 τῆς
719 1496 831 1531 χάριτος
845 1495 894 1529 τὴν
912 1502 996 1521 σπου-
1009 1514 1030 1542 C

204 1543 264 1579 δήν.
394 1574 401 1580 κ

244 1601 254 1617 ‹
273 1590 416 1625 Μηόεμίαν
427 1590 456 1616 ὲν
469 1589 563 1625 μηδενὶ
578 1588 695 1621 διδόντες
713 1588 884 1624 προσκοπὴν,
897 1588 940 1615 ἵνα
958 1586 996 1623 μὴ

207 1636 327 1671 μωμηθῇ
344 1637 360 1671 ὴ
374 1635 512 1662 διακονία·
526 1635 585 1662 ἀλλ’
602 1635 631 1661 ὲν
645 1634 727 1661 παντὶ
743 1634 921 1665 συνιστῶντες
932 1634 996 1660 ἑαυ-

206 1683 269 1714 τοὺς
279 1682 316 1714 ὡς
331 1682 399 1708 Θεοῦ
413 1681 541 1714 διάκονοι,
558 1682 588 1708 ὲν
605 1681 727 1716 ὑπομονῇ
744 1680 841 1715 πολλῇ,
859 1681 888 1707 ὲν
906 1679 998 1715 θλίψε-

208 1736 260 1760 σιν,
283 1729 312 1754 ἐν
329 1727 480 1762 ἀνάγκαις,
499 1728 528 1754 ὲν
557 1727 762 1763 στενοχωρίαις,
776 1728 805 1753 ὲν
821 1727 950 1762 πληγαῖς,
969 1727 997 1753 ὲν

208 1772 351 1805 φυλακαῖς,
366 1773 395 1799 ὲν
418 1771 631 1804 ἀκαταστασίαις
643 1792 651 1805 ,
667 1771 697 1798 ὲν
723 1771 818 1803 κόποις
830 1791 837 1804 ,
864 1772 893 1798 ἐν
910 1773 998 1806 ἀγρυ-

208 1819 313 1851 πνίαις,
338 1820 367 1846 ἐν
388 1819 528 1853 νηστείαις
541 1838 548 1850 ,
564 1819 594 1845 ὲν
624 1818 763 1853 ἁγνότητι,
788 1818 817 1844 ὲν
838 1817 946 1851 γνώσει,
967 1818 996 1843 ὲν

209 1863 397 1899 μακροθυμία,
417 1864 445 1890 ὲν
473 1863 648 1898 χρηστότητι.

244 1909 386 1942 Τουτὲστι,
400 1908 514 1944 μέμψιν,
532 1909 705 1943 κατάγνωσιν
723 1907 818 1943 μηδενὶ
830 1907 997 1942 παρέχοντες

210 1955 271 1983 καθ’
281 1956 370 1991 ἡμῶν.

244 2012 256 2028 1
281 2003 326 2028 Ἐν
340 2001 480 2037 Πνεύματι
499 2001 580 2037 ἁγίῳ,
596 2002 625 2028 ἐν
642 2000 738 2036 ἀγάπῃ
761 1999 946 2035 ἀνυποκρίτῳ,
970 1999 999 2025 ὲν

210 2048 282 2084 λόγῳ
297 2047 434 2083 ἀληθείας,
452 2056 461 2073 ›

252 2094 296 2121 Ἐν
311 2093 384 2129 αὐτῷ
400 2093 467 2128 γὰρ,
480 2093 562 2128 φησὶ,
580 2092 667 2119 ταῦτα
683 2092 772 2119 πάντα
792 2091 980 2127 κατορθοῦμεν
991 2100 998 2108 ·

211 2142 227 2177 ἦ
244 2143 332 2169 ὲκείνο
345 2142 433 2176 λέγει,
449 2142 492 2168 ὅτι
509 2141 556 2168 καὶ
577 2141 737 2176 Πνεύματος
758 2139 836 2174 ἁγίου
852 2138 1000 2175 πεπληρώ-

212 2187 293 2223 μεϐα.

251 2243 259 2259 ι
285 2235 329 2271 Ἐν
343 2234 457 2269 δυνάμει
475 2231 559 2267 Θεοῦ,
574 2233 618 2260 διὰ
630 2231 685 2260 τῶν
696 2232 785 2259 ὃπλων
798 2231 848 2267 τῆς
859 2230 998 2259 δικαιοσύ-

212 2289 270 2316 νης.
289 2290 298 2305 r

247 2325 332 2352 Τοῦτο
344 2325 386 2353 ἀεὶ
398 2325 483 2359 λέγει,
497 2325 528 2352 τὸ
543 2325 597 2352 πᾶν
611 2324 750 2356 ἀνατιθεὶς
769 2324 807 2360 τῷ
823 2324 892 2359 Θεῷ.

250 2425 260 2442 ι
279 2416 339 2442 Τῶν
350 2415 444 2449 δεξιῶν
460 2415 509 2442 καὶ
521 2414 676 2451 ἀριστερῶν
689 2422 696 2429 ·
721 2413 765 2441 διὰ
788 2413 866 2448 δόξης
881 2413 928 2440 καὶ
941 2413 1000 2439 ἀτι-

214 2462 291 2497 μίας⁹
311 2461 355 2489 διὰ
370 2462 526 2498 δυσφημίας
541 2462 587 2488 καὶ
603 2461 742 2496 εὐφημίας
753 2469 760 2475 ·
776 2460 813 2491 ὡς
829 2459 926 2486 πλάνοι
953 2459 1000 2485 καὶ

213 2506 340 2542 amnem-
352 2507 388 2539 ὡς
402 2507 580 2542 ἀγνοούμενοι
595 2507 643 2533 καὶ
659 2505 915 2541 ἐπιγινωσκόμενοι.
936 2513 945 2529 ι

256 2553 409 2587 Ἀριστερὰ
420 2553 497 2580 καλεῖ
507 2553 542 2580 τὰ
551 2552 680 2580 δοκοῦντα
695 2550 764 2578 εἶναι
779 2549 900 2586 λυπηρὰ,
912 2549 1000 2575 καίτοι

212 2599 299 2626 ταῦτα
309 2601 367 2626 ἐστι
383 2599 416 2626 τὰ
427 2599 473 2626 τὸν
487 2599 580 2634 μισθὸν
589 2599 696 2634 ἔχοντα,
707 2597 774 2624 ἀλλὰ
785 2596 856 2623 κατὰ
871 2596 919 2631 τὴν
937 2595 1001 2621 vin-.6-

211 2646 294 2681 ληψιν
310 2645 365 2672 τῶν
380 2645 484 2672 πολλῶν
499 2646 585 2674 καλεῖ.
600 2645 687 2678 Δεξιὰ
701 2644 740 2677 δὲ,
752 2643 801 2675 τὰς
814 2643 941 2677 δυνάμεις
953 2642 1000 2673 τὰς

213 2692 325 2726 ὲνεργου
330 2692 423 2727 μένας.

251 2747 260 2764 ι
284 2739 325 2770 Ὧς
336 2739 567 2774 ἀποθνήσκοντες,
583 2736 630 2764 καὶ
648 2736 702 2764 ἰδοὺ
716 2735 818 2772 ζῶμεν.
837 2745 846 2761 ι

250 2785 333 2812 Τοῦτο
349 2785 435 2820 λέγει,
456 2785 564 2816 δεικνὺς
584 2784 633 2819 τὴν
645 2783 748 2818 ἄφατον
765 2782 810 2809 τοῦ
832 2781 899 2808 Θεοῦ
919 2780 1000 2808 δύνα-

215 2839 271 2865 μιν.

1045 901 1219 934 adbortatur,
1234 910 1340 937 nosque
1354 903 1490 939 legatione
1509 903 1650 939 fungimur
1663 912 1670 931 :
1688 912 1722 931 ne
1735 912 1768 932 ex
1783 904 1837 931 hoc

1044 953 1118 976 statu
1132 948 1301 981 relabantur,
1317 949 1366 977 llos
1379 957 1488 977 rursum
1504 953 1598 982 terret,
1613 949 1708 977 dicens
1725 959 1732 977 :
1749 949 1789 977 Ne
1809 950 1838 977 iu

1045 1002 1155 1022 vacuum
1166 995 1284 1030 gratiam
1297 994 1347 1022 Dei
1368 995 1512 1032 accipiant.
1528 995 1606 1022 Absit
1623 995 1713 1027 enim,
1737 996 1837 1030 inquit,

1045 1048 1090 1072 ne,
1120 1041 1250 1076 quoniam
1279 1040 1324 1067 ille
1354 1040 1537 1072 exhortatur,
1563 1043 1591 1068 et
1616 1039 1721 1074 legatos
1743 1041 1836 1074 misit,

1046 1090 1193 1121 propterea
1220 1085 1394 1121 negligentes
1424 1086 1524 1114 simus.
1554 1085 1628 1119 Quin
1649 1086 1740 1121 potius
1771 1094 1838 1114 con-

1045 1132 1159 1159 tendere
1177 1131 1308 1159 debemus
1330 1135 1359 1159 ut
1377 1131 1538 1167 placeamus
1554 1152 1561 1166 ,
1580 1139 1616 1160 ne
1637 1130 1738 1158 talibus
1756 1131 1838 1159 bonis

1045 1177 1219 1204 excidamus.

1084 1231 1093 1246 ι
1113 1221 1182 1249 Ecce
1201 1228 1274 1249 nunc
1291 1225 1399 1256 tempus
1416 1221 1596 1257 acceptabile,
1612 1228 1676 1249 ecce
1688 1229 1764 1249 nunc
1778 1221 1837 1251 dies

1046 1266 1153 1295 salutis.
1175 1276 1184 1292 ι

1048 1332 1057 1336 ..
1086 1311 1206 1346 Tempus
1229 1311 1297 1339 dicit
1318 1311 1463 1344 donorum,
1482 1315 1591 1347 tempus
1604 1312 1708 1347 gratiae,
1726 1310 1838 1348 quando

1048 1362 1228 1393 peccatorum
1255 1366 1310 1385 non
1339 1361 1524 1392 reposcuntur
1546 1365 1644 1394 poene,
1667 1366 1718 1386 nec
1734 1358 1838 1393 persol-

1048 1408 1168 1438 vuntur;
1188 1404 1314 1441 quiuimo
1339 1404 1421 1431 simul
1437 1411 1500 1431 cum
1523 1404 1751 1432 reconciliatione
1776 1411 1840 1432 sex-

1048 1451 1137 1478 centis
1150 1458 1259 1486 quoque
1276 1450 1357 1478 bonis
1374 1451 1455 1485 potiri
1475 1451 1551 1478 licet.
1567 1450 1606 1478 Ne
1626 1458 1692 1486 ergo
1706 1455 1840 1486 opportu-

1048 1497 1164 1525 nitatem
1192 1497 1327 1532 temporis
1343 1496 1528 1533 prodigamus,
1545 1497 1592 1525 sed
1617 1497 1730 1532 digitum
1744 1497 1839 1533 gratia

1047 1543 1170 1571 studiutn
1183 1542 1373 1578 praeferamus.
1636 1566 1638 1569 .

1084 1588 1168 1616 Vens.
1188 1588 1248 1615 5-6.
1274 1598 1283 1614 ι
1297 1587 1405 1616 Nemini
1422 1588 1521 1616 dantes
1537 1587 1620 1615 ullam
1643 1587 1837 1619 oll‘ensionem.

1048 1638 1079 1661 ut
1098 1642 1154 1661 non
1172 1634 1341 1669 vituperetur
1363 1634 1562 1662 ministerium.
1589 1633 1644 1661 Sed
1665 1634 1694 1661 in
1709 1633 1838 1661 omnibus
1874 1668 1878 1673 κ

1048 1680 1228 1708 exhibeamus
1243 1688 1292 1708 nos
1315 1680 1387 1707 sicut
1404 1681 1453 1708 Dei
1473 1680 1605 1714 ministri,
1636 1680 1665 1707 in
1687 1680 1773 1707 multa
1790 1687 1840 1715 pa-

1048 1726 1155 1759 tientia,
1175 1727 1204 1753 in
1222 1726 1461 1759 tribulationibus,
1473 1727 1500 1754 in
1509 1726 1732 1758 necessitatibus.
1750 1726 1777 1753 in
1792 1734 1841 1753 an-

1049 1771 1163 1806 gustiis,
1181 1772 1208 1799 in
1220 1771 1321 1807 plagis.
1333 1772 1361 1798 in
1376 1771 1546 1805 carceribus,
1563 1771 1591 1799 in
1607 1771 1839 1805 seditionibus,iu

1047 1817 1160 1852 vigiliis,
1178 1817 1205 1844 in
1229 1817 1345 1852 jejuniis
1359 1837 1367 1850 ,
1394 1819 1422 1845 in
1450 1818 1590 1851 castitate,
1611 1818 1640 1845 in
1659 1817 1788 1850 scientia,
1811 1817 1839 1844 in

1049 1863 1270 1897 longanimitate,
1286 1863 1313 1890 in
1333 1863 1480 1891 suavitate.
1504 1873 1513 1890 ι

1084 1906 1142 1934 Hoc
1167 1913 1226 1941 est,
1245 1908 1346 1936 nemini
1364 1909 1462 1936 dantes
1487 1908 1663 1936 occasionem
1687 1915 1738 1936 nos
1759 1915 1842 1936 neeu-

1050 1953 1128 1981 sandi
1145 1957 1172 1981 et
1185 1954 1399 1981 condemnandi.

1087 2009 1098 2026 ι
1126 2000 1156 2027 ln
1180 2000 1284 2035 Spiritu
1309 2004 1422 2031 sancto,
1448 1999 1476 2027 in
1505 2000 1639 2028 charitate
1666 2007 1721 2028 non
1757 2000 1840 2034 ﬁcta,

1052 2046 1145 2082 [γεκε-
1167 2045 1194 2081 7]
1211 2046 1237 2072 in
1253 2045 1336 2073 verbo
1356 2045 1492 2072 veritatis.
1510 2054 1519 2070 ι

1084 2091 1153 2118 Nam
1171 2099 1218 2125 per
1234 2091 1336 2126 ipsum,
1357 2092 1464 2127 inquit,
1489 2092 1582 2118 omnia
1604 2095 1678 2119 recte
1703 2091 1839 2126 agimus:

1029 2143 1034 2152 '
1051 2138 1095 2166 vel
1112 2138 1165 2165 hoc
1183 2138 1283 2171 innuit,
1297 2137 1415 2173 repletos
1430 2145 1479 2164 nos
1494 2145 1557 2165 esse
1576 2137 1682 2173 Spiritu
1697 2141 1804 2166 sancto.

1090 2236 1100 2254 ι
1115 2227 1146 2254 ln
1166 2227 1268 2254 virtute
1278 2225 1336 2259 Dei,
1351 2233 1399 2261 per
1415 2233 1491 2253 arma
1505 2226 1631 2261 justitite.
1652 2235 1663 2252 ›

1087 2320 1146 2349 Hoc
1177 2325 1310 2356 perpetuo
1340 2320 1457 2356 repetit,
1494 2327 1549 2356 quo
1582 2324 1671 2348 totum
1702 2319 1730 2347 in
1758 2319 1842 2348 Deum

1052 2366 1164 2394 referat.

1092 2421 1101 2438 ι
1119 2413 1142 2439 Α
1153 2412 1257 2440 dextris
1274 2417 1300 2439 et
1314 2419 1329 2439 a
1346 2411 1483 2445 sinistris;
1500 2410 1596 2447 [νεεδ.
1611 2411 1640 2447 S]
1664 2418 1713 2445 per
1728 2411 1842 2446 gloriam

1054 2461 1080 2486 et
1096 2458 1298 2493 ignobilitatem
1310 2467 1317 2492 ;
1330 2466 1379 2493 per
1391 2460 1492 2486 bonam
1507 2463 1534 2485 et
1550 2457 1649 2484 malam
1665 2456 1785 2490 famam;
1813 2461 1843 2485 ut

1053 2505 1211 2533 seductores
1230 2509 1257 2533 et
1273 2513 1397 2538 veraces;
1414 2509 1444 2532 ut
1460 2504 1545 2539 ignoti
1563 2508 1590 2530 et
1612 2502 1724 2539 cogniti.
1742 2512 1752 2528 ι
1768 2509 1771 2523 ί

1088 2550 1206 2578 Sinistra
1223 2551 1345 2586 appellat
1355 2557 1415 2585 qua;
1429 2549 1519 2577 tristia
1533 2553 1608 2576 sunt.
1620 2547 1704 2583 Atqui
1717 2547 1843 2582 limcipsa

1053 2602 1185 2632 suntquae
1199 2597 1352 2624 mercedem
1366 2596 1542 2623 demerentur
1556 2604 1563 2622 :
1581 2594 1628 2621 sed
1641 2594 1682 2622 sic
1695 2601 1728 2621 ea
1741 2594 1843 2622 vocitat

1054 2642 1201 2669 secundum
1211 2641 1440 2668 existimationem
1462 2640 1545 2676 vulgi.
1562 2640 1663 2667 Dextra
1686 2647 1760 2673 vero,
1784 2639 1841 2666 vir~

1055 2691 1126 2716 tutes
1145 2695 1205 2723 qua:
1223 2693 1381 2721 operantur.

1093 2734 1171 2762 Vens.
1184 2734 1210 2761 9.
1231 2743 1241 2759 ι
1258 2732 1341 2766 Quasi
1358 2732 1517 2766 morientes,
1533 2737 1560 2759 et
1572 2739 1636 2759 ecce
1649 2731 1776 2758 vivimus.
1792 2739 1804 2757 ι

1091 2789 1100 2806 ι
1119 2781 1177 2808 Hoc
1193 2779 1269 2808 dicto
1289 2778 1510 2815 inexplicabilem
1532 2777 1578 2806 Dei
1600 2777 1730 2806 virtutem
1750 2779 1844 2805 osten—

1047 2825 1103 2872 μὴ.
