2078 3116
285 121 340 149 πει)

324 185 333 201 ι
350 174 391 202 υι
403 174 538 209 castigati,
556 177 583 202 et
600 181 654 202 non
671 175 837 203 mortlﬂcati.
859 185 868 201 ι

319 219 402 256 139
427 219 490 248 Istis
516 227 623 255 qqune
640 220 734 248 verbis
758 225 880 255 enarrat,
898 229 959 257 qua:
988 229 1072 249 causa

284 265 396 299 sit,-cur
423 264 495 293 Deus
508 266 564 293 haec
574 267 726 301 permittat.
740 266 808 294 Nam
823 274 905 303 quem
926 268 1002 296 'Deus
1012 268 1074 296 dili-

284 311 337 345 git,
358 309 471 344 corripit
482 310 515 338 ‘°.
644 322 649 323 ν

320 356 404 384 Vens.
419 357 463 384 10.
483 365 494 382 ι
521 356 605 390 Quasi
621 358 728 389 tristes,
745 365 855 393 semper
885 363 977 386 autem
1001 366 1073 394 gau-

284 402 401 430 dentes:
419 403 733 438 sicutegentes,multos
744 408 833 431 autem
855 404 1072 439 locupletantes;

285 452 414 483 tanquam
431 449 651 481 iiiliilhabentes,
663 452 689 477 et
702 449 793 477 omnia
807 450 993 484 possidentes.
1009 459 1018 476 ι

319 493 387 521 Nam
403 494 438 522 ab
462 495 496 522 iis
511 495 558 530 qui
574 494 642 523 foris
676 498 750 527 sunt,
767 495 795 522 in
827 503 947 523 mmrore
970 496 1074 524 versari

284 544 511 575 putamur;cum
535 545 625 568 tamen
649 541 751 576 ingenti
764 540 906 575 voluptate
928 541 1074 576 perfunda-

288 594 360 613 mur.
388 586 485 614 lstltaec
508 587 600 614 omnia
616 586 755 620 edisserit,
776 588 894 614 suadens
913 594 948 614 ne
964 591 1075 622 propter

284 632 358 667 vulgi
388 632 543 667 opinionem
575 633 729 666 turbemur,
758 633 811 661 etsi
839 632 1000 661 seductores
1026 641 1074 661 vo-

284 681 357 711 cent,
372 678 425 706 etsi
448 677 646 706 condemnatos
662 683 810 712 censeant,
828 679 880 706 etsi
904 679 985 706 morti
1008 678 1073 706 des-

290 724 403 757 tinatos,
419 724 472 752 etsi
494 724 607 751 tristitia
630 724 817 758 conﬁciamur,
844 724 887 752 vel
914 729 1074 760 paupertate

285 775 448 803 atteramur,
463 778 495 798 ae
510 771 579 798 nihil
595 771 707 799 omnino
723 771 926 806 possideamus.

317 816 402 845 Vens.
420 817 464 844 il.
483 825 493 842 ι
513 816 550 844 0s
564 820 691 845 nostrum
721 820 796 852 patet
810 816 844 844 ad
856 823 917 848 vos,
934 823 950 844 ο
969 815 1071 844 Corin-

282 861 344 890 thii.
362 871 372 888 ι
1021 880 1025 882 -
1083 854 1086 858 ’

319 906 476 934 Reeensitis
489 913 557 942 quas
566 906 722 942 patiebatur
732 906 930 934 tentationibus
939 910 966 933 et
976 910 1075 933 aerum-

283 952 340 986 nis,
363 953 462 980 transit
489 953 523 980 ad
547 953 692 980 dicendum
713 953 748 981 ‘de
775 953 922 981 charitate.
947 952 1031 980 Velut
1050 952 1074 980 si

282 997 402 1024 diceret:
420 997 448 1024 in
472 1001 609 1033 potestate
635 1001 732 1024 nostra
760 997 882 1032 positum
900 1004 956 1025 non
975 1001 1027 1030 est,
1043 1000 1075 1024 ut

281 1042 410 1070 sileamus
422 1043 495 1078 apud
514 1050 562 1071 vos
574 1063 583 1075 ,
600 1043 648 1071 sed
662 1042 769 1071 ardenti
786 1043 877 1071 studio
907 1043 983 1078 loqui
1009 1050 1074 1079 per-

280 1088 407 1123 cupimus
421 1092 448 1116 et
460 1095 614 1116 sermonem
636 1087 739 1117 habere
753 1097 760 1116 :
779 1088 806 1117 id
819 1088 892 1125 quod
906 1088 993 1124 plane
1006 1088 1075 1117 solet

281 1134 438 1162 amantibus
450 1134 586 1162 accidere.

317 1189 327 1206 ι
342 1179 395 1208 Cor
413 1184 537 1209 nostrum
554 1180 699 1208 dilatatum
713 1183 766 1208 est.
783 1189 794 1207 ι

315 1226 452 1257 Charitas,
479 1226 566 1254 calida
591 1233 653 1253 cum
670 1226 714 1260 sit,
743 1233 775 1254 os
787 1225 917 1254 excitavit
939 1225 1028 1258 Pauli,
1045 1229 1072 1254 et

281 1278 330 1300 eor
345 1273 420 1300 illius
435 1272 571 1299 dilatavit.
598 1270 657 1299 Non
673 1272 746 1299 enim
764 1279 812 1299 ore
828 1272 961 1299 duntaxat
973 1271 1070 1306 diligo,

281 1319 380 1354 inquit,
399 1319 446 1346 sed
457 1321 485 1346 et
498 1318 581 1345 etiam
598 1325 647 1345 cor
661 1317 746 1345 labiis
763 1324 917 1345 consonum
937 1317 1044 1345 ‘habeo.

310 1404 400 1434 'N'ens.
413 1405 458 1432 τε.
478 1404 566 1432 «Non
582 1405 778 1440 angustiamini
795 1404 824 1432 in
840 1405 935 1433 nobis.
955 1413 964 1431 I

316 1453 439 1479 Cunctos
455 1450 528 1477 intus
557 1449 780 1484 complectimur,
798 1449 910 1484 inquit;
924 1457 1016 1487 neque
1039 1450 1067 1478 id

284 1498 385 1530 solum,
400 1496 451 1524 sed
466 1499 496 1524 ct
512 1502 576 1523 cum
591 1501 692 1530 magna
713 1494 869 1523 latitudine.

320 1552 330 1570 ‹
353 1541 558 1578 Angustiamini
586 1545 678 1569 autem
710 1541 738 1568 in
768 1541 926 1569 visceribus
951 1542 1067 1571 vestris.

282 1587 387 1626 [Υειξς.
405 1588 447 1615 15,
463 1587 472 1624 ]
486 1587 701 1615 Eamdem'vero
724 1587 993 1615 remunerationem.
1015 1597 1025 1614 ι

318 1635 471 1668 Increpatio
490 1640 602 1669 quoque
612 1640 630 1660 ιι
647 1632 730 1660 nobis
742 1632 828 1660 multa
840 1640 903 1660 cum
918 1633 1070 1669 indulgen-

281 1680 321 1707 tia
333 1679 494 1707 adhibetur.
520 1677 581 1705 Non
591 1677 669 1705 enim
683 1677 764 1711 dixit,
779 1685 839 1705 non
856 1685 908 1706 n0s
922 1678 1044 1715 diligitis
1058 1687 1066 1712 ;

283 1724 343 1757 sed,
360 1731 414 1751 non
431 1730 566 1751 mensura
578 1722 685 1751 eadem.

320 1779 329 1796 ι
342 1769 487 1804 Tanquam
501 1769 566 1797 ﬁliis
579 1769 656 1802 dico,
667 1768 827 1796 'diiatamini
837 1773 941 1797 'et‘vos.
972 1768 1066 1805 [νεεδ.

283 1814 500 1851 Ηέί’5.]“Νοιίιο
514 1815 611 1850 jugum
624 1815 746 1842 alienum
769 1815 875 1842 ducere
891 1822 955 1842 cum
970 1815 1068 1842 inlide-

282 1862 367 1889 libus.
383 1861 451 1893 Quae
463 1860 535 1887 enim
553 1861 731 1896 participatio
744 1861 864 1895 iustitiae
881 1869 944 1888 cum
960 1861 1065 1897 iniqui-

282 1907 360 1934 tate?
378 1911 425 1933 aut
437 1913 504 1940 ‘quae
519 1906 644 1934 Societas
660 1906 715 1934 luci
729 1907 765 1934 ad
779 1907 928 1935 tenebras?
946 1911 993 1935 aut
1006 1915 1068 1944 qua:

281 1951 428 1979 conventio
443 1950 546 1978 Christi
567 1959 577 1976 ι

316 1997 471 2025 Pi-o-co-ac
485 1997 508 2025 si
531 1996 637 2025 diceret
652 2007 660 2025 ε
677 1997 762 2025 ‘Nihil
776 1998 869 2034 magni
891 1998 1014 2034 postulo,
1043 1999 1066 2027 si

279 2052 342 2072 cum
361 2050 439 2079 pater
454 2043 519 2077 sim,
535 2043 716 2071 atnari‘velim
733 2052 748 2071 a
763 2044 853 2072 vobis.

304 2089 379 2116 ’('Ad
395 2089 499 2117 Belial?
513 2093 637 2124 aut'quaa
653 2090 808 2124 pars'iideli
826 2098 890 2117 cum
907 2089 1035 2118 inﬁdeli?
1054 2099 1064 2117 ι

303 2135 352 2162 "Ea
363 2140 429 2163 ’νοτ
437 2135 614 2163 Hebraeorum
631 2136 723 2171 lingua
744 2136 903 2171 defectorem
916 2137 1064 2172 signiﬁcat.

313 2179 397 2209 Vsus.
414 2181 457 2208 16.
477 2190 486 2206 ι
498 2180 550 2213 Qui
562 2184 651 2208 autem
664 2188 819 2209 consensus
832 2181 927 2216 templi
939 2182 986 2209 Dei
1001 2189 1064 2210 cum

278 2226 379 2254 idolis?
396 2234 447 2254 vos
459 2226 532 2254 enim
546 2226 616 2254 estis
632 2228 766 2262 templum
786 2226 833 2254 Dei
848 2228 918 2260 vivi,
933 2227 1007 2255 sicut
1023 2228 1065 2255 di-

277 2273 315 2300 cit
333 2271 416 2299 Deus.
435 2281 444 2297 ι

310 2316 405 2352 Neque
421 2324 468 2344 rex
484 2321 577 2346 vester
586 2317 734 2345 commune
751 2324 814 2345 cum
832 2317 882 2345 illo
891 2317 1064 2353 aliqui‘d‘ha-

276 2367 332 2394 hct.
348 2365 417 2393 Nam
431 2373 493 2401 quae
510 2366 658 2394 conventio
672 2365 781 2393 Christi
794 2365 828 2393 ad
844 2365 1062 2401 Belial'TNeque

274 2419 323 2439 res
335 2411 403 2446 ipsa:
419 2419 428 2438 :
443 2419 504 2447 quae
521 2411 596 2438 enim
613 2411 735 2438 societas
763 2411 833 2438 lucis
850 2410 883 2438 ad
912 2411 1063 2439 tenebras?

276 2456 361 2494 Igitur
376 2464 464 2493 neque
476 2465 525 2485 vos
542 2451 648 2492 opoutet
660 2456 718 2484 haec
732 2456 888 2485 admittere.

314 2512 324 2529 ι
339 2502 501 2531 lnhabitabo
520 2502 548 2530 in
568 2502 637 2535 illis,
653 2507 681 2529 et
697 2502 876 2530 inambulabo
900 2502 974 2530 inter
989 2510 1038 2530 eos
1052 2511 1059 2535 ;

276 2553 304 2577 et
319 2555 368 2577 cro
384 2550 497 2576 iliorum
513 2548 598 2581 Deus,
614 2552 641 2576 et
654 2548 706 2583 ipsi
721 2552 802 2575 erunt
814 2555 894 2576 meus
910 2549 1057 2583 populuSJ

297 2601 300 2605 ‘
310 2596 379 2625 Cum
392 2596 609 2624 assentationem
625 2594 728 2634 fugiat,
738 2593 890 2629 Scriptum
901 2595 1061 2622 testimonio

277 2642 356 2670 [idem
375 2642 441 2670 facit
456 2650 504 2670 eos
521 2649 584 2670 esse
602 2641 704 2676 templa
724 2640 772 2668 Dei
788 2640 820 2668 “.
838 2649 847 2666 ι

315 2688 396 2716 Vens.
413 2688 505 2720 17,18.
525 2697 534 2713 ‹
551 2687 668 2722 Propter
683 2686 756 2721 quod
771 2687 844 2714 exite
858 2687 892 2714 de
907 2686 996 2714 medio
1014 2693 1060 2714 eo-

277 2741 349 2766 rum,
367 2738 394 2761 el
407 2733 587 2768 scparamini,
602 2732 669 2759 dicit
688 2731 832 2765 Dominus,
848 2732 1059 2760 etimmundum

317 2820 337 2836 ²⁰
352 2819 432 2845 Prov.
446 2827 488 2851 ιιι,
503 2818 545 2846 12.
585 2818 605 2834 ¹¹
622 2818 709 2846 Levit.
727 2825 801 2851 “VI,
817 2817 860 2845 12.

877 121 907 151 S.
923 115 1042 151 JOANN
1049 121 1082 150 ιδ
1092 121 1312 152 “1)ΛΜΆΞΟΕΝΙ

1088 181 1110 208 Α
1163 188 1171 203 ι
1199 179 1242 210 Ὠς
1257 178 1458 214 παιδευόμενοι,
1476 179 1523 206 καὶ
1545 178 1582 214 μὴ
1599 177 1807 213 θανατούμενοι,
1826 187 1835 204 ι

1856 120 1908 154 ’140

1155 224 1215 251 Καὶ
1231 224 1309 251 τοῦτο
1322 224 1406 258 λέγει,
1422 224 1551 250 δεικνύων
1564 223 1611 250 καὶ
1633 222 1705 254 τίνος
1720 222 1811 249 ἕνεκεν
1824 222 1911 251 ταῦτα

1126 270 1288 304 συγχωρεῖό
1304 269 1385 300 Θεός·
1402 269 1432 296 ὃν
1445 269 1500 306 γὰρ
1524 269 1618 305 ἀγαπᾷ
1644 269 1757 305 Κύριος,
1779 269 1826 296 καὶ
1851 278 1911 296 παι-

1124 313 1207 340 δεύει.

1163 368 1172 385 ι
1193 359 1237 391 Ὠς
1251 359 1417 394 λυπούμενοι
1430 380 1437 392 ,
1464 360 1508 387 ἀεὶ
1532 360 1560 386 δὲ
1576 360 1715 396 χαίροντες
1725 369 1732 376 ⁸
1746 361 1784 393 ὡς
1796 363 1908 397 πτωχοὶ,

1124 405 1239 438 πολλοὺς
1257 406 1290 432 ’δὲ
1313 405 1521 438 πλουτίζοντες·
1551 407 1589 438 ὼς
1613 406 1696 442 μηδὲν
1716 406 1834 442 ἔχοντες,
1862 408 1910 435 καὶ¹

1124 452 1214 479 πάντα
1228 452 1399 486 κατέχοντες.
1416 460 1425 477 ι

1155 497 1239 532 ’Παρὰ
1258 498 1306 532 μὲν
1321 497 1375 533 γὰρ
1388 498 1445 530 τοῖς
1463 497 1516 531 ἔξω
1532 497 1742 533 ὑποπτευόμεθα
1764 499 1793 525 ὲν
1807 499 1910 536 ἀθυμίᾳ

1124 541 1203 576 εἶναι,
1211 544 1292 578 ἡμεῖς
1301 543 1330 570 δὲ
1339 543 1389 578 τὴν
1397 543 1495 579 ἡδονὴν
1504 542 1683 579 ἀκμάζουσαν
1696 544 1804 579 ἔχομεν.
1816 545 1911 572 Ταῦτα

1124 589 1152 616 δὲ
1167 589 1256 616 πάντα
1272 589 1356 623 λέγει,
1377 589 1496 617 κελεύων
1515 589 1553 626 μὴ
1575 590 1757 625 ταράττεσθαι
1778 592 1838 622 ταῖς
1855 590 1909 618 τῶν

1125 634 1230 661 πολλῶν
1240 634 1339 667 δόξαις,
1357 635 1407 662 κᾶν
1421 635 1539 667 πλάνους
1559 635 1669 670 λέγωσι,
1683 636 1735 662 κᾶν
1749 636 1910 670 καταδίκους

1124 679 1266 715 νομίσωσι,
1282 676 1334 707 κᾶν
1358 680 1561 712 ἐπιθανατίους,
1577 679 1629 708 κᾶν
1641 680 1796 715 λυπεῖσθαι,
1813 681 1863 709 κᾶν
1880 682 1909 709 ὲν

1124 726 1244 762 πτωχείᾳ
1259 725 1339 761 εἶναι,
1351 727 1402 754 κᾶν
1415 726 1497 762 μηδὲν
1514 726 1596 762 ἔχειν.

1162 823 1171 841 ι
1191 811 1228 842 Τὸ
1240 816 1327 851 στόμα
1341 815 1420 852 ἡμῶν
1436 816 1541 851 ἀνέῳγε
1555 816 1624 853 πρὸς
1641 817 1724 853 ὑμᾶς,
1736 816 1883 853 Κορίνθιοι.
1895 826 1905 843 ι

1160 904 1365 939 Διηγησάμενος
1379 902 1414 930 τὰ
1426 903 1552 939 περὶ-τῶν
1572 902 1669 932 ἑαυτοῦ
1686 904 1846 940 πειρασμῶν
1862 905 1909 931 καὶ

1122 949 1252 985 θλίψεων,
1267 951 1307 982 εἰς
1325 949 1371 976 τὸν
1387 950 1509 986 περὶτῆς
1521 950 1631 985 ἀγάπης
1647 950 1804 986 μεταϐαίνει
1819 949 1906 984 λόγον·

1122 996 1216 1031 ὅμοιον
1226 995 1257 1022 δὲ
1276 996 1314 1028 ὡς
1325 997 1350 1023 ει
1361 995 1437 1030 λέγοι
1449 1003 1456 1011 ·
1479 995 1537 1023 Οὐκ
1551 996 1707 1031 ἀνεχόμεθα
1723 995 1909 1031 σιωπᾷνπρὸς

1125 1042 1208 1078 ὑμᾶς,
1221 1042 1290 1069 ἀλλὰ
1304 1043 1352 1069 καὶ
1366 1041 1554 1077 ἐπιθυμοῦμεν
1570 1041 1737 1076 φθέγξασθαι
1759 1041 1807 1068 καὶ
1820 1039 1908 1067 διαλι-

1123 1088 1220 1124 γεσθαι
1238 1088 1303 1123 ὑμῖν
1315 1107 1323 1122 ,
1338 1089 1407 1124 ὅπερ
1419 1087 1480 1120 ἔθος
1491 1086 1546 1114 τῶν
1562 1086 1730 1122 ἀγαπώντων
1746 1086 1830 1115 εστίν.

1161 1189 1170 1206 ι
1192 1180 1227 1207 Ἦ
1244 1179 1342 1215 καρδία
1355 1178 1434 1215 ἡμῶν
1446 1178 1627 1206 πεπλάτυται.
1645 1186 1655 1203 ι

1157 1225 1251 1261 Θερμὴ
1267 1226 1321 1261 γὰρ
1336 1223 1403 1252 οὖσα
1417 1225 1434 1260 ὴ
1450 1224 1563 1258 ἀγάπη,
1581 1223 1628 1250 καὶ
1644 1222 1676 1249 τὸ
1691 1221 1777 1258 στόμα
1791 1219 1910 1248 ἁνεπτέι-

1123 1279 1194 1306 ρωσε
1206 1270 1323 1302 Παύλου,
1337 1269 1383 1295 καὶ
1395 1269 1444 1304 τὴν
1459 1268 1574 1304 καρδίαν
1590 1268 1749 1295 ἐπλάτυνεν.
1762 1266 1829 1293 Οὐδὲ
1853 1267 1909 1303 γὰρ

1121 1317 1160 1352 τῷ
1173 1317 1288 1352 στόματι
1299 1316 1379 1351 φιλῶ,
1397 1315 1490 1350 φησιν,
1501 1314 1570 1342 ἀλλὰ
1582 1315 1630 1341 καὶ
1647 1313 1697 1349 τὴν
1715 1313 1828 1349 καρδίαν
1844 1321 1909 1339 outr-

1121 1362 1236 1399 ᾴδουσαν
1249 1361 1314 1397 ἔχω.

1159 1417 1169 1433 ‹
1183 1408 1221 1435 Οὐ
1235 1406 1446 1442 στενοχωρεῖσθε
1459 1406 1576 1442 ὲνὴμτν.
1596 1415 1606 1432 ι

1155 1453 1262 1484 Πάντας
1275 1452 1350 1479 ἔνδον
1364 1452 1472 1487 ἔχομεν.
1486 1451 1563 1487 φησὶ,
1579 1452 1627 1478 καὶ
1637 1451 1698 1478 οὐδὲ
1712 1450 1790 1478 τοῦτο
1803 1450 1905 1484 ἁπλῶς,

1120 1498 1188 1525 ἀλλὰ
1204 1498 1273 1533 μετὰ
1290 1497 1461 1532 εὐρυχωρίας
1475 1497 1588 1532 πολλῆς.

1160 1554 1169 1570 ι
1184 1543 1399 1579 Στενοχωρεϊσθε
1414 1543 1443 1569 δὲ
1456 1543 1485 1570 ἐν
1499 1543 1556 1574 τοῖς
1570 1542 1734 1578 σπλάγχνοις
1750 1542 1837 1578 ὑμῶν.
1846 1542 1906 1578 Τὴν

1111 1590 1148 1617 ’δὲ
1162 1590 1246 1626 αὐτὴν
1264 1588 1450 1624 ἀντιμισθίαν.
1466 1598 1475 1615 ι

1154 1636 1211 1663 Καὶ
1224 1636 1241 1672 ἡ
1254 1635 1413 1671 ἐπιτίμησις
1429 1634 1500 1670 μετὰ
1517 1634 1625 1669 φειδοῦς
1645 1631 1745 1670 πολλῆς
1767 1635 1903 1670 προσάγε-

1119 1691 1175 1710 ται.
1186 1683 1242 1710 υῡκ
1253 1680 1313 1709 εἷπε
1324 1681 1390 1717 γὰρ,
1405 1681 1437 1708 οὺ
1449 1680 1650 1717 φιλεῐτειήμᾶς,
1662 1681 1723 1708 ἀλλ’
1737 1681 1777 1708 ὅτι
1789 1681 1820 1707 οὗ
1834 1681 1904 1716 μετὰ

1118 1728 1166 1755 τοῦ
1181 1727 1263 1755 αὐτοῦ
1286 1727 1398 1763 μέτρου.

1155 1783 1165 1800 ι
1190 1774 1234 1805 Ὠς
1249 1773 1355 1805 τέκνοις
1378 1772 1467 1807 λέγω·
1497 1771 1669 1807 πλατύνθητε
1691 1772 1738 1800 καὶ
1751 1772 1904 1808 optetqu

1117 1820 1226 1855 γίνεσθε
1249 1818 1478 1855 ἑτεροζυγοῦντες
1501 1818 1705 1851 ἀπίστοις.·Τίς
1728 1818 1781 1854 γὰρ
1803 1819 1903 1854 μετοχὴ

1117 1866 1274 1902 δικαιοσύνῃ
1299 1868 1347 1893 καὶ
1367 1865 1467 1901 ἀνομίᾳ
1482 1873 1490 1899 ;
1509 1865 1531 1900 ⁴ἦ
1549 1865 1590 1897 τίς
1602 1865 1738 1892 ςκοινωνία
1754 1865 1824 1900 φωτὶ
1836 1864 1904 1900 πρὸς

1119 1912 1232 1946 σκότοςς
1246 1912 1288 1944 τίς
1296 1911 1527 1947 θεὲ-συμφώνησις
1539 1910 1667 1946 ’Χριστοῦ
1685 1920 1695 1936 ι

1159 2001 1231 2028 ’Λντὶ
1241 1998 1392 2032 τοῦ,·οὐδδν
1409 1998 1480 2034 μέγα
1490 1997 1577 2031 «αἰτῶ,
1603 1998 1903 2034 εί-πατὴρ’ΰ›ν,-βοῦλο-

1119 2056 1168 2083 μαι
1183 2046 1317 2081 φιλεῖσθαι
1331 2045 1396 2081 παρ’
1411 2045 1498 2079 ὑμῶν.

1157 2102 1166 2119 ι
1175 2093 1249 2126 Πρὸς
1256 2091 1359 2126 Βελίαρ
1369 2090 1409 2126 ζῆ
1417 2091 1460 2123 τίς
1472 2091 1556 2127 μερὶς
1564 2091 1656 2126 πιστῷ
1671 2091 1872 2128 μετὰ-ἀπίστῳς
1890 2101 1901 2119 ι

1155 2138 1188 2164 -'O
1200 2137 1420 2171 ’ἀποστάτηςςτῇ
1439 2135 1575 2171 Ἐϐραίων
1593 2137 1680 2171 φωνῇ.

1156 2194 1165 2209 ι
1178 2183 1226 2215 Τίς
1248 2183 1276 2210 δὲ
1295 2181 1494 2217 συγκατάθεσις
1512 2182 1568 2217 ναῷ
1582 2181 1649 2208 θεοῦ
1677 2181 1748 2217 μετὰ
1765 2182 1901 2216 εῑδὼλωνς

1117 2228 1198 2263 ὑμεῖς
1213 2227 1267 2263 γὰρ
1286 2227 1350 2260 ναὸς
1367 2227 1441 2254 θεοῦ
1455 2227 1524 2254 ’ἐστε
1551 2226 1662 2259 ζῶντος,
1680 2226 1775 2259 καθὼς
1794 2225 1872 2254 εἶπεν
1888 2229 1903 2255 ὸ

1116 2274 1192 2305 θεός.
1208 2283 1218 2300 ι

1152 2319 1246 2347 Οὔτελό
1257 2319 1391 2356 ’βασιλεὺς
1409 2318 1488 2354 ὐμῶν
1502 2319 1558 2355 ἔχει
1571 2327 1599 2346 τι
1615 2318 1703 2347 κοινὸν
1714 2319 1790 2354 πρὸς
1805 2319 1899 2345 αὐτόν.

1116 2366 1164 2398 Τίς
1175 2366 1229 2401 γὰρ
1244 2366 1422 2401 συμφώνησις
1441 2364 1560 2400 Χριστοῦ
1582 2364 1649 2400 πρὸς
1662 2364 1760 2400 Βελίαρ
1771 2372 1778 2397 ;
1791 2364 1853 2391 οὔτε
1867 2365 1901 2392 τὰ

1114 2412 1282 2447 πράγματα·
1299 2411 1347 2443 τις
1363 2412 1417 2446 γὰρ
1445 2410 1574 2438 κοινωνία
1599 2410 1669 2444 φωτὶ
1694 2410 1766 2446 πρὸς
1789 2410 1898 2444 σκότος;

1113 2458 1210 2485 οὐκοῦν
1221 2457 1282 2484 οὐδὲ
1296 2457 1368 2492 ὑμᾶς
1381 2457 1431 2484 δεῖ.

1151 2514 1160 2531 ι
1184 2503 1336 2539 Ἐνοικήσω
1348 2504 1378 2530 ὲν
1394 2503 1504 2537 αὐτοῖς,
1529 2504 1576 2531 καὶ
1597 2503 1832 2539 ὲμπεριπατὴσω”
1851 2501 1898 2530 καὶ

1113 2551 1209 2586 ἔσομαι
1224 2550 1314 2577 αὐτῶν
1327 2550 1402 2583 Θεὸς,
1418 2550 1559 2577 καὶίαὺτοὶ
1573 2549 1680 2577 ἔσονταί
1694 2558 1745 2586 μου
1757 2549 1830 2581 λαός.
1850 2558 1859 2574 ι

1148 2595 1257 2629 Φεύγων
1264 2596 1314 2631 τὴν
1323 2595 1468 2622 κολακείαν
1479 2595 1617 2631 μαρτυρίᾳ
1629 2595 1773 2622 πιστοῦται
1788 2594 1819 2621 τὸ
1830 2592 1897 2621 εἶναι

1114 2640 1212 2672 αὐτοὺς
1226 2641 1307 2672 ναοὺς
1319 2640 1398 2667 Θεοῦ.

1151 2696 1160 2712 ι
1175 2686 1220 2713 Διὸ
1235 2685 1361 2719 ἐξέλθατε
1382 2687 1413 2712 ὲκ
1429 2685 1512 2720 μέσου
1541 2685 1639 2718 αὐτῶν,
1657 2686 1705 2713 καὶ
1719 2684 1896 2721 ἀφορίσθητε,

1113 2732 1187 2767 λέγει
1200 2732 1311 2768 Κύριος,
1327 2731 1545 2767 καὶ,ἀκαθάρτου
1560 2731 1597 2767 μὴ
1604 2731 1739 2764 -ἃπτεσθε,
1756 2729 1833 2765 κάγὼ
1844 2729 1897 2755 εἰσ-
