2078 3116
219 119 268 150 Ἠί

788 121 829 153 IN
838 121 959 154 EPIST.
977 123 1027 154 AD
1044 123 1222 156 CORINTI].
1240 124 1281 157 Ῑῐ.

1795 127 1849 159 ’142

221 176 332 211 δέξομαι
344 175 418 211 ὑμᾶς
427 185 433 192 ·
448 175 496 204 καὶ
508 176 606 212 ἔσομαι
619 177 682 212 ὑμῖν
692 176 733 209 είς
745 177 864 214 Πατέρα,
876 179 923 205 καλ⁵
934 179 1004 214 ὑμεῖς

1064 189 1100 209 ne
1116 182 1265 217 tetigeritis
1278 191 1284 208 :
1300 185 1327 209 et
1341 189 1391 216 ego
1400 180 1532 217 recipiam
1542 187 1591 208 vos
1605 184 1651 209 :et
1663 188 1712 209 ero
1726 182 1805 210 vobis
1819 182 1849 210 in

223 220 319 247 ἔσεσθέ
336 229 392 256 μοι,
410 221 450 253 είς
467 221 542 254 υἱοὺς
562 221 610 248 καὶ
627 222 791 258 θυγατέρας,
818 223 891 258 λέγει
911 224 1013 260 Κύριος

225 264 433 300 παντοκράτωρ.
451 275 461 292 ι

521 311 647 340 ΚΕΨΑΔ.
667 310 705 340 Ζ’.

262 365 272 381 ι
287 356 396 388 Ταύτας
409 353 456 383 οὖν
473 356 582 392 ἔχοντες
598 357 646 389 τὰς
659 357 839 392 ἐπαγγελίας,
859 358 1009 394 ἀγαπητοὶ,

217 401 415 438 καθαρίσωμεν
439 402 554 434 ἑαυτοὺς
570 403 624 429 ἀπὸ
640 404 740 436 παντὸς
754 404 893 440 μολυσμοῦ
909 405 1011 441 σαρκὸς

219 448 267 475 καὶ
287 448 454 483 πνεύματος,
467 448 657 481 ἐπιτελοῦντες
669 449 835 485 ἁγιωσύνην.
851 459 860 476 ι

255 495 292 521 οὐ
304 495 359 530 γὰρ
374 495 404 521 τὸ
418 495 456 530 μὴ
470 494 626 531 ἀκαθάρτου
641 495 775 522 ἅπτεσθαι
789 497 862 522 ποιεῖ
878 495 1007 533 καθαρὸν,

219 540 287 567 ἀλλὰ
302 541 352 567 καὶ
363 540 452 568 ἄλλων
464 542 532 576 ἡμῖν
541 541 626 577 χρεία
641 541 709 576 πρὸς
723 542 754 568 τὺ
765 541 891 576 γενέσθαι
902 542 1007 576 ἁγίους,

220 586 350 621 σπουδῆς,
371 587 520 622 προσοχῆς,
543 587 700 622 εὐσεϐείας,
730 588 777 615 καὶ
803 587 895 620 ἁπλῶς
921 589 1008 616 εἰπεῖν

219 632 321 667 ἀρετῆς
335 632 437 667 πάσης.

256 686 266 703 ι
286 677 331 704 Ἐν
344 678 420 713 φόϐῳ
432 677 510 705 Θεοῦ.
529 687 542 704 1

255 722 334 749 Ἔστι
361 723 416 759 γὰρ
443 723 577 750 ἐπιτελεῖν
600 724 778 760 σωφροσύνην
800 724 850 751 οὐκ
876 724 907 751 ἐν
932 724 1006 759 φόϐῳ

216 767 297 801 Θεοῦ,
314 769 382 796 ἀλλὰ
405 768 449 796 διὰ
475 769 644 803 κενοδοξίαν⁹
659 769 746 802 ἄλλως
762 778 793 796 τε
818 770 867 796 ’καὶ
882 770 931 806 τὴν
945 769 1006 797 ὁδὸν

214 814 267 849 τῆς
284 815 461 852 σωφροσύνης
477 817 552 852 ἡμᾶς
566 816 847 851 διδάσκει,’μονονουχὶ
859 816 945 850 λέγων
957 825 964 832 ’
980 817 1005 843 εἰ

1063 226 1187 260 Patrem,
1216 231 1244 254 et
1260 235 1309 255 vos
1329 228 1409 255 eritis
1427 228 1496 255 mihi
1524 227 1552 254 in
1572 227 1645 255 ﬁlios
1659 232 1687 255 et
1703 227 1787 261 tilias,
1806 228 1850 256 di-

1062 273 1099 300 cit
1117 273 1196 309 15,0
1215 273 1348 301 Dominus
1364 273 1552 307 omnipotens.
1574 282 1583 297 ι

1398 318 1474 346 CAP.
1490 317 1546 345 VH.

1103 361 1185 389 Vens.
1202 361 1227 389 ί.
1245 371 1255 388 ε
1283 363 1338 392 Has
1363 371 1430 399 ergo
1455 364 1589 397 habentes
1628 364 1847 399 promissiones,

1060 409 1235 442 charissimi,
1265 409 1432 438 mundemus
1461 417 1512 437 nos
1547 410 1582 437 ab
1612 410 1688 437 omni
1718 410 1848 445 inquina-

1057 459 1151 483 mento
1162 457 1256 484 carnis
1267 460 1295 484 et
1308 456 1435 491 spiritus,
1452 455 1625 491 perlicientes
1640 455 1844 482 sanctitatem.»

1093 500 1154 528 Non
1169 501 1244 528 enim
1261 501 1434 528 immundum
1447 507 1501 527 non
1519 500 1694 535 contingere,
1710 500 1763 528 hoc
1773 508 1848 527 mun-

1058 546 1123 573 dum
1138 545 1216 580 facit,
1233 546 1280 574 sed
1296 547 1360 574 aliis
1374 553 1486 581 quoque
1501 553 1573 581 opus
1588 545 1726 573 habemus
1742 549 1846 573 utsan-

1058 590 1095 617 cti
1109 590 1207 622 simus,
1227 590 1368 624 diligentia
1387 590 1529 622 nimirum,
1546 589 1711 622 attentione,
1740 590 1842 624 pietate

1056 639 1094 669 et,
1111 641 1140 662 ut
1151 644 1205 662 uno
1221 636 1304 664 verbo
1317 636 1471 668 absolvam,
1485 636 1630 671 omnigena
1643 636 1758 664 virtute.

1094 691 1103 707 ι
1119 681 1147 708 In
1160 681 1258 709 timore
1275 681 1321 709 Dei
1341 691 1351 708 ι

1091 725 1230 761 Contingit
1251 726 1324 754 enim
1343 731 1372 753 ut
1389 726 1506 754 castitas
1523 730 1549 753 et
1571 725 1706 753 modestia
1723 726 1846 759 colatur;

1055 779 1110 799 non
1122 773 1220 800 timore
1229 772 1287 805 Dei,
1302 773 1351 800 sed
1369 773 1459 799 inanis
1474 772 1569 806 gloriae
1584 780 1679 800 causa.
1698 772 1847 808 Propterea

1056 825 1107 845 nos
1123 819 1193 846 viam
1208 819 1345 846 castitatis
1362 818 1405 845 his
1421 818 1479 845 fere
1502 818 1594 846 verbis
1618 818 1708 845 docet.
1724 818 1845 846 Tametsi

214 860 265 887 καὶ
285 860 472 897 τυραννικδνῇ
482 860 631 897 -ὲπιθυμια,
644 862 704 889 ἀλλ’
721 862 769 889 ἐὰν
781 863 949 898 ἔπιτυχήσῃς
959 863 1004 889 τὸν

1056 864 1142 892 libido
1160 865 1332 899 tyrannidem
1351 868 1472 896 exercet,
1492 864 1574 892 modo
1592 865 1717 892 timorem
1734 865 1781 891 Dei
1799 866 1848 893 ha-

212 905 265 933 ηοῦ
290 906 359 934 Θεοῦ
387 908 490 942 φόϐον,
519 908 683 940 καταλύσεις
709 908 794 943 αὐτῆς
814 909 863 944 τὴν
889 909 1003 944 μανίαν.

221 953 407 988 Ἅγιωσύνην
428 954 459 981 δὲ
473 954 599 986 ἐνταῦθα,
625 955 657 982 οὐ
676 954 726 990 τὴν
741 955 918 991 σωφροσύνην
932 955 1005 990 λέγει

212 999 308 1034 μόνον.
321 999 389 1026 ἀλλὰ
401 999 448 1026 καὶ
466 999 556 1034 πάσης
571 999 707 1036 ἁμαρτίας
723 1001 899 1036 ἀπαλλαγήν.

250 1051 263 1069 ί
285 1043 436 1079 Χωρήσατε
452 1044 533 1078 ὑμᾶς.
556 1053 565 1070 ι

251 1088 336 1115 Πάλιν
349 1088 395 1116 τὺν
409 1089 473 1125 περὶ
486 1090 598 1126 ἀγάπης
611 1091 681 1118 κινεῖ
696 1090 786 1126 λόγον,
803 1091 957 1119 συστέλλων
973 1092 1004 1120 rb

211 1133 302 1168 τραχὺ
315 1133 365 1169 τῆς
377 1134 573 1170 ἐπιτιμήσεως.
590 1135 664 1171 Ὅρα
687 1136 716 1163 δὲ
734 1136 793 1168 πῶς
817 1137 863 1164 καὶ
880 1137 1004 1170 ἐλεεινῶς

208 1178 254 1211 τὺ,
268 1179 438 1213 Χωρήσατε.
465 1180 578 1216 Ὅμοιον
600 1181 628 1208 δὲ
643 1181 681 1213 ὼς
697 1183 722 1208 ει
742 1181 836 1216 λέγοι·
860 1183 907 1214 Τίς
929 1184 1004 1218 ἡμᾶς

210 1223 364 1259 ἀπήλασεν,
375 1225 454 1260 φησὶ,
468 1226 511 1258 τίς
524 1225 637 1258 ἐξέϐαλε
653 1226 702 1262 τῆς
717 1222 894 1263 διανοίαςτῆς
905 1228 1003 1264 ὑμετέ-

208 1279 284 1306 ιρας;
299 1272 380 1298 πόθεν
396 1273 640 1309 στενοχωρούμεθα
652 1274 682 1301 ἐν
703 1274 783 1308 ὑμῖνς

244 1326 261 1343 π(
280 1317 381 1344 Οὐδένα
400 1317 581 1354 ⁴ιῑδικήσαμεν.
600 1328 610 1345 t

250 1361 319 1398 Ὅρα
340 1362 400 1395 πῶς
415 1363 497 1390 πάλιν
510 1364 541 1389 οὐ
553 1363 648 1399 τίθησι
673 1364 723 1396 τὰς
738 1364 915 1400 εὐεργεσίας,
943 1364 1002 1393 ἀλλ’

213 1407 414 1444 ἐπαχθέστερον
428 1409 475 1436 καὶ
492 1408 713 1446 πληκτικώτερον
728 1410 774 1438 τὸν
790 1411 869 1446 λόγον
884 1412 964 1438 ποιεῖ.

251 1463 261 1480 ι
284 1455 387 1481 Οὐδένα
401 1455 579 1491 ἐφθείραμεν.
598 1464 608 1481 ι

248 1501 403 1533 Τουτὲστιν,
419 1501 513 1528 οὐδένα
539 1502 730 1538 ἡπατήσαμεν,
745 1501 840 1538 ὥσπερ
858 1503 907 1530 καὶ
920 1502 1010 1537 ἄλλω,

205 1546 263 1582 ,χοῦ
270 1546 344 1581 λέγει
356 1555 363 1562 ”
373 1546 486 1580 Μήπως
496 1548 536 1581 ὡς
549 1550 565 1575 ὀ
576 1546 735 1583 ὄφιςειιῖὖν
744 1548 914 1584 ἠπάτησεν,
923 1550 1001 1577 οὓτω

213 1592 313 1627 φθαρῇ
329 1592 364 1619 τὰ
373 1592 507 1628 νοήματα
520 1593 614 1629 ὑμῶν.

242 1647 262 1665 1
279 1638 381 1665 Οὐδένα
390 1638 652 1675 ἐπλεονεκτήσαμεν.
671 1648 681 1665 ι

246 1684 306 1720 οὐχ
315 1685 492 1720 ἡρπάσαμεν,
510 1685 588 1721 φησὶ,
603 1686 638 1713 τά
647 1695 727 1714 τινων
737 1687 877 1723 χρήματα.

244 1740 263 1756 ἰ
278 1730 317 1757 Οὐ
330 1731 398 1767 πρὸς
414 1731 577 1767 κατάκρισιν
588 1731 669 1766 λέγω.
683 1741 698 1758 -ι

252 1776 364 1812 Ἐπειδὴ
376 1776 475 1812 ᾔσθετο
487 1776 537 1812 τῆς
553 1777 716 1814 βαρύτητος,
732 1777 933 1814 ὲπιδιορθοῦται
946 1779 1000 1807 πά-

210 1818 264 1849 λιν.

251 1876 262 1893 ε
279 1866 436 1903 Προείρηκα
447 1867 512 1904 γὰρ,
524 1868 565 1895 ὃτι
578 1869 607 1895 ιν
617 1870 679 1901 ταῖς
692 1869 820 1905 καρδίαις
833 1869 912 1905 ἡμῶν
927 1870 999 1903 ἐστε,

200 1914 253 1946 ἐἷς
266 1914 297 1941 τὺ
308 1915 506 1943 συναποθανεῖν
519 1916 565 1943 καὶ
579 1916 673 1952 συζῆν.
689 1926 700 1943 ι

247 1960 325 1996 Αὕτη
338 1961 452 1997 μεγίστη
463 1961 559 1996 -φιηλίας
570 1962 720 1995 ἀπόδειξις,
735 1962 800 1990 ὅταν
814 1961 1000 1998 καταφρονού-

213 2014 295 2041 μενος
311 2007 356 2033 καὶ
372 2007 569 2034 συναποθανεῖν
578 2008 671 2040 αὐτοῖς
678 2009 793 2044 αἱρῆται
807 2008 854 2035 καί
870 2008 997 2044 συζῆσαι.

214 2051 299 2079 Τοῦτο
309 2052 343 2079 ’δέ
356 2061 449 2089 φησιν,
480 2047 623 2082 ἐπιτείνων
645 2054 695 2090 τὴν
715 2055 835 2090 ἀγάπην.
861 2055 921 2081 "Evr
944 2054 998 2090 γὰρ

203 2098 260 2125 καὶ
276 2098 363 2132 φιλεῖν
387 2100 435 2127 καὶ
461 2099 603 2132 κινδύνους
626 2100 747 2136 φεύγειν,
762 2100 820 2127 ἀλλ’
841 2100 891 2135 οὐχ
918 2101 998 2136 ἡμεῖς

212 2143 295 2176 οὕτω,
311 2145 405 2180 φησίν.
434 2146 463 2173 '0
481 2146 511 2173 δὲ
528 2146 596 2179 νοῦς
613 2143 700 2178 οὗτος.
717 2147 765 2173 Ἂν
780 2146 884 2182 συμϐῇ,
903 2147 996 2182 φησιν,

1054 909 1136 942 beas,
1156 909 1276 937 furorem
1298 910 1359 945 ejus
1380 910 1565 938 destruxeris.
1584 909 1672 937 Porro
1693 911 1846 937 sanctitatis

1052 955 1177 987 nomine,
1193 962 1247 982 non
1265 956 1353 983 solum
1370 957 1524 983 castitatem
1542 959 1568 983 et
1586 956 1748 983 modestiam
1771 956 1845 983 indi-

1055 1004 1108 1032 cat,
1123 1007 1217 1027 verum
1230 1004 1257 1027 et
1270 1000 1454 1028 omnimodam
1473 1000 1674 1028 immunitatem
1683 1008 1699 1028 a
1712 1004 1824 1036 peccato
1834 1020 1844 1028 .

1092 1042 1173 1071 Vsus.
1191 1044 1217 1071 2.
1236 1053 1246 1070 ι
1260 1044 1358 1080 Capite
1371 1052 1432 1072 nos.
1454 1054 1464 1071 ι

1091 1088 1128 1117 De
1143 1089 1278 1117 cbaritate
1290 1094 1381 1118 movet
1398 1091 1501 1117 iterum
1513 1097 1680 1122 sermonem,
1699 1094 1727 1118 et
1745 1090 1846 1125 objur-

1054 1136 1172 1170 gationis
1185 1136 1308 1163 retundit
1320 1136 1510 1171 asperitatem.
1524 1135 1592 1163 Vide
1601 1140 1690 1163 autem
1701 1136 1843 1171 quomodo

1054 1186 1190 1215 quantave
1205 1182 1460 1209 commiseratione.
1478 1180 1571 1216 Capite
1586 1189 1644 1208 nos.
1665 1181 1751 1213 Quasi
1767 1181 1844 1208 dice-

1053 1230 1110 1254 ret:
1128 1227 1195 1260 Quis
1211 1234 1262 1255 nos
1274 1228 1390 1262 expulit,
1407 1227 1515 1262 inquit;
1532 1227 1595 1262 quis
1611 1235 1626 1254 e
1643 1231 1734 1255 mente
1753 1231 1845 1255 vestra

1052 1279 1105 1299 nos
1121 1272 1228 1306 abegit?
1239 1280 1324 1307 quare
1340 1273 1367 1300 in
1382 1273 1460 1301 vobis
1475 1272 1670 1300 coarctamur?

1091 1326 1101 1344 ι
1120 1317 1260 1345 Neminem
1276 1318 1409 1346 laesimus.
1426 1327 1436 1344 ι
1547 1345 1549 1347 _

1087 1362 1188 1398 Aspice
1203 1363 1341 1398 quomodo
1367 1371 1477 1391 rursum
1493 1370 1548 1390 non
1566 1367 1690 1391 recenset
1700 1363 1844 1398 beneﬁcia,

1053 1407 1101 1435 sed
1118 1409 1254 1436 acriorem
1266 1413 1293 1436 et
1306 1409 1462 1444 graviorem
1479 1409 1633 1436 orationem
1649 1409 1742 1436 struit.

1092 1463 1101 1480 ι
1119 1452 1259 1482 Neminem
1274 1455 1459 1489 corrupimus.
1483 1463 1493 1480 ι

1087 1499 1117 1527 id
1130 1503 1183 1531 est,
1196 1500 1336 1527 neminem
1348 1499 1508 1534 decepimus
1521 1508 1527 1526 :
1539 1499 1774 1534 quemadmodum
1790 1499 1846 1527 sci-

1053 1546 1116 1573 licet
1128 1546 1194 1574 alibi
1212 1547 1268 1573 ait:
1284 1546 1324 1573 Nc
1340 1546 1408 1581 forte
1422 1546 1490 1573 sicut
1504 1553 1610 1580 serpens
1625 1545 1710 1573 Evam
1722 1546 1840 1579 reduxit,

1052 1591 1092 1620 ita
1108 1596 1311 1627 corrumpantur
1323 1600 1415 1619 sensus
1429 1591 1506 1619 vestri
1521 1591 1554 1619 “.

1089 1646 1099 1663 ι
1114 1635 1255 1664 Neminem
1271 1636 1514 1664 circumvenimus.
1536 1645 1546 1663 I

1086 1682 1146 1710 Non
1161 1682 1316 1718 rapuimus,
1334 1681 1436 1717 inquit,
1456 1682 1572 1709 aliorum
1589 1681 1749 1711 facultates.

1086 1727 1169 1756 Vens.
1183 1729 1209 1756 5.
1233 1736 1243 1753 ι
1258 1727 1316 1755 Non
1330 1727 1364 1755 ad
1379 1728 1633 1756 condemnationem
1645 1727 1733 1756 dico.)

1085 1774 1222 1808 Quoniam
1236 1772 1373 1810 persensit
1384 1774 1519 1803 orationis
1527 1774 1703 1810 gravitatem,
1712 1774 1784 1802 hanc
1793 1774 1842 1804 de-

1050 1828 1107 1849 nuo
1119 1820 1245 1855 corrigit.

1088 1875 1098 1893 ‹
1116 1865 1184 1893 Nam
1197 1865 1323 1901 praedixi,
1342 1865 1416 1901 quod
1432 1865 1458 1892 in
1476 1865 1608 1893 cordibus
1633 1865 1738 1894 nostris
1761 1862 1840 1900 estis,

1050 1911 1084 1939 ad
1101 1910 1337 1939 commoriendum
1352 1914 1380 1938 et
1392 1910 1425 1938 ad
1440 1911 1652 1939 convivendum.
1674 1920 1684 1938 ι
1765 1915 1767 1918 ‘

1085 1955 1232 1985 Maximum
1256 1957 1308 1984 hoc
1334 1956 1444 1984 exsistit
1469 1961 1671 1992 argumentum
1700 1958 1838 1992 amicitiae,

1049 2003 1160 2039 quando
1177 2003 1223 2038 qui
1246 2002 1408 2037 despicitur,
1419 2002 1443 2030 is
1464 2002 1645 2030 nihilominus
1672 2003 1754 2031 simul
1776 2012 1838 2031 cum

1049 2049 1114 2082 illis,
1125 2052 1152 2077 et
1162 2048 1240 2079 mori,
1253 2051 1280 2074 et
1290 2047 1380 2074 vivere
1391 2047 1485 2082 eligit:
1498 2048 1552 2074 hoc
1561 2052 1653 2075 autem
1664 2048 1712 2080 ait,
1723 2052 1751 2075 ut
1765 2056 1841 2076 amo-

1049 2102 1106 2122 rem
1117 2097 1228 2129 augeat.
1237 2092 1377 2127 Contingit
1386 2092 1469 2124 enim,
1480 2096 1509 2119 ut
1518 2092 1580 2126 quis
1590 2097 1671 2126 amet,
1680 2097 1707 2120 et
1717 2093 1839 2129 pericula

1049 2140 1136 2176 fugiat
1153 2147 1160 2166 :
1178 2146 1229 2167 nos
1244 2146 1310 2166 vero
1324 2146 1379 2165 non
1396 2137 1557 2166 ita.Sensus
1573 2142 1663 2166 autem
1673 2139 1718 2166 hic
1732 2144 1774 2167 est
1788 2147 1794 2165 :
1808 2139 1838 2167 Si

212 2189 532 2226 tﬁVEXOﬁVdI‘XMDVOV,
544 2193 631 2219 πάντα
645 2192 753 2227 ἕτοιμός
767 2193 825 2228 sint
839 2192 909 2228 ὑπὲρ
920 2187 997 2227 ὑμῶν

1052 2185 1206 2223 periculum
1221 2185 1365 2220 contingat
1388 2183 1546 2215 imminere,
1573 2185 1765 2220 paratissimus
1777 2194 1838 2214 sum

211 2235 320 2268 παθεῖν,
332 2236 381 2263 καὶ
391 2236 454 2263 οὔτε
466 2237 591 2271 θάνατος,
599 2237 665 2264 οὔτε
677 2238 733 2273 ζωή
744 2238 790 2273 μοί
798 2246 823 2264 τι
839 2237 997 2264 κατὰγτοῦτο

211 2281 334 2316 φαίνεται
344 2290 351 2298 ·
364 2282 423 2309 ἀλλ’
439 2282 504 2310 ἔνθα
520 2283 650 2319 ἐὰνζῆτε
664 2284 753 2319 ὑμεῖς,
769 2283 849 2310 τοῦτο
859 2283 922 2319 ἐμοὶ
931 2291 998 2318 προ-

209 2327 372 2364 τιμώτερον,
390 2329 438 2356 καὶ
452 2329 569 2361 Θάνατος
582 2328 666 2364 ζωῆς,
683 2330 733 2357 καὶ
742 2329 802 2365 ζωὴ
816 2329 942 2357 θανάτου.

249 2425 259 2442 ι
276 2416 364 2452 Πολλή
384 2426 428 2452 μοι
444 2417 586 2453 παρρησία
599 2417 666 2452 πρὸς
676 2418 748 2452 ὑμᾶς
758 2427 765 2433 ·
778 2417 861 2453 πολλή
876 2426 920 2453 μοι
935 2417 997 2444 καύ-

210 2470 289 2497 χησις
302 2463 372 2498 ὑπὲρ
384 2463 470 2498 ὑμῶν.
489 2472 500 2489 ι

248 2507 297 2534 Διὰ
314 2507 492 2545 τοῦτο,φησὶ,
511 2509 624 2537 τοιαῦτα
643 2510 733 2544 λέγειν
749 2508 857 2544 τολμῶ,
882 2509 913 2535 οὐ
929 2509 996 2544 πρὸς

212 2553 385 2589 κατάκρισιν,
402 2555 470 2583 ἀλλὰ
479 2556 523 2583 διὰ
534 2556 584 2590 τὴν
602 2556 702 2592 πολλὴν
715 2555 883 2592 παρρησίαν.

249 2653 259 2670 ι
273 2645 460 2681 Πεπλήρωμαι
473 2642 505 2682 τῇ
521 2647 703 2683 παρακλήσει.
721 2656 730 2673 ι

246 2689 314 2716 Ποία
334 2690 515 2727 παρακλήσει,
543 2692 559 2727 ἦ
589 2693 621 2728 τῇ
642 2692 707 2728 παρ’
720 2691 808 2727 ὑμῶν.
824 2690 865 2717 ὅτι
883 2690 995 2726 διορθω-

210 2733 312 2768 οέντες,
331 2736 423 2770 φησιν,
440 2736 485 2764 διὰ
495 2737 549 2764 τῶν
563 2737 653 2773 ἔργων
676 2736 885 2775 παρακαλέσατέ
906 2744 958 2771 FS;

248 2836 270 2853 “
285 2836 295 2864 Ι
309 2835 372 2865 Cor.
392 2845 432 2871 ιι,
448 2837 478 2865 '5.

1048 2240 1101 2269 pro
1115 2232 1194 2260 vobis
1209 2231 1264 2266 pati
1279 2239 1285 2257 :
1298 2237 1387 2265 neque
1399 2229 1561 2257 mihihaciu
1573 2237 1668 2262 causa.
1681 2231 1739 2258 sive
1751 2239 1837 2264 mors,

1048 2279 1106 2306 sive
1118 2277 1174 2304 vita
1186 2275 1291 2311 aliquid
1307 2282 1367 2303 esse
1394 2275 1524 2302 videntur
1540 2274 1607 2302 :sed
1623 2275 1687 2302 dum
1699 2283 1749 2303 vos
1763 2277 1838 2304 viva-

1048 2323 1096 2355 tis,
1115 2323 1168 2350 hoc
1181 2322 1247 2349 mihi
1259 2324 1301 2348 est
1325 2319 1488 2357 eligibilius,
1518 2327 1651 2356 morsque
1667 2321 1724 2348 vita
1748 2321 1839 2356 potior

1047 2372 1100 2399 est,
1114 2371 1142 2395 et
1156 2366 1208 2393 vita
1222 2368 1320 2392 morte.

1083 2411 1167 2440 Vens.
1183 2412 1210 2439 4.
1226 2420 1235 2437 ι
1257 2408 1347 2437 Multa
1373 2409 1441 2437 mihi
1470 2410 1572 2438 ﬁducia
1606 2413 1648 2438 est
1670 2409 1743 2444 apud
1763 2417 1835 2444 vos;

1046 2457 1131 2484 multa
1150 2455 1218 2483 mihi
1231 2455 1358 2491 gloriatio
1376 2462 1426 2489 pro
1441 2455 1531 2482 vobis.
1557 2463 1566 2480 ι

1084 2502 1157 2536 ideo,
1176 2501 1277 2536 inquit,
1307 2500 1366 2527 haec
1394 2499 1482 2527 audeo
1511 2499 1591 2526 vobis
1608 2498 1682 2534 loqui
1701 2506 1709 2530 ;
1729 2505 1784 2526 non
1805 2503 1835 2526 ut

1046 2551 1240 2583 condemnem,
1256 2547 1304 2576 sed
1323 2555 1376 2582 qua
1392 2547 1463 2582 apud
1480 2553 1527 2574 vos
1546 2552 1607 2574 utor
1637 2547 1764 2575 libertate
1791 2547 1834 2575 di-

1045 2595 1135 2623 cendi.

1085 2649 1094 2665 ι
1112 2637 1243 2673 Replctus
1256 2643 1316 2662 sum
1332 2634 1534 2663 consolatione.
1557 2644 1567 2660 ι

1082 2683 1161 2716 Quali
1190 2689 1256 2709 vero
1284 2679 1484 2713 censolatione,
1504 2679 1555 2707 nisi
1572 2688 1603 2707 ea
1621 2687 1701 2715 quam
1723 2687 1737 2706 a
1757 2680 1834 2708 vobis

1047 2729 1154 2764 accepi,
1172 2735 1225 2763 qua
1241 2726 1355 2754 mutatis
1370 2726 1452 2754 factis
1471 2731 1499 2755 ct
1515 2726 1679 2760 emendatis,
1707 2726 1832 2756 solamen

1048 2776 1115 2806 mibi
1136 2773 1268 2802 attulistis
1282 2772 1294 2799 ἲ
