2078 3116
260 125 313 158 743

298 178 374 215 14],
404 188 412 204 ι
431 176 630 213 Superabundo
661 174 760 210 gaudio
784 174 810 201 in
836 174 909 201 onmi
933 174 1049 201 tribula-
1066 178 1087 205 Α

260 227 333 254 tione
353 230 458 253 nostra.
479 223 575 260 [Vens
591 223 632 259 5.]
657 222 724 249 Nam
740 229 803 249 cutn
824 222 997 249 venissemus
1021 221 1049 247 in

261 272 461 302 Macedoniam,
482 280 492 296 ι

295 318 324 346 ld
339 324 391 349 est.
408 317 481 344 haud
497 317 615 352 amplius
633 316 723 351 lugeo,
741 314 789 342 sed
805 321 866 342 sum
885 317 1010 341 sanatus.

297 372 309 390 α
327 363 434 390 Nullam
449 363 573 398 requiem
590 362 686 389 habuit
698 368 762 389 caro
774 364 879 388 nostra.
897 368 906 385 ι

295 411 364 442 Quia
393 409 569 436 amictionem
598 409 723 440 dixerat,
752 410 856 442 quanta
884 413 992 440 quoque
1018 411 1050 432 ea

260 455 343 482 fuerit
363 454 471 487 eﬂ'atur,
495 461 610 489 eamque
637 453 729 480 verbis
749 451 864 483 extollit,
882 456 912 477 ut
934 450 1053 484 explicet

261 508 341 536 quam
357 508 487 536 magnum
505 500 604 527 exinde
624 506 746 526 amorem
765 497 935 532 conceperit,
951 503 1053 524 conso—

262 548 464 582 .ationemque,
494 549 521 573 et
538 545 685 581 gaudium,
714 544 827 579 expulso
854 542 964 570 detnum
996 545 1051 568 tam

262 593 338 628 gravi
355 593 459 620 dolore.

298 649 308 664 ι
325 639 378 666 Sed
396 645 504 665 omnem
522 637 728 664 tribulationem
744 635 821 671 passi
835 643 942 663 sumus.
959 644 968 661 ι

297 683 414 715 Quinam
432 683 458 709 id
473 683 572 708 factum
589 682 633 714 sit,
649 682 676 708 in
694 681 826 708 orationis
840 681 909 708 serie
920 679 1050 708 declarat.

299 739 309 755 ε
326 728 404 756 Foris
419 735 526 763 pugnte.
544 737 554 754 ι

296 777 338 803 Ab
352 775 512 803 incredulis.

300 831 310 848 ι
328 822 403 849 Intus
420 822 541 849 timores.
557 820 654 857 [Vt-ms.
671 820 697 853 6,
712 819 753 856 7.]
770 820 822 848 Sed
833 820 881 855 qui
896 820 1054 848 consolatur

853 121 884 149 S.
900 117 1062 150 JOIXNNIS
1075 116 1291 148 DAMASCENI

1836 115 1887 148 744

1141 183 1149 199 ι
1167 172 1454 209 ’Υπερπερισσεύομαι
1470 172 1502 208 τῇ
1517 173 1589 208 χαρᾷ
1599 172 1644 198 ἐπὶ
1660 171 1735 207 πάσῃ
1751 172 1783 206 τῇ
1801 171 1888 206 θλίψει

1100 220 1189 255 ἡμῶν.
1211 220 1266 246 Καὶ
1281 220 1335 255 γὰρ
1351 219 1483 246 ἐλθόντων
1497 219 1577 254 ἡμῶν
1594 220 1633 250 εἰς
1649 218 1850 245 Μακεδονίανηι

1137 307 1278 341 Τουτέστι,
1290 308 1383 335 πλεῖον
1401 309 1430 335 οὺ
1445 308 1614 344 λελύπημαι,
1636 309 1854 345 τεθεράπευμαι.

1140 362 1148 378 ι
1162 353 1296 389 Οὐδεμίαν
1311 354 1429 390 ἔσχηκεν
1443 355 1562 391 ἄνεσινή
1583 355 1651 391 σὰρξ
1664 355 1755 390 ἡμῶν.
1768 364 1776 380 ι

1144 399 1253 435 Ἐπειδὴ
1278 399 1366 433 εἶπεν,
1391 402 1441 438 τὴν
1458 401 1565 437 θλίψιν,
1583 402 1658 436 λέγει
1679 402 1725 428 καὶ
1742 402 1852 436 ποταπὴ
1873 403 1888 436 ἡ

1102 444 1202 481 θλίψις,
1222 447 1270 474 καὶ
1284 448 1393 484 ἐπαίρει
1408 448 1493 484 αὐτὴν
1509 449 1547 484 τῷ
1561 448 1642 483 λόγῳ,
1655 448 1699 475 ἵνα
1713 447 1788 483 δείξῃ
1804 448 1890 482 πόσην

1103 493 1223 529 σπουδὴν
1243 494 1275 521 ἐκ
1304 495 1425 528 τούτων,
1453 495 1500 522 καὶ
1529 495 1721 530 παραμυθίαν,
1739 495 1786 522 καὶ
1801 495 1890 530 χαρὰν

1103 539 1242 576 ἐποίησεν,
1261 540 1289 567 εἴ
1307 550 1338 575 γε
1355 541 1490 577 τοσαύτην
1507 541 1698 576 ἀπεκρούσατο
1711 540 1820 577 ὀδύνην.

1142 640 1151 657 ι
1172 630 1241 657 Ἀλλ·
1257 631 1286 657 ἐν
1303 631 1386 658 παντὶ
1401 630 1567 667 θλιϐόμενοι.
1580 640 1590 656 ι

1139 676 1194 702 Καὶ
1207 676 1280 710 πῶς;
1297 676 1425 712 δηλοῦται
1440 675 1483 702 διὰ
1501 676 1554 702 τῶν
1567 676 1642 711 ἑξῆς.

1143 731 1152 747 ι
1166 721 1287 754 Ἐξωθεν
1305 722 1402 757 μάχαι.
1415 731 1425 747 ι

1140 768 1221 803 Παρὰ
1234 768 1289 795 τῶν
1300 768 1434 796 ἀπίστων.

1142 824 1152 840 ι
1167 815 1291 841 Ἐσωθεν
1308 815 1405 849 φόϐος·
1427 815 1508 843 mut
1539 815 1706 850 παρακαλῶν
1721 816 1783 848 τοὺς
1798 823 1893 843 ταπειε-

262 867 391 899 humiles,
409 867 569 894 consolatus
583 871 626 895 est
642 875 694 894 nos
715 867 787 894 Deus
799 867 826 894 in
842 866 962 894 adventu
985 866 1050 893 Titi.

1104 859 1166 891 νοὺς
1181 861 1195 887 ὸ
1207 860 1284 894 Θεὸς,
1305 861 1495 897 παρεκάλεσεν
1509 863 1584 897 ἡμᾶς
1599 862 1628 889 ὲν
1645 864 1677 898 τῇ
1695 863 1831 899 παρουσίᾳ
1844 864 1892 889 Τί-

263 911 324 939 Νοη
339 911 428 939 solum
452 916 543 939 autem
561 912 589 939 in
617 912 735 939 adventu
751 913 812 947 ejus
827 932 834 944 ,
863 912 912 940 sed
926 913 1008 940 etiam
1024 913 1052 940 in

264 957 463 990 consolatione,
480 965 534 993 qua
550 957 709 986 consolatus
725 962 767 985 est
782 958 809 984 in
824 957 913 990 vobis,
930 957 1053 986 referens

263 1003 355 1030 nobis.
370 1012 379 1028 ι

299 1047 414 1083 Propter
433 1048 557 1076 inﬂrmos
587 1056 702 1083 nempe,
729 1057 764 1077 ne
791 1049 967 1080 seducatuur.
993 1049 1053 1077 Non

264 1094 353 1121 solum
372 1094 445 1121 enim
476 1095 628 1122 Corinthiis
656 1095 722 1123 talia
747 1096 932 1132 signiﬁcabat,
959 1104 1054 1125 verum

263 1141 345 1167 etiam
363 1140 390 1167 in
405 1140 464 1168 aliis
478 1141 556 1169 locis.

303 1195 312 1212 ι
329 1186 455 1213 Vestrum
477 1186 657 1219 desiderium,
674 1191 796 1224 vestrum
814 1187 918 1221 ﬂetum,
933 1193 1053 1217 vestram

263 1231 464 1258 aemulationem
481 1239 530 1266 pro
549 1240 602 1264 me,
621 1232 658 1259 ita
675 1237 704 1259 ut
723 1235 810 1267 magis
830 1233 988 1268 gauderem.
1007 1244 1016 1260 ι

299 1277 434 1309 Quoniam
448 1284 546 1311 magna
558 1277 592 1304 dc
607 1277 660 1304 illis
673 1279 836 1306 testiﬁcatus
850 1284 903 1313 est,
914 1287 948 1307 ne
961 1288 1055 1309 assen-

265 1325 316 1350 tari
330 1327 482 1357 pularetur,
502 1323 594 1349 Titum
615 1327 713 1351 testem
731 1325 855 1358 adhibet,
871 1327 916 1360 qui
937 1327 971 1354 ab
987 1327 1054 1362 ipsis

264 1368 298 1395 ad
318 1368 432 1395 Paulum
453 1373 620 1403 perrexerat,
636 1377 699 1396 cum
717 1370 781 1397 data
807 1376 883 1399 esset
909 1373 982 1408 prior
996 1374 1055 1409 epi-

265 1415 347 1442 stula.
767 1444 771 1453 ί

303 1460 384 1487 Vens.
398 1461 425 1493 8,
441 1461 468 1488 9.
496 1470 504 1486 I
525 1460 660 1494 Quoniam
678 1466 706 1490 et
722 1463 746 1490 si
770 1464 932 1492 contristari
953 1473 1001 1493 vos
1027 1465 1055 1493 in

265 1506 392 1541 epistola,
409 1514 464 1534 non
489 1515 532 1534 me
552 1509 688 1542 poenitet;
704 1514 732 1536 et
747 1510 770 1537 si
786 1511 941 1545 pteniteret,
959 1511 1054 1540 videns
1068 1529 1090 1558 Ο

264 1552 337 1587 quod
352 1553 467 1587 epistola
485 1553 530 1580 illa
549 1554 612 1589 (etsi
627 1554 661 1581 ad
677 1555 784 1591 horam)
803 1564 852 1584 vos
869 1557 1053 1590 contristavit,

265 1607 335 1625 nunc
351 1599 467 1634 gaudeo,
487 1607 542 1627 non
560 1599 625 1635 quia
643 1601 798 1629 contristati
814 1603 891 1630 estis.
910 1613 919 1629 ι

302 1644 363 1672 llaec
382 1645 569 1678 denuntiabat,
584 1653 618 1673 eo
633 1647 707 1681 quod
728 1651 803 1674 tanta
818 1648 908 1676 fuerat
921 1651 1056 1685 pceniten-

265 1690 302 1716 tia
314 1690 533 1723 Corinthiorum,
550 1697 652 1728 quanta
667 1693 816 1721 mmulatio.
831 1694 1054 1730 zEmulationem,

265 1735 421 1763 studiumve
447 1736 524 1770 dicit,
548 1745 604 1772 quo
621 1737 711 1772 ipsum
735 1740 983 1774 prosequebantur.
1010 1743 1056 1769 Ait

264 1789 330 1816 ergo
346 1791 352 1809 ε
372 1782 439 1815 Quia
453 1790 500 1810 vos
516 1783 625 1810 accensi
639 1784 705 1811 estis
716 1789 743 1812 et
760 1784 932 1819 inﬂammati,
945 1788 1055 1822 quando

264 1828 407 1863 epistolam
426 1836 513 1856 meam
530 1830 685 1864 accepistis,
704 1830 808 1858 idcirco
822 1833 921 1860 eximie
938 1835 1054 1869 gaudeo.

302 1882 311 1899 ι
332 1874 385 1901 Sed
402 1875 466 1910 quia
485 1876 642 1903 contristati
659 1878 726 1905 estis
740 1878 773 1905 ad
791 1879 991 1913 paenitentiam.
1008 1891 1018 1907 ι

299 1920 458 1956 Apologiam
478 1923 545 1949 te.\it
560 1923 683 1957 epistola:
700 1924 813 1958 prioris.
825 1925 894 1953 Nam
910 1935 972 1954 cum
992 1935 1056 1964 pec-

264 1971 355 1993 catum
373 1967 549 1994 emendatum
573 1973 657 2001 esset,
678 1970 747 1997 citra
768 1971 921 2005 periculum
948 1977 1055 2008 poterat

264 2021 311 2040 cos
328 2021 439 2041 curare.
456 2013 534 2042 Velut
557 2016 581 2041 si
613 2016 737 2045 diceret:
760 2018 893 2051 Quamvis
919 2020 956 2046 ita
985 2021 1055 2048 scri-

264 2061 390 2094 psissem,
415 2064 444 2087 ut
462 2060 664 2096 objurgatiouis
680 2066 871 2098 transgressus
887 2073 976 2093 essem
996 2073 1054 2093 mo-

263 2106 339 2138 dum,
358 2110 385 2132 et
403 2113 475 2132 nunc
493 2114 535 2133 me
557 2108 721 2141 pmniteret;
744 2112 865 2137 attamen
890 2110 986 2146 ingens
1012 2112 1054 2139 lu-

264 2159 341 2177 crum
357 2151 428 2185 quod
448 2151 510 2179 inde
526 2152 589 2184 feci,
613 2161 667 2180 non
686 2162 729 2181 me
744 2155 870 2189 permisit
886 2158 1051 2191 paenitentia

1103 915 1163 934 του.
1179 907 1216 933 Ού
1230 907 1311 942 μόνον
1329 907 1356 934 δέ
1368 908 1396 934 ἐν
1408 910 1442 944 τῇ
1457 909 1595 944 παρουσίᾳ
1613 908 1707 942 αὑτοῦ,
1721 909 1790 936 ἀλλὰ
1802 910 1848 936 καὶ
1865 910 1893 935 ἐν

1103 954 1137 988 τῇ
1154 953 1342 989 παρακλήσει·
1357 951 1374 991 ᾖ
1390 953 1551 990 παρεκλήθη
1566 954 1609 990 ἐφ’
1628 955 1704 990 ὑμῖν,
1717 955 1894 990 ἀναγγέλλων

1104 999 1181 1034 ἡμῖν.
1197 1008 1206 1024 ι

1139 1046 1190 1072 Διὰ
1206 1047 1270 1078 τοὺς
1288 1045 1412 1078 ἀσθενεῖς
1423 1045 1477 1073 τῶν
1492 1046 1607 1080 πιστῶν,
1624 1047 1663 1082 μὴ
1684 1047 1893 1083 παρασυρῶσιν.

1105 1091 1174 1118 Οὐδὲ
1189 1091 1244 1127 γὰρ
1264 1092 1340 1128 παρὰ
1351 1092 1507 1128 Κορινθίοις
1520 1093 1600 1129 μόνον
1613 1093 1726 1121 τοιαῦτα
1741 1094 1893 1129 ἐσήμανεν,

1105 1135 1174 1163 ἀλλὰ
1189 1138 1237 1163 καὶ
1253 1137 1384 1172 ἀλλαχοῦ.

1143 1193 1153 1209 ι
1167 1183 1223 1219 Τὴν
1247 1183 1325 1219 ὑμῶν
1348 1184 1523 1221 ἐπιπόθησιν,
1539 1185 1585 1212 τὸν
1603 1185 1682 1221 ὑμῶν
1701 1186 1832 1222 ὀδυρμδν,
1847 1186 1894 1214 τδν

1106 1230 1183 1267 ὑμῶν
1197 1231 1278 1266 ζῆλον
1294 1233 1364 1268 ὺπέρ
1376 1233 1456 1268 ἐμοῦ,
1472 1234 1543 1261 ὥστε
1559 1235 1609 1270 ἐμὲ
1623 1235 1723 1269 μᾶλλον
1735 1236 1864 1271 χαρῆναι.
1881 1246 1890 1262 ι

1146 1277 1257 1313 Ἐπειδὴ
1276 1278 1382 1313 μεγάλα
1397 1279 1489 1311 αὐτοῖς
1503 1279 1707 1315 ἐμαρτύρησεν,
1719 1281 1763 1308 ἵνα
1779 1282 1816 1317 μὴ
1830 1282 1894 1319 δόξῃ

1106 1321 1276 1355 κολακεύειν,
1295 1323 1422 1359 μάρτυρα
1434 1323 1527 1355 αὐτοῖς
1540 1325 1661 1359 παράγει
1675 1325 1765 1356 Τίτον,
1781 1325 1811 1357 ὃς
1827 1327 1894 1361 παρ’

1105 1369 1197 1396 αὐτῶν
1208 1369 1322 1404 ἀφίκετο
1332 1370 1401 1406 πρὸς
1416 1370 1522 1398 Παῦλον
1537 1371 1609 1407 μετὰ
1623 1371 1671 1407 τὴν
1681 1372 1816 1408 προτέραν
1834 1373 1895 1399 ἐπι.

1107 1415 1215 1450 στολήν.

1146 1471 1155 1487 ι
1170 1462 1232 1489 Ὅτι
1248 1462 1273 1488 εί
1297 1463 1344 1489 καὶ
1361 1461 1486 1498 ἐλύπησα
1509 1463 1582 1498 ὑμᾶς
1601 1464 1630 1490 ἐν
1652 1465 1685 1499 τῇ
1706 1465 1846 1501 ἐπιστολῇ,
1862 1465 1892 1492 οὗ

1109 1508 1311 1543 μεταμέλομαι,
1329 1510 1352 1535 εί
1370 1509 1418 1536 καὶ
1444 1509 1644 1545 μετεμελόμην.
1658 1510 1754 1537 Βλέπω
1769 1511 1835 1547 γὰρ,
1852 1512 1894 1538 ὅτι

1106 1553 1273 1588 ήέπιστολὴ
1302 1554 1406 1589 ἐκείνη,
1427 1555 1452 1580 εί
1481 1555 1529 1580 καὶ
1557 1554 1626 1590 πρὸς
1655 1555 1730 1591 ὤραν
1760 1556 1894 1591 ἐλύπησεν

1107 1597 1190 1633 ὑμᾶς,
1211 1598 1259 1625 νῦν
1277 1599 1375 1635 χαίρω,
1392 1599 1441 1635 οὐχ
1452 1600 1493 1626 ὅτι
1505 1600 1672 1636 ἐλυπήθητε,
1686 1611 1695 1628 t

1142 1643 1235 1670 Ταῦτα
1252 1644 1424 1680 ἀπήγγελλεν
1434 1645 1458 1678 ιι,
1478 1645 1518 1672 ὅτι
1533 1646 1668 1682 τοσαύτην
1683 1647 1829 1682 μετάνοιαν
1843 1648 1894 1684 τὴν

1107 1689 1261 1724 Κορινθίων
1272 1711 1280 1724 ,
1298 1691 1344 1717 τὸν
1359 1690 1451 1725 ζῆλον.
1469 1691 1572 1725 Ζῆλον
1594 1692 1623 1718 δέ
1645 1701 1723 1727 φησι,
1738 1694 1784 1720 τὸν
1797 1693 1893 1721 αὑτοῦ.

1107 1737 1187 1770 Λέγει
1198 1735 1254 1763 οὖν·
1274 1737 1460 1772 Ἐπυρώοητε,
1473 1738 1521 1765 καὶ
1530 1738 1825 1774 ἐξεκάητε,δεξάμενοί
1842 1748 1894 1775 μου

1106 1782 1140 1809 τὰ
1153 1783 1282 1819 γράμμα,
1297 1783 1342 1810 διὰ
1351 1783 1438 1810 ταῦτα
1450 1785 1606 1820 περισσεύω
1620 1786 1653 1820 τῇ
1668 1785 1751 1820 χαρᾷ.

1144 1883 1154 1899 ι
1177 1873 1246 1900 Ἀλλ’
1262 1874 1302 1901 ὅτι
1318 1874 1472 1911 ἐλυπήθητε
1486 1875 1526 1906 εἰς
1547 1877 1702 1911 μετάνοιαν.
1717 1885 1726 1901 ι

1149 1919 1336 1954 ’Δπολογεῖται
1365 1920 1457 1947 λοιπὸν
1485 1921 1556 1957 ὑπὲρ
1585 1922 1635 1957 τῆς
1662 1922 1827 1957 ἐπιστολῆς,
1852 1923 1893 1950 ὅτι

1105 1965 1246 1992 ἀκίνδυνον
1261 1964 1294 2001 ἦν
1310 1967 1410 1998 αὐτοὺς
1432 1966 1594 2002 θεραπεύειν
1618 1969 1667 2002 τῆς
1681 1968 1821 2003 ἁμαρτίας
1842 1969 1894 2003 τῆς

1105 2011 1308 2047 διοροωθείσης.
1323 2013 1436 2048 Ὅμοιον
1451 2013 1480 2040 δέ
1489 2013 1526 2045 ὡς
1538 2014 1563 2039 εί
1579 2013 1669 2048 λέγοι·
1683 2015 1706 2041 εί
1720 2015 1767 2041 καὶ
1781 2011 1893 2042 τοιαῦτα

1104 2055 1138 2092 ἦν
1163 2057 1198 2084 τὰ
1213 2059 1356 2094 γραφέντα
1379 2059 1444 2094 παρ’
1468 2059 1547 2095 ἐμοῦ,
1566 2059 1636 2086 ὥστε
1663 2061 1839 2097 ὑπερϐαίνειν
1862 2063 1893 2089 τὸ

1107 2105 1206 2139 μέτρον
1219 2105 1270 2139 τῆς
1280 2106 1476 2140 ἐπιτιμήσεως,
1491 2107 1539 2133 καὶ
1552 2107 1664 2142 ποιῆσαί
1685 2116 1718 2142 με
1737 2108 1894 2144 μεταμεληο

1105 2150 1196 2187 θῆναι,
1216 2151 1285 2178 ἀλλὰ
1303 2152 1334 2178 τὸ
1350 2152 1428 2185 πολὺ,
1442 2153 1538 2188 κέρδος
1551 2153 1581 2179 τὺ
1600 2153 1631 2186 ἐξ
1642 2154 1732 2180 αὐτῶν
1747 2155 1797 2181 οὐκ
1817 2155 1893 2182 εἴασέ

264 2196 337 2223 duci.
350 2195 396 2223 Sic
408 2204 491 2231 porro
509 2197 682 2232 loquebatur,
702 2207 757 2226 non
777 2200 841 2235 quia
858 2201 929 2229 ultra
941 2203 1052 2231 modum

1108 2205 1142 2232 με
1157 2197 1390 2233 μεταμεληθῆναι.
1407 2199 1501 2226 Ταῦτα
1517 2199 1546 2226 δέ
1567 2199 1670 2233 ἔλεγεν,
1687 2199 1736 2234 οὐχ
1758 2199 1796 2232 ὡς
1823 2200 1893 2235 ἁμέ-

264 2243 465 2277 iucrepaverat,
483 2243 529 2270 sed
553 2248 583 2270 ut
603 2244 757 2279 majoribus
769 2254 817 2274 eos
840 2247 970 2278 laudibus
990 2258 1055 2286 pro-

264 2292 437 2322 sequeretur.
450 2287 544 2315 Talem
561 2290 633 2316 enim
647 2291 867 2320 emendationem
880 2295 1052 2330 exhibuistis,

265 2334 364 2370 inquit,
379 2339 419 2368 ut,
430 2335 538 2362 etiamsi
551 2336 740 2366 vehementius
752 2346 802 2367 vos
815 2341 1052 2375 perstrinxissem,

266 2381 360 2416 sicque
375 2385 403 2407 ut
419 2388 462 2408 me
478 2381 559 2408 modo
576 2382 802 2416 condemuarem,
820 2384 902 2412 hodie
917 2386 1053 2421 nteipsum

265 2427 383 2460 laudent,
404 2428 468 2462 quia
485 2427 588 2454 bonunt
607 2428 710 2456 exitum
728 2437 772 2456 res
787 2429 892 2457 habuit.

302 2483 311 2499 ι
331 2473 496 2501 Contristati
515 2473 587 2500 enim
610 2474 677 2501 estis
693 2475 844 2502 secundum
861 2475 957 2509 Deum,
981 2481 1010 2504 ut
1024 2478 1052 2505 in

265 2520 342 2547 nullo
359 2520 554 2547 detrimentum
572 2520 712 2554 patiamini
731 2529 762 2548 ex
779 2521 870 2549 nobis.
893 2522 989 2558 [\'Ens.
1007 2524 1051 2557 10,

264 2566 322 2602 11.]
340 2566 405 2599 Qua:
418 2565 490 2592 enim
507 2566 660 2593 secundum
682 2567 767 2594 Deum
789 2568 903 2595 tristitia
919 2573 972 2604 est,
992 2578 1052 2606 pm-

263 2613 406 2639 uitentiam
427 2612 454 2639 iu
484 2613 600 2640 salutent
628 2613 754 2640 stabilem
776 2618 906 2648 operatur
927 2623 935 2642 :
958 2617 1051 2644 saeculi

263 2664 354 2685 autem
371 2658 485 2685 tristitia
512 2662 629 2686 mortem
648 2663 790 2694 operatur.
810 2659 879 2687 Ecce
902 2661 974 2688 enim
1000 2662 1051 2689 hoc

263 2704 352 2739 ipsum
381 2705 533 2732 secundum
560 2705 644 2732 Deum
667 2707 826 2734 contristari
842 2715 901 2739 vos,
920 2714 1050 2743 quantam

264 2749 292 2776 in
310 2749 387 2777 vobis
404 2754 532 2784 operatur
543 2750 757 2778 sollicitudinem
766 2751 777 2777 ‘?
790 2761 799 2776 ι

1102 2253 1176 2280 τρως
1190 2245 1367 2280 ἐπιτιμήσας,
1387 2245 1455 2272 ἀλλὰ
1474 2245 1510 2272 τὰ
1525 2247 1651 2281 ἐγκώμια
1672 2246 1763 2273 αὐτῶν
1790 2246 1890 2280 αὔξων.

1103 2291 1239 2327 Τοιαύτην
1254 2292 1309 2327 γὰρ
1335 2292 1511 2325 ἐπεδείξασθε
1535 2293 1585 2328 τὴν
1598 2292 1752 2328 διόρθωσιν,
1777 2293 1850 2320 ὥστε
1866 2294 1892 2320 εί

1104 2338 1151 2364 καὶ
1170 2338 1266 2373 ἔτυχον
1293 2338 1474 2374 σφοδρότερον
1497 2339 1663 2374 ἐπιπλήξας,
1680 2339 1729 2366 καὶ
1751 2339 1839 2371 οὕτως
1853 2340 1890 2370 ὼς

1104 2385 1151 2411 καὶ
1167 2385 1342 2419 καταγνῶναι
1359 2385 1490 2421 ἐμαυτοῦ,
1509 2386 1631 2412 ἐπαινεῖν
1642 2385 1688 2413 νῦν
1705 2386 1823 2421 ἐμαυτὸν
1837 2386 1891 2413 ἀπὸ

1104 2431 1151 2458 τοῦ
1165 2431 1270 2463 τέλους.

1143 2487 1152 2503 ι
1173 2477 1343 2513 Ἐλυπήθητε
1368 2478 1423 2513 γὰρ
1438 2478 1509 2505 κατὰ
1533 2479 1609 2512 Θεὸν,
1626 2479 1669 2506 ἶνα
1684 2480 1713 2505 ἐν
1730 2479 1826 2515 μηδενὶ
1841 2480 1891 2514 ζη-

1104 2524 1225 2560 μιωθῆτε
1250 2524 1280 2558 ἐξ
1303 2525 1390 2559 ἡμῶν.
1412 2524 1444 2551 Ἦ
1464 2526 1518 2561 γὰρ
1534 2526 1606 2552 κατὰ
1630 2526 1696 2552 Θεὸν
1713 2526 1786 2562 λύπη
1808 2526 1892 2561 μετὰ·

1103 2579 1177 2598 νοιαν
1193 2572 1233 2602 είς
1252 2571 1391 2607 σωτηρίαν
1405 2572 1613 2607 ἀμεταμέλητον
1638 2572 1784 2608 ἐργάζεται
1796 2581 1803 2587 ·
1820 2573 1836 2607 ὴ
1862 2572 1891 2598 δέ

1102 2616 1149 2643 τοῦ
1166 2617 1272 2652 κόσμου
1288 2617 1372 2652 λύπη,
1386 2617 1501 2644 θάνατον
1520 2618 1733 2654 κατεργάζεται.
1756 2618 1822 2645 Ἰδοὺ
1836 2618 1892 2652 γὰρ

1102 2663 1168 2688 αὐτὸ
1184 2662 1265 2689 τοῦτο
1292 2663 1322 2689 τὸ
1348 2663 1420 2689 κατὰ
1440 2663 1506 2689 Θεὸν
1522 2664 1676 2700 λυπηθῆναι
1693 2664 1775 2699 ὑμᾶς,
1801 2664 1891 2697 πόσην

1102 2708 1303 2743 κατειργάσατο
1313 2709 1376 2743 ὑμῖν
1390 2709 1526 2744 σπουδήν;
1541 2718 1550 2735 ι

302 2839 314 2858 λ
332 2840 435 2869 Textus
452 2849 567 2870 mancus
585 2847 611 2869 et
625 2842 746 2870 lutatus.
763 2843 812 2871 Hic
830 2844 930 2879 legero,
946 2845 987 2872 ὅτι
1003 2853 1055 2872 τοτη

1105 2853 1125 2880 η
1139 2844 1267 2879 μετάνοια
1284 2843 1338 2871 τῶν
1352 2844 1513 2880 Κορινθίων.
1530 2843 1580 2870 Τὸν
1593 2843 1673 2879 ζῆλον
1685 2843 1712 2870 δέ
1728 2849 1807 2878 φησι.
