2078 3116
218 113 265 153 751

537 175 612 203 CAP.
643 175 688 203 Ix.
717 176 720 178 ·
1021 179 1045 207 Α

253 230 405 260 VsasJ-5.
424 241 433 258 ι
448 231 516 259 Nam
531 232 565 259 de
581 232 747 266 ministerio,
764 233 837 268 quod
854 232 883 260 fit
898 234 926 260 in
941 241 1006 261 san-

215 283 286 312 ctos,
300 287 334 306 ex
352 278 504 306 abundanti
530 283 572 306 est
601 279 669 306 mihi
686 279 811 307 scribere
829 280 918 307 vobis.
943 279 1007 308 Scio

214 326 288 353 enim
304 329 460 360 promptum
477 325 601 352 animum
622 329 756 358 vestrum.
776 333 827 360 pro
839 332 896 361 quo
911 326 1007 355 devo-

216 369 259 397 bis
275 369 378 405 glorior
401 369 473 406 apud
500 369 673 398 Macedones.
699 370 836 404 Quoniam
858 375 886 398 et
905 372 1008 399 Achaia

216 420 312 449 parata
329 420 373 443 est
386 415 422 443 ab
448 423 521 444 anno
549 417 698 451 praaterito,
713 421 739 444 et
761 421 854 445 vestra
870 417 1010 446 aemulatio

215 463 378 496 provocavit.
400 463 546 498 plurimos.
563 463 625 491 Misi
651 469 745 491 autent
769 463 869 492 fratres
894 467 942 496 ιιι,
974 472 1008 492 ne

214 508 288 544 quod
307 507 386 544 145
401 509 555 544 gloriantur
576 509 609 536 de
629 510 715 543 vobis,
730 514 881 538 evacuetur
904 510 931 537 in
957 510 1008 538 hac

215 559 312 590 parte,
336 558 365 582 ut
391 554 640 590 (quemadmodum
666 555 740 589 dixi)
755 555 845 591 parati
867 555 952 584 sitis:
973 563 1009 584 ne

215 607 279 627 cum
291 599 420 627 venerint
433 598 596 627 Macedones
614 606 732 633 mecum,
744 604 771 627 et
788 600 945 628 invenerint
958 607 1008 629 vos

217 646 380 681 imparatos,
396 645 597 672 erubescamus
611 652 663 672 nos
680 645 723 680 (ut
737 652 791 673 non
804 645 931 674 dicamus
946 646 1008 682 vos)

215 692 243 719 in
261 691 313 718 hac
333 691 489 718 substantia
516 690 703 726 gloriationis.
724 690 919 720 Necessarium
941 699 1008 728 ergo

215 736 374 765 existimavi
390 743 490 772 rogare
514 735 629 769 fratres,
650 742 681 764 ut
707 737 878 773 praeveniant
893 737 927 765 ad
948 745 1008 772 vos,

215 787 243 810 et
267 786 423 819 praeparent
456 782 654 817 repromissam
686 783 907 812 benedictionem
936 783 1009 811 hanc

214 834 334 859 vestram
351 832 474 865 paratam
493 835 555 856 esse
572 828 623 857 sic.
642 838 651 854 ι
1022 853 1044 881 Β

250 915 369 949 Quando
391 914 426 943 de
451 914 588 943 charitate
614 920 668 942 tam
696 916 780 943 multa
805 917 881 949 dixi,
907 917 1006 952 inquit,

214 969 304 997 operae
322 962 441 997 pretium
455 969 510 989 non
523 966 566 989 est
582 965 612 989 ut
624 962 745 990 scribant
762 962 853 990 vobis.
862 963 902 990 Ac
918 971 1007 998 neque

214 1007 266 1035 hoc
284 1007 375 1035 solum
387 1006 512 1036 declarat
524 1007 612 1043 ipsius
629 1007 813 1044 prudentiam.
830 1008 878 1036 sed
889 1013 917 1037 et
933 1008 1006 1045 quod

213 1053 313 1081 iterum
333 1052 368 1081 de
380 1052 475 1081 eadem
493 1053 542 1080 ait.

251 1109 260 1126 ι
275 1098 359 1133 Quasi
381 1099 612 1134 benedictionem,
632 1105 659 1128 et
677 1107 734 1128 non
759 1105 892 1136 tanquam
916 1100 1007 1139 avari-

214 1145 291 1174 tiam.
305 1145 401 1182 [Vsas.
412 1144 487 1179 6-9.1
502 1144 560 1173 Hoc
572 1151 665 1174 autem
683 1145 769 1183 [dico]
785 1154 791 1172 :
805 1148 851 1182 qul
868 1154 951 1182 parce
962 1154 1007 1175 se-

213 1190 312 1223 minat,
331 1198 414 1226 parce
431 1195 458 1218 et
484 1193 569 1219 metet
591 1199 598 1218 :
623 1194 651 1219 et
673 1190 720 1225 qui
743 1191 862 1220 seminat
880 1193 907 1219 in
926 1192 1007 1219 bene-

213 1236 402 1268 dictionibus.
424 1235 458 1263 de
482 1236 721 1265 benedictionibus
746 1241 774 1264 et
798 1241 889 1266 metet.
917 1236 1008 1265 Unus-

213 1282 332 1318 quisque
351 1285 434 1317 prout
457 1281 606 1309 destinavit
633 1282 661 1310 in
691 1282 774 1311 corde
805 1290 868 1316 suo,
896 1291 951 1311 non
974 1291 1007 1311 ex

213 1328 340 1360 tristitia,
361 1331 409 1354 aut
421 1334 454 1355 ex
469 1327 648 1355 necessitate.
666 1327 786 1356 Hilarem
797 1328 871 1356 enim
885 1329 1008 1358 datorem

213 1372 303 1410 diligit
317 1373 400 1401 Deus.
419 1372 522 1401 Potens
541 1377 585 1402 est
608 1379 701 1402 autem
729 1373 802 1402 Deus
824 1382 932 1403 omnem
947 1382 1008 1410 gra-

214 1419 279 1446 tiam
302 1418 444 1446 abundare
464 1418 556 1447 t‘acere
583 1418 611 1446 in
638 1418 732 1453 vobis;
764 1424 794 1447 ut
822 1420 851 1447 in
880 1420 1009 1448 omnibus

214 1471 323 1502 semper
341 1471 452 1492 omnem
472 1464 664 1493 suﬁicientiam
694 1465 839 1499 habentes,
863 1466 1009 1494 abundetis

213 1512 242 1538 in
259 1519 340 1539 omne
350 1519 420 1547 opus
434 1511 547 1546 bonum,
561 1510 633 1539 sicut
646 1511 781 1548 scriptum
790 1515 850 1540 est:
865 1521 875 1538 ι
894 1511 1010 1547 Disper-
1024 1529 1048 1561 ο

213 1558 263 1591 sit,
279 1557 356 1586 dedit
366 1557 556 1594 pauperibus:
568 1557 678 1594 justitia
693 1558 754 1593 ejus
771 1562 864 1587 manet
879 1558 908 1587 in
923 1566 1011 1588 saecu-

213 1605 269 1632 lum
288 1603 394 1632 saeculi.
414 1613 424 1630 ι
584 1638 586 1640 τ

248 1649 310 1677 Non
333 1649 422 1677 invito
440 1655 491 1677 nec
506 1653 605 1677 coacto
621 1649 725 1682 animo.
744 1649 791 1676 sed
816 1654 968 1685 spontaneo
982 1655 1009 1677 et

214 1696 301 1724 libera
316 1695 468 1723 voluntate.

252 1741 334 1769 Vsus.
352 1741 395 1774 10,
420 1740 466 1768 ll.
487 1750 497 1767 ι
517 1740 569 1774 Qui
595 1746 686 1769 autem
715 1741 890 1770 administrat
915 1749 1009 1770 semen

215 1787 375 1819 seminanti,
394 1791 422 1814 et
434 1793 532 1822 panem
550 1785 585 1814 ad
610 1786 830 1815 manducandum
846 1791 967 1823 praestet.
983 1793 1012 1816 et

216 1831 382 1867 multiplicet
413 1838 507 1859 semen
536 1835 679 1864 vestrum,
705 1835 734 1859 et
762 1835 861 1866 augeat
886 1833 1010 1868 germina

215 1877 323 1912 frugum
336 1876 454 1913 justitie
474 1880 589 1910 vestras;
607 1880 637 1904 ut
655 1876 682 1904 in
700 1876 829 1904 omnibus
858 1877 1009 1912 locupletes

214 1922 276 1950 sitis
300 1922 328 1949 in
352 1929 462 1949 omnem
490 1921 708 1957 simplicitatem,
727 1929 790 1957 qua
810 1925 941 1958 operatur
963 1930 1010 1958 per

213 1975 262 1996 vos
280 1967 430 2004 gratiarum
445 1967 583 1995 actionem
600 1966 666 1996 Deo.
685 1977 694 1994 ι

248 2013 375 2042 Ostendit
394 2020 427 2041 ea
448 2013 543 2046 etiam,
558 2021 619 2049 qua:
633 2013 688 2048 ipsi
713 2013 879 2049 largiuntur,
904 2021 937 2041 ex
953 2013 1009 2041 Dco

212 2067 291 2093 esse;
312 2067 347 2088 ne
359 2059 422 2095 quis
439 2066 539 2094 nempe
552 2058 719 2087 intumescat
734 2058 819 2092 fastu,
833 2066 882 2087 ceu
898 2058 1009 2094 propria

213 2113 263 2134 sna
282 2105 424 2141 largiatur.
438 2104 523 2140 Atqui
538 2111 625 2132 semen
643 2104 689 2132 hic
701 2104 904 2140 eleemosynam
916 2107 1007 2131 vocat.

212 2149 338 2179 Declarat
359 2154 449 2178 autem
464 2150 521 2178 illis
543 2156 670 2185 magnam
692 2148 828 2177 benefacti
853 2149 1007 2177 mercedem

212 2204 286 2229 esse,
303 2196 419 2224 dicendo
437 2195 567 2231 germina,
582 2199 765 2230 proventusve
777 2195 900 2231 iustitiae.

248 2242 333 2270 Vsus.
350 2241 445 2269 12-15.
463 2250 473 2267 ι
493 2240 627 2274 Quoniam
645 2241 830 2269 ministerium
854 2241 937 2276 hujus
952 2241 1006 2268 olli-

212 2289 247 2316 cii
264 2296 319 2316 non
347 2287 436 2315 solum
450 2287 559 2322 supplet
572 2294 604 2314 ea
620 2294 681 2322 qua:
694 2286 797 2315 desunt
813 2287 931 2320 sanctis,
956 2285 1005 2315 sed

210 2335 295 2362 etiam
310 2332 432 2362 abundat
453 2339 502 2368 per
514 2332 615 2361 multas
626 2333 779 2368 gratiarum
799 2331 922 2360 actiones
939 2331 1005 2365 Deo,

212 2386 260 2413 per
287 2377 479 2414 probationem
505 2376 653 2405 ministerii
686 2375 790 2413 hujus,
819 2375 1005 2411 glorificantes

213 2425 301 2452 Deum
320 2425 347 2452 in
365 2423 522 2452 obedientia
538 2421 724 2450 confessionis
744 2426 843 2450 vestra:
861 2421 889 2449 in
914 2420 1004 2448 Evan-

213 2471 313 2508 gelium
344 2470 469 2502 Christi.
489 2473 518 2499 et
542 2469 721 2505 simplicitate
748 2468 1007 2497 communicationis

214 2518 242 2545 in
264 2517 337 2549 illos,
353 2521 381 2544 et
399 2517 428 2544 in
443 2523 551 2548 omnes.
574 2520 601 2543 et
619 2515 646 2543 in
675 2515 800 2550 ipsorum
816 2514 1008 2543 obsecratione

215 2570 265 2598 pro
282 2562 372 2594 vobis.
396 2561 614 2591 desiderantium
641 2568 692 2589 vos
714 2564 826 2596 propter
840 2561 1006 2587 eminentem

217 2602 333 2642 gratiam
353 2606 399 2636 Dei
415 2608 444 2635 in
460 2607 551 2636 vobis.
569 2606 684 2646 Gratias
695 2604 748 2634 Deo
767 2613 850 2641 super
865 2606 1009 2633 inenarra-

215 2652 262 2679 bili
275 2652 349 2680 dono
367 2653 436 2688 ejus.
457 2662 466 2679 ι

256 2696 440 2724 Ministerium
462 2697 567 2733 utique,
589 2697 622 2725 de
644 2705 699 2733 quo
717 2697 743 2724 in
769 2696 882 2731 epistola
899 2695 1009 2729 dicitur,

1023 2201 1046 2230 D

798 120 830 151 S.
849 118 1011 150 JOANN’IS
1031 119 1243 150 DAMASCENI

1793 122 1848 155 752

1363 178 1385 204 K
1391 177 1487 206 ΕΦΑΛ.
1510 178 1547 204 6’.

1095 242 1104 258 ι
1122 233 1190 268 Περὶ
1203 235 1253 269 μὲν
1270 234 1323 269 γὰρ
1338 233 1387 268 τῆς
1399 234 1536 266 διακονίας
1550 234 1600 269 τῆς
1613 234 1653 266 είς
1673 234 1737 266 τοὺς
1751 235 1846 268 ἁγίους

1058 279 1188 314 περισσόν
1205 279 1252 314 μοί
1279 281 1338 306 ἐστι
1353 279 1401 306 τοῦ
1417 280 1533 315 γράφειν
1553 280 1627 315 ὑμῖν.
1644 277 1709 307 Οἶδα
1729 280 1847 316 γὰρ’τὴν

1057 323 1214 359 προθυμίαν
1236 325 1326 360 ὑμῶν,
1344 324 1377 360 ἢν
1403 325 1473 360 ὑπὲρ
1486 324 1563 360 ὑμῶν
1588 324 1732 360 καυχῶμαι
1754 325 1848 352 Μακε-

1057 369 1142 401 δόσιν,
1169 370 1210 397 ὅτι
1231 370 1328 405 ’Δχαῖα
1339 370 1564 406 παρεσκεύασται
1579 370 1633 397 ἀπὸ
1648 370 1758 407 πέρυσι,
1773 371 1820 397 καὶ
1833 372 1848 397 δ

1057 414 1088 448 ἐξ
1109 415 1184 451 ὑμῶν
1198 415 1279 450 ζῆλος
1300 416 1413 452 ἠρέθισε
1440 417 1504 448 τοὺς
1518 416 1656 448 πλείονας.
1675 417 1806 452 Ἔπεμψα
1819 417 1849 444 δὲ

1057 462 1121 494 τοὺς
1136 462 1278 496 ἀδελφοὺς,
1294 461 1339 490 ἴνα
1356 463 1394 498 μὴ
1418 462 1448 489 τὸ
1472 462 1604 498 καύχημα
1629 463 1707 498 ὑμῶν
1724 463 1754 490 τὸ
1777 463 1847 498 ὑπὲρ

1059 508 1137 544 ὑμῶν
1151 508 1258 545 κενωθῇ
1283 510 1312 536 ἐν
1339 509 1376 544 τῷ
1399 508 1477 544 μέρει
1495 509 1592 544 τούτῳ.
1611 509 1670 535 ’Ὶνα
1686 509 1775 540 καθὼς
1790 508 1848 536 ἔλε-

1058 562 1118 588 γον,
1135 554 1388 591 παρεσκευασμένοι
1415 552 1482 590 ἦτε·
1508 555 1608 590 μήπως
1622 554 1670 582 ὲὰν
1687 554 1785 581 ἔλθωσι
1799 555 1848 581 σὺν

1059 599 1122 635 ἐμοὶ
1147 600 1313 631 Μακεδόνες,
1342 600 1390 627 καὶ
1417 599 1536 635 εὕρωσιν
1557 599 1629 635 ὑμᾶς
1653 600 1849 635 ἀπαρασκευά-

1059 653 1156 679 στους,
1184 646 1429 682 καταισχυνθῶμεν
1461 646 1541 681 ἡμεῖς
1572 646 1638 681 (ἵνα
1661 646 1700 682 μὴ
1723 645 1850 681 λέγωμεν

1062 691 1160 728 ὑμεῖς)
1191 694 1220 719 ἑν
1246 693 1279 727 τῇ
1307 693 1455 720 ὑποστάσει
1483 692 1569 728 ταύτῃ
1601 692 1650 727 τῆς
1677 692 1847 726 καυχήσεως.

1065 737 1227 772 ⁹Αναγκαῖον
1242 737 1289 765 οὖν
1312 737 1462 774 ἡγησάμην
1485 738 1677 773 παρακαλέσαι
1692 738 1756 768 τοὺς
1772 737 1850 764 ἁδελ-

1059 784 1138 819 φοὺς,
1152 784 1197 812 ἴνα
1210 785 1382 821 προέλθωσιν
1395 787 1436 818 είς
1451 785 1534 821 ὑμᾶς,
1548 784 1850 820 καὶκπροκαταρτίσωσι

1058 831 1109 867 τὴν
1126 832 1410 868 προκατηγγελμένην
1425 832 1553 866 εὐλογίαν
1569 830 1646 867 ὐμῶν
1659 830 1772 866 ταύτην,
1784 830 1852 856 ἑτοί-

1062 885 1117 912 μην
1131 874 1201 904 εἶναι
1215 877 1312 910 οὕτως.
1328 888 1337 904 ι

1096 921 1221 949 Τοσαῦτα
1241 923 1305 959 περὶ
1324 923 1411 958 αὐτῆς
1424 923 1539 955 εἰπόντι,
1562 922 1639 957 φησὶ,
1656 920 1784 956 περιττόν
1803 928 1850 955 μοι

1059 967 1177 1002 γράφειν
1193 968 1269 1003 ὑμῖν.
1287 969 1343 995 Καὶ
1357 969 1389 995 οὐ
1403 968 1485 995 τοῦτο
1508 968 1590 1004 μόνον
1617 967 1648 994 τὸ
1670 966 1780 994 συνετὸν
1799 966 1849 993 αὐ-

1060 1013 1119 1047 τοῦ,
1136 1014 1204 1042 ἀλλὰ
1216 1015 1264 1042 καὶ
1278 1015 1293 1042 ὃ
1307 1024 1333 1042 τι
1349 1015 1430 1043 πάλιν
1446 1015 1521 1049 λέγει
1538 1015 1602 1050 περὶ
1621 1015 1719 1050 αὐτῆς.

1099 1104 1108 1120 ‹
1134 1094 1177 1126 Ὦς
1193 1093 1331 1128 εὐλογίαν,
1348 1093 1398 1121 καὶ
1411 1093 1450 1130 μὴ
1463 1093 1502 1125 ὡς
1523 1092 1693 1126 πλεονεξίαν.
1707 1092 1793 1121 Τοῦτο
1807 1093 1849 1126 δὲ,

1060 1141 1075 1168 ὸ
1103 1141 1222 1176 σπείρων
1249 1139 1425 1175 φειδομένως,
1455 1139 1623 1175 φειδομένως
1650 1139 1698 1167 καὶ
1725 1138 1848 1175 θερίσει·

1061 1186 1108 1214 καὶ
1119 1187 1134 1213 ό
1152 1186 1272 1222 σπείρων
1285 1185 1329 1212 ἐπ’
1338 1185 1486 1220 εὐλογίαις,
1503 1185 1547 1212 ἐπ’
1561 1184 1698 1220 εὐλογίαις
1711 1185 1760 1212 καὶ
1776 1184 1850 1220 esp!-

1062 1241 1115 1260 σει.
1129 1233 1266 1265 Ἕκαστος
1286 1231 1378 1264 καθὼς
1397 1231 1570 1267 προαιρεῖται
1588 1232 1622 1266 τῇ
1638 1230 1748 1267 καρδίᾳ,
1766 1229 1804 1266 μὴ
1817 1231 1851 1257 ὲκ

1061 1278 1160 1314 λύπης,
1186 1277 1203 1313 ἢ
1220 1277 1250 1310 ἐξ
1272 1277 1405 1312 ἀνάγκης.
1433 1276 1537 1313 Ἰλαρδν
1559 1275 1614 1312 γὰρ
1633 1276 1715 1313 δότην
1729 1276 1850 1312 ἀγαπᾷό

1061 1323 1143 1355 Θεός-
1157 1322 1270 1354 δυνατὸς
1289 1321 1318 1348 δὲ
1335 1322 1350 1348 δ
1368 1321 1434 1353 Θεὸς
1455 1321 1547 1348 πᾶσαν
1572 1320 1653 1356 χάριν
1670 1319 1848 1356 περισσεῦσαι

1062 1370 1101 1401 εἰς
1116 1368 1199 1403 ὑμᾶς,
1214 1367 1258 1394 ἵνα
1280 1368 1309 1395 ἒν
1329 1367 1412 1394 παντὶ
1434 1366 1552 1393 πάντοτε
1575 1365 1666 1393 πᾶσαν
1683 1365 1852 1400 αὐτάρκειαν

1062 1415 1179 1451 ἔχοντες,
1197 1414 1378 1450 περισσεύητε
1394 1414 1435 1445 είς
1450 1413 1505 1440 πᾶν
1520 1413 1601 1448 ἔργον
1615 1411 1730 1446 ἀγαθὸν,
1758 1410 1851 1443 καθὼς

1063 1461 1217 1498 γέγραπται
1228 1469 1234 1474 ·
1248 1459 1428 1495 Εσκόρπισεν,
1447 1459 1549 1486 ἔδωκεν
1562 1459 1620 1490 τοῖς
1640 1457 1764 1494 πένησιν,
1777 1458 1795 1492 ἠ
1810 1455 1853 1483 δι-

1063 1506 1195 1542 καιοσύνη
1210 1506 1292 1534 αὐτοῦ
1310 1506 1386 1541 μένει
1401 1507 1440 1538 είς
1451 1505 1496 1532 τὸν
1512 1504 1608 1532 αἰῶνα.
1627 1513 1638 1531 ι

1097 1640 1144 1676 Μὴ
1172 1640 1295 1671 ἄκοντες,
1327 1637 1404 1674 φησὶ,
1436 1636 1503 1673 μηδὲ
1534 1634 1764 1670 ἀναγκαζόμενοι,
1792 1632 1856 1661 ἀλλ’

1061 1685 1180 1718 ἑκόντες,
1194 1685 1243 1712 καὶ¹
1258 1683 1482 1720 προαιρούμενοι.

1101 1741 1109 1757 ι
1150 1730 1179 1756 ’0
1193 1729 1221 1756 δὲ
1242 1728 1417 1764 ἐπιχορηγῶν
1440 1727 1551 1762 σπέρμα
1574 1725 1612 1762 τῷ
1631 1724 1777 1761 σπείροντι,
1802 1723 1850 1751 καὶ

1060 1777 1142 1812 ἄρτον
1161 1776 1202 1807 είς
1219 1774 1321 1810 βρῶσιν
1336 1773 1502 1809 χορηγῆσαι,
1516 1772 1565 1800 καὶ
1578 1770 1711 1807 πληθύναι
1724 1769 1769 1797 τὸν
1786 1769 1851 1796 σπό-

1063 1830 1108 1857 ρον
1131 1820 1217 1856 ὐμῶν,
1239 1820 1286 1847 καὶ
1308 1819 1424 1854 αὖξήσαι
1446 1818 1479 1845 τὰ
1504 1817 1663 1853 γεννήματα
1683 1815 1732 1851 τῆς
1748 1814 1847 1841 δικαιο-

1062 1867 1145 1901 σύνης
1170 1866 1268 1902 ὐμῶν·
1295 1865 1323 1892 ὲν
1351 1864 1433 1892 παντὶ
1459 1862 1666 1897 πλουτιζόμενοι
1691 1863 1732 1893 είς
1759 1861 1849 1887 πᾶσαν

1061 1913 1212 1948 ἁπλότητα,
1231 1912 1292 1947 ητις
1322 1909 1520 1946 κατεργάζεται
1540 1908 1573 1935 δι’
1585 1907 1661 1943 ὑμῶν
1673 1906 1850 1943 εὐχαριστίαν

1060 1958 1098 1994 τῷ
1112 1958 1180 1994 Θεῷ.
1206 1967 1215 1984 ι

1095 2004 1236 2031 Δείκνυσιν
1267 2003 1308 2030 δτι
1331 2001 1380 2029 καὶ
1398 2001 1468 2028 αὐτὰ
1482 2000 1516 2027 τὰ
1530 1999 1656 2035 διδόμενα
1671 1998 1703 2025 ὲκ
1719 1997 1765 2024 τοῦ
1779 1996 1848 2023 Θεοῦ

1059 2051 1144 2083 ἔστιν,
1159 2050 1203 2076 ἵνα
1226 2049 1264 2084 μὴ
1288 2046 1396 2083 μεγάλα
1409 2054 1450 2078 τις
1472 2046 1569 2081 φρονῇ,
1593 2044 1631 2075 ὡς
1649 2044 1736 2070 οίκεῖα
1749 2042 1845 2073 διδούς.

1060 2097 1180 2130 Σπέρμα
1191 2094 1246 2130 γὰρ
1261 2092 1308 2121 νῦν
1317 2092 1367 2129 τὴν
1384 2090 1567 2127 ἐλεημοσύνην
1582 2089 1670 2117 καλεῖ.
1683 2089 1807 2115 Δείκνυσι
1818 2087 1846 2113 δὲ

1059 2143 1152 2173 αὐτοῖς
1165 2141 1212 2167 καὶ
1225 2140 1313 2175 μέγαν
1331 2138 1397 2166 ὅντα
1414 2137 1461 2164 τὸν
1482 2135 1578 2172 μισθὸν
1593 2134 1640 2162 τοῦ
1660 2133 1849 2168 ἀποτελέσμα-

1059 2197 1112 2221 τος,
1126 2187 1299 2223 γεννήματα
1308 2184 1481 2219 δικαιοσύνης
1498 2183 1597 2217 λέγων.

1100 2243 1109 2259 ι
1120 2233 1182 2260 Ὅτι
1192 2232 1209 2268 ἡ
1220 2231 1344 2259 διακονία
1355 2230 1404 2265 τῆς
1418 2227 1591 2264 λειτουργίας
1602 2225 1751 2261 ταύτης,οὖ
1767 2225 1857 2260 μόνον,

1059 2279 1119 2306 lati.
1135 2275 1401 2314 προσαναπληροῦσα
1423 2275 1456 2302 τὰ
1478 2273 1656 2309 ὑστερήματα
1674 2271 1729 2299 τῶν
1751 2271 1847 2305 ἁγίων,

1059 2324 1128 2352 ἀλλὰ
1143 2323 1191 2350 καὶ
1213 2319 1474 2358 περισσεύουσαδιὰ
1489 2318 1596 2346 πολλῶν
1612 2316 1794 2353 εὐχαριστιῶν
1808 2315 1849 2350 τῷ

1060 2370 1129 2405 Θεῷ,
1147 2368 1191 2396 διὰ
1202 2369 1252 2404 τῆς
1267 2366 1381 2402 δοκιμῆς
1401 2365 1451 2400 τῆς
1470 2363 1606 2396 διακονίας
1631 2362 1745 2398 ταύτης,
1769 2360 1848 2393 δοξά-

1059 2415 1151 2447 ζοντες
1177 2413 1223 2440 τὸν
1250 2412 1316 2439 Θεὸν
1344 2411 1391 2438 ἐπὶ
1423 2411 1456 2446 τῇ
1479 2409 1602 2444 ὑποταγῇ
1628 2407 1679 2442 τῆς
1703 2406 1849 2442 ὁμολογίας

1059 2461 1135 2496 ὑμῶν
1151 2461 1191 2491 εἱς
1204 2459 1235 2485 τδ
1249 2457 1417 2492 Εὐαγγέλιον
1435 2454 1482 2482 τοῦ
1503 2452 1634 2491 Χριστοῦ,
1649 2453 1697 2480 καὶ
1714 2451 1849 2485 ἁπλότητι

1059 2508 1107 2542 τῆς
1122 2503 1263 2536 κοινωνίας
1281 2503 1322 2535 είς
1340 2502 1449 2534 αὐτοὺς,
1465 2501 1513 2527 καὶ
1535 2499 1576 2532 είς
1599 2499 1715 2530 πάντας,
1731 2497 1779 2524 καὶ
1799 2496 1848 2522 αὐ-

1059 2541 1114 2578 τῶν
1140 2551 1233 2586 δεήσει
1261 2549 1330 2584 ὑπὲρ
1360 2547 1438 2584 ὑμῶν
1471 2544 1676 2573 ἐπιποθούντων
1703 2543 1775 2578 ὑμᾶς
1801 2541 1845 2568 διὰ

1060 2597 1110 2632 τὴν
1128 2594 1351 2632 ὑπερϐάλλουσαν
1369 2593 1449 2629 χάριν
1462 2590 1510 2618 τοῦ
1525 2589 1594 2618 Θεοῦ
1607 2589 1653 2625 ὐφ’
1667 2589 1741 2624 ὑμῖν.
1761 2587 1849 2622 Χάρις

1063 2641 1092 2667 δὲ
1108 2641 1147 2676 τῷ
1162 2641 1221 2675 Θεῷ
1237 2640 1283 2666 ἐπὶ
1298 2640 1331 2674 τῇ
1348 2636 1536 2672 ἀνεκδιηγήτῳ
1551 2634 1634 2663 αὐτοῦ
1650 2634 1747 2670 δωρεᾷ.
1768 2641 1778 2659 ι

1107 2680 1138 2712 Ἥ
1155 2686 1276 2713 διακονία
1293 2685 1343 2720 τῆς
1360 2681 1506 2718 ἐπιπολῆς
1524 2687 1554 2716 II,
1573 2680 1712 2708 τουτέστιν
1734 2679 1750 2714 ἡ
1772 2677 1850 2713 φιλο-

863 2772 906 2800 VA
912 2773 981 2800 RM)
996 2773 1200 2804 ‘LECTIONES.

256 2821 277 2834 ἠ
291 2815 384 2848 Forte.
405 2819 453 2850 τῆς
462 2819 643 2854 λειτουργίας,
661 2825 689 2848 ut
707 2819 758 2849 fert
775 2818 851 2847 Pauli
864 2823 966 2847 textus.
