2078 3116
228 145 304 191 _753

824 153 865 184 IN
882 154 999 186 EPIST.
1022 155 1072 185 AD
1094 156 1273 188 CORINTH.
1290 158 1332 187 II.

1832 158 1886 192 ’154

248 203 328 238 τιμία
343 202 398 229 τῶν
412 203 574 239 χρημάτων,
592 205 637 233 καὶ
651 205 667 242 ἠ
680 205 835 243 λειτουργία
851 209 929 244 ἡμῶν
941 209 1009 244 αὕτη
1024 210 1041 245 ὴ

1098 209 1122 237 id
1137 216 1179 238 est
1193 211 1320 238 muniﬁca
1334 212 1512 247 pecuniarum
1525 213 1658 249 erogatio,
1674 218 1701 242 et
1715 213 1781 241 illud
1797 215 1885 249 ipsum

249 248 433 298 πνιυματικῂ,
448 250 496 276 καὶ
509 250 525 286 ὴ
537 249 571 277 δι’
584 250 665 287 ἡμῶν
677 251 810 286 διακονία,
826 255 857 281 οὐ
872 255 951 290 μόνον
964 255 1045 282 τοῦτο

1098 256 1239 292 spirituale
1257 264 1358 285 munus
1372 263 1497 286 nostrum
1512 263 1540 287 et
1562 248 1680 298 fuitetio,
1695 259 1823 295 quodque
1839 267 1887 296 per

249 293 389 329 ιιατορθοῖ,
404 294 446 323 ὅτι
462 295 497 322 τὰ
513 296 691 334 ὑστερήματα
703 298 758 325 τῶν
773 299 859 334 ἁγίων
874 300 983 336 πληροῖ,
997 301 1044 328 καὶ

249 338 405 374 διορθοῦται
418 341 509 368 αὐτῶν
519 342 569 378 τὴν
581 343 688 376 πενίαν,
700 344 759 372 ἀλλ’
769 345 810 372 ὅτι
821 346 865 373 διὰ
879 347 984 374 πολλῶν
996 348 1043 374 καὶ

251 384 323 421 ὑπὲρ
341 386 448 413 ¹πολλῶν
475 388 610 422 εὐποιίαν,
628 389 806 426 εὐχαριστίαν
831 393 1043 429 ἀναπέμπεσθαι

253 433 468 467 παρασκευάζει.
483 434 568 462 Τοῦτο
584 436 639 472 γάρ
653 437 710 464 ἐστι
723 437 764 469 τὸ,
783 439 870 466 Ἀλλὰ
882 440 930 467 καὶ
941 448 1044 475 περισ-

252 478 390 505 σεύουσα
416 479 460 506 διὰ
492 480 597 508 πολλῶν
620 482 810 519 εὐχαριστιῶν.
844 485 957 513 Ἐκεῖνοι
989 487 1044 523 γὰρ

253 523 449 559 ἀποδεχόμενοι
464 525 498 552 τὰ
514 527 646 562 χρήματα
657 547 664 560 ,
684 528 825 562 δοξάζουσι
845 530 891 558 τὸν
916 531 982 558 Θεὸν
994 532 1044 559 ἐπὶ

253 568 292 603 τῇ
301 570 438 606 ὑποταγῇ
455 571 510 604 τῆς
530 574 692 609 ὁμολογίας
706 575 790 610 ὑμῶν
807 578 851 610 εἰς
864 577 896 605 τὸ
914 579 1044 614 Εὐαγγέ-

251 615 332 642 λιον.
346 614 405 642 Ἵνα
416 615 446 642 δὲ
456 616 496 652 μὴ
506 616 582 653 δείξῃ
592 618 691 651 αὐτοὺς
702 620 747 648 διὰ
760 621 838 649 τοῦτο
849 623 1043 659 εὐχαριστοῦν-

253 669 304 693 τας
321 661 402 697 μόνον
415 662 460 689 διὰ
477 663 509 689 τὸ
532 663 635 697 λαϐεῖν,
649 665 701 702 δρα
719 666 778 699 πῶς
800 668 900 700 αὐτοὺς
927 669 1045 705 ὑψηλοὺς

253 708 338 734 ποιεῖ.
357 707 530 742 Δοεάζουσι,
552 710 645 745 φησὶν,
662 711 703 739 ὅτι
729 712 817 746 οὕτως
831 714 1044 750 ὑποτεταγμένοι

253 753 317 779 ἐστὲ
332 753 371 788 τῷ
385 753 559 795 Εὖαγγελίῳυ
574 754 605 784 οὗ
619 759 732 794 σημεῖον
745 759 823 787 τοῦτό
836 761 905 793 ἔστι,
924 761 954 788 τὸ
974 761 1045 789 οὕτω

252 797 373 832 δαψιλῶς
386 800 541 836 εἰσφέρειν·
569 802 649 830 τοῦτο
673 804 727 841 γὰρ
749 805 780 832 τὸ
805 806 970 842 Εὐαγγέλιον
984 808 1045 834 ἑπι-

254 851 334 870 ταττε
339 853 357 871 ι.

567 916 690 946 ΚΕΦᾹΛ.
708 919 737 946 Ρ.

289 967 417 1000 amca:
436 969 492 1004 ἐγὼ
519 968 626 1003 Παῦλος
646 972 800 1008 παρακαλῶ
826 974 900 1010 ὑμᾶς
922 975 968 1002 διὰ
994 975 1045 1006 τῆς

255 1013 407 1049 πραότητος
418 1016 465 1042 καὶ
478 1017 630 1049 ἐπιεικείας
647 1017 695 1044 τοῦ
712 1018 846 1054 Χριστοῦ.

298 1059 464 1096 Ἀπαρτίσας
480 1062 526 1089 τὸν
539 1063 604 1098 περὶ
625 1063 677 1098 τῆς
697 1064 882 1101 ἔλεημοσύνης
899 1066 986 1100 λόγον,
1008 1067 1046 1099 ὠς

252 1102 714 1143 εδει,ὲπιτιμητικωτέρωνᾰπτεται
740 1109 843 1144 λόγων.
883 1111 945 1147 τοὺς
966 1112 1046 1146 ψευδ-

255 1149 423 1182 αποστόλους
449 1152 636 1188 αἰνιττόμενος
656 1153 705 1181 διὰ
730 1154 787 1189 τῆς
813 1156 983 1190 πραότητος
998 1157 1046 1184 καί

254 1194 426 1230 ἐπιεικείας,
464 1197 568 1235 σφόδρα
588 1199 687 1232 αὐτοὺς
714 1201 844 1236 ὲντρέψαι
875 1201 1044 1238 βουλόμενος.

256 1241 441 1277 Προϐάλλεται
459 1244 505 1272 οὗν
526 1245 577 1281 τὴν
596 1247 739 1282 πραότητα
754 1249 801 1275 καὶ
815 1248 865 1284 τὴν
885 1248 1047 1283 ἐπιείκειαν,

255 1288 344 1324 ταύτῃ
357 1289 467 1323 μείζονα
479 1290 563 1318 ποιῶν
575 1292 625 1328 τὴν
638 1294 818 1329 κατηγορίαν.

296 1342 305 1359 ι
323 1334 372 1365 Ὃς
385 1335 455 1362 κατὰ
469 1337 616 1372 πρόσωπον
628 1338 679 1373 μὲν
692 1339 820 1371 ταπεινὸς
834 1340 863 1367 ὲν
879 1340 953 1376 ὑμῖν,
968 1340 1046 1368 ἀπὼν

255 1378 285 1404 δι
297 1379 392 1415 θαρρῶ
405 1381 445 1413 εἰς
462 1382 544 1417 ὑμᾶς.
559 1392 569 1409 ι

293 1425 379 1452 Τοῦτό
395 1435 488 1462 φησιν,
502 1428 542 1460 εἰς
558 1429 680 1462 ἐκείνους
694 1431 880 1466 αἰνιττόμενος
896 1433 960 1464 τοὺς
971 1432 1047 1468 ψευδ-

260 1471 423 1504 αποστόλους
446 1473 510 1505 τοὺς
534 1473 663 1508 λέγοντας
675 1495 683 1507 ,
708 1476 749 1503 ὃτι
764 1478 798 1503 At
811 1477 970 1505 ἐπιστολαὶ
989 1478 1048 1511 ,βα-

1094 307 1147 328 nos
1162 299 1344 328 ministerium
1354 301 1455 336 agituf,
1468 310 1525 330 non
1541 303 1593 331 hoc
1609 303 1698 332 solum
1717 307 1840 339 praestat,
1858 300 1904 330 υι(

1094 353 1155 381 quae
1169 345 1268 373 desum
1283 346 1388 374 sanctis
1400 347 1516 382 expleat,
1533 354 1560 376 et
1574 341 1752 384 indigentiam
1766 348 1888 383 ipsorum

1096 391 1253 424 resarciat;
1272 391 1319 419 sed
1338 395 1365 419 ut
1389 399 1438 426 pro
1451 393 1600 421 multorum
1628 394 1807 422 beneﬁcentia
1832 393 1888 420 Deo

1094 441 1188 471 grates
1203 436 1367 464 habeantur.
1384 436 1450 464 Nam
1471 437 1498 465 id
1515 437 1685 473 signiﬁcatur
1705 439 1747 467 his
1770 439 1861 466 verbis
1879 450 1886 468 :

1096 480 1149 508 Sed
1167 482 1249 509 etiam
1275 482 1393 509 abundat
1413 491 1459 518 per
1474 483 1572 511 multas
1588 484 1737 519 gratiarum
1761 483 1886 512 actiones.

1093 526 1162 555 Nam
1178 528 1227 563 qui
1251 528 1352 564 stipem
1373 530 1522 565 accipiunt,
1538 531 1653 565 gloriam
1673 531 1728 559 Deo
1753 532 1887 563 tribuunt.

1095 572 1122 599 in
1140 573 1286 600 obedientia
1300 573 1471 608 confessionis
1488 580 1580 602 vestra:
1597 575 1625 602 in
1649 575 1829 611 Evangetium.
1850 575 1890 608 Ne

1096 622 1185 646 autem
1202 618 1254 646 hoc
1268 619 1403 647 duntaxat
1412 620 1525 648 nomine
1535 621 1608 656 quod
1623 617 1773 656 accipiant,
1785 621 1890 656 gratias

1096 670 1176 698 agere
1202 663 1283 700 ιω
1307 664 1454 700 signiﬁcet,
1471 664 1534 693 vide
1553 668 1686 700 quantum
1701 673 1749 693 eos
1764 658 1888 693 extollat.

1096 708 1265 745 Glori/icant,
1284 710 1385 746 inquit,
1414 710 1509 744 Deum,
1538 711 1668 746 quoniam
1695 711 1797 739 subditi
1822 711 1890 741 adeo

1095 756 1163 784 estis
1186 756 1345 791 Evangelio.
1375 756 1461 793 Cujus
1489 757 1527 785 rei
1547 758 1600 785 hoc
1617 761 1808 792 argumentum
1837 761 1889 789 cst,

1096 801 1169 835 quod
1192 802 1233 830 sic
1259 802 1411 830 liberaliter
1430 802 1560 832 oﬁ'eratis.
1595 801 1624 830 ld
1646 802 1719 830 enim
1743 801 1890 842 Evangelia

1098 845 1262 881 prmcipitur.
1859 842 1863 850 ¹

1427 914 1503 943 CAP.
1521 914 1555 943 X.

1134 966 1216 996 Vnus.
1235 968 1261 995 ί.
1291 978 1300 994 ι
1318 968 1378 1003 Ipse
1403 972 1494 996 autem
1516 975 1566 1004 ego
1584 967 1687 997 Paulus
1711 968 1829 997 obsecro
1842 974 1892 996 vos

1097 1020 1145 1048 per
1164 1013 1407 1041 mansuetudinem
1421 1017 1449 1041 et
1463 1013 1629 1041 modestiam
1641 1012 1756 1041 Christi.
1773 1022 1785 1039 ι

1131 1057 1277 1091 Absoluto,
1294 1058 1334 1085 uti
1359 1057 1486 1091 decebat,
1503 1057 1537 1085 de
1554 1057 1728 1093 eleemosyna
1752 1064 1891 1088 sermone.

1097 1103 1263 1131 severiorem
1280 1103 1450 1138 aggreditur,
1465 1102 1649 1137 dicendoque,
1679 1110 1727 1138 per
1738 1107 1890 1130 mansuetu-

1097 1148 1184 1176 dinem
1200 1153 1225 1176 et
1241 1148 1414 1180 modestiam,
1442 1147 1530 1177 falsos
1553 1148 1696 1183 apostolos
1720 1148 1890 1184 perstringit.

1097 1196 1128 1220 ut
1137 1193 1315 1221 vehementer
1330 1201 1379 1221 eos
1394 1192 1563 1228 pudefaciat.
1585 1192 1722 1223 Producit
1736 1200 1801 1228 ergo
1815 1200 1891 1221 maii-

1097 1239 1271 1267 suetudinem
1293 1243 1320 1267 et
1336 1239 1511 1273 modestiam,
1533 1239 1637 1274 quibus
1651 1238 1785 1275 majorem
1799 1243 1890 1268 struat

1088 1285 1315 1313 ‘accusationem.

1135 1340 1146 1358 ι
1165 1330 1219 1365 Qui
1233 1331 1260 1358 in
1282 1331 1356 1359 facie
1381 1330 1492 1367 quidem
1522 1331 1636 1359 humilis
1654 1338 1719 1359 sum
1739 1331 1892 1363 intcr‘vos,

1097 1377 1198 1405 absens
1213 1381 1305 1405 autem
1318 1377 1429 1406 conﬁdo
1440 1378 1468 1405 in
1480 1378 1570 1406 vobis.
1589 1387 1600 1404 ι
1812 1384 1815 1385 ⁷

1134 1423 1184 1452 His
1203 1424 1295 1452 verbis
1310 1423 1459 1452 mendaces
1476 1423 1618 1459 apostolos
1630 1423 1694 1452 illos
1713 1422 1826 1454 indicat.
1845 1422 1893 1458 qui

1098 1470 1224 1498 dicerent
1247 1479 1254 1498 :
1271 1469 1400 1505 Epistoln:
1414 1469 1520 1505 quidam
1535 1477 1627 1505 graves
1651 1474 1713 1498 sunt
1728 1477 1737 1497 :
1752 1470 1893 1503 prmentia

255 1515 342 1550 ρεῖαι,
355 1517 374 1551 ἠ
387 1517 421 1544 δὲ
441 1519 593 1552 παρουσία
610 1520 663 1547 τοῦ
681 1518 830 1556 σώματος’
845 1523 989 1557 ἀσθενής.
1012 1525 1047 1551 Ἣ

1099 1520 1187 1543 autem
1206 1516 1325 1551 corporis
1338 1516 1457 1550 inﬁrma.
1470 1514 1520 1544 Vel
1531 1516 1584 1543 hoc
1599 1523 1682 1544 sensu
1698 1525 1705 1543 :
1724 1515 1781 1542 Etsi
1796 1522 1893 1550 magna

255 1561 360 1594 οὕτως·
378 1563 413 1590 Ἥ
432 1564 473 1591 ὅτι
487 1564 539 1599 κᾶν
552 1565 656 1600 μεγάλα
676 1555 849 1602 φθέγξωμαι,
868 1568 918 1596 οὐκ
932 1555 1040 1602 ὲξ-ἁπο-

1101 1562 1268 1597 pronuntio,
1294 1569 1350 1590 non
1374 1567 1466 1590 tamen
1485 1569 1518 1589 ex
1536 1561 1697 1597 arrogantia
1717 1561 1828 1596 loquor,
1844 1561 1892 1588 sed

258 1607 343 1639 νοίας,
362 1608 420 1635 ἀλλ’
432 1609 465 1636 ὲκ
477 1609 524 1636 τοῦ
541 1610 653 1646 θαρρεῖν
673 1611 750 1646 ὑμῶν
765 1612 931 1648 φθέγγομαι.

295 1661 305 1678 ι
324 1653 423 1689 Mount
436 1655 474 1687 δὲ,
494 1656 524 1682 τὸ
540 1657 577 1692 μὴ
597 1656 694 1692 παρὼν
710 1657 847 1693 θαρρῆσαι
861 1660 895 1695 τῇ
913 1661 1047 1696 πεποιθή-

258 1706 311 1732 σει,
325 1696 495 1736 ᾖλογίςομαι
503 1702 635 1738 τολμῆσαι
648 1702 695 1729 ἐπί
712 1711 797 1735 τινας.
819 1713 830 1730 ι

295 1745 395 1781 Δέομαι
419 1747 507 1782 ὑμῶν,
534 1749 612 1785 φησὶ,
632 1750 670 1785 μή
692 1758 725 1785 με
748 1750 921 1786 ἀναγκάζητε
947 1752 1044 1786 δεῖξαι,

257 1791 301 1818 δτι
330 1793 376 1819 καὶ
401 1793 498 1830 παρὼν
522 1795 632 1831 ἰσχυρός
656 1796 726 1831 εἰμι,
758 1797 806 1824 καὶ
837 1797 952 1831 δύναμιν
981 1799 1045 1834 ἔχω.

265 1837 376 1874 Ἐπειδὴ
390 1838 444 1875 γὰρ
459 1839 561 1875 ἔλεγεν,
573 1841 614 1868 ὅτι
635 1841 729 1869 Ἆπὼν
751 1841 832 1870 πάνυ
850 1842 921 1878 ὑμῖν
939 1844 1046 1878 θαρῤῶ,

258 1882 366 1915 τούτοις
380 1884 513 1920 κέχρηται
524 1887 580 1918 τοῖς
595 1887 710 1922 ῥήμασι.

299 1980 309 1998 ι
333 1972 402 2004 Τοὺς
416 1972 609 2009 λογιζομένους
626 1976 712 2011 ἡμᾶς,
724 1976 762 2008 ὼς
779 1976 850 2004 κατὰ
865 1977 954 2012 σάρκα
971 1986 1047 2014 περι-

261 2025 423 2050 πατουντας.
441 2027 451 2045 ι

303 2061 417 2090 Ἐκεῖνοι
439 2063 494 2100 γὰρ
520 2064 602 2093 αὑτὸν
624 2065 763 2094 διέεαλλον
780 2067 817 2099 ὡς
833 2067 994 2105 ὑποκριτὴν,
1010 2070 1047 2102 ὼς

261 2115 331 2144 πονη
336 2109 391 2144 ρδν.
402 2110 439 2141 ὡς
458 2111 614 2139 ἀπατεῶνα.

299 2163 310 2180 ι
333 2155 378 2181 Ἐν
397 2156 479 2191 σαρκὶ
501 2157 556 2192 γὰρ
574 2158 798 2193 περιπατοῦντες,
819 2160 850 2186 οὐ
872 2160 944 2187 κατὰ
959 2160 1048 2196 σάρκα

262 2201 475 2236 στρατευόμεθα.
498 2211 508 2228 ι

304 2246 438 2273 Ἐνταῦθα
459 2246 552 2274 λοιπον
571 2247 618 2275 καὶ
638 2248 724 2283 φοϐεῖ.
751 2250 845 2284 Σάρκα
860 2251 914 2286 γὰρ
930 2252 1053 2287 περικεί-

264 2291 343 2325 μεθα,
361 2293 503 2327 ὁμολογῶ·
538 2294 610 2321 κατὰ
635 2295 725 2332 σάρκα
750 2297 811 2323 οὐδὲ
840 2297 941 2332 ζῶμεν.
965 2300 1054 2334 Στρα-

262 2337 345 2365 tslar
360 2338 388 2365 δὲ
408 2339 675 2378 ὼνόμασενταύτην,
694 2342 812 2378 μάλιστα
831 2344 964 2379 ἐκφοσῶν.

300 2434 311 2452 ι
334 2426 374 2453 Τὰ
387 2427 441 2463 γὰρ
456 2427 526 2454 ὅπλα
539 2429 590 2465 τῆς
606 2430 752 2464 στρατείας
768 2430 856 2466 ἡμῶν,
877 2431 907 2458 οὐ
922 2432 1051 2467 σαρκικὰ,

263 2472 331 2499 ἀλλὰ
346 2472 445 2500 δυνατὰ
457 2473 496 2509 τῷ
508 2474 580 2509 Θεῷ.
601 2484 611 2500 ι

300 2528 390 2555 Ὅπλα
418 2529 549 2564 σαρκικὰ,
578 2531 692 2564 πλοῦτός
715 2531 784 2565 ἐστι,
804 2532 877 2566 δόξα,
897 2532 1053 2566 δυναστεία,

264 2574 423 2608 εὐγλωττία,
446 2576 578 2612 δεινότης,
602 2577 777 2613 περιδρομαὶ,
804 2578 957 2613 κολακεῖαι,
987 2580 1055 2607 ὐπο-

264 2620 379 2655 κρίσεις.
392 2621 438 2648 καὶ
450 2620 485 2647 τὰ
497 2621 564 2648 ἄλλα
577 2622 663 2649 ταῦτα
673 2623 730 2654 τοῖς
743 2622 873 2655 τοιούτοις
883 2624 1001 2652 ἐοικότα.
1014 2625 1054 2651 Τὰ

263 2667 291 2693 δὲ
306 2667 427 2703 ἡμέτερα
441 2668 470 2695 οὐ
485 2668 607 2700 τοιαῦτα,
622 2670 716 2704 φησὶν,
734 2669 803 2696 ἀλλὰ
819 2669 918 2697 δυνατὰ
934 2669 972 2705 τῷ
984 2671 1053 2706 Θεῷ.

264 2713 362 2746 Καλῶς
373 2714 401 2740 δὲ
414 2714 498 2741 πάλιν
515 2715 606 2742 πᾶσαν
619 2715 670 2750 τὴν
684 2715 800 2751 δύναμιν
813 2716 895 2743 αὐτοῦ
910 2717 1055 2752 ἀνατίθησι

265 2758 302 2794 τῷ
316 2759 385 2795 Θεῷ.
399 2759 513 2795 Ὅμοιον
533 2760 561 2786 δὲ
576 2762 614 2793 ὡς
630 2761 654 2788 εἰ
671 2761 757 2796 λέγοι·
775 2762 832 2797 Οὐχ
849 2762 939 2797 ἡμεῖς,
961 2763 1054 2797 φησὶν,

265 2805 334 2832 αὗτᾶι
354 2805 467 2834 τοιαῦτα
487 2807 738 2842 κατεσκευάσαμεν,
755 2807 823 2834 ἀλλὰ
838 2808 920 2840 αὐτὸς
939 2809 954 2834 ὁ
977 2809 1054 2840 Θεός.

273 2852 383 2889 Ἐπειδὴ
409 2854 464 2889 γὰρ
490 2854 682 2890 μαστιζὸμενοι
710 2856 757 2883 καὶ
773 2856 945 2891 ἐλαυνόμενοι
975 2856 1055 2890 ἐκρά-

1096 1609 1163 1645 quia
1179 1609 1206 1637 in
1223 1608 1303 1637 vobis
1314 1608 1434 1636 conﬁdo.

1134 1654 1219 1683 Vens.
1238 1654 1268 1683 2.
1286 1663 1296 1680 ι
1315 1655 1393 1690 Rogo
1408 1658 1512 1686 autem,
1524 1661 1559 1681 ne
1573 1661 1695 1688 praesens
1714 1653 1829 1681 audeam
1845 1660 1893 1688 per

1097 1700 1293 1729 conﬁdentiam
1307 1707 1362 1735 qua
1378 1700 1526 1728 existimor
1541 1699 1644 1728 audere
1667 1698 1696 1727 in
1713 1699 1859 1734 quosdam.
1877 1707 1887 1724 ι

1133 1747 1210 1783 Rogo
1226 1753 1287 1781 vos,
1304 1746 1405 1782 inquit,
1422 1753 1458 1774 ne
1473 1753 1517 1773 me
1532 1745 1566 1773 ad
1586 1746 1639 1773 hoc
1655 1745 1786 1780 adigatis,
1799 1749 1830 1771 ut
1845 1752 1893 1780 [n-

1097 1793 1151 1820 lam
1167 1792 1285 1824 iaciam,
1302 1799 1347 1820 me
1365 1798 1476 1827 quoque
1492 1790 1590 1818 fortem
1603 1797 1667 1818 esse
1687 1789 1800 1825 quando
1819 1796 1891 1823 prae-

1097 1845 1163 1866 sens
1188 1845 1262 1871 sum,
1277 1840 1306 1865 et
1325 1837 1426 1864 virtute
1450 1836 1564 1871 pollere.
1589 1834 1658 1863 Nam
1672 1834 1738 1870 quia
1759 1835 1889 1866 dixerat:

1097 1883 1198 1911 Absens
1213 1883 1319 1910 omnino
1334 1882 1438 1917 conﬁdo
1451 1882 1478 1910 in
1497 1881 1580 1914 vobis,
1596 1880 1691 1910 iisdem
1708 1887 1784 1908 nunc
1801 1879 1891 1908 verbis

1098 1930 1198 1958 utitur.

1136 1985 1145 2002 ι
1163 1974 1214 2009 Qui
1235 1973 1407 2001 arbitrantur
1431 1980 1482 2000 nos
1508 1977 1639 2006 tanquam
1660 1971 1810 2000 secandum
1831 1977 1890 1998 car-

1098 2029 1160 2050 nem
1176 2019 1363 2047 ambulemus.
1385 2027 1395 2044 ι

1134 2067 1225 2103 Ipsum
1246 2065 1320 2092 enim
1340 2064 1518 2092 incessebant
1547 2067 1680 2098 tanquam
1707 2061 1890 2098 bypoeritam.

1099 2117 1230 2147 tanquam
1247 2110 1404 2146 improbum
1418 2113 1446 2137 et
1461 2109 1646 2145 deceptorem.

1134 2155 1219 2184 Vsus.
1238 2155 1266 2183 5.
1294 2164 1303 2182 ι
1322 2155 1350 2182 ln
1365 2161 1450 2182 carne
1471 2154 1544 2182 enim
1563 2153 1757 2185 ambulantes.
1779 2161 1836 2181 non
1850 2161 1890 2183 se-

1103 2203 1224 2230 cundum
1240 2208 1352 2229 carnem
1369 2200 1532 2228 militamus.
1551 2209 1561 2226 ι

1140 2248 1192 2276 llic
1207 2255 1273 2276 vero
1281 2254 1330 2276 eos
1343 2247 1464 2275 territat.
1479 2246 1548 2274 Nam
1564 2253 1648 2274 cat‘ue
1662 2253 1714 2274 nos
1724 2245 1891 2274 circumdari

1106 2295 1194 2322 fateor
1211 2303 1217 2321 :
1234 2297 1365 2323 caeterum
1391 2299 1565 2328 nequaquam
1597 2292 1752 2320 secundum
1779 2299 1891 2319 carnem

1104 2340 1237 2368 vivimus.
1254 2339 1313 2366 Hoc
1333 2343 1424 2367 autem
1442 2338 1568 2374 estquod
1586 2338 1711 2365 militiam
1727 2336 1891 2369 nominavit,

1104 2393 1158 2422 quo
1169 2389 1323 2414 exterrerct
1335 2385 1434 2420 magis.

1141 2431 1264 2460 νείκει.
1287 2440 1297 2457 ι
1313 2431 1382 2459 Nam
1397 2439 1475 2459 arma
1495 2431 1601 2459 militia:
1623 2434 1724 2458 nostrae
1748 2435 1804 2457 nou
1832 2436 1890 2458 car-

1105 2479 1178 2506 nalia
1197 2482 1274 2511 sunt,
1289 2477 1337 2505 sed
1353 2478 1475 2513 potentia
1490 2477 1555 2505 Deo.
1579 2485 1589 2502 ι

1140 2534 1222 2561 Arma
1242 2533 1337 2561 carnis
1353 2539 1428 2566 sunt,
1448 2533 1563 2563 divitiae.
1586 2532 1683 2567 gloria,
1700 2532 1834 2567 potentia,
1851 2531 1891 2559 ia-

1105 2579 1217 2612 cundia,
1231 2583 1314 2613 artes,
1331 2579 1512 2610 famulitium,
1536 2578 1753 2612 assentationes,
1778 2578 1892 2606 shnuta-

1105 2627 1207 2659 tiones,
1224 2629 1251 2652 et
1268 2625 1319 2652 alia
1331 2625 1429 2652 horum
1447 2624 1559 2651 similia.
1573 2623 1674 2651 Nostra
1693 2631 1769 2656 vero,
1789 2624 1892 2659 inquit,

1106 2672 1170 2699 talia
1192 2679 1246 2698 non
1264 2675 1341 2704 sunt,
1364 2670 1412 2699 sed
1436 2677 1450 2697 a
1475 2670 1531 2698 Deo
1553 2670 1638 2698 robur
1665 2669 1779 2697 habent.
1808 2669 1903 2698 Recte.

1106 2722 1197 2745 autem
1219 2716 1349 2744 virtutem
1377 2716 1477 2743 iterum
1506 2723 1585 2743 suam
1615 2722 1724 2743 omnem
1753 2720 1893 2750 acceptam

1106 2763 1190 2791 refert
1206 2762 1271 2790 Deo.
1293 2762 1332 2790 Ac
1346 2762 1369 2790 si
1385 2762 1491 2789 diceret
1507 2771 1514 2789 ε
1531 2760 1592 2789 Non
1607 2768 1657 2789 nos
1671 2760 1770 2789 isthmc
1784 2761 1892 2796 praesti-

1107 2809 1201 2840 timus.
1227 2807 1274 2836 sed
1298 2808 1357 2844 ipse
1373 2808 1454 2836 Deus.
1478 2806 1546 2835 Nam
1563 2806 1641 2842 quia,
1654 2814 1719 2834 cum
1732 2806 1893 2841 vapularcnt

1107 2855 1374 2895 expellerenturquc.
1403 2854 1524 2883 victores
1552 2856 1642 2887 erant,
1663 2853 1702 2883 ait
1727 2852 1779 2885 hoc
1803 2852 1892 2891 ipsum
