  <div class='ocr_page' id='page_1' title='image "/cluster/home/n/w/nwhite01/storage/ocr_20150623/95/njp.32101077772844/388.png"; bbox 0 0 2078 3116; ppageno 0'>
   <div class='ocr_carea' id='block_1_1' title="bbox 251 114 302 148">
    <p class='ocr_par' dir='ltr' id='par_1_1' title="bbox 251 114 302 148">
     <span class='ocr_line' id='line_1_1' title="bbox 251 114 302 148; baseline 0 0"><span class='ocrx_word' id='word_1_1' title='bbox 251 114 302 148; x_wconf 79' lang='grc'><strong>’161</strong></span> 
     </span>
    </p>
   </div>
   <div class='ocr_carea' id='block_1_2' title="bbox 816 116 1320 152">
    <p class='ocr_par' dir='ltr' id='par_1_2' title="bbox 816 116 1320 152">
     <span class='ocr_line' id='line_1_2' title="bbox 816 116 1320 152; baseline 0.01 -5"><span class='ocrx_word' id='word_1_2' title='bbox 816 117 857 148; x_wconf 90' lang='grc' dir='ltr'><strong>ΙΝ</strong></span> <span class='ocrx_word' id='word_1_3' title='bbox 876 116 995 148; x_wconf 86' lang='lat' dir='ltr'><strong>EPIST.</strong></span> <span class='ocrx_word' id='word_1_4' title='bbox 1012 117 1063 148; x_wconf 79' lang='lat' dir='ltr'><strong>AD</strong></span> <span class='ocrx_word' id='word_1_5' title='bbox 1081 118 1261 151; x_wconf 82' lang='lat' dir='ltr'><strong>CORINTH.</strong></span> <span class='ocrx_word' id='word_1_6' title='bbox 1278 121 1320 152; x_wconf 85' lang='lat' dir='ltr'><strong>II.</strong></span> 
     </span>
    </p>
   </div>
   <div class='ocr_carea' id='block_1_3' title="bbox 1778 121 1879 155">
    <p class='ocr_par' dir='ltr' id='par_1_3' title="bbox 1778 121 1879 155">
     <span class='ocr_line' id='line_1_3' title="bbox 1778 121 1879 155; baseline 0 -1"><span class='ocrx_word' id='word_1_7' title='bbox 1778 129 1781 130; x_wconf 73' lang='lat'><strong><em>&#39;</em></strong></span> <span class='ocrx_word' id='word_1_8' title='bbox 1826 121 1879 155; x_wconf 78' lang='lat'><strong>762</strong></span> 
     </span>
    </p>
   </div>
   <div class='ocr_carea' id='block_1_4' title="bbox 199 167 1042 212">
    <p class='ocr_par' dir='ltr' id='par_1_4' title="bbox 199 167 1042 206">
     <span class='ocr_line' id='line_1_4' title="bbox 199 167 1042 206; baseline 0 -10"><span class='ocrx_word' id='word_1_9' title='bbox 199 167 201 180; x_wconf 65' lang='lat'>‘</span> <span class='ocrx_word' id='word_1_10' title='bbox 251 169 331 205; x_wconf 80' lang='grc' dir='ltr'><strong>ὑμεῖς</strong></span> <span class='ocrx_word' id='word_1_11' title='bbox 347 167 484 204; x_wconf 70' lang='grc' dir='ltr'><strong>ὑψωθῆτε,</strong></span> <span class='ocrx_word' id='word_1_12' title='bbox 500 168 542 196; x_wconf 83' lang='grc' dir='ltr'><strong>δτι</strong></span> <span class='ocrx_word' id='word_1_13' title='bbox 557 168 661 204; x_wconf 77' lang='grc' dir='ltr'>δωρεὰν</span> <span class='ocrx_word' id='word_1_14' title='bbox 677 169 706 196; x_wconf 78' lang='grc' dir='ltr'><strong>τὸ</strong></span> <span class='ocrx_word' id='word_1_15' title='bbox 723 169 769 196; x_wconf 73' lang='grc' dir='ltr'><strong>τοῦ</strong></span> <span class='ocrx_word' id='word_1_16' title='bbox 787 170 855 197; x_wconf 84' lang='grc' dir='ltr'><strong>Θεοῦ</strong></span> <span class='ocrx_word' id='word_1_17' title='bbox 879 171 1042 206; x_wconf 84' lang='grc' dir='ltr'><strong>Εὐαγγέλιον</strong></span> 
     </span>
    </p>
   </div>
   <div class='ocr_carea' id='block_1_5' title="bbox 1092 167 1877 212">
    <p class='ocr_par' dir='ltr' id='par_1_5' title="bbox 1097 171 1877 212">
     <span class='ocr_line' id='line_1_5' title="bbox 1097 171 1877 212; baseline 0.006 -13"><span class='ocrx_word' id='word_1_18' title='bbox 1097 171 1185 207; x_wconf 82' lang='lat' dir='ltr'><strong>ipsum</strong></span> <span class='ocrx_word' id='word_1_19' title='bbox 1202 174 1359 208; x_wconf 87' lang='lat' dir='ltr'><strong>luunilians,</strong></span> <span class='ocrx_word' id='word_1_20' title='bbox 1368 178 1398 201; x_wconf 91' lang='lat' dir='ltr'><strong>ut</strong></span> <span class='ocrx_word' id='word_1_21' title='bbox 1410 182 1459 203; x_wconf 83' lang='lat' dir='ltr'><strong>vos</strong></span> <span class='ocrx_word' id='word_1_22' title='bbox 1469 175 1638 209; x_wconf 82' lang='lat' dir='ltr'><strong>exaltemini,</strong></span> <span class='ocrx_word' id='word_1_23' title='bbox 1649 176 1777 211; x_wconf 83' lang='lat' dir='ltr'><strong>quoniam</strong></span> <span class='ocrx_word' id='word_1_24' title='bbox 1792 178 1877 212; x_wconf 85' lang='lat' dir='ltr'><strong>gratis</strong></span> 
     </span>
    </p>
   </div>
   <div class='ocr_carea' id='block_1_6' title="bbox 252 214 1039 253">
    <p class='ocr_par' dir='ltr' id='par_1_6' title="bbox 252 214 1039 253">
     <span class='ocr_line' id='line_1_6' title="bbox 252 214 1039 253; baseline 0.004 -12"><span class='ocrx_word' id='word_1_25' title='bbox 252 214 474 250; x_wconf 73' lang='grc' dir='ltr'><strong>εὐηγγελισάμην</strong></span> <span class='ocrx_word' id='word_1_26' title='bbox 484 215 567 250; x_wconf 84' lang='grc' dir='ltr'><strong>ὑμῖν;</strong></span> <span class='ocrx_word' id='word_1_27' title='bbox 585 214 686 246; x_wconf 77' lang='grc' dir='ltr'><strong>Ἀλλας</strong></span> <span class='ocrx_word' id='word_1_28' title='bbox 720 215 885 251; x_wconf 85' lang='grc' dir='ltr'><strong>Ἐκκλησίας</strong></span> <span class='ocrx_word' id='word_1_29' title='bbox 907 217 1039 253; x_wconf 66' lang='grc' dir='ltr'><strong>ἐσύλησα,</strong></span> 
     </span>
    </p>
   </div>
   <div class='ocr_carea' id='block_1_7' title="bbox 251 259 1041 296">
    <p class='ocr_par' dir='ltr' id='par_1_7' title="bbox 251 259 1041 296">
     <span class='ocr_line' id='line_1_7' title="bbox 251 259 1041 296; baseline 0.003 -8"><span class='ocrx_word' id='word_1_30' title='bbox 251 260 341 288; x_wconf 77' lang='grc' dir='ltr'>λαϐὼν</span> <span class='ocrx_word' id='word_1_31' title='bbox 355 259 471 295; x_wconf 77' lang='grc' dir='ltr'><strong>ὀψώνιον</strong></span> <span class='ocrx_word' id='word_1_32' title='bbox 488 259 558 295; x_wconf 79' lang='grc' dir='ltr'>πρὸς</span> <span class='ocrx_word' id='word_1_33' title='bbox 568 261 618 296; x_wconf 81' lang='grc' dir='ltr'><strong>τὴν</strong></span> <span class='ocrx_word' id='word_1_34' title='bbox 641 260 719 295; x_wconf 83' lang='grc' dir='ltr'>ὑμῶν</span> <span class='ocrx_word' id='word_1_35' title='bbox 746 261 894 290; x_wconf 87' lang='grc' dir='ltr'><strong>διακονίαν.</strong></span> <span class='ocrx_word' id='word_1_36' title='bbox 916 263 972 290; x_wconf 70' lang='grc' dir='ltr'><strong>Καὶ</strong></span> <span class='ocrx_word' id='word_1_37' title='bbox 990 272 1041 291; x_wconf 87' lang='grc' dir='ltr'><strong>πα-</strong></span> 
     </span>
    </p>
   </div>
   <div class='ocr_carea' id='block_1_8' title="bbox 252 307 1042 348">
    <p class='ocr_par' dir='ltr' id='par_1_8' title="bbox 252 307 1042 348">
     <span class='ocr_line' id='line_1_8' title="bbox 252 307 1042 348; baseline 0.009 -15"><span class='ocrx_word' id='word_1_38' title='bbox 252 307 306 343; x_wconf 87' lang='grc' dir='ltr'>ρὼν</span> <span class='ocrx_word' id='word_1_39' title='bbox 328 308 398 344; x_wconf 82' lang='grc' dir='ltr'><strong>πρὸς</strong></span> <span class='ocrx_word' id='word_1_40' title='bbox 426 308 510 343; x_wconf 83' lang='grc' dir='ltr'><strong>ὑμᾶς,</strong></span> <span class='ocrx_word' id='word_1_41' title='bbox 537 309 585 336; x_wconf 75' lang='grc' dir='ltr'><strong>καὶ</strong></span> <span class='ocrx_word' id='word_1_42' title='bbox 614 310 785 346; x_wconf 83' lang='grc' dir='ltr'><strong>ὑστερηθεὶς,</strong></span> <span class='ocrx_word' id='word_1_43' title='bbox 801 311 832 337; x_wconf 82' lang='grc' dir='ltr'><strong>οὐ</strong></span> <span class='ocrx_word' id='word_1_44' title='bbox 846 312 1042 348; x_wconf 78' lang='grc' dir='ltr'><strong>κατενάρκησα</strong></span> 
     </span>
    </p>
   </div>
   <div class='ocr_carea' id='block_1_9' title="bbox 249 352 1042 393">
    <p class='ocr_par' dir='ltr' id='par_1_9' title="bbox 249 352 1042 393">
     <span class='ocr_line' id='line_1_9' title="bbox 249 352 1042 393; baseline 0.008 -14"><span class='ocrx_word' id='word_1_45' title='bbox 249 352 371 385; x_wconf 70' lang='grc' dir='ltr'><strong>οὐθενός.</strong></span> <span class='ocrx_word' id='word_1_46' title='bbox 382 352 418 380; x_wconf 79' lang='grc' dir='ltr'><strong>Τὸ</strong></span> <span class='ocrx_word' id='word_1_47' title='bbox 431 353 485 390; x_wconf 83' lang='grc' dir='ltr'>γὰρ</span> <span class='ocrx_word' id='word_1_48' title='bbox 498 354 642 390; x_wconf 80' lang='grc' dir='ltr'><strong>ὑστέρημά</strong></span> <span class='ocrx_word' id='word_1_49' title='bbox 657 364 708 390; x_wconf 84' lang='grc' dir='ltr'><strong>μου</strong></span> <span class='ocrx_word' id='word_1_50' title='bbox 723 356 994 393; x_wconf 77' lang='grc' dir='ltr'><strong>προσανεπλήρωσαν</strong></span> <span class='ocrx_word' id='word_1_51' title='bbox 1016 358 1042 385; x_wconf 79' lang='grc' dir='ltr'><strong>οἱ</strong></span> 
     </span>
    </p>
   </div>
   <div class='ocr_carea' id='block_1_10' title="bbox 250 398 1042 435">
    <p class='ocr_par' dir='ltr' id='par_1_10' title="bbox 250 398 1042 435">
     <span class='ocr_line' id='line_1_10' title="bbox 250 398 1042 435; baseline 0.009 -11"><span class='ocrx_word' id='word_1_52' title='bbox 250 398 371 433; x_wconf 77' lang='grc' dir='ltr'><strong>ἀδελφοὶ,</strong></span> <span class='ocrx_word' id='word_1_53' title='bbox 398 399 521 432; x_wconf 76' lang='grc' dir='ltr'><strong>ἐλθόντες</strong></span> <span class='ocrx_word' id='word_1_54' title='bbox 543 400 598 427; x_wconf 71' lang='grc' dir='ltr'><strong>ἀπὸ</strong></span> <span class='ocrx_word' id='word_1_55' title='bbox 624 401 805 435; x_wconf 77' lang='grc' dir='ltr'><strong>Μακεδονίας,</strong></span> <span class='ocrx_word' id='word_1_56' title='bbox 827 402 876 430; x_wconf 74' lang='grc' dir='ltr'><strong>καὶ</strong></span> <span class='ocrx_word' id='word_1_57' title='bbox 904 404 933 430; x_wconf 73' lang='grc' dir='ltr'><strong>ἐν</strong></span> <span class='ocrx_word' id='word_1_58' title='bbox 959 404 1042 432; x_wconf 84' lang='grc' dir='ltr'><strong>παντὶ</strong></span> 
     </span>
    </p>
   </div>
   <div class='ocr_carea' id='block_1_11' title="bbox 251 445 941 485">
    <p class='ocr_par' dir='ltr' id='par_1_11' title="bbox 251 445 941 485">
     <span class='ocr_line' id='line_1_11' title="bbox 251 445 941 485; baseline 0.009 -14"><span class='ocrx_word' id='word_1_59' title='bbox 251 445 342 481; x_wconf 77' lang='grc' dir='ltr'><strong>ἀϐαρῆ</strong></span> <span class='ocrx_word' id='word_1_60' title='bbox 363 446 427 481; x_wconf 85' lang='grc' dir='ltr'>ὑμῖν</span> <span class='ocrx_word' id='word_1_61' title='bbox 437 446 559 481; x_wconf 77' lang='grc' dir='ltr'><strong>ἑμαυτὺν</strong></span> <span class='ocrx_word' id='word_1_62' title='bbox 576 447 711 483; x_wconf 71' lang='grc' dir='ltr'><strong>ἐτήρησα,</strong></span> <span class='ocrx_word' id='word_1_63' title='bbox 729 449 777 476; x_wconf 80' lang='grc' dir='ltr'><strong>καὶ</strong></span> <span class='ocrx_word' id='word_1_64' title='bbox 791 450 915 485; x_wconf 84' lang='grc' dir='ltr'><strong>τηρήσω.</strong></span> <span class='ocrx_word' id='word_1_65' title='bbox 932 459 941 476; x_wconf 78' lang='grc' dir='ltr'><strong>ι</strong></span> 
     </span>
    </p>
   </div>
   <div class='ocr_carea' id='block_1_12' title="bbox 290 489 1042 530">
    <p class='ocr_par' dir='ltr' id='par_1_12' title="bbox 290 489 1042 530">
     <span class='ocr_line' id='line_1_12' title="bbox 290 489 1042 530; baseline 0.004 -11"><span class='ocrx_word' id='word_1_66' title='bbox 290 492 323 519; x_wconf 89' lang='lat'><strong>&#39;0</strong></span> <span class='ocrx_word' id='word_1_67' title='bbox 337 491 410 526; x_wconf 82' lang='grc' dir='ltr'><strong>λέγει</strong></span> <span class='ocrx_word' id='word_1_68' title='bbox 421 489 540 518; x_wconf 74' lang='grc' dir='ltr'><strong>τοιοῦτόν</strong></span> <span class='ocrx_word' id='word_1_69' title='bbox 550 493 635 519; x_wconf 79' lang='grc' dir='ltr'><strong>ἐστιν·</strong></span> <span class='ocrx_word' id='word_1_70' title='bbox 650 492 697 520; x_wconf 80' lang='grc' dir='ltr'>Ἑν</span> <span class='ocrx_word' id='word_1_71' title='bbox 711 495 878 530; x_wconf 75' lang='grc' dir='ltr'><strong>στενοχωρίᾳ</strong></span> <span class='ocrx_word' id='word_1_72' title='bbox 891 494 985 530; x_wconf 83' lang='grc' dir='ltr'><strong>διῆγον</strong></span> <span class='ocrx_word' id='word_1_73' title='bbox 994 495 1042 523; x_wconf 72' lang='grc' dir='ltr'><strong>καὶ</strong></span> 
     </span>
    </p>
   </div>
   <div class='ocr_carea' id='block_1_13' title="bbox 252 537 1042 576">
    <p class='ocr_par' dir='ltr' id='par_1_13' title="bbox 252 537 1042 576">
     <span class='ocr_line' id='line_1_13' title="bbox 252 537 1042 576; baseline 0.008 -13"><span class='ocrx_word' id='word_1_74' title='bbox 252 537 332 572; x_wconf 80' lang='grc' dir='ltr'>πενίᾳ</span> <span class='ocrx_word' id='word_1_75' title='bbox 348 537 461 574; x_wconf 77' lang='grc' dir='ltr'><strong>ἐσχάτῃ,</strong></span> <span class='ocrx_word' id='word_1_76' title='bbox 478 537 544 573; x_wconf 78' lang='grc' dir='ltr'><strong>παρ’</strong></span> <span class='ocrx_word' id='word_1_77' title='bbox 564 538 630 573; x_wconf 86' lang='grc' dir='ltr'>ὑμῖν</span> <span class='ocrx_word' id='word_1_78' title='bbox 657 537 705 571; x_wconf 85' lang='grc' dir='ltr'><strong>ὣν,</strong></span> <span class='ocrx_word' id='word_1_79' title='bbox 729 540 776 566; x_wconf 79' lang='grc' dir='ltr'><strong>καὶ</strong></span> <span class='ocrx_word' id='word_1_80' title='bbox 805 541 950 576; x_wconf 79' lang='grc' dir='ltr'><strong>κηρύττων</strong></span> <span class='ocrx_word' id='word_1_81' title='bbox 977 541 1042 576; x_wconf 85' lang='grc' dir='ltr'><strong>ὑμῖν</strong></span> 
     </span>
    </p>
   </div>
   <div class='ocr_carea' id='block_1_14' title="bbox 250 581 1042 620">
    <p class='ocr_par' dir='ltr' id='par_1_14' title="bbox 250 581 1042 620">
     <span class='ocr_line' id='line_1_14' title="bbox 250 581 1042 620; baseline 0.006 -11"><span class='ocrx_word' id='word_1_82' title='bbox 250 583 299 610; x_wconf 74' lang='grc' dir='ltr'><strong>τὸν</strong></span> <span class='ocrx_word' id='word_1_83' title='bbox 314 582 402 617; x_wconf 87' lang='grc' dir='ltr'><strong>λόγον,</strong></span> <span class='ocrx_word' id='word_1_84' title='bbox 420 583 506 611; x_wconf 79' lang='grc' dir='ltr'><strong>Τοῦτο</strong></span> <span class='ocrx_word' id='word_1_85' title='bbox 516 581 563 611; x_wconf 79' lang='grc' dir='ltr'><strong>οὖν</strong></span> <span class='ocrx_word' id='word_1_86' title='bbox 583 592 630 619; x_wconf 88' lang='grc' dir='ltr'><strong>μοι</strong></span> <span class='ocrx_word' id='word_1_87' title='bbox 642 583 718 620; x_wconf 74' lang='grc' dir='ltr'><strong>ἔχετε</strong></span> <span class='ocrx_word' id='word_1_88' title='bbox 739 585 878 619; x_wconf 74' lang='grc' dir='ltr'><strong>ἐγκαλεῖν,</strong></span> <span class='ocrx_word' id='word_1_89' title='bbox 898 587 944 613; x_wconf 81' lang='grc' dir='ltr'><strong>καὶ</strong></span> <span class='ocrx_word' id='word_1_90' title='bbox 963 586 1042 613; x_wconf 87' lang='grc' dir='ltr'><strong>τοῦτο</strong></span> 
     </span>
    </p>
   </div>
   <div class='ocr_carea' id='block_1_15' title="bbox 251 627 1041 668">
    <p class='ocr_par' dir='ltr' id='par_1_15' title="bbox 251 627 1041 668">
     <span class='ocr_line' id='line_1_15' title="bbox 251 627 1041 668; baseline 0.008 -14"><span class='ocrx_word' id='word_1_91' title='bbox 251 627 385 665; x_wconf 71' lang='grc' dir='ltr'><strong>ἦμαρτον,</strong></span> <span class='ocrx_word' id='word_1_92' title='bbox 414 628 455 655; x_wconf 84' lang='grc' dir='ltr'><strong>ὅτι</strong></span> <span class='ocrx_word' id='word_1_93' title='bbox 479 629 593 664; x_wconf 79' lang='grc' dir='ltr'><strong>εἱλόμην</strong></span> <span class='ocrx_word' id='word_1_94' title='bbox 618 629 739 663; x_wconf 71' lang='grc' dir='ltr'><strong>ἐμαυτὸν</strong></span> <span class='ocrx_word' id='word_1_95' title='bbox 765 630 868 665; x_wconf 80' lang='grc' dir='ltr'><strong>θλίψαι,</strong></span> <span class='ocrx_word' id='word_1_96' title='bbox 896 632 939 659; x_wconf 85' lang='grc' dir='ltr'><strong>ῐνα</strong></span> <span class='ocrx_word' id='word_1_97' title='bbox 963 632 1041 668; x_wconf 80' lang='grc' dir='ltr'><strong>ὑμεῖς</strong></span> 
     </span>
    </p>
   </div>
   <div class='ocr_carea' id='block_1_16' title="bbox 251 673 873 711">
    <p class='ocr_par' dir='ltr' id='par_1_16' title="bbox 251 673 873 711">
     <span class='ocr_line' id='line_1_16' title="bbox 251 673 873 711; baseline 0.006 -11"><span class='ocrx_word' id='word_1_98' title='bbox 251 673 421 710; x_wconf 82' lang='grc' dir='ltr'><strong>ὼφεληθῆτε.</strong></span> <span class='ocrx_word' id='word_1_99' title='bbox 436 674 522 701; x_wconf 80' lang='grc' dir='ltr'><strong>Τοῦτο</strong></span> <span class='ocrx_word' id='word_1_100' title='bbox 536 675 588 711; x_wconf 76' lang='grc' dir='ltr'><strong>γάρ</strong></span> <span class='ocrx_word' id='word_1_101' title='bbox 597 675 655 702; x_wconf 72' lang='grc' dir='ltr'><strong>ἐστι</strong></span> <span class='ocrx_word' id='word_1_102' title='bbox 668 675 710 708; x_wconf 80' lang='grc' dir='ltr'><strong>τὸ,</strong></span> <span class='ocrx_word' id='word_1_103' title='bbox 724 675 873 711; x_wconf 71' lang='grc' dir='ltr'><strong>ὑψωθῆτε.</strong></span> 
     </span>
    </p>
   </div>
   <div class='ocr_carea' id='block_1_17' title="bbox 288 824 835 861">
    <p class='ocr_par' dir='ltr' id='par_1_17' title="bbox 288 824 835 861">
     <span class='ocr_line' id='line_1_17' title="bbox 288 824 835 861; baseline 0.005 -11"><span class='ocrx_word' id='word_1_104' title='bbox 288 834 297 850; x_wconf 84' lang='grc' dir='ltr'><strong>ι</strong></span> <span class='ocrx_word' id='word_1_105' title='bbox 319 824 413 851; x_wconf 81' lang='grc' dir='ltr'><strong>Ἔστιν</strong></span> <span class='ocrx_word' id='word_1_106' title='bbox 426 824 540 860; x_wconf 83' lang='grc' dir='ltr'><strong>ἀλήθεια</strong></span> <span class='ocrx_word' id='word_1_107' title='bbox 555 825 674 861; x_wconf 77' lang='grc' dir='ltr'><strong>Χριστοῦ</strong></span> <span class='ocrx_word' id='word_1_108' title='bbox 690 826 720 853; x_wconf 72' lang='grc' dir='ltr'><strong>ἐν</strong></span> <span class='ocrx_word' id='word_1_109' title='bbox 732 826 804 861; x_wconf 77' lang='grc' dir='ltr'><strong>ὲμοί.</strong></span> <span class='ocrx_word' id='word_1_110' title='bbox 825 836 835 853; x_wconf 76' lang='grc' dir='ltr'><strong>ι</strong></span> 
     </span>
    </p>
   </div>
   <div class='ocr_carea' id='block_1_18' title="bbox 286 870 1039 905">
    <p class='ocr_par' dir='ltr' id='par_1_18' title="bbox 286 870 1039 905">
     <span class='ocr_line' id='line_1_18' title="bbox 286 870 1039 905; baseline 0.005 -9"><span class='ocrx_word' id='word_1_111' title='bbox 286 870 332 905; x_wconf 80' lang='grc' dir='ltr'><strong>Μὴ</strong></span> <span class='ocrx_word' id='word_1_112' title='bbox 341 870 480 905; x_wconf 82' lang='grc' dir='ltr'><strong>νομίσητε,</strong></span> <span class='ocrx_word' id='word_1_113' title='bbox 497 871 591 905; x_wconf 75' lang='grc' dir='ltr'><strong>φησὶν,</strong></span> <span class='ocrx_word' id='word_1_114' title='bbox 607 871 648 898; x_wconf 86' lang='grc' dir='ltr'><strong>ὃτι</strong></span> <span class='ocrx_word' id='word_1_115' title='bbox 661 871 706 898; x_wconf 70' lang='grc' dir='ltr'><strong>διὰ</strong></span> <span class='ocrx_word' id='word_1_116' title='bbox 714 871 795 898; x_wconf 80' lang='grc' dir='ltr'><strong>τοῦτο</strong></span> <span class='ocrx_word' id='word_1_117' title='bbox 809 870 886 900; x_wconf 75' lang='grc' dir='ltr'><strong>εἷπον</strong></span> <span class='ocrx_word' id='word_1_118' title='bbox 899 873 941 900; x_wconf 75' lang='grc' dir='ltr'><strong>ἵνα</strong></span> <span class='ocrx_word' id='word_1_119' title='bbox 954 873 1039 900; x_wconf 80' lang='grc' dir='ltr'><strong>λάϐω.</strong></span> 
     </span>
    </p>
   </div>
   <div class='ocr_carea' id='block_1_19' title="bbox 252 915 774 953">
    <p class='ocr_par' dir='ltr' id='par_1_19' title="bbox 252 915 774 953">
     <span class='ocr_line' id='line_1_19' title="bbox 252 915 774 953; baseline 0.004 -11"><span class='ocrx_word' id='word_1_120' title='bbox 252 916 330 942; x_wconf 82' lang='grc' dir='ltr'><strong>Ἐστι</strong></span> <span class='ocrx_word' id='word_1_121' title='bbox 341 915 405 950; x_wconf 82' lang='grc' dir='ltr'><strong>γὰρ,</strong></span> <span class='ocrx_word' id='word_1_122' title='bbox 426 917 522 951; x_wconf 56' lang='grc' dir='ltr'><strong>φησὶνί</strong></span> <span class='ocrx_word' id='word_1_123' title='bbox 533 916 647 951; x_wconf 73' lang='grc' dir='ltr'><strong>ἀλήθεια</strong></span> <span class='ocrx_word' id='word_1_124' title='bbox 659 918 688 944; x_wconf 85' lang='grc' dir='ltr'>ὲν</span> <span class='ocrx_word' id='word_1_125' title='bbox 702 917 774 953; x_wconf 73' lang='grc' dir='ltr'><strong>ἐμοί.</strong></span> 
     </span>
    </p>
   </div>
   <div class='ocr_carea' id='block_1_20' title="bbox 287 961 1041 1001">
    <p class='ocr_par' dir='ltr' id='par_1_20' title="bbox 287 961 1041 1001">
     <span class='ocr_line' id='line_1_20' title="bbox 287 961 1041 1001; baseline 0.008 -14"><span class='ocrx_word' id='word_1_126' title='bbox 287 971 297 987; x_wconf 76' lang='grc' dir='ltr'><strong>ι</strong></span> <span class='ocrx_word' id='word_1_127' title='bbox 314 961 375 988; x_wconf 81' lang='grc' dir='ltr'><strong>ὀτι</strong></span> <span class='ocrx_word' id='word_1_128' title='bbox 390 963 407 997; x_wconf 86' lang='grc' dir='ltr'><strong>ἡ</strong></span> <span class='ocrx_word' id='word_1_129' title='bbox 427 961 563 998; x_wconf 81' lang='grc' dir='ltr'><strong>καύχησις</strong></span> <span class='ocrx_word' id='word_1_130' title='bbox 579 962 648 998; x_wconf 79' lang='grc' dir='ltr'><strong>αὕτη</strong></span> <span class='ocrx_word' id='word_1_131' title='bbox 665 963 696 989; x_wconf 85' lang='grc' dir='ltr'><strong>οὐ</strong></span> <span class='ocrx_word' id='word_1_132' title='bbox 724 965 898 1000; x_wconf 77' lang='grc' dir='ltr'><strong>φραγήσεται</strong></span> <span class='ocrx_word' id='word_1_133' title='bbox 927 966 967 997; x_wconf 70' lang='grc' dir='ltr'><strong>εὶς</strong></span> <span class='ocrx_word' id='word_1_134' title='bbox 991 966 1041 1001; x_wconf 64' lang='grc' dir='ltr'><strong>ἐμὲ</strong></span> 
     </span>
    </p>
   </div>
   <div class='ocr_carea' id='block_1_21' title="bbox 248 1007 1040 1046">
    <p class='ocr_par' dir='ltr' id='par_1_21' title="bbox 248 1007 1040 1046">
     <span class='ocr_line' id='line_1_21' title="bbox 248 1007 1040 1046; baseline 0.008 -13"><span class='ocrx_word' id='word_1_135' title='bbox 248 1008 278 1034; x_wconf 73' lang='grc' dir='ltr'><strong>ιν</strong></span> <span class='ocrx_word' id='word_1_136' title='bbox 290 1008 348 1039; x_wconf 84' lang='grc' dir='ltr'><strong>τοῖς</strong></span> <span class='ocrx_word' id='word_1_137' title='bbox 361 1007 475 1042; x_wconf 79' lang='grc' dir='ltr'><strong>κλίμασι</strong></span> <span class='ocrx_word' id='word_1_138' title='bbox 485 1008 537 1043; x_wconf 85' lang='grc' dir='ltr'><strong>τῆς</strong></span> <span class='ocrx_word' id='word_1_139' title='bbox 550 1008 673 1044; x_wconf 76' lang='grc' dir='ltr'><strong>Ἀχαΐας.</strong></span> <span class='ocrx_word' id='word_1_140' title='bbox 689 1009 741 1036; x_wconf 84' lang='grc' dir='ltr'><strong>Διὰ</strong></span> <span class='ocrx_word' id='word_1_141' title='bbox 753 1010 780 1037; x_wconf 91' lang='grc' dir='ltr'><strong>τί</strong></span> <span class='ocrx_word' id='word_1_142' title='bbox 792 1019 800 1043; x_wconf 86' lang='grc'><strong>;</strong></span> <span class='ocrx_word' id='word_1_143' title='bbox 816 1010 857 1037; x_wconf 84' lang='grc' dir='ltr'><strong>ὃτι</strong></span> <span class='ocrx_word' id='word_1_144' title='bbox 874 1011 925 1038; x_wconf 83' lang='grc' dir='ltr'><strong>οὐκ</strong></span> <span class='ocrx_word' id='word_1_145' title='bbox 940 1011 1040 1046; x_wconf 71' lang='grc' dir='ltr'>ἀγαπῶ</span> 
     </span>
    </p>
   </div>
   <div class='ocr_carea' id='block_1_22' title="bbox 249 1052 983 1091">
    <p class='ocr_par' dir='ltr' id='par_1_22' title="bbox 249 1052 983 1091">
     <span class='ocr_line' id='line_1_22' title="bbox 249 1052 983 1091; baseline 0.007 -12"><span class='ocrx_word' id='word_1_146' title='bbox 249 1053 339 1088; x_wconf 72' lang='grc' dir='ltr'><strong>ὑμᾶςς</strong></span> <span class='ocrx_word' id='word_1_147' title='bbox 359 1053 389 1080; x_wconf 86' lang='grc'><strong>’0</strong></span> <span class='ocrx_word' id='word_1_148' title='bbox 403 1053 470 1085; x_wconf 82' lang='grc' dir='ltr'><strong>Θεὸς</strong></span> <span class='ocrx_word' id='word_1_149' title='bbox 482 1052 562 1081; x_wconf 73' lang='grc' dir='ltr'><strong>οἶδεν.</strong></span> <span class='ocrx_word' id='word_1_150' title='bbox 585 1054 618 1080; x_wconf 87' lang='grc' dir='ltr'><em>Ὃ</em></span> <span class='ocrx_word' id='word_1_151' title='bbox 627 1054 656 1080; x_wconf 81' lang='grc' dir='ltr'><strong>δὲ</strong></span> <span class='ocrx_word' id='word_1_152' title='bbox 670 1055 750 1088; x_wconf 85' lang='grc' dir='ltr'><strong>ποιῶ,</strong></span> <span class='ocrx_word' id='word_1_153' title='bbox 767 1057 815 1083; x_wconf 82' lang='grc' dir='ltr'><strong>καὶ</strong></span> <span class='ocrx_word' id='word_1_154' title='bbox 834 1057 951 1091; x_wconf 81' lang='grc' dir='ltr'><strong>ποιήσω.</strong></span> <span class='ocrx_word' id='word_1_155' title='bbox 973 1067 983 1084; x_wconf 69' lang='grc' dir='ltr'><strong>ι</strong></span> 
     </span>
    </p>
   </div>
   <div class='ocr_carea' id='block_1_23' title="bbox 282 1135 738 1172">
    <p class='ocr_par' dir='ltr' id='par_1_23' title="bbox 282 1135 738 1172">
     <span class='ocr_line' id='line_1_23' title="bbox 282 1135 738 1172; baseline 0.002 -9"><span class='ocrx_word' id='word_1_156' title='bbox 282 1135 425 1171; x_wconf 86' lang='grc' dir='ltr'><strong>Καύχησιν</strong></span> <span class='ocrx_word' id='word_1_157' title='bbox 435 1136 462 1163; x_wconf 76' lang='grc' dir='ltr'><strong>δὲ</strong></span> <span class='ocrx_word' id='word_1_158' title='bbox 474 1136 504 1163; x_wconf 86' lang='grc' dir='ltr'><strong>τὺ</strong></span> <span class='ocrx_word' id='word_1_159' title='bbox 519 1137 636 1172; x_wconf 80' lang='grc' dir='ltr'><strong>πρᾶγμα</strong></span> <span class='ocrx_word' id='word_1_160' title='bbox 651 1137 738 1164; x_wconf 91' lang='grc' dir='ltr'><strong>καλεῖ.</strong></span> 
     </span>
    </p>
   </div>
   <div class='ocr_carea' id='block_1_24' title="bbox 287 1182 1040 1218">
    <p class='ocr_par' dir='ltr' id='par_1_24' title="bbox 287 1182 1040 1218">
     <span class='ocr_line' id='line_1_24' title="bbox 287 1182 1040 1218; baseline 0 -10"><span class='ocrx_word' id='word_1_161' title='bbox 287 1191 297 1208; x_wconf 73' lang='grc' dir='ltr'><strong>ι</strong></span> <span class='ocrx_word' id='word_1_162' title='bbox 313 1182 374 1209; x_wconf 84' lang='grc' dir='ltr'><strong>Ἵνα</strong></span> <span class='ocrx_word' id='word_1_163' title='bbox 396 1182 425 1209; x_wconf 77' lang='grc' dir='ltr'><strong>δὲ</strong></span> <span class='ocrx_word' id='word_1_164' title='bbox 455 1182 565 1217; x_wconf 76' lang='grc' dir='ltr'><strong>ἐκκόψω</strong></span> <span class='ocrx_word' id='word_1_165' title='bbox 594 1182 645 1217; x_wconf 80' lang='grc' dir='ltr'><strong>τὴν</strong></span> <span class='ocrx_word' id='word_1_166' title='bbox 669 1182 797 1218; x_wconf 83' lang='grc' dir='ltr'><strong>ἀφορμὴν</strong></span> <span class='ocrx_word' id='word_1_167' title='bbox 827 1182 881 1209; x_wconf 84' lang='grc' dir='ltr'><strong>τῶν</strong></span> <span class='ocrx_word' id='word_1_168' title='bbox 908 1182 1040 1209; x_wconf 81' lang='grc' dir='ltr'><strong>θελόντων</strong></span> 
     </span>
    </p>
   </div>
   <div class='ocr_carea' id='block_1_25' title="bbox 247 1222 1041 1263">
    <p class='ocr_par' dir='ltr' id='par_1_25' title="bbox 247 1222 1041 1263">
     <span class='ocr_line' id='line_1_25' title="bbox 247 1222 1041 1263; baseline 0 -10"><span class='ocrx_word' id='word_1_169' title='bbox 247 1227 396 1262; x_wconf 68' lang='grc' dir='ltr'><strong>ἀφορμήν*</strong></span> <span class='ocrx_word' id='word_1_170' title='bbox 418 1226 461 1254; x_wconf 82' lang='grc' dir='ltr'><strong>ἴνα</strong></span> <span class='ocrx_word' id='word_1_171' title='bbox 495 1226 525 1254; x_wconf 66' lang='grc' dir='ltr'>ἂν</span> <span class='ocrx_word' id='word_1_172' title='bbox 554 1222 577 1261; x_wconf 82' lang='grc' dir='ltr'><strong>ᾧ</strong></span> <span class='ocrx_word' id='word_1_173' title='bbox 598 1227 766 1263; x_wconf 78' lang='grc' dir='ltr'><strong>καυχῶνται,</strong></span> <span class='ocrx_word' id='word_1_174' title='bbox 792 1228 924 1263; x_wconf 84' lang='grc' dir='ltr'><strong>εὐρεθῶσι</strong></span> <span class='ocrx_word' id='word_1_175' title='bbox 951 1226 1041 1259; x_wconf 78' lang='grc' dir='ltr'><strong>καθὼς</strong></span> 
     </span>
    </p>
   </div>
   <div class='ocr_carea' id='block_1_26' title="bbox 247 1274 431 1310">
    <p class='ocr_par' dir='ltr' id='par_1_26' title="bbox 247 1274 431 1310">
     <span class='ocr_line' id='line_1_26' title="bbox 247 1274 431 1310; baseline 0 -9"><span class='ocrx_word' id='word_1_176' title='bbox 247 1274 296 1302; x_wconf 77' lang='grc' dir='ltr'><strong>καὶ</strong></span> <span class='ocrx_word' id='word_1_177' title='bbox 309 1275 401 1310; x_wconf 79' lang='grc' dir='ltr'><strong>ἡμεῖς.</strong></span> <span class='ocrx_word' id='word_1_178' title='bbox 421 1284 431 1301; x_wconf 72' lang='grc' dir='ltr'><strong>ι</strong></span> 
     </span>
    </p>
   </div>
   <div class='ocr_carea' id='block_1_27' title="bbox 289 1320 1039 1356">
    <p class='ocr_par' dir='ltr' id='par_1_27' title="bbox 289 1320 1039 1356">
     <span class='ocr_line' id='line_1_27' title="bbox 289 1320 1039 1356; baseline -0.001 -9"><span class='ocrx_word' id='word_1_179' title='bbox 289 1320 398 1355; x_wconf 79' lang='grc' dir='ltr'><strong>Ἐπειδὴ</strong></span> <span class='ocrx_word' id='word_1_180' title='bbox 412 1320 467 1356; x_wconf 77' lang='grc' dir='ltr'><strong>γάρ</strong></span> <span class='ocrx_word' id='word_1_181' title='bbox 480 1320 561 1347; x_wconf 81' lang='grc' dir='ltr'><strong>τοῦτο</strong></span> <span class='ocrx_word' id='word_1_182' title='bbox 576 1320 743 1353; x_wconf 69' lang='grc' dir='ltr'><strong>ἐσπούδαζον</strong></span> <span class='ocrx_word' id='word_1_183' title='bbox 753 1320 865 1351; x_wconf 70' lang='grc' dir='ltr'><strong>ἐκεῖνοι.</strong></span> <span class='ocrx_word' id='word_1_184' title='bbox 879 1320 965 1356; x_wconf 77' lang='grc' dir='ltr'><strong>λαϐήν</strong></span> <span class='ocrx_word' id='word_1_185' title='bbox 979 1328 1039 1346; x_wconf 84' lang='grc' dir='ltr'><strong>τινα</strong></span> 
     </span>
    </p>
   </div>
   <div class='ocr_carea' id='block_1_28' title="bbox 247 1365 1040 1402">
    <p class='ocr_par' dir='ltr' id='par_1_28' title="bbox 247 1365 1040 1402">
     <span class='ocr_line' id='line_1_28' title="bbox 247 1365 1040 1402; baseline -0.001 -9"><span class='ocrx_word' id='word_1_186' title='bbox 247 1366 338 1402; x_wconf 70' lang='grc' dir='ltr'>εὑρεῖν</span> <span class='ocrx_word' id='word_1_187' title='bbox 360 1367 421 1393; x_wconf 84' lang='grc' dir='ltr'><strong>κατ’</strong></span> <span class='ocrx_word' id='word_1_188' title='bbox 441 1365 525 1393; x_wconf 81' lang='grc' dir='ltr'><strong>αὐτοῦ</strong></span> <span class='ocrx_word' id='word_1_189' title='bbox 553 1366 592 1397; x_wconf 78' lang='grc' dir='ltr'><strong>ὼς</strong></span> <span class='ocrx_word' id='word_1_190' title='bbox 621 1366 839 1402; x_wconf 82' lang='grc' dir='ltr'><strong>φιλοχρημάτου,</strong></span> <span class='ocrx_word' id='word_1_191' title='bbox 863 1367 910 1393; x_wconf 67' lang='grc' dir='ltr'><strong>καὶ</strong></span> <span class='ocrx_word' id='word_1_192' title='bbox 935 1365 1040 1402; x_wconf 87' lang='grc' dir='ltr'><strong>ταύτην</strong></span> 
     </span>
    </p>
   </div>
   <div class='ocr_carea' id='block_1_29' title="bbox 247 1412 554 1449">
    <p class='ocr_par' dir='ltr' id='par_1_29' title="bbox 247 1412 554 1449">
     <span class='ocr_line' id='line_1_29' title="bbox 247 1412 554 1449; baseline -0.007 -8"><span class='ocrx_word' id='word_1_193' title='bbox 247 1414 369 1449; x_wconf 80' lang='grc' dir='ltr'>ἀναιρεῖν</span> <span class='ocrx_word' id='word_1_194' title='bbox 378 1412 554 1445; x_wconf 70' lang='grc' dir='ltr'><strong>ἐσπούδαζεν.</strong></span> 
     </span>
    </p>
   </div>
   <div class='ocr_carea' id='block_1_30' title="bbox 284 1457 1037 1494">
    <p class='ocr_par' dir='ltr' id='par_1_30' title="bbox 284 1457 1037 1494">
     <span class='ocr_line' id='line_1_30' title="bbox 284 1457 1037 1494; baseline 0 -9"><span class='ocrx_word' id='word_1_195' title='bbox 284 1468 294 1485; x_wconf 81' lang='grc' dir='ltr'><strong>ι</strong></span> <span class='ocrx_word' id='word_1_196' title='bbox 312 1460 342 1485; x_wconf 79' lang='grc' dir='ltr'><strong>Οἱ</strong></span> <span class='ocrx_word' id='word_1_197' title='bbox 359 1458 414 1494; x_wconf 80' lang='grc' dir='ltr'><strong>γὰρ</strong></span> <span class='ocrx_word' id='word_1_198' title='bbox 429 1457 544 1485; x_wconf 83' lang='grc' dir='ltr'><strong>τοιοῦτοι.</strong></span> <span class='ocrx_word' id='word_1_199' title='bbox 558 1457 781 1492; x_wconf 83' lang='grc' dir='ltr'><strong>ψευδαπόστολοι.</strong></span> <span class='ocrx_word' id='word_1_200' title='bbox 801 1457 917 1493; x_wconf 78' lang='grc' dir='ltr'><strong>ἐργάται</strong></span> <span class='ocrx_word' id='word_1_201' title='bbox 945 1457 1037 1492; x_wconf 81' lang='grc' dir='ltr'><strong>δόλιοι,</strong></span> 
     </span>
    </p>
   </div>
   <div class='ocr_carea' id='block_1_31' title="bbox 248 1503 1075 1545">
    <p class='ocr_par' dir='ltr' id='par_1_31' title="bbox 248 1503 1075 1545">
     <span class='ocr_line' id='line_1_31' title="bbox 248 1503 1075 1545; baseline 0.001 -14"><span class='ocrx_word' id='word_1_202' title='bbox 248 1504 552 1540; x_wconf 75' lang='grc' dir='ltr'><strong>μετασχηματιζόμενοι</strong></span> <span class='ocrx_word' id='word_1_203' title='bbox 572 1505 612 1536; x_wconf 80' lang='grc' dir='ltr'><strong>εἰς</strong></span> <span class='ocrx_word' id='word_1_204' title='bbox 642 1503 807 1535; x_wconf 81' lang='grc' dir='ltr'><strong>ἀποστόλους</strong></span> <span class='ocrx_word' id='word_1_205' title='bbox 820 1504 952 1540; x_wconf 77' lang='grc' dir='ltr'><strong>Χριστοῦ.</strong></span> <span class='ocrx_word' id='word_1_206' title='bbox 984 1505 1039 1532; x_wconf 79' lang='grc' dir='ltr'><strong>Καὶ</strong></span> <span class='ocrx_word' id='word_1_207' title='bbox 1054 1517 1075 1545; x_wconf 76' lang='lat' dir='ltr'><strong>c</strong></span> 
     </span>
    </p>
   </div>
   <div class='ocr_carea' id='block_1_32' title="bbox 246 1550 1041 1587">
    <p class='ocr_par' dir='ltr' id='par_1_32' title="bbox 246 1550 1041 1587">
     <span class='ocr_line' id='line_1_32' title="bbox 246 1550 1041 1587; baseline 0 -9"><span class='ocrx_word' id='word_1_208' title='bbox 246 1551 276 1581; x_wconf 76' lang='grc' dir='ltr'><strong>οὐ</strong></span> <span class='ocrx_word' id='word_1_209' title='bbox 291 1551 448 1586; x_wconf 83' lang='grc' dir='ltr'><strong>θαυμαστόν</strong></span> <span class='ocrx_word' id='word_1_210' title='bbox 460 1559 469 1569; x_wconf 80' lang='grc'><em>’</em></span> <span class='ocrx_word' id='word_1_211' title='bbox 485 1550 566 1583; x_wconf 74' lang='grc' dir='ltr'><strong>αὐτὸς</strong></span> <span class='ocrx_word' id='word_1_212' title='bbox 583 1550 639 1587; x_wconf 86' lang='grc' dir='ltr'><strong>γὰρ</strong></span> <span class='ocrx_word' id='word_1_213' title='bbox 653 1551 668 1578; x_wconf 86' lang='grc' dir='ltr'><strong>ό</strong></span> <span class='ocrx_word' id='word_1_214' title='bbox 683 1550 805 1584; x_wconf 79' lang='grc' dir='ltr'><strong>Σατανᾶς</strong></span> <span class='ocrx_word' id='word_1_215' title='bbox 834 1551 1041 1587; x_wconf 86' lang='grc' dir='ltr'><strong>μετασχηματί-</strong></span> 
     </span>
    </p>
   </div>
   <div class='ocr_carea' id='block_1_33' title="bbox 246 1597 659 1632">
    <p class='ocr_par' dir='ltr' id='par_1_33' title="bbox 246 1597 659 1632">
     <span class='ocr_line' id='line_1_33' title="bbox 246 1597 659 1632; baseline 0 -8"><span class='ocrx_word' id='word_1_216' title='bbox 246 1597 323 1630; x_wconf 77' lang='grc' dir='ltr'><strong>ζεται</strong></span> <span class='ocrx_word' id='word_1_217' title='bbox 338 1598 378 1630; x_wconf 88' lang='grc' dir='ltr'><strong>εἰς</strong></span> <span class='ocrx_word' id='word_1_218' title='bbox 395 1597 511 1632; x_wconf 78' lang='grc' dir='ltr'><strong>ἄγγελον</strong></span> <span class='ocrx_word' id='word_1_219' title='bbox 529 1597 629 1632; x_wconf 83' lang='grc' dir='ltr'><strong>φωτός.</strong></span> <span class='ocrx_word' id='word_1_220' title='bbox 649 1607 659 1624; x_wconf 81' lang='grc' dir='ltr'><strong>ι</strong></span> 
     </span>
    </p>
   </div>
   <div class='ocr_carea' id='block_1_34' title="bbox 281 1642 1043 1679">
    <p class='ocr_par' dir='ltr' id='par_1_34' title="bbox 281 1642 1043 1679">
     <span class='ocr_line' id='line_1_34' title="bbox 281 1642 1043 1679; baseline -0.001 -9"><span class='ocrx_word' id='word_1_221' title='bbox 281 1643 331 1670; x_wconf 86' lang='grc' dir='ltr'><strong>Διὰ</strong></span> <span class='ocrx_word' id='word_1_222' title='bbox 349 1643 437 1675; x_wconf 79' lang='grc' dir='ltr'><strong>τοῦτο,</strong></span> <span class='ocrx_word' id='word_1_223' title='bbox 453 1644 532 1679; x_wconf 78' lang='grc' dir='ltr'><strong>φησὶ,</strong></span> <span class='ocrx_word' id='word_1_224' title='bbox 547 1642 783 1678; x_wconf 83' lang='grc' dir='ltr'><strong>ψευδαποστόλους</strong></span> <span class='ocrx_word' id='word_1_225' title='bbox 804 1642 890 1674; x_wconf 81' lang='grc' dir='ltr'><strong>καλῶ,</strong></span> <span class='ocrx_word' id='word_1_226' title='bbox 922 1643 963 1670; x_wconf 79' lang='grc' dir='ltr'><strong>ὃτι</strong></span> <span class='ocrx_word' id='word_1_227' title='bbox 991 1651 1043 1670; x_wconf 81' lang='grc' dir='ltr'><strong>τοι·</strong></span> 
     </span>
    </p>
   </div>
   <div class='ocr_carea' id='block_1_35' title="bbox 246 1688 1040 1725">
    <p class='ocr_par' dir='ltr' id='par_1_35' title="bbox 246 1688 1040 1725">
     <span class='ocr_line' id='line_1_35' title="bbox 246 1688 1040 1725; baseline 0.001 -10"><span class='ocrx_word' id='word_1_228' title='bbox 246 1688 318 1719; x_wconf 82' lang='grc' dir='ltr'><strong>αὔτα</strong></span> <span class='ocrx_word' id='word_1_229' title='bbox 331 1688 526 1725; x_wconf 80' lang='grc' dir='ltr'><strong>ὑποκρίνονται</strong></span> <span class='ocrx_word' id='word_1_230' title='bbox 538 1688 639 1722; x_wconf 82' lang='grc' dir='ltr'><strong>πάντα,</strong></span> <span class='ocrx_word' id='word_1_231' title='bbox 655 1688 700 1716; x_wconf 79' lang='grc' dir='ltr'>ῖνα</span> <span class='ocrx_word' id='word_1_232' title='bbox 713 1688 902 1725; x_wconf 75' lang='grc' dir='ltr'><strong>ἀπατήσωαιν.</strong></span> <span class='ocrx_word' id='word_1_233' title='bbox 930 1688 1040 1725; x_wconf 79' lang='grc' dir='ltr'><strong>Ἐπειδὴ</strong></span> 
     </span>
    </p>
   </div>
   <div class='ocr_carea' id='block_1_36' title="bbox 245 1733 1041 1773">
    <p class='ocr_par' dir='ltr' id='par_1_36' title="bbox 245 1733 1041 1773">
     <span class='ocr_line' id='line_1_36' title="bbox 245 1733 1041 1773; baseline 0.001 -13"><span class='ocrx_word' id='word_1_234' title='bbox 245 1734 301 1773; x_wconf 71' lang='grc' dir='ltr'><strong>γὰρ</strong></span> <span class='ocrx_word' id='word_1_235' title='bbox 329 1733 430 1767; x_wconf 83' lang='grc' dir='ltr'><strong>ῐσασιν,</strong></span> <span class='ocrx_word' id='word_1_236' title='bbox 454 1734 495 1761; x_wconf 82' lang='grc' dir='ltr'><strong>ὅτι</strong></span> <span class='ocrx_word' id='word_1_237' title='bbox 521 1734 623 1770; x_wconf 78' lang='grc' dir='ltr'><strong>ἑτέρως</strong></span> <span class='ocrx_word' id='word_1_238' title='bbox 646 1734 697 1761; x_wconf 85' lang='grc' dir='ltr'><strong>οὐκ</strong></span> <span class='ocrx_word' id='word_1_239' title='bbox 718 1734 752 1762; x_wconf 82' lang='grc' dir='ltr'><strong>ἂν</strong></span> <span class='ocrx_word' id='word_1_240' title='bbox 778 1734 900 1769; x_wconf 86' lang='grc' dir='ltr'><strong>γένοιντο</strong></span> <span class='ocrx_word' id='word_1_241' title='bbox 921 1734 1041 1770; x_wconf 82' lang='grc' dir='ltr'><strong>εὐπαρά-</strong></span> 
     </span>
    </p>
   </div>
   <div class='ocr_carea' id='block_1_37' title="bbox 245 1779 1041 1815">
    <p class='ocr_par' dir='ltr' id='par_1_37' title="bbox 245 1779 1041 1815">
     <span class='ocr_line' id='line_1_37' title="bbox 245 1779 1041 1815; baseline 0 -9"><span class='ocrx_word' id='word_1_242' title='bbox 245 1780 346 1813; x_wconf 83' lang='grc' dir='ltr'><strong>δεκτοι,</strong></span> <span class='ocrx_word' id='word_1_243' title='bbox 357 1779 389 1807; x_wconf 74' lang='grc' dir='ltr'><strong>τὸ</strong></span> <span class='ocrx_word' id='word_1_244' title='bbox 402 1779 548 1815; x_wconf 78' lang='grc' dir='ltr'><strong>πρόσωπον</strong></span> <span class='ocrx_word' id='word_1_245' title='bbox 561 1779 731 1815; x_wconf 74' lang='grc' dir='ltr'><strong>λαμϐάνουσι</strong></span> <span class='ocrx_word' id='word_1_246' title='bbox 758 1779 809 1815; x_wconf 84' lang='grc' dir='ltr'><strong>τῆς</strong></span> <span class='ocrx_word' id='word_1_247' title='bbox 830 1779 973 1815; x_wconf 83' lang='grc' dir='ltr'><strong>ἀληθείας,</strong></span> <span class='ocrx_word' id='word_1_248' title='bbox 996 1779 1041 1807; x_wconf 79' lang='grc' dir='ltr'><strong>ἵνα</strong></span> 
     </span>
    </p>
   </div>
   <div class='ocr_carea' id='block_1_38' title="bbox 245 1825 1040 1862">
    <p class='ocr_par' dir='ltr' id='par_1_38' title="bbox 245 1825 1040 1862">
     <span class='ocr_line' id='line_1_38' title="bbox 245 1825 1040 1862; baseline 0.001 -10"><span class='ocrx_word' id='word_1_249' title='bbox 245 1826 276 1857; x_wconf 75' lang='grc' dir='ltr'><strong>τὺ</strong></span> <span class='ocrx_word' id='word_1_250' title='bbox 289 1825 382 1862; x_wconf 86' lang='grc' dir='ltr'><strong>δράμα</strong></span> <span class='ocrx_word' id='word_1_251' title='bbox 414 1826 466 1860; x_wconf 86' lang='grc' dir='ltr'><strong>τῆς</strong></span> <span class='ocrx_word' id='word_1_252' title='bbox 485 1825 589 1860; x_wconf 77' lang='grc' dir='ltr'><strong>πλάνης</strong></span> <span class='ocrx_word' id='word_1_253' title='bbox 607 1825 822 1862; x_wconf 84' lang='grc' dir='ltr'><strong>ὑποκρίνωνται,</strong></span> <span class='ocrx_word' id='word_1_254' title='bbox 837 1825 885 1852; x_wconf 76' lang='grc' dir='ltr'><strong>καὶ</strong></span> <span class='ocrx_word' id='word_1_255' title='bbox 910 1826 1040 1861; x_wconf 81' lang='grc' dir='ltr'><strong>χρήματα</strong></span> 
     </span>
    </p>
   </div>
   <div class='ocr_carea' id='block_1_39' title="bbox 246 1869 944 1906">
    <p class='ocr_par' dir='ltr' id='par_1_39' title="bbox 246 1869 944 1906">
     <span class='ocr_line' id='line_1_39' title="bbox 246 1869 944 1906; baseline -0.003 -9"><span class='ocrx_word' id='word_1_256' title='bbox 246 1870 381 1905; x_wconf 78' lang='grc' dir='ltr'><strong>φάσκουσι</strong></span> <span class='ocrx_word' id='word_1_257' title='bbox 400 1869 438 1906; x_wconf 79' lang='grc' dir='ltr'><strong>μὴ</strong></span> <span class='ocrx_word' id='word_1_258' title='bbox 449 1869 609 1905; x_wconf 79' lang='grc' dir='ltr'><strong>λαμϐάνειν,</strong></span> <span class='ocrx_word' id='word_1_259' title='bbox 623 1870 666 1896; x_wconf 72' lang='grc' dir='ltr'>ἵνα</span> <span class='ocrx_word' id='word_1_260' title='bbox 686 1869 796 1896; x_wconf 85' lang='grc' dir='ltr'><strong>πλείονα</strong></span> <span class='ocrx_word' id='word_1_261' title='bbox 811 1869 944 1896; x_wconf 79' lang='grc' dir='ltr'><strong>λάσωσιν.</strong></span> 
     </span>
    </p>
   </div>
   <div class='ocr_carea' id='block_1_40' title="bbox 284 1914 1039 1951">
    <p class='ocr_par' dir='ltr' id='par_1_40' title="bbox 284 1914 1039 1951">
     <span class='ocr_line' id='line_1_40' title="bbox 284 1914 1039 1951; baseline 0 -10"><span class='ocrx_word' id='word_1_262' title='bbox 284 1924 294 1941; x_wconf 78' lang='grc' dir='ltr'><strong>ι</strong></span> <span class='ocrx_word' id='word_1_263' title='bbox 314 1915 352 1942; x_wconf 85' lang='grc' dir='ltr'><strong>υὺ</strong></span> <span class='ocrx_word' id='word_1_264' title='bbox 368 1915 439 1950; x_wconf 78' lang='grc' dir='ltr'><strong>μέγα</strong></span> <span class='ocrx_word' id='word_1_265' title='bbox 452 1914 510 1947; x_wconf 78' lang='grc' dir='ltr'><strong>οὖν,</strong></span> <span class='ocrx_word' id='word_1_266' title='bbox 526 1915 550 1941; x_wconf 80' lang='grc' dir='ltr'><strong>εἰ</strong></span> <span class='ocrx_word' id='word_1_267' title='bbox 565 1915 613 1942; x_wconf 79' lang='grc' dir='ltr'><strong>καὶ</strong></span> <span class='ocrx_word' id='word_1_268' title='bbox 628 1915 653 1942; x_wconf 84' lang='grc' dir='ltr'><strong>οἱ</strong></span> <span class='ocrx_word' id='word_1_269' title='bbox 667 1915 786 1942; x_wconf 77' lang='grc' dir='ltr'><strong>διάκονοι</strong></span> <span class='ocrx_word' id='word_1_270' title='bbox 803 1915 887 1942; x_wconf 76' lang='grc' dir='ltr'><strong>αὐτοῦ</strong></span> <span class='ocrx_word' id='word_1_271' title='bbox 901 1923 1039 1951; x_wconf 84' lang='grc' dir='ltr'><strong>μετασχη-</strong></span> 
     </span>
    </p>
   </div>
   <div class='ocr_carea' id='block_1_41' title="bbox 247 1960 448 1997">
    <p class='ocr_par' dir='ltr' id='par_1_41' title="bbox 247 1960 448 1997">
     <span class='ocr_line' id='line_1_41' title="bbox 247 1960 448 1997; baseline -0.005 -10"><span class='ocrx_word' id='word_1_272' title='bbox 247 1960 419 1997; x_wconf 74' lang='grc' dir='ltr'><strong>ματίζονται.</strong></span> <span class='ocrx_word' id='word_1_273' title='bbox 439 1970 448 1986; x_wconf 77' lang='grc' dir='ltr'><strong>ι</strong></span> 
     </span>
    </p>
   </div>
   <div class='ocr_carea' id='block_1_42' title="bbox 282 2006 1038 2043">
    <p class='ocr_par' dir='ltr' id='par_1_42' title="bbox 282 2006 1038 2043">
     <span class='ocr_line' id='line_1_42' title="bbox 282 2006 1038 2043; baseline -0.001 -8"><span class='ocrx_word' id='word_1_274' title='bbox 282 2008 431 2042; x_wconf 71' lang='grc' dir='ltr'><strong>Ἀγγελον</strong></span> <span class='ocrx_word' id='word_1_275' title='bbox 440 2006 548 2042; x_wconf 77' lang='grc' dir='ltr'><strong>φωτὸς,</strong></span> <span class='ocrx_word' id='word_1_276' title='bbox 561 2007 608 2033; x_wconf 78' lang='grc' dir='ltr'><strong>τὸν</strong></span> <span class='ocrx_word' id='word_1_277' title='bbox 633 2006 791 2043; x_wconf 75' lang='grc' dir='ltr'><strong>παρρησίαν</strong></span> <span class='ocrx_word' id='word_1_278' title='bbox 803 2006 898 2042; x_wconf 78' lang='grc' dir='ltr'><strong>ἔχοντα</strong></span> <span class='ocrx_word' id='word_1_279' title='bbox 923 2007 1038 2042; x_wconf 76' lang='grc' dir='ltr'><strong>ἄγγελον</strong></span> 
     </span>
    </p>
   </div>
   <div class='ocr_carea' id='block_1_43' title="bbox 244 2049 1036 2089">
    <p class='ocr_par' dir='ltr' id='par_1_43' title="bbox 244 2049 1036 2089">
     <span class='ocr_line' id='line_1_43' title="bbox 244 2049 1036 2089; baseline -0.003 -9"><span class='ocrx_word' id='word_1_280' title='bbox 244 2053 329 2088; x_wconf 80' lang='grc' dir='ltr'><strong>λέγει.</strong></span> <span class='ocrx_word' id='word_1_281' title='bbox 357 2053 420 2080; x_wconf 77' lang='grc' dir='ltr'><strong>Εἰσὶ</strong></span> <span class='ocrx_word' id='word_1_282' title='bbox 444 2053 498 2089; x_wconf 80' lang='grc' dir='ltr'><strong>γὰρ</strong></span> <span class='ocrx_word' id='word_1_283' title='bbox 513 2052 625 2087; x_wconf 78' lang='grc' dir='ltr'><strong>ἄγγελοι</strong></span> <span class='ocrx_word' id='word_1_284' title='bbox 648 2054 760 2084; x_wconf 88' lang='grc' dir='ltr'><strong>σκότους</strong></span> <span class='ocrx_word' id='word_1_285' title='bbox 777 2049 862 2085; x_wconf 72' lang='grc' dir='ltr'><strong>οὗτοι,</strong></span> <span class='ocrx_word' id='word_1_286' title='bbox 879 2052 904 2079; x_wconf 80' lang='grc' dir='ltr'><strong>οἱ</strong></span> <span class='ocrx_word' id='word_1_287' title='bbox 917 2052 964 2079; x_wconf 81' lang='grc' dir='ltr'><strong>τοῦ</strong></span> <span class='ocrx_word' id='word_1_288' title='bbox 978 2052 1036 2079; x_wconf 88' lang='grc' dir='ltr'><strong>δια-</strong></span> 
     </span>
    </p>
   </div>
   <div class='ocr_carea' id='block_1_44' title="bbox 247 2099 336 2126">
    <p class='ocr_par' dir='ltr' id='par_1_44' title="bbox 247 2099 336 2126">
     <span class='ocr_line' id='line_1_44' title="bbox 247 2099 336 2126; baseline -0.011 0"><span class='ocrx_word' id='word_1_289' title='bbox 247 2099 325 2126; x_wconf 74' lang='grc' dir='ltr'><strong>ϐόλου</strong></span> <span class='ocrx_word' id='word_1_290' title='bbox 330 2119 336 2125; x_wconf 97' lang='grc'><em>.</em></span> 
     </span>
    </p>
   </div>
   <div class='ocr_carea' id='block_1_45' title="bbox 282 2140 1036 2177">
    <p class='ocr_par' dir='ltr' id='par_1_45' title="bbox 282 2140 1036 2177">
     <span class='ocr_line' id='line_1_45' title="bbox 282 2140 1036 2177; baseline 0.001 -9"><span class='ocrx_word' id='word_1_291' title='bbox 282 2152 291 2168; x_wconf 84' lang='grc' dir='ltr'><strong>ι</strong></span> <span class='ocrx_word' id='word_1_292' title='bbox 309 2143 351 2174; x_wconf 77' lang='grc' dir='ltr'><strong>Ὠς</strong></span> <span class='ocrx_word' id='word_1_293' title='bbox 366 2141 485 2169; x_wconf 88' lang='grc' dir='ltr'><strong>διάκονοι</strong></span> <span class='ocrx_word' id='word_1_294' title='bbox 496 2142 680 2177; x_wconf 84' lang='grc' dir='ltr'><strong>δικαιοσύνης,</strong></span> <span class='ocrx_word' id='word_1_295' title='bbox 691 2140 729 2170; x_wconf 86' lang='grc' dir='ltr'><strong>ὧν</strong></span> <span class='ocrx_word' id='word_1_296' title='bbox 746 2142 776 2169; x_wconf 82' lang='grc' dir='ltr'><strong>τὸ</strong></span> <span class='ocrx_word' id='word_1_297' title='bbox 785 2142 862 2175; x_wconf 84' lang='grc' dir='ltr'><strong>τέλος</strong></span> <span class='ocrx_word' id='word_1_298' title='bbox 874 2142 951 2169; x_wconf 76' lang='grc' dir='ltr'><strong>ἔσται</strong></span> <span class='ocrx_word' id='word_1_299' title='bbox 965 2142 1036 2170; x_wconf 82' lang='grc' dir='ltr'><strong>κατὰ</strong></span> 
     </span>
    </p>
   </div>
   <div class='ocr_carea' id='block_1_46' title="bbox 244 2188 510 2224">
    <p class='ocr_par' dir='ltr' id='par_1_46' title="bbox 244 2188 510 2224">
     <span class='ocr_line' id='line_1_46' title="bbox 244 2188 510 2224; baseline 0.004 -10"><span class='ocrx_word' id='word_1_300' title='bbox 244 2188 278 2221; x_wconf 71' lang='grc' dir='ltr'><strong>τὰ</strong></span> <span class='ocrx_word' id='word_1_301' title='bbox 294 2189 362 2224; x_wconf 81' lang='grc' dir='ltr'><strong>ἔργα</strong></span> <span class='ocrx_word' id='word_1_302' title='bbox 380 2189 481 2217; x_wconf 82' lang='grc' dir='ltr'><strong>αὐτῶν.</strong></span> <span class='ocrx_word' id='word_1_303' title='bbox 501 2198 510 2215; x_wconf 77' lang='grc' dir='ltr'><strong>ι</strong></span> 
     </span>
    </p>
   </div>
   <div class='ocr_carea' id='block_1_47' title="bbox 279 2234 1037 2271">
    <p class='ocr_par' dir='ltr' id='par_1_47' title="bbox 279 2234 1037 2271">
     <span class='ocr_line' id='line_1_47' title="bbox 279 2234 1037 2271; baseline 0.001 -10"><span class='ocrx_word' id='word_1_304' title='bbox 279 2234 369 2270; x_wconf 86' lang='grc' dir='ltr'><strong>Ὅπερ</strong></span> <span class='ocrx_word' id='word_1_305' title='bbox 384 2235 464 2271; x_wconf 79' lang='grc' dir='ltr'><strong>ἡμεῖς</strong></span> <span class='ocrx_word' id='word_1_306' title='bbox 475 2235 571 2271; x_wconf 80' lang='grc' dir='ltr'><strong>ἐσμεν,</strong></span> <span class='ocrx_word' id='word_1_307' title='bbox 591 2235 686 2270; x_wconf 76' lang='grc' dir='ltr'><strong>φησὶν,</strong></span> <span class='ocrx_word' id='word_1_308' title='bbox 700 2235 725 2262; x_wconf 84' lang='grc' dir='ltr'><strong>οἱ</strong></span> <span class='ocrx_word' id='word_1_309' title='bbox 746 2235 776 2262; x_wconf 76' lang='grc' dir='ltr'><strong>τὸ</strong></span> <span class='ocrx_word' id='word_1_310' title='bbox 794 2235 961 2270; x_wconf 81' lang='grc' dir='ltr'><strong>Εὑαγγέλων</strong></span> <span class='ocrx_word' id='word_1_311' title='bbox 985 2244 1037 2271; x_wconf 85' lang='grc' dir='ltr'><strong>κη-</strong></span> 
     </span>
    </p>
   </div>
   <div class='ocr_carea' id='block_1_48' title="bbox 246 2279 398 2316">
    <p class='ocr_par' dir='ltr' id='par_1_48' title="bbox 246 2279 398 2316">
     <span class='ocr_line' id='line_1_48' title="bbox 246 2279 398 2316; baseline 0.007 -10"><span class='ocrx_word' id='word_1_312' title='bbox 246 2279 398 2316; x_wconf 79' lang='grc' dir='ltr'><strong>ρὺττοντες.</strong></span> 
     </span>
    </p>
   </div>
   <div class='ocr_carea' id='block_1_49' title="bbox 249 2322 983 2365">
    <p class='ocr_par' dir='ltr' id='par_1_49' title="bbox 249 2322 983 2365">
     <span class='ocr_line' id='line_1_49' title="bbox 249 2322 983 2365; baseline 0 -12"><span class='ocrx_word' id='word_1_313' title='bbox 249 2322 250 2326; x_wconf 50' lang='grc'><em>“</em></span> <span class='ocrx_word' id='word_1_314' title='bbox 283 2335 293 2365; x_wconf 64' lang='grc' dir='ltr'><strong>ι</strong></span> <span class='ocrx_word' id='word_1_315' title='bbox 307 2326 391 2354; x_wconf 82' lang='grc' dir='ltr'><strong>Πάλιν</strong></span> <span class='ocrx_word' id='word_1_316' title='bbox 401 2326 473 2361; x_wconf 76' lang='grc' dir='ltr'><strong>λέγω</strong></span> <span class='ocrx_word' id='word_1_317' title='bbox 487 2326 537 2363; x_wconf 84' lang='grc' dir='ltr'><strong>(μή</strong></span> <span class='ocrx_word' id='word_1_318' title='bbox 555 2335 597 2358; x_wconf 79' lang='grc' dir='ltr'><strong>τις</strong></span> <span class='ocrx_word' id='word_1_319' title='bbox 609 2335 643 2362; x_wconf 89' lang='grc' dir='ltr'><strong>με</strong></span> <span class='ocrx_word' id='word_1_320' title='bbox 655 2326 718 2362; x_wconf 78' lang='grc' dir='ltr'><strong>δόξῃ</strong></span> <span class='ocrx_word' id='word_1_321' title='bbox 733 2326 840 2362; x_wconf 78' lang='grc' dir='ltr'><strong>ἄφρονα</strong></span> <span class='ocrx_word' id='word_1_322' title='bbox 851 2325 944 2362; x_wconf 77' lang='grc' dir='ltr'><strong>εἶναι).</strong></span> <span class='ocrx_word' id='word_1_323' title='bbox 973 2336 983 2353; x_wconf 78' lang='grc' dir='ltr'><strong>ι</strong></span> 
     </span>
    </p>
   </div>
   <div class='ocr_carea' id='block_1_50' title="bbox 279 2416 718 2454">
    <p class='ocr_par' dir='ltr' id='par_1_50' title="bbox 279 2416 718 2454">
     <span class='ocr_line' id='line_1_50' title="bbox 279 2416 718 2454; baseline 0 -10"><span class='ocrx_word' id='word_1_324' title='bbox 279 2417 334 2445; x_wconf 66' lang='grc' dir='ltr'><strong>Καὶ</strong></span> <span class='ocrx_word' id='word_1_325' title='bbox 348 2417 402 2453; x_wconf 80' lang='grc' dir='ltr'><strong>γὰρ</strong></span> <span class='ocrx_word' id='word_1_326' title='bbox 418 2417 468 2452; x_wconf 71' lang='grc' dir='ltr'><strong>ἤδη</strong></span> <span class='ocrx_word' id='word_1_327' title='bbox 480 2416 718 2454; x_wconf 84' lang='grc' dir='ltr'><strong>προδιωρθώσατο.</strong></span> 
     </span>
    </p>
   </div>
   <div class='ocr_carea' id='block_1_51' title="bbox 280 2463 962 2503">
    <p class='ocr_par' dir='ltr' id='par_1_51' title="bbox 280 2463 962 2503">
     <span class='ocr_line' id='line_1_51' title="bbox 280 2463 962 2503; baseline -0.001 -13"><span class='ocrx_word' id='word_1_328' title='bbox 280 2472 290 2501; x_wconf 58' lang='grc' dir='ltr'>ε</span> <span class='ocrx_word' id='word_1_329' title='bbox 316 2464 348 2490; x_wconf 84' lang='grc' dir='ltr'>Εἰ</span> <span class='ocrx_word' id='word_1_330' title='bbox 361 2463 388 2489; x_wconf 84' lang='grc' dir='ltr'><strong>δὲ</strong></span> <span class='ocrx_word' id='word_1_331' title='bbox 405 2463 442 2498; x_wconf 81' lang='grc' dir='ltr'><strong>μή</strong></span> <span class='ocrx_word' id='word_1_332' title='bbox 456 2471 499 2497; x_wconf 84' lang='grc' dir='ltr'><strong>γε,</strong></span> <span class='ocrx_word' id='word_1_333' title='bbox 520 2464 572 2493; x_wconf 76' lang='grc' dir='ltr'><strong>κᾶν</strong></span> <span class='ocrx_word' id='word_1_334' title='bbox 583 2463 619 2495; x_wconf 83' lang='grc' dir='ltr'><strong>ὡς</strong></span> <span class='ocrx_word' id='word_1_335' title='bbox 634 2463 739 2502; x_wconf 74' lang='grc' dir='ltr'><strong>ἄφρονα</strong></span> <span class='ocrx_word' id='word_1_336' title='bbox 757 2463 871 2503; x_wconf 75' lang='grc' dir='ltr'><strong>δέξασθέ</strong></span> <span class='ocrx_word' id='word_1_337' title='bbox 888 2472 932 2499; x_wconf 87' lang='grc' dir='ltr'><strong>με.</strong></span> <span class='ocrx_word' id='word_1_338' title='bbox 952 2473 962 2489; x_wconf 80' lang='grc' dir='ltr'><strong>ι</strong></span> 
     </span>
    </p>
   </div>
   <div class='ocr_carea' id='block_1_52' title="bbox 279 2503 1035 2547">
    <p class='ocr_par' dir='ltr' id='par_1_52' title="bbox 279 2503 1035 2547">
     <span class='ocr_line' id='line_1_52' title="bbox 279 2503 1035 2547; baseline 0.003 -12"><span class='ocrx_word' id='word_1_339' title='bbox 279 2503 364 2536; x_wconf 79' lang='grc' dir='ltr'><strong>Τοῦτο</strong></span> <span class='ocrx_word' id='word_1_340' title='bbox 376 2510 431 2545; x_wconf 76' lang='grc' dir='ltr'><strong>γὰρ</strong></span> <span class='ocrx_word' id='word_1_341' title='bbox 445 2509 555 2537; x_wconf 75' lang='grc' dir='ltr'>ἐκείνων</span> <span class='ocrx_word' id='word_1_342' title='bbox 566 2507 601 2546; x_wconf 84' lang='grc' dir='ltr'><strong>ἦν</strong></span> <span class='ocrx_word' id='word_1_343' title='bbox 618 2509 709 2546; x_wconf 73' lang='grc' dir='ltr'><strong>ἔργον,</strong></span> <span class='ocrx_word' id='word_1_344' title='bbox 725 2510 755 2537; x_wconf 86' lang='grc' dir='ltr'><strong>τὸ</strong></span> <span class='ocrx_word' id='word_1_345' title='bbox 770 2510 859 2542; x_wconf 73' lang='grc' dir='ltr'><strong>αἰτίας</strong></span> <span class='ocrx_word' id='word_1_346' title='bbox 887 2510 925 2546; x_wconf 82' lang='grc' dir='ltr'><strong>μὴ</strong></span> <span class='ocrx_word' id='word_1_347' title='bbox 952 2510 1035 2547; x_wconf 73' lang='grc' dir='ltr'><strong>οὔσης</strong></span> 
     </span>
    </p>
   </div>
   <div class='ocr_carea' id='block_1_53' title="bbox 241 2554 410 2589">
    <p class='ocr_par' dir='ltr' id='par_1_53' title="bbox 241 2554 410 2589">
     <span class='ocr_line' id='line_1_53' title="bbox 241 2554 410 2589; baseline -0.006 -8"><span class='ocrx_word' id='word_1_348' title='bbox 241 2554 410 2589; x_wconf 80' lang='grc' dir='ltr'><strong>καυχᾶσθαι.</strong></span> 
     </span>
    </p>
   </div>
   <div class='ocr_carea' id='block_1_54' title="bbox 280 2600 1034 2637">
    <p class='ocr_par' dir='ltr' id='par_1_54' title="bbox 280 2600 1034 2637">
     <span class='ocr_line' id='line_1_54' title="bbox 280 2600 1034 2637; baseline 0.003 -11"><span class='ocrx_word' id='word_1_349' title='bbox 280 2609 290 2626; x_wconf 76' lang='grc' dir='ltr'><strong>ι</strong></span> <span class='ocrx_word' id='word_1_350' title='bbox 309 2600 365 2626; x_wconf 86' lang='grc' dir='ltr'><strong>’Ίνα</strong></span> <span class='ocrx_word' id='word_1_351' title='bbox 384 2600 462 2634; x_wconf 70' lang='grc' dir='ltr'><strong>κάγὼ</strong></span> <span class='ocrx_word' id='word_1_352' title='bbox 478 2602 577 2636; x_wconf 85' lang='grc' dir='ltr'><strong>μικρόν</strong></span> <span class='ocrx_word' id='word_1_353' title='bbox 593 2610 620 2629; x_wconf 88' lang='grc' dir='ltr'><strong>τι</strong></span> <span class='ocrx_word' id='word_1_354' title='bbox 639 2601 831 2637; x_wconf 87' lang='grc' dir='ltr'><strong>καυχήσωμαι.</strong></span> <span class='ocrx_word' id='word_1_355' title='bbox 851 2602 884 2629; x_wconf 90' lang='grc' dir='ltr'><strong>Ὃ</strong></span> <span class='ocrx_word' id='word_1_356' title='bbox 901 2601 985 2634; x_wconf 79' lang='grc' dir='ltr'><strong>λαλῶ,</strong></span> <span class='ocrx_word' id='word_1_357' title='bbox 1003 2602 1034 2628; x_wconf 80' lang='grc' dir='ltr'><strong>οὺ</strong></span> 
     </span>
    </p>
   </div>
   <div class='ocr_carea' id='block_1_55' title="bbox 241 2646 893 2683">
    <p class='ocr_par' dir='ltr' id='par_1_55' title="bbox 241 2646 893 2683">
     <span class='ocr_line' id='line_1_55' title="bbox 241 2646 893 2683; baseline 0 -10"><span class='ocrx_word' id='word_1_358' title='bbox 241 2646 313 2674; x_wconf 69' lang='grc' dir='ltr'><strong>κατὰ</strong></span> <span class='ocrx_word' id='word_1_359' title='bbox 331 2646 432 2680; x_wconf 74' lang='grc' dir='ltr'><strong>Κύριον</strong></span> <span class='ocrx_word' id='word_1_360' title='bbox 450 2646 535 2681; x_wconf 82' lang='grc' dir='ltr'><strong>λαλῶ,</strong></span> <span class='ocrx_word' id='word_1_361' title='bbox 546 2646 603 2682; x_wconf 68' lang='grc' dir='ltr'><strong>αλλ’</strong></span> <span class='ocrx_word' id='word_1_362' title='bbox 618 2647 656 2682; x_wconf 64' lang='lat' dir='ltr'><strong>di;</strong></span> <span class='ocrx_word' id='word_1_363' title='bbox 671 2648 699 2681; x_wconf 59' lang='grc' dir='ltr'><strong>ἐν</strong></span> <span class='ocrx_word' id='word_1_364' title='bbox 712 2646 861 2683; x_wconf 70' lang='grc' dir='ltr'><strong>ἀφροσύνῃ.</strong></span> <span class='ocrx_word' id='word_1_365' title='bbox 883 2656 893 2673; x_wconf 71' lang='grc' dir='ltr'><strong>ι</strong></span> 
     </span>
    </p>
   </div>
   <div class='ocr_carea' id='block_1_56' title="bbox 279 2736 1033 2777">
    <p class='ocr_par' dir='ltr' id='par_1_56' title="bbox 279 2736 1033 2777">
     <span class='ocr_line' id='line_1_56' title="bbox 279 2736 1033 2777; baseline -0.001 -12"><span class='ocrx_word' id='word_1_366' title='bbox 279 2738 364 2765; x_wconf 82' lang='grc' dir='ltr'><strong>Πάλιν</strong></span> <span class='ocrx_word' id='word_1_367' title='bbox 386 2740 419 2774; x_wconf 86' lang='grc' dir='ltr'><strong>τῇ</strong></span> <span class='ocrx_word' id='word_1_368' title='bbox 439 2739 585 2777; x_wconf 79' lang='grc' dir='ltr'><strong>προσθήκῃ</strong></span> <span class='ocrx_word' id='word_1_369' title='bbox 606 2739 660 2766; x_wconf 80' lang='grc' dir='ltr'><strong>τοῦ</strong></span> <span class='ocrx_word' id='word_1_370' title='bbox 679 2738 789 2774; x_wconf 81' lang='grc' dir='ltr'><strong>μικροῦ</strong></span> <span class='ocrx_word' id='word_1_371' title='bbox 811 2737 983 2772; x_wconf 75' lang='grc' dir='ltr'><strong>ἐπικουφίζει</strong></span> <span class='ocrx_word' id='word_1_372' title='bbox 1002 2736 1033 2764; x_wconf 74' lang='grc' dir='ltr'><strong>τὸ</strong></span> 
     </span>
    </p>
   </div>
   <div class='ocr_carea' id='block_1_57' title="bbox 244 2784 958 2873">
    <p class='ocr_par' dir='ltr' id='par_1_57' title="bbox 244 2784 958 2873">
     <span class='ocr_line' id='line_1_57' title="bbox 244 2784 958 2873; baseline -0.003 -14"><span class='ocrx_word' id='word_1_373' title='bbox 244 2784 358 2873; x_wconf 56' lang='grc' dir='ltr'><strong>μῗθξέξν</strong></span> <span class='ocrx_word' id='word_1_374' title='bbox 379 2831 465 2868; x_wconf 73' lang='grc' dir='ltr'><strong>ταύτῃ</strong></span> <span class='ocrx_word' id='word_1_375' title='bbox 483 2832 515 2867; x_wconf 87' lang='grc' dir='ltr'><strong>τῆ</strong></span> <span class='ocrx_word' id='word_1_376' title='bbox 534 2830 682 2858; x_wconf 73' lang='grc' dir='ltr'><strong>ὑποστάσει</strong></span> <span class='ocrx_word' id='word_1_377' title='bbox 695 2831 742 2866; x_wconf 84' lang='grc' dir='ltr'><strong>τῆς</strong></span> <span class='ocrx_word' id='word_1_378' title='bbox 757 2830 929 2866; x_wconf 79' lang='grc' dir='ltr'><strong>καυχήσεως.</strong></span> <span class='ocrx_word' id='word_1_379' title='bbox 949 2839 958 2857; x_wconf 74' lang='grc' dir='ltr'><strong>ι</strong></span> 
     </span>
    </p>
   </div>
   <div class='ocr_carea' id='block_1_58' title="bbox 1092 217 1877 256">
    <p class='ocr_par' dir='ltr' id='par_1_58' title="bbox 1092 217 1877 256">
     <span class='ocr_line' id='line_1_58' title="bbox 1092 217 1877 256; baseline 0.005 -12"><span class='ocrx_word' id='word_1_380' title='bbox 1092 217 1269 254; x_wconf 75' lang='lat' dir='ltr'><strong>Evangelium</strong></span> <span class='ocrx_word' id='word_1_381' title='bbox 1285 219 1526 256; x_wconf 81' lang='lat' dir='ltr'><strong>Dei‘evangelizavi</strong></span> <span class='ocrx_word' id='word_1_382' title='bbox 1539 221 1635 250; x_wconf 85' lang='lat' dir='ltr'><strong>vobis?</strong></span> <span class='ocrx_word' id='word_1_383' title='bbox 1649 222 1725 250; x_wconf 76' lang='lat' dir='ltr'><strong>Alias</strong></span> <span class='ocrx_word' id='word_1_384' title='bbox 1738 221 1877 250; x_wconf 84' lang='lat' dir='ltr'><strong>Ecclesias</strong></span> 
     </span>
    </p>
   </div>
   <div class='ocr_carea' id='block_1_59' title="bbox 1092 266 1876 302">
    <p class='ocr_par' dir='ltr' id='par_1_59' title="bbox 1092 266 1876 302">
     <span class='ocr_line' id='line_1_59' title="bbox 1092 266 1876 302; baseline 0.005 -11"><span class='ocrx_word' id='word_1_385' title='bbox 1092 266 1253 300; x_wconf 85' lang='lat' dir='ltr'><strong>exspoliavi,</strong></span> <span class='ocrx_word' id='word_1_386' title='bbox 1278 266 1415 301; x_wconf 80' lang='lat' dir='ltr'><strong>accipiens</strong></span> <span class='ocrx_word' id='word_1_387' title='bbox 1444 268 1608 302; x_wconf 71' lang='lat' dir='ltr'><strong>stipendium</strong></span> <span class='ocrx_word' id='word_1_388' title='bbox 1629 268 1663 295; x_wconf 89' lang='lat' dir='ltr'><strong>ad</strong></span> <span class='ocrx_word' id='word_1_389' title='bbox 1691 268 1876 295; x_wconf 75' lang='lat' dir='ltr'><strong>ministerium</strong></span> 
     </span>
    </p>
   </div>
   <div class='ocr_carea' id='block_1_60' title="bbox 1092 310 1878 349">
    <p class='ocr_par' dir='ltr' id='par_1_60' title="bbox 1092 310 1878 349">
     <span class='ocr_line' id='line_1_60' title="bbox 1092 310 1878 349; baseline 0.005 -13"><span class='ocrx_word' id='word_1_390' title='bbox 1092 315 1224 337; x_wconf 86' lang='lat' dir='ltr'><strong>vestrum.</strong></span> <span class='ocrx_word' id='word_1_391' title='bbox 1243 310 1274 337; x_wconf 87' lang='lat' dir='ltr'><strong>Et</strong></span> <span class='ocrx_word' id='word_1_392' title='bbox 1290 319 1351 338; x_wconf 92' lang='lat' dir='ltr'><strong>cum</strong></span> <span class='ocrx_word' id='word_1_393' title='bbox 1364 319 1453 339; x_wconf 86' lang='lat' dir='ltr'><strong>essem</strong></span> <span class='ocrx_word' id='word_1_394' title='bbox 1471 314 1543 348; x_wconf 82' lang='lat' dir='ltr'><strong>apud</strong></span> <span class='ocrx_word' id='word_1_395' title='bbox 1559 321 1618 347; x_wconf 89' lang='lat' dir='ltr'><strong>vos,</strong></span> <span class='ocrx_word' id='word_1_396' title='bbox 1635 318 1661 341; x_wconf 89' lang='lat' dir='ltr'><strong>et</strong></span> <span class='ocrx_word' id='word_1_397' title='bbox 1675 321 1796 349; x_wconf 86' lang='lat' dir='ltr'><strong>egerem,</strong></span> <span class='ocrx_word' id='word_1_398' title='bbox 1808 312 1878 341; x_wconf 82' lang='lat' dir='ltr'><strong>nulli</strong></span> 
     </span>
    </p>
   </div>
   <div class='ocr_carea' id='block_1_61' title="bbox 1091 356 1878 395">
    <p class='ocr_par' dir='ltr' id='par_1_61' title="bbox 1091 356 1878 395">
     <span class='ocr_line' id='line_1_61' title="bbox 1091 356 1878 395; baseline 0.003 -12"><span class='ocrx_word' id='word_1_399' title='bbox 1091 364 1226 384; x_wconf 82' lang='lat' dir='ltr'><strong>onerosus</strong></span> <span class='ocrx_word' id='word_1_400' title='bbox 1240 356 1288 384; x_wconf 88' lang='lat' dir='ltr'><strong>l‘ni.</strong></span> <span class='ocrx_word' id='word_1_401' title='bbox 1305 356 1385 390; x_wconf 88' lang='lat' dir='ltr'><strong>Quod</strong></span> <span class='ocrx_word' id='word_1_402' title='bbox 1401 358 1468 385; x_wconf 91' lang='lat' dir='ltr'><strong>mihi</strong></span> <span class='ocrx_word' id='word_1_403' title='bbox 1491 358 1595 392; x_wconf 88' lang='lat' dir='ltr'><strong>deerat,</strong></span> <span class='ocrx_word' id='word_1_404' title='bbox 1612 360 1809 395; x_wconf 90' lang='lat' dir='ltr'><strong>suppleverunt</strong></span> <span class='ocrx_word' id='word_1_405' title='bbox 1822 359 1878 385; x_wconf 82' lang='lat' dir='ltr'><strong>fra-</strong></span> 
     </span>
    </p>
   </div>
   <div class='ocr_carea' id='block_1_62' title="bbox 1091 403 1878 437">
    <p class='ocr_par' dir='ltr' id='par_1_62' title="bbox 1091 403 1878 437">
     <span class='ocr_line' id='line_1_62' title="bbox 1091 403 1878 437; baseline 0.003 -8"><span class='ocrx_word' id='word_1_406' title='bbox 1091 406 1157 434; x_wconf 83' lang='lat' dir='ltr'><strong>tres,</strong></span> <span class='ocrx_word' id='word_1_407' title='bbox 1183 403 1228 437; x_wconf 87' lang='lat' dir='ltr'><strong>qui</strong></span> <span class='ocrx_word' id='word_1_408' title='bbox 1244 407 1380 430; x_wconf 87' lang='lat' dir='ltr'><strong>venerunt</strong></span> <span class='ocrx_word' id='word_1_409' title='bbox 1401 403 1434 431; x_wconf 82' lang='lat' dir='ltr'><strong>de</strong></span> <span class='ocrx_word' id='word_1_410' title='bbox 1453 403 1626 432; x_wconf 87' lang='lat' dir='ltr'><strong>Macedonia.</strong></span> <span class='ocrx_word' id='word_1_411' title='bbox 1651 405 1685 431; x_wconf 90' lang='lat' dir='ltr'><strong>Et</strong></span> <span class='ocrx_word' id='word_1_412' title='bbox 1700 405 1726 432; x_wconf 94' lang='lat' dir='ltr'><strong>in</strong></span> <span class='ocrx_word' id='word_1_413' title='bbox 1751 404 1878 433; x_wconf 85' lang='lat' dir='ltr'><strong>omnibus</strong></span> 
     </span>
    </p>
   </div>
   <div class='ocr_carea' id='block_1_63' title="bbox 1092 448 1739 477">
    <p class='ocr_par' dir='ltr' id='par_1_63' title="bbox 1092 448 1739 477">
     <span class='ocr_line' id='line_1_63' title="bbox 1092 448 1739 477; baseline 0.003 -2"><span class='ocrx_word' id='word_1_414' title='bbox 1092 448 1152 475; x_wconf 84' lang='lat' dir='ltr'><strong>sine</strong></span> <span class='ocrx_word' id='word_1_415' title='bbox 1168 455 1252 476; x_wconf 84' lang='lat' dir='ltr'><strong>onere</strong></span> <span class='ocrx_word' id='word_1_416' title='bbox 1267 456 1309 476; x_wconf 87' lang='lat' dir='ltr'><strong>me</strong></span> <span class='ocrx_word' id='word_1_417' title='bbox 1324 449 1405 476; x_wconf 85' lang='lat' dir='ltr'><strong>vobis</strong></span> <span class='ocrx_word' id='word_1_418' title='bbox 1417 449 1524 476; x_wconf 80' lang='lat' dir='ltr'><strong>servavi</strong></span> <span class='ocrx_word' id='word_1_419' title='bbox 1540 453 1566 476; x_wconf 86' lang='lat' dir='ltr'><strong>et</strong></span> <span class='ocrx_word' id='word_1_420' title='bbox 1585 450 1710 477; x_wconf 83' lang='lat' dir='ltr'><strong>servabo.</strong></span> <span class='ocrx_word' id='word_1_421' title='bbox 1730 460 1739 476; x_wconf 73' lang='grc' dir='ltr'><strong>ι</strong></span> 
     </span>
    </p>
   </div>
   <div class='ocr_carea' id='block_1_64' title="bbox 1127 493 1879 531">
    <p class='ocr_par' dir='ltr' id='par_1_64' title="bbox 1127 493 1879 531">
     <span class='ocr_line' id='line_1_64' title="bbox 1127 493 1879 531; baseline 0.004 -11"><span class='ocrx_word' id='word_1_422' title='bbox 1127 493 1185 521; x_wconf 85' lang='lat' dir='ltr'><strong>Hoc</strong></span> <span class='ocrx_word' id='word_1_423' title='bbox 1210 495 1284 529; x_wconf 90' lang='lat' dir='ltr'><strong>quod</strong></span> <span class='ocrx_word' id='word_1_424' title='bbox 1301 495 1379 528; x_wconf 88' lang='lat' dir='ltr'><strong>dicit,</strong></span> <span class='ocrx_word' id='word_1_425' title='bbox 1396 496 1470 523; x_wconf 87' lang='lat' dir='ltr'><strong>hunc</strong></span> <span class='ocrx_word' id='word_1_426' title='bbox 1492 495 1573 523; x_wconf 83' lang='lat' dir='ltr'><strong>habet</strong></span> <span class='ocrx_word' id='word_1_427' title='bbox 1593 503 1704 523; x_wconf 85' lang='lat' dir='ltr'><strong>sensum</strong></span> <span class='ocrx_word' id='word_1_428' title='bbox 1721 505 1728 522; x_wconf 93' lang='lat'>:</span> <span class='ocrx_word' id='word_1_429' title='bbox 1749 496 1776 523; x_wconf 91' lang='lat' dir='ltr'><strong>In</strong></span> <span class='ocrx_word' id='word_1_430' title='bbox 1792 503 1879 531; x_wconf 83' lang='lat' dir='ltr'><strong>angu-</strong></span> 
     </span>
    </p>
   </div>
   <div class='ocr_carea' id='block_1_65' title="bbox 1092 543 1880 578">
    <p class='ocr_par' dir='ltr' id='par_1_65' title="bbox 1092 543 1880 578">
     <span class='ocr_line' id='line_1_65' title="bbox 1092 543 1880 578; baseline 0.001 -8"><span class='ocrx_word' id='word_1_431' title='bbox 1092 543 1143 570; x_wconf 87' lang='lat' dir='ltr'><strong>stia</strong></span> <span class='ocrx_word' id='word_1_432' title='bbox 1156 543 1280 578; x_wconf 82' lang='lat' dir='ltr'><strong>agebam,</strong></span> <span class='ocrx_word' id='word_1_433' title='bbox 1294 548 1321 571; x_wconf 89' lang='lat' dir='ltr'><strong>et</strong></span> <span class='ocrx_word' id='word_1_434' title='bbox 1337 543 1365 570; x_wconf 92' lang='lat' dir='ltr'><strong>in</strong></span> <span class='ocrx_word' id='word_1_435' title='bbox 1379 546 1501 571; x_wconf 79' lang='lat' dir='ltr'><strong>extrema</strong></span> <span class='ocrx_word' id='word_1_436' title='bbox 1522 544 1637 578; x_wconf 88' lang='lat' dir='ltr'><strong>penuria</strong></span> <span class='ocrx_word' id='word_1_437' title='bbox 1658 543 1788 570; x_wconf 84' lang='lat' dir='ltr'><strong>versabar</strong></span> <span class='ocrx_word' id='word_1_438' title='bbox 1808 544 1880 578; x_wconf 88' lang='lat' dir='ltr'><strong>apud</strong></span> 
     </span>
    </p>
   </div>
   <div class='ocr_carea' id='block_1_66' title="bbox 1092 588 1881 624">
    <p class='ocr_par' dir='ltr' id='par_1_66' title="bbox 1092 588 1881 624">
     <span class='ocr_line' id='line_1_66' title="bbox 1092 588 1881 624; baseline 0 -9"><span class='ocrx_word' id='word_1_439' title='bbox 1092 596 1151 619; x_wconf 84' lang='lat' dir='ltr'><strong>vos,</strong></span> <span class='ocrx_word' id='word_1_440' title='bbox 1168 588 1232 615; x_wconf 90' lang='lat' dir='ltr'><strong>dum</strong></span> <span class='ocrx_word' id='word_1_441' title='bbox 1253 589 1368 616; x_wconf 88' lang='lat' dir='ltr'><strong>verbum</strong></span> <span class='ocrx_word' id='word_1_442' title='bbox 1395 589 1474 616; x_wconf 86' lang='lat' dir='ltr'><strong>vobis</strong></span> <span class='ocrx_word' id='word_1_443' title='bbox 1499 589 1690 624; x_wconf 67' lang='lat' dir='ltr'><strong>praedicarem.</strong></span> <span class='ocrx_word' id='word_1_444' title='bbox 1714 588 1772 616; x_wconf 83' lang='lat' dir='ltr'><strong>Hoc</strong></span> <span class='ocrx_word' id='word_1_445' title='bbox 1788 589 1881 624; x_wconf 84' lang='lat' dir='ltr'><strong>itaque</strong></span> 
     </span>
    </p>
   </div>
   <div class='ocr_carea' id='block_1_67' title="bbox 1091 634 1880 669">
    <p class='ocr_par' dir='ltr' id='par_1_67' title="bbox 1091 634 1880 669">
     <span class='ocr_line' id='line_1_67' title="bbox 1091 634 1880 669; baseline 0.001 -9"><span class='ocrx_word' id='word_1_446' title='bbox 1091 639 1132 661; x_wconf 89' lang='lat' dir='ltr'><strong>cst</strong></span> <span class='ocrx_word' id='word_1_447' title='bbox 1147 634 1227 668; x_wconf 82' lang='lat' dir='ltr'><strong>cujus</strong></span> <span class='ocrx_word' id='word_1_448' title='bbox 1244 641 1287 661; x_wconf 87' lang='lat' dir='ltr'><strong>me</strong></span> <span class='ocrx_word' id='word_1_449' title='bbox 1312 641 1444 661; x_wconf 76' lang='lat' dir='ltr'><strong>accusare</strong></span> <span class='ocrx_word' id='word_1_450' title='bbox 1469 635 1593 669; x_wconf 84' lang='lat' dir='ltr'><strong>possitis,</strong></span> <span class='ocrx_word' id='word_1_451' title='bbox 1617 634 1723 669; x_wconf 89' lang='lat' dir='ltr'><strong>hocque</strong></span> <span class='ocrx_word' id='word_1_452' title='bbox 1739 639 1880 668; x_wconf 88' lang='lat' dir='ltr'><strong>peccatum</strong></span> 
     </span>
    </p>
   </div>
   <div class='ocr_carea' id='block_1_68' title="bbox 1095 679 1882 714">
    <p class='ocr_par' dir='ltr' id='par_1_68' title="bbox 1095 679 1882 714">
     <span class='ocr_line' id='line_1_68' title="bbox 1095 679 1882 714; baseline 0.001 -9"><span class='ocrx_word' id='word_1_453' title='bbox 1095 686 1183 705; x_wconf 86' lang='lat' dir='ltr'><strong>meum</strong></span> <span class='ocrx_word' id='word_1_454' title='bbox 1213 683 1265 711; x_wconf 84' lang='lat' dir='ltr'><strong>est,</strong></span> <span class='ocrx_word' id='word_1_455' title='bbox 1290 679 1364 713; x_wconf 89' lang='lat' dir='ltr'><strong>quod</strong></span> <span class='ocrx_word' id='word_1_456' title='bbox 1393 687 1437 706; x_wconf 84' lang='lat' dir='ltr'><strong>me</strong></span> <span class='ocrx_word' id='word_1_457' title='bbox 1456 679 1575 713; x_wconf 82' lang='lat' dir='ltr'><strong>allligcre</strong></span> <span class='ocrx_word' id='word_1_458' title='bbox 1600 680 1658 714; x_wconf 89' lang='lat' dir='ltr'><strong>ipse</strong></span> <span class='ocrx_word' id='word_1_459' title='bbox 1681 679 1825 712; x_wconf 79' lang='lat' dir='ltr'><strong>voluerim,</strong></span> <span class='ocrx_word' id='word_1_460' title='bbox 1852 683 1882 706; x_wconf 86' lang='lat' dir='ltr'><strong>ut</strong></span> 
     </span>
    </p>
   </div>
   <div class='ocr_carea' id='block_1_69' title="bbox 1094 722 1882 757">
    <p class='ocr_par' dir='ltr' id='par_1_69' title="bbox 1094 722 1882 757">
     <span class='ocr_line' id='line_1_69' title="bbox 1094 722 1882 757; baseline 0.001 -8"><span class='ocrx_word' id='word_1_461' title='bbox 1094 723 1172 749; x_wconf 83' lang='lat' dir='ltr'><strong>vobis</strong></span> <span class='ocrx_word' id='word_1_462' title='bbox 1189 723 1349 757; x_wconf 73' lang='lat' dir='ltr'><strong>arljumcnto</strong></span> <span class='ocrx_word' id='word_1_463' title='bbox 1365 731 1464 750; x_wconf 85' lang='lat' dir='ltr'><strong>essem.</strong></span> <span class='ocrx_word' id='word_1_464' title='bbox 1489 722 1557 749; x_wconf 85' lang='lat' dir='ltr'><strong>Nam</strong></span> <span class='ocrx_word' id='word_1_465' title='bbox 1583 723 1610 750; x_wconf 89' lang='lat' dir='ltr'><strong>id</strong></span> <span class='ocrx_word' id='word_1_466' title='bbox 1635 724 1806 757; x_wconf 78' lang='lat' dir='ltr'><strong>signiﬁcatur</strong></span> <span class='ocrx_word' id='word_1_467' title='bbox 1828 724 1882 751; x_wconf 83' lang='lat' dir='ltr'><strong>isto</strong></span> 
     </span>
    </p>
   </div>
   <div class='ocr_carea' id='block_1_70' title="bbox 1092 768 1412 801">
    <p class='ocr_par' dir='ltr' id='par_1_70' title="bbox 1092 768 1412 801">
     <span class='ocr_line' id='line_1_70' title="bbox 1092 768 1412 801; baseline 0.003 -8"><span class='ocrx_word' id='word_1_468' title='bbox 1092 769 1185 801; x_wconf 81' lang='lat' dir='ltr'><strong>verbo,</strong></span> <span class='ocrx_word' id='word_1_469' title='bbox 1202 773 1229 795; x_wconf 84' lang='lat' dir='ltr'><strong>ut</strong></span> <span class='ocrx_word' id='word_1_470' title='bbox 1244 768 1412 795; x_wconf 73' lang='lat' dir='ltr'><strong>exaltemini.</strong></span> 
     </span>
    </p>
   </div>
   <div class='ocr_carea' id='block_1_71' title="bbox 1129 814 1763 842">
    <p class='ocr_par' dir='ltr' id='par_1_71' title="bbox 1129 814 1763 842">
     <span class='ocr_line' id='line_1_71' title="bbox 1129 814 1763 842; baseline -0.002 -1"><span class='ocrx_word' id='word_1_471' title='bbox 1129 814 1213 841; x_wconf 75' lang='lat' dir='ltr'><strong>Vsns.</strong></span> <span class='ocrx_word' id='word_1_472' title='bbox 1235 814 1276 841; x_wconf 86' lang='lat' dir='ltr'><strong>lO.</strong></span> <span class='ocrx_word' id='word_1_473' title='bbox 1293 824 1301 840; x_wconf 83' lang='grc' dir='ltr'><strong>ι</strong></span> <span class='ocrx_word' id='word_1_474' title='bbox 1321 814 1369 842; x_wconf 84' lang='lat' dir='ltr'><strong>Est</strong></span> <span class='ocrx_word' id='word_1_475' title='bbox 1385 815 1488 842; x_wconf 88' lang='lat' dir='ltr'><strong>veritas</strong></span> <span class='ocrx_word' id='word_1_476' title='bbox 1509 814 1611 841; x_wconf 86' lang='lat' dir='ltr'><strong>Christi</strong></span> <span class='ocrx_word' id='word_1_477' title='bbox 1636 814 1664 841; x_wconf 94' lang='lat' dir='ltr'><strong>in</strong></span> <span class='ocrx_word' id='word_1_478' title='bbox 1683 821 1734 841; x_wconf 90' lang='lat' dir='ltr'><strong>me.</strong></span> <span class='ocrx_word' id='word_1_479' title='bbox 1754 823 1763 840; x_wconf 81' lang='grc'><strong>›</strong></span> 
     </span>
    </p>
   </div>
   <div class='ocr_carea' id='block_1_72' title="bbox 1129 859 1881 895">
    <p class='ocr_par' dir='ltr' id='par_1_72' title="bbox 1129 859 1881 895">
     <span class='ocr_line' id='line_1_72' title="bbox 1129 859 1881 895; baseline -0.001 -8"><span class='ocrx_word' id='word_1_480' title='bbox 1129 860 1166 887; x_wconf 84' lang='lat' dir='ltr'><strong>Nc</strong></span> <span class='ocrx_word' id='word_1_481' title='bbox 1182 860 1358 892; x_wconf 76' lang='lat' dir='ltr'><strong>existimetis,</strong></span> <span class='ocrx_word' id='word_1_482' title='bbox 1375 859 1477 895; x_wconf 84' lang='lat' dir='ltr'><strong>inquit,</strong></span> <span class='ocrx_word' id='word_1_483' title='bbox 1492 860 1549 887; x_wconf 71' lang='lat' dir='ltr'><strong>lucc</strong></span> <span class='ocrx_word' id='word_1_484' title='bbox 1566 867 1579 886; x_wconf 89' lang='lat' dir='ltr'><strong>a</strong></span> <span class='ocrx_word' id='word_1_485' title='bbox 1601 867 1643 886; x_wconf 90' lang='lat' dir='ltr'><strong>me</strong></span> <span class='ocrx_word' id='word_1_486' title='bbox 1658 859 1732 886; x_wconf 82' lang='lat' dir='ltr'><strong>dicta</strong></span> <span class='ocrx_word' id='word_1_487' title='bbox 1747 866 1810 886; x_wconf 88' lang='lat' dir='ltr'><strong>esse</strong></span> <span class='ocrx_word' id='word_1_488' title='bbox 1823 859 1881 886; x_wconf 87' lang='lat' dir='ltr'><strong>ani-</strong></span> 
     </span>
    </p>
   </div>
   <div class='ocr_carea' id='block_1_73' title="bbox 1094 905 1766 940">
    <p class='ocr_par' dir='ltr' id='par_1_73' title="bbox 1094 905 1766 940">
     <span class='ocr_line' id='line_1_73' title="bbox 1094 905 1766 940; baseline -0.001 -8"><span class='ocrx_word' id='word_1_489' title='bbox 1094 913 1138 932; x_wconf 83' lang='lat' dir='ltr'><strong>mo</strong></span> <span class='ocrx_word' id='word_1_490' title='bbox 1152 906 1318 940; x_wconf 80' lang='lat' dir='ltr'><strong>accipiendi.</strong></span> <span class='ocrx_word' id='word_1_491' title='bbox 1337 906 1404 932; x_wconf 87' lang='lat' dir='ltr'><strong>Nam</strong></span> <span class='ocrx_word' id='word_1_492' title='bbox 1420 905 1447 932; x_wconf 90' lang='lat' dir='ltr'><strong>in</strong></span> <span class='ocrx_word' id='word_1_493' title='bbox 1467 912 1510 933; x_wconf 92' lang='lat' dir='ltr'><strong>me</strong></span> <span class='ocrx_word' id='word_1_494' title='bbox 1524 905 1627 932; x_wconf 82' lang='lat' dir='ltr'><strong>veritas</strong></span> <span class='ocrx_word' id='word_1_495' title='bbox 1646 905 1766 932; x_wconf 82' lang='lat' dir='ltr'><strong>exsistit.</strong></span> 
     </span>
    </p>
   </div>
   <div class='ocr_carea' id='block_1_74' title="bbox 1129 950 1882 985">
    <p class='ocr_par' dir='ltr' id='par_1_74' title="bbox 1129 950 1882 985">
     <span class='ocr_line' id='line_1_74' title="bbox 1129 950 1882 985; baseline -0.001 -7"><span class='ocrx_word' id='word_1_496' title='bbox 1129 950 1213 978; x_wconf 67' lang='lat' dir='ltr'><strong>Vens.</strong></span> <span class='ocrx_word' id='word_1_497' title='bbox 1233 951 1276 978; x_wconf 87' lang='grc' dir='ltr'>Η.</span> <span class='ocrx_word' id='word_1_498' title='bbox 1302 961 1311 976; x_wconf 76' lang='grc' dir='ltr'><strong>τ</strong></span> <span class='ocrx_word' id='word_1_499' title='bbox 1338 950 1475 984; x_wconf 83' lang='lat' dir='ltr'><strong>Quoniam</strong></span> <span class='ocrx_word' id='word_1_500' title='bbox 1500 950 1558 978; x_wconf 58' lang='lat' dir='ltr'><strong>haec</strong></span> <span class='ocrx_word' id='word_1_501' title='bbox 1587 950 1716 985; x_wconf 78' lang='lat' dir='ltr'><strong>gloriatio</strong></span> <span class='ocrx_word' id='word_1_502' title='bbox 1735 958 1790 977; x_wconf 90' lang='lat' dir='ltr'><strong>non</strong></span> <span class='ocrx_word' id='word_1_503' title='bbox 1814 958 1882 984; x_wconf 78' lang='lat' dir='ltr'><strong>prac-</strong></span> 
     </span>
    </p>
   </div>
   <div class='ocr_carea' id='block_1_75' title="bbox 1094 995 1880 1032">
    <p class='ocr_par' dir='ltr' id='par_1_75' title="bbox 1094 995 1880 1032">
     <span class='ocr_line' id='line_1_75' title="bbox 1094 995 1880 1032; baseline -0.003 -8"><span class='ocrx_word' id='word_1_504' title='bbox 1094 998 1220 1025; x_wconf 86' lang='lat' dir='ltr'><strong>cludctur</strong></span> <span class='ocrx_word' id='word_1_505' title='bbox 1238 998 1264 1023; x_wconf 93' lang='lat' dir='ltr'><strong>in</strong></span> <span class='ocrx_word' id='word_1_506' title='bbox 1281 1005 1324 1024; x_wconf 89' lang='lat' dir='ltr'><strong>me</strong></span> <span class='ocrx_word' id='word_1_507' title='bbox 1345 996 1372 1023; x_wconf 95' lang='lat' dir='ltr'><strong>in</strong></span> <span class='ocrx_word' id='word_1_508' title='bbox 1389 997 1548 1031; x_wconf 78' lang='lat' dir='ltr'><strong>regionibus</strong></span> <span class='ocrx_word' id='word_1_509' title='bbox 1567 996 1686 1023; x_wconf 63' lang='lat' dir='ltr'><strong>Achaiae.</strong></span> <span class='ocrx_word' id='word_1_510' title='bbox 1708 995 1804 1032; x_wconf 62' lang='lat' dir='ltr'><strong>[Vens</strong></span> <span class='ocrx_word' id='word_1_511' title='bbox 1824 995 1880 1032; x_wconf 87' lang='lat' dir='ltr'><strong>ll.]</strong></span> 
     </span>
    </p>
   </div>
   <div class='ocr_carea' id='block_1_76' title="bbox 1094 1040 1880 1076">
    <p class='ocr_par' dir='ltr' id='par_1_76' title="bbox 1094 1040 1880 1076">
     <span class='ocr_line' id='line_1_76' title="bbox 1094 1040 1880 1076; baseline 0.003 -10"><span class='ocrx_word' id='word_1_512' title='bbox 1094 1040 1204 1073; x_wconf 81' lang='lat' dir='ltr'><strong>Quare?</strong></span> <span class='ocrx_word' id='word_1_513' title='bbox 1217 1041 1281 1075; x_wconf 85' lang='lat' dir='ltr'><strong>quia</strong></span> <span class='ocrx_word' id='word_1_514' title='bbox 1298 1048 1353 1067; x_wconf 89' lang='lat' dir='ltr'><strong>non</strong></span> <span class='ocrx_word' id='word_1_515' title='bbox 1372 1041 1455 1076; x_wconf 83' lang='lat' dir='ltr'><strong>diligo</strong></span> <span class='ocrx_word' id='word_1_516' title='bbox 1476 1041 1547 1068; x_wconf 86' lang='lat' dir='ltr'><strong>vos?</strong></span> <span class='ocrx_word' id='word_1_517' title='bbox 1561 1040 1634 1068; x_wconf 85' lang='lat' dir='ltr'><strong>Deus</strong></span> <span class='ocrx_word' id='word_1_518' title='bbox 1649 1041 1710 1068; x_wconf 90' lang='lat' dir='ltr'><strong>scit.</strong></span> <span class='ocrx_word' id='word_1_519' title='bbox 1736 1040 1813 1073; x_wconf 86' lang='lat' dir='ltr'><strong>Quod</strong></span> <span class='ocrx_word' id='word_1_520' title='bbox 1830 1048 1880 1068; x_wconf 89' lang='lat' dir='ltr'><strong>au-</strong></span> 
     </span>
    </p>
   </div>
   <div class='ocr_carea' id='block_1_77' title="bbox 1095 1085 1436 1118">
    <p class='ocr_par' dir='ltr' id='par_1_77' title="bbox 1095 1085 1436 1118">
     <span class='ocr_line' id='line_1_77' title="bbox 1095 1085 1436 1118; baseline -0.003 -6"><span class='ocrx_word' id='word_1_521' title='bbox 1095 1089 1147 1112; x_wconf 83' lang='lat' dir='ltr'><strong>tem</strong></span> <span class='ocrx_word' id='word_1_522' title='bbox 1161 1086 1242 1118; x_wconf 82' lang='lat' dir='ltr'><strong>facio,</strong></span> <span class='ocrx_word' id='word_1_523' title='bbox 1258 1089 1284 1113; x_wconf 91' lang='lat' dir='ltr'><strong>et</strong></span> <span class='ocrx_word' id='word_1_524' title='bbox 1298 1085 1406 1112; x_wconf 83' lang='lat' dir='ltr'><strong>faciam.</strong></span> <span class='ocrx_word' id='word_1_525' title='bbox 1427 1095 1436 1111; x_wconf 76' lang='grc' dir='ltr'><strong>ι</strong></span> 
     </span>
    </p>
   </div>
   <div class='ocr_carea' id='block_1_78' title="bbox 1130 1131 1612 1166">
    <p class='ocr_par' dir='ltr' id='par_1_78' title="bbox 1130 1131 1612 1166">
     <span class='ocr_line' id='line_1_78' title="bbox 1130 1131 1612 1166; baseline -0.002 -8"><span class='ocrx_word' id='word_1_526' title='bbox 1130 1131 1195 1159; x_wconf 85' lang='lat' dir='ltr'><strong>Rem</strong></span> <span class='ocrx_word' id='word_1_527' title='bbox 1212 1139 1295 1166; x_wconf 90' lang='lat' dir='ltr'><strong>porro</strong></span> <span class='ocrx_word' id='word_1_528' title='bbox 1312 1131 1504 1166; x_wconf 82' lang='lat' dir='ltr'><strong>gloriationem</strong></span> <span class='ocrx_word' id='word_1_529' title='bbox 1521 1135 1612 1158; x_wconf 87' lang='lat' dir='ltr'><strong>vocat.</strong></span> 
     </span>
    </p>
   </div>
   <div class='ocr_carea' id='block_1_79' title="bbox 1132 1175 1881 1211">
    <p class='ocr_par' dir='ltr' id='par_1_79' title="bbox 1132 1175 1881 1211">
     <span class='ocr_line' id='line_1_79' title="bbox 1132 1175 1881 1211; baseline 0.001 -9"><span class='ocrx_word' id='word_1_530' title='bbox 1132 1176 1214 1203; x_wconf 74' lang='lat' dir='ltr'><strong>Vens.</strong></span> <span class='ocrx_word' id='word_1_531' title='bbox 1233 1176 1275 1203; x_wconf 74' lang='lat' dir='ltr'><strong>l2.</strong></span> <span class='ocrx_word' id='word_1_532' title='bbox 1297 1185 1306 1201; x_wconf 88' lang='grc' dir='ltr'><strong>ι</strong></span> <span class='ocrx_word' id='word_1_533' title='bbox 1327 1175 1362 1203; x_wconf 90' lang='lat' dir='ltr'><strong>Ut</strong></span> <span class='ocrx_word' id='word_1_534' title='bbox 1380 1180 1469 1203; x_wconf 87' lang='lat' dir='ltr'><strong>autem</strong></span> <span class='ocrx_word' id='word_1_535' title='bbox 1488 1181 1624 1211; x_wconf 85' lang='lat' dir='ltr'><strong>amputem</strong></span> <span class='ocrx_word' id='word_1_536' title='bbox 1642 1177 1813 1204; x_wconf 80' lang='lat' dir='ltr'><strong>occasionem</strong></span> <span class='ocrx_word' id='word_1_537' title='bbox 1835 1183 1881 1203; x_wconf 88' lang='lat' dir='ltr'><strong>eo—</strong></span> 
     </span>
    </p>
   </div>
   <div class='ocr_carea' id='block_1_80' title="bbox 1095 1222 1880 1258">
    <p class='ocr_par' dir='ltr' id='par_1_80' title="bbox 1095 1222 1880 1258">
     <span class='ocr_line' id='line_1_80' title="bbox 1095 1222 1880 1258; baseline 0 -10"><span class='ocrx_word' id='word_1_538' title='bbox 1095 1229 1165 1253; x_wconf 91' lang='lat' dir='ltr'><strong>rum,</strong></span> <span class='ocrx_word' id='word_1_539' title='bbox 1183 1222 1229 1256; x_wconf 89' lang='lat' dir='ltr'><strong>qui</strong></span> <span class='ocrx_word' id='word_1_540' title='bbox 1248 1222 1343 1249; x_wconf 91' lang='lat' dir='ltr'><strong>volunt</strong></span> <span class='ocrx_word' id='word_1_541' title='bbox 1357 1222 1546 1255; x_wconf 84' lang='lat' dir='ltr'><strong>occasionem,</strong></span> <span class='ocrx_word' id='word_1_542' title='bbox 1565 1227 1593 1249; x_wconf 87' lang='lat' dir='ltr'><strong>ut</strong></span> <span class='ocrx_word' id='word_1_543' title='bbox 1608 1223 1635 1249; x_wconf 92' lang='lat' dir='ltr'><strong>in</strong></span> <span class='ocrx_word' id='word_1_544' title='bbox 1649 1230 1704 1257; x_wconf 84' lang='lat' dir='ltr'><strong>quo</strong></span> <span class='ocrx_word' id='word_1_545' title='bbox 1717 1223 1880 1258; x_wconf 73' lang='lat' dir='ltr'><strong>gloriantur,</strong></span> 
     </span>
    </p>
   </div>
   <div class='ocr_carea' id='block_1_81' title="bbox 1094 1267 1505 1295">
    <p class='ocr_par' dir='ltr' id='par_1_81' title="bbox 1094 1267 1505 1295">
     <span class='ocr_line' id='line_1_81' title="bbox 1094 1267 1505 1295; baseline -0.002 -1"><span class='ocrx_word' id='word_1_546' title='bbox 1094 1267 1272 1294; x_wconf 83' lang='lat' dir='ltr'><strong>inveniantur</strong></span> <span class='ocrx_word' id='word_1_547' title='bbox 1286 1267 1358 1294; x_wconf 89' lang='lat' dir='ltr'><strong>sicut</strong></span> <span class='ocrx_word' id='word_1_548' title='bbox 1373 1271 1400 1293; x_wconf 89' lang='lat' dir='ltr'><strong>et</strong></span> <span class='ocrx_word' id='word_1_549' title='bbox 1414 1275 1475 1295; x_wconf 89' lang='lat' dir='ltr'><strong>nos.</strong></span> <span class='ocrx_word' id='word_1_550' title='bbox 1496 1276 1505 1293; x_wconf 77' lang='grc' dir='ltr'><strong>ι</strong></span> 
     </span>
    </p>
   </div>
   <div class='ocr_carea' id='block_1_82' title="bbox 1129 1311 1881 1347">
    <p class='ocr_par' dir='ltr' id='par_1_82' title="bbox 1129 1311 1881 1347">
     <span class='ocr_line' id='line_1_82' title="bbox 1129 1311 1881 1347; baseline 0.001 -9"><span class='ocrx_word' id='word_1_551' title='bbox 1129 1311 1198 1344; x_wconf 83' lang='lat' dir='ltr'><strong>Quia</strong></span> <span class='ocrx_word' id='word_1_552' title='bbox 1222 1312 1260 1338; x_wconf 89' lang='lat' dir='ltr'><strong>illi</strong></span> <span class='ocrx_word' id='word_1_553' title='bbox 1278 1311 1398 1338; x_wconf 88' lang='lat' dir='ltr'><strong>studium</strong></span> <span class='ocrx_word' id='word_1_554' title='bbox 1415 1311 1563 1346; x_wconf 87' lang='lat' dir='ltr'><strong>ponebant,</strong></span> <span class='ocrx_word' id='word_1_555' title='bbox 1588 1317 1617 1339; x_wconf 89' lang='lat' dir='ltr'><strong>ut</strong></span> <span class='ocrx_word' id='word_1_556' title='bbox 1637 1312 1712 1339; x_wconf 88' lang='lat' dir='ltr'><strong>illius</strong></span> <span class='ocrx_word' id='word_1_557' title='bbox 1730 1313 1881 1347; x_wconf 82' lang='lat' dir='ltr'><strong>reprelien-</strong></span> 
     </span>
    </p>
   </div>
   <div class='ocr_carea' id='block_1_83' title="bbox 1093 1357 1881 1393">
    <p class='ocr_par' dir='ltr' id='par_1_83' title="bbox 1093 1357 1881 1393">
     <span class='ocr_line' id='line_1_83' title="bbox 1093 1357 1881 1393; baseline 0 -9"><span class='ocrx_word' id='word_1_558' title='bbox 1093 1357 1177 1385; x_wconf 87' lang='lat' dir='ltr'><strong>dendi</strong></span> <span class='ocrx_word' id='word_1_559' title='bbox 1204 1364 1315 1384; x_wconf 80' lang='lat' dir='ltr'><strong>causam</strong></span> <span class='ocrx_word' id='word_1_560' title='bbox 1345 1357 1512 1390; x_wconf 83' lang='lat' dir='ltr'><strong>invenirent,</strong></span> <span class='ocrx_word' id='word_1_561' title='bbox 1540 1358 1619 1393; x_wconf 88' lang='lat' dir='ltr'><strong>quasi</strong></span> <span class='ocrx_word' id='word_1_562' title='bbox 1649 1365 1748 1386; x_wconf 86' lang='lat' dir='ltr'><strong>avarus</strong></span> <span class='ocrx_word' id='word_1_563' title='bbox 1785 1361 1881 1391; x_wconf 80' lang='lat' dir='ltr'><strong>esset;</strong></span> 
     </span>
    </p>
   </div>
   <div class='ocr_carea' id='block_1_84' title="bbox 1094 1403 1569 1438">
    <p class='ocr_par' dir='ltr' id='par_1_84' title="bbox 1094 1403 1569 1438">
     <span class='ocr_line' id='line_1_84' title="bbox 1094 1403 1569 1438; baseline 0.004 -9"><span class='ocrx_word' id='word_1_564' title='bbox 1094 1403 1164 1430; x_wconf 89' lang='lat' dir='ltr'><strong>hanc</strong></span> <span class='ocrx_word' id='word_1_565' title='bbox 1181 1403 1277 1430; x_wconf 87' lang='lat' dir='ltr'><strong>tollere</strong></span> <span class='ocrx_word' id='word_1_566' title='bbox 1295 1403 1355 1438; x_wconf 87' lang='lat' dir='ltr'><strong>ipse</strong></span> <span class='ocrx_word' id='word_1_567' title='bbox 1374 1403 1569 1431; x_wconf 87' lang='lat' dir='ltr'><strong>contendebat.</strong></span> 
     </span>
    </p>
   </div>
   <div class='ocr_carea' id='block_1_85' title="bbox 1131 1448 1880 1485">
    <p class='ocr_par' dir='ltr' id='par_1_85' title="bbox 1131 1448 1880 1485">
     <span class='ocr_line' id='line_1_85' title="bbox 1131 1448 1880 1485; baseline 0.001 -10"><span class='ocrx_word' id='word_1_568' title='bbox 1131 1448 1211 1475; x_wconf 69' lang='lat' dir='ltr'><strong>Vens.</strong></span> <span class='ocrx_word' id='word_1_569' title='bbox 1231 1449 1280 1481; x_wconf 80' lang='lat' dir='ltr'><strong>l5,</strong></span> <span class='ocrx_word' id='word_1_570' title='bbox 1305 1448 1348 1475; x_wconf 67' lang='lat' dir='ltr'><strong>l4.</strong></span> <span class='ocrx_word' id='word_1_571' title='bbox 1364 1458 1373 1474; x_wconf 84' lang='grc' dir='ltr'><strong>ι</strong></span> <span class='ocrx_word' id='word_1_572' title='bbox 1398 1448 1465 1476; x_wconf 85' lang='lat' dir='ltr'><strong>Nam</strong></span> <span class='ocrx_word' id='word_1_573' title='bbox 1488 1455 1514 1477; x_wconf 88' lang='lat' dir='ltr'><strong>et</strong></span> <span class='ocrx_word' id='word_1_574' title='bbox 1539 1450 1672 1485; x_wconf 85' lang='lat' dir='ltr'><strong>ejusmodi</strong></span> <span class='ocrx_word' id='word_1_575' title='bbox 1707 1450 1880 1485; x_wconf 85' lang='lat' dir='ltr'><strong>pseudoapo-</strong></span> 
     </span>
    </p>
   </div>
   <div class='ocr_carea' id='block_1_86' title="bbox 1093 1494 1880 1530">
    <p class='ocr_par' dir='ltr' id='par_1_86' title="bbox 1093 1494 1880 1530">
     <span class='ocr_line' id='line_1_86' title="bbox 1093 1494 1880 1530; baseline -0.001 -8"><span class='ocrx_word' id='word_1_576' title='bbox 1093 1495 1158 1522; x_wconf 87' lang='lat' dir='ltr'><strong>sloli</strong></span> <span class='ocrx_word' id='word_1_577' title='bbox 1177 1498 1242 1522; x_wconf 87' lang='lat' dir='ltr'><strong>sunt</strong></span> <span class='ocrx_word' id='word_1_578' title='bbox 1268 1494 1389 1529; x_wconf 86' lang='lat' dir='ltr'><strong>operarii</strong></span> <span class='ocrx_word' id='word_1_579' title='bbox 1414 1494 1533 1528; x_wconf 85' lang='lat' dir='ltr'><strong>subdoli,</strong></span> <span class='ocrx_word' id='word_1_580' title='bbox 1552 1496 1780 1530; x_wconf 81' lang='lat' dir='ltr'><strong>transligurantes</strong></span> <span class='ocrx_word' id='word_1_581' title='bbox 1807 1503 1837 1523; x_wconf 86' lang='lat' dir='ltr'><strong>se</strong></span> <span class='ocrx_word' id='word_1_582' title='bbox 1853 1497 1880 1522; x_wconf 86' lang='lat' dir='ltr'><strong>in</strong></span> 
     </span>
    </p>
   </div>
   <div class='ocr_carea' id='block_1_87' title="bbox 1094 1539 1881 1575">
    <p class='ocr_par' dir='ltr' id='par_1_87' title="bbox 1094 1539 1881 1575">
     <span class='ocr_line' id='line_1_87' title="bbox 1094 1539 1881 1575; baseline 0.004 -9"><span class='ocrx_word' id='word_1_583' title='bbox 1094 1540 1232 1575; x_wconf 87' lang='lat' dir='ltr'><strong>apostolos</strong></span> <span class='ocrx_word' id='word_1_584' title='bbox 1246 1539 1361 1567; x_wconf 86' lang='lat' dir='ltr'><strong>Christi.</strong></span> <span class='ocrx_word' id='word_1_585' title='bbox 1388 1539 1421 1566; x_wconf 88' lang='lat' dir='ltr'><strong>Et</strong></span> <span class='ocrx_word' id='word_1_586' title='bbox 1440 1547 1494 1567; x_wconf 89' lang='lat' dir='ltr'><strong>non</strong></span> <span class='ocrx_word' id='word_1_587' title='bbox 1517 1541 1616 1567; x_wconf 90' lang='lat' dir='ltr'><strong>mirum</strong></span> <span class='ocrx_word' id='word_1_588' title='bbox 1634 1551 1640 1568; x_wconf 93' lang='lat'><strong>:</strong></span> <span class='ocrx_word' id='word_1_589' title='bbox 1660 1541 1718 1575; x_wconf 88' lang='lat' dir='ltr'><strong>ipse</strong></span> <span class='ocrx_word' id='word_1_590' title='bbox 1735 1541 1808 1569; x_wconf 92' lang='lat' dir='ltr'><strong>enim</strong></span> <span class='ocrx_word' id='word_1_591' title='bbox 1829 1541 1881 1569; x_wconf 88' lang='lat' dir='ltr'><strong>Sa-</strong></span> 
     </span>
    </p>
   </div>
   <div class='ocr_carea' id='block_1_88' title="bbox 1094 1585 1737 1621">
    <p class='ocr_par' dir='ltr' id='par_1_88' title="bbox 1094 1585 1737 1621">
     <span class='ocr_line' id='line_1_88' title="bbox 1094 1585 1737 1621; baseline 0.002 -9"><span class='ocrx_word' id='word_1_592' title='bbox 1094 1592 1173 1613; x_wconf 79' lang='lat' dir='ltr'><strong>tanas</strong></span> <span class='ocrx_word' id='word_1_593' title='bbox 1187 1585 1368 1620; x_wconf 79' lang='lat' dir='ltr'><strong>transﬁgurat</strong></span> <span class='ocrx_word' id='word_1_594' title='bbox 1387 1593 1416 1612; x_wconf 91' lang='lat' dir='ltr'><strong>se</strong></span> <span class='ocrx_word' id='word_1_595' title='bbox 1434 1586 1461 1612; x_wconf 91' lang='lat' dir='ltr'><strong>in</strong></span> <span class='ocrx_word' id='word_1_596' title='bbox 1482 1586 1608 1621; x_wconf 80' lang='lat' dir='ltr'><strong>angelum</strong></span> <span class='ocrx_word' id='word_1_597' title='bbox 1630 1586 1709 1614; x_wconf 89' lang='lat' dir='ltr'><strong>lucis.</strong></span> <span class='ocrx_word' id='word_1_598' title='bbox 1728 1596 1737 1613; x_wconf 69' lang='grc' dir='ltr'><strong>ι</strong></span> 
     </span>
    </p>
   </div>
   <div class='ocr_carea' id='block_1_89' title="bbox 1130 1629 1880 1666">
    <p class='ocr_par' dir='ltr' id='par_1_89' title="bbox 1130 1629 1880 1666">
     <span class='ocr_line' id='line_1_89' title="bbox 1130 1629 1880 1666; baseline 0.005 -11"><span class='ocrx_word' id='word_1_599' title='bbox 1130 1629 1209 1664; x_wconf 80' lang='lat'><strong>150</strong></span> <span class='ocrx_word' id='word_1_600' title='bbox 1233 1629 1351 1661; x_wconf 89' lang='lat' dir='ltr'><strong>Idcirco,</strong></span> <span class='ocrx_word' id='word_1_601' title='bbox 1376 1630 1425 1662; x_wconf 87' lang='lat' dir='ltr'><strong>ait,</strong></span> <span class='ocrx_word' id='word_1_602' title='bbox 1454 1629 1539 1658; x_wconf 83' lang='lat' dir='ltr'><strong>falsos</strong></span> <span class='ocrx_word' id='word_1_603' title='bbox 1563 1631 1705 1666; x_wconf 77' lang='lat' dir='ltr'><strong>apostolos</strong></span> <span class='ocrx_word' id='word_1_604' title='bbox 1725 1631 1797 1663; x_wconf 87' lang='lat' dir='ltr'><strong>dico,</strong></span> <span class='ocrx_word' id='word_1_605' title='bbox 1815 1633 1880 1666; x_wconf 80' lang='lat' dir='ltr'><strong>quia</strong></span> 
     </span>
    </p>
   </div>
   <div class='ocr_carea' id='block_1_90' title="bbox 1092 1675 1878 1711">
    <p class='ocr_par' dir='ltr' id='par_1_90' title="bbox 1092 1675 1878 1711">
     <span class='ocr_line' id='line_1_90' title="bbox 1092 1675 1878 1711; baseline 0.004 -9"><span class='ocrx_word' id='word_1_606' title='bbox 1092 1675 1188 1702; x_wconf 63' lang='lat' dir='ltr'><strong>isthmc</strong></span> <span class='ocrx_word' id='word_1_607' title='bbox 1206 1675 1298 1702; x_wconf 85' lang='lat' dir='ltr'><strong>omnia</strong></span> <span class='ocrx_word' id='word_1_608' title='bbox 1319 1675 1463 1707; x_wconf 80' lang='lat' dir='ltr'><strong>simulant,</strong></span> <span class='ocrx_word' id='word_1_609' title='bbox 1488 1680 1516 1703; x_wconf 90' lang='lat' dir='ltr'><strong>ut</strong></span> <span class='ocrx_word' id='word_1_610' title='bbox 1544 1676 1693 1711; x_wconf 86' lang='lat' dir='ltr'><strong>decipiant.</strong></span> <span class='ocrx_word' id='word_1_611' title='bbox 1721 1676 1788 1704; x_wconf 84' lang='lat' dir='ltr'><strong>Nam</strong></span> <span class='ocrx_word' id='word_1_612' title='bbox 1815 1685 1878 1705; x_wconf 89' lang='lat' dir='ltr'><strong>cum</strong></span> 
     </span>
    </p>
   </div>
   <div class='ocr_carea' id='block_1_91' title="bbox 1092 1720 1882 1757">
    <p class='ocr_par' dir='ltr' id='par_1_91' title="bbox 1092 1720 1882 1757">
     <span class='ocr_line' id='line_1_91' title="bbox 1092 1720 1882 1757; baseline 0.005 -11"><span class='ocrx_word' id='word_1_613' title='bbox 1092 1721 1185 1747; x_wconf 82' lang='lat' dir='ltr'><strong>sciant</strong></span> <span class='ocrx_word' id='word_1_614' title='bbox 1199 1720 1280 1747; x_wconf 88' lang='lat' dir='ltr'><strong>aliter</strong></span> <span class='ocrx_word' id='word_1_615' title='bbox 1298 1727 1352 1748; x_wconf 91' lang='lat' dir='ltr'><strong>non</strong></span> <span class='ocrx_word' id='word_1_616' title='bbox 1367 1728 1448 1755; x_wconf 81' lang='lat' dir='ltr'><strong>posse</strong></span> <span class='ocrx_word' id='word_1_617' title='bbox 1461 1720 1519 1749; x_wconf 89' lang='lat' dir='ltr'><strong>lieri</strong></span> <span class='ocrx_word' id='word_1_618' title='bbox 1533 1726 1562 1749; x_wconf 84' lang='lat' dir='ltr'><strong>ut</strong></span> <span class='ocrx_word' id='word_1_619' title='bbox 1580 1722 1686 1757; x_wconf 86' lang='lat' dir='ltr'><strong>accepti</strong></span> <span class='ocrx_word' id='word_1_620' title='bbox 1706 1723 1772 1755; x_wconf 89' lang='lat' dir='ltr'><strong>sint,</strong></span> <span class='ocrx_word' id='word_1_621' title='bbox 1788 1730 1882 1757; x_wconf 81' lang='lat' dir='ltr'><strong>perso-</strong></span> 
     </span>
    </p>
   </div>
   <div class='ocr_carea' id='block_1_92' title="bbox 1091 1766 1879 1801">
    <p class='ocr_par' dir='ltr' id='par_1_92' title="bbox 1091 1766 1879 1801">
     <span class='ocr_line' id='line_1_92' title="bbox 1091 1766 1879 1801; baseline 0.004 -8"><span class='ocrx_word' id='word_1_622' title='bbox 1091 1774 1155 1794; x_wconf 90' lang='lat' dir='ltr'><strong>nam</strong></span> <span class='ocrx_word' id='word_1_623' title='bbox 1171 1766 1295 1794; x_wconf 86' lang='lat' dir='ltr'><strong>veritatis</strong></span> <span class='ocrx_word' id='word_1_624' title='bbox 1308 1766 1437 1801; x_wconf 83' lang='lat' dir='ltr'><strong>induunt,</strong></span> <span class='ocrx_word' id='word_1_625' title='bbox 1460 1771 1491 1794; x_wconf 87' lang='lat' dir='ltr'><strong>ut</strong></span> <span class='ocrx_word' id='word_1_626' title='bbox 1514 1767 1635 1795; x_wconf 85' lang='lat' dir='ltr'><strong>fabulam</strong></span> <span class='ocrx_word' id='word_1_627' title='bbox 1654 1768 1750 1795; x_wconf 85' lang='lat' dir='ltr'><strong>ludant</strong></span> <span class='ocrx_word' id='word_1_628' title='bbox 1766 1770 1879 1800; x_wconf 86' lang='lat' dir='ltr'><strong>erroris,</strong></span> 
     </span>
    </p>
   </div>
   <div class='ocr_carea' id='block_1_93' title="bbox 1091 1813 1881 1851">
    <p class='ocr_par' dir='ltr' id='par_1_93' title="bbox 1091 1813 1881 1851">
     <span class='ocr_line' id='line_1_93' title="bbox 1091 1813 1881 1851; baseline 0.006 -12"><span class='ocrx_word' id='word_1_629' title='bbox 1091 1813 1221 1848; x_wconf 88' lang='lat' dir='ltr'><strong>aiuutque</strong></span> <span class='ocrx_word' id='word_1_630' title='bbox 1240 1821 1269 1841; x_wconf 90' lang='lat' dir='ltr'><strong>se</strong></span> <span class='ocrx_word' id='word_1_631' title='bbox 1284 1821 1338 1841; x_wconf 90' lang='lat' dir='ltr'><strong>non</strong></span> <span class='ocrx_word' id='word_1_632' title='bbox 1357 1814 1482 1850; x_wconf 88' lang='lat' dir='ltr'><strong>accipere</strong></span> <span class='ocrx_word' id='word_1_633' title='bbox 1509 1815 1651 1850; x_wconf 85' lang='lat' dir='ltr'><strong>pecunias,</strong></span> <span class='ocrx_word' id='word_1_634' title='bbox 1686 1820 1715 1843; x_wconf 88' lang='lat' dir='ltr'><strong>ut</strong></span> <span class='ocrx_word' id='word_1_635' title='bbox 1734 1817 1881 1851; x_wconf 84' lang='lat' dir='ltr'><strong>ampliores</strong></span> 
     </span>
    </p>
   </div>
   <div class='ocr_carea' id='block_1_94' title="bbox 1090 1862 1249 1893">
    <p class='ocr_par' dir='ltr' id='par_1_94' title="bbox 1090 1862 1249 1893">
     <span class='ocr_line' id='line_1_94' title="bbox 1090 1862 1249 1893; baseline -0.006 -8"><span class='ocrx_word' id='word_1_636' title='bbox 1090 1862 1249 1893; x_wconf 76' lang='lat' dir='ltr'><strong>emnngant.</strong></span> 
     </span>
    </p>
   </div>
   <div class='ocr_carea' id='block_1_95' title="bbox 1127 1903 1881 1942">
    <p class='ocr_par' dir='ltr' id='par_1_95' title="bbox 1127 1903 1881 1942">
     <span class='ocr_line' id='line_1_95' title="bbox 1127 1903 1881 1942; baseline 0.007 -13"><span class='ocrx_word' id='word_1_637' title='bbox 1127 1903 1209 1931; x_wconf 74' lang='lat' dir='ltr'><strong>Vsns.</strong></span> <span class='ocrx_word' id='word_1_638' title='bbox 1231 1903 1274 1930; x_wconf 80' lang='grc'><strong>15.</strong></span> <span class='ocrx_word' id='word_1_639' title='bbox 1293 1913 1302 1929; x_wconf 86' lang='grc' dir='ltr'><strong>ι</strong></span> <span class='ocrx_word' id='word_1_640' title='bbox 1321 1904 1378 1932; x_wconf 85' lang='lat' dir='ltr'><strong>Non</strong></span> <span class='ocrx_word' id='word_1_641' title='bbox 1396 1911 1461 1940; x_wconf 85' lang='lat' dir='ltr'><strong>ergo</strong></span> <span class='ocrx_word' id='word_1_642' title='bbox 1481 1913 1609 1941; x_wconf 81' lang='lat' dir='ltr'><strong>magnum</strong></span> <span class='ocrx_word' id='word_1_643' title='bbox 1635 1906 1658 1934; x_wconf 90' lang='lat' dir='ltr'><strong>si</strong></span> <span class='ocrx_word' id='word_1_644' title='bbox 1682 1906 1799 1933; x_wconf 85' lang='lat' dir='ltr'><strong>ministri</strong></span> <span class='ocrx_word' id='word_1_645' title='bbox 1820 1907 1881 1942; x_wconf 85' lang='lat' dir='ltr'><strong>ejus</strong></span> 
     </span>
    </p>
   </div>
   <div class='ocr_carea' id='block_1_96' title="bbox 1090 1951 1828 1986">
    <p class='ocr_par' dir='ltr' id='par_1_96' title="bbox 1090 1951 1828 1986">
     <span class='ocr_line' id='line_1_96' title="bbox 1090 1951 1828 1986; baseline -0.003 -9"><span class='ocrx_word' id='word_1_646' title='bbox 1090 1951 1330 1986; x_wconf 80' lang='lat' dir='ltr'><strong>transﬂgurantur.</strong></span> <span class='ocrx_word' id='word_1_647' title='bbox 1350 1960 1360 1977; x_wconf 76' lang='grc' dir='ltr'><strong>ι</strong></span> <span class='ocrx_word' id='word_1_648' title='bbox 1824 1967 1828 1971; x_wconf 75' lang='grc' dir='ltr'><strong>ι</strong></span> 
     </span>
    </p>
   </div>
   <div class='ocr_carea' id='block_1_97' title="bbox 1124 1994 1880 2033">
    <p class='ocr_par' dir='ltr' id='par_1_97' title="bbox 1124 1994 1880 2033">
     <span class='ocr_line' id='line_1_97' title="bbox 1124 1994 1880 2033; baseline 0.008 -11"><span class='ocrx_word' id='word_1_649' title='bbox 1124 1994 1253 2031; x_wconf 77' lang='lat' dir='ltr'><strong>Angelum</strong></span> <span class='ocrx_word' id='word_1_650' title='bbox 1275 1997 1342 2023; x_wconf 75' lang='lat' dir='ltr'><strong>lucis</strong></span> <span class='ocrx_word' id='word_1_651' title='bbox 1356 1996 1423 2024; x_wconf 89' lang='lat' dir='ltr'><strong>dicit</strong></span> <span class='ocrx_word' id='word_1_652' title='bbox 1451 1997 1527 2025; x_wconf 90' lang='lat' dir='ltr'><strong>illum</strong></span> <span class='ocrx_word' id='word_1_653' title='bbox 1541 1998 1588 2033; x_wconf 88' lang='lat' dir='ltr'><strong>qui</strong></span> <span class='ocrx_word' id='word_1_654' title='bbox 1607 1998 1722 2027; x_wconf 81' lang='lat' dir='ltr'><strong>ﬁdenter</strong></span> <span class='ocrx_word' id='word_1_655' title='bbox 1739 2003 1767 2027; x_wconf 84' lang='lat' dir='ltr'><strong>et</strong></span> <span class='ocrx_word' id='word_1_656' title='bbox 1793 1999 1880 2029; x_wconf 87' lang='lat' dir='ltr'><strong>libere</strong></span> 
     </span>
    </p>
   </div>
   <div class='ocr_carea' id='block_1_98' title="bbox 1088 2039 1879 2079">
    <p class='ocr_par' dir='ltr' id='par_1_98' title="bbox 1088 2039 1879 2079">
     <span class='ocr_line' id='line_1_98' title="bbox 1088 2039 1879 2079; baseline 0.01 -13"><span class='ocrx_word' id='word_1_657' title='bbox 1088 2040 1225 2076; x_wconf 84' lang='lat' dir='ltr'><strong>loquatur.</strong></span> <span class='ocrx_word' id='word_1_658' title='bbox 1244 2039 1312 2067; x_wconf 84' lang='lat' dir='ltr'><strong>Nam</strong></span> <span class='ocrx_word' id='word_1_659' title='bbox 1330 2046 1394 2069; x_wconf 91' lang='lat' dir='ltr'><strong>sunt</strong></span> <span class='ocrx_word' id='word_1_660' title='bbox 1405 2042 1507 2078; x_wconf 87' lang='lat' dir='ltr'><strong>alioqui</strong></span> <span class='ocrx_word' id='word_1_661' title='bbox 1522 2043 1612 2079; x_wconf 77' lang='lat' dir='ltr'><strong>angeli</strong></span> <span class='ocrx_word' id='word_1_662' title='bbox 1630 2044 1676 2072; x_wconf 93' lang='lat' dir='ltr'><strong>isti</strong></span> <span class='ocrx_word' id='word_1_663' title='bbox 1689 2045 1879 2078; x_wconf 81' lang='lat' dir='ltr'><strong>tenebrarum,</strong></span> 
     </span>
    </p>
   </div>
   <div class='ocr_carea' id='block_1_99' title="bbox 1086 2085 1347 2114">
    <p class='ocr_par' dir='ltr' id='par_1_99' title="bbox 1086 2085 1347 2114">
     <span class='ocr_line' id='line_1_99' title="bbox 1086 2085 1347 2114; baseline 0.004 -1"><span class='ocrx_word' id='word_1_664' title='bbox 1086 2086 1187 2113; x_wconf 87' lang='lat' dir='ltr'><strong>diaboli</strong></span> <span class='ocrx_word' id='word_1_665' title='bbox 1209 2085 1347 2114; x_wconf 87' lang='lat' dir='ltr'><strong>videlicet.</strong></span> 
     </span>
    </p>
   </div>
   <div class='ocr_carea' id='block_1_100' title="bbox 1125 2132 1879 2170">
    <p class='ocr_par' dir='ltr' id='par_1_100' title="bbox 1125 2132 1879 2170">
     <span class='ocr_line' id='line_1_100' title="bbox 1125 2132 1879 2170; baseline 0.011 -12"><span class='ocrx_word' id='word_1_666' title='bbox 1125 2141 1135 2158; x_wconf 82' lang='grc' dir='ltr'><strong>ι</strong></span> <span class='ocrx_word' id='word_1_667' title='bbox 1157 2132 1235 2160; x_wconf 84' lang='lat' dir='ltr'><strong>Sicut</strong></span> <span class='ocrx_word' id='word_1_668' title='bbox 1249 2132 1369 2160; x_wconf 88' lang='lat' dir='ltr'><strong>ministri</strong></span> <span class='ocrx_word' id='word_1_669' title='bbox 1389 2132 1516 2168; x_wconf 74' lang='lat' dir='ltr'><strong>iustitiae,</strong></span> <span class='ocrx_word' id='word_1_670' title='bbox 1530 2142 1647 2170; x_wconf 87' lang='lat' dir='ltr'><strong>quorum</strong></span> <span class='ocrx_word' id='word_1_671' title='bbox 1666 2135 1728 2165; x_wconf 81' lang='lat' dir='ltr'><strong>linis</strong></span> <span class='ocrx_word' id='word_1_672' title='bbox 1754 2136 1807 2165; x_wconf 84' lang='lat' dir='ltr'><strong>erit</strong></span> <span class='ocrx_word' id='word_1_673' title='bbox 1837 2144 1879 2166; x_wconf 51' lang='lat' dir='ltr'><strong>se.</strong></span> 
     </span>
    </p>
   </div>
   <div class='ocr_carea' id='block_1_101' title="bbox 1054 2177 1489 2219">
    <p class='ocr_par' dir='ltr' id='par_1_101' title="bbox 1054 2177 1489 2219">
     <span class='ocr_line' id='line_1_101' title="bbox 1054 2177 1489 2219; baseline 0 -14"><span class='ocrx_word' id='word_1_674' title='bbox 1054 2191 1076 2219; x_wconf 72' lang='grc' dir='ltr'><strong>ι)</strong></span> <span class='ocrx_word' id='word_1_675' title='bbox 1090 2177 1209 2205; x_wconf 88' lang='lat' dir='ltr'><strong>cundum</strong></span> <span class='ocrx_word' id='word_1_676' title='bbox 1225 2186 1306 2213; x_wconf 84' lang='lat' dir='ltr'><strong>opera</strong></span> <span class='ocrx_word' id='word_1_677' title='bbox 1323 2178 1457 2214; x_wconf 89' lang='lat' dir='ltr'><strong>ipsorum.</strong></span> <span class='ocrx_word' id='word_1_678' title='bbox 1479 2189 1489 2205; x_wconf 69' lang='grc' dir='ltr'><strong>ι</strong></span> 
     </span>
    </p>
   </div>
   <div class='ocr_carea' id='block_1_102' title="bbox 1125 2221 1879 2263">
    <p class='ocr_par' dir='ltr' id='par_1_102' title="bbox 1125 2221 1879 2263">
     <span class='ocr_line' id='line_1_102' title="bbox 1125 2221 1879 2263; baseline 0.008 -13"><span class='ocrx_word' id='word_1_679' title='bbox 1125 2223 1227 2257; x_wconf 86' lang='lat' dir='ltr'><strong>Quales</strong></span> <span class='ocrx_word' id='word_1_680' title='bbox 1240 2233 1291 2252; x_wconf 88' lang='lat' dir='ltr'><strong>nos</strong></span> <span class='ocrx_word' id='word_1_681' title='bbox 1305 2232 1412 2258; x_wconf 89' lang='lat' dir='ltr'><strong>sumus,</strong></span> <span class='ocrx_word' id='word_1_682' title='bbox 1429 2221 1535 2261; x_wconf 52' lang='lat' dir='ltr'><strong>inquit?</strong></span> <span class='ocrx_word' id='word_1_683' title='bbox 1544 2227 1779 2263; x_wconf 85' lang='lat' dir='ltr'><strong>quipraedicamus</strong></span> <span class='ocrx_word' id='word_1_684' title='bbox 1792 2227 1879 2256; x_wconf 86' lang='lat' dir='ltr'><strong>Evan-</strong></span> 
     </span>
    </p>
   </div>
   <div class='ocr_carea' id='block_1_103' title="bbox 1089 2270 1200 2305">
    <p class='ocr_par' dir='ltr' id='par_1_103' title="bbox 1089 2270 1200 2305">
     <span class='ocr_line' id='line_1_103' title="bbox 1089 2270 1200 2305; baseline 0 -8"><span class='ocrx_word' id='word_1_685' title='bbox 1089 2270 1200 2305; x_wconf 85' lang='lat' dir='ltr'><strong>gelium.</strong></span> 
     </span>
    </p>
   </div>
   <div class='ocr_carea' id='block_1_104' title="bbox 1126 2314 1879 2355">
    <p class='ocr_par' dir='ltr' id='par_1_104' title="bbox 1126 2314 1879 2355">
     <span class='ocr_line' id='line_1_104' title="bbox 1126 2314 1879 2355; baseline 0.008 -13"><span class='ocrx_word' id='word_1_686' title='bbox 1126 2314 1209 2344; x_wconf 74' lang='lat' dir='ltr'><strong>Vens.</strong></span> <span class='ocrx_word' id='word_1_687' title='bbox 1230 2315 1274 2343; x_wconf 84' lang='lat' dir='ltr'><strong>l6.</strong></span> <span class='ocrx_word' id='word_1_688' title='bbox 1300 2325 1308 2341; x_wconf 87' lang='grc' dir='ltr'><strong>ι</strong></span> <span class='ocrx_word' id='word_1_689' title='bbox 1325 2316 1427 2343; x_wconf 89' lang='lat' dir='ltr'><strong>lterum</strong></span> <span class='ocrx_word' id='word_1_690' title='bbox 1441 2316 1504 2345; x_wconf 89' lang='lat' dir='ltr'><strong>dico</strong></span> <span class='ocrx_word' id='word_1_691' title='bbox 1518 2317 1565 2353; x_wconf 90' lang='lat' dir='ltr'><strong>(ne</strong></span> <span class='ocrx_word' id='word_1_692' title='bbox 1577 2318 1640 2353; x_wconf 85' lang='lat' dir='ltr'><strong>quis</strong></span> <span class='ocrx_word' id='word_1_693' title='bbox 1659 2327 1701 2347; x_wconf 85' lang='lat' dir='ltr'><strong>me</strong></span> <span class='ocrx_word' id='word_1_694' title='bbox 1716 2323 1793 2355; x_wconf 85' lang='lat' dir='ltr'><strong>putet</strong></span> <span class='ocrx_word' id='word_1_695' title='bbox 1808 2319 1879 2348; x_wconf 84' lang='lat' dir='ltr'><strong>insi-</strong></span> 
     </span>
    </p>
   </div>
   <div class='ocr_carea' id='block_1_105' title="bbox 1087 2361 1344 2398">
    <p class='ocr_par' dir='ltr' id='par_1_105' title="bbox 1087 2361 1344 2398">
     <span class='ocr_line' id='line_1_105' title="bbox 1087 2361 1344 2398; baseline -0.004 -9"><span class='ocrx_word' id='word_1_696' title='bbox 1087 2362 1205 2397; x_wconf 80' lang='lat' dir='ltr'><strong>pientem</strong></span> <span class='ocrx_word' id='word_1_697' title='bbox 1229 2361 1312 2398; x_wconf 89' lang='lat' dir='ltr'><strong>esse).</strong></span> <span class='ocrx_word' id='word_1_698' title='bbox 1335 2372 1344 2388; x_wconf 68' lang='grc' dir='ltr'><strong>ι</strong></span> 
     </span>
    </p>
   </div>
   <div class='ocr_carea' id='block_1_106' title="bbox 1122 2406 1572 2443">
    <p class='ocr_par' dir='ltr' id='par_1_106' title="bbox 1122 2406 1572 2443">
     <span class='ocr_line' id='line_1_106' title="bbox 1122 2406 1572 2443; baseline 0.007 -9"><span class='ocrx_word' id='word_1_699' title='bbox 1122 2406 1182 2435; x_wconf 77' lang='lat' dir='ltr'><strong>1am</strong></span> <span class='ocrx_word' id='word_1_700' title='bbox 1195 2408 1268 2435; x_wconf 88' lang='lat' dir='ltr'><strong>enim</strong></span> <span class='ocrx_word' id='word_1_701' title='bbox 1286 2412 1349 2435; x_wconf 85' lang='lat' dir='ltr'><strong>ante</strong></span> <span class='ocrx_word' id='word_1_702' title='bbox 1362 2415 1572 2443; x_wconf 80' lang='lat' dir='ltr'><strong>praemonuerat.</strong></span> 
     </span>
    </p>
   </div>
   <div class='ocr_carea' id='block_1_107' title="bbox 1125 2451 1771 2490">
    <p class='ocr_par' dir='ltr' id='par_1_107' title="bbox 1125 2451 1771 2490">
     <span class='ocr_line' id='line_1_107' title="bbox 1125 2451 1771 2490; baseline 0.006 -12"><span class='ocrx_word' id='word_1_703' title='bbox 1125 2461 1136 2477; x_wconf 88' lang='grc'><em>‹</em></span> <span class='ocrx_word' id='word_1_704' title='bbox 1151 2451 1261 2486; x_wconf 85' lang='lat' dir='ltr'><strong>Alioqui</strong></span> <span class='ocrx_word' id='word_1_705' title='bbox 1283 2453 1356 2480; x_wconf 85' lang='lat' dir='ltr'><strong>velut</strong></span> <span class='ocrx_word' id='word_1_706' title='bbox 1369 2453 1544 2489; x_wconf 86' lang='lat' dir='ltr'><strong>insipientem</strong></span> <span class='ocrx_word' id='word_1_707' title='bbox 1561 2454 1679 2490; x_wconf 86' lang='lat' dir='ltr'><strong>accipite</strong></span> <span class='ocrx_word' id='word_1_708' title='bbox 1690 2461 1742 2482; x_wconf 86' lang='lat' dir='ltr'><strong>me.</strong></span> <span class='ocrx_word' id='word_1_709' title='bbox 1761 2465 1771 2482; x_wconf 73' lang='grc' dir='ltr'><strong>ι</strong></span> 
     </span>
    </p>
   </div>
   <div class='ocr_carea' id='block_1_108' title="bbox 1122 2497 1876 2537">
    <p class='ocr_par' dir='ltr' id='par_1_108' title="bbox 1122 2497 1876 2537">
     <span class='ocr_line' id='line_1_108' title="bbox 1122 2497 1876 2537; baseline 0.005 -12"><span class='ocrx_word' id='word_1_710' title='bbox 1122 2497 1180 2526; x_wconf 78' lang='lat' dir='ltr'><strong>lloc</strong></span> <span class='ocrx_word' id='word_1_711' title='bbox 1196 2498 1298 2534; x_wconf 90' lang='lat' dir='ltr'><strong>quippe</strong></span> <span class='ocrx_word' id='word_1_712' title='bbox 1314 2506 1385 2535; x_wconf 88' lang='lat' dir='ltr'><strong>opus</strong></span> <span class='ocrx_word' id='word_1_713' title='bbox 1406 2500 1518 2527; x_wconf 89' lang='lat' dir='ltr'><strong>illorum</strong></span> <span class='ocrx_word' id='word_1_714' title='bbox 1538 2505 1610 2533; x_wconf 84' lang='lat' dir='ltr'><strong>erat,</strong></span> <span class='ocrx_word' id='word_1_715' title='bbox 1625 2503 1656 2528; x_wconf 81' lang='lat' dir='ltr'><strong>ut</strong></span> <span class='ocrx_word' id='word_1_716' title='bbox 1671 2501 1757 2537; x_wconf 78' lang='lat' dir='ltr'><strong>gratis</strong></span> <span class='ocrx_word' id='word_1_717' title='bbox 1776 2501 1876 2537; x_wconf 80' lang='lat' dir='ltr'><strong>gloria-</strong></span> 
     </span>
    </p>
   </div>
   <div class='ocr_carea' id='block_1_109' title="bbox 1085 2549 1194 2572">
    <p class='ocr_par' dir='ltr' id='par_1_109' title="bbox 1085 2549 1194 2572">
     <span class='ocr_line' id='line_1_109' title="bbox 1085 2549 1194 2572; baseline -0.009 0"><span class='ocrx_word' id='word_1_718' title='bbox 1085 2549 1194 2572; x_wconf 86' lang='lat' dir='ltr'><strong>rentur.</strong></span> 
     </span>
    </p>
   </div>
   <div class='ocr_carea' id='block_1_110' title="bbox 1125 2590 1877 2632">
    <p class='ocr_par' dir='ltr' id='par_1_110' title="bbox 1125 2590 1877 2632">
     <span class='ocr_line' id='line_1_110' title="bbox 1125 2590 1877 2632; baseline 0.007 -15"><span class='ocrx_word' id='word_1_719' title='bbox 1125 2600 1135 2616; x_wconf 87' lang='grc'><strong><em>‹</em></strong></span> <span class='ocrx_word' id='word_1_720' title='bbox 1156 2590 1191 2618; x_wconf 86' lang='lat' dir='ltr'><strong>Ut</strong></span> <span class='ocrx_word' id='word_1_721' title='bbox 1207 2594 1235 2619; x_wconf 80' lang='lat' dir='ltr'><strong>et</strong></span> <span class='ocrx_word' id='word_1_722' title='bbox 1253 2598 1303 2626; x_wconf 80' lang='lat' dir='ltr'><strong>ego</strong></span> <span class='ocrx_word' id='word_1_723' title='bbox 1320 2591 1458 2620; x_wconf 89' lang='lat' dir='ltr'><strong>modicum</strong></span> <span class='ocrx_word' id='word_1_724' title='bbox 1483 2592 1549 2628; x_wconf 88' lang='lat' dir='ltr'><strong>quid</strong></span> <span class='ocrx_word' id='word_1_725' title='bbox 1570 2593 1681 2629; x_wconf 83' lang='lat' dir='ltr'><strong>glorier.</strong></span> <span class='ocrx_word' id='word_1_726' title='bbox 1705 2593 1801 2630; x_wconf 69' lang='lat' dir='ltr'><strong>[Vens</strong></span> <span class='ocrx_word' id='word_1_727' title='bbox 1819 2594 1877 2632; x_wconf 73' lang='grc' dir='ltr'><strong>ιη</strong></span> 
     </span>
    </p>
   </div>
   <div class='ocr_carea' id='block_1_111' title="bbox 1088 2635 1876 2674">
    <p class='ocr_par' dir='ltr' id='par_1_111' title="bbox 1088 2635 1876 2674">
     <span class='ocr_line' id='line_1_111' title="bbox 1088 2635 1876 2674; baseline 0.009 -12"><span class='ocrx_word' id='word_1_728' title='bbox 1088 2635 1166 2670; x_wconf 84' lang='lat' dir='ltr'><strong>Quod</strong></span> <span class='ocrx_word' id='word_1_729' title='bbox 1196 2637 1302 2671; x_wconf 85' lang='lat' dir='ltr'><strong>loquor,</strong></span> <span class='ocrx_word' id='word_1_730' title='bbox 1321 2644 1375 2664; x_wconf 89' lang='lat' dir='ltr'><strong>non</strong></span> <span class='ocrx_word' id='word_1_731' title='bbox 1401 2638 1499 2673; x_wconf 90' lang='lat' dir='ltr'><strong>loquor</strong></span> <span class='ocrx_word' id='word_1_732' title='bbox 1527 2639 1677 2667; x_wconf 88' lang='lat' dir='ltr'><strong>secundum</strong></span> <span class='ocrx_word' id='word_1_733' title='bbox 1702 2639 1799 2674; x_wconf 83' lang='lat' dir='ltr'><strong>Deum,</strong></span> <span class='ocrx_word' id='word_1_734' title='bbox 1827 2640 1876 2669; x_wconf 83' lang='lat' dir='ltr'><strong>sed</strong></span> 
     </span>
    </p>
   </div>
   <div class='ocr_carea' id='block_1_112' title="bbox 1089 2682 1429 2718">
    <p class='ocr_par' dir='ltr' id='par_1_112' title="bbox 1089 2682 1429 2718">
     <span class='ocr_line' id='line_1_112' title="bbox 1089 2682 1429 2718; baseline 0.006 -9"><span class='ocrx_word' id='word_1_735' title='bbox 1089 2682 1168 2718; x_wconf 87' lang='lat' dir='ltr'><strong>quasi</strong></span> <span class='ocrx_word' id='word_1_736' title='bbox 1185 2682 1212 2709; x_wconf 91' lang='lat' dir='ltr'><strong>in</strong></span> <span class='ocrx_word' id='word_1_737' title='bbox 1233 2682 1401 2717; x_wconf 88' lang='lat' dir='ltr'><strong>insipientia.</strong></span> <span class='ocrx_word' id='word_1_738' title='bbox 1419 2692 1429 2710; x_wconf 83' lang='grc'><strong>›</strong></span> 
     </span>
    </p>
   </div>
   <div class='ocr_carea' id='block_1_113' title="bbox 1123 2738 1811 2777">
    <p class='ocr_par' dir='ltr' id='par_1_113' title="bbox 1123 2738 1811 2777">
     <span class='ocr_line' id='line_1_113' title="bbox 1123 2738 1811 2777; baseline 0.007 -10"><span class='ocrx_word' id='word_1_739' title='bbox 1123 2738 1289 2767; x_wconf 80' lang='lat' dir='ltr'><strong>Gravitatem</strong></span> <span class='ocrx_word' id='word_1_740' title='bbox 1303 2738 1375 2766; x_wconf 73' lang='lat' dir='ltr'><strong>levat</strong></span> <span class='ocrx_word' id='word_1_741' title='bbox 1394 2739 1504 2774; x_wconf 87' lang='lat' dir='ltr'><strong>iterum,</strong></span> <span class='ocrx_word' id='word_1_742' title='bbox 1518 2741 1654 2777; x_wconf 86' lang='lat' dir='ltr'><strong>addendo,</strong></span> <span class='ocrx_word' id='word_1_743' title='bbox 1668 2742 1811 2772; x_wconf 72' lang='lat' dir='ltr'><strong>modicum.</strong></span> 
     </span>
    </p>
   </div>
   <div class='ocr_carea' id='block_1_114' title="bbox 1127 2828 1584 2869">
    <p class='ocr_par' dir='ltr' id='par_1_114' title="bbox 1127 2828 1584 2869">
     <span class='ocr_line' id='line_1_114' title="bbox 1127 2828 1584 2869; baseline 0.004 -12"><span class='ocrx_word' id='word_1_744' title='bbox 1127 2838 1136 2857; x_wconf 88' lang='grc' dir='ltr'><strong>ι</strong></span> <span class='ocrx_word' id='word_1_745' title='bbox 1154 2828 1184 2857; x_wconf 91' lang='lat' dir='ltr'><strong>ln</strong></span> <span class='ocrx_word' id='word_1_746' title='bbox 1202 2829 1254 2868; x_wconf 78' lang='lat' dir='ltr'><strong>hac</strong></span> <span class='ocrx_word' id='word_1_747' title='bbox 1275 2831 1431 2861; x_wconf 85' lang='lat' dir='ltr'><strong>substantia</strong></span> <span class='ocrx_word' id='word_1_748' title='bbox 1452 2832 1556 2869; x_wconf 75' lang='lat' dir='ltr'><strong>gloriae.</strong></span> <span class='ocrx_word' id='word_1_749' title='bbox 1575 2841 1584 2859; x_wconf 74' lang='grc' dir='ltr'><strong>ι</strong></span> 
     </span>
    </p>
   </div>
  </div>
