2078 3116
207 154 265 188 ’163

214 257 329 283 minum.
346 256 459 289 Quando
473 256 554 288 enim,
579 255 669 292 inquit
693 255 836 290 Dominus,
860 257 950 285 omnia
965 257 1004 292 {e-

213 303 316 334 tei-itis,
332 302 424 334 dicite,
439 301 510 334 Quia
530 303 597 330 servi
614 303 721 330 inutile:
735 312 827 331 sumus
847 304 880 331 ¹⁶-

253 346 333 375 Vens.
356 347 450 376 18—20.
469 357 478 378 ι
503 347 620 381 Quando
641 349 718 377 multi
734 350 889 385 gloriantur
910 358 1006 378 secun-

216 393 282 419 dum
300 400 424 425 carnem,
441 397 468 421 et
484 401 534 429 ego
549 394 697 428 gloriabor.
713 394 846 423 Libenter
858 396 930 424 enim
947 393 1006 423 suf—

216 438 293 466 fertis
314 439 485 473 insipientes,
504 447 567 467 cum
584 440 643 468 sitis
663 441 715 476 ipsi
738 441 888 483 sapientes.
915 441 1006 468 Susti-

214 482 287 510 m-tis
301 482 374 509 enim
387 483 410 510 si
426 485 489 518 quis
506 492 554 512 vos
564 485 591 512 in
606 485 764 512 servitutem
779 486 887 521 redigit,
905 486 927 514 si
943 485 1007 521 quis

215 528 338 561 devorat,
355 528 378 557 si
401 529 463 564 quis
478 531 588 566 accipit,
607 531 630 559 si
646 531 708 566 quis
732 531 882 564 extollitur,
904 531 928 560 si
946 532 1007 567 quis

216 573 244 602 in
262 573 359 602 faciem
376 582 425 603 vos
440 575 530 603 caedit.
549 585 558 602 ι

254 619 367 648 Scilicet
381 621 416 648 ab
432 621 466 650 iis
481 629 543 657 quae
559 622 697 650 exteriora
720 626 797 657 sunt,
813 627 877 660 puta
896 631 912 651 a
928 624 1008 652 nobi-

217 667 305 700 litate,
321 674 338 694 a
349 667 468 699 divitiis,
481 675 497 694 a
514 668 659 703 sapientia,
675 676 692 696 a
713 669 933 704 circumcisione,
949 674 976 699 et
993 678 1008 697 a

217 712 381 748 parentibus
397 711 511 741 ludatis.

255 756 338 785 Vens.
353 757 399 785 2i.
418 766 428 784 ‹
448 756 607 786 Secundum
626 759 824 795 ignobilitatem
848 759 921 787 dico.
945 769 954 786 ι

254 802 312 830 Non
331 803 404 840 quod
426 804 561 840 vapulatis
576 814 583 832 :
607 805 654 833 sed
669 806 733 840 quia
756 805 826 832 nihil
842 806 932 834 minus
950 813 1010 841 per-

219 849 292 885 pessi
307 849 385 883 estis,
406 857 488 884 quam
513 850 531 877 ii
547 850 593 885 qui
610 851 637 878 in
653 850 750 878 faciem
768 850 920 879 caeduntur.

782 156 813 186 s.
825 155 987 187 JOANNIS
1005 147 1224 190 DAMASCENI

249 207 317 237 Vide
335 208 473 244 quomodo
491 208 617 245 gloriatio
638 217 692 238 non
720 210 756 239 sit
772 210 923 238 secundum
948 209 986 238 Do
1017 211 1040 240 Δ

1106 209 1176 244 Ὅρα
1195 208 1253 241 πῶς
1266 207 1297 235 τὸ
1319 208 1471 244 καυχᾶσθαι
1485 209 1515 236 οὗ
1540 208 1610 236 κατὰ
1633 208 1743 245 Κύριον.
1768 210 1852 238 Ὅταν

1056 255 1111 290 γὰρ
1147 255 1246 282 πάντα
1265 254 1422 290 ποιήσητε,
1450 255 1528 290 φησὶ,
1546 255 1659 291 λέγετε,
1674 254 1719 282 ὅτι
1746 255 1852 284 Δοῦλοι

1058 301 1174 336 ἀχρεῖοί
1192 301 1296 336 ἐσμεν.

1095 357 1104 373 ‹
1128 348 1202 375 Ἐπεὶ
1224 347 1315 374 πολλοὶ
1325 348 1481 383 καυχῶνται
1493 346 1564 374 κατὰ
1576 347 1676 382 σάρκα,
1695 347 1772 382 κάγὼ
1783 356 1851 374 χαυ-

1057 393 1188 429 χῆσομαι.
1213 393 1314 425 Ἡδέως
1329 393 1384 428 γὰρ
1396 393 1525 429 ἀνέχεσθε
1541 393 1596 420 τῶν
1615 393 1741 428 ἀφρόνων
1752 413 1760 425 ,
1786 393 1852 427 φρό-

1058 448 1132 474 νιμοι
1145 439 1231 471 ὅντες.
1255 439 1398 474 ’Ᾱνέχεσθε
1423 438 1476 475 γὰρ
1494 439 1521 465 εἴ
1531 447 1573 470 τις
1588 438 1660 474 ὑμᾶς
1678 437 1838 466 καταδουλοί

1059 486 1087 512 ετ
1103 494 1144 517 τις
1157 484 1304 517 κατεσθίει,
1329 485 1355 511 ετ
1379 493 1420 516 τις
1432 485 1577 522 λαμσάνει,
1601 484 1628 511 ετ
1640 493 1681 516 τις
1695 484 1853 519 ἐπαίρεται.

1059 530 1087 558 εἴ
1098 540 1139 563 τις
1151 531 1191 562 εις
1210 531 1355 567 πρόσωπον
1371 530 1443 566 ὑμᾶς
1459 529 1540 566 δέρει.
1561 540 1569 557 ι

1095 615 1253 649 Τουτέστιν,
1264 616 1318 643 ἀπὸ
1333 615 1387 643 τῶν
1402 615 1514 649 ἔξωθεν,
1537 615 1591 642 ἀπὸ
1619 614 1769 649 εὐγενείας,
1798 613 1851 641 an!

1060 656 1188 694 πλούτου,
1201 661 1258 689 ’ἀπὸ
1273 660 1379 695 σοφίας,
1397 660 1451 688 ἀπὸ
1459 660 1508 687 τοῦ
1528 659 1680 696 περιτομὴν
1699 659 1781 695 ἐχειν,
1804 658 1853 685 καὶ

1062 707 1213 743 προγόνους
1235 706 1389 738 Ἰουδαίους.

1099 763 1109 779 t
1129 752 1209 780 Κατὰ
1222 752 1335 788 ἀτιμίαν
1347 751 1429 786 λέγω.
1448 759 1458 778 ι

1097 799 1153 834 Οὐχ
1164 799 1206 826 ὃτι
1220 798 1368 829 τύπτεσθε,
1384 797 1442 824 ἀλλ’
1458 797 1500 824 ὅτι
1517 797 1557 828 εἰς
1572 795 1634 831 ὄψιν
1648 795 1701 822 τῶν
1715 795 1853 831 τυπτομέ-

1062 854 1114 873 νων
1123 844 1174 871 οὐκ
1186 844 1316 871 ἐλάττονα
1335 843 1465 878 πάσχετε.

258 905 267 920 ε
286 895 369 928 Quasi
388 903 438 924 nos
455 884 563 923 inﬁrmi,
583 895 726 925 fuerimus.
748 897 842 933 [Vens
863 897 967 935 22-24.]
981 898 1010 925 in

1103 900 1112 917 ι
1135 890 1179 923 Ὦς
1192 890 1324 926 ὃτιὴμεῑς
1338 889 1528 925 ὴσθενήσαμεν
1539 895 1547 904 ο
1567 889 1597 915 ἐν
1611 884 1632 922 ᾧ
1644 887 1667 914 δ’
1681 888 1713 915 ἄν
1731 896 1773 919 τις
1796 887 1854 914 το).-

221 948 277 975 quo
289 941 352 975 quis
375 941 458 969 audet
473 941 513 976 (in
531 941 689 976 insipientia
707 941 791 977 dico),
804 942 890 969 audeo
907 947 933 970 et
949 950 1011 978 ego.

221 985 328 1014 Hebraei
338 987 424 1015 sunt?
438 992 466 1015 et
479 994 540 1022 ego.
558 986 691 1015 Israelita;
704 988 785 1015 sunt?
798 992 825 1015 et
839 996 900 1023 ego.
916 987 1013 1016 Semen

222 1032 340 1060 Ahrahae
353 1032 470 1061 sunt?et
476 1041 536 1068 ego.
549 1032 664 1061 Miuistri
677 1034 780 1062 Christi
793 1039 859 1062 sunt
870 1036 911 1069 (ut
922 1035 1013 1062 minus

221 1079 400 1114 sapiensdico
409 1079 519 1115 plus)?et
530 1086 590 1115 ego.
597 1078 625 1106 ln
637 1079 777 1108 laboribus
786 1080 915 1115 amplius.
923 1080 949 1108 iu
959 1081 1015 1116 pla-

222 1125 265 1160 gis
274 1132 357 1160 supra
371 1125 492 1158 modum,
500 1125 527 1152 in
534 1126 693 1153 carceribus
704 1126 898 1159 abundantius,
910 1127 937 1154 in
947 1134 1016 1154 mor-

222 1171 297 1200 tibus
317 1171 484 1207 frequenter.
493 1171 625 1201 AJudteis
638 1173 784 1210 quinquies
794 1174 1012 1210 quadragenas.-

259 1217 389 1253 Nunquid
414 1224 482 1247 vero
511 1224 566 1245 non
594 1220 764 1253 poteramus,
788 1219 889 1254 inquit,
919 1220 1014 1247 eadem

222 1262 301 1290 vobis
316 1263 467 1298 prazstare?
481 1262 563 1297 Atqui
585 1269 639 1290 non
664 1263 855 1298 praestitimus.
877 1262 932 1290 Cur
950 1270 1016 1300 ergo

221 1309 292 1336 istos
307 1308 461 1340 sustinetis,
486 1308 566 1343 quasi
591 1316 676 1344 penes
700 1316 750 1336 nos
778 1317 832 1337 non
852 1309 934 1336 fuerit
950 1309 1015 1336 talia

223 1353 335 1380 facere?
357 1353 385 1380 In
412 1353 516 1380 crimen
541 1352 626 1388 igitur
650 1353 818 1386 incurristis,
851 1349 1015 1388 insipientes

224 1399 378 1427 tolerando.
398 1399 477 1433 Quod
497 1407 562 1438 vero
575 1399 696 1428 sul‘fertis
712 1400 794 1428 etiam
814 1400 887 1432 illos,
904 1401 950 1435 qui
969 1408 1016 1428 ve-

225 1450 282 1473 stra
296 1445 413 1481 rapiant,
427 1445 474 1480 qui
488 1449 675 1478 contemnant,
686 1445 732 1480 qui
748 1445 864 1479 caedant,
877 1446 928 1473 hoc
940 1446 1015 1473 nulla

226 1491 387 1519 defensione
399 1491 513 1526 indiget.

264 1545 274 1562 ι
298 1535 357 1564 Una
372 1537 463 1564 minus
480 1535 584 1572 accepi.
602 1545 611 1563 ι

262 1581 364 1615 Quare,
383 1590 436 1609 una
449 1582 537 1609 minus
548 1582 559 1609 ’ἔ
572 1581 628 1610 Lex
649 1585 707 1609 erat
723 1581 836 1617 antiqua
854 1581 1017 1610 dehonesta-

227 1631 284 1655 tum
302 1627 379 1662 151
403 1627 461 1655 fore
480 1628 552 1663 apud
568 1627 707 1659 Hebraeos,
724 1627 770 1662 qui
792 1627 937 1663 plusquam
951 1635 1020 1662 qua~

227 1674 354 1708 dragima
369 1674 440 1700 ictus
458 1673 607 1708 acciperet.
623 1671 662 1700 Ne
678 1672 762 1708 igitur
785 1674 968 1708 percutientis
980 1674 1021 1701 vis

228 1723 257 1748 et
270 1719 401 1753 impetus.
418 1715 501 1754 supra
516 1726 661 1747 numerum
677 1719 772 1755 plagas
787 1719 942 1753 inferendo,
956 1727 1022 1749 cou-

230 1765 411 1800 temptibilem
429 1764 556 1793 redderet
569 1773 631 1792 eum
652 1765 698 1800 qui
714 1765 864 1800 vapularet,
886 1770 1022 1794 statutum

230 1815 274 1840 est
287 1811 371 1839 ictum
386 1818 469 1849 unum
485 1811 594 1849 omitti;
612 1817 640 1839 ut
651 1832 659 1844 ,
675 1811 804 1846 quamvis
815 1812 910 1847 plagas
931 1811 1023 1840 multi-

231 1858 346 1893 plicarct
364 1864 522 1891 percussor,
540 1855 720 1892 quadraginta
732 1865 785 1884 non
799 1857 960 1891 excederet,
975 1858 1023 1886 sed

233 1902 305 1930 intra
318 1902 498 1930 comtitutum
519 1910 663 1930 numerum
680 1903 813 1936 sistendo,
837 1911 892 1931 non
911 1911 1025 1939 prorsus

233 1950 413 1978 dedecoraret
428 1949 503 1976 illum
527 1949 575 1984 qui
591 1949 752 1977 caederetur.

272 1994 353 2024 Vsus.
372 1995 418 2023 25.
434 2004 443 2022 ι
458 1994 511 2023 Ter
527 1995 612 2032 virgis
624 2003 713 2024 cassus
728 2003 790 2024 sum
802 2016 809 2029 ,
825 1995 912 2023 semel
924 1995 1027 2032 lapida-

235 2047 281 2073 tus
295 2051 369 2071 sum.
385 2052 396 2070 ι

271 2088 341 2124 Quid
359 2096 423 2116 vero
446 2087 518 2116 istuc
530 2087 564 2115 ad
581 2082 781 2122 Evangelium?
806 2088 872 2116 auia
889 2088 967 2123 longa
983 2088 1028 2115 iti-

235 2143 303 2166 nera
315 2138 343 2163 et
358 2134 542 2162 transmarina
561 2134 693 2170 suscepit.

274 2191 286 2207 ι
298 2181 353 2209 Ter
368 2180 542 2216 naufragium
562 2180 625 2208 feci.
642 2189 652 2206 ι

1067 937 1115 973 μᾷ,
1129 938 1158 964 ἐν
1175 936 1316 972 ἀφροσύνῃ
1331 935 1415 970 λέγω,
1431 935 1524 970 τολμῶ
1541 934 1631 969 κάγώ.
1654 933 1775 970 Ἑὸραίοί
1790 934 1852 967 sim;

1063 981 1152 1016 κάγώ.
1188 981 1353 1017 Ἰσραηλῖταί
1381 981 1453 1014 alat;
1486 980 1575 1015 κάγώ.
1601 979 1855 1016 ΣπέρμαἈδραάμ

1063 1030 1130 1061 siet;
1142 1028 1229 1062 κάγώ.
1240 1027 1363 1055 Διάιιονοι
1372 1027 1491 1063 Χριστοῦ
1502 1028 1571 1059 sict;
1581 1025 1763 1062 παραφρονῶν
1770 1025 1854 1057 λαλῶ,

1065 1075 1135 1110 ὺπέρ
1150 1073 1215 1109 ἐγώ.
1226 1073 1271 1100 'Ev
1286 1074 1381 1106 κόποις
1396 1073 1609 1108 περισσοτέρως,
1627 1073 1656 1099 ἐν
1674 1072 1789 1108 πληγαῖς
1802 1071 1853 1097 ὑπο

1064 1120 1259 1154 ερὸαλλόντως,
1273 1120 1301 1146 ἐν
1319 1119 1453 1154 φυλακαῖς
1467 1118 1679 1154 περισσοτέρως,
1690 1118 1719 1144 ἐν
1731 1117 1855 1148 θανάτοις

1065 1166 1205 1198 πολλάκις.
1215 1165 1284 1193 Ὑπὸ
1304 1165 1440 1193 Ἰουδαίων
1454 1165 1585 1197 πεντάκις
1607 1164 1822 1199 τεσσαράκοντα.
1842 1172 1852 1189 ι

1100 1211 1146 1246 Μὴ
1158 1211 1211 1246 γὰρ
1223 1211 1273 1237 οὐκ
1284 1210 1446 1245 ἐδυνάμεθα,
1464 1210 1542 1245 φησὶ,
1565 1209 1612 1236 καὶ
1637 1209 1717 1245 ἡμεῖς
1743 1207 1858 1234 τοιαῦτα

1065 1257 1153 1283 ποιεῖν
1168 1257 1253 1292 ὑμῖν;
1275 1256 1344 1282 Ἀλλ’
1362 1255 1393 1282 οὐ
1417 1255 1560 1290 ποιοῦμεν.
1591 1254 1670 1286 Τίνος
1694 1251 1740 1281 οὖν
1762 1253 1857 1280 ινεκεν

1065 1302 1154 1329 αὐτῶν
1182 1301 1324 1336 ἀνέχεσθε,
1353 1301 1392 1332 ὡς
1417 1301 1506 1336 ἡμῶν
1521 1300 1559 1336 μὴ
1574 1299 1732 1334 δυναμένων
1745 1297 1857 1325 τοιαῦτα

1066 1348 1174 1379 ποιεῖν;
1191 1346 1338 1381 Ἔγκλημα
1358 1345 1407 1381 μὲν
1422 1346 1476 1381 γὰρ
1491 1345 1566 1380 ὑμῖν.
1585 1345 1632 1371 καὶ
1653 1343 1684 1370 τὸ
1707 1343 1859 1379 μωραινόν-

1065 1401 1119 1418 των
1132 1391 1286 1426 ἀνέχεσθαι.
1304 1391 1341 1417 Τὸ
1356 1390 1384 1417 δέ
1406 1390 1454 1417 καὶ
1480 1386 1669 1426 ἁριιταζόντων,
1700 1388 1748 1415 καὶ
1773 1395 1859 1414 κατα-

1067 1438 1250 1472 φρονούντων,
1267 1436 1314 1463 καὶ
1328 1436 1497 1469 τυπτόντων,
1513 1435 1573 1462 οὐδὲ
1587 1433 1734 1468 ἀπολογίαν
1752 1433 1821 1468 ἔχει.

1108 1557 1117 1574 ‹
1137 1547 1215 1584 Παρὰ
1233 1547 1297 1583 μίαν
1309 1546 1415 1573 ἔλαϐον.
1434 1555 1443 1572 ι

1106 1593 1156 1621 Διὰ
1168 1593 1193 1620 τί
1208 1593 1288 1628 παρὰ
1301 1593 1394 1628 plur;
1413 1591 1504 1627 Νόμος
1527 1589 1562 1628 ἦν
1580 1590 1694 1622 παλαιὸς
1710 1589 1756 1616 τὸν
1779 1587 1859 1615 πλέον

1069 1640 1124 1668 τῶν
1139 1640 1344 1675 τεσσαράκοντα
1358 1638 1477 1666 λαϐόντα
1501 1637 1599 1673 ἄτιμον
1625 1635 1694 1665 εἶναι
1720 1637 1786 1672 παρ’
1810 1635 1860 1662 αὺ-

1071 1687 1136 1718 τοῖς.
1153 1687 1212 1713 Ἱνα
1226 1683 1272 1713 οὖν
1289 1685 1327 1722 μὴ
1344 1686 1360 1721 ἡ
1379 1685 1426 1712 τοῦ
1444 1685 1592 1717 τύπτοντος
1615 1684 1689 1720 ῥύμη
1714 1683 1761 1711 καὶ
1788 1681 1860 1720 ὁρμὴ

1072 1732 1154 1759 πλέον
1164 1725 1350 1767 ἐτὲενεγκοῦσα
1364 1726 1413 1758 τοῦ
1428 1730 1558 1767 ἀριθμοῦ,
1577 1730 1674 1766 ἄτιμον
1690 1731 1791 1765 ποιήσῃ
1816 1730 1861 1756 τὸν

1074 1776 1302 1812 μαστιγούμενον,
1322 1776 1425 1812 ὥρισαν
1443 1776 1518 1812 παρὰ
1540 1775 1605 1811 μίαν
1632 1775 1792 1806 τύπτεσθαι,
1818 1775 1862 1801 ἵνα

1074 1822 1125 1850 κᾶν
1139 1822 1274 1858 πλεονάσῃ
1284 1822 1298 1848 ό
1313 1821 1434 1854 τύπτων,
1447 1822 1484 1858 μὴ
1507 1821 1577 1856 ὺπέρ
1595 1819 1800 1855 τεσσαράκοντα
1814 1820 1861 1846 ἐκ·

1075 1868 1156 1904 πέσῃ,
1174 1867 1242 1895 ἀλλὰ
1255 1867 1321 1895 εἴσω
1334 1867 1381 1894 τοῦ
1399 1866 1516 1902 ἀριθμοῦ
1528 1865 1576 1893 τοῦ
1589 1865 1785 1901 σεσοφισμένου
1804 1864 1863 1900 μεί-

1076 1923 1135 1946 νας.
1152 1914 1190 1950 μὴ
1203 1914 1324 1949 ἀτιμάσῃ
1337 1913 1382 1940 τὸν
1394 1913 1574 1949 τυπτόμενον.

1115 2013 1126 2030 ‹
1151 2003 1217 2040 Τρὶς
1231 2002 1412 2040 ὲρῤαϐδίσθην
1424 2011 1431 2017 ·
1451 2001 1524 2035 ἅπαξ
1538 2001 1698 2037 ἐλιθάσθην.
1719 2009 1728 2027 ι

1114 2093 1169 2120 Καὶ
1194 2092 1221 2118 τί
1245 2091 1324 2118 τοῦτο
1353 2090 1422 2126 πρὸς
1440 2090 1470 2118 τὸ
1501 2089 1683 2125 Εὐαγγέλιονς
1700 2090 1741 2116 ὃτι
1758 2089 1865 2125 μακρὰς

1079 2139 1156 2170 ὀδοὺς
1171 2137 1322 2170 ἐστέλλετο,
1338 2137 1385 2164 καὶ
1397 2137 1568 2169 διαποντίους
1584 2136 1752 2172 ἀποδημίας.

1118 2195 1126 2212 t
1145 2185 1210 2220 Τρὶς
1225 2183 1393 2219 ἐναυάγησα.
1414 2192 1423 2210 ι

273 2227 391 2263 Mystico
406 2235 490 2255 sensu
508 2227 710 2254 humanitatem
735 2227 873 2263 signiﬁcat
896 2232 939 2256 ter
960 2235 1014 2256 nan

1067 2252 1068 2255 η
1122 2228 1269 2260 Μυστικῶς
1283 2233 1294 2247 ι·
1317 2228 1502 2264 αἰνιττόμενος
1514 2227 1589 2263 λέγει
1607 2228 1656 2263 τὴν
1669 2223 1868 2262 ἀνθρωπότητα

236 2273 356 2309 fragium
383 2273 494 2301 iecisse.
522 2272 594 2306 Quid
621 2274 694 2301 enim
721 2274 776 2306 ait,
792 2274 843 2302 Ter
859 2275 1017 2311 naufragium

1078 2276 1170 2313 τρίτον
1187 2274 1359 2310 ναυαγῆσαι·
1379 2273 1406 2300 τί
1427 2274 1481 2310 γάρ
1499 2283 1576 2310 φησι,
1595 2273 1660 2308 Τρὶς
1683 2272 1867 2307 ἐναυάγησα,

236 2320 301 2357 feci,
314 2324 388 2347 nocte
399 2324 423 2347 et
435 2319 478 2347 die
489 2320 516 2346 in
528 2319 661 2354 profundo
677 2320 760 2347 maria
773 2320 814 2354 fui
826 2321 838 2347 .’
851 2320 906 2349 Ter
919 2322 1030 2349 naufra-

1079 2321 1269 2357 νυχθήμερον
1288 2321 1324 2348 ἐν
1348 2320 1389 2354 τῷ
1402 2319 1488 2353 ,βυθῷ
1510 2320 1661 2354 πεποίηκα
1676 2328 1683 2353 ;
1701 2319 1800 2355 Τρίτον
1816 2317 1869 2353 γὰρ

236 2359 313 2400 gium
332 2364 396 2393 fecit
418 2365 538 2393 humana
557 2370 669 2393 natura.
687 2365 779 2394 Semel
796 2367 823 2394 in
839 2368 970 2403 paradiso
985 2375 1017 2404 pe

1081 2369 1250 2404 ἐναυάγησεν
1264 2368 1281 2403 ἡ
1305 2366 1494 2402 ἀνθρωπότης,
1512 2365 1586 2398 ἅπαξ
1603 2366 1630 2392 ὲν
1656 2364 1814 2400 παραδείσῳ
1828 2363 1871 2390 διὰ

239 2411 509 2453 praevaricationem.
531 2410 660 2440 Secundo
687 2420 818 2446 rursum,
845 2414 957 2448 quando
981 2415 1017 2442 sui

1080 2415 1130 2450 τῆς
1157 2413 1359 2449 παραϐάσεως⁴
1378 2412 1506 2448 δεύτερον
1526 2411 1607 2438 πάλιν
1620 2411 1649 2438 ἐν
1671 2410 1710 2446 τῷ
1732 2409 1870 2437 κατακλυ-

241 2456 299 2485 Noe
314 2458 451 2486 diluvium
470 2458 606 2487 invectum
625 2458 808 2490 iniu-Tertio.
823 2460 888 2487 dum
905 2461 1033 2496 populus,

240 2507 305 2546 post
320 2509 476 2541 susceptam
493 2504 592 2542 legem,
613 2505 759 2534 incultum
781 2505 918 2534 idolorum
940 2507 1032 2542 prola-

288 2592 311 2609 “
325 2592 392 2621 Luc.
411 2599 479 2626 xvtl,
493 2592 537 2621 t0.

1086 2460 1148 2497 σμῷ
1158 2459 1231 2487 Νῶε.
1247 2459 1356 2494 Τρίτον,
1373 2457 1443 2494 μετὰ
1454 2458 1484 2484 τὸ
1497 2457 1625 2491 δέξασθαι
1641 2457 1686 2484 τδν
1697 2457 1789 2491 νόμον,
1804 2455 1871 2491 πρὸς

1087 2507 1137 2543 τὴν
1156 2504 1380 2540 είδωλολατρείαν
1397 2503 1524 2538 ἐξέπεσεν
1547 2504 1561 2530 ὁ
1585 2502 1660 2537 λαὸς,
1672 2502 1725 2534 ἐως
1741 2497 1773 2529 οὗ
1789 2500 1874 2528 ἐλθὼν

899 2639 1017 2668 νΑιιιιλΕ
1036 2636 1238 2666 LECTIONES.

295 2689 310 2722 ε
322 2685 491 2719 Μυστικῶς.
521 2685 650 2722 Mysticas
667 2685 908 2722 interpretationes
923 2687 991 2715 istas
1003 2693 1058 2722 non
1075 2683 1180 2719 accepit
1193 2682 1380 2722 Damasceuus
1395 2679 1652 2722 exIChrysostom‘o,
1670 2679 1717 2715 qui
1738 2681 1876 2722 propriam

244 2727 274 2750 et
289 2720 439 2756 simplicem
452 2714 567 2748 alteram
581 2720 665 2748 dedit.
677 2714 763 2754 Quem
783 2729 848 2750 vero
864 2714 1003 2750 auctorem
1026 2720 1126 2748 Noster
1142 2714 1255 2756 secutus
1275 2717 1321 2756 sit,
1346 2714 1553 2756 deprehendere
1565 2714 1700 2756 hactenus
1713 2714 1768 2742 non
1778 2714 1875 2756 λιθιιιὶ.

245 2750 381 2792 (interim
406 2750 701 2792 (Ecumenius,rallato
716 2757 840 2791 primum
864 2757 982 2792 simplici
996 2756 1151 2792 verborum
1167 2753 1292 2792 ᾼροξιιοιί
1321 2750 1417 2792 sensi,
1440 2750 1664 2792 ﬁguratasistas
1689 2751 1878 2792 expositiones

248 2790 368 2819 strictim
381 2790 534 2852 subliunxit,
545 2798 579 2819 ex
590 2784 684 2830 aliquo
708 2784 856 2826 interprete
869 2784 954 2827 rcuj'us
982 2799 1082 2819 nomen
1098 2784 1209 2817 omisit':
1228 2786 1388 2823 ἑρμηνεύων
1404 2784 1480 2820 φησί.
1491 2784 1591 2818 Quidni
1612 2792 1677 2825 vero
1693 2785 1714 2812 is
1728 2784 1876 2812 Damasce-

248 2833 301 2852 nus
317 2830 409 2852 noster
442 2825 522 2852 nerit.
541 2826 621 2852 cuius
635 2826 690 2852 ille.
705 2827 728 2852 si
746 2834 806 2852 alim
817 2827 965 2852 singularia
981 2826 1101 2852 nroierat
1120 2832 1179 2852 ante
1193 2824 1409 2852 Chrvsoslomus
1424 2828 1478 2849 non
1500 2820 1606 2851 habeat,
1637 2824 1876 2852 lillCl‘Dl‘ClalilC'Il-i‘

247 2833 304 2863 nus
317 2830 409 2863 noster
430 2820 621 2863 fuerin-cujus
635 2820 690 2861 ille,
705 2827 728 2855 si
746 2820 806 2863 quis
817 2820 966 2863 singularia
980 2826 1101 2862 proferat
1120 2832 1179 2861 qua:
1193 2820 1409 2860 Chr'jsdstomus
1424 2828 1478 2849 non
1500 2820 1606 2851 habeat,
1637 2820 1876 2856 interpretainenta

247 2860 361 2899 perinde
374 2860 485 2896 retulit?
