2078 3116
229 145 285 177 765

782 147 822 177 IN
842 147 961 177 EPIST.
977 145 1027 175 AD
1047 145 1227 181 CORINTH.
1247 150 1287 181 II.

1803 146 1855 178 736

229 204 246 231 ὁ
261 202 313 229 τῶν
325 200 419 237 ψυχῶν
437 200 517 236 ἡμῶν
533 199 706 237 κυϐερνήτης
719 201 860 242 Χριστὸς,⁶
865 201 968 237 στήσας
985 201 1015 227 τὸ

1072 210 1135 237 psus
1163 205 1226 238 est;
1251 200 1339 232 donec
1362 203 1490 232 Christus
1517 202 1672 231 animarum
1697 204 1855 228 nostrarum

231 248 314 276 ἱστίον
329 246 375 274 τοῦ
390 245 509 282 σταυροῦ
527 246 640 288 ἐμμέσῳ
652 247 686 282 τῇ
700 248 747 282 γῇ,
763 247 929 282 ἁχείμαστον
943 248 1009 282 ἡμῖν

231 294 277 322 τὸν
290 294 331 325 εἰς
344 293 553 327 Οὐρανόπολιν
565 291 649 319 πλοῦν
664 292 833 328 ᾠκονόμησε.

268 392 278 408 ι
295 378 475 418 Νυχθήμιρον
490 381 520 408 ἐν
530 380 570 417 τῷ
583 380 657 417 βυθῷ
669 380 817 417 πεποίηκα.
840 390 850 408 ι

265 428 361 454 Νύκτα
373 426 458 461 λέγει,
472 425 523 462 τὴν
539 427 594 462 πρὸ
607 425 655 454 τοῦ
681 427 800 463 Χριστοῦ
815 428 970 463 παρουσίας
988 429 1019 455 ὲν

231 474 264 509 τῇ
282 473 405 508 σκοτεινῇ
430 472 519 509 πλάνῃ
545 471 701 508 διατριϐήν.
723 473 847 509 Ἦμέραν
871 473 900 501 δὲ
927 473 1019 508 λέγει,

231 519 281 555 τὴν
307 519 377 555 μετὰ
397 518 515 554 Χριστοῦ
538 519 691 555 παρουσίαν
716 520 745 546 ιν
768 519 807 556 τῷ
830 520 956 556 φωτεινῷ
967 520 1026 556 ’βα-⁴

231 565 364 600 πτίσματι
378 564 528 600 διαγωγήν.

267 619 278 637 ι
295 609 476 646 Νυχθήμερον
487 610 516 636 ὲν
526 609 566 645 τῷ
578 609 651 646 βυθῷ
666 610 814 646 πεποίηκα.
832 610 1018 646 Ὀδοιπορίαις

231 654 371 687 πολλάκις,
393 665 403 682 ι

266 702 297 727 Οἱ
315 701 364 736 μὲν
379 701 432 737 γάρ
449 709 541 735 φασιν,
561 701 602 728 ὅτι
621 702 650 728 ιν
677 702 753 738 μέσῳ
772 702 888 736 πελάγει
905 703 995 730 πλέων
1006 711 1013 717 ·

231 748 255 773 οἱ
271 746 309 779 ἓ,
326 746 532 785 ὃτιγνηχόμενος
545 747 574 774 ἐν
591 747 669 784 μέσῳ
682 748 807 783 πελάγει,
822 748 886 776 ἔνθα
905 748 935 775 οὗ
954 748 1019 784 γῆν,

231 792 282 818 οὐκ
296 791 358 828 δρος
384 790 418 827 ἦν
439 791 513 825 ἰδεῖν,
542 792 610 827 ὅπερ
639 793 686 819 καὶ
712 793 908 829 ἀληθέστερον.
941 793 1020 821 Ἐπεὶ

232 834 320 865 ἐκεῖνό
345 845 377 872 γε
395 837 457 865 οὐδὲ
485 837 625 873 θαύματος
654 838 744 872 ἄξιον,
774 839 827 866 οὐδ’
843 839 961 875 ἂνλμετὰ
986 839 1020 867 τὰ

232 883 350 919 ναυάγια
361 884 429 911 αὐτὸ
437 883 561 912 τέθεικεν
571 883 609 917 ὼς
620 883 674 912 τῶν
686 885 823 921 ναυαγίων
838 886 930 921 μεῖζον
941 885 983 913 δν.

271 981 281 999 ι
297 972 439 1006 Κινδύνοις
458 965 600 1009 ποταμῶν,
628 973 761 1005 κινδύνοις
788 973 908 1010 λῃστῶν,
929 973 1022 1001 κινδύ-

234 1027 289 1051 νοις
298 1018 331 1046 ὲκ
343 1019 449 1060 γένους,
463 1019 595 1052 κινδύνοις
611 1018 641 1052 ἐξ
659 1019 755 1050 ἐθνῶν.
772 1020 908 1052 κινδύνοις
923 1021 953 1047 ὲν
972 1021 1022 1047 πό-

232 1063 286 1096 λει,
314 1063 450 1096 κινδύνοις
478 1066 508 1092 ὲν
534 1065 646 1101 ἐρημίᾳ,
671 1064 805 1097 κινδύνοις
829 1066 858 1092 ἐν
887 1064 1022 1103 θαλάσσῃ,

234 1110 368 1143 κινδύνοις
381 1111 410 1138 ἐν
427 1110 632 1150 ψευδαδέλφοις.
655 1121 665 1138 ι

275 1155 461 1192 Ἦναγκάζετο
471 1154 525 1193 γὰρ
537 1156 751 1194 διαπορθμεύειν
766 1157 917 1193 ποταμούς.

272 1211 282 1228 ι
308 1199 447 1240 Ἐνκόπῳ
463 1203 511 1231 καὶ
526 1203 630 1240 μόχθῳ,
647 1204 676 1230 εν
697 1203 864 1239 ἀγρυπνίαις
879 1203 1021 1235 πολλάκις,

233 1249 263 1275 ἐν
274 1249 346 1283 λιμῶ
356 1249 402 1276 καί
412 1249 492 1285 δίψει,
504 1249 532 1276 ὲν
545 1249 682 1286 νηστείαις
690 1241 832 1282 πολλάκις,
843 1250 872 1275 ὲν
880 1249 961 1285 ψύχει
976 1250 1024 1277 καὶ

233 1295 384 1331 γυμνότητι
393 1303 401 1311 ⁸
417 1297 501 1332 χωρὶς
511 1296 565 1323 τῶν
577 1296 725 1332 παρεκτὸς,
738 1297 754 1332 ἡ
771 1295 953 1328 ὲπισύστασίς
969 1304 1022 1331 μου

234 1342 251 1376 ἡ
272 1341 441 1378 καθημέραν,
458 1343 474 1376 ἡ
491 1342 612 1378 μέριμνα
639 1341 737 1369 πασῶν
756 1340 812 1379 τῶν
839 1341 1022 1378 Ἐκκλησιῶν.

234 1387 284 1419 Τίς
297 1388 415 1421 ἀσθενεῖ,
431 1389 478 1415 καὶ
490 1389 540 1415 οὐκ
555 1389 676 1423 ἀσθενῶ;
693 1390 735 1421 τίς
748 1388 964 1421 σκανδαλίζεται,
976 1388 1024 1415 καὶ

239 1432 289 1459 οὐκ
305 1431 361 1466 ὲγὼ
383 1432 541 1469 πυροῦμαι;
559 1434 591 1461 El
613 1433 769 1469 καυχᾶσθαι
797 1433 847 1468 δεῖ,
874 1433 923 1465 τὰς
942 1433 1024 1460 ἀσθε-

233 1478 309 1510 νείας
326 1487 376 1514 μου
395 1479 584 1515 καυχήσομαι.
603 1480 632 1507 '0
650 1479 717 1512 Θεὸς
729 1477 777 1506 καὶ
793 1478 889 1515 Πατὴρ
901 1479 950 1506 τοῦ
965 1479 1023 1506 Κυ-

224 1524 293 1563 ρίου
318 1524 404 1560 Ἰησοῦ
422 1525 551 1567 Χριστοῦ,
567 1527 580 1552 ὁ
595 1525 633 1552 ὣν
649 1520 798 1563 εὐλογητὸς
815 1527 855 1557 είς
875 1526 939 1557 τοὺς
954 1525 1022 1552 αἰῶ-
1035 1540 1057 1569 c

233 1579 291 1604 νας,
309 1569 378 1598 οἶδεν
392 1572 433 1598 ὅτι
449 1572 479 1598 οὺ
492 1565 649 1607 ψεύδομαι.
671 1571 716 1598 Ἐν
731 1572 869 1608 Δαμασκῷ
890 1573 905 1598 ὸ
924 1571 1022 1606 ἐθνάρ-

233 1624 285 1654 χης
327 1616 423 1652 ’Δρέτα
453 1616 500 1644 τοῦ
535 1617 668 1652 βασιλέως
694 1617 748 1653 (7)
766 1638 774 1650 ,
812 1617 942 1653 ἐφρούρει
971 1617 1022 1653 τὴν

229 1661 423 1698 ΔΔαμασκηνῶν
436 1662 526 1695 πόλιν,
542 1663 640 1693 πιάσαι
657 1672 691 1699 με
711 1664 808 1696 θέλων,
823 1665 870 1690 καὶ
885 1664 929 1691 διὰ
945 1664 1022 1700 θυρί-

232 1704 277 1738 δος
291 1706 320 1734 ὲν
333 1707 455 1744 σαργάνῃ
486 1707 638 1744 ὶχαλάσθην
653 1708 697 1737 διὰ
711 1709 758 1736 τοῦ
773 1709 891 1745 τείχους,
921 1710 969 1737 καὶ
979 1709 1023 1743 ἐξ·

237 1750 340 1791 ἐφυγον
353 1753 402 1786 τὰς
415 1754 510 1790 χεῖρας
524 1754 619 1781 αὑτοῦ.
639 1764 648 1781 ι

531 1822 657 1850 ΚΕΦΔΛ.
677 1823 726 1849 lB'.

274 1878 462 1913 «Kauxdqﬁat
473 1878 505 1914 δὴ
521 1878 553 1905 οὐ
578 1876 715 1914 συμφέρει
743 1888 789 1914 μοι
802 1888 810 1894 ·
830 1879 976 1915 ἐλεύσομαι
992 1880 1022 1907 δὲ

234 1925 274 1957 εἰς
289 1924 423 1956 ὀπτασίας
439 1925 486 1952 καὶ
502 1924 687 1959 ἀποκαλύψεις
701 1925 815 1961 Κυρίου,
836 1935 846 1951 ι

269 1970 354 1997 Τοῦτό
370 1979 462 2006 φησιν,
473 1971 522 2006 οὐχ
541 1970 579 2002 ὡς
593 1971 670 1997 οὐδὲν
694 1969 822 2006 είρηκὼς,
846 1970 904 1998 ἀλλ’
921 1971 1019 2007 ἐπειδὴ

219 2015 326 2050 ’μέλλει
346 2015 521 2052 μεταϐαίνειν
542 2015 583 2048 είς
610 2016 703 2051 ἕτερον
722 2015 884 2051 καυχήσεως
911 2014 993 2048 είδος,
1007 2017 1022 2044 ὅ

220 2059 425 2098 ’λαμπρότερον
459 2062 540 2089 αὐτὸν
570 2061 693 2089 δείκνυσι
724 2061 772 2088 καὶ
805 2060 1019 2099 ἐπισημότερον.

234 2109 326 2137 Ταῦτα
338 2109 366 2136 δέ
381 2117 464 2145 φησιν
479 2110 508 2136 ὲν
525 2103 625 2144 ἐαυτῷ,
638 2109 758 2141 ἐκείνους
772 2110 910 2138 παιδεύων
923 2119 1021 2137 ταπειρ

233 2157 384 2197 νοφρονεῖν.
400 2156 492 2192 Είγάρ
505 2157 519 2183 ὀ
535 2157 657 2194 τοσαῦτα
672 2156 754 2193 ἔχων,
778 2158 909 2192 τοιοῦτος,
924 2159 951 2185 τί
967 2159 1017 2186 οὐκ

233 2200 348 2237 ὤφειλον
361 2203 460 2238 ἐκεῖνοι
473 2203 560 2239 ποιεῖν
570 2210 578 2234 ς

272 2255 281 2274 ι
298 2246 363 2283 Οἶδα
373 2245 516 2284 ἄνθρωπον
530 2249 560 2276 ὲν
570 2245 686 2285 Χριστῷ
696 2249 750 2285 πρὸ
764 2249 833 2277 ὲτῶν
853 2250 1020 2277 δεκατεσσά-

235 2301 289 2328 ρων
300 2300 309 2309 ’
326 2293 381 2320 εἴτε
401 2294 430 2320 ὲν
448 2293 566 2329 σώματι,
583 2295 634 2321 οὐκ
653 2293 721 2327 οἶδα,
735 2295 790 2321 εἴτε
814 2296 893 2327 ἐκτὸς
906 2295 952 2322 τοῦ
969 2295 1021 2322 σώ-

234 2347 330 2374 ματος,
343 2338 394 2366 οὐκ
408 2336 478 2372 οἴδα,
491 2340 506 2367 ὁ
520 2338 586 2372 Θεὺς
597 2339 668 2367 οἶδεν
677 2348 685 2355 ·
701 2341 862 2375 ἁρπαγέντα
877 2341 923 2368 τὸν
935 2341 1021 2368 τοιοῦ-

231 2392 277 2411 τον
290 2384 344 2416 ἓως
363 2384 460 2421 τρίτου
473 2383 600 2422 οὐρανοῦ.
627 2387 682 2414 Καὶ
696 2384 755 2414 οἶδα
766 2387 812 2414 τὸν
831 2386 952 2414 τοιοῦτον
971 2387 1019 2415 ἄν·

232 2431 360 2466 θρωπον·
383 2432 438 2459 είτε
459 2433 488 2459 ἐν
509 2431 626 2469 σώματι,
650 2433 704 2460 εἴτε
729 2433 807 2465 ὲκτδς
823 2434 871 2461 τοῦ
894 2434 1019 2469 σώματος

231 2477 282 2507 οὐκ
301 2474 370 2510 οἴδα,
418 2478 485 2513 Θεὸς
499 2477 569 2506 οἶδεν
582 2487 589 2494 ·
613 2479 654 2505 ὅτι
669 2480 782 2516 ἡρπάγη
807 2481 847 2512 είς
861 2480 907 2507 τὸν
930 2482 1019 2517 παρὰ..

229 2521 330 2557 δεισον,
346 2522 392 2550 καὶ
408 2524 526 2559 ήκουσεν
539 2525 647 2562 ἄρρητα
664 2526 785 2561 ῥήματα,
796 2525 814 2556 ἃ,
831 2526 881 2557 οὐκ
902 2526 961 2558 ἐξὸν
973 2528 1020 2554 ἀν-

229 2567 335 2604 θρώπῳ
354 2568 480 2604 λαλῆσαι.
497 2569 584 2606 ’Υπὲρ
600 2569 648 2597 τοῦ
672 2571 793 2598 τοιούτου
820 2572 994 2608 καυχήσομαι
1008 2582 1016 2589 ·

228 2612 301 2649 ὑπὲρ
317 2613 346 2640 δὲ
360 2614 480 2650 ἐμαυτοῦ
491 2615 521 2644 οὐ
536 2616 722 2652 καυχήσομαι,
737 2617 761 2643 εί
777 2618 814 2652 μὴ
824 2617 853 2644 ὲν
862 2619 924 2650 ταῖς
937 2619 1019 2646 ἀσθε-

226 2658 317 2692 νείαις
330 2668 394 2696 μου.
415 2660 479 2688 Ἐὰν
489 2661 544 2696 γὰρ
559 2661 666 2698 θελήσω
677 2663 878 2698 καυχήσασθαι,
892 2664 942 2691 οὐκ
956 2665 1018 2692 ἔσο-

229 2712 282 2740 μαι
294 2706 400 2743 ἄφρων.
422 2707 564 2743 Ἀλήθειαν
577 2707 632 2744 γὰρ
644 2708 710 2744 ego.
728 2709 854 2746 Φείδομαι
870 2711 908 2744 δὲ,
922 2712 958 2747 μή
975 2721 1017 2744 τις

1069 246 1244 284 gubernator,
1257 248 1350 278 erecta
1365 251 1456 278 crucis
1470 255 1588 277 autenna
1605 249 1632 276 in
1650 247 1739 275 medio
1755 251 1856 279 terrae,

1070 295 1106 322 ita
1120 296 1323 331 navigationem
1337 295 1518 331 temperavit,
1534 300 1564 322 ιιι
1578 295 1638 323 sine
1652 293 1773 330 procella
1789 292 1858 320 Ura-

1070 342 1202 376 nopotim,
1219 336 1266 369 seu
1282 341 1315 369 ad
1331 340 1471 369 caelestem
1487 338 1626 369 civitatem
1643 340 1855 376 appellaremus.

1107 396 1117 413 ι
1133 381 1220 415 Nocte
1232 391 1260 414 et
1273 387 1321 414 die
1339 387 1366 414 in
1382 387 1522 422 profundo
1537 387 1622 414 maris
1638 387 1687 414 fui.
1704 396 1713 412 ι

1103 431 1218 459 Noctem
1237 435 1317 460 vocat
1333 432 1406 459 illam
1424 439 1529 459 moram
1554 439 1636 467 quam
1659 432 1686 459 in
1709 431 1858 461 tenebroso

1069 485 1163 507 errore
1178 482 1241 507 ante
1255 479 1402 507 adventum
1414 478 1518 506 Christi
1531 479 1648 514 egimus.
1664 477 1740 505 Diem
1766 482 1857 504 autem

1070 524 1189 559 appellat
1210 524 1272 551 vitae
1298 520 1434 551 rationem
1460 524 1593 556 alteram,
1619 529 1720 558 quam,
1743 530 1778 550 ex
1804 529 1861 557 quo

1069 569 1197 597 Christus
1212 569 1302 602 venit,
1320 569 1346 596 in
1364 567 1457 596 lucido
1475 568 1643 604 baptismate
1665 567 1806 595 inivimus.

1109 623 1119 641 ι
1133 614 1217 642 Nocte
1228 619 1253 642 et
1265 614 1309 642 (lie
1325 614 1351 641 in
1367 613 1503 649 profundo
1518 614 1604 641 maris
1621 613 1672 641 fui.
1687 612 1784 649 [Vens
1799 611 1859 648 26].

1071 660 1100 688 In
1113 660 1258 689 itineribus
1274 667 1356 695 saepe.
1372 669 1382 686 ι

1106 707 1159 734 Alii
1171 706 1282 742 quidem
1297 707 1376 734 aiunt
1394 714 1457 734 eum
1475 706 1502 733 in
1518 705 1606 734 maris
1621 705 1713 733 medio
1732 704 1862 739 navigas-

1072 760 1120 781 se:
1139 753 1185 780 alii
1202 760 1269 780 vero
1284 752 1426 780 innatasse
1444 752 1471 780 in
1490 751 1580 779 medio
1595 750 1703 787 pelagi,
1718 750 1792 778 unde
1809 757 1860 777 nec

1072 803 1172 827 terram
1185 818 1192 831 ,
1208 806 1260 826 nec
1276 803 1397 826 montem
1411 805 1526 826 cernere
1544 801 1668 833 poterat:
1687 797 1760 832 quod
1781 796 1861 831 plane

1073 844 1166 872 verius
1182 848 1233 871 est.
1250 843 1318 870 Nam
1336 843 1454 871 alterum
1470 842 1581 878 quidem
1602 849 1655 870 nec
1676 841 1861 869 admiratione

1073 890 1185 926 dignum
1199 889 1288 922 foret,
1303 897 1354 917 nec
1368 893 1430 925 post
1445 887 1594 922 naufragia
1609 887 1661 915 hoc
1678 887 1737 922 ipse
1751 887 1861 922 posuis-

1072 940 1131 969 sct,
1149 943 1200 963 ceu
1215 935 1357 970 quidpiam
1376 934 1532 969 naufragiis
1549 931 1650 968 majus.

1111 992 1120 1009 ι
1136 982 1271 1010 Periculls
1286 981 1433 1009 ﬂuminum
1444 1001 1452 1013 ,
1472 980 1604 1016 periculis
1621 980 1776 1010 latronum,
1792 979 1862 1014 peri-

1072 1027 1144 1056 culis
1156 1035 1190 1056 ex
1203 1034 1302 1063 genere
1312 1047 1320 1059 ,
1337 1025 1470 1061 periculis
1483 1033 1515 1053 ex
1531 1025 1674 1060 gentibus,
1689 1024 1820 1060 periculis
1833 1024 1861 1052 in

1073 1074 1195 1105 civitate,
1214 1073 1344 1108 periculis
1358 1073 1385 1100 in
1402 1067 1562 1105 solitudine,
1577 1070 1710 1106 perieulis
1726 1070 1755 1097 in
1771 1069 1861 1103 mari,

1073 1119 1204 1155 periculis
1225 1119 1251 1146 in
1270 1118 1347 1146 falsis
1366 1117 1511 1145 fratribus.
1530 1125 1539 1142 ι

1107 1163 1175 1191 Nam
1193 1164 1342 1199 cogebatur
1355 1163 1437 1190 etiam
1453 1161 1566 1189 flumina
1581 1161 1724 1196 trajicere.

1110 1210 1190 1238 Vens.
1209 1209 1306 1237 27-35.
1326 1218 1336 1235 ι
1352 1210 1382 1236 in
1405 1209 1501 1236 labore
1517 1211 1546 1235 et
1561 1214 1683 1235 aerumna
1695 1228 1702 1239 ,
1718 1207 1746 1234 in
1759 1206 1862 1242 vigiliis

1074 1264 1163 1291 saepe,
1190 1256 1217 1283 in
1244 1255 1314 1283 fame
1336 1259 1364 1282 et
1387 1255 1449 1287 siti,
1467 1254 1493 1281 in
1513 1253 1632 1289 jejuniis
1647 1252 1816 1288 frequenter,
1833 1252 1863 1280 in

1075 1302 1177 1337 frigore
1191 1305 1220 1329 et
1235 1301 1380 1334 nuditate;
1398 1302 1507 1335 prater
1532 1299 1578 1325 illa
1604 1306 1665 1334 qme
1689 1299 1863 1326 extrinsecus

1074 1352 1154 1381 sunt,
1172 1347 1304 1375 instantia
1327 1353 1388 1373 mea
1412 1343 1594 1380 quotidiana,
1620 1343 1781 1372 sollicitudo
1801 1351 1863 1371 om-

1073 1394 1148 1420 nium
1166 1391 1365 1420 Ecclesiarum.
1377 1390 1446 1423 Quis
1460 1390 1630 1421 infirmatur,
1645 1393 1672 1416 et
1685 1396 1735 1424 ego
1749 1395 1803 1415 non
1817 1388 1862 1415 in-

1075 1438 1190 1466 firmor?
1212 1437 1274 1472 quis
1298 1436 1514 1470 scandalizatur,
1537 1439 1565 1463 et
1587 1442 1638 1470 ego
1655 1442 1710 1462 non
1728 1434 1814 1461 uror'!
1832 1433 1863 1462 Si

1074 1483 1186 1518 gloriari
1203 1485 1333 1517 oportet,
1350 1476 1610 1508 de‘inﬂrmitatibus
1627 1478 1695 1506 meis
1713 1478 1861 1514 gloriabor.

1076 1529 1147 1557 Deus
1164 1533 1192 1556 et
1207 1527 1289 1555 Pater
1304 1527 1412 1554 Domini
1431 1525 1519 1554 nostri
1534 1525 1602 1553 Jesu
1617 1524 1722 1553 Christi
1735 1546 1741 1558 ,
1759 1524 1805 1559 qui
1821 1528 1863 1552 est

1075 1574 1236 1602 benedictus
1252 1574 1280 1600 in
1295 1573 1395 1600 sax-nia
1407 1591 1414 1603 ,
1430 1572 1481 1599 scit
1496 1571 1560 1606 quia
1583 1578 1639 1597 non
1661 1570 1790 1597 mentior.
1809 1569 1864 1596 Da-

1075 1621 1160 1648 masci
1182 1619 1347 1654 pncpositns
1363 1614 1454 1653 gentis
1476 1617 1566 1644 Arelas
1588 1617 1661 1652 regis
1685 1615 1862 1644 custodiebat

1073 1666 1212 1693 civitatem
1232 1664 1465 1692 Damascenorum
1483 1665 1514 1689 ut
1530 1669 1573 1688 me
1596 1660 1862 1696 comprehenderet,

1073 1716 1100 1739 ct
1117 1719 1164 1747 per
1180 1710 1327 1738 fenestram
1345 1711 1372 1737 in
1390 1713 1484 1745 sporta
1500 1708 1643 1736 demissus
1659 1714 1720 1736 sum
1736 1714 1785 1743 per
1799 1714 1863 1734 mu-

1073 1766 1133 1786 rum
1145 1778 1152 1792 ,
1167 1763 1195 1785 et
1209 1757 1250 1784 sic
1265 1756 1341 1784 evasi
1357 1763 1455 1783 manus
1471 1755 1542 1790 ejus.
1556 1764 1566 1781 ι

1338 1823 1416 1859 152
1436 1823 1515 1851 esp.
1533 1822 1593 1850 xu.

1108 1883 1192 1910 Vens.
1214 1883 1241 1910 l.
1261 1891 1271 1908 ι
1285 1881 1406 1910 Gloriari
1423 1889 1491 1909 sane
1506 1888 1564 1909 non
1580 1878 1692 1915 expedit
1707 1878 1775 1906 mihi
1789 1885 1798 1905 :
1813 1885 1863 1906 ve-

1072 1928 1147 1956 niam
1161 1931 1252 1955 autem
1268 1926 1302 1954 ad
1316 1926 1438 1954 visiones
1455 1929 1482 1953 et
1496 1924 1682 1953 revelationes
1694 1922 1816 1951 Domini.
1834 1931 1844 1949 ι

1109 1973 1167 2000 Hoc
1182 1973 1241 2004 ait,
1257 1979 1313 1999 non
1329 1971 1410 2006 quasi
1426 1970 1494 1998 nihil
1511 1971 1647 2002 dixisset,
1670 1970 1718 1998 sed
1739 1969 1806 2005 quia
1828 1968 1864 1995 ad

1073 2019 1148 2046 aliud
1171 2018 1267 2054 gloriae
1290 2021 1460 2045 momentum
1487 2016 1658 2044 transiturus
1683 2019 1764 2048 erat,
1789 2013 1864 2054 quod

1073 2063 1185 2104 quidem
1201 2070 1265 2091 eum
1285 2061 1500 2098 splendidiorem
1524 2061 1615 2088 reddit
1630 2065 1658 2092 et
1673 2059 1863 2095 insigniorem.

1073 2108 1136 2140 Haec
1151 2113 1243 2136 autem
1258 2109 1292 2136 de
1308 2108 1400 2143 seipso
1414 2111 1531 2140 narrat,
1548 2106 1678 2134 erudiens
1693 2105 1756 2133 illos
1771 2103 1864 2133 humi-,

1074 2156 1139 2184 liter
1154 2155 1265 2183 sentire.
1282 2153 1350 2181 Nam
1365 2153 1388 2181 si
1405 2153 1468 2181 talis
1484 2157 1544 2180 erat
1557 2152 1604 2188 qui
1620 2156 1694 2179 tanta
1709 2151 1767 2178 hac
1780 2150 1861 2183 habes

1037 2214 1060 2242 ι)
1075 2207 1132 2234 rct,
1145 2201 1211 2237 quid
1227 2209 1281 2228 non
1298 2200 1338 2227 illi
1358 2199 1450 2227 facere
1464 2198 1646 2226 debuissent?

1111 2248 1194 2276 Vens.
1215 2249 1276 2276 2-7.
1293 2257 1302 2274 ι
1319 2247 1383 2275 Scio
1397 2247 1535 2274 hominem
1555 2247 1583 2273 in
1597 2246 1709 2273 Christo
1730 2249 1795 2272 ante
1814 2252 1862 2279 an-

1075 2303 1127 2324 nos
1154 2294 1366 2331 qnatuordecim
1391 2293 1470 2329 (sive
1493 2295 1519 2320 in
1544 2300 1681 2328 corpore,
1706 2292 1763 2319 sive
1786 2294 1864 2320 extra

1074 2349 1196 2378 corpus,
1220 2341 1334 2374 nescio,
1363 2340 1435 2368 Deus
1461 2340 1552 2375 scit),
1569 2343 1677 2374 raptum
1705 2336 1864 2371 hujusmodi

1075 2396 1162 2424 usque
1177 2387 1210 2415 ad
1225 2387 1337 2415 tertium
1355 2387 1467 2414 omium.
1496 2385 1527 2412 Et
1545 2385 1604 2412 scio
1628 2382 1785 2418 huiusmodi
1814 2383 1864 2407 hn-

1074 2435 1174 2462 minem
1190 2433 1267 2469 (sive
1282 2433 1308 2459 in
1324 2440 1448 2467 corpore,
1464 2432 1522 2459 sive
1532 2435 1611 2458 extra
1625 2435 1737 2464 corpus.
1755 2426 1864 2459 nescio,

1073 2480 1145 2509 Deus
1167 2481 1246 2515 scit),
1263 2479 1392 2515 quoniam
1409 2482 1503 2512 raptus
1526 2481 1569 2504 est
1585 2476 1612 2502 in
1639 2473 1797 2510 paradisum
1811 2477 1865 2506 ;,et

1072 2527 1176 2555 audivit
1189 2534 1290 2555 arcana
1308 2526 1390 2554 verba
1404 2545 1412 2556 .
1427 2533 1488 2560 qua:
1503 2531 1558 2551 non
1577 2523 1640 2552 licet
1656 2521 1760 2549 homini
1774 2520 1860 2555 loqui,

1073 2574 1125 2601 Pro
1140 2573 1296 2607 hujusmodi
1312 2571 1455 2607 gloriabor
1471 2579 1477 2597 :
1493 2577 1544 2605 pro
1559 2577 1602 2597 me
1618 2572 1708 2596 autem
1728 2567 1788 2603 ipso
1806 2574 1861 2601 non

1071 2619 1219 2655 gloriabor,
1237 2618 1291 2645 nisi
1309 2617 1336 2644 in
1355 2615 1566 2644 infirmitatibus
1583 2614 1666 2642 meis.
1682 2612 1750 2640 Nam
1767 2613 1791 2640 si
1814 2619 1862 2641 νοτ

1073 2666 1150 2693 luero
1165 2663 1296 2699 gloriari,
1314 2670 1367 2689 non
1385 2670 1433 2690 cro
1453 2660 1600 2696 insipiens.
1616 2659 1764 2687 Veritatem
1786 2658 1861 2691 enim

1073 2712 1173 2739 dicam.
1191 2711 1276 2738 Pareo
1291 2714 1382 2737 autem
1397 2729 1403 2741 ,
1423 2716 1458 2736 nc
1474 2708 1539 2744 quis
1554 2715 1597 2735 me
1617 2705 1757 2735 existimet
1776 2710 1861 2740 supra

987 2804 1100 2834 ΝΟΤᾸΞ.

263 2856 304 2894 (7)
316 2856 346 2887 in
360 2865 447 2896 marg.
464 2860 610 2894 Πενθερὸς
632 2860 750 2895 Ἡρώδου
763 2863 777 2889 ὁ
793 2862 905 2898 ’Δρέτας
920 2861 1007 2894 οὗτος.

1072 2872 1109 2892 εει·
1120 2862 1231 2891 Herodis
1242 2865 1298 2890 erat
1310 2861 1405 2887 Arelas
1423 2858 1481 2886 istc.
