2078 3116
235 141 289 173 767

825 146 856 176 S.
869 144 1031 176 IOANNIS
1050 144 1264 176 DAMASCENI

1806 145 1859 178 768

236 199 263 226 id
281 197 355 234 quod
371 198 445 227 videt
459 199 486 226 in
501 206 562 230 me.
577 201 628 226 aut
643 196 750 234 aliquid
765 199 842 227 audit
866 207 900 228 ex
926 207 980 228 me.
995 200 1026 228 Et

1078 202 1112 234 είς
1126 202 1177 238 ἐμὲ
1194 202 1338 238 λογίσηται
1351 202 1422 238 ὑπὲρ
1433 202 1448 229 ὃ
1463 201 1555 237 βλέπει
1577 211 1623 237 με,
1640 203 1656 238 ἢ
1675 202 1769 230 ἀκούει
1784 212 1810 231 τι
1829 204 1860 236 ἐξ

235 253 271 273 ne
286 244 447 280 magnitudo
464 244 665 273 revelationum
677 244 794 273 extollat
807 253 870 280 me,
883 245 965 274 datus
986 250 1028 274 est

234 289 303 318 mihi
321 290 451 318 stimulus
468 290 557 318 carni.
573 300 583 317 ι

268 335 336 363 Cum
351 336 444 364 multa
457 336 510 365 sibi
523 337 709 368 revelationes
723 339 821 369 ﬁerent
832 359 840 373 ,
856 340 928 368 hanc
944 348 1026 368 unam

234 381 321 415 pnnit.
338 381 417 415 Quod
431 388 525 411 autem
543 385 702 420 complures
721 390 834 419 essent,
855 386 915 421 ipse
934 386 1028 415 decla-

235 427 305 453 ravit
322 427 458 463 dicendo,
473 437 505 457 ne
521 431 705 466 magnitudine
723 432 916 460 revelationum
939 432 1028 460 estol-

236 471 289 498 lur.
304 471 410 501 ldcireo
423 481 489 501 vero
509 477 722 510 quattuordecim
750 485 888 506 annorum
918 482 1027 513 tempus

235 517 365 552 scripsit.
383 522 414 545 ut
429 520 604 553 ostenderet,
616 522 691 557 quod
705 523 753 558 qui
771 527 848 550 tanto
860 530 890 552 se
903 526 1027 559 tempore

234 563 425 597 continuerat,
440 565 512 594 hanc
527 575 669 602 nunquam
683 569 848 602 recitasset.
862 569 916 598 nisi
929 577 961 598 se
976 577 1026 598 ne-

233 610 365 639 cessitate
379 613 552 647 compulsum
568 614 712 643 sensisset.

272 665 281 681 ι
295 657 417 692 Angelus
432 657 557 691 Satanae,
574 659 622 694 qui
637 667 682 688 me
692 660 866 696 colaphiset,
881 669 916 690 ne
928 669 1023 699 super-

233 702 359 730 extollar.
377 711 387 728 ι

270 746 356 774 Salan
375 747 492 776 Hebraeo
502 756 630 777 sermone
638 748 816 777 adversarius
828 749 942 778 dicitur.
955 749 1023 776 Nam

235 792 381 826 Scriptura
403 793 438 821 de
461 793 610 822 Salomone
639 801 757 823 narrans
785 795 824 822 ait
846 803 853 822 :
882 794 944 822 Non
965 800 1024 823 erat

236 837 322 865 Salan
336 838 363 865 in
377 838 469 866 diebus
486 840 565 874 ejus;
580 841 606 868 id
629 847 672 868 est
696 841 743 876 qui
766 841 868 870 bellum
890 841 1023 876 inferret,

235 888 282 910 aut
307 891 342 911 ex
373 884 491 913 adverso
519 889 618 913 staret.
647 886 726 919 Quod
752 894 819 922 ergo
845 886 928 920 dicit,
948 887 1024 914 hunc

237 929 319 956 habet
333 937 444 957 sensum
465 940 472 958 :
493 930 553 958 Non
581 932 709 967 permisit
733 932 806 960 Deus
829 937 858 960 ut
882 932 1025 968 Evangelii

237 974 395 1009 pmdicatio
408 975 486 1003 nullo
501 976 598 1004 labore
614 977 837 1012 progrederetur,
861 978 900 1005 uti
923 978 1024 1005 fastum

235 1023 362 1047 nostrum
378 1021 572 1055 comprimeret
587 1031 594 1049 :
612 1022 659 1050 sed
676 1022 846 1051 adversariis
875 1031 926 1051 nos
948 1024 1027 1050 inva-

235 1064 317 1093 dendi
345 1070 513 1100 potestatem
541 1066 616 1095 fecit.
644 1068 774 1105 Angelum
801 1069 895 1104 itaque
918 1068 1026 1096 Satame

236 1112 354 1148 appellat
367 1112 552 1141 Alexandrum
564 1113 693 1141 aerarium
705 1133 713 1145 ,
730 1114 904 1150 Hymenaeum
918 1118 945 1142 et
961 1114 1023 1142 Phi-

235 1157 337 1191 letum,
351 1158 398 1194 qui
422 1159 654 1187 resurrectionem
676 1159 776 1187 factam
797 1167 860 1188 esse
884 1168 1027 1187 assevera-

235 1208 318 1237 rent;
334 1212 391 1233 uno
405 1206 491 1233 verbo
507 1213 604 1232 omnes
619 1213 734 1240 prorsus
750 1206 798 1241 qui
820 1205 1026 1241 praedicationis

236 1251 359 1278 sermoni
379 1250 620 1283 centradicerent,
635 1251 737 1287 quique
758 1255 855 1279 contra
874 1259 902 1279 se
917 1251 980 1279 lites
999 1255 1026 1279 et

236 1304 343 1331 pugnas
372 1296 546 1330 excitarent,
575 1302 604 1324 et
631 1297 659 1324 in
688 1304 817 1324 carceres
844 1296 1024 1331 conjicerent.

236 1340 475 1374 Quemadmodum
495 1349 562 1377 ergo
581 1340 691 1370 Iudaea
711 1341 814 1369 diaboli
831 1342 903 1369 ﬁlios
918 1349 1027 1369 nuneu-

237 1391 304 1422 pat,
319 1387 366 1421 qui
381 1394 466 1422 opera
482 1387 557 1415 illius
573 1387 785 1420 aemularentur,
800 1388 838 1415 ita
854 1388 965 1415 Satanae
979 1395 1027 1415 an-

236 1432 315 1468 gelos
330 1432 392 1461 illos
408 1436 487 1460 vocat
498 1452 505 1464 .
523 1433 682 1468 quicunque
698 1433 915 1462 adversarentur
938 1433 1028 1461 Evan-

238 1477 320 1512 gelio.
335 1477 484 1511 Quocirca,
499 1478 583 1505 Datus
608 1483 648 1506 est
667 1478 732 1506 mihi
756 1479 897 1514 stimulus,
920 1480 1026 1515 inquit,

1070 247 1149 282 ἐμοῦ.
1167 248 1222 275 Καὶ
1249 249 1283 284 τῇ
1302 248 1439 284 ὑπερϐολῇ
1463 247 1518 275 τῶν
1538 248 1739 283 ἀποκαλύψεων
1761 249 1805 276 ῐνα
1822 249 1859 286 μὴ

1070 295 1274 333 ὑπεραίρωμαι,
1290 296 1368 333 ἐδόθη
1386 305 1432 332 μοι
1448 296 1549 332 σκόλοψ
1561 298 1594 332 τῇ
1609 298 1702 332 σαρκί.
1726 307 1736 324 ι

1105 342 1214 371 Πολλῶν
1227 342 1316 370 οὐσῶν
1326 343 1534 380 ἀποκαλύψεων,
1548 344 1613 380 μίαν
1623 343 1725 379 ταύτην
1737 343 1859 378 τίθησιν

1070 389 1112 416 ὅτι
1126 389 1155 416 δὲ
1168 387 1240 425 ἦσαν
1253 389 1361 424 πολλαὶ,
1374 389 1456 422 αὐτὸς
1472 389 1590 424 ἐπεξιὼν
1601 388 1690 421 εἶπεν,
1706 388 1860 424 ὑπερϐολῇ

1072 435 1130 462 τῶν
1138 436 1374 471 ἀποκαλύψεων,
1385 437 1437 464 ἵνα
1446 437 1491 472 μὴ
1502 437 1714 472 ὑπεραίρωμαι.
1725 436 1775 463 Διὰ
1782 437 1862 463 τοῦτο

1070 483 1097 510 δὲ
1113 483 1161 510 καὶ
1175 483 1221 511 τὸν
1238 484 1336 519 χρόνον
1348 483 1440 520 τίθησι
1462 483 1518 511 τῶν
1541 483 1751 519 δεκατεσσάρων
1779 482 1862 516 ἐτῶν,

1072 529 1116 556 ἴνα
1128 529 1215 565 δείξῃ.
1230 529 1272 556 ὃτι
1282 529 1333 557 οὐκ
1350 529 1383 557 ἂν
1395 529 1546 556 δτοσοῦτον
1559 528 1734 565 καρτερήσας
1752 528 1861 564 χρόνον,

1071 574 1119 601 νῦν
1133 574 1167 602 ἂν
1181 574 1299 608 ἐξεῖπεν,
1315 575 1338 601 εΙ
1353 575 1391 611 μὴ
1404 574 1505 610 πολλὴν
1519 574 1577 610 ᾔδει
1590 574 1640 610 τὴν
1655 574 1789 609 ἀνάγκην.

1110 669 1120 686 ι
1143 660 1272 694 Ἄγγελος
1282 659 1432 692 Σατὰν,ῐνα
1450 667 1483 695 με
1499 658 1644 694 κολαφίζῃ,
1662 659 1704 686 ἵνα
1721 659 1758 695 μὴ
1777 659 1862 696 ὑπερ-

1072 705 1204 742 αίρωμαι.
1225 715 1234 732 ι

1109 752 1208 778 Σατὰν
1224 751 1238 778 ό
1253 750 1441 786 ἀντικείμενος
1465 750 1575 786 λέγεται
1593 752 1626 787 τῇ
1643 751 1698 778 τῶν
1728 751 1862 786 Ἐϐραίων

1074 797 1162 832 φωνῇ.
1176 796 1262 822 Τοῦτο
1276 795 1331 831 γὰρ
1343 797 1390 824 ἐπὶ
1405 796 1580 832 Σολομῶντος
1595 796 1762 832 διηγουμένη
1779 796 1862 831 φησὶν

1075 843 1092 878 ὴ
1105 842 1198 878 Γραφή
1212 849 1218 856 '
1234 843 1295 869 Οὐκ
1309 840 1348 877 ἦν·
1363 842 1462 870 Σατὰν
1476 847 1488 861 ι
1499 842 1606 876 ὲντιιῑς
1619 842 1742 877 ἡμέραις
1757 841 1861 869 αὑτοῦ·

1076 887 1198 914 τουτέστι
1225 886 1364 922 πολεμῶν,
1385 887 1583 923 ἀντικείμενος.
1607 888 1639 914 Ὃ
1660 887 1751 914 τοίνυν
1776 887 1863 922 λέγει,

1075 932 1194 959 τοιοῦτόν
1216 934 1303 960 ἐστιν·
1321 934 1380 960 Οὐκ
1395 934 1486 960 εῐασεν
1502 934 1516 960 ὁ
1536 933 1602 965 Θεὸς
1622 933 1738 968 ἀπονητὶ
1757 942 1864 968 προχω-

1078 970 1161 1012 ρῆσαι
1175 975 1206 1002 τὸ
1221 977 1364 1012 κήρυγμα,
1377 978 1567 1005 καταστέλλων
1582 978 1661 1013 ἡμῶν
1675 978 1706 1006 τὸ
1716 978 1845 1013 φρόνημα
1856 986 1864 993 '

1075 1021 1144 1049 ἀλλὰ
1170 1021 1345 1058 συνεχώρησε
1379 1024 1437 1055 τοῖς
1463 1023 1666 1058 ἀντικειμένοις
1696 1022 1864 1051 ἐπιτίθεσθαι

1076 1069 1152 1104 ἡμῖν.
1170 1069 1320 1104 Ἄγγελον
1339 1068 1429 1096 τοίνυν
1449 1069 1568 1098 Σατανᾶ
1582 1069 1668 1104 λέγει,
1691 1069 1866 1105 Ἀλέξανδρον

1075 1113 1121 1140 τὸν
1141 1113 1257 1148 χαλκέα,
1292 1114 1437 1149 Ὑμέναιον
1452 1114 1499 1140 καὶ
1517 1113 1642 1150 Φιλητδν,
1654 1115 1716 1146 τοὺς
1727 1114 1778 1149 τὴν
1800 1114 1866 1142 ἀνά-

1077 1167 1172 1186 στασιν
1199 1159 1328 1193 λέγοντας
1352 1159 1404 1195 ἠδη
1428 1159 1582 1194 γεγονέναι,
1603 1160 1651 1186 καὶ
1675 1159 1778 1191 πάντας
1802 1160 1866 1192 τοὺς

1076 1204 1282 1240 ἀντικειμένους
1295 1204 1335 1240 τῷ
1360 1204 1433 1240 λόγῳ
1459 1204 1507 1231 τοῦ
1524 1204 1714 1241 κηρύγματος,
1729 1205 1777 1232 καὶ
1791 1205 1868 1239 φιλο-

1076 1250 1234 1283 νεικοῦντας
1245 1251 1332 1286 αὐτῷ,
1345 1250 1394 1277 καὶ¹
1407 1250 1604 1286 πολεμοῦντας,
1621 1250 1669 1278 καὶ
1681 1250 1867 1285 ἐμϐάλλοντας

1077 1298 1117 1328 εἰς
1139 1296 1327 1332 δεσμωτήρια.
1348 1296 1458 1332 Ὠσπερ
1473 1293 1519 1323 οὖν
1539 1297 1615 1328 υἱοὺς
1645 1295 1770 1323 διαϐόλου
1789 1295 1868 1322 καλεί

1076 1343 1140 1374 τοὺς
1166 1341 1321 1374 Ἰουδαίους.
1347 1341 1382 1369 τὰ
1408 1343 1513 1370 ἐκείνου
1535 1341 1695 1378 ζηλοῦντας,
1721 1340 1793 1368 οὕτω
1818 1341 1867 1368 καὶ

1077 1386 1210 1422 ἀγγέλους
1228 1387 1335 1414 Σατανᾶ
1364 1387 1455 1414 πάντα
1477 1387 1523 1414 τὸν
1544 1386 1742 1414 ἀντιπίπτοντα
1757 1386 1798 1421 τῷ
1815 1395 1866 1421 κη-

1080 1432 1210 1468 ρύγματι.
1227 1432 1314 1459 Τοῦτο
1324 1429 1382 1466 οὗν,
1396 1431 1487 1466 ἐδόθη
1499 1441 1551 1467 μοι
1566 1433 1699 1466 σκόλοψ,
1712 1432 1804 1467 φησιν,
1817 1432 1868 1458 ἵνα

1076 1487 1114 1512 με
1129 1477 1277 1513 κολαφίζῃ
1288 1486 1296 1494 ·
1309 1478 1359 1514 οὐχ
1374 1478 1413 1510 ὡς
1424 1477 1473 1504 τοῦ
1486 1477 1554 1505 Θεοῦ
1569 1478 1633 1510 τοὺς
1645 1477 1782 1510 τοιούτους
1796 1478 1868 1504 ὁπλί-

237 1526 267 1549 ut
285 1529 324 1549 me
339 1522 503 1557 colaphiut,
520 1529 574 1550 non
591 1523 673 1558 quasi
691 1522 763 1551 Deus
780 1523 916 1558 ejusmodi
938 1524 1026 1552 bomi-

1079 1523 1189 1557 ζοντος·
1212 1523 1249 1560 μὴ
1265 1524 1389 1559 γένοιτοσ
1411 1523 1472 1551 οὐδὲ
1497 1523 1670 1557 κολάζοντος,
1695 1523 1757 1550 οὐδὲ
1779 1531 1866 1558 τιμω-

238 1576 288 1597 nes
299 1569 517 1604 armaret(absit
529 1570 602 1597 enim
615 1569 719 1604 istud),
733 1570 775 1598 vel
787 1570 815 1598 in
831 1570 919 1605 ipsum
936 1571 1025 1598 anim-

1081 1569 1212 1605 ρουμένου
1238 1569 1318 1602 τέως.
1335 1569 1404 1598 ἀλλὰ
1430 1569 1646 1605 συγχωροῦντος,
1668 1569 1716 1597 καὶ
1739 1568 1868 1603 ἀφιέντος

239 1614 406 1642 sdvertendo
433 1615 589 1650 plecteret:
614 1616 662 1644 sed
687 1617 752 1651 quia
776 1617 812 1644 ita
835 1617 893 1644 ﬁeri
914 1618 1025 1652 permit-

240 1661 314 1688 lehat
325 1660 483 1693 ,'ultionem
498 1662 649 1697 rejiciendo
665 1663 691 1690 in
706 1664 778 1691 diem
793 1664 903 1698 judicii.

278 1706 360 1733 Vsus.
381 1706 408 1734 8.
425 1716 435 1732 ι
455 1706 570 1742 Propter
586 1707 659 1743 quod
680 1712 722 1736 ter
741 1707 887 1736 Dominum
913 1710 1026 1745 rogavi,

241 1756 271 1780 ut
285 1752 441 1780 discederet
455 1760 471 1779 a
486 1760 541 1781 me.
557 1762 566 1779 ι

276 1798 358 1833 Διηυί
371 1805 477 1833 magnae
487 1798 539 1825 hoc
550 1798 729 1827 demissionis
739 1799 823 1826 animi
837 1805 1028 1834 argumentum

240 1846 301 1873 est,
319 1841 392 1876 quod
407 1849 458 1869 nec
471 1842 620 1870 celaverat.

280 1888 357 1924 153
371 1888 456 1916 Vens.
475 1887 504 1915 9.
520 1897 530 1914 ι
546 1887 579 1915 ΕΙ.
593 1888 663 1915 dixit
676 1887 743 1915 mihi
760 1896 768 1915 :
791 1886 895 1916 Suﬂicit
909 1888 957 1915 tibi
968 1895 1030 1924 gra-

242 1935 282 1962 tia
296 1941 365 1961 mea.
386 1943 396 1959 ι

277 1978 424 2013 Nimirum,
443 1979 517 2015 quod
534 1982 659 2007 mortuos
675 1979 813 2013 suscitas,
827 1986 916 2007 caecos
936 1987 1028 2013 curas,

241 2029 269 2053 et
284 2025 335 2053 alia
348 2033 521 2061 quaecunque
535 2024 661 2061 prodigia
678 2024 758 2053 facis.

281 2079 290 2096 ι
308 2069 376 2097 Nam
395 2070 484 2098 virtus
494 2077 553 2098 mea
571 2071 599 2098 in
616 2070 777 2098 inﬁrmitate
791 2070 944 2105 perﬁcitur.
967 2079 976 2096 ι

278 2115 346 2144 Cum
358 2116 537 2150 abigerentur
548 2116 822 2151 exagitarenturque,
837 2119 955 2144 cunctos
971 2115 1031 2143 vin-

242 2160 350 2189 cebant.

1078 1615 1107 1641 ἐν
1122 1614 1213 1651 ἡμέρᾳ
1228 1616 1354 1651 κρίσεως.

1073 1726 1075 1729 .
1118 1714 1127 1731 ι
1154 1704 1241 1740 ’Υπὲρ
1256 1705 1350 1732 τούτου
1365 1704 1426 1741 τρὶς
1443 1703 1493 1732 τὸν
1505 1704 1609 1740 Κύριον
1625 1702 1812 1741 παρεκάλεσα,
1826 1703 1869 1730 ῐνα

1079 1751 1185 1785 ἀποστῇ
1197 1750 1245 1777 ἀπ’
1260 1750 1339 1785 ἐμοῦ.
1361 1759 1371 1776 δ

1116 1796 1172 1824 Καὶ
1207 1796 1287 1823 τοῦτο
1322 1796 1424 1831 πολλῆς
1464 1794 1735 1831 ταπεινοφροσύνης,
1763 1793 1795 1820 τὸ
1830 1793 1869 1828 μὴ

1080 1842 1200 1915 κρῒψιῗάέ
1219 1887 1314 1923 εἴρηκέ
1330 1895 1376 1923 μοι
1387 1895 1395 1904 ·
1419 1887 1511 1922 Ἀρκεί
1526 1895 1567 1913 σοι
1581 1886 1598 1922 ἡ
1612 1884 1690 1921 χάρις
1707 1892 1769 1920 μου.
1787 1892 1797 1910 ι

1118 1977 1275 2009 Τουτέστιν,
1295 1977 1336 2004 ὃτι
1347 1976 1472 2012 Νεκροὺς
1484 1974 1615 2010 ἐγείρεις,
1630 1973 1678 2000 καὶ
1690 1971 1810 2007 τυφλοὺς
1825 1971 1871 1998 θεν

1084 2024 1224 2059 ραπεύεις,
1243 2023 1292 2050 καὶ
1307 2021 1342 2049 τὰ
1353 2021 1421 2050 ἄλλα
1434 2021 1489 2047 τῶν
1505 2019 1629 2055 σημείων
1645 2019 1743 2050 ποιεῖς.

1121 2079 1130 2095 ι
1157 2068 1188 2095 'H
1200 2068 1254 2102 γὰρ
1267 2067 1382 2102 δύναμίς
1410 2075 1462 2102 μου
1483 2066 1513 2093 ἐν
1531 2063 1659 2099 ἀσθενείᾳ
1676 2062 1839 2090 τελειοῦται.
1859 2073 1868 2088 ο
1916 2056 1922 2063 ’

1124 2114 1314 2150 Ὲλαυνόμενοι
1330 2113 1395 2148 γὰρ,
1424 2113 1471 2140 καὶ¹
1490 2111 1662 2147 διωκόμενοι,
1690 2110 1799 2137 πάντων
1818 2117 1868 2135 πε-

1085 2161 1245 2197 ριεγένοντο.

283 2216 294 2234 ι
324 2206 457 2235 Libenter
488 2207 572 2242 igilur
601 2207 743 2243 gloriabor
770 2208 796 2235 in
825 2207 1026 2236 inﬁrmitatibut

1123 2215 1133 2232 ι
1153 2206 1269 2233 Ἥδιστα
1286 2205 1334 2233 οῦν
1351 2205 1451 2241 μᾶλλον
1467 2204 1641 2239 καυχήσομαι
1661 2202 1691 2228 ἐν
1713 2203 1774 2233 ταῖς
1793 2199 1876 2228 ἀσθε-

244 2254 325 2285 mvis,
346 2256 374 2280 ut
389 2254 524 2281 inhabitet
540 2254 567 2281 in
582 2261 625 2281 me
641 2254 731 2282 virtus
747 2253 861 2282 Christi.
882 2265 891 2281 ι

280 2342 320 2371 Ne
333 2343 513 2372 conciderent
536 2345 639 2378 animo,
666 2353 728 2373 cum
746 2347 866 2382 apostoli
884 2347 1033 2376 mendaces

243 2389 279 2418 ob
297 2398 341 2418 res
359 2390 515 2421 contrarias
536 2391 733 2426 gloriarentur,
749 2392 800 2428 ipsi
817 2400 882 2421 vero
896 2393 922 2420 in
938 2400 1033 2428 perse-

245 2435 553 2474 cutionibusagerenl;
575 2437 694 2465 ostendit
709 2437 783 2472 ipsos
799 2446 847 2472 per
865 2446 913 2466 eas
925 2438 1030 2466 clario-

245 2489 291 2510 res
308 2489 453 2510 evasuros.

288 2527 375 2556 Vens.
390 2528 434 2556 l0.
451 2538 460 2555 ι
482 2527 597 2564 Propter
610 2529 684 2564 quod
709 2528 805 2564 placeo
827 2529 893 2556 mihi
911 2529 939 2556 in
958 2530 1033 2557 inﬁr-

249 2574 392 2603 mitatibus
417 2575 499 2607 meis,
526 2575 554 2602 in
581 2575 768 2608 contumeliis,
802 2575 830 2603 in
862 2575 1035 2604 necessitati-

247 2620 311 2655 bus,
326 2621 354 2649 in
367 2621 618 2657 persecutionibus,
631 2622 660 2650 in
676 2622 812 2658 angustiis
831 2629 880 2657 pro
894 2622 1033 2650 Christo.»

1085 2253 1172 2285 νείαις
1185 2261 1247 2288 μου,
1267 2252 1311 2278 ἵνα
1337 2250 1517 2287 ἐπισκηνώσῃ
1533 2250 1576 2277 ἐπ’
1597 2249 1648 2285 ἐμὲ
1662 2249 1679 2284 ἡ
1693 2247 1810 2283 δύναμις
1824 2245 1872 2273 τοῦ

1086 2299 1215 2336 Χριστοῦ.
1237 2308 1246 2325 ι

1122 2346 1181 2373 Ἵνα
1202 2346 1239 2381 μὴ
1251 2344 1439 2377 καταπέσωσι,
1452 2343 1507 2370 τῶν
1521 2340 1749 2378 ψευδαποστόλων
1761 2338 1808 2366 ἐπὶ
1819 2338 1877 2370 τοῖς

1087 2392 1220 2424 ἐναντίοις
1241 2390 1439 2426 καυχωμένων,
1462 2389 1508 2415 καὶ
1524 2387 1609 2414 ὄντων
1627 2385 1732 2413 τούτων
1747 2386 1776 2411 ἐν
1792 2385 1876 2417 διωγ-

1089 2441 1159 2476 μοῖς,
1188 2437 1324 2465 ὂείκνυσιν
1350 2437 1390 2463 ὅτι
1413 2435 1457 2462 διὰ
1484 2434 1589 2461 τούτων
1619 2431 1808 2467 λαμπρότεροι
1836 2428 1876 2463 γί-

1088 2493 1187 2512 νονται.

1125 2539 1135 2556 ι
1154 2529 1199 2557 Διὸ
1210 2528 1313 2556 εὐδοκῶ
1329 2529 1358 2556 ὲν
1369 2526 1533 2559 ἀσθενείαις,
1560 2525 1589 2552 ἐν
1605 2524 1728 2558 ὕϐρεσιν,
1745 2522 1775 2548 ἐν
1795 2521 1879 2552 ἀνάγ-

1088 2585 1161 2609 καις,
1173 2576 1202 2604 tv
1219 2575 1360 2611 διωγμοῖς,
1372 2574 1401 2600 ἐν
1418 2571 1612 2608 στενοχωρίαις
1626 2569 1697 2605 ὑπὲρ
1719 2564 1851 2602 Χριστοῦ.
1867 2574 1877 2591 ι

895 2687 1013 2715 νΑιιιΕ
1034 2686 1237 2716 LECTIONES.

287 2760 299 2775 I
314 2756 375 2782 οὐκ
388 2754 428 2791 ἦν
440 2755 548 2784 Σατάν.
564 2756 624 2784 Lib.
640 2756 684 2788 lll,
700 2756 767 2793 Reg.
782 2765 842 2793 cap.
858 2766 885 2789 ν,
908 2757 933 2784 in
951 2756 1064 2784 Hebrico
1090 2765 1139 2784 vox
1166 2755 1231 2801 pani
1245 2756 1330 2783 Salan
1345 2755 1442 2790 legitur
1456 2763 1462 2782 :
1477 2755 1550 2801 unde
1570 2753 1753 2801 Hieronymus
1767 2751 1793 2778 in
1813 2749 1881 2801 Vul-

252 2803 314 2835 gata
327 2801 437 2836 posuit,
455 2809 506 2828 non
521 2807 560 2828 est
574 2801 670 2834 Satan,
685 2801 712 2829 in
728 2801 821 2830 Grmca
836 2810 900 2829 vero
916 2801 985 2829 LXX
999 2796 1178 2836 interpretum
1201 2801 1391 2836 translatione,
1406 2800 1558 2828 secundum
1572 2798 1688 2836 codices
1702 2804 1807 2836 omnes.
1825 2796 1877 2823 sal-

252 2831 308 2863 tem
326 2831 485 2868 Hodiernus,
513 2837 628 2864 habetur
645 2831 697 2872 οῦκ
712 2838 785 2863 ἐστὶν
798 2838 948 2869 ἐπίϐουλος,
967 2845 1016 2864 nec

1083 2844 1144 2863 unm
1160 2835 1270 2863 lleln'ma
1290 2831 1341 2863 vox
1352 2831 1516 2864 inconversa
1530 2839 1651 2869 apparet.
1668 2832 1745 2860 Unde
1757 2831 1879 2868 Chryso-

253 2878 360 2900 Itomus
388 2872 469 2900 verba
491 2872 618 2907 numqua:
642 2871 740 2900 Noster
764 2873 859 2900 recitat
880 2877 1025 2908 acceperit,
1045 2880 1099 2900 non
1121 2872 1215 2907 liquet.
