2078 3116
205 121 258 152 769

777 119 817 150 ΙΝ
835 120 953 150 EI‘IST.
975 118 1024 148 AD
1042 118 1222 148 COlllNTIl.
1246 118 1285 149 ll.

1782 117 1834 150 770

246 176 305 202 Ἵνα
324 177 361 212 μή
381 185 421 209 τις
441 177 540 214 νομίσῃ
565 177 722 212 σωματικὴν
739 175 883 201 ἀσθένειαν
908 174 997 208 λέγειν

1084 173 1122 201 Ne
1137 175 1200 208 quis
1220 175 1401 202 arbitraretur
1415 182 1478 202 eum
1495 174 1571 210 loqui
1592 175 1625 202 de
1637 175 1777 210 corporali
1791 175 1833 202 in-

209 222 300 252 αὐτὸν,
318 222 365 248 καὶ
379 223 440 249 κατ’
455 221 524 254 εἶδος
543 222 593 258 τὴν
614 221 756 259 ἀσθένειαν
771 221 932 254 διηγήσατο,
951 219 996 246 λέ-

210 275 265 300 γων
280 276 287 283 ·
311 268 359 294 Ἑν
374 268 508 303 ὕϐρεσιν,
527 269 562 295 ἐν
575 263 724 302 διωγμοῖς,
742 267 776 293 ὲν
789 266 945 300 ἀνάγκαις,
964 265 998 291 ἐν

207 314 430 349 στενοχωρίαις.
456 312 533 345 Εἶδες
559 313 633 344 ὅπως
648 311 728 339 αὐτὸν
744 311 790 338 νῦν
807 309 995 343 ἀπεκάλυψεν,

206 359 236 387 ὃν
251 357 326 387 εἶπεν
340 359 395 387 ἄνω
410 359 543 392 Σατανᾶν,
558 359 605 386 καὶ
624 358 685 393 οὐχὶ
706 358 798 392 ἄλγος,
818 355 856 388 ὥς
873 363 955 391 φασιν
972 355 996 380 ol

207 406 364 441 ληροῦντες,
381 405 445 440 περὶ
460 405 508 441 τὴν
524 404 645 440 κεφαλὴν
663 401 747 440 εῖχεν.

248 503 258 520 ι
276 494 360 521 Ὅταν
375 494 428 529 γὰρ
442 493 559 525 ἀσθενῶ,
580 493 641 520 τότε
656 492 767 525 δυνατός
783 492 850 527 εἰμι.
871 501 881 517 ι

245 540 329 566 Ἔνθα
344 540 441 574 θλίψις,
459 540 516 566 ἐκεῖ
533 540 579 566 καὶ
595 539 779 574 παράκλησις.
794 538 849 564 Καὶ
864 537 929 564 ἔνθα
944 545 997 564 παο

210 584 349 620 ράκλησις.
367 585 424 611 ὲκεὶ
440 585 486 612 καὶ
507 585 598 620 χάρις.
615 584 681 611 Ὅτε
696 584 761 618 γοῦν
779 584 818 615 εἰς
833 583 863 609 τὸ
890 583 998 617 δεσμω-

208 631 302 666 τήριον
316 631 408 662 ἔπεσε,
428 631 490 657 τότε
511 630 656 666 Θαυμαστὰ
672 630 800 664 ὲποῖησεν
815 629 916 654 ἐκεῖνα.
933 628 997 653 "Ore

210 676 388 710 ἐναυάγησεν,
403 676 450 702 καὶ
465 676 504 706 εἰς
521 675 570 710 τὴν
587 673 724 710 βάρϐαρον
741 672 874 708 ἐξηνέχθη
888 671 993 707 χώραν,

209 721 269 748 τότε
296 722 412 756 μάλιστα
443 721 584 756 ἐδοξάσθη.
602 720 666 746 Ὅτε
691 721 731 751 εἰς
756 719 785 746 τὸ
812 719 998 754 δεσμωτήριον

210 767 328 802 εἰσῆλθε,
343 766 403 792 τότε
414 766 461 794 καὶ
478 766 525 792 τοῦ
543 765 670 793 δικαστοῦ
691 765 874 800 περιεγένετο.

1049 219 1189 251 firmitate,
1207 219 1366 255 singulatim
1390 220 1672 256 inﬁrmitatisvgenera
1688 220 1834 252 enarravit.

1047 263 1164 290 dicendo
1186 275 1192 290 :
1215 263 1248 290 In
1273 264 1461 298 contumeliis,
1494 266 1521 292 in
1547 265 1784 300 pertectttionibus.
1808 265 1835 291 in

1047 309 1260 341 necessitatibus,
1288 309 1316 336 in
1341 310 1485 344 angustiis.
1504 309 1587 339 Vides
1605 311 1743 346 quomodo
1764 317 1837 338 nunc

1047 362 1108 382 eum
1129 357 1236 390 relegit,
1253 363 1334 390 quem
1352 360 1431 383 antea
1447 356 1577 384 Satanam
1594 358 1718 391 vocabat,
1733 365 1766 385 ac
1781 364 1836 383 non

1047 401 1169 428 dolorem
1192 400 1278 428 fuisse
1298 401 1397 436 capitis
1412 409 1468 436 quo
1486 406 1644 436 vexaretur,
1665 404 1706 430 uti
1722 402 1835 438 quidam

1048 446 1175 481 nugando
1191 451 1315 474 narrant.

1085 503 1094 517 ιι
1112 492 1179 520 Cum
1201 493 1273 520 enim
1290 493 1428 525 infirmor,
1445 497 1511 520 tunc
1529 498 1629 528 potens
1644 501 1716 521 sum.
1735 503 1745 518 ι

1082 536 1149 565 Nam
1166 539 1211 565 ubi
1232 539 1346 566 obvenit
1364 538 1488 570 afﬂictio,
1509 539 1588 566 adest
1613 542 1640 566 et
1660 539 1836 567 consolatio:

1047 587 1074 610 et
1095 583 1139 610 ubi
1152 585 1321 617 consolatio,
1343 584 1401 611 illic
1413 589 1438 611 et
1460 585 1560 619 gratia.
1576 583 1693 617 Quando
1710 584 1792 620 igitur
1810 584 1838 612 in

1048 636 1185 656 carcerem
1198 629 1344 663 coniectus
1359 633 1416 661 est,
1436 632 1503 656 tunc
1518 629 1694 656 admirabilia
1710 629 1756 656 illa
1773 636 1838 665 ges-

1037 673 1094 703 ,sit.
1113 674 1229 706 Quando
1257 674 1430 709 naufragium
1458 674 1533 706 fecit,
1558 679 1585 702 et
1611 675 1638 702 in
1666 675 1838 703 barbaricam

1048 719 1186 754 regionem
1206 720 1369 755 deportatus
1390 724 1441 752 est,
1460 724 1525 747 tunc
1543 721 1733 756 maximopere
1751 721 1840 749 incla-

1050 765 1115 792 ruit.
1133 766 1250 798 Quando
1267 773 1408 794 carcerem
1433 766 1558 799 intravit,
1573 770 1639 794 tunc
1666 771 1694 794 et
1715 766 1839 802 judicent

1051 810 1190 844 superavit
1206 810 1239 837 "’.

249 863 258 880 l
277 854 379 887 Γέγονα
394 853 488 889 ἄφρων
505 851 694 888 καυχώμενος,
721 852 802 887 ὑμεῖς
818 860 850 887 με
877 852 998 887 ἠναγκά-

1086 842 1170 884 ῖτιῑιιε.
1188 855 1279 883 11-15.
1297 865 1307 882 ι
1328 855 1429 884 Factus
1445 863 1506 884 sum
1522 857 1657 892 insipiens
1679 857 1839 892 gloriando,

211 910 285 928 σατε.
308 900 378 934 Ἐγὼ
389 901 443 935 γὰρ
459 899 573 935 ὤφειλον
588 900 633 934 ὑφ’
649 899 727 934 ὑμῶν
739 899 926 926 συνίστασθαι.
944 899 997 926 Οὑ-

209 949 253 975 δὲν
269 948 322 983 γὰρ
334 948 471 983 ὑστέρησα
486 947 540 974 τῶν
556 947 625 982 ὑπὲρ
640 947 700 973 λίαν
720 946 887 978 ἀποστόλων,
905 946 929 973 sl
951 946 999 973 καὶ

210 993 286 1021 οὐδέν
306 994 364 1028 εἰμι
377 1002 384 1008 ·
407 993 442 1019 τὰ
458 992 550 1026 μέντοι
567 993 670 1028 σημεῖα
683 991 730 1018 τοῦ
753 991 916 1019 Ἀποστόλου
931 999 999 1018 κατ-

211 1038 343 1075 ειργάσθη
368 1039 397 1066 ὲν
417 1039 493 1074 ὑμῖν,
515 1038 545 1064 ὲν
566 1038 640 1074 πάσῃ
664 1037 799 1072 ὑπομονῇ,
814 1037 937 1072 σημείοις
956 1045 997 1070 τε,

210 1085 258 1112 καὶ
273 1084 437 1122 repugnat
454 1083 597 1119 δυνάμεσι.
619 1083 652 1110 Τί
667 1083 721 1118 γάρ
739 1083 813 1109 ἐστιν
827 1082 841 1109 ὃ
862 1082 998 1118 ὴττήθητι

212 1129 282 1165 ὑπὲρ
296 1129 345 1161 τὰς
358 1129 455 1160 λοιπὰς
468 1128 626 1164 ἐκκλησίας,
639 1128 664 1154 εί
679 1127 716 1163 μὴ
731 1127 772 1154 ὅτι
798 1127 878 1159 αὐτὸς
897 1127 952 1162 ἐγὼ
967 1127 997 1154 οὐ

211 1174 404 1211 κατενάρκησα
415 1173 491 1209 ὑμῶν
502 1183 509 1207 ;
529 1183 538 1200 ι

247 1218 456 1254 Καυχώμενος.
465 1218 632 1254 Ἀπαρτίσας
644 1219 671 1246 δὲ
686 1220 732 1246 τὸν
748 1219 815 1256 περὶ
823 1220 876 1246 τῶν
891 1219 1012 1255 οἰκείων,

211 1263 358 1299 ιγκωμίων
374 1263 465 1298 λόγον,
479 1263 529 1290 οὐκ
545 1263 610 1299 ἔστη
629 1263 710 1299 μέχρι
724 1264 820 1291 τούτου
838 1264 906 1291 ἀλλὰ
931 1264 999 1290 ἀπο-

212 1309 332 1344 λογεῖται
346 1309 437 1342 πάλιν,
453 1309 501 1336 καὶ
512 1310 677 1346 συγγνώμην
695 1310 765 1347 ὑπὲρ
777 1310 831 1337 τῶν
846 1310 999 1346 εἰρημένων

212 1356 294 1382 αἰτεῖ.
315 1355 415 1390 Ὑμεῖς
431 1355 496 1390 γὰρ,
513 1356 604 1390 φησὶν,
621 1354 824 1390 ἠναγκάσατε.
842 1355 872 1381 Εἰ
886 1355 935 1390 μὲν
946 1355 999 1391 γὰρ

213 1400 388 1436 καυχώμενος
407 1401 431 1434 ί,
447 1401 494 1427 καὶ
523 1401 620 1428 ἐκεῖνοι
644 1401 682 1436 μὴ
711 1401 780 1435 μετὰ
796 1401 844 1435 τῆς
862 1400 1000 1436 ὑμετέρας

213 1446 292 1473 τοῦτο
314 1446 424 1473 ἐποίουν
453 1447 552 1473 ἐκεῖνοι
572 1446 686 1482 πλάνης,
702 1447 751 1474 οὐκ
771 1447 804 1473 ἂν
823 1445 908 1478 οὕτως
932 1455 1001 1483 προ-

215 1492 303 1528 ήχθην
320 1493 360 1524 εἰς
375 1493 486 1524 τούτους
503 1493 620 1528 ἐμαυτὸν
635 1493 749 1528 ἀγαγεῖν
764 1493 867 1528 λόγους.
890 1493 999 1528 Ἐπειδὴ

214 1538 242 1565 δὶ
255 1537 403 1574 ὀλόκληρον
417 1538 581 1573 Ἐκκλησίαν
594 1538 755 1574 διέφθειρον,
767 1540 807 1571 είς
817 1539 846 1565 τὸ
861 1539 1001 1575 συμφέρον

214 1584 279 1619 ὕμιν
292 1583 374 1620 ὀρῶν,
394 1583 572 1619 ἠναγκάσθην
586 1583 683 1621 ἄφρων
699 1584 836 1619 γενέσθαι.

252 1638 263 1655 ο
285 1629 441 1666 Χαρίσασθέ
456 1639 502 1666 μοι
516 1630 565 1666 τὴν
578 1630 685 1658 ἀδικίαν
699 1630 811 1666 ταύτην.
833 1631 898 1659 Ἰδοὺ
910 1632 1001 1667 τρίτον

214 1673 294 1701 ⁴τοῦτο
309 1675 427 1710 ἑτοίμως
443 1675 498 1710 ἔχω
511 1675 597 1702 ἐλθεῖν
609 1675 678 1711 πρὸς
699 1675 782 1711 ὑμᾶς,
806 1676 854 1703 καὶ
868 1676 898 1703 οὺ
918 1685 1002 1703 κατα-

215 1720 344 1756 ναρκήσω
353 1719 435 1755 ὑμῶν.
446 1721 482 1747 Οὐ
494 1721 546 1755 γὰρ
555 1719 624 1756 ζητῶ
632 1720 663 1747 τὰ
676 1720 835 1755 ὑμῶν,ἀλλὰ
850 1720 922 1756 ὑμᾶς
938 1729 946 1737 ’
970 1721 1002 1747 οὐ

215 1766 269 1801 γὰρ
283 1766 385 1801 ὀφείλει
400 1765 435 1792 τὰ
447 1765 531 1793 τέκνα
550 1766 604 1798 τοῖς
622 1766 730 1800 γονεῦσι
742 1765 928 1802 θησαυρίζειν,
944 1765 1002 1793 ἀλλ’

215 1811 241 1838 οι
261 1813 348 1846 γονεῖς
364 1812 421 1842 τοῖς
439 1811 554 1843 τέκνοις.
580 1811 650 1846 Ἐγὼ
676 1812 705 1838 δὲ
728 1811 825 1846 ἥδιστα
844 1811 1000 1846 δαπανήσω,

217 1857 532 1893 καὶὲκδαπανηθήσομαι
545 1857 615 1893 ὑπὲρ
627 1857 679 1884 τῶν
689 1856 783 1892 ψυχῶν
801 1857 888 1891 ὑμῶν,
912 1857 935 1882 εί
956 1857 1003 1883 καὶ

215 1901 418 1937 περισσοτέρως
435 1902 507 1936 ὑμᾶς
524 1901 648 1936 ἀγαπῶν,
661 1899 744 1938 ἦττον
758 1901 919 1936 ἀγαπῶμαι.
937 1910 946 1926 ι

257 1988 410 2024 Ἐγκώμιον
424 1989 536 2016 ἐκείνων
551 1989 670 2025 τίθησιν,
685 1989 712 2016 εἴ
726 1998 756 2024 γε
779 1989 887 2016 ἀδικίαν
899 1989 1002 2016 οἰκείαν

216 2029 286 2059 εἶναι
298 2033 490 2069 νομίζουσι,τὸ
505 2035 542 2070 μὴ
555 2034 754 2067 καταδέξασθαι
771 2034 817 2061 τὸν
840 2034 1002 2061 Ἀπόστολον

215 2077 308 2105 λαϐεῖν
324 2087 349 2105 τι
370 2079 436 2115 παρ’
460 2079 560 2113 αὐτῶν,
577 2080 644 2116 μηδὲ
665 2080 847 2116 ἀνασχεθῆναι
865 2081 1002 2116 τραφῆναι

216 2123 320 2150 ὶκείθεν
325 2145 331 2152 .

1052 909 1100 929 vos
1118 910 1162 928 me
1184 902 1324 937 coegistis.
1343 902 1401 937 Ego
1418 903 1490 930 enim
1515 910 1530 929 a
1553 903 1630 930 vobis
1653 903 1736 931 debui
1762 911 1840 931 com-

1053 946 1186 973 mendari.
1200 945 1273 973 Nihil
1289 946 1361 973 enim
1383 946 1475 973 minus
1490 945 1528 972 fui
1545 947 1579 973 ab
1594 945 1640 979 iis,
1655 946 1701 981 qui
1717 951 1781 973 sunt
1793 955 1840 974 su-

1052 998 1100 1026 pra
1116 990 1227 1017 modum
1242 990 1362 1026 apostoli
1379 999 1386 1018 :
1405 991 1513 1018 tametsi
1530 991 1681 1018 nihilsum.
1697 991 1780 1026 Signa
1798 996 1839 1018 ta-

1051 1044 1113 1064 men
1130 1036 1249 1071 apostoli
1265 1035 1337 1064 facta
1354 1039 1421 1064 sunt
1436 1036 1463 1063 in
1486 1036 1565 1064 vobis
1577 1057 1584 1069 ,
1601 1037 1628 1064 in
1644 1037 1720 1064 omni
1734 1037 1841 1072 patien-

1052 1081 1099 1114 tia,
1121 1081 1273 1118 signisque,
1301 1086 1330 1109 et
1360 1081 1496 1117 prodigiis
1523 1086 1551 1109 et
1578 1082 1740 1110 virtutibus.
1767 1082 1839 1116 Quid

1051 1129 1123 1156 enim
1157 1131 1222 1161 est,
1252 1128 1324 1164 quod
1352 1128 1443 1155 minus
1473 1127 1627 1161 habuistis,
1653 1136 1710 1163 prae
1732 1129 1839 1157 ueteris

1051 1173 1193 1206 Ecolesiis,
1208 1174 1261 1202 nisi
1279 1173 1353 1209 quod
1369 1174 1429 1209 ipse
1448 1181 1502 1200 non
1522 1174 1632 1208 gravari
1650 1174 1719 1201 vos?
1739 1183 1749 1200 ι

1088 1218 1246 1251 Clariando.
1263 1219 1361 1254 inquit.
1379 1218 1517 1246 Absoluta
1533 1222 1625 1246 autem
1643 1220 1677 1246 de
1693 1219 1752 1246 suis
1778 1217 1840 1246 lau-

1053 1264 1134 1293 dibus
1157 1271 1296 1297 sermone,
1322 1271 1377 1292 non
1402 1265 1538 1292 hactenus
1555 1264 1642 1295 stetit,
1657 1264 1706 1292 sed
1729 1271 1839 1291 rursum

1055 1310 1276 1338 satisfactionem
1298 1309 1399 1343 ofl‘ert,
1415 1313 1443 1337 et
1459 1310 1567 1337 veniam
1592 1311 1728 1337 dictorum
1751 1315 1839 1344 rogat.
1868 1326 1871 1329 ν

1060 1356 1109 1383 Vos
1126 1357 1207 1389 enim,
1222 1357 1272 1389 ait,
1289 1365 1330 1383 me
1353 1356 1489 1390 coegistis.
1507 1355 1565 1384 Nisi
1583 1356 1656 1383 enim
1674 1356 1714 1383 illi
1732 1363 1843 1391 quoque

1053 1402 1241 1430 ostentatione
1257 1409 1309 1430 sua
1322 1402 1350 1429 in
1360 1409 1483 1429 errorem
1499 1409 1548 1429 vos
1560 1401 1753 1434 adduxissent,
1770 1409 1844 1428 nun-

1054 1455 1135 1483 quam
1156 1447 1341 1480 admisissem,
1360 1451 1391 1475 ut
1405 1448 1439 1475 de
1463 1455 1506 1474 me
1525 1455 1683 1475 sermonem
1699 1447 1843 1475 inferrent.

1054 1491 1156 1521 Verum
1191 1494 1257 1529 quia
1282 1494 1417 1530 integram
1447 1493 1600 1521 Ecclesiam
1628 1493 1842 1527 labefactarunt,

1051 1543 1166 1567 coactus
1197 1547 1259 1567 sum
1291 1539 1350 1567 ﬁeri
1376 1538 1522 1575 insipiens,
1553 1543 1583 1567 ut
1610 1539 1721 1567 utilitati
1744 1542 1845 1568 vestrae

1051 1585 1239 1612 consulerem.
1495 1613 1497 1615 ,

1091 1641 1100 1658 ι
1121 1631 1226 1659 Donate
1252 1630 1318 1658 mihi
1336 1630 1408 1658 hanc
1433 1630 1576 1666 injuriam.
1601 1630 1696 1667 [Vitam
1715 1631 1759 1664 ιι,
1785 1629 1843 1667 15.]

1052 1677 1123 1705 Ecce
1146 1677 1231 1704 tertio
1248 1676 1301 1704 hoc
1321 1681 1435 1712 paratus
1463 1684 1524 1704 sum
1549 1676 1644 1704 venire
1663 1677 1697 1704 ad
1722 1684 1789 1708 vos.
1815 1681 1844 1704 et

1051 1727 1108 1748 non
1125 1727 1173 1748 ero
1187 1720 1280 1753 gravis
1290 1720 1381 1749 vobis.
1398 1719 1457 1748 Non
1475 1721 1548 1748 enim
1564 1729 1658 1756 quaero
1673 1729 1735 1756 quae
1750 1725 1844 1749 vestra

1053 1770 1131 1797 sunt,
1154 1765 1201 1792 sed
1222 1772 1282 1793 vos.
1301 1764 1357 1792 Nec
1382 1765 1455 1793 enim
1478 1765 1579 1793 debent
1604 1765 1652 1793 filii
1680 1767 1844 1801 parentibus

1053 1811 1252 1842 thesaurizarc,
1269 1810 1316 1838 sed
1334 1815 1467 1846 parentes
1483 1811 1556 1840 ﬁliis.
1576 1811 1632 1847 Ego
1646 1816 1738 1839 autem
1756 1812 1844 1840 liben-

1054 1856 1160 1884 tissime
1173 1855 1341 1891 impendam,
1359 1860 1385 1884 et
1403 1857 1634 1892 superimpendar
1649 1857 1706 1892 ipse
1722 1865 1772 1893 pro
1788 1860 1845 1885 anl-

1054 1900 1152 1928 mabus
1164 1901 1276 1933 vestris,
1291 1901 1355 1929 licet
1369 1901 1558 1930 abundantius
1576 1910 1625 1930 vos
1644 1902 1775 1938 diligens,
1790 1903 1843 1930 mi-

1053 1952 1107 1973 nus
1122 1944 1233 1980 diligar.
1256 1955 1266 1971 ι

1088 1990 1117 2018 In
1146 1991 1268 2024 ipsorum
1297 1990 1406 2017 laudem
1434 1991 1535 2019 cedere
1566 1995 1672 2025 censet,
1703 1992 1842 2026 siquidem

1055 2035 1188 2071 iniuriam
1212 2035 1376 2063 existiment
1401 2043 1490 2070 suam,
1508 2037 1583 2072 quod
1601 2038 1750 2073 Apostolus
1774 2038 1843 2065 nihil

1054 2081 1088 2110 ab
1112 2081 1180 2116 ipsis
1209 2081 1336 2116 accipere
1359 2081 1500 2113 voluerit,
1532 2089 1583 2109 nec
1619 2081 1784 2110 sustinuerit
1809 2082 1844 2109 ab

1054 2127 1094 2155 eis
1107 2127 1154 2154 ali.

254 2179 264 2196 ι
283 2169 329 2201 Εἰς
344 2169 422 2197 τοῦτο
436 2170 464 2196 δὲ
479 2174 493 2189 ιι
509 2171 565 2205 ἐγὼ
586 2171 616 2198 οὐ
637 2170 816 2206 κατεϐάρησα
835 2172 917 2206 ὑμᾶς,
936 2171 1000 2197 ἀλλὰ

1091 2172 1176 2200 Vsus.
1203 2172 1298 2200 lli-20.
1322 2181 1331 2198 ι
1357 2172 1388 2200 ln
1406 2172 1459 2200 hoc
1481 2176 1570 2200 autem
1588 2180 1640 2208 ego
1660 2180 1715 2200 non
1733 2174 1844 2207 gravavi

217 2215 348 2250 ὑπάρχων
365 2216 521 2251 πανοῦργος
536 2216 603 2252 δόλῳ
617 2210 688 2252 ὑμᾶς
700 2217 807 2245 ἔλαϐον.
823 2219 868 2253 Μή
886 2227 947 2246 τινα
966 2215 1004 2245 ὦν

216 2260 378 2287 ἀπέσταλκα
401 2262 469 2297 πρὸς
501 2262 587 2297 ὑμᾶς,
612 2263 647 2289 δι’
680 2263 764 2290 αὐτοῦ
801 2264 1004 2300 ἐπλεονέκτησα

218 2306 306 2341 ὐμᾶς;
327 2307 506 2342 Παρεκάλεσα
535 2307 629 2340 Τίτον,
653 2309 700 2335 καὶ
728 2309 936 2336 συναπέσταλκα
957 2310 1004 2336 τὸν

217 2351 341 2387 ἀδελφόν.
360 2354 405 2389 Μή
425 2362 452 2380 τι
468 2353 680 2390 ἐπλεονέκτησεν
694 2354 767 2388 ὑμᾶς
793 2354 893 2387 Titos;
909 2355 948 2381 Οὐ
965 2354 1005 2390 τῷ

217 2397 291 2433 αὐτῷ
321 2398 459 2434 πνεύματι
488 2400 749 2435 περιεπατήσαμενς
778 2400 808 2426 οὐ
834 2400 890 2431 τοῖς
913 2399 1004 2431 αὐτοῖς

217 2442 321 2477 ῐχνεσις
337 2443 421 2471 Πάλιν
434 2444 537 2471 δοκεῖτε
552 2446 593 2472 ὅτι
607 2446 672 2480 ὑμῖν
690 2445 915 2480 ἁπολογούμεθα;
931 2445 1004 2472 Κατ-

217 2488 308 2515 έναντι
322 2489 368 2515 τοῦ
382 2489 450 2516 Θεοῦ
469 2491 497 2517 ἐν
517 2491 628 2527 Χριστῷ
639 2490 783 2526 λαλοῦμεν.
797 2491 839 2518 Τὰ
857 2491 884 2518 δὲ
902 2491 1002 2524 πάντα,

216 2533 366 2572 ἀγαπητοὶ,
387 2535 456 2572 ὑπὲρ
470 2536 520 2573 τῆς
533 2537 611 2573 ὑμῶν
623 2538 779 2573 οἰκοδομῆς.
797 2537 933 2574 Φοϐοῦμαι
949 2538 1004 2573 γὰρ

255 2626 276 2642 ³⁷
299 2627 360 2655 Aet.
373 2627 495 2659 XXVItl,i
514 2625 579 2663 sqq.

1056 2226 1123 2246 vos:
1141 2218 1188 2246 sed
1210 2217 1289 2254 154
1303 2225 1476 2247 cum,esseui
1493 2222 1612 2252 astutus,
1629 2218 1693 2245 dolo
1706 2225 1753 2245 vos
1771 2218 1844 2253 cepi.

1055 2263 1184 2300 Nunquid
1203 2272 1251 2299 per
1267 2264 1388 2298 aliquem
1412 2272 1510 2292 eorum
1534 2272 1606 2300 quos
1632 2265 1694 2292 misi
1720 2265 1753 2291 ad
1779 2272 1844 2296 vos.

1056 2310 1226 2338 circumveni
1240 2309 1430 2346 vos?Rogavi
1455 2310 1559 2343 Titum,
1582 2315 1609 2339 et
1625 2311 1688 2339 misi
1713 2318 1776 2337 cum
1798 2311 1846 2337 illo

1057 2355 1180 2383 fratrem.
1205 2355 1335 2390 Nunquid
1354 2364 1404 2384 vos
1424 2356 1505 2384 Titus
1529 2356 1732 2383 circumvenit!
1752 2363 1846 2383 nonne

1057 2401 1153 2429 eodem
1167 2401 1268 2436 spiritu
1285 2402 1507 2430 ambulavimus?
1529 2402 1626 2430 Nonne
1647 2401 1746 2429 iisdem
1762 2402 1846 2428 vesti-

1056 2446 1130 2482 giis?
1147 2446 1270 2484 Rursum
1285 2448 1392 2483 putatis
1414 2448 1488 2483 quod
1509 2455 1674 2476 excusemus
1695 2454 1746 2474 nos
1773 2447 1845 2482 apud

1057 2500 1107 2521 vos
1124 2493 1137 2520 ‘l
1167 2493 1267 2521 Coram
1293 2493 1350 2522 Deo
1376 2493 1406 2521 in
1433 2493 1546 2521 Christo
1570 2493 1720 2528 loquimur.
1746 2491 1845 2520 Omnia

1057 2543 1159 2571 autem,
1176 2539 1345 2572 charissimi,
1363 2544 1476 2575 propter
1487 2539 1699 2567 adificationem
1713 2542 1845 2566 vestram.

866 2708 983 2737 VARIE
1006 2709 1210 2738 LECTIONES.

274 2783 285 2802 ⁸
305 2782 448 2819 Chrysost.
463 2784 634 2820 ικαυχῶντο,
645 2785 713 2812 alias
725 2786 829 2819 legero,
842 2785 1026 2819 καυχώμενοι.

1062 2792 1075 2806 α
1089 2785 1175 2814 Codd.
1191 2789 1218 2813 et
1233 2785 1295 2813 libri
1315 2791 1422 2815 omnes.
1432 2784 1505 2813 ἔστω
1519 2784 1560 2813 δέ.
