2078 3116
238 87 292 119 ’171

837 91 866 120 S.
887 90 1046 121 JOANNIS
1077 92 1293 124 DAMASCEXI

1808 103 1872 137 ,772

239 147 338 175 Timeo
353 148 427 175 enim
455 156 488 176 ne
514 149 596 182 forte,
619 157 682 177 cum
709 158 821 182 venero.
851 158 906 178 non
932 150 1026 184 quales

1082 151 1181 186 μήπως
1201 152 1304 185 ἐλθὼν,
1329 154 1378 190 οὐχ
1405 154 1478 187 οἴους
1500 156 1570 184 θέλω
1593 157 1666 194 εὕρω
1684 159 1766 195 ὑμᾶς.
1792 163 1872 198 κάγὼ

239 194 314 225 volo,
332 194 470 221 inveniam
488 202 537 222 vos
552 204 558 222 :
575 200 603 222 et
621 203 671 231 ego
694 195 821 224 inveniar
834 204 848 224 a
866 196 944 224 vobis
960 203 1031 231 qua-

240 238 292 265 lem
310 246 364 265 non
381 238 475 265 vultis.
491 248 500 264 ι

274 282 379 309 Dixerit
408 282 500 310 forsan
524 283 638 318 aliquis.
660 285 765 313 ideirco
791 293 835 314 me
856 286 925 314 nihil
949 293 1031 313 acce-

240 328 324 362 pisse,
339 328 403 362 quia
418 336 473 355 non
490 330 627 363 postulavi
644 339 652 358 :
669 334 800 358 caeterum
823 336 952 359 versutus
967 339 1030 359 cum

239 381 341 405 essem,
367 373 516 402 adornatos
532 382 547 401 a
563 383 608 403 me
625 376 762 411 quosdam
775 396 784 410 ,
812 384 884 412 quos
907 377 1030 404 miserim

239 424 300 452 ego,
317 426 368 445 suo
383 419 482 446 saltem
506 421 618 449 nomine
636 422 772 457 petituros
788 430 802 450 a
826 422 915 455 vobis,
941 427 972 450 ut
985 430 1031 450 eo-

240 470 301 490 rum
324 464 452 492 manibus
465 466 640 500 accipiendo,
656 468 691 494 ab
704 468 835 503 opinione
850 476 875 495 rt
887 472 968 503 topia:
985 475 1032 503 pc-

239 509 328 536 cunite
345 510 497 537 immunem
515 519 558 539 me
579 518 759 541 ostentarem.
778 516 814 541 At
832 522 865 542 ne
882 514 1030 541 hoc‘etiam

239 554 361 588 obiicere
377 557 514 591 quispiam
531 558 637 592 possit;
654 567 759 595 vosque
780 561 832 595 ipJ
854 560 935 595 hujus
946 563 1031 588 testes

239 601 319 628 estis.
339 601 438 629 Eadem
456 611 538 638 porro
559 605 664 638 spiritu,
684 606 732 638 ait,
755 606 814 634 sive
829 606 926 633 eadem
943 607 1031 633 animi

240 646 417 680 inductione,
451 649 509 676 sive
548 649 643 677 eadem
675 651 770 686 gratiae
808 652 1030 684 ministratione;

238 692 303 728 quia
326 693 498 721 consimilem
511 695 609 730 agendi
622 697 755 724 rationem
774 697 894 732 Spiritus
919 697 1033 726 donavit

238 739 330 766 nobis.

277 795 287 811 v
309 786 347 814 Ne
364 787 434 814 forte
451 788 659 820 contentiones.
676 791 878 823 aemulationes,
897 791 1030 820 animosi~

1083 197 1188 232 εὑρεθῶ
1202 198 1266 234 ὑμῖν
1279 197 1335 226 οἷον
1354 200 1385 226 οὐ
1396 200 1500 228 θέλετε.
1521 212 1531 228 ι

1120 285 1192 321 ’Δρα
1207 286 1264 322 ἔχει
1276 295 1322 319 τις
1344 288 1442 321 εἰπεῖν,
1458 288 1496 321 ὡς
1515 289 1587 324 Ἐγὼ
1601 291 1652 326 μὲν
1665 293 1715 320 οὐκ
1729 294 1819 330 ᾔτησά
1835 305 1873 328 τι,

1081 331 1142 358 οὐδὲ
1165 332 1262 359 ἔλαϐον
1279 340 1287 348 ³
1307 334 1464 370 πανοῦργος
1485 334 1514 362 δὲ
1529 336 1578 369 ὢν,
1596 339 1792 374 παρεσκεύασα
1805 342 1872 373 τοὺς

1082 377 1129 404 ὕπ’
1142 378 1209 413 ἐμοῦ
1223 379 1427 412 ἀποσταλέντας
1435 382 1477 413 είς
1489 382 1591 409 οίκεῖον
1601 384 1748 418 πρόσωπον
1758 387 1872 422 αἰτῆσαι

1081 432 1108 450 τι
1125 424 1191 458 παρ’
1205 425 1291 460 ὑμῶν.
1308 427 1363 453 Καὶ
1379 426 1412 454 δι’
1427 426 1541 455 ἐκείνων
1554 430 1636 462 αὐτὸς
1652 431 1708 465 ἐγὼ
1723 432 1871 468 ἐδεξάμην,

1081 469 1129 496 τοῦ
1143 470 1231 497 δοκεῖν
1244 471 1447 506 εἰληφέναιέξω
1462 474 1580 510 ἐμαυτὴν
1604 476 1700 508 τιθείς.
1714 477 1785 504 Ἀλλ’
1809 479 1871 506 οὐδὲ

1081 515 1160 542 τοῦτο
1170 516 1227 552 ἔχοι
1240 527 1281 549 τις
1293 518 1326 545 ἂν
1336 519 1435 552 εἰπεῖν,
1452 521 1499 547 καὶ
1515 521 1653 558 μάρτυρες
1671 523 1759 558 ὑμεῖς.
1786 524 1829 558 Τῷ
1842 525 1872 551 δὲ

1082 562 1163 595 αὐτῷ
1179 563 1336 598 πνεύματι,
1352 565 1368 601 ἦ
1382 567 1415 602 τῇ
1433 566 1501 602 αὐτῇ
1524 568 1685 604 προαιρέσει
1702 570 1790 604 λέγει,
1803 571 1820 606 ἢ
1836 573 1870 609 τῇ

1081 608 1149 643 αὐτῇ
1164 608 1287 645 διακονίᾳ
1298 611 1348 645 τῆς
1357 611 1478 647 χάριτος,
1488 613 1529 640 ὅτι
1538 614 1636 649 ὁμοίαν
1644 615 1748 651 ἡμῖντὸ
1759 617 1872 653 Πνεῦμα

1083 653 1221 681 πολιτείαν
1236 655 1394 691 ἐχαρίσατο.

1121 796 1130 811 ι
1149 785 1256 821 Μήπως
1277 788 1362 822 ἕρεις,
1377 787 1454 824 ζῆλοι
1471 789 1589 826 ,θυμοὶ,
1602 792 1728 826 ἑριθεῖαι,
1751 796 1871 821 καταλα-

238 834 329 865 tates,
359 833 570 868 dissensiones,
611 835 819 868 detractiones.
859 837 1026 865 susurratio-

1081 829 1149 862 λιαὶ,
1161 817 1510 869 ψίθυρισμοὶίιρνσιώσεις,

238 885 298 909 nes,
309 878 475 909 inﬂationes,
486 879 640 907 seditiones
648 881 784 908 sintinter
793 889 842 909 vos
856 891 862 909 ε
875 881 974 918 [νεεδ.
982 881 1028 920 21]

237 931 273 950 ne
295 925 393 952 iterum
418 933 481 953 cum
505 932 627 959 venero,
649 926 778 955 humiliet
802 935 845 955 me
865 927 938 957 Deus
955 928 1028 964 apud

238 975 297 995 vos.
312 1000 315 1002 I
328 978 338 995 ι

273 1014 301 1042 Id
317 1015 391 1050 quod
407 1015 495 1050 primo
512 1016 573 1044 loco
588 1024 692 1052 ponere
707 1017 838 1052 debebat,
856 1019 907 1047 hoc
920 1024 1028 1055 postre-

237 1067 283 1088 mo
296 1062 431 1095 collocat,
457 1062 626 1090 inflationem
657 1064 804 1093 nimirum.
835 1065 944 1094 Etenim
978 1067 1029 1095 ad-

236 1113 334 1134 versus
357 1107 448 1142 ipsum
466 1113 630 1143 arrogantes
645 1114 737 1138 erant.
762 1110 802 1138 Ne
818 1119 885 1146 ergo
901 1111 1029 1140 videatur

236 1151 264 1178 in
283 1151 380 1186 primis
395 1154 540 1181 commodo
556 1162 607 1183 suo
623 1157 750 1188 studere,
765 1156 800 1184 de
813 1156 955 1185 communi
971 1150 1030 1186 sta;

235 1196 284 1223 tim
305 1197 437 1233 loquitur.
459 1198 606 1228 Enimvero
630 1201 724 1230 istbazc
739 1203 831 1230 omnia
852 1211 885 1230 ex
907 1201 1032 1232 inviden-

235 1242 273 1269 tia
292 1244 489 1277 nascebantur,
522 1249 587 1280 puta
615 1247 771 1278 calumniae,
805 1247 1027 1282 criminationes,

235 1287 363 1315 dissidia.
710 1291 712 1295 ’

274 1341 285 1358 ‹
303 1332 335 1359 Ει
359 1333 466 1369 lugeam
483 1334 586 1362 multos
611 1342 644 1362 ex
671 1335 705 1362 iis
732 1336 780 1370 qui
805 1340 869 1363 ante
896 1344 1029 1372 peccave-

235 1381 312 1409 runt,
337 1381 365 1404 et
382 1385 436 1404 non
452 1381 571 1413 egerunt
586 1379 778 1414 paenitentiam
803 1387 889 1415 super
905 1381 1027 1409 immun-

234 1421 314 1455 ditia,
328 1426 356 1450 et
370 1422 564 1456 fornicatione,
577 1428 605 1451 et
620 1423 804 1460 impudicitia,
834 1433 918 1460 quam
932 1433 1027 1462 gesse-

235 1470 311 1494 runt.
343 1476 353 1493 )

270 1491 330 1540 Iden
343 1491 426 1541 vdixit
448 1520 558 1547 omnes,
582 1514 632 1542 sed
655 1515 755 1542 multo;
773 1523 783 1543 :
807 1516 873 1550 quin
891 1523 943 1545 nec
962 1517 1026 1545 illos
1040 1491 1063 1527 Ω

234 1559 368 1592 declarat,
384 1562 415 1586 ut
430 1559 538 1587 facilem
554 1559 623 1596 ipsis
633 1560 770 1596 praeberet
786 1561 905 1590 reditum
922 1561 954 1590 ad
968 1569 1026 1598 pm-

235 1605 395 1633 nitentiam.

543 1671 621 1700 CAP.
641 1671 709 1700 XIII.

269 1728 355 1757 Vsus.
375 1729 401 1756 I.
425 1737 435 1754 ι
454 1728 524 1756 Ecce
537 1728 620 1756 tertio
640 1728 692 1756 hoc
706 1729 787 1756 venio
801 1729 834 1756 ad
849 1737 907 1757 vos.
924 1741 933 1756 ι

273 1774 404 1804 Ostendit
420 1783 451 1802 se
475 1775 594 1802 multum
609 1782 671 1802 esse
685 1781 718 1802 ac
732 1775 967 1804 vehementiorem
997 1777 1025 1805 in

234 1821 509 1854 denuntiationibus,
521 1820 675 1857 segniorem
693 1828 759 1850 vero
779 1825 807 1848 et
833 1827 1024 1852 cunctatorem

233 1867 264 1896 in
280 1867 455 1902 castigando.

272 1923 283 1940 ι
301 1914 331 1941 In
357 1921 405 1941 ore
426 1913 546 1940 duorum
559 1917 588 1941 et
609 1913 692 1941 trium
708 1913 823 1941 testium
839 1914 925 1942 stabit
943 1922 1026 1944 onme

232 1959 360 1987 verbum.
378 1957 474 1995 [γι-τη.
500 1957 542 1994 2.]
562 1958 699 1992 Praedixi,
722 1963 749 1987 et
773 1959 894 1995 praedico
908 1965 939 1988 ut
954 1969 1025 1996 pra!-

233 2011 309 2038 sens,
325 2003 446 2032 secunda
463 2003 515 2030 hac
530 2003 601 2035 vice,
611 2002 647 2031 ὀι
668 2011 744 2031 nunc
760 2004 863 2032 absens
877 2005 972 2032 scribo
988 2006 1023 2034 iis

231 2049 279 2085 qui
294 2053 358 2077 ante
373 2052 568 2084 peccaverunt,
582 2051 610 2076 et
623 2049 731 2077 cateris
746 2050 885 2078 omnibus.
905 2059 916 2076 ι

267 2093 393 2122 Testium
417 2094 478 2122 Ioco
494 2094 630 2122 adventus
647 2102 717 2122 suos
731 2095 821 2130 ponit,
837 2103 959 2132 suasque
973 2097 1024 2125 de-

231 2140 433 2168 nuntiationes.
464 2140 564 2172 Semel,
591 2140 693 2174 inquit,
720 2145 804 2175 atque
825 2141 925 2169 iterum
949 2142 1021 2177 dixi,

231 2193 294 2213 cum
309 2192 399 2213 essent
424 2190 576 2218 venturus.
603 2181 735 2221 idemque
757 2191 832 2214 nunc
852 2187 955 2215 litteris
970 2188 1019 2216 de-

229 2232 338 2258 nuntio.
353 2230 393 2257 Ac
409 2230 547 2265 siquidem
573 2230 641 2258 mihi
664 2231 871 2265 suscultabitis,
898 2233 927 2260 id
944 2233 1018 2268 quod

228 2274 370 2310 optabam,
390 2274 558 2309 contigerit:
577 2275 622 2303 sin
642 2283 711 2304 vero
727 2275 948 2311 inobsequentes
959 2276 1020 2305 fue-

227 2320 300 2353 ritis,
316 2320 452 2355 deinceps
470 2328 584 2349 necesse
597 2322 653 2350 erit
668 2326 699 2350 ut
724 2327 851 2358 praestem
867 2330 929 2359 quae
946 2324 1018 2359 dixi,

225 2371 254 2395 et
267 2373 364 2402 poenas
376 2365 508 2401 indigam.

264 2424 274 2441 ι
292 2414 443 2448 Quoniam,
463 2414 486 2442 si
504 2422 608 2443 venero
622 2415 736 2448 Iterum,
754 2423 808 2443 non
819 2423 960 2451 parcam.»

260 2460 301 2488 Ne
315 2460 411 2488 dilatio
433 2461 593 2488 socordiam
619 2465 704 2494 creet,
728 2460 791 2489 vide
809 2463 948 2496 quomodo
963 2464 1016 2491 hoc

224 2512 337 2541 quoque
363 2509 428 2533 ante
454 2509 575 2541 occupat
604 2505 702 2534 dicens
728 2514 734 2532 :
761 2504 800 2533 ει·
822 2501 933 2540 venero,
963 2515 1014 2534 non

224 2558 306 2586 parca
311 2558 334 2577 ιιι
339 2569 347 2578 .

263 2604 343 2639 155
357 2604 439 2632 Vens.
459 2606 485 2632 3.
502 2614 512 2631 ‹
529 2605 570 2633 Au
580 2606 799 2642 experimentum
817 2609 941 2644 quaeritis
954 2611 1015 2646 ejus

222 2651 270 2685 qui
291 2650 319 2677 in
342 2658 385 2678 me
411 2651 545 2686 loquitur,
559 2651 676 2685 Christi,
690 2654 737 2688 qui
755 2654 782 2680 in
804 2655 882 2683 vobis
897 2663 951 2684 non
969 2657 1013 2688 ily

224 2695 361 2727 ﬁrmatur.
376 2697 422 2724 sed
439 2701 538 2731 potens
553 2701 596 2725 est
610 2698 638 2725 in
652 2699 753 2727 vobis?
771 2709 781 2726 ι

258 2740 323 2768 Haec
348 2742 395 2772 ait.
412 2743 605 2778 perstringens
627 2745 691 2773 illos
718 2745 765 2780 qui
790 2746 879 2781 ipsum
902 2749 1011 2777 morde-

221 2791 296 2818 rent,
312 2785 537 2822 deridcreutque,
550 2795 582 2817 ac
593 2790 728 2822 dicerent.
743 2790 890 2820 Prmentia
903 2794 1010 2826 inﬁrma

1081 876 1123 904 λιν
1153 877 1324 913 παρελθόντα
1350 889 1384 915 με
1407 880 1563 918 ταπεινώσῃ
1587 883 1601 908 ὁ
1629 883 1694 915 Sed;
1721 894 1772 920 μου
1801 886 1871 922 πρὸς

1081 922 1163 958 ὑμᾶς.
1184 932 1193 949 ι

1119 1011 1152 1038 '0
1168 1011 1276 1046 πρῶτον
1291 1012 1404 1048 ἔμελλεν
1423 1014 1521 1048 θεῖναι,
1537 1015 1566 1042 τὺ
1579 1016 1649 1044 κατὰ
1661 1017 1710 1052 τὴν
1725 1019 1870 1054 φυσίωσιν,

1079 1055 1158 1082 τοῦτο
1178 1056 1291 1092 ὕστερον
1302 1058 1404 1093 τίθησι.
1419 1060 1487 1086 Κατ’
1506 1061 1589 1087 αὑτοῦ
1606 1062 1659 1097 γὰρ
1677 1063 1840 1090 ἀπενοοῦντο
1857 1071 1864 1078 '

1080 1101 1124 1129 ἵνα
1136 1100 1182 1130 οὖν
1201 1103 1238 1139 μὴ
1254 1104 1316 1140 δόξῃ
1334 1106 1549 1141 προηγουμένως
1562 1108 1593 1134 τὸ
1607 1108 1705 1136 ἑαυτοῦ
1722 1109 1825 1145 ζητεῖν,
1836 1111 1868 1138 τὸ

1081 1149 1170 1176 κοινδν
1179 1149 1253 1185 λέγει
1271 1150 1391 1187 πρῶτον.
1408 1152 1501 1180 Ταῦτα
1516 1154 1570 1190 γὰρ
1591 1155 1682 1182 πάντα
1699 1156 1752 1184 ἀπὸ
1763 1157 1868 1192 βασκα-

1080 1195 1140 1228 νίας
1164 1196 1313 1230 ὲτίκτοντο,
1337 1199 1366 1225 αἱ
1382 1199 1515 1235 διαϐολαὶ,
1534 1201 1561 1228 ai
1584 1203 1759 1239 κατηγορίαι,
1773 1205 1801 1231 αι
1813 1204 1872 1231 δια-

1082 1242 1190 1274 στάσεις

1120 1340 1129 1356 ι
1148 1331 1202 1358 Καὶ
1230 1334 1358 1370 πενθήσω
1384 1334 1498 1368 πολλοὺς
1522 1337 1576 1364 τῶν
1600 1340 1870 1375 προημαρτηκότων,

1081 1375 1128 1422 usi.
1144 1376 1182 1412 μὴ
1198 1379 1426 1415 μετανοησάντων
1441 1381 1487 1408 ἐπὶ
1504 1383 1538 1418 τῇ
1555 1383 1723 1421 ἀκαθαρσίᾳ,
1739 1387 1787 1414 καὶ
1801 1396 1870 1422 πορ-

1079 1420 1150 1456 νείᾳ,
1164 1422 1211 1448 καὶ
1222 1421 1381 1462 ασελ-γείᾳῇ
1398 1424 1532 1461 ἔπραξαν.
1555 1436 1565 1453 ι

1115 1511 1172 1539 οὐκ
1188 1510 1248 1539 εἷπε
1263 1513 1379 1549 πάντας,
1398 1516 1465 1544 ἀλλὰ
1482 1520 1619 1553 πολλούς
1633 1528 1640 1537 ·
1659 1521 1708 1549 καὶ
1729 1523 1789 1550 οὐδὲ
1803 1524 1865 1550 τού-

1077 1564 1140 1588 τους
1155 1559 1226 1585 ποιεῖ
1236 1561 1378 1598 φανεροὺς,
1396 1562 1484 1596 διδοὺς
1503 1564 1600 1600 ῥᾳδίαν
1622 1567 1715 1600 αὐτοῖς
1730 1567 1779 1605 τὴν
1798 1569 1866 1605 πρὸς

1077 1603 1127 1638 τὴν
1146 1604 1290 1639 μετάνοιαν
1301 1607 1439 1636 ἐπάνοδον.

1371 1676 1497 1706 ΚΕΦΑΛ.
1522 1679 1572 1707 II".

1115 1739 1124 1755 ι
1146 1729 1213 1757 Ἰδοὺ
1224 1731 1303 1758 τοῦτο
1323 1732 1415 1769 τρίτον
1426 1733 1542 1770 ἔρχομαι
1557 1736 1625 1771 πρὸς
1646 1737 1728 1773 ὑμᾶς.
1747 1749 1756 1764 ι

1114 1774 1240 1803 Δείκνυσι
1255 1777 1340 1805 πολὺν
1356 1778 1407 1814 μὲν
1423 1780 1453 1806 ὲν
1473 1781 1535 1813 ταῖς
1557 1783 1756 1818 παραγγελίαις
1768 1784 1867 1813 ἑαυτὸν

1077 1820 1201 1848 ὄντακαὶ
1217 1822 1408 1861 σφοδρότερον,
1432 1825 1550 1862 ὀκνηρὸν
1564 1827 1592 1854 δὲ
1619 1828 1666 1855 καὶ
1682 1828 1817 1866 μελλητὴν
1835 1831 1866 1858 ὲν

1076 1866 1137 1897 ταῖς
1156 1867 1313 1902 τιμωρίαις.
1699 1873 1701 1875 ⁷

1115 1921 1125 1937 ι
1145 1911 1208 1939 Ἐπὶ
1223 1914 1358 1949 στόματος
1373 1914 1419 1942 δύο
1435 1916 1583 1952 μαρτύρων
1597 1918 1643 1945 καὶ
1654 1919 1750 1955 τριῶν,
1767 1922 1866 1958 σταθή-

1080 1966 1155 1985 σεται
1168 1960 1224 1986 πᾶν
1237 1959 1322 1996 ῥῆμα.
1337 1961 1505 1997 Προείρηκα,
1514 1964 1562 1990 καὶ
1577 1964 1703 2000 προλέγω
1714 1967 1752 1999 ὡς
1768 1968 1864 2005 παρὼν

1078 2004 1109 2031 τὺ
1123 2004 1259 2041 δεύτερον,
1275 2006 1322 2033 καὶ
1337 2007 1414 2034 ἀπὼν
1430 2008 1477 2035 νῦν
1492 2009 1591 2045 γράφω
1608 2012 1665 2043 τοῖς
1681 2004 1863 2050 προημαρτη-

1078 2049 1149 2081 κόσι,
1163 2051 1210 2077 καὶ
1223 2052 1282 2083 τοῖς
1296 2052 1402 2085 λοιποῖς
1416 2055 1509 2082 πᾶσιν.
1535 2064 1544 2080 ι

1110 2096 1186 2123 ’Λντὶ
1201 2098 1349 2134 μαρτύρων
1363 2099 1412 2131 τὰς
1424 2101 1578 2136 παρουσίας
1596 2102 1679 2130 αὑτοῦ
1698 2104 1799 2141 τίθησι,
1816 2107 1863 2134 καὶ

1038 2158 1060 2186 D
1075 2143 1124 2170 τὰς
1138 2145 1339 2186 παραγγελίας.
1362 2146 1464 2180 Ἀπαξ,
1481 2148 1574 2184 φησὶν,
1601 2147 1688 2184 εἶπον,
1705 2152 1753 2178 καὶ
1773 2152 1862 2180 δεύτες

1078 2199 1133 2226 ριν,
1146 2184 1190 2217 ὅέε
1200 2193 1404 2229 παρεγενόμην,
1415 2193 1488 2229 λέγω
1504 2195 1550 2222 καὶ
1564 2196 1611 2223 νῦν
1621 2196 1666 2224 διὰ
1676 2199 1860 2234 γραμμάτων.

1072 2235 1132 2262 Κᾶν
1150 2236 1201 2271 μὲν
1213 2237 1358 2274 ἀκούσητε,
1384 2239 1453 2275 ὅπερ
1470 2240 1624 2276 ἐπεθύμουν
1638 2242 1750 2277 γέγονεν
1761 2253 1769 2261 ι
1785 2244 1818 2272 ἂν
1831 2244 1860 2272 δι

1072 2282 1279 2318 παρακούσητε,
1296 2285 1404 2322 ἀνάγκη
1425 2286 1518 2313 λοιπὸν
1537 2288 1636 2323 στῆσαι
1661 2289 1695 2316 τὰ
1712 2290 1857 2326 εἰρημένα,

1072 2327 1118 2353 καὶ
1133 2327 1285 2363 ἐπαγαγεῖν
1301 2330 1351 2368 τὴν
1365 2331 1512 2367 τιμωρίαν.

1111 2425 1120 2441 ι
1144 2415 1206 2443 Ὅτι
1222 2416 1270 2443 ἐὰν
1283 2410 1352 2444 ἔλθω
1369 2418 1410 2451 εἰς
1420 2418 1451 2446 τὸ
1472 2419 1566 2453 πάλιν,
1581 2420 1612 2447 οὖ
1639 2421 1778 2457 φείσομαι.
1796 2432 1806 2450 ι
1873 2457 1878 2460 _

1109 2461 1169 2488 Ὶνα
1194 2462 1232 2498 μὴ
1257 2463 1273 2498 ή
1300 2463 1430 2499 μέλλησις
1455 2465 1592 2501 ρᾳθυμίαν
1616 2467 1784 2502 ἐργάσηται,
1808 2469 1858 2504 ὅρα

1071 2509 1130 2540 πῶς
1155 2509 1201 2534 καὶ
1228 2508 1310 2535 τοῦτο
1329 2509 1482 2545 διορθοῦται
1499 2510 1596 2546 λέγων·
1618 2510 1688 2538 Ἐὰν
1706 2511 1794 2545 ἔλθω,
1823 2514 1858 2540 οὐ

1070 2554 1221 2588 φείσομαι.
1540 2566 1543 2569 ί
1644 2551 1645 2554 Ἴ
1735 2552 1740 2561 ”

1108 2619 1116 2635 ι
1147 2611 1223 2637 Ἐπεὶ
1239 2611 1353 2647 δοκιμὴν
1375 2611 1493 2647 ζητεῖτε,
1515 2621 1562 2640 του
1579 2613 1609 2640 ἐν
1631 2614 1693 2650 ἐμοὶ
1714 2614 1858 2647 λαλοῦντος

1067 2657 1198 2693 Χριστοῦ.
1213 2658 1243 2690 ὃς
1259 2659 1299 2690 εἰς
1314 2659 1387 2694 ὑμᾶς
1402 2659 1453 2686 οὐκ
1469 2659 1588 2693 ἀσθενεῖ,
1614 2661 1683 2688 ἀλλὰ
1707 2661 1816 2689 δυνατεῖ
1828 2662 1857 2688 ὲν

1064 2704 1141 2732 ὑμῖν.
1156 2713 1166 2730 ι

1107 2713 1141 2732 ιν.
1156 2713 1166 2730 ι

1084 2713 1187 2777 Ιὦτοῦτο
1200 2750 1269 2786 πρὸς
1283 2752 1348 2783 τοὺς
1364 2751 1564 2787 κωμῳδοῦντας
1577 2753 1658 2780 αὑτὸν
1671 2773 1677 2785 ,
1693 2754 1739 2780 καὶ
1755 2754 1852 2789 χλευά-

1064 2795 1170 2828 ζοντας,
1188 2797 1234 2822 καὶ
1265 2796 1408 2830 λέγοντας,
1427 2798 1458 2825 Ἠ
1470 2799 1621 2832 παρουσία
1644 2799 1789 2834 ἀσθενὴς,
1805 2801 1854 2828 καὶ
