2078 3116
205 107 259 140 775

243 163 325 199 156
343 173 352 189 ι
373 162 426 191 Nos
442 166 535 189 autem
551 165 580 188 ut
595 160 706 196 reprobi
722 160 819 188 simus.
841 170 850 186 ι

241 210 294 242 Qui
323 217 376 236 non
407 206 656 235 monstraverimus
687 206 820 241 puniendi
851 207 991 233 virtutem.

205 254 267 282 Non
293 260 383 282 autem
410 253 491 285 dixit,
510 252 633 286 reprobi,
661 251 721 284 sed,
737 256 765 278 ut
783 251 897 286 reprobi.
916 251 993 278 Ilaud

205 300 281 327 enim
305 297 497 333 reprobandus
515 299 586 330 erat,
614 296 741 331 quamvis
760 303 811 323 nec
828 295 992 331 punivissct.

240 388 324 417 Vens.
340 387 367 419 8,
385 387 411 414 9.
432 396 441 412 ι
460 387 522 414 Non
548 386 622 414 enim
652 392 802 421 possumus
823 383 929 419 aliquid
945 383 994 410 ud-

206 442 303 463 versus
321 435 474 461 veritatem.
493 442 502 458 ι

239 480 266 508 Id
293 479 367 516 quod
392 484 490 507 natura
515 479 554 506 rci
573 478 705 514 postulat,
730 481 906 513 praestamus.
934 479 993 506 Non

203 527 278 555 enim
294 527 317 554 si
338 526 482 553 videamus
499 533 548 552 vos
566 523 807 552 commendatione
833 523 931 559 dignos
946 532 995 559 per

204 573 410 609 paenitentiam,
428 571 550 607 plectere
566 570 698 605 deinceps
710 570 863 605 possimus.

241 671 251 687 1
271 660 324 688 Sed
339 667 389 695 pro
403 659 530 687 veritate.
546 659 706 688 Gaudemus
722 659 810 687 enim.
823 668 832 685 ι

238 706 354 740 Quando
371 706 563 734 existimamur
576 705 690 739 inﬁrmi,
709 713 762 733 non
774 705 884 740 quando
896 713 994 734 sumus

204 752 317 781 inlirmi.

241 807 250 823 ι
267 797 385 831 Quando
404 804 455 825 nos
472 796 575 824 inﬁrmi
601 803 709 829 sumus,
726 804 776 824 vos
790 800 880 824 autem
898 800 994 831 poten-

803 105 833 134 S.
854 103 1014 134 JOANNIS
1031 104 1244 136 DAMASCENI

1785 110 1839 147 776

1009 166 1032 193 Α
1087 171 1096 188 ι
1107 163 1201 197 Ἡμεῖς
1213 163 1241 188 δὲ
1258 162 1295 193 ὡς
1308 162 1432 199 ἀδόκιμοι
1447 160 1533 197 ὦμεν.
1553 174 1562 191 ι

1081 207 1143 232 Οὐκ
1176 206 1393 242 ἐπιδεικνύμενοι
1436 209 1516 244 ἡμῶν
1565 209 1614 246 τὴν
1645 213 1838 248 τιμωρητικὴν

1046 250 1172 286 δύναμιν.
1198 252 1253 279 Καὶ
1283 252 1333 279 οὐκ
1358 251 1434 279 εἴπεν
1454 254 1591 289 ἀδόκιμοι,
1614 255 1672 283 ἀλλ’
1688 256 1727 290 ὡς
1741 257 1840 286 ἀδόκι-

1044 304 1103 374 ita;
1122 296 1160 323 Οὐ
1177 296 1231 334 γὰρ
1244 296 1356 332 ἔμελλεν
1373 297 1442 326 εἶναι
1461 298 1602 334 ἀδόκιμος,
1621 300 1645 326 εί
1668 301 1716 327 καὶ
1730 301 1766 337 μὴ
1781 303 1841 329 ἐκό-

1063 350 1079 368 α
1099 350 1138 369 εν.

1085 397 1094 413 ι
1115 388 1152 414 Οὐ
1168 388 1222 423 γὰρ
1240 388 1380 425 δυνάμεθά
1390 397 1415 416 τι
1430 389 1503 417 κατὰ
1517 390 1568 426 τῆς
1585 391 1727 427 ἀληθείας.
1749 402 1758 418 ι

1084 477 1117 502 ⁸0
1143 477 1159 512 ἡ
1182 476 1229 503 τοῦ
1258 477 1438 513 πράγματος,
1465 477 1568 512 φησὶν,
1594 479 1708 506 ἀπαιτεῖ
1740 479 1839 514 φύσις,

1045 522 1126 549 τοῦτο
1144 522 1285 558 ποιοῦμεν.
1299 523 1360 549 Κᾶν
1373 523 1427 558 γὰρ
1444 523 1544 559 ῐδωμεν
1561 524 1635 559 ὑμᾶς
1662 525 1840 561 εὐδοκιμοῦν-

1045 575 1095 600 τας
1111 568 1156 595 διὰ
1171 567 1221 604 τῆς
1251 568 1406 604 μετανοίας,
1419 569 1450 595 οὐ
1465 569 1607 605 δυνάμεθα
1638 570 1754 598 κολάσαι
1780 571 1837 598 λοι-

1046 614 1107 642 πάν.

1084 669 1093 686 ι
1118 658 1187 686 Ἀλλ’
1205 660 1276 696 ὑπὲρ
1289 661 1338 697 τῆς
1355 660 1494 696 ἀληθείας.
1510 660 1650 696 Χαίρομεν
1666 661 1730 697 γάρ.
1747 671 1756 687 ι

1081 705 1166 732 Ὅταν
1177 705 1353 741 νομιζώμεθα
1367 705 1502 739 ἀσθενεῖς,
1519 705 1569 741 οὐχ
1580 707 1645 734 ὅταν
1660 707 1744 742 ἐσμὲν
1758 707 1838 735 ἀσθε-

1045 751 1111 778 νεῐς.

1048 759 1086 777 νει
1104 771 1111 778 .

1048 806 1058 823 ι
1079 759 1166 823 501:“
1193 796 1275 832 ἡμεῖς
1303 796 1476 833 ἀσθενῶμεν,
1507 797 1586 833 ὑμεῖς
1597 797 1626 824 δὲ
1639 797 1747 825 δυνατοὶ
1772 795 1836 834 ἦτε.

203 848 244 871 tcs
260 844 338 871 estis.
358 843 416 871 Hoc
427 847 455 871 et
478 850 603 875 oramus,
626 847 749 870 vestram
773 842 991 870 consummatio-

1045 842 1129 870 Τοῦτο
1159 843 1207 870 καὶ
1227 843 1374 879 εὐχόμεθα,
1397 843 1446 880 τὴν
1477 844 1554 880 ὑμῶν
1573 845 1744 880 κατάρτισιν.
1785 845 1834 872 Διᾶι

203 896 275 916 nem.
292 888 388 925 [νεκε.
408 888 464 924 10.]
481 887 546 916 ldeo
570 888 629 916 haec
646 887 748 915 absens
765 887 869 921 scribo,
888 890 918 914 ut
936 894 991 914 non

203 941 325 969 pratsens
365 933 464 962 durius
503 940 581 969 agam
621 933 775 961 secundum
813 935 992 968 potestatem,

202 988 285 1016 quam
306 980 440 1007 Dominus
456 979 531 1007 dedit
545 979 625 1006 mihi.
646 988 656 1004 ι

238 1026 295 1053 Hoc
307 1028 361 1058 est,
380 1025 488 1061 probati
506 1028 534 1053 et
550 1024 658 1058 accepti
673 1024 753 1052 estis.

240 1081 250 1098 ι
280 1072 308 1099 In
333 1071 556 1103 aediﬁcationem,
573 1073 602 1098 et
626 1077 680 1097 non
707 1070 736 1097 in
761 1070 992 1098 destructionem.

202 1117 297 1153 [νεεδ.
314 1117 372 1153 Η.]
388 1116 427 1145 De
443 1120 557 1149 caetero,
573 1115 686 1148 fratres,
702 1115 828 1151 gaudete.
845 1125 856 1142 )

236 1161 333 1190 Fidem
349 1162 426 1195 facit,
441 1169 616 1197 nequaquam
632 1169 663 1189 se
677 1161 807 1197 cupidum
821 1168 884 1189 esse
897 1161 991 1189 utendi

201 1213 338 1246 potestate
353 1208 390 1237 ad
408 1209 520 1236 illorum
538 1208 684 1236 ultionem.

239 1264 248 1282 ι
261 1254 380 1283 Perfecti
396 1258 493 1282 estote.
512 1262 522 1280 ι

238 1300 400 1328 Elliciamini
418 1298 548 1335 perfecti,
575 1298 678 1334 inquit,
709 1297 850 1333 implendo
865 1304 928 1333 qua:
943 1297 993 1326 de-

201 1349 278 1374 ιιιιιι.

239 1399 249 1416 ι
261 1389 464 1424 Exhortamini,
474 1388 544 1417 idem
554 1388 652 1424 sapite,
664 1396 760 1424 pacem
769 1388 879 1422 habete,
887 1392 915 1416 et
921 1388 993 1417 Deus

200 1435 278 1472 pacis
293 1439 321 1463 et
333 1435 492 1463 dilectionis
507 1435 561 1462 erit
577 1433 730 1462 vobiscum.
758 1433 854 1470 (Vsus.
870 1434 915 1467 12,
934 1433 992 1472 15.]

201 1480 328 1508 Salutate
342 1479 465 1507 invicem
480 1479 579 1506 osculo
596 1481 707 1506 sancto.
727 1477 856 1506 Salutant
870 1487 920 1506 vos
934 1487 993 1506 om-

1044 887 1123 916 τοῦτο
1151 888 1230 916 ἀπὼν
1258 889 1346 917 ταῦτα
1368 889 1478 925 γράφω,
1508 888 1553 917 ἵνα
1573 889 1669 923 παρὼν
1686 890 1723 925 μὴ
1738 890 1837 917 ἀποτό-

1045 941 1104 968 μως
1113 934 1261 969 χρήσωμαι
1273 933 1344 961 κατὰ
1356 934 1406 969 τὴν
1419 934 1552 968 ἐξουσίαν,
1564 934 1598 970 ἢν
1612 935 1626 962 ό
1638 934 1742 971 Κύριος
1753 934 1838 962 ἐδωκὲ

1049 988 1106 1014 μοι.
1121 988 1131 1005 ι

1080 1024 1223 1059 Τουτέστι,
1235 1025 1343 1061 δόκιμοι
1358 1026 1406 1053 καὶ
1424 1027 1576 1062 εὐάρεστοι.

1083 1078 1092 1095 ι
1113 1069 1161 1101 Εἰς
1175 1070 1331 1106 οἰκοδομὴν,
1350 1071 1398 1098 καὶ
1413 1071 1463 1098 οὐκ
1478 1072 1519 1104 είς
1536 1071 1711 1107 καθαίρεσιν.
1723 1071 1835 1105 Λοιπὸν,

1044 1112 1166 1148 ἀδελφοὶ,
1184 1113 1306 1149 χαίρετε.
1323 1123 1333 1140 ›
1397 1117 1402 1121 ’

1084 1159 1226 1186 Δείκνυσιν
1246 1159 1287 1186 ὃτι
1310 1160 1362 1187 οὐκ
1390 1161 1523 1196 ἐπεθύμει
1533 1163 1568 1198 τῇ
1585 1161 1696 1198 ἐξουσίᾳ
1721 1162 1764 1195 είς
1786 1162 1840 1199 τὴν

1043 1204 1156 1232 δκείνων
1172 1205 1327 1241 χρήσασθαι
1347 1205 1495 1242 τιμωρίαν.

1084 1260 1094 1277 ι
1110 1250 1328 1286 Καταρτίζισθε.
1343 1260 1354 1278 ι

1078 1295 1184 1324 metu:
1211 1296 1331 1331 γίνεσθε,
1361 1298 1442 1333 φησὶ,
1463 1297 1631 1335 πληροῦντες
1645 1298 1681 1327 τὰ
1695 1298 1834 1328 λείποντα.

1081 1394 1091 1411 ι
1117 1385 1326 1421 Παρακαλεῖσθε
1338 1406 1347 1419 ,
1358 1386 1390 1413 τὺ
1404 1386 1471 1414 αὐτὸ
1494 1388 1630 1424 φρονεῖτε,
1657 1387 1813 1424 εἰρηνεύετε
1825 1407 1834 1420 ,

1043 1431 1091 1459 καὶ
1107 1433 1122 1459 ὁ
1143 1432 1209 1464 Θεὸς
1239 1433 1289 1468 τῆς
1314 1433 1427 1468 ἀγάπης
1454 1433 1502 1460 καὶ
1526 1434 1641 1470 είρήνης
1670 1434 1747 1461 ἔσται
1775 1434 1836 1470 μεθ’

1044 1477 1131 1512 ὑμῶν.
1159 1477 1333 1505 Ἀσπάσασθε
1363 1478 1497 1513 ἀλλήλους
1521 1479 1550 1506 ἑν
1573 1479 1644 1514 ἁγίῳ
1677 1479 1811 1515 φιλήματι
1826 1487 1834 1495 ⁸

200 1534 250 1554 nes
267 1527 368 1554 sancti.
385 1525 481 1553 Gratia
502 1524 610 1553 Domini
637 1525 726 1553 nostri
745 1524 812 1554 Jesu
835 1525 949 1559 Christi,
963 1530 989 1553 et

1045 1523 1210 1556 ἀσπάζονται
1225 1523 1299 1560 ὑμᾶς
1315 1524 1341 1551 οι
1352 1523 1425 1559 ἆγιοι
1438 1525 1550 1557 πάντες.
1571 1525 1604 1552 Ἦ
1619 1525 1699 1561 χάρις
1711 1525 1760 1552 τοῦ
1779 1526 1836 1552 κυ-

199 1572 322 1600 cbaritas
333 1571 394 1605 Dei,
407 1576 434 1600 et
449 1571 670 1599 communicatio
692 1571 782 1599 sancti
800 1570 932 1607 Spiritus,
953 1571 990 1599 sit

200 1625 263 1646 cum
280 1619 410 1646 omnibus
425 1618 513 1646 vobis.
533 1618 634 1646 Amen.

238 1706 303 1733 Haec
317 1705 396 1738 dicit,
410 1705 479 1740 quia
502 1705 597 1732 multae
621 1703 789 1733 tentationes
813 1703 988 1739 ingruebant,

198 1755 227 1779 et
245 1758 344 1786 magna
360 1750 498 1786 pericula.

199 1796 308 1831 Scripta
333 1801 372 1824 est
390 1795 505 1831 epistola
533 1795 667 1830 Philippis
696 1796 724 1822 in
747 1793 917 1826 Macedonia,
941 1802 988 1829 per

234 1841 335 1869 Lucam
358 1846 385 1869 et
406 1841 507 1869 Titum.
535 1840 578 1868 Ad
605 1839 758 1869 Corinthios
785 1839 911 1872 secunda,
929 1847 986 1866 ver-

234 1896 280 1915 sus
294 1888 356 1916 612.

1044 1568 1101 1603 ρίου
1123 1567 1211 1603 Ἰησοῦ
1235 1567 1367 1603 Χριστοῦ,
1393 1568 1441 1596 καὶ
1458 1569 1475 1604 ἡ
1491 1568 1587 1604 ἀγάπη
1611 1569 1659 1596 τοῦ
1685 1569 1765 1602 Θεοῦ,
1788 1569 1836 1596 καὶ

1046 1614 1060 1648 ἡ
1075 1613 1203 1641 κοινωνία
1213 1613 1260 1641 τοῦ
1271 1614 1351 1650 ἁγίου
1366 1614 1528 1651 Πνεῦματος
1540 1615 1610 1651 μετὰ
1622 1615 1733 1643 πάντων
1745 1615 1832 1652 ὑμῶν.

1049 1660 1146 1695 Ἀμήν.

1080 1705 1166 1732 Τοῦτό
1190 1713 1284 1741 φησιν,
1311 1706 1406 1742 ἐπειδὴ
1432 1707 1525 1734 πολλοὶ
1541 1704 1612 1743 ἦσαν
1629 1707 1653 1734 oi
1672 1707 1831 1743 πειρασμοὶ,

1043 1752 1090 1778 καὶ
1106 1751 1219 1787 μεγάλοι
1234 1752 1260 1778 al.
1274 1751 1403 1780 κίνδυνοι.

1049 1796 1177 1831 Ἐτράερη
1192 1797 1252 1825 ἀπὸ
1269 1798 1428 1825 Φιλίππων
1446 1798 1500 1833 τῆς
1513 1797 1702 1829 Μακεδονίας
1715 1797 1763 1824 διὰ
1776 1797 1831 1824 τοῦ

1076 1842 1179 1871 Λυυκᾱ
1206 1844 1256 1871 καὶ
1285 1844 1381 1872 Τίτου.
1411 1844 1490 1879 Πρὸς
1517 1843 1740 1879 Κορινθίους-β’,
1767 1843 1831 1870 στί-

1081 1898 1130 1925 χοι
1146 1890 1214 1925 χιβκ

833 1951 951 1980 VARLE
971 1952 1172 1984 LECTIONES.

258 2005 273 2021 *ι
286 1999 449 2028 Eustathius
469 1997 627 2030 Sulcensis.
637 1997 724 2033 στίχοι
736 1995 794 2031 φειδ,
811 2004 902 2025 versus
918 1997 980 2026 590.

526 2176 613 2219 ΕΙΣ
665 2175 989 2220 ΕΠΙΣΤΟΛΗΝ

1045 2174 1191 2220 ΠΡΟΣ
1241 2172 1504 2219 ΓΑΛΑΤΑΣ.

255 2315 312 2424 ς”ἒ
602 2349 663 2395 IN
707 2347 1043 2395 EPISTOLAM
1070 2349 1144 2394 AD
1170 2350 1444 2397 GALATAS.

447 2514 562 2546 CAPUT
589 2515 738 2545 PRIMUM.

236 2575 319 2605 νω.
339 2576 366 2603 Ι.
383 2584 395 2601 ι
412 2573 516 2603 Paulus
529 2574 681 2611 apostolus,
697 2582 753 2602 non
769 2582 803 2603 ex
817 2575 988 2611 hominibus,

199 2629 289 2656 noque
307 2629 355 2656 per
382 2621 534 2659 hominem,
549 2621 600 2649 sed
623 2628 673 2656 per
694 2619 788 2649 Jesum
804 2621 946 2651 Christum
961 2627 990 2652 et

198 2665 284 2694 Deum
303 2664 423 2693 Patrem.
441 2675 451 2692 ι

234 2710 273 2737 Ex
289 2709 393 2738 Judaais
412 2711 459 2746 qui
479 2711 669 2746 crediderant,
683 2713 749 2748 quia
765 2712 899 2742 Judaismi
917 2721 987 2749 prte-

198 2756 314 2792 judiciis
329 2757 456 2793 occupati
467 2762 559 2791 erant,
577 2765 688 2786 necnon
707 2759 798 2787 inanis
809 2759 904 2795 gloriae
916 2765 985 2789 testu

200 2801 284 2840 ebrii,
304 2805 334 2829 ut
352 2802 405 2830 sibi
430 2804 625 2839 magistrorum
644 2805 741 2833 titulos
765 2811 939 2842 arrogarent,
958 2806 987 2835 in

1253 2523 1452 2553 ΚΕΦΔΛΔΙΟΝ
1471 2524 1622 2555 ΠΡΩΤΟΝ.

1079 2587 1090 2606 ι
1110 2579 1216 2612 Παῦλος
1239 2580 1398 2615 ἀπόστολος,
1418 2582 1468 2609 οὐκ
1494 2583 1542 2611 ἀπ’
1564 2585 1717 2620 ἀνθρώπων
1734 2609 1740 2620 ,
1769 2587 1830 2614 οὐδὲ

1041 2625 1075 2652 δι’
1092 2625 1249 2661 ἀνθρώπου,
1275 2626 1343 2654 ἀλλὰ
1366 2627 1409 2654 διὰ
1426 2628 1513 2664 Ἰησοῦ
1534 2630 1665 2666 Χριστοῦ,
1685 2632 1733 2659 καὶ
1762 2631 1829 2659 Θεοῦ

1043 2672 1167 2708 ΠατρόςΝ
1175 2681 1185 2698 ι
1580 2674 1583 2675 ⁷

1076 2718 1108 2744 0t
1120 2717 1149 2751 ἑξ
1169 2718 1304 2746 Ἰουδαίων
1335 2720 1543 2756 πιστεύσαντες,
1561 2722 1630 2759 ὁμοῦ
1651 2723 1702 2759 μὲν
1718 2726 1752 2761 τῇ
1765 2733 1830 2760 προ-

1041 2763 1121 2799 λήψει
1147 2763 1197 2791 τοῦ
1215 2764 1384 2801 Ἰουδαϊσμοῦ
1411 2768 1600 2804 κατεχόμενοι,
1622 2769 1691 2805 ὁμοῦ
1706 2770 1734 2797 δὲ
1757 2779 1830 2798 κινο-

1040 2808 1116 2845 δοξίᾳ
1131 2809 1289 2845 μεθύοντες,
1316 2812 1362 2839 καὶ
1381 2811 1538 2849 βουλόμενοι
1554 2814 1721 2845 διδασκάλων
1747 2817 1829 2852 ﬁuit-
