2078 3116
189 141 242 174 777

778 139 817 168 ΙΝ
838 137 959 167 EPIST.
980 137 1031 166 AD
1051 136 1229 167 GALATAS.

1765 140 1818 172 778

192 206 266 234 ματα
293 197 399 228 ἑαυτοῖς
425 194 589 229 περιθεῖναι,
615 193 738 226 ἐλθόντες
754 195 792 226 εἰς
806 194 836 220 τδ
852 192 980 220 Γαλατῶν

1041 190 1171 219 Ialatiam
1189 192 1316 227 profecti,
1334 192 1469 220 docebant
1493 197 1620 228 oportere
1643 192 1818 227 circumcidi,

191 244 276 275 ἔθνος,
293 242 433 269 ἐδίδασκον
447 243 487 269 ὅτι
498 242 539 268 δεῖ
549 239 773 276 περιτέμνεσθαι,
785 239 832 266 καὶ
843 238 980 270 Σάϐϐατα,

192 290 239 316 καὶ
266 288 422 323 Νεομηνίας
452 288 560 321 τηρεῖν,
586 287 632 312 καὶ
650 285 686 321 μὴ
700 285 844 321 ἀνέχεσθαι
873 285 981 311 Παύλου

193 336 278 362 ταῦτα
290 333 479 369 ἀναιροῦντος.
495 334 525 359 Οἱ
545 332 600 366 γὰρ
617 332 681 367 περὶ
706 332 809 367 Πέτρον
824 331 871 357 καὶ
887 330 982 357 Ἰάκω-

193 381 254 412 ϐον,
273 380 321 407 καλ¹
340 380 478 413 Ἰωάννην,
506 378 602 412 φησὶν,
625 377 711 404 ταῦτα
728 378 757 403 οὐ
774 376 939 409 κωλύουσιν,
958 377 982 401 οἱ

192 427 297 463 πρῶτοι
313 426 367 452 τῶν
386 425 553 452 ἀποστόλων.
582 422 665 455 Οὗτος
689 424 739 459 μὲν
765 422 819 457 γὰρ
844 422 908 457 χθὲς
935 421 983 448 καὶ

195 475 315 508 σήμερον
330 472 428 507 ἐφάνη,
444 473 543 498 ἐκεῖνοι
555 471 583 497 δὲ
599 471 714 505 πρῶτοι,
734 470 758 496 οἱ
773 469 836 504 περὶ
857 468 961 503 Πέτρον
977 476 983 482 '

193 519 242 545 καὶ
256 516 334 550 οὗτος
361 519 411 553 μὲν
439 517 562 553 μαθητὴς
582 517 636 543 τῶν
660 515 828 547 ἀποστόλων,
845 515 942 541 ἐκεῖνοι
955 514 983 540 δὲ

194 564 241 591 τοῦ
266 563 396 599 Χριστοῦ·
421 564 467 590 καὶ
480 560 559 594 οὗτος
585 563 674 597 μόνος,
699 562 797 588 ἐκεῖνοι
819 561 847 587 δὲ
869 560 983 592 πολλοὶ,

194 611 241 636 καὶ
269 609 360 636 στύλοι
393 609 442 642 τῆς
464 608 637 640 Ἐκκλησέας.
657 607 733 634 Ἐπεὶ
761 604 807 633 οὖν
830 607 984 641 ἔμπροσθεν

194 656 263 683 εἶδεν
286 656 363 686 ἔθνος
390 655 547 689 ὁλόκληρον,
574 653 620 680 καὶ
646 653 736 688 πυρὰν
749 654 781 679 ἐκ
792 653 841 688 τῆς
856 652 984 679 Γαλατῶν

195 701 361 735 ἀναφθεῖσαν
384 699 558 734 Ἐκκλησίας,
573 698 734 734 γράφειτὴν
758 697 902 733 ἐπιστολὴν
919 697 984 732 πρὸς

178 738 304 776 .ἆπαντα
320 747 406 775 ταῦτα
435 746 663 781 ἀπολογούμενος,
695 746 742 772 καὶ
775 746 806 771 ἐκ
835 744 985 779 προοιμίων

196 795 297 826 εὐθέως
331 794 400 829 πρὸς
425 794 514 820 ἐκεῖνο
549 792 740 823 ἀνατείνεται,
760 792 774 817 ὃ
803 790 986 825 διορύττοντες

197 841 279 867 αὐτοῦ
304 841 353 876 τὴν
377 839 512 874 ὑπόληψιν
545 838 647 872 ἔλεγον,
675 838 715 864 ὅτι
735 837 759 863 οἱ
778 837 827 871 μὲν
848 835 922 862 ἄλλοι
938 833 985 860 τοῦ

1033 243 1059 264 et
1086 238 1236 266 observare
1260 238 1382 266 Sabbata
1402 242 1431 266 et
1446 237 1624 272 Ncomcnias,
1639 247 1690 266 nee
1704 238 1819 266 Paulum

1033 291 1094 310 esse
1107 284 1281 311 tolerandum
1297 285 1343 319 qui
1362 286 1419 312 hzec
1430 286 1551 313 auferret
1569 295 1574 313 :
1590 285 1698 313 Petrum
1709 286 1819 320 quippe.

1033 327 1176 360 Jacobum,
1193 333 1219 356 et
1230 328 1376 362 Joannem,
1395 330 1442 364 qui
1469 331 1573 365 primas
1596 331 1668 358 inter
1681 331 1821 365 apostolos

1036 373 1175 406 tenebant,
1209 382 1240 401 ea
1271 382 1325 401 non
1356 375 1520 410 prohibere:
1554 384 1615 403 cutn
1641 377 1685 405 hic
1710 377 1820 404 vixdum

1036 418 1093 444 heri
1114 422 1141 445 et
1157 419 1235 446 hodie
1251 419 1412 454 prodiisset,
1432 419 1532 448 Petrus
1553 428 1618 448 vero
1635 423 1711 456 prior
1730 426 1821 449 esset:

1035 470 1119 498 atque
1149 464 1194 492 hic
1207 465 1317 500 quidem
1348 466 1539 501 apostolorum
1564 471 1638 494 esset
1654 467 1821 502 discipulus.

1036 510 1075 536 illi
1095 518 1159 537 vero
1182 510 1286 537 Christi
1304 520 1311 538 :
1329 511 1375 538 hic
1400 512 1491 545 solus,
1511 512 1551 538 illi
1571 512 1736 546 complures,
1756 513 1821 547 ipsi-

1035 563 1088 590 que
1108 556 1244 583 columnae
1269 556 1411 585 Ecclesirc.
1433 557 1554 584 Proinde
1574 565 1636 584 cum
1660 562 1723 585 ante
1738 558 1824 585 vidis-

1036 607 1076 630 set
1101 607 1211 637 gentem
1236 603 1309 629 illam
1328 610 1359 630 ex
1375 607 1433 630 toto
1451 603 1530 638 157
1546 611 1641 631 sanam
1660 612 1721 631 esse
1736 608 1762 631 et
1783 605 1826 630 in-

1036 648 1183 681 columem,
1212 653 1270 675 tum
1303 649 1422 676 subinde
1447 657 1479 677 ex
1505 649 1664 677 Galatarum
1702 649 1824 677 Ecclesia

1037 693 1195 720 incendium)
1224 694 1350 726 excitari,
1379 695 1523 729 epistolam
1546 695 1668 730 scripsit,
1689 703 1743 729 qua
1766 702 1825 722 mo-

1037 739 1135 766 mentis
1159 740 1220 767 istis
1254 740 1384 768 omnibus
1413 740 1562 773 satisfacit,
1602 745 1683 775 atque
1708 740 1825 775 ipsomet

1037 786 1152 813 exordio
1178 787 1205 813 in
1234 787 1299 814 illud
1319 786 1413 814 statim
1433 787 1563 820 intendit,
1587 788 1659 822 quod
1678 792 1706 814 ut
1723 795 1826 815 conce-

1037 836 1110 865 ptam
1128 831 1160 858 de
1183 833 1243 866 ipso
1264 832 1499 860 existimationem
1527 832 1688 865 effoderent,
1710 833 1826 867 objicie-

197 868 416 921 Χριστοῦίοῦτος
433 868 464 911 δὲ.
472 884 525 911 τῶν
540 884 699 911 ἀποστόλων
716 883 825 917 γέγονεν
847 881 984 917 μαθητής.

1041 876 1122 908 bant;
1139 881 1203 911 puta
1221 877 1290 905 alios
1305 878 1415 912 quidem
1434 879 1588 913 discipulos
1605 879 1707 906 Christi
1730 879 1826 911 fuisse,

263 976 316 1003 Τοῦ
332 975 491 1011 ἐγείραντος
506 975 587 1002 αὑτὸν
605 976 636 1001 ἐκ
652 973 766 1009 νεκρῶν.
782 982 790 998 ι

234 1022 284 1049 Διὰ
302 1021 327 1048 τί
342 1022 392 1048 οὐκ
403 1021 457 1047 ἀπὸ
475 1021 529 1047 τῶν
551 1019 710 1055 θεοπρεπῶν
726 1018 837 1053 ἤρξατο,
865 1017 921 1043 ἀλλ’
939 1017 985 1043 ἀπ’

199 1068 281 1096 αὑτοῦ
303 1067 351 1094 τοῦ
379 1067 483 1098 πάθους
499 1075 506 1100 ;
522 1066 583 1093 Ὂτι
608 1066 702 1100 ἐπειδὴ
718 1065 755 1096 ὡς
786 1064 928 1098 μέλλοντες
944 1071 985 1089 τι-

201 1114 371 1150 μωρεῖσθαι,
396 1114 421 1140 εί
445 1114 593 1140 ἀποσταῖεν
623 1112 669 1138 τοῦ
697 1112 797 1147 νόμου,
826 1109 987 1141 ἐστασίαζον

200 1161 267 1196 πρὸς
295 1159 387 1191 αὑτὸν,
408 1158 452 1185 διὰ
473 1158 552 1185 τοῦτο
574 1157 737 1193 πράγματος
763 1158 897 1192 μέμνηται
908 1156 941 1182 δι’
957 1151 987 1181 οὗ

200 1206 290 1232 πᾶσαν
302 1204 427 1231 ἐκϐάλλει
455 1203 501 1229 τοῦ
516 1203 599 1238 νόμον
618 1202 667 1237 τὴν
679 1202 784 1237 χρείαν.
802 1201 879 1235 Λέγω
891 1201 923 1236 δὴ
939 1201 987 1236 τὴν

201 1253 233 1278 ἐκ
243 1251 288 1278 τοῦ
304 1249 423 1286 σταυροῦ
441 1250 487 1276 καὶ
504 1250 553 1284 τῆς
566 1248 744 1279 ἀναστάσεως
759 1247 848 1273 αἰτίαν
873 1247 987 1281 γενομέ-

205 1307 249 1334 νην
264 1298 350 1324 ἅπασι
369 1296 515 1331 σωτηρίας.

238 1353 247 1369 ‹
269 1344 324 1370 Καὶ
339 1344 363 1369 οί
376 1343 424 1368 σὺν
440 1342 501 1378 ἐμοὶ
514 1342 614 1372 πάντες
630 1341 751 1375 ἀδελφοί,
765 1349 773 1366 i

237 1390 308 1425 Πρὸς
318 1390 407 1416 ἐκεῖνο
422 1389 501 1416 πάλιν
514 1388 700 1420 ἀποτείνεται,
713 1387 742 1413 τὸ
754 1387 844 1420 λέγειν
857 1386 987 1417 ἐκείνους,

201 1436 243 1463 ὅτι
258 1437 272 1462 ὁ
289 1436 339 1471 μὲν
364 1434 470 1466 Παῦλος
484 1431 534 1467 εἷς,
559 1435 582 1459 ei
603 1434 631 1460 δὲ
651 1433 804 1464 ἀπόστολοι,
826 1431 932 1458 πολλοί·
950 1431 990 1457 διὸ

203 1482 303 1517 πλῆθος
329 1481 498 1516 ἐπεισήγαγε
517 1481 564 1506 σὺν
588 1479 673 1514 αὐτῷ,
704 1479 752 1505 καὶ
777 1479 827 1512 οὐχ
852 1477 946 1512 ὥσπερ
961 1477 990 1502 ὲν

1039 922 1128 957 ipsum
1145 930 1208 950 vero
1225 924 1422 958 apostolorum.

1078 979 1086 993 ι
1107 968 1158 1001 Qui
1176 969 1321 996 suscitavit
1335 977 1397 996 eum
1418 977 1432 996 a
1447 970 1574 997 mortuis.
1595 980 1604 996 ι

1075 1014 1164 1047 Quare
1191 1022 1257 1042 vero
1277 1022 1332 1042 non
1362 1023 1377 1042 a
1406 1015 1587 1043 divinior-ibus
1610 1015 1712 1043 Christi
1744 1017 1827 1052 gestis

1039 1058 1182 1086 exordium
1209 1059 1296 1092 ducit,
1324 1060 1371 1088 sed
1400 1067 1414 1086 a
1435 1060 1565 1095 passione
1591 1061 1700 1096 ipsius?
1727 1061 1828 1097 Utique

1040 1110 1102 1130 cum
1119 1103 1157 1130 illi
1175 1103 1309 1132 adversus
1323 1105 1412 1140 ipsum
1427 1105 1613 1140 insurgerent,
1629 1111 1757 1142 tanquam
1768 1115 1827 1143 pa:-

1041 1157 1090 1176 nas
1106 1149 1197 1177 daturi
1215 1150 1238 1178 si
1262 1150 1428 1178 defecissent
1446 1158 1460 1178 a
1482 1151 1553 1187 lege,
1571 1152 1676 1180 idcirco
1691 1161 1750 1180 eam
1769 1162 1827 1181 rem

1040 1199 1250 1226 commemorat,
1279 1203 1332 1229 qua
1357 1195 1427 1230 legis
1452 1197 1603 1224 necessitas
1629 1198 1719 1226 omnis
1734 1198 1828 1225 exclu-

1041 1239 1173 1274 deretur;
1218 1249 1343 1273 crucem,
1377 1242 1499 1276 inquam,
1527 1246 1555 1269 et
1584 1245 1828 1278 resurrectionem,

1039 1293 1101 1320 qua:
1122 1287 1229 1313 cunctis
1245 1294 1327 1314 causa
1342 1287 1441 1315 salutis
1459 1288 1546 1316 fuere.

1079 1331 1161 1359 Vens.
1178 1332 1205 1359 2.
1224 1341 1233 1357 ‹
1253 1332 1285 1359 Ει
1300 1333 1347 1368 qui
1373 1340 1481 1360 mecum
1498 1338 1564 1361 sunt
1582 1343 1678 1363 onmes
1692 1335 1803 1363 fratres.
1817 1346 1826 1361 ι

1078 1378 1116 1405 Ad
1144 1378 1211 1405 illud
1235 1387 1346 1414 quoque
1371 1379 1516 1414 collineat,
1542 1382 1614 1416 quod
1634 1382 1672 1409 illi
1689 1382 1828 1413 dicebant.

1043 1423 1157 1449 Paulum
1179 1423 1289 1458 quidem
1308 1431 1371 1452 esse
1388 1425 1487 1458 solum,
1507 1425 1642 1461 plurimos
1656 1432 1746 1455 auletn
1764 1436 1830 1464 apo-

1044 1469 1138 1496 stolos.
1159 1468 1223 1496 Eam
1237 1471 1272 1498 ob
1294 1478 1350 1498 rem
1369 1471 1575 1500 multitudinem
1597 1481 1650 1500 una
1671 1482 1764 1501 secum
1782 1476 1831 1502 ad-

203 1514 327 1562 ὲτέραις’,
341 1527 358 1563 ἦ
370 1514 475 1557 Παῦλος
492 1526 581 1561 μόνον,
592 1525 609 1560 ἢ
627 1524 733 1555 Παῦλος
757 1524 802 1549 καὶ
818 1522 987 1558 Τιμόθεος,ῆ

1046 1514 1142 1542 duxit:
1180 1523 1235 1542 non
1264 1520 1367 1549 autem,
1395 1517 1630 1552 quemadmodum
1659 1520 1684 1546 in
1706 1519 1832 1555 epistolis

1049 1560 1106 1570 ,μμ
1137 1568 1144 1570 _
1172 1560 1228 1570 ,η
1256 1562 1262 1570 .
1349 1562 1356 1570 .
1689 1565 1706 1570 η
1748 1566 1754 1570 .

203 1575 250 1601 καὶ
262 1574 415 1606 Σιλουανός.

243 1674 252 1689 ε
271 1664 338 1694 Ταῖς
357 1661 532 1696 Ἐκκλησίαις
546 1661 596 1696 τῆς
609 1660 756 1691 Γαλατίας.
774 1670 782 1685 ι

242 1710 368 1736 Δείκνυσι
396 1708 426 1734 τὸ
451 1708 598 1741 ἀναγκαῖον
628 1707 676 1741 τῆς
708 1706 867 1740 ἐπιστολῆς,
894 1706 933 1731 ὅτι
962 1705 991 1730 οὺ

209 1758 257 1793 μία
271 1758 462 1784 κινδυνεύουσα
483 1755 631 1789 Ἐκκλησία
662 1755 772 1789 ἡγειρεν
788 1752 869 1780 αὐτοῦ
888 1753 937 1788 τὴν
951 1761 993 1778 το-

208 1805 309 1839 σαύτην
322 1803 450 1838 σπουδὴν,
466 1801 534 1828 ἀλλὰ
556 1801 657 1835 πλῆθος
682 1800 859 1834 Ἐκκλησιῶν.

245 1901 254 1916 ‹
275 1891 360 1926 Χάρις
376 1891 439 1924 ὑμῖν
460 1889 506 1915 καὶ
521 1888 617 1923 εἰρήνη
649 1887 703 1914 ἀπὸ
732 1886 800 1913 Θεοῦ
823 1885 930 1920 Πατρὶς
949 1886 999 1912 καὶ

207 1936 310 1972 Κυρίου
331 1933 418 1970 Ἰησοῦ
432 1933 560 1969 Χριστοῦ.
579 1942 588 1957 ι

242 1980 382 2015 Πανταχοῦ
414 1979 462 2014 μὲν
492 1977 570 2005 τοῦτο
591 1977 699 2012 τίθησι,
730 1975 846 2010 μάλιστα
858 1974 885 2000 δὲ
909 1973 995 2000 Γαλά-

207 2036 267 2057 ut;
291 2025 457 2053 ἐπιστέλλων
481 2024 540 2056 νῦν,
567 2023 660 2057 ἐπειδὴ
689 2022 737 2056 τῆς
765 2022 875 2057 χάριτος
889 2019 993 2046 ἐκινδύ-

208 2081 284 2099 νευον
298 2072 433 2104 ἐκπεσεῖν,
448 2071 479 2097 τὸ
492 2070 572 2097 πάλιν
585 2069 672 2095 ἐλθεῖν
688 2068 907 2104 περιτέμνεσθαι.

247 2172 256 2189 ε
273 2162 326 2190 Τοῦ
341 2153 431 2192 δόντος
449 2159 544 2186 ἑαυτὸν
562 2158 631 2193 ὑπὲρ
645 2157 700 2184 τῶν
725 2155 868 2192 ἁμαρτιῶν
880 2156 968 2191 ἡμῶν.
982 2165 991 2181 ι

243 2251 370 2286 Μυρίοις,
388 2249 481 2285 φησὶν,
497 2249 708 2285 περιεπάρημεν
735 2249 840 2280 κακοῖς.
869 2249 917 2275 καὶ
944 2248 993 2282 τῆς

209 2297 327 2332 ἐσχάτης
343 2293 414 2332 ἦμεν
429 2295 575 2322 ὑπεύθυνοι
604 2293 741 2326 κολάσεως
756 2302 762 2309 ·
784 2294 831 2320 καὶ
845 2295 860 2321 ὁ
877 2294 926 2329 μὲν
954 2294 995 2320 νό-

212 2352 260 2375 uo;
275 2343 306 2369 οὗ
322 2343 402 2377 μόνον
421 2342 452 2369 οὐ
467 2339 646 2375 κατήλλαξεν,
666 2339 735 2367 ἀλλὰ
745 2340 792 2367 καὶ
804 2341 994 2371 κατεδίκασεν,

209 2390 240 2415 τὸ
260 2388 309 2424 μὲν
328 2388 482 2424 ἁμάρτημα
507 2387 624 2422 φανερὸν
648 2386 790 2418 καθιστὰς,
813 2385 995 2420 ἐλευθερῶσαι

208 2435 237 2461 δὲ
250 2435 300 2461 οὐκ
319 2433 430 2469 ἰσχύων,
444 2432 506 2460 οὐδὲ
525 2431 629 2460 παῦσαι
654 2431 702 2459 τοῦ
728 2431 795 2458 Θεοῦ
820 2431 868 2467 τὴν
898 2431 994 2467 ὀργήν.

215 2480 245 2508 '0
258 2480 286 2507 δὲ
300 2480 366 2511 Tib;
379 2479 427 2507 τοῦ
441 2478 509 2506 Θεοῦ
520 2498 527 2511 ,
540 2478 627 2505 καὶτὸ
639 2477 770 2505 ἀδύνατον
783 2477 894 2504 δυνατὸν
905 2477 997 2512 ἐποίη-

212 2535 252 2559 σε,
265 2526 314 2558 τὰς
340 2526 477 2562 ἁμαρτίας
498 2526 593 2559 λύσας,
608 2525 655 2552 καὶ
670 2525 733 2556 τοὺς
748 2524 861 2559 ἐχθροὺς
874 2524 903 2549 ιν
921 2522 996 2556 τάξει

210 2573 296 2608 φίλων
310 2571 494 2607 καταστήσας.

242 2626 252 2643 ι
276 2619 373 2650 ὀπως
401 2617 525 2653 ἐξέληται
551 2618 625 2653 ἡμᾶς
650 2618 682 2644 ὲκ
711 2616 758 2643 τοῦ
784 2615 882 2648 αἰῶνος
915 2623 999 2650 πονη-

246 2671 296 2691 υοῗ

212 2671 344 2736 ιΛῃέλτῖίτδν
357 2709 453 2746 λρόψν
467 2706 543 2736 εἶπεν
555 2728 562 2740 ,
582 2707 652 2735 ἀλλὰ
665 2708 714 2743 τὴν
726 2712 739 2726 ν
754 2706 896 2742 παροῦσαν
925 2706 999 2742 ζωὴν

213 2756 334 2793 πονηρὰν
345 2755 457 2783 ἐκάλεσε
463 2775 470 2783 .

1046 1560 1119 1593 aliis,
1134 1565 1180 1588 aut
1196 1560 1298 1590 Paulus
1316 1562 1393 1590 solus
1413 1564 1601 1598 prtemittitur,
1627 1569 1675 1592 aut
1689 1565 1790 1594 Paulus
1804 1572 1832 1594 ct

1044 1606 1217 1640 Timotheus,
1237 1608 1292 1635 imo
1306 1610 1387 1636 etiarn
1408 1610 1547 1637 Silvanus.

1082 1661 1090 1675 ι
1112 1652 1243 1680 Eet'lcsiis
1260 1652 1383 1681 Galatiae.
1405 1664 1414 1680 ι

1081 1697 1225 1731 Significat
1240 1706 1301 1732 quae
1317 1700 1467 1727 necessitas
1494 1706 1601 1734 urgeret
1619 1701 1756 1729 scribendi
1773 1704 1831 1738 epi-

1045 1743 1161 1775 stolam;
1194 1744 1268 1778 quod
1301 1752 1398 1780 nempe
1423 1753 1477 1772 non
1493 1747 1575 1773 unius
1597 1747 1725 1774 Ecclesiae
1740 1749 1833 1783 cujus-

1045 1789 1107 1816 dam
1125 1789 1288 1822 discrimen,
1306 1795 1413 1817 tantum
1442 1791 1495 1819 sibi
1523 1792 1645 1819 studium
1676 1795 1832 1829 suggessis-
1879 1825 1883 1829 ,

1045 1838 1098 1865 set,
1116 1835 1161 1862 sed
1178 1835 1326 1862 multarunt
1342 1836 1435 1863 simul.

1082 1880 1164 1907 Vens.
1180 1881 1206 1908 5.
1226 1890 1234 1906 ι
1264 1881 1359 1908 Gratia
1386 1882 1463 1909 vobis
1477 1886 1502 1910 et
1528 1891 1579 1917 pax
1598 1890 1612 1909 a
1635 1882 1688 1910 Deo
1710 1883 1791 1912 Patre
1807 1889 1833 1912 et

1048 1926 1164 1953 Domino
1180 1926 1244 1954 Jesu
1262 1927 1384 1955 Christo.
1405 1937 1413 1953 ›

1082 1972 1137 2000 lloc
1169 1974 1279 2008 quidem
1313 1975 1414 2008 ubique
1443 1976 1545 2009 passim
1574 1976 1661 2010 ponit,
1687 1976 1713 2002 in
1737 1977 1834 2011 primis

1046 2025 1112 2045 vero
1127 2018 1193 2045 dmn
1210 2018 1242 2045 ad
1263 2018 1374 2045 Galatas
1391 2020 1498 2052 scribit,
1517 2020 1581 2054 quia
1607 2021 1757 2055 periculum
1774 2027 1833 2048 erat

1047 2072 1080 2091 ne
1109 2072 1123 2090 a
1149 2064 1238 2099 gratia
1265 2065 1435 2098 exciderent,
1466 2065 1489 2092 si
1519 2066 1618 2092 iterum
1651 2067 1833 2094 circumcide-

1047 2118 1093 2137 TCli
1100 2115 1153 2137 llll‘.

1086 2155 1169 2183 Vens.
1188 2156 1216 2188 4,
1233 2156 1259 2185 5.
1278 2166 1287 2182 ε
1304 2155 1356 2190 Qui
1379 2156 1455 2185 dedit
1479 2158 1657 2194 semetipsum
1675 2167 1724 2194 pro
1738 2167 1834 2195 pecca-

1009 2205 1032 2232 D
1047 2203 1082 2230 tis
1103 2203 1216 2230 nostris.
1235 2213 1244 2228 ι

1059 2263 1061 2265 ι
1089 2248 1245 2276 lnnumeris
1274 2250 1300 2276 in
1333 2250 1412 2277 malis
1437 2250 1570 2286 implicati
1595 2259 1716 2285 eramus,
1746 2257 1835 2281 extre-

1048 2296 1156 2330 misque
1182 2295 1328 2331 suppliciis
1358 2296 1470 2324 obnoxii
1489 2307 1495 2324 :
1516 2297 1557 2324 lex
1586 2305 1652 2325 vero
1678 2306 1730 2325 non
1755 2298 1836 2325 modo

1050 2349 1104 2368 non
1123 2342 1321 2374 reconciliavit,
1347 2342 1414 2377 quin
1432 2346 1459 2370 et
1482 2343 1692 2376 condemnavit;
1719 2351 1836 2378 cumque

1050 2392 1194 2423 peccatum
1212 2388 1270 2416 haec
1285 2388 1374 2423 palam
1398 2389 1565 2422 traduceret,
1584 2389 1735 2417 conciliare
1752 2390 1836 2418 liher-

1050 2438 1134 2461 tatem
1151 2442 1206 2462 non
1222 2435 1340 2466 valebat,
1365 2443 1415 2463 nec
1440 2437 1510 2462 iram
1529 2435 1574 2463 Dei
1591 2436 1697 2463 sedare.
1721 2436 1755 2463 At
1772 2444 1837 2463 vero

1051 2478 1099 2507 Dei
1125 2478 1213 2507 Filius
1238 2480 1264 2507 id
1286 2479 1357 2515 quod
1382 2479 1512 2515 possibile
1537 2488 1592 2507 non
1619 2484 1702 2514 esset,
1716 2481 1837 2516 peccatis

1051 2525 1151 2553 deletis
1179 2526 1311 2561 possibile
1341 2526 1470 2557 reddidit,
1489 2531 1547 2553 tum
1572 2526 1654 2554 etiam
1672 2534 1705 2554 ex
1720 2527 1838 2555 inimicis

1051 2572 1154 2599 amicos
1172 2571 1247 2599 fecit.

1091 2627 1100 2642 ε
1118 2617 1154 2645 Ut
1166 2617 1291 2653 eriperet
1302 2626 1352 2645 nos
1366 2618 1399 2645 de
1414 2618 1527 2647 smonlo.
1546 2628 1555 2644 ι

1094 2705 1153 2733 Νοη
1175 2710 1284 2741 tempus
1303 2705 1404 2739 intulit,
1423 2707 1469 2734 scd
1492 2707 1574 2734 vitam
1602 2710 1762 2742 praesentem
1788 2707 1840 2736 im-

1054 2753 1167 2788 probam
1185 2752 1341 2787 appellavit.

851 2810 967 2839 ῩΑΚΙΑΕ
986 2811 1188 2839 ῙλΕϐΤΙΟΝΕΞ.

264 2860 384 2887 *Ἀλλὰ
400 2859 469 2893 τήν.
490 2858 594 2886 Vereor
612 2867 647 2887 ne
662 2858 850 2894 exceptionem
871 2865 954 2894 quam
979 2859 1119 2887 interserit
1134 2858 1358 2894 Chrysostomus,
1379 2867 1428 2896 pro
1446 2865 1617 2892 exposxtione
1638 2861 1739 2890 Noster
1766 2868 1849 2891 acce-

355 2906 490 2936 PATnOL.
507 2906 565 2935 Gn.
579 2904 669 2937 XCV.

1639 2907 1677 2938 25
