2078 3116
251 126 305 158 ’Πθ

844 120 876 151 S.
895 120 1012 151 JOANN
1021 120 1063 150 lS'
1073 121 1286 151 DAMASCENI

1830 120 1884 152 780

292 191 302 208 ι
323 181 455 209 l‘rmsenti
477 186 616 214 nequam,
635 177 788 205 secundum
804 178 978 205 1oiuntatem
997 177 1042 204 Dei

1135 187 1144 203 ι
1166 178 1219 204 Τοῦ
1249 176 1397 208 ἐνεστῶτος
1422 175 1540 211 πονηροῦ
1563 176 1634 203 κατὰ
1656 175 1686 202 τὸ
1709 175 1815 211 θέλημα
1835 176 1881 202 τοῦ

251 233 280 255 et
295 227 386 256 Patris
402 226 489 254 nostri
505 235 512 253 :
529 225 575 253 cui
601 228 647 253 est
659 223 748 260 gloria
764 224 791 251 in
806 224 906 252 smcula
922 223 1042 251 saeculo-

254 281 326 301 rum.
343 273 440 300 Amen.
463 280 473 297 ι

285 318 369 346 Malas
383 317 506 345 actiones
520 316 599 348 dicit,
618 316 763 344 distortam
779 315 957 343 voluntatem.

1094 224 1162 251 Θεοῦ
1181 224 1230 250 καὶ
1247 224 1355 259 Πατρὸς
1374 223 1464 258 ἡμῶν,
1481 219 1503 257 ᾧ
1515 223 1532 258 ἡ
1549 222 1611 254 δόξα
1623 222 1662 254 εἰς
1685 223 1750 254 τοὺς
1781 221 1881 254 αίῶνας

1093 270 1147 297 τῶν
1163 269 1285 298 αἰώνων.
1300 269 1400 305 Ἀμήν.
1414 279 1423 295 ι

1111 314 1189 347 ⁴¹Τὰς
1212 316 1328 351 πράξεις
1343 315 1416 350 λέγει
1432 315 1482 347 τὰς
1498 314 1629 350 πονηρὰς,
1649 313 1697 350 τὴν
1721 313 1882 349 προαίρεσιν

1045 376 1052 383 ς
1075 367 1078 369 ⁷
1093 360 1391 397 τὴνδιεσιῖραμμένην.

287 405 371 434 Vens.
388 405 415 439 6,
430 405 456 433 ’1.
473 414 484 431 ι
502 404 587 432 Miror
602 404 675 440 quod
691 404 730 432 sic
747 408 802 431 tam
819 403 874 432 cito
896 402 1038 432 tran’s’feri-

253 452 319 479 mini
333 452 368 479 ab
382 458 416 479 eo
430 451 477 487 qui
500 458 550 479 vos
571 450 680 478 vocavit
704 450 731 477 in
755 449 876 486 gratiam
895 449 1010 478 Christi.
1027 458 1035 474 ι

289 495 347 524 lloe
362 495 440 529 mihi,
468 495 568 532 inquit,
592 500 734 531 stuporem
750 495 867 528 creavit,
884 495 957 529 quod
975 502 1037 521 cum

252 541 416 577 mysterium
432 541 527 577 gratiae
541 540 583 568 sic
603 540 694 568 edocti
706 543 815 574 essent,
830 543 859 567 ut
872 544 899 567 et
911 540 1038 567 doctores

254 587 314 616 fieri
338 590 454 623 possent
474 587 602 620 aliorum,
618 585 646 613 hi
678 589 734 613 tam
753 585 834 614 facile
851 585 1041 620 deceptoribus

254 633 482 663 auscultaverim.

292 730 302 746 c
320 721 350 749 In
369 721 442 748 aliud
467 720 658 756 Evangelium,
683 719 757 756 quod
781 727 835 747 non
862 723 904 747 est
930 719 1014 746 aliud.
1031 728 1039 744 ι

291 768 374 804 158
390 767 457 795 Nam
484 772 514 795 ut
528 767 627 795 Petrus
651 767 721 794 dicit
744 775 751 794 :
771 765 832 793 Non
857 765 984 793 estaliud
1000 774 1043 792 na-

255 822 313 841 msn
335 814 382 840 sub
405 813 469 841 coelo
489 814 582 841 datum
607 812 769 845 hominibus,
796 812 826 839 in
848 820 898 847 quo
924 816 1043 846 oporteat

255 867 303 886 nos
320 858 407 886 salvas
423 859 482 890 ﬁeri
497 859 532 887 η.

294 913 303 931 ι
321 904 379 933 Nisi
402 904 488 941 aliqui
510 909 588 937 sunt,
614 904 662 939 qui
686 911 736 932 vos
762 903 941 936 conturbant,
956 907 982 930 et
997 910 1044 930 vo-

255 952 315 979 lunt
328 956 491 979 convertere
509 949 687 986 Evangelium
701 949 817 977 Christi.
834 958 842 974 ι

291 996 375 1024 Recte
392 996 441 1028 ait,
457 995 503 1031 qui
520 1003 564 1022 vos
582 995 754 1028 conturbant,
774 1002 844 1027 non,
862 994 908 1029 qui
927 994 1043 1027 docent;

255 1047 285 1070 ut
299 1042 428 1070 ostendat
441 1048 501 1069 eam
517 1049 575 1068 rem
594 1048 697 1068 meram
712 1048 774 1068 esse
790 1041 992 1076 deceptionem.

289 1088 374 1116 Vsus.
391 1088 418 1115 8.
437 1087 464 1115 9.
496 1097 505 1114 ι
533 1087 588 1116 Sed
606 1088 672 1116 licet
701 1095 764 1120 nos,
796 1091 844 1114 aut
871 1087 986 1123 angelus
1011 1086 1046 1114 de

255 1136 329 1164 coelo
344 1134 517 1171 evangelizet
530 1133 614 1161 uvobis
639 1138 822 1170 praeterquam
838 1133 913 1168 quod
929 1139 1045 1168 evange-

256 1181 401 1210 lizavimus
417 1181 508 1213 vobis,
526 1180 674 1208 anathema
690 1180 737 1207 sit.
757 1179 836 1207 Sient
855 1178 1045 1214 prmdiximus,

256 1233 283 1255 et
299 1235 375 1255 nunc
389 1227 488 1254 iterum
503 1225 585 1253 dico:
602 1225 626 1252 si
642 1224 705 1260 quis
723 1224 801 1252 vobis
815 1222 1048 1259 evangelizavcrit

258 1278 356 1309 praeter
368 1273 394 1300 id
410 1271 483 1307 quod
497 1269 655 1306 accepistis,
672 1269 818 1296 anathema
834 1268 880 1296 sit.
901 1277 911 1295 ι

294 1318 361 1346 Vide
389 1317 567 1353 prudentiam
593 1315 742 1350 Apostoli:
773 1314 814 1342 Ne
840 1314 904 1349 quis
933 1313 1046 1346 diceret,

258 1373 319 1394 eum
345 1363 440 1392 inanis
461 1362 557 1398 gloriae
577 1361 715 1390 desiderio
733 1360 844 1397 propria
863 1361 966 1396 placita
981 1367 1046 1387 ven-

258 1413 359 1444 ditare,
374 1412 462 1438 semet
476 1408 646 1436 anathemati
662 1408 799 1436 devovere
821 1414 876 1435 non
899 1406 1048 1434 dubitavit.

260 1457 292 1484 Et
308 1456 373 1492 quia
388 1455 429 1482 illi
447 1454 480 1482 ad
495 1454 677 1482 auctoritates
691 1453 900 1488 confugiebant,
913 1451 1049 1479 Joannem

259 1507 325 1539 puta
336 1506 364 1530 et
379 1500 516 1529 Iacobum
527 1521 534 1533 ,
549 1507 610 1527 eam
628 1499 663 1527 ob
679 1506 735 1526 rem
754 1498 866 1533 angelos
879 1504 1047 1525 commem0<

261 1531 341 1576 ravit.
361 1546 457 1583 Neque
480 1531 553 1574 enim
577 1545 646 1573 mihi
668 1531 803 1572 Jacobqu
820 1547 847 1571 et
858 1543 992 1571 Joannem
1008 1543 1047 1570 ei-
1063 1531 1085 1561 c

260 1594 364 1622 laveris
379 1602 386 1620 :
407 1599 470 1620 nam
484 1591 611 1628 quamvis
624 1598 656 1618 ex
671 1589 842 1625 primoribus
855 1588 961 1625 angelis
978 1595 1050 1616 unus

261 1641 306 1674 sit,
324 1640 372 1676 qui
399 1637 622 1675 praedicationem
655 1635 813 1669 labefactat,
843 1635 889 1663 ille
920 1635 957 1663 sit
984 1641 1047 1662 ana-

262 1685 377 1715 thema?

296 1729 380 1758 Vens.
404 1729 449 1757 io.
465 1737 476 1755 ι
505 1727 585 1756 Modo
603 1727 678 1756 enim
698 1727 861 1754 hominibus
884 1726 998 1759 suadeo,
1017 1733 1051 1754 an

263 1775 340 1804 Deo?
356 1785 366 1802 ι

297 1821 366 1850 Nam
381 1821 433 1850 etsi
445 1820 505 1849 haec
517 1819 643 1849 docendo
655 1826 702 1847 vos
715 1819 823 1855 decipio
834 1840 841 1853 ,
858 1819 967 1855 inquit,
981 1827 1052 1847 nun-

263 1868 330 1905 quid
350 1872 378 1896 et
399 1867 456 1896 Deo
471 1867 576 1895 valeam
593 1866 747 1902 imponere,
765 1865 810 1893 cui
826 1869 970 1900 perspecta
986 1869 1050 1892 sunt

264 1921 364 1942 arcana
386 1912 578 1949 cogitationis,
600 1916 629 1940 et
643 1911 688 1940 cui
703 1918 752 1946 per
772 1911 864 1938 omnia
882 1912 995 1947 placere
1010 1914 1049 1938 to-

258 1961 301 1989 tis
318 1959 419 1989 studiis
433 1958 594 1987 contendo?

301 2017 312 2034 ι
328 2006 357 2035 Si
377 2005 469 2034 adhuc
494 2004 654 2033 hominibus
669 2004 815 2039 placerem,
835 2011 932 2032 servus
951 2003 1054 2032 Christi

265 2061 320 2081 non
339 2060 443 2081 essem.
461 2050 558 2088 [Vnam
577 2050 634 2087 1L]
651 2050 754 2078 Notum
777 2050 851 2077 enim
869 2049 949 2078 vobis
967 2049 1051 2083 facio,

266 2099 376 2132 fratres,
389 2097 578 2133 Evangelium,
595 2095 669 2132 quod
681 2096 900 2131 evangelizatum
913 2099 957 2124 est
971 2102 986 2122 a
1001 2103 1054 2128 me,

266 2144 331 2180 quia
347 2151 402 2171 non
416 2147 459 2171 est
476 2142 629 2171 secundum
647 2142 802 2169 hominem.
822 2151 832 2168 ι

1134 415 1143 431 ι
1161 405 1298 441 Θαυμάζω
1326 406 1367 432 ὅτι
1390 405 1461 433 οὕτω
1484 405 1591 441 ταχέως
1620 404 1797 440 μετατίθεσθε
1830 405 1883 432 ἀπὺ

1096 451 1143 478 τοῦ
1158 451 1322 483 καλέσαντος
1335 451 1407 487 ὑμᾶς
1424 453 1452 478 έν
1461 451 1553 487 χάριτι
1566 451 1696 486 Χριστοῦ.
1713 460 1721 476 ι

1132 497 1300 533 Τοῦτόμοι,
1326 497 1403 533 φησι,
1440 497 1490 532 τὴν
1517 497 1617 531 πολλὴν
1644 496 1774 529 ἔκπληξιν
1798 497 1878 532 ἤγει-

1096 553 1152 580 ρεν,
1180 545 1220 571 ὃτι
1236 544 1261 571 οί
1277 543 1365 574 οὕτως
1380 543 1410 570 τὸ
1424 543 1473 578 τῆς
1497 543 1607 578 χάριτος
1638 541 1807 577 διδαχθέντες
1827 550 1879 577 μνη

1094 591 1223 626 στήριον,
1248 589 1286 621 ὡς
1309 588 1440 616 δύνασθαι
1463 589 1511 614 καὶ
1539 587 1641 623 ἐτέρων
1659 587 1812 614 διδάσκαλοι
1837 587 1881 621 γί-

1093 638 1195 670 νεσθαι,
1211 632 1284 662 οὗτοι
1308 633 1429 670 εὐχερῶς
1445 633 1532 665 οὕτως
1555 634 1611 665 τοῖς
1632 632 1758 663 ἀπατῶσι
1777 632 1883 659 πείθον-

1092 690 1146 710 ται.

1138 736 1146 752 ι
1170 725 1217 758 Et;
1226 726 1320 762 ἕτερον
1338 723 1515 759 Εὖαγγέλιον,
1532 722 1605 750 ὂοὺκ
1620 722 1692 749 ἔστιν
1706 721 1780 749 ἄλλο.
1795 732 1803 748 ι

1133 772 1177 803 Ὠς
1188 772 1242 807 γὰρ
1253 772 1266 798 ὁ
1278 770 1380 806 Πέτρος
1395 768 1476 805 φησὶν
1486 789 1493 802 ,
1512 762 1563 795 ὅτι
1584 768 1645 794 Οὐκ
1671 767 1757 794 ἔστιν
1780 767 1883 801 ἕτερον

1094 818 1188 852 ὄνομα
1203 818 1262 845 ὑπὸ
1281 816 1335 843 τὸν
1352 814 1482 849 οὐρανὸν
1495 814 1529 841 τὸ
1544 813 1706 848 δεδομένον
1719 812 1754 840 ἐν
1773 812 1884 846 ἀνθρὼ-

1045 860 1079 888 ’Β
1094 872 1178 898 ποις,
1191 863 1226 890 ἐν
1239 859 1264 896 ᾧ
1279 862 1325 889 δεῖ
1337 861 1471 896 σωθῆναι
1487 860 1574 895 ἡμᾶς.

1133 919 1144 936 ‹
1161 910 1192 936 El
1208 910 1244 945 μή
1261 908 1334 940 τινές
1348 908 1417 934 εἰσιν
1431 907 1455 934 οἱ
1468 906 1650 941 ταράσσοντες
1676 906 1759 940 ὑμᾶς,
1781 905 1828 931 καὶ
1841 905 1887 932 θέ-

1094 957 1188 987 λοντες
1219 953 1405 990 μεταστρέψαι
1420 953 1450 979 τὸ
1466 951 1634 987 Εὺαγγέλιον
1655 951 1702 977 τοῦ
1719 951 1848 987 Χριστοῦ.
1870 960 1879 975 ι

1131 999 1168 1028 Εὖ
1200 1000 1247 1034 τὸ,
1282 999 1509 1034 ταράσσοντες,
1539 997 1570 1024 οὐ
1599 997 1788 1029 διδάσκοντες,
1821 995 1886 1022 οὐδὲ

1096 1047 1234 1078 πείθοντες
1244 1054 1251 1062 ·
1259 1045 1269 1072 ’ί
1277 1054 1308 1072 να
1317 1044 1390 1080 δείξῃ
1405 1043 1513 1079 ἀπάτης
1523 1043 1606 1079 μόνης
1613 1042 1643 1069 τδ
1661 1043 1777 1078 πρᾶγμα
1790 1041 1832 1068 ὃν.

1135 1102 1144 1119 ι
1165 1091 1245 1119 Ἀλλὰ
1274 1091 1321 1119 καὶ
1348 1091 1396 1118 ἐὰν
1415 1090 1496 1126 ἡμεῖς
1510 1090 1527 1125 ἢ
1540 1088 1656 1123 ἄγγελος
1671 1088 1700 1120 ἐξ
1712 1086 1826 1123 οὐρανοῦ
1840 1086 1885 1112 εὐ-

1097 1137 1275 1174 αγγελίζηται
1291 1137 1358 1171 παρ’
1376 1136 1390 1164 ὃ
1406 1134 1645 1171 εὐηγγελισάμεθα
1663 1134 1727 1170 ὑμῖν
1740 1154 1747 1166 ,
1764 1132 1887 1167 ἀνάθεμα

1098 1186 1178 1212 ἔστω.
1197 1186 1241 1216 Ὠς
1262 1183 1478 1220 προειρήκαμεν,
1504 1182 1552 1208 καὶ
1577 1181 1640 1217 ἄρτι
1659 1179 1740 1206 πάλιν
1763 1179 1844 1213 λέγω*
1861 1177 1888 1204 εἴ

1097 1241 1139 1264 τις
1156 1231 1229 1266 ὑμᾶς
1242 1229 1449 1264 εὐαγγελίζεται
1465 1228 1530 1263 παρ’
1540 1227 1554 1253 ὃ
1570 1225 1751 1262 παρελάϐετε,
1764 1223 1887 1259 ἀνάθεμα

1099 1278 1178 1304 ἔστω.
1198 1286 1207 1303 ι

1136 1324 1206 1359 Ὅρα
1226 1322 1333 1350 σύνεσιν
1348 1320 1540 1356 ὰποστολικήν·
1559 1319 1619 1347 Ἵνα
1632 1318 1686 1354 γὰρ
1703 1318 1739 1354 μή
1755 1326 1796 1349 τις
1809 1316 1886 1353 λέγῃ,

1099 1371 1141 1398 ὅτι
1168 1367 1323 1402 κενοδοξίας
1349 1367 1443 1395 ἕνεκεν
1455 1366 1490 1393 τὰ
1503 1366 1558 1393 ίδια
1586 1365 1731 1400 συγκροτεῖ
1755 1363 1888 1398 δόγματα,

1100 1415 1147 1443 καὶ
1177 1414 1258 1442 αὑτὸν
1281 1412 1488 1448 ἀνεθεμάτισεψ
1516 1410 1611 1446 ἐπειδὴ
1635 1408 1663 1436 δὲ
1689 1410 1728 1441 είς
1745 1407 1889 1443 ἀξιώματα

1100 1461 1266 1496 κατέφυγον,
1290 1458 1420 1486 Ἰάκωϐον
1440 1457 1488 1485 καὶ
1503 1456 1640 1492 Ἰωάννην,
1665 1455 1709 1481 διὰ
1735 1453 1815 1481 τοῦτο
1841 1451 1891 1478 καὶ

1101 1508 1225 1543 ἀγγέλων
1259 1505 1395 1542 ἐμνήσθη.
1437 1503 1484 1539 Μὴ
1509 1503 1564 1538 γάρ
1592 1509 1638 1537 μοι
1657 1499 1784 1527 Ἰάκωϐον
1810 1498 1891 1534 εἴπῃς

1103 1555 1150 1582 καὶ
1188 1553 1326 1588 Ἰωάννην.
1365 1551 1425 1579 Κᾶν
1449 1550 1504 1586 γὰρ
1538 1549 1592 1576 τῶν
1620 1546 1737 1583 πρώτων
1768 1544 1890 1580 ἀγγέλων

1101 1602 1178 1641 ᾖτις,
1191 1602 1258 1638 φησι
1277 1623 1284 1635 ,
1297 1599 1464 1635 διαφθείρων
1473 1599 1504 1626 τὸ
1514 1598 1657 1633 κήρυγμα,
1669 1595 1795 1630 ἀνάθεμα
1807 1593 1887 1619 ἔστω.

1140 1743 1150 1760 ‹
1170 1733 1250 1770 ’Ἀρτι
1262 1732 1317 1768 γὰρ
1337 1730 1499 1766 ἀνθρώπους
1517 1728 1603 1756 πείθω
1613 1748 1621 1761 ,
1638 1728 1655 1764 ἢ
1670 1727 1714 1754 τὸν
1727 1726 1811 1758 Θεόν;
1826 1733 1836 1752 ι

1141 1825 1172 1852 El.
1189 1824 1237 1851 καὶ
1253 1823 1326 1859 ὑμᾶς
1337 1822 1462 1858 ἡπάτων,
1477 1819 1555 1855 φησὶ,
1575 1818 1664 1846 ταῦτα
1679 1817 1776 1851 λέγων,
1794 1815 1832 1852 μὴ
1846 1817 1891 1843 καὶ

1103 1871 1149 1898 τὸν
1162 1870 1228 1898 Θεὸν
1244 1867 1483 1905 παραλογίσασθαι
1501 1866 1630 1901 δύναμαι,
1647 1864 1693 1891 τὸν
1703 1863 1736 1891 τὰ
1748 1863 1893 1899 ἀπόρρητα

1104 1918 1154 1952 τῆς
1168 1915 1288 1947 διανοίας
1302 1915 1402 1946 εἰδότα,
1418 1913 1465 1940 καὶ
1476 1909 1498 1947 ᾧ
1513 1913 1590 1939 πᾶσά
1605 1920 1651 1947 μοι
1671 1910 1773 1945 σπουδὴ
1783 1909 1830 1936 καὶ
1848 1909 1893 1936 διὰ

1105 1962 1215 1990 πάντων
1230 1960 1359 1997 ἀρέσκειν
1372 1969 1380 1994 ;

1149 2017 1158 2034 ι
1177 2000 1209 2035 Εἴ
1239 2006 1280 2033 ἔτι
1309 2004 1463 2041 ἀνθρώποις
1488 2005 1627 2040 ἤρεσκον,
1653 2001 1773 2039 Χριστοῦ
1801 2001 1893 2033 δοῦλος

1106 2055 1140 2082 ἂν
1151 2055 1236 2089 ήμην.
1270 2050 1399 2087 Γνωρίζω
1421 2050 1475 2085 γάρ
1501 2050 1576 2086 ὑμῖν,
1592 2048 1711 2082 ἀδελφοὶ,
1727 2048 1757 2075 1b
1770 2047 1894 2081 Εὐαγγέ-

1106 2101 1173 2134 λιον,
1185 2100 1216 2126 τὸ
1230 2097 1424 2132 εὐαγγελισθὲν
1450 2096 1495 2123 ὑπ’
1509 2095 1588 2131 ἐμοῦ,
1606 2097 1647 2123 ὅτι
1671 2094 1721 2122 οὐκ
1738 2094 1795 2120 ἔστι
1823 2092 1894 2120 κατά

1107 2147 1156 2176 ἄνθ
1160 2155 1260 2182 ρωπον.
1270 2155 1282 2172 θ

305 2189 333 2216 Si
349 2189 509 2217 hominibus
528 2189 637 2224 placere
663 2188 815 2221 studerem,
840 2187 930 2215 adhuc
953 2191 1051 2216 starem

1148 2194 1179 2220 Et
1195 2192 1291 2228 ἤθελον
1309 2190 1464 2226 ἀνθρώποις
1493 2189 1601 2226 ἀρέσαι,
1638 2188 1732 2223 φησὶν,
1760 2187 1801 2214 ἔτι
1826 2187 1895 2222 μετὰ

268 2241 283 2261 a
311 2233 469 2261 Iudaeorum
494 2232 632 2268 partibus,
648 2236 675 2261 et
689 2232 843 2271 Ecclesiam
870 2233 1056 2267 devastarem.

268 2280 339 2308 Cum
363 2285 430 2307 vero
448 2282 533 2306 totam
554 2281 675 2315 gentem,
692 2278 914 2314 consanguineos
933 2282 960 2306 et
974 2278 1058 2305 claris

269 2329 354 2352 tatem
371 2325 482 2360 generis
498 2328 665 2360 aspernatus
685 2324 749 2357 sim,
776 2325 868 2360 iisque
884 2325 1058 2360 persecutio-

270 2379 330 2405 nes,
346 2371 429 2406 bella,
455 2371 633 2407 quotidianas
660 2376 763 2400 mortes
777 2371 982 2405 commutarim,
997 2378 1060 2405 per-

270 2418 400 2453 spicuum
417 2422 460 2446 est
482 2425 514 2445 ea
533 2425 595 2453 quae
615 2425 687 2446 nunc
704 2417 819 2451 atiirmo,
836 2424 891 2445 non
911 2417 1005 2453 gloriae
1025 2417 1060 2444 ab

271 2465 430 2493 hominibus
446 2464 574 2501 parandae
590 2465 678 2500 gratia
695 2464 761 2492 diei.
780 2463 844 2492 Haec
860 2471 943 2499 porro
960 2464 1009 2496 ait,
1026 2471 1059 2492 eo

271 2510 345 2545 quod
360 2510 505 2546 pristinam
533 2518 610 2538 suam
635 2510 745 2538 vivendi
775 2511 911 2538 rationem
941 2509 1060 2538 subinde

272 2560 436 2583 narraturus
464 2559 533 2584 erat.
558 2555 599 2584 Ne
622 2563 688 2591 ergo
714 2561 857 2592 putarent,
874 2556 926 2583 hoe
944 2564 1006 2584 eum
1020 2556 1061 2583 fa-

273 2610 336 2631 cere
350 2607 381 2630 ut
396 2610 426 2631 se
440 2602 582 2636 defendat,
600 2607 683 2639 atque
698 2603 762 2631 inde
789 2603 974 2639 superbirent,
1000 2603 1062 2631 ideo

274 2649 346 2676 dixit
365 2658 371 2676 :
391 2648 483 2676 Adhuc:
498 2649 567 2676 enim
581 2649 730 2677 honrinibus
751 2650 860 2677 suadeo.

307 2705 331 2720 ”
341 2707 403 2734 Act.
417 2714 455 2738 tv,
467 2706 512 2733 ιε.

1114 2237 1250 2265 Ἰουδαίων
1271 2237 1356 2272 ήμην,
1383 2235 1431 2262 καὶ
1452 2235 1501 2270 τὴν
1520 2233 1686 2269 Ἐκκλησίαν
1707 2231 1852 2268 ἐπόρθουν.
1865 2231 1896 2258 Εἰ

1108 2284 1136 2311 δὲ
1151 2283 1244 2314 ἔθνους
1256 2282 1405 2317 ὁλοκλήρου
1420 2282 1468 2308 καὶ
1498 2279 1637 2315 συγγενῶν
1662 2279 1709 2306 καὶ
1730 2278 1809 2314 δόξης
1831 2286 1896 2305 κατ·-

1111 2331 1263 2366 εφρόνησα,
1279 2329 1328 2356 καὶ
1351 2326 1562 2363 ἀντηλλαξάμην
1574 2326 1723 2361 διωγμοὺς,
1742 2325 1791 2351 καὶ
1817 2324 1896 2350 πολέ-

1112 2384 1190 2412 μους,
1207 2375 1254 2402 καὶ
1269 2374 1405 2405 θανάτους
1418 2372 1633 2408 καθημερινοὺς.
1654 2370 1766 2406 εὔδηλον
1786 2370 1826 2397 ὅτι
1850 2369 1898 2396 καὶ

1110 2421 1197 2450 ταῦτα
1209 2421 1227 2448 ἃ
1241 2421 1314 2454 λέγω
1327 2419 1386 2452 νῦν,
1401 2419 1430 2446 οὺ
1448 2419 1499 2454 τῆς
1509 2418 1564 2446 τῶν
1580 2417 1734 2453 ἀνθρώπων
1755 2417 1898 2452 ἐφιέμενος

1110 2468 1188 2504 δόξης
1214 2467 1298 2502 λέγω.
1327 2466 1413 2493 Τοῦτο
1423 2465 1452 2493 δὲ
1467 2465 1590 2501 εἴρηκεν,
1617 2464 1711 2500 ἐπειδὴ
1735 2463 1827 2499 μέλλει
1852 2463 1898 2489 καὶ

1111 2514 1157 2541 τὸν
1185 2513 1317 2550 πρότερον
1345 2511 1428 2539 αὐτοῦ
1453 2511 1606 2547 διηγεῖσθαι
1622 2510 1690 2546 βίον.
1707 2510 1765 2537 Ἵνα
1790 2506 1837 2536 οὖν
1860 2508 1899 2545 μὴ

1112 2559 1271 2596 νομίσωσιν,
1286 2558 1328 2584 ὅτι
1344 2557 1435 2589 αὐτοῖς
1456 2556 1679 2591 ἀπολογούμενος
1707 2553 1788 2582 τοῦτο
1813 2553 1899 2584 ποιεῖ,

1114 2608 1161 2634 καὶ
1176 2605 1346 2641 ὲπαρθῶσιν,
1366 2604 1409 2631 διὰ
1426 2603 1505 2630 τοῦτό
1520 2611 1612 2638 φησιν·
1624 2603 1707 2637 ’Ἄρτι
1720 2601 1774 2636 γὰρ
1788 2598 1900 2633 ἀνειρώ-

1114 2660 1189 2684 ,πους
1205 2650 1306 2677 πείθω.

935 2753 1054 2782 VARUE
1070 2754 1273 2783 [.ECTIONES.

273 2800 358 2833 perit.
381 2800 514 2838 Craterum
524 2801 686 2838 Damasceni
702 2809 801 2830 sensus
817 2803 854 2829 ita
869 2802 993 2831 redditur
1012 2803 1084 2838 apud
1099 2803 1310 2836 OEcumenium,
1328 2807 1357 2830 ut
1374 2803 1501 2830 smrulum
1519 2808 1635 2837 nequam
1656 2800 1727 2828 idem
1743 2806 1854 2836 quoque
1869 2799 1907 2827 sit

280 2840 360 2870 atque
381 2836 565 2871 διεφθαρμένη
585 2837 651 2872 ζωὴ,
668 2842 792 2871 corrupta
812 2839 874 2865 vita.
