2078 3116
249 123 299 157 781

834 121 873 150 IN
899 121 1016 150 EPIST.
1035 121 1083 150 Al)
1104 121 1280 150 GALATAS.

1820 121 1872 153 782

286 189 295 208 ι
315 178 382 205 Οὐδὲ
397 177 451 212 γὰρ
474 178 530 212 ἐγὼ
552 177 615 212 παρ’
641 176 786 212 ἀνθρώπου
818 174 970 210 παρέλαϐον
988 174 1036 200 αὺ-

1122 174 1204 201 Vens.
1232 174 1275 200 12.
1294 184 1302 199 (
1324 173 1417 209 Neque
1441 176 1512 202 enim
1528 182 1578 209 ego
1600 174 1634 202 ab
1655 175 1765 202 homine
1779 177 1872 210 accepi

251 226 287 257 τὸ,
304 225 363 251 οὐδὲ
386 224 527 259 ἐδιδάχθην
542 231 549 239 ·
579 223 650 250 ἀλλὰ
669 222 703 248 δι’
723 220 922 254 ἀποκαλύψεως
947 219 1035 255 Ἰησοῦ

248 271 376 307 Χριστοῦ.
394 279 403 296 ι

285 319 356 352 Ὅρα
379 317 438 348 πῶς
458 316 514 344 ἂνω
533 308 582 343 καῖ
609 315 683 342 κάτω
708 313 906 349 διισχυρίζεται
918 332 925 343 ,
940 312 977 343 ὡς
990 310 1036 337 τοῦ

249 363 317 390 Θεοῦ
338 363 434 397 γέγονε
464 361 599 398 μαθητὴς,
624 361 668 388 διὰ
690 360 721 387 τὸ
738 360 803 392 τοὺς
832 357 1037 392 ἀναγκάζοντας

250 408 462 444 περιτέμνεσθαι
493 407 627 440 Γαλάτας,
657 407 747 442 λέγειν
760 413 767 420 '
781 405 818 437 ὡς
845 405 944 431 ἐκεῖνοι
957 404 980 430 oi
992 403 1039 429 τοῦ

252 455 372 491 Χριστοῦ
392 454 533 489 γεγονότες
558 453 689 488 μαθηταὶ,
720 451 823 488 Πέτρος
848 450 896 477 καὶ
913 448 1040 479 Ἰάκωϐος

251 501 299 526 καὶ
319 500 453 535 Ἰωάννης,
468 499 533 526 ὲῶσι
551 499 601 534 τὴν
634 497 796 533 περιτομὴν.
822 493 899 526 οὗτος
909 495 936 521 δὲ
954 494 1041 530 μαθη-

250 545 304 572 τῶν
315 544 514 580 ὲστιμαθητὴς,
536 544 583 570 καὶ
597 544 628 570 οὐ
643 543 684 569 δεῖ
699 542 815 574 ἐκείνοις
829 540 929 577 μᾶλλον
945 540 961 575 ἠ
979 539 1042 566 τού-

251 599 290 626 τῳ
306 590 452 625 προσέχειν
463 598 471 622 ;

290 643 300 660 ε
324 635 474 661 Ἠκούσατε
489 634 542 669 γὰρ
568 634 616 670 τὴν
643 633 713 669 ἐμὴν
732 631 907 667 ἀναστροφήν
927 639 992 657 ποτε
1014 631 1043 656 ἐν

254 680 292 715 τῷ
312 679 482 714 Ἰουδαϊσμῷ,
494 680 535 706 δτι
549 679 609 706 καθ’
621 677 776 714 ὑπερϐολὴν
790 676 900 703 ἐδίωκον
919 676 968 711 τὴν
983 676 1042 702 Ἐκ-

255 726 369 761 κλησίαν
383 725 430 752 τοῦ
445 726 531 758 Θεοῦ,
559 726 606 752 καὶ
634 725 767 760 ἐπόρθουν
790 723 892 758 αὐτὴν,
914 723 961 749 καὶ
981 729 1045 756 προ-

256 771 370 797 έκοπτον
384 771 413 797 ὲν
424 770 462 806 τῷ
471 770 629 806 Ἰουδαϊσμῷ
643 769 712 804 ὑπὲρ
727 768 841 800 πολλοὺς
850 767 1045 803 συνηλικιώτας

257 817 286 842 ἐν
302 816 340 851 τῷ
352 816 425 850 γένει
445 824 508 851 μου,
526 815 729 851 περισσοτέρως
761 813 885 849 ζηλωτὴς
914 813 1046 848 ὑπάρχων

257 862 311 888 τῶν
326 860 467 898 πατρικῶν
491 870 544 896 μου
567 860 753 897 παραδόσεων.
767 859 833 886 Ὅτε
853 859 881 886 δὲ
898 859 1046 894 εὐδόκησεν

257 909 272 933 ὁ
286 907 362 938 Θεός.
378 915 387 932 ι

297 953 377 980 Ἔστι
401 954 449 989 μὲν
470 953 500 979 τὸ
519 952 794 988 κατασκευαζόμενον
819 952 879 979 ὅλον
910 951 1047 984 ἀπόδειξις

257 998 305 1024 τοῦ
322 998 359 1034 μὴ
381 998 447 1034 παρ’
469 997 626 1033 ἀνθρώπου,
651 997 820 1033 παραλαῦεἰν
849 997 932 1023 αὑτὸν
954 996 985 1023 τὸ
999 1005 1048 1032 μυ-

259 1044 381 1080 στήριον.
399 1044 432 1070 Ἦ
445 1043 500 1079 γὰρ
530 1043 650 1078 τοσαύτη
674 1043 782 1078 ἀθρόως
797 1041 934 1078 γενομένη
966 1050 1048 1077 μετα-

259 1090 325 1126 ϐολὴ
354 1090 404 1117 οὑκ
430 1090 463 1117 ἂν
476 1090 509 1116 δι’
531 1087 706 1126 ἀνθρώπου
721 1089 833 1116 δυνατὸν
863 1088 996 1123 γίνεσθαι.
1016 1088 1048 1114 'H

260 1137 313 1172 γὰρ
322 1136 352 1169 ἐξ
367 1136 519 1172 ἀνθρώπων
530 1136 689 1163 διδασκαλία
704 1135 764 1162 κατ’
791 1135 884 1169 ὀλίγον
909 1135 968 1161 ἐστὶ
980 1142 1047 1169 προ-

261 1183 409 1210 κύπτουσα.
439 1183 516 1218 Ἔχει
539 1183 567 1209 δὲ
590 1181 638 1209 καλ¹
664 1181 748 1217 ἄλλην
776 1181 838 1208 τινὰ
865 1180 1050 1208 λανθάνουσαν

261 1228 447 1263 κατασκευήν.
466 1228 574 1263 Ἦρέμα
595 1227 649 1262 γὰρ
668 1227 767 1258 αὐτοὺς
778 1226 898 1253 διδάσκει
913 1226 951 1261 μὴ
963 1226 1050 1261 πράσ-

263 1281 320 1300 σειν
331 1274 365 1300 τὰ
379 1274 478 1308 νομικά
491 1282 498 1289 ·
516 1274 541 1299 εἰ
560 1272 615 1308 γὰρ
628 1273 642 1299 ὁ
661 1271 808 1307 τοσαύτην,
837 1271 914 1308 φησι,
933 1271 1051 1306 σπουδὴν

262 1319 339 1354 ἐντῷ
355 1319 428 1354 νόμῳ
450 1318 648 1354 ἐνδειξάμενος,
669 1318 704 1344 τὰ
720 1317 767 1344 τοῦ
795 1317 878 1353 νόμου
896 1317 985 1352 ἀφεὶς,
1005 1316 1051 1343 ἐπὶ

260 1365 310 1400 τὴν
326 1365 358 1391 ὲκ
374 1364 493 1396 πίστεως
507 1354 573 1400 ἦλθε
597 1363 745 1399 σωτηρίαν,
765 1362 875 1398 εὖδηλον
890 1362 928 1394 ὡς
941 1361 1051 1388 τελειῶ-

263 1419 308 1437 σαι
331 1411 376 1437 τὸν
397 1410 479 1446 νόμον
506 1410 544 1446 μὴ
561 1410 713 1445 δυνηθέντα
738 1409 929 1436 καταλέλοιπε.
958 1407 1052 1443 Πολλῷ

262 1453 308 1481 οὖν
338 1455 438 1490 μᾶλλον
462 1455 488 1481 οἱ
516 1456 549 1490 τῇ
579 1455 670 1481 πίστει
695 1453 980 1490 προσδεδραμηκότες,
1001 1454 1052 1480 οὐκ

263 1500 399 1534 ὀφείλουσι
414 1499 523 1527 διώκειν
530 1500 575 1528 τὸν
589 1499 625 1535 μὴ
635 1499 785 1535 δυνάμενον
803 1499 934 1526 τελειοῦν.

304 1647 313 1664 ι
340 1638 370 1665 '0
387 1638 522 1673 ἀφορίσας
547 1647 581 1674 με
595 1638 626 1665 ὲκ
644 1637 747 1670 κοιλίας
778 1637 882 1674 μητρός
913 1646 976 1673 μου,
1006 1638 1053 1664 καὶ

266 1684 384 1716 καλέσας
405 1684 450 1710 διὰ
481 1684 593 1720 χάριτος
611 1684 693 1711 αὑτοῦ
721 1684 897 1719 ἀποκαλύψαι
920 1684 966 1710 τὸν
990 1684 1054 1710 Υἱδν

267 1730 350 1758 αὑτοῦ
369 1731 398 1756 ὲν
412 1730 489 1765 ἐμοὶ,
519 1730 563 1757 ἵνα
593 1729 814 1765 εὐαγγελίζωμαι
847 1729 928 1757 αὑτὸν
948 1730 977 1756 ὲν
997 1731 1054 1762 τοῖς

267 1776 382 1803 ἔθνεσιν.
397 1786 406 1802 ι
1038 1810 1041 1813 _

303 1821 335 1848 Εἰ
343 1822 375 1848 ὲκ
386 1821 490 1853 κοιλίας
501 1821 603 1855 ἐκλήθη
615 1821 728 1857 μητρὸς,
740 1822 779 1853 εἰς
789 1821 837 1856 τὴν
846 1821 1000 1857 ἀποστολὴν
1008 1822 1055 1856 δη-

267 1868 366 1900 λονότι,
391 1866 449 1898 πῶς,
480 1866 597 1902 διώκτης
615 1867 741 1901 έγένετο;
757 1867 842 1893 Τοῦτο
866 1866 894 1892 δὲ
906 1866 937 1892 τὸ
953 1866 1055 1902 ἄπορον

268 1913 349 1945 αὐτὸς
359 1914 388 1940 ὲν
403 1912 488 1949 ἑτέρῳ
503 1912 599 1939 ἔλυσεν
612 1913 697 1947 τόπῳ,
711 1911 796 1938 εἰπών
811 1920 818 1928 ·
839 1921 849 1937 ί
871 1911 929 1938 Ἵνα
951 1913 979 1938 ἐν
994 1914 1056 1949 ἐμοὶ

269 1959 376 1994 πρῶτον
403 1958 553 1995 ἐνδείξηται
569 1959 686 1994 Χριστὸς
709 1958 759 1993 τὴν
773 1958 884 1985 ἃπασαν
912 1959 1052 1994 μακροθυ-

271 2005 335 2040 μίαν
345 2004 438 2036 αὑτοῦ,
449 2005 489 2036 εἰς
504 2003 679 2030 ὑποτύπωσιν
687 2003 741 2030 τῶν
752 2003 904 2039 μελλόντων
917 2004 1055 2031 πιστεύειν

268 2050 311 2075 ἐπ’
322 2048 396 2084 αὑτῷ
411 2050 452 2081 είς
467 2049 541 2085 ζωὴν
557 2049 677 2076 αἰώνιον.

307 2104 316 2119 α
335 2095 443 2126 Εὐθέως
473 2095 504 2121 οὑ
531 2095 721 2130 προανεθὲμην
751 2095 834 2130 σαρκὶ
864 2095 912 2121 καὶ
938 2095 1052 2131 αἵματι,

268 2141 328 2168 οὐδὲ
341 2142 457 2176 ἀνῆλθον
473 2143 514 2173 εἰς
536 2141 714 2177 Ἰερουσαλὴμ
739 2142 808 2177 πρὸς
833 2142 896 2174 τοὺς
916 2142 970 2178 πρὸ
986 2142 1054 2178 ἐμοῦ

1087 220 1166 253 illud,
1197 227 1286 255 neque
1314 219 1417 254 didici;
1444 221 1492 249 sed
1518 229 1566 256 per
1593 221 1789 249 revelatiouem
1807 221 1872 249 Jesu

1088 266 1200 294 Christi.
1216 276 1225 291 ο

1126 312 1193 339 Vide
1208 321 1266 348 quo
1283 317 1362 348 pacto
1379 319 1490 340 sursum
1503 312 1634 340 deorsum
1652 311 1770 339 allirmat
1784 311 1830 338 Dei
1846 319 1876 339 se

1092 358 1177 386 fuisse
1204 358 1389 394 discipulum;
1413 362 1555 392 propterea
1588 358 1661 392 quod
1691 359 1737 393 qui
1767 357 1877 385 Galatas

1091 407 1221 439 cogerent
1239 404 1416 437 circumcidi,
1433 404 1486 430 hoe
1510 402 1670 430 dictitarent
1687 412 1694 430 :
1716 403 1758 431 Illi
1773 405 1819 439 qui
1833 404 1876 431 di-

1092 450 1192 484 scipuli
1218 449 1320 478 Christi
1347 449 1442 481 fuere,
1465 449 1565 477 Petrus
1588 449 1734 482 videlicet,
1758 449 1878 477 Jacobns

1092 500 1115 522 et
1132 495 1264 527 Joannes,
1285 495 1531 523 circumcisionem
1559 495 1743 529 permittunt;
1773 495 1797 522 is
1813 503 1879 522 vero

1093 540 1293 575 discipulorum
1319 540 1473 575 discipulus
1490 540 1619 574 exsistit;
1641 548 1732 567 annon
1754 547 1821 575 ergo
1836 548 1880 568 sa-

1094 587 1150 615 tius
1167 591 1211 614 est
1226 587 1293 618 illis,
1315 594 1397 621 quam
1417 586 1474 619 isti,
1493 593 1597 613 morem
1611 586 1728 621 gerere?

1130 632 1214 660 Vsns.
1243 633 1338 660 l5-l5.
1361 642 1370 658 ε
1390 632 1516 660 Audistis
1539 633 1613 660 enim
1638 633 1880 660 conversationem

1096 684 1184 704 meam
1214 677 1363 713 aliquando
1388 677 1415 704 in
1440 677 1609 711 Judaismo;
1636 678 1766 713 quoniam
1798 685 1882 713 supra

1096 723 1206 750 modum
1228 724 1413 758 persequebar
1437 723 1590 751 Ecclesiam
1609 723 1668 755 Dei,
1696 729 1723 751 ct
1738 731 1879 759 expugna-

1096 770 1159 796 bam
1174 769 1261 802 illam,
1277 774 1303 796 et
1316 769 1494 804 proliciebam
1512 769 1539 796 in
1552 769 1696 796 Judaismo
1714 777 1797 804 supra
1813 770 1883 796 mul-

1097 819 1140 842 tos
1157 819 1311 842 coaetaueos
1336 823 1410 843 meos
1431 816 1458 843 in
1477 823 1576 850 genere
1602 823 1674 848 meo,
1693 816 1883 842 abundantius

1097 861 1241 888 aemulator
1255 861 1394 888 exsistens
1412 865 1592 896 paternarum
1615 868 1739 888 mearum
1755 860 1883 888 traditio-

1098 915 1173 934 num.
1190 907 1258 934 Cum
1273 911 1363 934 autem
1380 907 1547 942 complacuit
1563 907 1627 934 Deo.
1644 916 1652 933 ι

1133 953 1161 981 ld
1176 953 1248 989 quod
1262 954 1344 981 modo
1357 953 1504 986 astruitur,
1519 953 1600 988 plane
1618 954 1790 981 demonstrat
1807 953 1886 989 159

1098 1007 1160 1028 eum
1179 1007 1234 1028 non
1250 1000 1284 1027 ab
1301 999 1463 1027 hominibus
1477 999 1619 1035 accepisse
1641 1000 1816 1035 mysterium.
1832 999 1890 1026 Ta-

1099 1047 1133 1074 lis
1154 1046 1291 1083 siquidem
1318 1050 1450 1081 tantaque
1474 1046 1592 1074 mutatio
1615 1054 1677 1081 qua:
1699 1046 1791 1074 subito
1814 1046 1886 1074 laeta

1099 1096 1152 1124 est,
1174 1098 1348 1126 nequaquam
1366 1091 1399 1118 ab
1419 1091 1530 1118 homine
1555 1090 1624 1118 ellici
1641 1092 1773 1126 potuerit.
1791 1090 1887 1119 llomi-

1099 1144 1165 1164 num
1201 1136 1304 1174 quippe
1322 1137 1448 1164 doctrina
1471 1137 1603 1171 paulatim
1630 1137 1815 1172 progreditur.
1846 1137 1886 1165 Ad

1100 1183 1158 1211 haec
1172 1191 1220 1218 per
1235 1184 1289 1211 hoc
1312 1184 1453 1219 quidpiam
1474 1183 1549 1210 aliud
1574 1183 1687 1211 evincit.
1714 1184 1789 1212 Clam
1813 1185 1886 1212 enim

1101 1229 1220 1255 deterret
1236 1236 1250 1255 a
1279 1228 1414 1263 legalibus
1438 1229 1617 1263 prmstandis.
1639 1228 1785 1257 Enimtero
1805 1230 1828 1257 si
1842 1230 1889 1257 ille

1101 1274 1147 1308 qui
1164 1277 1271 1301 tantum
1298 1273 1427 1301 ardorem
1447 1274 1568 1309 praetulit
1591 1273 1656 1301 dum
1675 1275 1728 1301 sub
1747 1274 1804 1309 lege
1821 1282 1888 1309 age-

1102 1320 1158 1352 bat,
1175 1319 1301 1348 dimissis
1313 1320 1384 1356 legis
1398 1319 1518 1348 decretis
1536 1320 1571 1347 ad
1594 1320 1712 1347 salutem
1730 1320 1806 1347 venit
1827 1328 1890 1355 qua:

1102 1366 1154 1394 ﬁde
1179 1366 1343 1401 acquiritur,
1371 1365 1552 1394 manifestum
1577 1370 1619 1394 est
1637 1366 1728 1402 ipsum
1749 1366 1800 1402 legi
1817 1375 1889 1394 nun-

1103 1412 1170 1439 tium
1191 1412 1345 1444 remisisse,
1373 1419 1424 1448 per
1451 1419 1534 1447 quam
1562 1412 1621 1440 ﬁeri
1645 1419 1703 1440 non
1736 1417 1845 1448 poterat
1862 1417 1891 1440 ut

1103 1456 1243 1492 perfectus
1256 1457 1398 1486 evaderet.
1423 1456 1519 1492 Longe
1543 1457 1628 1493 igitur
1644 1458 1745 1493 potiori
1758 1458 1823 1494 jure
1836 1467 1890 1486 non

1103 1503 1205 1531 debent
1233 1503 1271 1531 illi
1296 1503 1343 1538 qui
1368 1503 1401 1530 ad
1427 1503 1508 1531 iidem
1533 1508 1726 1537 accurrerunt,
1743 1508 1819 1532 tanto
1833 1508 1893 1532 stu-

1103 1549 1149 1576 dio
1180 1549 1254 1576 illam
1282 1548 1414 1583 persequi
1438 1555 1499 1582 qua:
1524 1547 1722 1583 perfectionem
1738 1547 1893 1576 conciliare

1104 1601 1158 1621 non
1174 1594 1255 1620 valet.

1143 1649 1152 1665 ι
1167 1639 1219 1672 Qui
1245 1646 1289 1666 me
1310 1639 1509 1674 scgrcgavitex
1536 1644 1614 1667 utero
1639 1640 1737 1668 matris
1759 1647 1843 1672 meat,
1865 1643 1893 1668 et

1105 1686 1211 1713 vocavit
1227 1693 1274 1720 per
1293 1685 1410 1720 gratiam
1426 1693 1516 1718 suam,
1532 1685 1628 1722 (Vens.
1645 1685 1689 1722 16]
1712 1678 1834 1714 revelare
1850 1684 1894 1713 Fi-

1105 1732 1171 1759 lium
1194 1739 1274 1759 suum
1295 1732 1322 1759 in
1337 1739 1390 1764 me,
1407 1735 1436 1759 ut
1455 1732 1671 1767 evangelizarem
1685 1733 1762 1760 illum
1785 1733 1812 1760 in
1828 1739 1894 1768 gen-

1105 1779 1189 1806 tibus.
1209 1788 1218 1804 ι

1143 1823 1170 1850 Si
1192 1831 1225 1851 ex
1241 1827 1319 1851 utero
1337 1828 1452 1852 vocatus
1466 1828 1508 1852 est
1523 1823 1631 1856 matris,
1653 1822 1687 1850 ad
1713 1822 1894 1857 apostolatum

1105 1874 1182 1905 puta,
1198 1870 1309 1905 quinam
1329 1869 1380 1898 fuit
1397 1870 1575 1906 persecutor?
1589 1869 1705 1897 Dubium
1719 1869 1771 1897 hoc
1792 1870 1819 1896 in
1841 1869 1896 1896 alio

1107 1916 1168 1942 loco
1180 1915 1271 1948 solvil,
1295 1915 1359 1942 dum
1377 1915 1426 1947 ait,
1451 1919 1480 1942 ut
1495 1915 1523 1942 in
1546 1922 1588 1942 me
1607 1915 1726 1949 primum
1740 1913 1896 1941 ostenderet

1105 1960 1233 1987 Christus
1249 1967 1356 1987 omnem
1380 1960 1538 1994 patientiam
1564 1967 1654 1992 suam,
1671 1960 1704 1987 ad
1726 1959 1896 1987 informatio-

1105 2014 1166 2034 nem
1180 2013 1275 2033 corum
1297 2005 1344 2040 qui
1360 2004 1387 2031 in
1408 2005 1496 2040 ipsum
1511 2005 1644 2032 credituri
1667 2009 1746 2032 erant
1764 2004 1798 2032 ad
1812 2005 1894 2032 vitam

1105 2057 1234 2080 aeternam
1243 2051 1276 2078 “.

1144 2096 1313 2124 LConlinuo
1342 2103 1394 2123 non
1426 2095 1550 2130 acquievi
1582 2094 1659 2122 carni
1690 2099 1717 2122 et
1748 2095 1894 2130 sanguini,

1107 2141 1203 2177 [Vens
1220 2140 1266 2176 ΓΙ]
1284 2148 1374 2176 neque
1389 2140 1450 2169 veni
1466 2140 1684 2176 Hierosolymam
1694 2140 1727 2167 ad
1736 2144 1895 2168 antecesso-

269 2189 445 2223 ἀποστόλους,
462 2188 529 2216 ἀλλὰ
543 2187 664 2224 ἀπῆλθον
679 2188 719 2220 εἰς
742 2188 881 2224 ’Δραῦίαν,
902 2189 947 2215 καὶ
974 2191 1049 2218 πάλιι

1110 2196 1154 2215 res
1173 2194 1247 2215 meos
1262 2188 1412 2222 apostolos,
1429 2186 1477 2214 sed
1491 2187 1545 2214 abii
1561 2187 1587 2214 in
1601 2187 1740 2218 Arabiam,
1754 2191 1780 2214 et
1797 2187 1896 2215 iterum

269 2234 425 2270 ἐπέστρεψα
437 2234 475 2265 είς
492 2234 646 2268 Δαμασκόν.
662 2244 672 2261 ι

305 2279 389 2307 Πάλιν
422 2280 684 2313 κατασκευαστικὸν,
705 2279 736 2309 τὸ
755 2281 792 2316 μὴ
820 2280 884 2317 παρ’
905 2280 1057 2317 ἀνθρώπων

269 2325 350 2352 αὐτὸν
366 2326 415 2361 τὴν
431 2326 496 2362 περὶ
512 2325 632 2361 Χριστοῦ
647 2325 825 2352 διδασκαλίαν
839 2325 978 2358 δέξασθαι.
995 2326 1057 2358 Πῶς

271 2371 325 2406 γὰρ
337 2372 384 2398 καὶ
403 2371 516 2407 ἔμελλεν
531 2370 686 2406 ἀνθρώποις
700 2369 860 2403 ἀναθέσθαι,
881 2371 894 2396 ό
906 2372 956 2405 τῆς
987 2371 1058 2398 δινω-

271 2419 317 2446 θεν
329 2419 502 2450 διδασκαλίας
514 2417 664 2453 ἠξιωμένος
675 2425 682 2451 ;

310 2473 319 2489 ι
335 2465 450 2490 Ἔπειτα
463 2463 533 2498 μετὰ
542 2463 606 2498 τρια
623 2462 671 2498 ἐτη
686 2462 800 2497 ἀνῆλθον
815 2462 855 2493 είς
872 2461 1056 2498 Ἱεροσόλυμα,

273 2508 413 2544 θστορῆσαι
431 2509 547 2544 Πέτρον,
559 2509 608 2535 καὶ
628 2508 761 2543 ἐπέμεινα
789 2507 858 2544 πρὸς
880 2507 960 2534 αὐτὸν
990 2508 1058 2543 ἡμέ-

273 2562 323 2590 ρας
347 2553 414 2580 δέκα
437 2554 485 2580 καὶ
517 2555 596 2581 πέντε
612 2562 620 2569 ·
654 2554 747 2589 ἕτερον
769 2553 798 2580 δὲ
817 2553 872 2580 τῶν
901 2553 1058 2580 ἀποστόλων

272 2602 322 2628 οὐκ
337 2598 417 2633 εἶδον,
431 2602 456 2628 εἰ
474 2601 511 2636 μὴ
525 2601 653 2628 Ἰάκωϐον
672 2601 719 2628 τδν
746 2599 863 2635 ἀδελφὸν
878 2599 926 2626 τοῦ
942 2601 1056 2635 Κυρίου.

274 2647 307 2672 ’Ἀ
319 2645 348 2672 δὶ
359 2645 459 2681 γράφω
486 2646 558 2680 ὑμῖν,
586 2646 640 2673 ίδοὺ
664 2645 780 2673 ἐνώπιον
807 2645 854 2671 τοῦ
881 2645 960 2678 Θεοῦ,
975 2645 1055 2672 ὅτιού

269 2691 414 2728 ψεύδομαι.
429 2691 546 2718 Ἔπειτα
572 2689 656 2727 ἦλθον
682 2692 722 2722 είς
738 2690 773 2717 τὰ
789 2690 910 2726 κλίματα
930 2691 980 2725 τῆς
1006 2690 1056 2716 Συ-

272 2738 332 2775 ρίας
350 2738 400 2764 καὶ
421 2737 473 2769 τῆς
502 2738 638 2770 Κιλικίας.
657 2738 750 2774 Ἦμην
768 2737 795 2764 δὲ
815 2736 996 2772 ἀγνοούμενος
1017 2737 1056 2772 τῷ

301 2827 322 2842 ιε
334 2826 343 2853 ι
357 2811 428 2854 iam.
442 2833 462 2859 ε,
474 2826 520 2854 ιε.

1108 2241 1234 2262 τοι-οῐδιις
1245 2241 1304 2261 sum
1316 2233 1489 2261 Damascum.
1511 2242 1521 2259 I

1143 2279 1308 2314 Comprobat
1325 2279 1436 2309 iterum.
1456 2278 1668 2313 haudquaquam
1693 2278 1726 2305 ab
1743 2277 1898 2306 hominibus

1108 2326 1261 2354 doctrinam
1288 2325 1389 2353 Christi
1410 2333 1440 2353 se
1465 2325 1616 2361 accepisse.
1646 2324 1706 2357 Quo
1729 2328 1808 2358 pacto
1826 2325 1898 2352 enim

1109 2373 1232 2400 futurum
1252 2375 1310 2399 erat
1326 2376 1355 2398 ut
1380 2379 1409 2398 se
1426 2371 1485 2406 ipse
1511 2370 1669 2398 hominibus
1685 2370 1835 2404 addiceret,
1851 2371 1898 2405 qui

1109 2425 1225 2452 superna
1244 2417 1359 2445 scientia
1373 2416 1501 2452 dignatus
1516 2421 1683 2451 ornatusque
1696 2415 1802 2443 fuerat?

1146 2463 1229 2490 Vens.
1248 2462 1342 2489 ιο-οι.
1363 2471 1372 2487 ‹
1391 2461 1494 2489 Deinde
1511 2465 1572 2497 post
1586 2465 1642 2490 tres
1657 2469 1744 2488 annos
1754 2461 1815 2489 veni
1835 2460 1898 2489 Hie-

1108 2509 1276 2544 rosolymam
1300 2508 1392 2535 videre
1416 2506 1546 2539 Petrum,
1573 2510 1601 2533 et
1630 2506 1717 2534 mansi
1747 2506 1818 2541 apud
1837 2514 1899 2534 cum

1109 2555 1206 2582 diebus
1225 2553 1382 2589 quindecim
1405 2561 1411 2579 :
1437 2552 1520 2579 alium
1536 2556 1626 2579 autem
1642 2552 1829 2587 apostolorum
1846 2552 1899 2579 vidi

1110 2601 1259 2632 neminem,
1277 2599 1329 2626 nisi
1344 2597 1475 2625 Jacobnm
1492 2597 1603 2625 fratrem
1629 2598 1748 2626 Domini.
1767 2597 1833 2631 Qua:
1851 2606 1900 2626 au-

1110 2649 1165 2672 tem
1183 2645 1274 2672 scribo
1293 2643 1383 2676 vobis,
1398 2650 1463 2670 ecce
1479 2650 1571 2670 coram
1588 2642 1654 2675 Deo,
1670 2643 1733 2678 quia
1754 2650 1808 2670 non
1823 2650 1901 2670 men-

1112 2691 1176 2718 tior.
1189 2690 1292 2718 Deinde
1309 2689 1368 2717 veni
1386 2689 1412 2716 in
1428 2694 1520 2724 partes
1534 2688 1621 2724 Syria:
1638 2693 1665 2716 et
1684 2689 1797 2717 Ciliciae.
1821 2689 1902 2716 Eram

1112 2741 1202 2764 autem
1218 2736 1327 2775 ignotus
1345 2734 1415 2763 facie
1431 2735 1562 2763 Ecclesiis
1577 2734 1689 2768 Iudaeae,
1704 2743 1765 2771 qua:
1781 2739 1860 2763 erant
1875 2736 1902 2763 in
