2078 3116
207 122 260 153 ’183

798 124 827 153 S.
848 123 1008 153 JOANNIS
1028 124 1242 154 DAMASCENI
1793 129 1845 160 784

207 177 316 204 (Jhristo
337 186 342 203 :
363 181 467 204 tantum
488 181 579 204 autent
605 175 730 203 auditum
755 177 911 209 habebant,
934 184 995 212 quo

1055 177 1194 212 προσώπῳ
1218 178 1279 209 ταῖς
1299 177 1473 213 Ἐκκλησίαις
1504 178 1553 214 τῆς
1576 179 1705 211 Ἰουδαίας
1731 182 1790 213 ταῖς
1815 183 1845 208 ἐν

205 222 279 249 niam
286 222 331 257 qui
345 222 559 257 persequebatur
567 229 618 249 nos
629 221 787 255 aliquando,
802 230 872 249 nunc
883 230 998 259 evange-

206 269 269 295 lizat
286 269 376 300 tidem,
394 275 476 302 quam
492 267 641 303 aliquando
659 268 852 303 expugnabat;
872 272 899 295 et
914 268 940 295 in
956 275 999 296 me

204 313 388 342 clariﬁcabant
404 313 498 341 Deum.
518 323 527 339 ι

541 381 617 410 CAP.
634 383 667 410 ll.

237 441 320 469 Vens.
334 441 360 474 1,
372 441 399 468 2.
418 450 427 466 ‹
439 440 540 468 Deinde
553 446 616 476 post
628 447 714 467 annos
725 439 882 475 quindecim
892 439 996 467 iterum

203 486 313 513 ascendi
329 485 545 520 Hierosolymam
577 491 638 511 cntn
665 484 802 516 Barnaba,
815 488 842 510 et
857 487 998 518 assumpto

202 529 275 558 Tito.
294 530 412 557 Aseendi
427 534 517 557 autem
537 529 688 557 secundum
707 529 914 557 revelationent.
933 538 942 554 ›

238 577 297 604 Νοιι
321 581 350 604 ut
370 577 484 604 docerer
502 576 575 609 veni,
597 576 644 603 sed
672 579 702 602 ut
729 575 894 609 inviserem;
925 574 998 610 quod

203 624 316 652 honoris
331 623 465 650 duntaxat
477 630 541 657 erga
562 622 638 648 illum
651 626 840 657 argumentem
857 625 908 648 est.

247 681 256 697 ι
276 670 308 697 Et
323 669 428 697 contuli
449 669 504 695 illis
522 667 700 703 Evangelinm
714 687 721 700 ,
747 667 819 702 quod
835 667 953 702 prmdieo
971 667 998 694 in

203 717 345 752 gentibus;
371 723 497 743 seorsum
523 719 613 741 autem
642 715 677 742 iis
705 714 750 749 qui
768 714 933 741 videbantur
950 713 999 739 nli-

202 763 267 798 quid
283 769 360 790 esse:
378 769 410 788 nc
423 761 493 788 forte
507 760 533 787 in
547 767 662 787 vacuum
677 767 828 792 currerem,
839 763 885 786 aut
902 767 1000 786 cucur-

202 810 311 837 rissent.
330 818 338 833 ι

237 853 352 888 Quando
362 852 479 889 primum
489 850 612 885 suscepit
622 849 812 885 Evangelium,
828 857 883 876 non
900 857 997 877 ascxn-

201 901 252 934 dit,
273 903 302 927 ut
319 907 381 926 eum
405 897 538 933 apostolis
552 896 585 924 de
599 904 631 923 eo
648 895 797 923 conferret.
815 894 908 930 Neque
925 895 996 923 enim

202 946 328 975 doctrina
344 952 438 972 eorum
455 943 608 979 indigebat,
629 941 677 977 qui
694 941 829 969 didicerat
844 949 858 968 ξι
874 940 996 968 Christo.

201 992 370 1020 Procedente
383 997 448 1017 vero
462 994 594 1023 tempore,
620 994 682 1014 cum
704 985 881 1021 Evangelium
897 985 997 1012 omissa

201 1037 412 1066 circumcisione
437 1035 612 1070 prazdicarct,
641 1032 738 1060 ollensi
765 1031 877 1067 quidam
909 1030 996 1062 fuere,

203 1084 277 1120 quod
311 1082 411 1110 Petrus
430 1079 592 1109 circumcidi
618 1086 674 1106 non
700 1077 869 1114 prohiberet,
895 1076 997 1103 Paulus

201 1139 270 1159 vero
291 1130 365 1158 scius
392 1128 420 1155 id
447 1126 579 1155 auferret.
610 1125 748 1159 Quocirca
780 1132 843 1152 eum
877 1123 997 1159 Spiritus

200 1182 311 1205 sanctus
326 1176 406 1203 vellet
423 1173 619 1201 offendicnlum
639 1172 690 1199 hoc
706 1177 821 1206 prorsus
841 1172 995 1204 amputare,

202 1223 328 1258 pnecepit
358 1225 388 1248 ut
415 1219 533 1248 testibus
562 1218 713 1252 assumptis
741 1220 882 1251 pergeret,
916 1219 997 1250 atque

200 1268 332 1305 apostolis
345 1266 520 1295 denuntiaret
536 1271 565 1292 se
580 1263 738 1299 posthabita
749 1261 861 1289 omnino
875 1261 996 1288 circnm-

201 1315 307 1343 eisione
339 1312 500 1348 praedicare.
529 1314 560 1337 ut
579 1313 606 1337 et
631 1309 666 1336 de
690 1312 834 1343 compacto
860 1307 995 1342 ipsorum,

201 1361 396 1389 ttiTcndiculum
411 1357 485 1386 istud
496 1356 641 1384 hominum
658 1354 835 1382 adimeretur.

239 1451 318 1486 160
344 1449 427 1476 Vens.
441 1448 469 1475 5.
492 1457 501 1473 ‹
523 1446 575 1474 Sed
592 1452 684 1479 neque
705 1443 800 1476 Titus,
822 1442 868 1477 qui
887 1449 993 1469 mecuzu

200 1503 270 1532 erat,
294 1505 356 1525 cum
387 1500 460 1525 esset
486 1493 608 1531 gentilis,
633 1491 793 1527 compulsus
817 1494 859 1518 est
876 1491 994 1517 circnm-

200 1546 262 1572 ridi.
281 1555 290 1571 ι

239 1589 279 1617 Ab
300 1588 433 1625 apostolis
454 1586 594 1615 videlicet.
621 1583 700 1618 Quod
725 1583 806 1619 plane
836 1581 993 1610 certissimo

201 1640 365 1671 argumento
378 1638 449 1667 crat,
475 1633 510 1661 ab
536 1633 590 1660 illis
613 1639 667 1659 non
697 1638 758 1658 esse
781 1629 992 1657 condemnatum

201 1682 375 1717 Apostolum,
395 1680 460 1715 quia
481 1683 575 1714 gentes
589 1685 643 1705 non
656 1675 880 1704 circumcideret.

241 1730 320 1756 \ens.
348 1727 374 1754 Ιι.
403 1736 411 1751 ι
438 1725 490 1752 Sed
523 1728 634 1759 propter
663 1721 890 1750 subintroductos
910 1720 993 1748 falsos

203 1776 320 1806 fratres,
351 1773 395 1808 qui
424 1771 643 1799 subintroierunt
666 1768 810 1804 explorare
838 1767 992 1795 libertatem

201 1825 322 1848 nostram
341 1826 423 1854 qualn
437 1818 570 1844 habemus
584 1816 609 1842 in
623 1814 733 1842 Christo
748 1813 824 1842 Jesu.
840 1823 849 1839 ι

241 1865 360 1899 Propter,
382 1863 425 1889 hic
451 1862 571 1896 positum
592 1864 634 1887 est
655 1867 714 1894 pro,
736 1858 888 1885 secundant.
905 1858 994 1891 Atque

203 1910 226 1937 is
243 1913 286 1937 est
312 1912 433 1935 sensus:
451 1905 594 1942 Apostoli,
627 1903 735 1939 inquit,
767 1910 818 1930 non
845 1907 993 1938 coegerunt

202 1955 293 1982 Titum
309 1954 354 1989 qui
370 1952 532 1988 praeputium
554 1950 684 1981 habebat,
706 1948 866 1976 circumcidi
881 1958 887 1975 :
905 1956 993 1982 quan-

202 2009 283 2037 quam
300 1999 450 2035 snbjectitii
472 1997 584 2033 quidam
601 1996 663 2024 falsi
689 1995 789 2022 fratres
805 1995 851 2030 qui
876 1995 927 2021 hoc
945 1994 994 2020 oh-

202 2048 361 2080 servabant,
375 2045 519 2073 voluerunt
530 2048 559 2071 ut
569 2041 824 2070 circumcideretur.
847 2040 899 2068 Ubi
926 2040 993 2067 alic-

203 2103 253 2122 nos
265 2102 313 2122 eos
327 2093 418 2120 innuit
430 2099 444 2119 a
462 2091 589 2122 veritate,
603 2097 672 2125 quos
689 2088 893 2124 exploratorum
908 2087 995 2114 imtar

202 2140 310 2167 habeat.

245 2194 254 2210 ι
276 2183 311 2211 Ut
330 2190 380 2210 nos
398 2182 425 2209 in
441 2181 600 2209 servitutem
618 2179 782 2214 redigerent.
798 2188 808 2206 ι

239 2228 273 2256 Ut
300 2228 351 2263 legi
373 2234 470 2254 rursus
495 2225 695 2260 manciparent.
724 2225 858 2258 Quocirca
884 2224 938 2251 alio
967 2224 993 2251 in

203 2276 263 2302 loco
281 2274 347 2301 dicit
369 2283 376 2301 :
404 2272 526 2300 Christus
551 2270 660 2298 redemit
684 2279 730 2298 nos
752 2270 783 2297 de
801 2270 940 2297 maledicto
958 2271 994 2297 (e-

200 2320 241 2354 gi;
253 2319 289 2346 “.

240 2364 321 2392 Vens.
337 2364 364 2393 5.
384 2373 392 2390 ι
409 2363 514 2397 Quibus
526 2370 617 2398 neque
626 2363 658 2390 ad
672 2362 765 2390 horam
781 2361 916 2397 cessimus
932 2361 995 2388 sub-

200 2411 338 2446 iectione,
370 2413 399 2437 ut
423 2410 526 2437 veritas
564 2407 705 2443 Evangelii
737 2410 897 2442 permaneat
924 2406 994 2441 apud

203 2464 263 2485 vos.
279 2467 288 2483 ι

237 2503 277 2530 Ne
296 2503 338 2530 vel
360 2507 500 2530 momento
529 2501 640 2536 quidem
667 2501 709 2528 eis
736 2507 788 2528 nos
818 2499 996 2535 subiecimus.

203 2547 312 2582 inquit;
344 2546 565 2574 snbintroductis
586 2546 647 2574 istis
668 2546 799 2573 nimirum
817 2555 823 2572 :
846 2553 882 2573 ne
900 2545 998 2580 depre'

204 2593 387 2621 henderemur
406 2593 458 2620 alia
476 2592 586 2628 quidem
603 2592 637 2620 dc
659 2591 805 2628 Evangelio
822 2592 997 2626 annuntiare,

204 2639 256 2665 alia
280 2644 371 2666 autem
389 2646 481 2675 agere.
498 2638 568 2672 Quid
584 2646 665 2674 porro
682 2638 716 2666 de
740 2637 888 2674 Evangelia
905 2639 994 2667 dixit?

229 2728 253 2744 ⁸⁸
269 2728 358 2756 Galat.
376 2735 416 2761 nt,
432 2730 473 2757 15.

1051 223 1180 258 Χριστῷ·
1199 224 1279 258 μόνον
1295 223 1323 250 δὲ
1343 224 1512 261 ἀκοιξσαντες
1525 223 1605 261 ἦσαν,
1623 226 1663 252 ὅτι
1687 227 1715 252 '0
1739 226 1844 254 διώκων

1050 269 1125 304 ἡμᾶς
1153 278 1235 302 ποτε,
1252 270 1299 296 νῦν
1325 270 1532 305 εὐαγγελίζεται
1547 272 1596 307 τὴν
1621 271 1714 299 πίστιν
1730 273 1763 308 ἣν
1778 281 1842 300 ποτε

1050 315 1162 350 ἐπόρθει
1181 324 1188 331 ”
1207 317 1255 342 καὶ
1270 316 1396 349 ἐδόξαζον
1409 318 1438 344 ὲν
1449 318 1511 352 ἐμοὶ
1522 318 1567 345 τὸν
1584 318 1661 345 Θεόν.
1676 328 1686 344 ι

1354 386 1479 413 ΚΕΦΑΛ.
1493 386 1529 413 Β’.

1088 451 1097 468 ι
1124 442 1239 468 Ἔπειτα
1256 442 1300 469 διὰ
1314 442 1522 478 δεκατεσσάρων
1535 442 1604 469 ἐτῶν
1634 443 1716 470 πάλιν
1743 444 1843 479 ἀνέδην

1050 487 1090 518 εἰς
1110 487 1286 523 Ἱεροσόλυμα
1306 488 1375 523 μετὰ
1393 488 1532 524 Βαρνάϐα,
1553 489 1780 525 συμπαραλαῆὼν
1798 491 1843 517 καὶ

1051 533 1130 560 Τίτον
1145 542 1151 549 ·
1170 534 1270 569 ἀνέϐην
1283 534 1311 560 δὲ
1323 534 1394 561 κατὰ
1404 535 1586 570 ἀποκάλυψιν.
1600 545 1609 561 ι

1088 580 1145 606 Οὐκ
1170 578 1252 615 ἦλθον
1268 580 1438 616 διδαχθῆναι,
1467 582 1561 616 φησὶν,
1588 582 1645 609 ἀλλ’
1679 583 1841 619 ἱστορῆσαι·

1051 627 1119 662 ὅπερ
1136 627 1195 653 ἐστὶ
1210 627 1290 662 μόνον
1305 627 1443 663 τιμῶντος
1460 628 1552 656 αὐτόν.

1089 684 1098 699 ι
1115 675 1170 702 Καὶ
1183 674 1322 710 ἀνεθέμην
1339 675 1431 707 αὐτοῖς
1445 675 1474 702 τὺ
1486 675 1670 711 Εὑαγγέλιον,
1683 677 1696 703 ὂ
1712 675 1843 712 κηρύσσω

1051 722 1080 748 ἐν
1095 722 1151 753 τοῖς
1174 721 1280 748 ἔθνεσι·
1305 723 1366 749 κατ’
1397 722 1466 749 ιδεαν
1478 722 1506 749 δὲ
1523 724 1579 755 τοῖς
1604 722 1713 749 δοκοῦσι
1743 722 1842 758 μήπως

1052 768 1092 799 εἰς
1107 767 1184 794 κενὸν
1209 767 1328 802 τρέχωῆ
1344 767 1470 802 ἔδραμον.
1491 777 1500 794 ι

1013 855 1036 881 -Β
1087 854 1155 881 Κατ’
1171 853 1258 889 ἀρχὰς
1275 854 1323 889 μὲν
1339 854 1386 880 τοῦ
1402 853 1530 886 δέξασθαι
1543 855 1574 881 τὸ
1599 854 1766 889 Εὖαγγέλιον
1792 855 1842 881 οὐκ

1049 898 1177 933 ἀνῆλθεν,
1195 898 1256 925 οὐδὲ
1273 898 1384 925 ἀνέθετο
1410 898 1475 925 αὐτὸ
1503 899 1559 930 τοῖς
1581 899 1753 931 ἀποστόλοις.
1775 899 1842 926 Οὐδὲ

1048 943 1103 978 γὰρ
1119 944 1204 970 ὲδείτο
1228 944 1304 980 παρὰ
1322 944 1442 980 Χριστοῦ
1459 943 1553 979 μαθὼν
1570 944 1620 980 τῆς
1640 945 1752 972 ἐκείνων
1768 944 1842 971 διδα-

1050 989 1177 1021 σκαλίας.
1201 989 1347 1025 Προϊόντος
1361 990 1389 1016 δὲ
1401 990 1447 1016 τοῦ
1461 989 1571 1025 χρόνου,
1587 991 1634 1017 καὶ
1659 990 1842 1026 κηρύττοντος

1049 1035 1131 1062 αὑτοῦ
1146 1036 1204 1066 τοῖς
1223 1034 1328 1062 ἔθνεσιν
1352 1035 1417 1068 livet;
1446 1035 1599 1072 περιτομῆς
1617 1037 1647 1063 τὸ
1662 1036 1840 1071 Εὐαγγέλιον,

1048 1080 1273 1113 ἐσκανδαλίζοντο
1287 1089 1369 1114 τινες,
1385 1081 1441 1108 τῶν
1452 1083 1500 1117 μὲν
1514 1082 1579 1118 περὶ
1593 1083 1696 1119 Πέτρον
1713 1083 1750 1118 μὴ
1766 1084 1842 1110 ἀναι-

1049 1127 1168 1162 ρούντων
1180 1127 1229 1162 τὴν
1244 1128 1409 1163 περιτομὴν,
1435 1128 1531 1155 τούτου
1547 1128 1575 1156 δὲ
1594 1129 1676 1164 μόνου
1696 1128 1841 1163 ἀναιροῦν-

1047 1181 1102 1204 τος.
1119 1173 1164 1199 Διὸ
1183 1172 1263 1200 τοῦτο
1277 1173 1307 1199 τὺ
1325 1174 1474 1201 σκάνδαλον
1500 1174 1555 1200 τῶν
1581 1174 1670 1201 ἄλλων
1684 1173 1715 1201 τὸ
1727 1172 1841 1208 Πνεῦμα

1047 1218 1076 1245 τὸ
1089 1219 1166 1252 ἆγιον
1181 1218 1298 1253 ἐκκόψαι
1309 1219 1481 1254 βουλόμενον,
1495 1219 1664 1254 προσέταξεν
1680 1219 1753 1254 αὐτῷ
1771 1218 1840 1254 μετὰ

1050 1263 1197 1299 μαρτύρων
1213 1262 1345 1296 ἀνελθεῖν,
1364 1264 1410 1290 καὶ
1431 1263 1578 1291 ἀναθέσθαι
1597 1265 1652 1295 τοῖς
1681 1263 1840 1295 ἀποστόλοις

1047 1310 1076 1336 τὸ
1088 1310 1152 1336 ἄνευ
1164 1310 1316 1345 περιτομῆς
1324 1309 1472 1345 κηρύσσειν
1482 1330 1488 1342 ,
1500 1305 1543 1337 ἵνα
1556 1310 1602 1336 καὶ
1617 1309 1729 1336 ἐκείνων
1744 1309 1838 1335 συνθε-

1031 1375 1033 1377 -
1049 1355 1137 1390 μένων
1159 1354 1243 1389 αὐτῷ,
1261 1355 1340 1381 τοῦτο
1355 1355 1422 1390 λυθῇ
1441 1356 1494 1381 τῶν
1514 1354 1666 1390 ἀνθρώπων
1681 1355 1710 1380 τὸ
1726 1353 1841 1381 σκάνδαη

1046 1401 1101 1427 λον.

1084 1456 1093 1472 ι
1114 1446 1183 1473 Ἀλλ’
1214 1446 1274 1472 οὐδὲ
1296 1446 1374 1477 Τίτος
1391 1446 1404 1471 ὁ
1420 1446 1470 1472 σὺν
1485 1446 1557 1481 ἐμοὶ,
1574 1445 1676 1480 ’Ἕλλην
1691 1444 1739 1478 ὢν,
1753 1445 1838 1479 ἠναγ-

1046 1493 1135 1528 κάσθη
1153 1491 1363 1528 περιτμηθῆναι.
1380 1502 1388 1517 ι

1087 1583 1156 1610 Ὑπὸ
1178 1583 1232 1610 τῶν
1257 1581 1417 1610 ἀποστόλων
1436 1581 1579 1618 δηλονότι·
1603 1583 1672 1617 ὅπερ
1699 1582 1836 1614 ἀπόδειξις

1045 1628 1079 1666 ἦν
1092 1630 1209 1665 μεγίστη
1224 1628 1271 1655 τοῦ
1288 1628 1326 1664 μὴ
1336 1628 1554 1662 καταγινώσκειν
1569 1628 1669 1660 αὐτοὺς
1683 1628 1730 1654 τοῦ
1753 1628 1834 1654 Ἀπο-

1047 1677 1151 1708 στόλου,
1167 1676 1201 1702 τὰ
1219 1675 1281 1710 ἔθνη
1297 1675 1334 1710 μὴ
1350 1673 1569 1709 περιτέμνοντος.

1083 1730 1091 1746 ι
1110 1720 1158 1747 Διά
1173 1720 1201 1747 δὲ
1215 1721 1278 1751 τοὺς
1298 1719 1500 1755 παρεισάκτους
1526 1719 1734 1754 ψευδαδέλφους,
1767 1718 1835 1746 οἵτι-

1045 1777 1088 1800 νες
1103 1767 1286 1803 παρεισῆλθον
1296 1766 1503 1801 κατασκοπῆσαι
1519 1765 1568 1801 τὴν
1578 1765 1733 1801 ἐλευθερίαν
1745 1765 1833 1801 ἡμῶν,

1045 1815 1078 1851 ἣν
1093 1814 1191 1850 ἔχομεν
1209 1815 1238 1840 ὲν
1252 1812 1480 1848 ΧριστῷκῚησοῦ.
1497 1821 1505 1837 ι

1081 1863 1117 1888 Τὺ
1140 1862 1199 1895 διὰ,
1212 1861 1274 1889 ἀντὶ
1288 1861 1348 1894 τοῦ,
1365 1861 1449 1894 κατὰ,
1466 1862 1564 1887 κεῖται.
1587 1860 1616 1886 '0
1631 1859 1658 1886 δὲ
1670 1859 1731 1890 νοῦς
1745 1854 1837 1890 dicor

1046 1908 1078 1934 Οἱ
1091 1908 1245 1940 ἁπὸστολοι,
1275 1908 1377 1942 φησὶν,
1409 1907 1457 1933 οὐκ
1479 1906 1638 1941 ἠνάγκασαν
1666 1905 1835 1940 ἀκρὸϐυστον

1045 1955 1109 1981 ὅντα
1127 1953 1173 1980 τὸν
1190 1953 1269 1979 Τίτον
1293 1952 1506 1988 περιτμηθῆναι,
1535 1951 1623 1977 καίτοι
1639 1949 1694 1976 τῶν
1720 1958 1835 1986 παρεισ-

1046 1999 1136 2026 ἀκτων
1152 1998 1344 2033 ψευδαδέλφων
1365 1997 1431 2023 αὐτὸ
1445 1996 1524 2023 τοῦτο
1535 1995 1774 2032 παρα-τηρούντων,
1788 1995 1835 2022 καὶ

1046 2043 1255 2078 ἀναγκαζόντων
1285 2042 1479 2078 περιτέμνειν·
1500 2041 1556 2068 ιτδ
1584 2041 1658 2074 ξένον
1690 2040 1753 2075 περὶ
1783 2041 1831 2074 τὴν

1045 2091 1175 2126 ἀλήθειαν
1193 2091 1220 2116 ὲν
1236 2089 1311 2123 τάξει
1333 2090 1515 2115 κατασκόπων
1546 2086 1772 2122 προσαγορεύσας
1788 2087 1836 2112 αν)-

1046 2138 1119 2169 τούς.

1086 2194 1094 2210 ι
1115 2185 1173 2210 Ἵνα
1189 2183 1263 2218 ἡμᾶς
1276 2180 1526 2208 καταδουλώσωσιν.
1543 2190 1552 2206 ι

1081 2231 1127 2261 Εἰς
1145 2229 1193 2264 τὴν
1224 2228 1358 2259 δουλείαν,
1385 2227 1462 2263 φησὶ,
1490 2226 1571 2254 πάλιν
1596 2225 1765 2260 εἰσαγάγωσι
1787 2223 1833 2250 τοῦ

1045 2275 1137 2310 νόμον.
1153 2275 1199 2301 Διὸ
1214 2274 1261 2301 καὶ
1277 2273 1395 2308 ἀλλαχοῦ
1421 2281 1488 2308 φησι
1506 2280 1513 2288 ”
1530 2271 1657 2306 Χριστὸς
1683 2271 1762 2306 ἡμᾶς
1787 2269 1836 2302 ἐξ-

1044 2321 1195 2356 ηγόρασεν
1206 2320 1240 2346 ἐκ
1253 2320 1308 2354 τῆς
1325 2319 1455 2353 κατάρας
1469 2318 1521 2346 τοῦ
1539 2318 1643 2352 νόμον.

1084 2375 1093 2391 ι
1113 2364 1160 2397 Οἷς
1187 2365 1249 2392 οὐδὲ
1278 2365 1346 2401 πρὸς
1375 2364 1449 2400 ὥραν
1465 2364 1576 2399 εἴξαμεν
1593 2364 1625 2399 τῇ
1639 2362 1775 2397 ὑποταγῇ,
1792 2361 1834 2387 ῖνα

1046 2413 1063 2447 ἡ
1073 2411 1185 2446 ἀλήθεια
1200 2410 1248 2437 τοῦ
1263 2410 1432 2445 Εὑαγγελῑον
1447 2410 1573 2446 διαμείνῃ
1587 2409 1656 2444 πρὸς
1673 2409 1755 2443 ὑμᾶς.
1770 2417 1779 2432 ι

1082 2503 1149 2530 Οὐδὲ
1178 2502 1247 2538 πρὸς
1274 2501 1372 2538 βραχὺ,
1403 2502 1507 2536 φησιν,
1531 2500 1707 2535 ὑπετάγημεν
1733 2497 1821 2528 αὐτοῖς

1048 2549 1243 2585 παρεισάκτοις
1262 2547 1396 2584 δηλονότι,
1414 2549 1456 2574 ἵνα
1476 2547 1512 2582 μὴ
1539 2546 1606 2574 ἄλλα
1627 2545 1749 2575 εἰπόντες
1771 2549 1837 2572 περι

1048 2595 1094 2621 τοῦ
1111 2594 1289 2629 Εὑαγγελίου,
1303 2594 1370 2620 ἄλλα
1388 2593 1552 2629 πράττοντες
1576 2590 1743 2627 εὑρεθῶμεν.
1760 2587 1791 2616 Τί
1808 2587 1836 2614 δὲ

1049 2640 1109 2668 εἶπε
1146 2641 1211 2676 περὶ
1240 2641 1286 2668 τοῦ
1312 2640 1496 2676 Εὑαγγελίον;
1513 2639 1604 2666 Ὥστε
1616 2637 1644 2664 εἴ
1663 2644 1708 2669 τις
1722 2634 1756 2662 ἐν
1771 2634 1837 2668 Χρι‹

841 2789 956 2816 VARI/1‘3
975 2788 1176 2817 LEGTIONES.

241 2833 253 2846 "
269 2835 347 2863 Deest
360 2834 448 2869 aliqua
464 2843 514 2862 vox
529 2843 536 2867 ;
555 2834 624 2863 forte
634 2835 685 2862 διά.
