2078 3116
258 152 311 186 185

847 157 887 186 ΙΝ
908 157 1028 187 EPIST.
1049 158 1097 187 A1)
1115 158 1297 188 GALA'I‘AS.

1833 157 1887 189 ’186

258 208 330 241 στῷ,
348 207 436 242 καινὴ
472 207 580 241 κτίσις.
610 208 674 242 Καὶ,
687 210 722 237 τὰ
739 211 847 245 ἀρχαῖα
879 211 1044 246 παρῆλθεν,

1099 209 1131 236 In
1145 210 1250 238 Christo
1273 219 1365 238 novam
1386 219 1441 238 esse
1455 214 1606 238 creaturam
1615 210 1648 237 ".
1667 210 1789 246 Itemque
1808 220 1814 237 :
1839 211 1887 238 Vo-

259 253 324 281 ιδοὺ
345 253 449 289 γέγονε
462 253 499 281 τὰ
512 253 612 281 πάντα
631 255 729 282 καινά.
759 257 823 289 Καὶ,
841 257 878 291 τῇ
891 257 1047 291 ἐλευθερίᾳ

257 300 336 336 ἡμᾶς
354 301 482 335 Χριστὸς
500 301 720 335 ἠλευθέρωσεν.

295 356 304 372 ι
330 345 396 372 Ἀπὸ
415 346 444 372 δὲ
463 345 519 372 τῶν
542 346 693 374 δοκούντων
725 344 795 374 εἷναί
807 356 850 380 τι,
866 348 953 375 ὁποῖοὶ
980 357 1046 375 ποτε

256 389 338 427 ἦσαν,
369 391 446 418 οὐδέν
462 399 508 426 μοι
530 391 655 427 διαφέρει
667 400 674 408 ’
692 393 837 428 πρόσωπον
851 393 918 424 Θεδς
943 393 1047 428 ἀνθρώ-

258 446 310 464 που
333 437 362 464 οὺ
386 436 531 472 λαμϐάνει.
552 437 630 472 Ἐμοὶ
653 437 708 473 γὰρ
735 438 759 465 oi
784 438 946 474 δοκοῦντες,
970 439 1047 467 οὐδὲν

258 483 466 518 προσανέθεντο.
480 492 489 509 ι

293 529 330 554 Τὸ
357 528 416 563 μὲν,
437 528 618 562 δοκούντων,
647 529 708 556 ἀντὶ
719 529 777 562 τοῦ,
805 530 911 557 ὄντων·
935 530 974 562 ὡς
998 532 1046 558 καὶ

258 574 322 609 περὶ
347 574 443 601 ἑαυτοῦ
471 573 532 601 εἶπε
546 583 553 591 ν
572 574 653 602 Δοκῶ
670 575 704 601 δὲ
721 576 802 611 κάγὼ
825 577 946 612 Πνεῦμα
957 578 1047 605 ιΘεοῦ

257 620 349 654 ἔχειν.
367 619 396 647 '0
413 620 440 646 δὲ
454 620 515 653 νοῦς
531 617 609 653 οὗτος
623 629 629 635 ·
651 621 684 648 Οἱ
696 622 760 657 περὶ
781 622 897 658 Πέτρον,
923 625 1007 659 φησὶ,
1021 625 1047 651 τί

259 675 325 693 ποτε
352 666 518 698 σκοποῦντες
537 667 796 704 συγκατέϐαινοντῇ
822 672 969 706 περιτομῇ,
998 671 1047 698 οὐκ

257 712 328 743 οἴδα,
355 712 415 738 οὐδὲ
437 713 583 746 φιλονεικῶ
600 714 665 749 περῖ
687 714 784 741 τούτου
797 722 804 729 ·
824 711 897 741 οὗτοι
912 715 941 742 δὲ
963 716 1045 748 ἴσασι,

258 759 296 789 ὡς
313 757 394 792 λόγον
415 757 547 790 δώσοντες
563 759 600 794 τῷ
617 759 687 794 Θεῷ.
703 760 751 786 Ἒν
763 760 791 787 δὲ
801 759 869 793 οῖδα,
882 761 923 787 ὅτι
944 761 1047 788 ἐλθόντι

257 802 334 829 οὐδὲν
357 802 438 829 πλέον
453 800 529 829 εἷπον
544 803 608 838 περὶ
635 804 682 831 τοῦ
711 805 898 840 κηρύγματος.
912 804 948 832 Εὖ
961 811 975 830 1
985 803 1046 832 εἷπε

259 847 305 872 καὶ.
320 847 350 873 τὸ
370 846 467 874 ὁποῖοι
486 845 577 882 ἦσαν,
595 847 651 874 ἀλλ’
666 849 716 876 οὐκ
741 850 828 882 εἰσὶν,
859 850 903 877 ἵνα
922 852 954 885 τῇ
974 851 1044 886 ἀρχῇ

257 891 304 918 τοῦ
341 892 518 928 κηρύγματος
548 893 586 928 δῷ
615 895 754 922 κάκείνων
783 895 832 932 τὴν
870 897 1046 930 συγκατὰϐα-

258 946 310 965 σιν.

297 1076 370 1104 ’Λντὶ
386 1077 443 1112 τοῦ,
462 1079 674 1116 ὲναντιώθησαν.

298 1129 308 1145 ι
330 1123 410 1151 Ἀλλὰ
431 1125 585 1153 τούναντίον
603 1127 718 1161 ἰδόντες,
740 1129 780 1156 ὅτι
808 1130 993 1166 πεπίστευμαι
1013 1132 1044 1159 τὸ

256 1170 421 1204 Ι-Ξῦαγγέλιον
447 1172 496 1206 τῆς
522 1173 725 1208 ἀκροϐυστίας,
754 1175 845 1208 καθὼς
871 1177 972 1213 Πέτρος
994 1179 1044 1213 τῆς

257 1217 406 1252 περιτομῆς
425 1217 449 1252 (ὁ
462 1217 517 1253 γὰρ
533 1219 686 1255 ἐνεργήσας
712 1221 809 1257 Πέτρῳ
823 1223 864 1254 εἰς
880 1224 1041 1259 περιτομὴν,

257 1262 391 1297 ἐνήργησε
410 1263 494 1298 κάμοὶ
511 1264 550 1296 εἰς
560 1265 594 1292 τὰ
606 1265 682 1302 ἔθνη)
694 1275 700 1294 τ
715 1267 762 1294 καὶ
777 1267 887 1302 γνόντες
901 1270 951 1305 τὴν
965 1270 1043 1305 χάριν

254 1307 304 1340 τὴν
318 1306 441 1334 δοθεῖσάν
458 1317 514 1343 μοι,
534 1310 672 1344 Ἰάκωϐος,
691 1312 738 1338 καὶ
751 1313 849 1348 Κηφᾶς
860 1334 866 1346 ,
887 1315 934 1341 καὶ
954 1316 1044 1343 Ἰωάν-

255 1360 314 1386 νης,
332 1353 357 1378 οἱ
369 1353 510 1387 δοκοῦντες
535 1356 624 1383 στύλοι
643 1354 724 1390 εἶναι,
737 1358 828 1392 δεξιὰς
854 1360 958 1387 ἔδωκαν
982 1363 1044 1396 ἐμοὶ

256 1397 302 1423 καὶ
319 1397 448 1435 Βαρνάϐᾳ
463 1402 606 1433 κοινωνίας
619 1423 625 1434 ,
645 1403 689 1430 ἵνα
702 1405 784 1440 ἡμεῖς
800 1406 849 1440 μὲν
865 1407 905 1439 εἰς
919 1407 952 1434 τὰ
967 1407 1042 1443 ἔθνη,

255 1443 332 1470 αὐτοὶ
343 1444 372 1470 δὲ
387 1446 426 1477 εἰς
439 1445 488 1481 τὴν
503 1449 667 1484 περιτομήν.
681 1459 690 1474 ι

1099 260 1152 282 Iern
1166 257 1340 289 transierunt,
1354 265 1412 284 ecce
1429 257 1501 291 facta
1517 262 1577 284 sunt
1595 257 1684 283 omnia
1700 264 1766 283 uoca
1778 255 1812 284 ".
1829 256 1861 284 Et
1875 261 1886 280 ε

1098 300 1157 333 Qua
1169 301 1288 328 libertate
1303 310 1351 328 nos
1366 301 1487 328 Christus
1505 302 1624 329 liberavit
1634 302 1670 329 ".

1134 346 1216 374 Vens.
1232 347 1259 373 6.
1288 357 1297 372 ι
1317 347 1358 374 Ah
1376 347 1410 374 iis
1428 351 1518 374 autem
1540 348 1589 382 qui
1606 347 1770 375 videbantur
1785 347 1887 382 aliquid

1097 398 1159 418 esse
1174 391 1281 426 (quales
1302 391 1449 426 aliquando
1470 392 1583 424 fuerint,
1602 392 1671 420 nihil
1687 400 1747 420 mea
1763 392 1888 421 interest.

1099 435 1171 464 Deus
1184 444 1330 471 personam
1348 437 1490 464 hominum
1509 445 1565 465 non
1585 438 1711 474 accipit);
1729 438 1796 466 mihi
1815 439 1888 466 enim

1098 482 1143 517 qui
1160 482 1324 510 videbantur
1339 491 1402 511 esse
1422 483 1538 519 aliquid,
1554 483 1623 510 nihil
1643 484 1828 511 contulerunt.
1850 493 1860 510 ι

1134 527 1187 560 Qui
1198 528 1363 560 videbantur,
1384 528 1430 562 ait,
1443 528 1469 556 id
1485 532 1527 556 est
1542 529 1587 564 qui
1601 533 1677 555 erant
1693 537 1701 555 :
1723 529 1794 556 haud
1809 536 1889 556 secus

1098 579 1130 599 ac
1145 573 1178 600 de
1189 581 1219 600 se
1238 573 1297 608 ipse
1310 573 1437 602 dicebat:
1459 574 1554 601 Videor
1569 579 1656 601 autem
1675 574 1739 601 mihi
1758 574 1889 609 Spiritum

1101 617 1148 645 Dei
1160 618 1264 646 habere.
1282 619 1366 655 Atqui
1390 619 1434 647 hic
1449 627 1548 648 sensus
1566 625 1629 648 est:
1647 620 1694 655 qui
1712 627 1726 647 ιι
1742 619 1822 647 Petro
1833 623 1889 647 star

1099 664 1175 695 baut.
1184 672 1246 699 erga
1257 665 1496 693 eireumcisiouem
1505 666 1724 701 indulgentiores
1735 670 1826 697 erant.
1835 671 1889 700 qua

1098 708 1132 735 de
1152 717 1235 736 rausa
1251 709 1355 741 nescio.
1367 717 1448 745 quam
1465 710 1607 745 inquirere
1619 718 1674 738 non
1688 718 1756 738 curo
1770 720 1777 737 :
1790 710 1824 737 de
1834 718 1889 744 qua

1098 754 1325 790 necvitililigandi
1337 755 1447 783 animus
1461 760 1519 789 est;
1545 757 1572 784 id
1595 756 1646 792 ipsi
1671 756 1810 787 noverint,
1827 761 1889 782 tau-

1099 808 1179 835 quam
1210 800 1349 828 reddituri»
1361 801 1496 829 rationem
1516 801 1582 830 Deo.
1613 803 1671 829 Hoc
1695 806 1786 829 autem
1804 809 1887 828 unum

1099 846 1167 875 scio.
1193 845 1261 872 nihil
1282 853 1330 873 eos
1344 846 1410 873 mihi
1433 847 1552 882 amplius
1572 848 1606 875 de
1622 846 1815 883 praedicatione
1828 853 1888 873 mea

1097 891 1243 926 objccisse.
1263 891 1375 927 quando
1391 895 1468 928 ipsos
1483 894 1611 921 conveni.
1629 893 1712 921 Recte
1734 897 1824 920 autem
1838 892 1887 923 ait.

1096 938 1186 972 quales
1203 938 1313 973 fuerint,
1332 946 1386 966 nou
1407 939 1502 974 quales
1527 940 1594 972 sint,
1612 944 1641 967 ut
1655 939 1788 968 concedat
1808 938 1889 966 initio

1097 983 1301 1017 prmdicatiouis
1324 983 1464 1019 Evangelii
1494 984 1601 1013 ludatis
1628 984 1733 1021 aliquid
1752 984 1887 1012 indultum

1098 1029 1197 1057 fuisse.

1132 1074 1203 1102 Idem
1217 1078 1310 1109 atque,
1327 1075 1468 1104 adversati
1483 1083 1536 1103 non
1552 1080 1626 1104 sunt.

1133 1120 1213 1148 Vsus.
1230 1121 1286 1149 7-9.
1316 1131 1324 1147 ι
1346 1121 1398 1149 Sed
1412 1130 1427 1150 e
1446 1127 1542 1150 contra
1567 1130 1629 1149 cum
1649 1121 1796 1153 vidissent,
1815 1121 1887 1155 quod

1095 1167 1230 1194 creditum
1254 1172 1296 1195 est
1321 1167 1388 1194 milli
1414 1167 1591 1203 Evangelium
1617 1168 1744 1203 praeputii
1771 1168 1844 1195 sicut
1862 1172 1889 1194 et

1095 1212 1318 1241 circumcisionis
1343 1213 1401 1248 (qui
1429 1214 1502 1242 enim
1532 1217 1662 1249 Operatus
1690 1217 1733 1241 est
1759 1212 1839 1240 Petro
1861 1212 1887 1239 in

1095 1258 1280 1292 apostolatum
1294 1258 1528 1292 eireumcisionis.
1546 1264 1676 1295 operatus
1699 1264 1742 1287 est
1766 1262 1793 1286 et
1822 1258 1888 1284 mihi

1095 1303 1167 1331 inter
1189 1304 1314 1339 gentes),
1334 1309 1361 1332 et
1384 1310 1455 1333 cum.
1475 1305 1670 1341 cognovissent
1697 1305 1811 1340 gratiam
1829 1311 1889 1339 qum

1094 1349 1157 1376 data
1176 1353 1218 1376 est
1233 1349 1311 1382 mihi,
1326 1349 1459 1383 Jacobus,
1472 1356 1499 1378 et
1515 1351 1633 1386 Cephas,
1649 1353 1676 1377 ct
1691 1349 1821 1381 Joannes,
1842 1349 1888 1384 qui

1095 1395 1260 1422 videbantur
1280 1396 1416 1424 columnae
1431 1403 1505 1428 esse,
1528 1396 1641 1424 dextras
1667 1395 1802 1423 dederunt
1822 1395 1888 1421 milu‘

1095 1445 1122 1468 et
1143 1441 1278 1469 Barnaba:
1293 1442 1456 1470 societatis:
1474 1447 1503 1470 ut
1521 1450 1573 1471 nos
1588 1441 1698 1478 quidem
1724 1441 1750 1468 in
1775 1444 1886 1477 gentes,

1095 1486 1146 1522 ipsi
1161 1491 1252 1514 autem
1272 1487 1300 1514 in
1317 1487 1570 1516 circumcisionem.
1586 1497 1596 1513 ι

290 1533 344 1569 Τῷ,
361 1535 442 1562 ἀλλὰ
468 1538 646 1566 τούναντίον
675 1539 800 1574 ίδόντες,
830 1543 978 1570 συναπτέον
991 1545 1020 1572 τὺ
1033 1566 1039 1578 ,

1096 1550 1098 1552 -
1132 1532 1200 1560 Huic
1225 1533 1366 1566 commali,
1390 1534 1436 1562 sed
1451 1542 1464 1562 ε
1479 1539 1571 1561 contra
1586 1542 1643 1561 cum
1669 1533 1805 1564 uidissent.
1824 1533 1888 1568 jun-

255 1578 356 1612 δεξιὰς
375 1579 491 1608 ἔδωκαν
505 1582 569 1616 ἐμοὶ
583 1583 632 1610 καὶ
647 1585 794 1619 Βαρνάϐᾳ.
812 1587 892 1622 Λέγει
907 1589 936 1615 δὲ
948 1589 983 1616 τὰ
999 1590 1043 1618 διὰ.

257 1625 350 1659 μέσου,
370 1626 452 1652 πάλιν
463 1627 581 1661 δεικνὺς,
597 1629 636 1660 ὠς
651 1630 680 1655 οὺ
698 1630 774 1666 παρὰ
789 1632 942 1668 ἀνθρώπων
958 1635 999 1668 είς
1013 1636 1044 1662 τὸ

255 1670 402 1704 κηρύσσειν
414 1673 469 1703 τοῖς
485 1672 574 1700 ἔθνεσι
593 1676 824 1712 κεχειροτόνηται,
840 1678 908 1713 ὅπερ
917 1680 941 1706 οἱ
952 1680 1044 1716 ἐχθροὶ

254 1715 347 1750 ἔλεγον
360 1716 425 1752 περὶ
439 1718 534 1746 αὐτοῦ.

293 1815 302 1831 ι
323 1807 411 1834 Μόνον
427 1808 481 1834 τῶν
505 1810 622 1845 πτωχῶν
647 1809 694 1840 ἵνα
720 1815 946 1850 μνημονεύωμεν,
965 1817 978 1843 ὂ
998 1819 1044 1845 καὶ

255 1851 409 1879 ἐσπούδασα
424 1853 490 1880 αὐτὸ
505 1855 584 1882 τοῦτο
599 1857 722 1892 ποιῆσαι,
737 1868 746 1885 ι

289 1938 321 1963 Ai
340 1939 483 1973 συνθῆκαι,
507 1941 584 1976 φησι,
602 1942 726 1970 τοιαῦται
742 1945 882 1979 γεγόνασι,
901 1946 972 1974 ὥστε
996 1948 1044 1975 καὶ

255 1983 375 2015 ἐκείνους
407 1986 456 2020 μὲν
488 1988 544 2019 τοῖς
569 1988 726 2021 Ἰουδαίοις,
753 1991 828 2025 ἡμᾶς
849 1991 877 2018 δὲ
896 1993 1044 2028 κηρύσσειν

254 2030 311 2061 τοῖς
338 2030 438 2058 ἔθνεσι.
465 2033 552 2069 Κοινὴ
575 2034 603 2061 δὲ
619 2035 731 2070 γέγονεν
757 2037 925 2073 ἀμφοτέροις
946 2039 963 2074 ὴ
989 2040 1043 2066 τῶν

255 2077 380 2111 πενήτων
408 2079 530 2113 φροντίς.
559 2077 640 2108 Οὗτοι
653 2081 682 2108 δὲ
697 2079 767 2118 ἦσαν
781 2083 805 2109 οἱ
827 2084 995 2120 πένητες,οἱ
1014 2086 1044 2119 ἐξ

261 2121 396 2149 Ἰουδαίων
407 2124 602 2157 πιστεύσαντες
610 2127 650 2159 εις
666 2128 794 2162 Χριστδν,
807 2129 833 2155 οἳ
848 2130 894 2156 καὶ
902 2130 957 2157 τῶν
971 2131 1043 2159 ἰδίων

254 2167 336 2194 οἴκων
359 2169 411 2196 ὑπὸ
439 2170 494 2198 τῶν
517 2171 652 2199 Ἰουδαίων
675 2173 921 2210 ἀπεστερήθησαν·
937 2178 984 2204 καὶ
999 2175 1044 2204 οὖ-

1097 1578 1214 1613 gendum
1231 1579 1304 1607 istud
1318 1585 1370 1614 est,
1389 1580 1497 1608 dextras
1510 1580 1638 1608 dederunt
1649 1580 1713 1607 mihi
1723 1584 1747 1607 et
1756 1579 1888 1606 Baruulue

1097 1625 1242 1652 societatis.
1268 1625 1334 1658 Quae
1364 1633 1429 1653 vero
1452 1625 1598 1661 interiecta
1626 1631 1708 1658 smn,
1738 1625 1888 1652 ostendunt

1097 1679 1160 1698 eum
1175 1679 1230 1698 non
1245 1671 1280 1699 ab
1300 1671 1457 1700 hominibus
1481 1672 1637 1700 ordinatum
1658 1679 1719 1700 esse
1737 1676 1767 1699 ut
1790 1671 1888 1706 praedi-

1097 1722 1173 1745 caret
1189 1717 1319 1753 gentibus
1335 1727 1342 1745 :
1365 1717 1391 1746 id
1408 1718 1481 1753 quod
1497 1718 1532 1746 de
1553 1718 1614 1753 ipso
1632 1717 1783 1746 adversarii
1809 1725 1888 1753 span--

1098 1763 1208 1798 gebant.

1135 1809 1212 1844 161
1230 1808 1312 1837 Vsus.
1337 1809 1380 1838 10.
1400 1820 1409 1836 ‹
1425 1809 1543 1838 Tantum
1566 1814 1596 1838 ut
1616 1817 1767 1846 pauperum
1784 1817 1889 1837 menm-

1099 1861 1142 1881 res
1157 1862 1281 1883 essemus
1298 1864 1305 1883 :
1325 1856 1397 1891 quod
1415 1857 1496 1884 etiam
1511 1856 1647 1885 sollicitus
1663 1856 1701 1884 fui
1723 1856 1774 1884 hoc
1796 1856 1888 1891 ipsum

1099 1899 1197 1928 facere.
1215 1910 1226 1926 ι

1135 1945 1279 1973 Pactioues
1298 1945 1432 1980 ejusmodi
1455 1950 1602 1974 transacta:
1626 1950 1707 1979 sunt,
1735 1947 1834 1982 inquit,
1857 1951 1886 1974 ut

1098 1991 1136 2018 illi
1162 1991 1271 2026 quidem
1288 1990 1400 2024 Judzeis,
1417 2000 1468 2019 nos
1493 2000 1558 2020 vero
1579 1993 1707 2028 gentibus
1722 1993 1886 2028 praedicare—

1097 2045 1167 2064 mus.
1195 2037 1353 2066 Communis
1378 2045 1443 2066 vero
1468 2038 1594 2074 utrisque
1611 2037 1663 2066 fuit
1684 2038 1843 2066 sollicitudo
1859 2042 1886 2066 et

1097 2091 1162 2110 cura
1179 2091 1342 2119 pauperum.
1368 2084 1450 2119 Atqui
1465 2084 1511 2113 isti
1523 2092 1657 2120 pauperes
1670 2084 1780 2119 ipsimct
1795 2089 1885 2115 erant.

1097 2129 1144 2164 qui
1164 2137 1198 2156 ex
1214 2128 1318 2157 Judzeis
1337 2129 1512 2158 crediderant
1540 2131 1568 2158 in
1590 2129 1744 2165 Christum.
1768 2138 1885 2166 quorum

1097 2175 1196 2203 domus
1210 2175 1348 2211 direptaaa
1364 2176 1567 2205 contribulibus
1585 2176 1696 2204 fuerant
1715 2185 1722 2204 :
1743 2175 1790 2204 isti
1811 2179 1885 2208 sunt,

254 2214 294 2239 τοί
307 2214 374 2241 εἰσιν
388 2213 428 2248 οἷς
446 2216 577 2253 ἔγραφεν,
594 2219 648 2246 Καὶ
673 2219 731 2254 τὴν
749 2220 890 2255 ἁρπαγὴν
914 2222 973 2250 τῶν
987 2225 1041 2250 ὐπ-

1097 2222 1221 2256 inquam,
1250 2221 1283 2249 ad
1300 2229 1371 2257 quos
1387 2221 1544 2249 scribebat:
1562 2220 1596 2248 Et
1611 2221 1732 2255 rapinam
1759 2221 1887 2248 bonorum

253 2260 408 2292 "PZJWW
419 2262 504 2296 ἡμῶν
512 2264 587 2298 μετὰ
598 2264 693 2299 χαρᾶς
712 2268 954 2300 προσεδέξασθε.

293 2314 303 2330 ι
323 2306 387 2332 Ὅτε
405 2307 433 2334 δὲ
447 2305 513 2344 ἦλθε
527 2309 626 2345 Κηφᾶς
636 2312 676 2343 εἰς
690 2312 866 2349 Ἀντιόχειαν,
877 2315 946 2342 κατὰ
959 2317 1044 2352 πρόσ-

255 2360 330 2378 ωπον
338 2352 412 2388 αὐτῷ
427 2354 570 2391 ἀντέστην.
587 2366 598 2382 ι

297 2398 341 2425 Ἐν
360 2399 559 2436 Ἰεροσολύμοις
588 2403 720 2440 ὑπάρχων
742 2405 756 2432 ὁ
775 2406 881 2443 Πέτρος
894 2426 901 2438 ,
925 2415 1044 2441 συγκατ-

256 2443 347 2470 έϐαινε
361 2445 399 2481 τῷ
419 2447 592 2485 Ἰουδαϊσμῷ,
618 2450 655 2486 μὴ
673 2451 787 2479 κωλύων
812 2453 862 2488 τὴν
890 2454 1043 2489 περιτομὴν

254 2490 333 2524 τέως,
352 2492 419 2528 μήτε
434 2494 468 2521 τὰ
493 2495 631 2524 Σάϐϐατα.
655 2498 803 2526 Κατελθὼν
819 2500 846 2526 δὲ
862 2500 902 2531 είς
915 2498 964 2535 τὴν
982 2500 1040 2526 Ἀν-

256 2536 383 2571 τιόχειαν,
409 2539 565 2576 ἀδιαφόρως
589 2542 718 2578 συνήσθιε
745 2544 801 2576 τοῖς
819 2544 999 2572 πιστεύσασιν
1015 2545 1045 2577 ἐξ

255 2582 340 2609 ὲονῶν
356 2584 395 2615 εἰς
405 2584 452 2612 τὸν
466 2586 580 2622 Κύριον.
602 2586 668 2615 Εῐτα
684 2590 870 2618 κατελθόντων
891 2590 972 2618 τινῶν
991 2590 1045 2617 ἀπὸ

261 2626 465 2663 Ἰεροσολύμων,
501 2631 621 2669 ἐφοϐήθη
652 2634 829 2663 σκανδαλίσαι
854 2635 970 2668 αὐτοὺς,
998 2636 1044 2662 καὶ

255 2673 387 2711 ἐχώρισεν
407 2676 504 2704 ἑαυτὸν
531 2679 579 2705 ἀπ’
603 2680 732 2713 ἐκείνων,
764 2681 823 2717 μεθ’
842 2679 879 2709 ὦν
900 2682 1043 2718 συδιῃτᾶτο

1097 2272 1240 2294 vestrorum
1257 2275 1317 2294 cum
1334 2268 1433 2302 gaudio
1449 2268 1600 2302 suscepistis
1613 2268 1646 2294 ".

1133 2312 1215 2340 Vsus.
1237 2313 1282 2340 Η.
1307 2321 1315 2338 ι
1333 2312 1401 2340 Cum
1425 2318 1516 2341 autem
1531 2314 1651 2341 venisset
1666 2312 1773 2348 Cephas
1788 2312 1885 2340 Antio-

1095 2359 1195 2391 chiam,
1213 2359 1239 2386 in
1257 2359 1355 2387 faciem
1374 2360 1398 2387 ei
1415 2360 1513 2387 restiti.
1532 2370 1540 2386 ι

1131 2404 1246 2437 Quando
1274 2404 1370 2432 Petrus
1408 2404 1607 2441 Hierosolymis
1645 2404 1883 2436 commorabatur.

1094 2450 1237 2478 Judaismo
1257 2450 1308 2478 hoc
1326 2451 1494 2486 indulgebat,
1513 2455 1542 2478 ut
1562 2450 1811 2478 circumeisionem'
1829 2457 1883 2477 non

1094 2498 1208 2525 omnino
1239 2498 1414 2533 prohiberet,
1449 2505 1538 2532 neque
1566 2497 1697 2525 Sabliata.
1725 2496 1794 2524 Cum
1819 2505 1884 2525 vero

1094 2544 1267 2571 Antiochiam
1294 2543 1426 2576 venisset,
1447 2543 1690 2571 indiscriminatim
1720 2543 1884 2571 convivalia-

1095 2594 1139 2618 tur
1151 2598 1213 2618 eum
1229 2590 1262 2618 iis
1278 2590 1325 2623 qui
1345 2597 1377 2617 ex
1398 2589 1527 2624 gentibus
1540 2588 1721 2617 credidissent
1745 2589 1772 2616 in
1793 2588 1885 2616 Domi-

1095 2645 1172 2664 num.
1211 2635 1313 2663 Deinde
1343 2643 1404 2663 eum
1440 2634 1507 2662 illuc
1541 2634 1652 2670 quidam
1686 2634 1883 2671 Hierosolymis

1098 2681 1316 2714 descendissent,
1333 2681 1435 2709 veritus
1462 2688 1496 2708 ne
1520 2679 1735 2714 oﬂ‘cndcrentur,
1763 2679 1884 2718 sejunxit

289 2750 310 2765 "
328 2750 349 2778 ll
363 2752 424 2780 Cor.
447 2762 473 2786 ν,
492 2755 533 2782 ΓΙ.
571 2757 592 2772 ’⁸
605 2757 672 2784 ibid.
715 2759 739 2775 ’⁷
755 2758 842 2786 Galal.
860 2768 884 2791 ν,
904 2759 928 2786 Ι.
969 2760 992 2775 ’³
1006 2759 1088 2786 llebr-
1109 2766 1138 2791 Χ,
1155 2758 1201 2785 54-

897 2815 1013 2842 νΛῐΠᾹΞ
1031 2814 1233 2843 LECTIONES.

294 2859 308 2881 γ
320 2855 402 2884 Forte
416 2855 445 2885 εὖ
459 2858 498 2886 δέ.
