2078 3116
207 119 261 152 787

809 128 838 157 S.
859 127 1017 159 JOANNIS
1037 130 1251 162 DAMASCENI

1784 138 1836 169 788

209 183 240 203 se
254 175 288 202 ab
298 175 353 203 illis
370 175 533 211 quibuscum
549 181 613 205 ante
629 179 799 207 versabatur.
814 181 914 209 Verum
927 181 991 209 Pau-

1048 184 1154 220 πρώην.
1179 186 1262 213 Ἀλλὰ
1275 187 1409 224 πεποίηκέ
1425 196 1486 215 τινα
1499 187 1657 224 οἰκονομίαν
1672 190 1731 224 μετ’
1753 192 1836 218 αὐτοῦ

208 222 252 249 ius
269 222 475 257 dispensatione
496 223 615 258 quadam
643 232 705 252 cum
736 234 769 254 eo
797 235 865 255 usus
887 231 939 261 est,
968 233 997 255 ut

207 267 297 302 ipsum
312 275 403 295 coram
417 267 546 295 omnibus
570 270 795 305 reprehenderet,
810 273 882 308 quod
900 277 996 308 gentes

206 317 317 348 cogeret
340 313 500 347 judaizare;
523 315 562 341 uti
579 316 712 351 magistro
730 317 788 345 hac
812 319 952 352 audiente,
968 323 996 348 et

207 362 324 391 tacente,
341 359 402 394 ejus
418 359 610 395 objurgatione
624 362 662 389 illi
676 362 852 397 docerentur,
865 364 996 393 Judaicos

206 405 276 432 ritus
292 412 346 432 nou
371 413 432 434 esse
447 406 608 435 servandos.
633 397 732 436 Totuin
749 417 832 445 porro
855 411 995 446 negotium

207 449 259 476 hoc
281 456 356 477 mera
383 450 553 486 dispensatio
587 457 655 486 erat,
685 458 801 490 utraque
829 456 995 484 connivente

205 499 319 530 propter
344 496 543 532 discipulorum
575 499 733 528 utilitatem.
760 501 908 535 Quocirca,
938 502 996 531 sive

204 539 317 568 Petrum
343 542 490 570 simulasse
505 543 589 576 dicat,
607 544 665 573 sive
680 553 734 573 non
750 550 826 575 recte
848 548 996 576 incessisse

205 585 240 612 ad
255 586 408 620 veritatem,
437 589 601 617 necessariae
625 589 825 626 dispensationi
847 599 929 621 voces
945 593 995 621 has

203 632 281 666 juvat
296 633 444 661 ascribere.

245 686 255 703 ι
276 677 345 710 Quia
362 679 586 714 reprehensibilis
611 687 680 710 erat.
705 683 801 719 [νειε.
824 683 882 721 12.]
913 685 994 714 Prius

203 724 276 751 enim
290 732 372 760 quam
387 727 512 754 venirent
528 728 638 762 quidam
654 737 670 756 a
692 729 805 763 Jacobe,
826 739 888 758 cum
903 732 994 767 genti-

204 770 255 797 bus
269 769 388 798 edebat:
407 779 469 799 cum
490 777 582 801 autem
605 775 757 810 venissent,
775 777 954 805 subtrahebat
968 783 994 806 et

203 817 362 851 segregabat
379 825 418 845 se.
433 827 443 845 ι

239 861 339 897 Utique
370 862 404 891 ab
435 863 491 892 illis
529 865 575 900 qui
611 865 811 902 Hierosolymis
843 854 1030 896 descende-B

201 911 276 934 rant.

241 962 251 978 ι
270 952 381 982 Timens
397 961 444 982 eos
455 954 502 990 qui
518 962 551 982 ex
567 955 779 985 circumcisione
791 962 877 986 erant.
895 967 906 984 ι

237 997 372 1026 Nimirum
398 1007 432 1027 ne
458 1000 592 1035 praeberet
618 1001 660 1029 eis
689 1001 905 1035 odendiculum;
937 1010 991 1031 non

203 1048 291 1071 autem
310 1052 344 1072 ne
360 1045 427 1079 quid
441 1046 475 1073 ab
488 1046 556 1082 ipsis
573 1050 712 1081 pateretur
727 1048 802 1076 mall.

237 1089 320 1117 Vsus.
345 1090 389 1118 l3.
421 1099 431 1117 ι
455 1091 488 1119 Et
507 1092 675 1120 simulationi
703 1093 763 1128 ejus
791 1100 991 1124 consenserunt

202 1135 293 1162 caeteri
312 1134 417 1170 Juda-i;
437 1136 474 1163 ita
493 1141 523 1164 ut
538 1135 681 1166 Barnabas
703 1137 851 1166 duceretur
874 1147 937 1167 cum
951 1140 992 1168 eis

202 1181 228 1207 in
243 1180 317 1208 illaut
330 1181 544 1210 simulationem.
562 1192 571 1208 ι

238 1226 441 1255 εἰηυιιοιίοησιη
466 1228 599 1261 nominat,
625 1229 845 1257 observationem
867 1229 945 1265 legis,
960 1234 991 1258 ut

201 1273 299 1300 doceat
312 1273 374 1308 illos
393 1273 427 1301 ab
445 1281 477 1301 ea
491 1274 632 1302 secedere.

237 1317 321 1345 Vens.
336 1318 381 1345 ii.
402 1327 412 1345 ι
430 1319 484 1347 Sed
501 1327 563 1347 cum
582 1319 714 1347 vidissem
738 1320 813 1355 quod
836 1328 892 1349 non
916 1325 990 1349 recte

201 1364 375 1392 ambularent
403 1365 437 1392 ad
464 1366 605 1394 veritatem
636 1367 797 1404 Evangelii,
827 1367 883 1395 dixi
908 1367 990 1396 Petro

200 1416 294 1437 coram
308 1410 446 1438 omnibus.
457 1420 467 1437 ι

237 1455 293 1483 Hoc
310 1460 361 1489 est,
374 1457 449 1492 quod
465 1464 520 1485 non
536 1465 569 1485 ex
584 1461 642 1485 toto
655 1457 785 1485 traditam
801 1457 888 1494 legem
906 1458 990 1486 omit-

199 1507 300 1532 terent.
315 1503 403 1531 Voces
418 1507 519 1538 autem,
533 1507 564 1531 ut
580 1503 663 1532 modo
676 1503 848 1536 dicebamus,
868 1504 905 1531 ita
922 1511 988 1532 con-
1002 1519 1023 1550 α

200 1549 310 1582 fortnat,
323 1555 404 1584 prout
415 1549 586 1585 dispensatio
595 1549 763 1585 postulabat.
775 1548 874 1577 Totum
887 1549 988 1585 quippe

200 1595 407 1630 dispensatione
427 1595 592 1631 gerebatur,
617 1603 678 1623 cum
706 1595 862 1631 obiurgatio
889 1595 985 1627 Pauli,

199 1646 257 1667 tum
273 1641 412 1668 silentium
425 1645 451 1669 et
465 1648 597 1669 assensus
614 1641 699 1668 Petri.
716 1640 804 1668 Unum
817 1641 890 1668 euint
906 1641 987 1668 ambo

198 1687 367 1722 qurerebant,
388 1691 417 1714 ut
438 1686 540 1715 Christi
564 1686 656 1715 lldeies
678 1687 712 1715 ab
738 1687 908 1715 observanda
928 1687 987 1722 lege

198 1733 410 1761 deterrerentur.

236 1788 246 1804 ι
263 1778 291 1806 Si
313 1783 342 1807 tu
355 1779 465 1807 Judmus
479 1787 539 1807 cum
556 1780 606 1812 sis,
629 1779 766 1815 gentiliter
787 1780 868 1813 vivis,
883 1784 911 1808 et
930 1788 984 1808 non

197 1824 319 1853 Judaice.
338 1835 349 1852 ι

234 1871 263 1897 Id
281 1875 334 1903 est,
348 1871 509 1899 observator
526 1879 581 1899 non
598 1879 630 1899 es
644 1871 723 1906 legis,
742 1871 789 1899 sed
806 1872 985 1906 quemadmo-

197 1918 262 1944 dum
278 1917 317 1944 illi
334 1917 379 1951 qui
398 1916 573 1944 ercdiderunt
587 1924 619 1944 ex
638 1917 778 1952 gentibus,
806 1923 857 1944 nec
872 1917 984 1944 Neoute-

198 1962 269 1995 uias,
287 1969 337 1990 nec
354 1962 473 1989 Sabbata
488 1961 610 1990 custodis
628 1962 756 1997 amplius.

214 2004 220 2015 ‘
235 2018 245 2034 ι
261 2007 404 2041 Quomodo
420 2015 486 2043 ergo
498 2012 592 2044 gentes
610 2007 846 2043 cogisjudaizare.
866 2018 876 2034 ι

235 2053 312 2088 162
330 2052 412 2088 Atqui
424 2060 456 2080 ex
469 2053 520 2080 hoc
534 2060 642 2088 quoque
657 2053 746 2087 capite
762 2053 862 2088 negotii
874 2053 984 2087 dispen-

197 2098 268 2125 satio
287 2097 470 2132 pernoscitm‘.
485 2097 552 2124 Nam
569 2098 695 2132 quamvis
712 2097 811 2124 Petrus
832 2105 920 2132 neque
937 2105 983 2125 co-

197 2143 312 2176 egisset,
326 2149 415 2178 neque
430 2143 564 2170 suasisset
578 2143 610 2170 ad
622 2142 752 2170 Iudaicos
768 2150 859 2170 mores
869 2150 983 2178 sequen-

1048 231 1062 256 ό
1078 230 1194 265 Παῦλος,
1212 232 1367 268 ἔμπροσθεν
1383 234 1493 261 πάντων
1509 227 1676 270 ἐπιτιμῆσας
1689 235 1774 272 αὐτῷ,
1794 237 1838 264 διὰ

1047 276 1078 303 τδ
1092 277 1258 312 ἀναγκάζειν
1275 279 1430 312 ’ἰουδαΐζειν
1440 279 1474 306 τὰ
1487 279 1563 316 ἔθνη,
1574 280 1649 312 ὅπως
1658 280 1692 308 ἂν
1702 281 1751 308 τοῦ
1763 282 1837 309 διδα-

1048 322 1149 349 σκάλου
1164 323 1251 351 ταῦτα
1268 325 1413 357 ἀκούοντος
1428 326 1475 352 καὶ
1491 326 1659 359 σιωπῶντος,
1683 327 1782 354 ἐκεῖνοι
1793 328 1837 355 διὰ

1047 366 1097 402 τῆς
1110 368 1296 404 ἐπιτιμήσεως
1311 370 1395 397 αὐτοῦ
1407 370 1455 397 τοῦ
1471 371 1634 398 διδασκάλου
1657 371 1780 407 μάθωσιν
1798 373 1837 404 ὡς

1046 411 1076 438 οὐ
1098 412 1140 439 δεῖ
1163 414 1310 447 φυλάττειν
1329 415 1363 442 τὰ
1381 415 1515 442 Ἰουδαϊκὰ
1539 416 1598 452 ἔθη.
1623 416 1773 452 οἰκονομία
1807 417 1836 443 δὲ

1046 457 1107 484 ὅλον
1127 458 1157 484 τὸ
1177 459 1295 494 πρᾶγμα
1322 457 1373 496 ἦν,
1389 460 1422 487 ἐκ
1440 460 1577 493 συνέσεως
1605 461 1771 497 ἀμφοτέρων
1793 462 1836 489 διὰ

1046 503 1096 539 τὴν
1106 504 1242 538 ὠφέλειαν
1259 504 1314 532 τῶν
1332 505 1472 541 μαθητῶν,
1485 505 1558 533 ὥστε
1573 506 1626 533 κᾶν
1640 506 1836 542 ὑποκρίνεσθαι

1046 548 1113 586 λέγῃ
1126 549 1171 576 τὺν
1186 550 1301 586 Πέτρον,
1313 551 1366 578 κᾶν
1379 552 1416 587 μὴ
1427 552 1584 587 ὀρθοποδεῖν
1596 552 1665 587 πρὸς
1674 552 1834 588 ὼφέλειανι,

1045 594 1078 628 τῇ
1087 594 1228 629 οἰκονομίᾳ
1241 595 1291 629 τῆς
1305 595 1412 630 χρείας,
1426 595 1476 628 τὰς
1491 597 1585 631 φωνὰς
1596 596 1781 632 λογισώμεθα.

1085 691 1094 707 ι
1115 680 1178 709 Ὅτι
1204 684 1431 719 κατεγνωσμένος
1451 682 1495 720 ἦν.
1513 685 1571 727 Πρδ
1595 685 1643 712 τοῦ
1662 685 1718 720 γὰρ
1746 684 1834 712 ἐλθεῖν

1045 735 1122 759 τινας
1137 727 1192 754 ἀπὸ
1209 728 1351 762 Ἰακώϐου,
1379 730 1449 765 μετὰ
1475 730 1529 757 τῶν
1545 730 1659 757 ἐθνικῶν
1680 730 1831 766 συνήσθιεν·

1045 773 1089 801 ὅτε
1102 774 1131 801 δὲ
1140 772 1232 810 ἦλθον,
1247 776 1403 809 ύπὲστελλε,
1418 777 1466 804 καὶ
1476 777 1615 812 ἀφώριζεν
1628 776 1733 804 ἑαυτόν.
1750 785 1759 802 ι

1086 862 1154 890 Ὑπὸ
1182 863 1237 890 τῶν
1261 864 1446 893 κατελθόντων
1467 865 1589 902 δηλονότι
1608 866 1663 893 ἀπὸ
1682 865 1831 902 Ἱεροσολύ-

1045 917 1114 944 μων.

1082 963 1093 980 ι
1108 954 1278 990 Φοῆούμενος
1293 956 1356 988 τοὺς
1367 957 1399 983 ἐκ
1415 959 1576 992 περιτομῆς.
1590 967 1600 983 t

1078 998 1124 1034 Μὴ
1138 999 1301 1036 σκανδαλίσῃ
1317 1001 1427 1035 αὐτοὺς,
1443 1001 1575 1037 δηλονότι,
1592 1001 1629 1038 μή
1647 1010 1672 1029 τι
1687 1002 1762 1038 πάθῃ
1777 1002 1830 1029 δει·

1043 1043 1087 1072 νδν
1099 1046 1164 1080 παρ’
1178 1045 1278 1073 αὐτῶν.

1080 1100 1090 1117 ι
1110 1091 1167 1118 Καὶ
1198 1091 1439 1129 συνυπεκρίθησαν
1468 1091 1544 1128 αὺτῷ
1560 1092 1609 1119 καί¹
1622 1093 1647 1119 οἱ
1659 1092 1748 1119 λοιποὶ
1764 1093 1828 1119 Ἰου-

1041 1137 1120 1171 δαῖοι,
1145 1136 1216 1164 ὥστε
1236 1139 1282 1166 καὶ
1306 1139 1448 1174 Βαρνάὸαν
1460 1139 1659 1175 συναναχθῆναι
1684 1139 1771 1166 αὐτῶν
1793 1141 1826 1174 τῇ

1042 1183 1197 1218 ὑποκρίσει.
1214 1193 1223 1209 ι

1083 1229 1266 1264 ’Υπόκρισιη
1284 1229 1334 1266 τὴν
1355 1229 1479 1266 φυλακὴν
1494 1229 1541 1257 τοῦ
1556 1229 1639 1266 νόμου
1650 1230 1738 1263 καλεί,
1753 1230 1826 1257 διδά-

1042 1283 1115 1302 σκων
1130 1275 1231 1311 ταύτης
1243 1275 1418 1311 χωρίζεσθαι.

1079 1329 1088 1346 ι
1112 1320 1183 1347 Ἀλλ’
1201 1320 1246 1347 ὅτε
1260 1318 1342 1354 εἶδον,
1363 1321 1405 1348 ὃτι
1421 1321 1471 1348 οὐκ
1493 1320 1754 1357 ὀρθοποδοῦσιπρδς
1775 1321 1828 1358 τὴν

1039 1365 1171 1401 ἀλήθειαν
1184 1366 1231 1393 τοῦ
1244 1365 1509 1401 Εὑαγγελίου,εῐπον
1516 1367 1555 1402 τῷ
1566 1367 1662 1403 Πέτρῳ
1672 1365 1827 1403 ἔμπροσθεν

1040 1411 1161 1439 πάντων.
1181 1421 1191 1438 ι

1077 1457 1219 1489 Τουτέστι,
1236 1457 1377 1489 παντελῶς
1393 1458 1424 1484 οὗ
1445 1457 1581 1485 παύεσθαι
1598 1457 1648 1493 τῆς
1665 1457 1713 1484 τοῦ
1742 1457 1825 1493 νόμον

1040 1503 1228 1537 παραδόσεως.
1246 1503 1292 1534 Ὠς
1306 1503 1334 1529 δέ
1351 1502 1465 1538 εἴπομεν
1489 1503 1549 1538 ἤδη,
1562 1504 1595 1538 τῇ
1613 1503 1694 1538 χρείᾳ
1720 1503 1771 1538 τῆς
1785 1503 1824 1529 οἱ-

1039 1548 1169 1583 κονομίας
1185 1548 1299 1575 πλάττει
1310 1548 1359 1580 τὰς
1374 1549 1466 1584 φωνάς
1478 1557 1485 1564 ·
1502 1548 1642 1584 οἰκονομία
1652 1548 1706 1584 γὰρ
1722 1548 1782 1576 ὅλον
1794 1549 1824 1575 τὴ

1038 1595 1182 1630 γινόμενον
1203 1593 1248 1631 ἦν,
1273 1594 1506 1630 καὶήέπίπληξις
1528 1594 1576 1621 τοῦ
1597 1594 1721 1626 Παύλου,
1746 1594 1822 1630 καὶή

1039 1641 1128 1677 σιωπὴ
1141 1641 1189 1668 καὶ
1209 1641 1410 1675 συγκατάθεσις
1421 1640 1469 1667 τοῦ
1485 1639 1601 1675 Πέτρου.
1615 1641 1663 1667 Ἐν
1678 1641 1733 1676 γὰρ
1758 1641 1822 1676 ἐζή-

1036 1695 1101 1713 τουν
1111 1686 1273 1721 ἀμφότεροι,
1285 1685 1315 1712 τὺ
1329 1684 1433 1711 παῦσαι
1442 1684 1505 1716 τοὺς
1517 1683 1696 1715 πιστεύοντας
1707 1684 1747 1716 εἰς
1755 1683 1823 1719 Χρι-

1037 1733 1100 1759 στδν
1114 1732 1162 1759 τοῦ
1180 1733 1226 1759 τὸν
1241 1732 1323 1767 νόμον
1337 1732 1488 1767 ἐπιτηρεῖν.

1076 1788 1085 1804 ι
1101 1779 1133 1805 El
1148 1779 1180 1805 σὺ
1203 1777 1328 1810 Ἰουδαῖος
1341 1777 1473 1813 ὑπάρχων
1488 1776 1603 1808 ἐθνικῶς
1616 1776 1675 1811 ζῇς,
1693 1775 1741 1802 καὶ
1761 1774 1821 1810 οὐχὶ

1042 1824 1204 1855 Ἰουδαϊκῶς.
1218 1833 1227 1850 ι

1071 1870 1229 1901 Τουτέστιν,
1247 1870 1284 1896 Ού
1301 1870 1396 1904 τηρεῖς
1419 1868 1470 1903 τὴν
1498 1867 1544 1894 τοῦ
1572 1867 1655 1902 νόμου
1685 1865 1820 1900 φυλακὴν,

1035 1915 1092 1943 ἀλλ’
1104 1915 1198 1949 ὥσπερ
1212 1915 1238 1942 οἱ
1251 1913 1446 1945 πιστεύσαντες
1468 1913 1522 1939 τῶν
1556 1912 1651 1944 ἐθνῶν,
1678 1911 1739 1939 οὔτε
1750 1911 1820 1938 Νου-

1036 1961 1145 1997 μηνίας,
1161 1959 1224 1987 οὔτε
1241 1960 1369 1987 Σάϐϐατα
1380 1958 1523 1993 φυλάττεις
1535 1957 1585 1985 ἔτι.

1072 2015 1081 2031 ι
1102 2005 1164 2037 Πῶς
1175 2005 1210 2031 τὰ
1227 2004 1291 2039 ἔθνη
1303 2003 1469 2038 ἀναγκάζεις
1482 2002 1657 2035 ’ἰουδαΐζεινς
1670 2011 1680 2027 ι

1068 2052 1124 2078 Καὶ
1138 2051 1171 2078 ἐκ
1184 2050 1279 2078 τούτου
1293 2051 1309 2085 ἡ
1321 2049 1463 2085 οἰκονομία
1474 2048 1521 2076 τοῦ
1541 2049 1702 2084 πράγματος
1712 2047 1818 2074 δείκνυ-

1033 2106 1088 2124 ται.
1109 2097 1205 2123 Καίτοι
1215 2105 1246 2131 γε
1265 2097 1303 2132 μὴ
1327 2095 1529 2130 ἀναγκάζοντος
1549 2094 1642 2127 αὑτοῦ,
1668 2094 1736 2130 μήτε
1759 2093 1817 2120 πεί-

1033 2143 1125 2173 θοντος
1147 2141 1301 2173 ’ἰουδαΐζειν
1324 2140 1360 2167 τὰ
1377 2140 1451 2175 ἔθνη,
1475 2138 1555 2166 τοῦτό
1581 2147 1663 2173 φησιν
1678 2139 1692 2164 ὀ
1715 2137 1818 2169 Παῦλος

197 2187 258 2218 dos,
272 2186 324 2214 hoc
343 2190 434 2214 tamen
454 2186 556 2214 Paulus
574 2187 610 2214 ab
624 2186 683 2221 ipso
702 2186 802 2214 factum
824 2187 906 2220 dixit,
927 2195 981 2222 quo

1038 2188 1131 2219 ποιεῖν,
1148 2187 1191 2213 ῐνα
1219 2186 1377 2221 εύὰφορμος
1406 2185 1481 2220 αὺτῷ
1494 2184 1531 2216 ὡς
1547 2184 1617 2219 ὑπὲρ
1633 2183 1706 2210 ὶδίων
1727 2183 1817 2218 μαθη-

197 2232 307 2259 Pctrum
321 2231 493 2266 objurgaudo
512 2232 684 2260 occasionem
699 2233 812 2260 haberet
834 2233 984 2268 discipulos

197 2276 352 2306 erudiendi.
382 2276 457 2306 Clam
481 2285 546 2305 vero
570 2278 696 2306 universa
714 2278 799 2306 haece
825 2281 985 2308 narratione

196 2323 309 2352 Galatas
331 2328 434 2356 monet,
460 2328 491 2351 ut
513 2324 710 2360 increpatiouis
739 2333 796 2353 sua).
821 2325 982 2360 gravitatem

194 2375 275 2404 mque
290 2368 382 2396 animo
401 2369 528 2396 tolerent.
547 2368 615 2397 Nam
633 2369 658 2398 si
685 2369 798 2402 Petrus,
824 2377 857 2397 ex
881 2369 983 2398 Iudaeis

194 2423 257 2443 cum
273 2418 358 2448 esset,
383 2415 608 2450 permitteretque
624 2415 778 2450 judaizare,
801 2415 984 2450 reprehensus

195 2461 265 2495 fuit,
297 2462 597 2497 reprehensionemque
627 2461 739 2489 admisit
767 2466 897 2496 tanquam
931 2461 983 2489 rite

194 2505 294 2533 factam
307 2515 314 2539 ;
330 2506 416 2533 multo
428 2506 515 2541 magis
529 2506 643 2539 Galatae,
660 2506 718 2541 qui,
734 2506 797 2533 licet
810 2509 903 2533 essent
914 2513 981 2540 gen-

194 2550 269 2583 tiles,
289 2553 318 2578 et
335 2549 519 2579 credidissent
530 2550 557 2578 in
571 2551 724 2583 Christum,
734 2551 801 2586 jugo
811 2553 901 2577 tamen
913 2550 982 2585 legis

193 2603 255 2624 sese
277 2604 387 2624 rursum
406 2596 642 2632 mancipaverant,
660 2596 877 2632 objurgationem
895 2595 982 2631 ipsius

193 2641 330 2670 debebant
342 2642 424 2671 ferre.

230 2686 316 2715 Vsus.
329 2688 373 2720 15,
387 2688 430 2716 i6.
451 2698 460 2715 ι
475 2688 530 2717 Nos
544 2693 643 2718 natura
655 2689 752 2724 Judaei,
766 2694 792 2718 et
803 2697 855 2718 n0u
866 2697 897 2717 cx
911 2696 977 2724 gcn—

1032 2233 1115 2268 τῶνή
1138 2232 1205 2267 πρὸς
1231 2232 1277 2258 τὸν
1294 2231 1397 2266 Πέτρον
1416 2230 1574 2266 ἐπιτίμησις
1600 2229 1710 2264 εὑρεθῇ.
1728 2228 1817 2262 Λελη-

1033 2279 1118 2310 θότως
1131 2278 1159 2304 δὲ
1175 2278 1218 2304 διὰ
1233 2278 1333 2310 παντὸς
1345 2277 1392 2304 τού
1415 2276 1595 2313 διηγήματος,
1621 2274 1742 2302 παιδεύει
1765 2275 1818 2301 Γα-

1032 2323 1117 2355 λάτας
1131 2323 1161 2350 τὸ
1184 2323 1254 2358 βαρὺ
1277 2323 1326 2358 τῆς
1349 2320 1521 2357 ἐπιπλήξεως
1542 2320 1641 2357 ῥᾳδίως
1669 2319 1773 2355 φέρειν.
1786 2319 1818 2345 Ei

1032 2369 1086 2404 γὰρ
1101 2370 1115 2396 ὁ
1126 2369 1228 2405 Πέτρος
1238 2369 1267 2401 ἐξ
1287 2369 1422 2396 Ἰουδαίων
1438 2368 1486 2400 ὢν,
1516 2367 1564 2394 καὶ
1583 2366 1739 2399 ’ἰουδαΐζειν
1758 2366 1817 2392 πεί-

1034 2416 1087 2442 θων
1117 2415 1281 2451 ἐπετιμήθη,
1306 2415 1353 2442 καὶ
1373 2415 1489 2450 ἦνεγκεν
1513 2415 1563 2450 τὴν
1587 2413 1758 2448 ἐπιτίμησιν,
1780 2411 1818 2443 ὡς

1032 2461 1124 2493 καλῶς
1148 2461 1305 2496 γινομένην,
1335 2459 1425 2496 πολλῷ
1453 2459 1533 2487 πλέον
1551 2459 1671 2486 Γαλάται
1685 2458 1714 2490 ἐξ
1731 2458 1818 2484 ἐθνῶν

1030 2506 1116 2540 ὄντες,
1134 2507 1181 2534 καὶ
1191 2506 1389 2537 πιστεύσαντες
1401 2507 1441 2537 εἰς
1453 2506 1569 2541 Χριστὸν
1578 2526 1586 2538 ,
1597 2506 1645 2532 καὶ
1659 2505 1740 2532 πάλιν
1752 2505 1817 2531 ὑπο-

1031 2551 1122 2583 θέντες
1137 2552 1251 2583 ὲαυτοὺς
1260 2553 1294 2588 τῇ
1307 2551 1414 2588 δουλείᾳ
1423 2551 1470 2578 τοῦ
1481 2551 1576 2586 νόμου,
1588 2550 1815 2586 επιπληττόμενοι

1028 2599 1155 2634 δέχεσθαι
1172 2597 1311 2633 ὀφείλουσι
1323 2598 1374 2634 τὴν
1388 2596 1545 2633 ἐπίπληξιν,

1070 2696 1079 2711 ι
1103 2685 1199 2721 Ἡμεῖς
1209 2685 1287 2720 φύσει
1310 2685 1444 2718 Ἰουδαῖοι,
1458 2685 1505 2713 καὶ
1517 2684 1568 2712 οὐκ
1581 2683 1612 2717 ἐξ
1623 2682 1710 2714 ἐθνῶν
1725 2682 1818 2719 ἁμαρν

842 2779 958 2807 VARI/13
981 2777 1184 2807 LEGTIONES.

226 2823 239 2839 ⁸
248 2818 323 2855 Lego
334 2820 474 2856 ἀλήθειαν.
