2078 3116
211 142 269 174 789

806 144 846 173 IN
866 143 984 173 EPIST.
1004 143 1054 172 AD
1072 142 1252 173 GALATAS.

1790 141 1843 173 790

213 198 306 225 τωλοι.
320 197 426 229 Είδότες
441 199 481 225 ὅτι
493 198 524 225 οὐ
539 198 694 226 δικαιοῦται
709 199 853 235 ἄνθρωπος
869 199 898 232 ὲξ
914 200 1003 235 ἔργων

1059 199 1130 227 tibus
1145 204 1321 235 peccatores.
1344 199 1482 228 Seicntes-
1497 198 1580 235 quod"
1593 205 1647 226 non
1672 198 1841 234 justiﬁeatur

215 248 316 279 νομου,
341 243 390 270 ὲὰν
408 244 447 279 μὴ
470 244 515 271 διὰ
545 244 664 277 πίστεως
682 245 771 281 Ἰησοῦ
794 246 931 281 Χριστοῦ,
956 246 1004 272 καὶ

213 291 295 326 ἡμεῖς
320 290 361 321 είς
388 289 506 325 Χριστὸν
531 290 635 325 Ἰησοῦν
665 291 880 326 ἐπιστεύσαμεν,
908 292 951 318 ῐνα
962 291 1004 318 δι-

216 335 381 371 καιωθῶμεν
397 336 429 362 ὲκ
444 335 562 368 πίστεως
578 336 698 370 Χριστοῦ
708 359 716 370 ,
732 337 780 364 καὶ
804 336 853 364 οὐκ
869 337 900 370 ἐξ
914 337 1003 374 ἔργων

215 381 312 416 νόμου,
331 381 399 407 δίοτι
413 380 443 412 ἐξ
452 379 541 416 ἔργων
557 381 639 416 νόμου
650 382 680 408 οὐ
697 381 911 418 δικαιωθήσεται
929 383 1004 410 πᾶσα

217 428 234 461 ὴ
251 426 328 461 σάρξ-
344 435 353 452 ι
825 446 827 449 ι

253 472 471 503 Κατασκευάσας
486 473 518 499 ὲκ
535 472 590 500 τῶν
618 473 683 509 περὶ
706 473 810 510 Πέτρον
828 474 860 501 τὸ
886 476 923 511 μὴ
950 476 1006 502 δεῖν

218 517 442 553 περιτέμνεσθαι,
458 518 677 555 καθολικώτερον
689 519 769 547 τοῦτο
791 522 1004 554 κατασκευάζει.

220 563 250 589 El
267 563 322 598 γὰρ
343 564 368 590 οἱ
394 564 427 590 ἐκ
451 564 546 596 παιδὸς
569 565 701 599 Ἰουδαῖοι,
720 567 766 593 καὶ
783 567 813 593 οὐ
828 568 1004 603 προσήλυτοι,

217 607 275 634 ἀλλ’
290 607 470 644 ἐντραφέντες
482 608 521 643 τῷ
535 609 621 644 νόμῳ,
638 609 689 645 τὴν
700 610 842 639 ἀσθένειαν
854 612 1007 648 ἑωρακότες

218 653 266 679 τοῦ
285 653 369 688 νόμου
385 655 426 686 εἰς
444 654 474 681 τὸ
490 655 635 682 δικαιῶσαι
651 657 697 683 τὸν
718 657 873 693 ἄνθρωπον,
892 660 931 691 είς
957 660 1006 695 τὴν

218 698 262 725 διὰ
275 698 395 731 πίστεως
421 700 596 736 μετέστησαν
611 701 702 737 χάριν,
721 703 798 738 πόσῳ
823 703 923 738 μᾶλλον
937 705 962 731 al
978 705 1007 738 ἐξ

219 745 306 779 ἀρχῆς
320 744 359 780 μὴ
373 744 449 777 ὄντες
459 745 508 772 τοῦ
522 747 620 782 νόμον,
633 747 691 774 ἀλλ’
703 748 736 775 ὲκ
748 748 802 775 τῶν
822 749 918 782 ἐθνῶν,
947 747 1008 778 εἷτα

220 789 414 822 πιστεύσαντες
432 791 473 823 εις
489 791 617 827 Χριστὸν,
632 793 682 820 οὐκ
692 793 828 827 ὀφείλουσι
846 796 1007 831 προσκλίναι

223 835 263 871 τῷ
278 835 435 863 ἀσθενοῦντι
453 837 523 872 πρὸς
533 837 676 874 διόρθωσιν
692 839 778 875 νόμῳ.

259 933 269 950 t
288 925 320 952 El
331 925 359 952 δὲ
375 924 518 961 ζητοῦντες
531 927 709 964 δικαιωθῆναι
718 929 747 956 ὲν
761 930 882 966 Χριστῷ,
895 931 1009 968 εὑρέθη-

222 979 272 1006 μεν
293 971 340 998 καὶ
352 971 429 998 αὐτοὶ
449 972 619 1008 ἁμαρτωλοὶ,
635 972 690 1009 ἄρα
719 976 838 1011 Χριστὸς
870 977 1010 1014 ἁμαρτίας

219 1015 342 1048 διάκονος
351 1026 374 1050 ;ι

256 1061 328 1096 ’Ὀρα
345 1062 386 1093 εἰς
398 1062 465 1097 ὅσην
478 1063 596 1091 ἀτοπίαν
614 1064 708 1099 ὲξάγει
719 1068 782 1098 τοὺς
793 1069 1011 1104 προσκειμένους

221 1104 260 1138 τῷ
270 1105 357 1141 νόμῳ.
373 1106 404 1133 Et
420 1107 471 1133 οὐκ
487 1107 587 1142 ἰσχύει,
603 1109 696 1144 φησὶν,
711 1111 779 1145 ήεὶς
790 1112 908 1147 Χριστὸν
918 1113 1011 1145 πίστις

221 1149 374 1182 δικαιῶσαι,
408 1150 475 1177 ἀλλὰ
492 1152 600 1188 ἀνάγκη
633 1153 710 1181 πάλιν
724 1154 763 1190 τῷ
786 1155 861 1191 νόμῳ
886 1156 1009 1192 ἔχεσθαι,

221 1194 267 1220 τδν
279 1194 362 1230 νόμον
377 1195 492 1230 ἀφέντες
509 1196 553 1224 διὰ
569 1198 699 1233 Χριστὸν,
710 1199 757 1226 καὶ
776 1200 806 1226 οὐ
825 1200 1010 1237 δικαιούμενοι

222 1239 256 1266 ἐκ
270 1240 320 1275 τῆς
331 1239 466 1275 ἀφέσεως,
478 1242 546 1269 ἀλλὰ
560 1244 797 1279 κατακρινόμενοι,
810 1247 860 1281 τῆς
878 1248 1011 1284 κατακρί-

224 1293 295 1315 σεως
319 1286 472 1321 εὑρήσομεν
500 1287 582 1315 αὑτὸν
611 1289 677 1324 ἡμῖν
699 1290 841 1326 γινόμενον
866 1292 964 1326 αἴτιον,
976 1293 1010 1321 δι’

221 1330 253 1358 ὂν
278 1329 324 1358 τὸν
357 1332 439 1367 νόμον
462 1332 578 1368 ἀφέντες
605 1335 674 1371 πρὸς
696 1335 746 1371 τήν
772 1337 865 1366 πίστιν
893 1339 1011 1376 ὲδράμο-

225 1383 285 1411 μεν.

266 1429 277 1446 ι
291 1420 338 1456 Μὴ
353 1421 470 1456 γένοιτο.
483 1432 493 1449 ι

267 1466 416 1503 Ἑωρακὼς
441 1467 490 1502 τὴν
520 1469 724 1504 συμϐαίνουσαν
747 1472 779 1499 ὲκ
800 1473 847 1500 τοῦ
876 1474 1012 1510 δόγματος

1057 245 1140 273 homo
1151 253 1184 273 ex
1194 246 1325 281 operibus
1337 245 1415 281 legis,
1431 246 1484 274 nisi
1496 253 1544 280 per
1556 245 1636 273 [idem
1647 244 1712 272 ἤδη
1725 245 1826 272 Christi
1836 255 1843 276 -.

1057 295 1084 318 et
1101 297 1153 318 nos
1172 290 1200 318 in
1214 291 1325 318 Christo
1346 289 1412 319 Jesu
1425 290 1605 323 credidimus,
1623 290 1845 325 utjustilicemur

1057 342 1089 362 ex
1107 335 1160 363 tidc
1174 335 1288 369 Christi,
1304 339 1331 363 et
1352 343 1408 363 non
1426 343 1460 363 ex
1475 336 1606 371 operibus
1625 335 1713 372 legis..
1728 335 1846 371 Propter

1058 381 1131 416 quod
1149 388 1183 409 ex
1214 381 1347 417 operibus
1367 382 1436 417 legis
1461 389 1515 410 non
1538 382 1736 418 justilieabitur
1755 382 1846 411 omnis

1057 433 1132 454 caro.
1148 435 1158 452 )

1093 471 1241 507 Postquam
1253 478 1286 499 ex
1301 470 1336 499 iis
1355 477 1417 507 qua:
1429 471 1511 499 Petro
1531 471 1702 505 acciderant,
1717 479 1846 508 compro—

1059 516 1143 550 bavit,
1160 525 1215 545 non
1232 521 1359 553 oportere
1375 517 1548 550 circumcidi,
1563 517 1634 545 idem
1645 517 1747 545 evincit
1760 522 1845 553 gene-

1058 562 1152 589 raliori
1172 562 1293 590 ratione.
1308 561 1376 590 Nam
1393 563 1418 590 si
1442 563 1490 598 qui
1515 570 1531 590 a
1550 568 1638 597 puero
1658 561 1746 590 Judaei
1766 565 1845 594 sunt,

1058 614 1146 642 neque
1161 607 1308 643 proselyti,
1328 607 1454 642 quinimo
1470 606 1583 635 enutriti
1601 607 1628 634 in
1649 606 1721 642 lege,
1737 607 1846 641 cognita

1058 653 1126 689 legis
1149 653 1183 681 ad
1208 653 1348 682 hominem
1374 653 1479 688 justum
1504 652 1662 680 faciendum
1677 652 1847 685 inﬁrmitate,

1058 699 1091 726 ad
1109 699 1224 735 gratiam
1235 707 1295 735 quae
1309 699 1361 727 lide
1373 702 1529 734 prmstatur,
1542 699 1713 728 transierunt
1725 706 1732 725 :
1743 703 1861 733 quantm.

1058 746 1158 781 potiori
1172 746 1247 781 jure,
1264 745 1312 781 qui
1332 753 1347 772 a
1362 745 1502 781 principio
1527 752 1582 772 non
1604 748 1686 772 erant
1709 743 1762 771 sub
1777 744 1860 779 lege,‘

1059 792 1107 819 sed
1119 800 1151 819 ex
1161 791 1300 827 gentibus,
1316 796 1374 819 tum
1383 791 1483 819 deinde
1496 791 1524 818 in
1538 790 1680 818 Christum
1693 789 1847 824 credidere,

1059 837 1186 865 addicere
1202 845 1233 865 se
1251 844 1307 865 non
1324 836 1426 865 debent
1446 835 1510 871 legi,
1527 843 1589 872 quae
1604 839 1711 864 rectum
1731 834 1851 863 reddere

1060 889 1113 910 non
1128 881 1213 910 valet.

1094 928 1179 957 Vsus.
1205 929 1248 956 t7.
1276 937 1285 954 ι
1305 927 1382 962 Quod
1410 928 1434 955 si
1464 931 1619 963 quaerentes
1647 925 1793 961 iustiﬁcari
1819 926 1847 953 in

1059 975 1182 1007 Christo,
1203 974 1306 1002 inventi
1329 981 1425 1002 sumus
1445 977 1476 1001 et
1499 973 1552 1008 ipsi
1574 976 1756 1009 peceatores;
1781 979 1847 1007 ergo

1059 1020 1187 1049 Christus
1203 1020 1307 1055 peccati
1321 1020 1447 1048 minister
1460 1024 1504 1047 est
1514 1019 1527 1046 ἲ
1543 1029 1554 1046 ι

1096 1065 1206 1095 Videsis
1232 1066 1260 1094 in
1284 1071 1418 1101 quantam
1435 1065 1633 1093 absurditatem
1649 1065 1711 1092 illos
1728 1063 1848 1092 deducat

1060 1113 1107 1148 qui
1124 1113 1226 1140 addicti
1242 1117 1307 1140 sunt
1321 1112 1385 1148 legi.
1398 1111 1426 1139 Si
1445 1111 1512 1140 ﬁdes
1523 1111 1550 1138 in
1561 1110 1701 1139 Christum
1713 1118 1767 1138 non
1776 1110 1848 1138 valet

1060 1157 1152 1185 facere
1166 1157 1284 1192 justum,
1301 1156 1350 1185 sed
1363 1163 1478 1184 necesse
1499 1152 1656 1183 astiterqu
1672 1153 1724 1189 legi
1741 1161 1846 1181 morem

1060 1209 1166 1238 gerere,
1186 1209 1236 1230 nos
1251 1202 1297 1237 qui
1323 1202 1410 1237 legem
1427 1203 1540 1235 propter
1558 1198 1700 1228 Christum
1723 1198 1848 1238 deserui-

1061 1236 1135 1279 mus,
1150 1254 1201 1275 nec
1219 1236 1280 1282 ejus
1294 1245 1445 1274 emissione
1464 1244 1533 1280 justi
1547 1244 1700 1276 evasimus,
1716 1236 1765 1271 sed
1780 1251 1848 1271 con-

1061 1292 1368 1325 demnati,inveniemus
1376 1291 1456 1326 plane
1464 1289 1701 1317 condemnationis
1707 1292 1848 1316 auctorem

1061 1340 1141 1368 nobis
1156 1339 1233 1367 illum
1246 1337 1399 1370 exstitisse,
1410 1339 1524 1372 propter
1536 1342 1618 1371 quem
1632 1334 1729 1363 relicta
1742 1334 1803 1370 lege
1814 1334 1849 1361 ad

1063 1384 1142 1412 tidem
1158 1382 1344 1412 cucurrimus.

1099 1439 1110 1457 ι
1128 1430 1218 1458 Absit.
1240 1438 1250 1456 ι

1096 1475 1166 1504 Cum
1178 1475 1283 1503 videret
1296 1472 1493 1502 absurditatem
1507 1479 1570 1508 qua:
1590 1479 1624 1500 ex
1639 1470 1767 1499 doctrina
1781 1470 1849 1498 alio-

223 1511 349 1546 ἀτοπιαν,
365 1512 471 1549 ταχέως
496 1514 633 1551 ἀποπηδᾷ,
646 1516 696 1552 τῷ,
707 1517 755 1552 Μὴ
765 1517 892 1554 γένοιτο,
904 1521 1009 1558 χρώμε-

1063 1529 1124 1550 rum
1140 1520 1318 1557 sequebatur,
1341 1519 1397 1547 cito
1422 1518 1522 1552 resilit,
1546 1517 1668 1545 adhibita
1691 1516 1745 1544 hac
1769 1523 1850 1549 voce,

223 1566 279 1590 νος.

260 1612 272 1630 ι
295 1604 327 1632 El
342 1605 424 1640 γὰρᾶ
435 1606 581 1640 κατέλυσα,
597 1608 684 1636 ταῦτα
701 1609 784 1637 πάλιν
796 1611 941 1648 οἰκοδομῶ,
957 1621 1010 1641 πα-

224 1650 348 1685 ραϐάτην
360 1651 478 1686 ἐμαυτὸν
489 1652 645 1688 συνίστημι.
663 1663 672 1680 ι

246 1702 250 1708 ‘
265 1694 393 1722 Ἐκείνων
410 1695 555 1730 λεγόντων,
572 1697 609 1729 ὡς
620 1697 634 1724 6
652 1699 690 1733 μὴ
707 1699 850 1734 φυλάττων
860 1702 907 1729 τδν
926 1703 1010 1740 νόμον

224 1740 388 1776 παραὸάτης
408 1740 493 1774 ἐστὶν,
517 1741 605 1774 οὕτως
617 1743 650 1769 ὲκ
667 1743 713 1771 τοῦ
727 1744 849 1772 ἐναντίου
879 1748 1007 1784 παρασά-

224 1794 274 1820 την
289 1785 385 1813 ἑαυτὸν
399 1787 477 1813 καλεῖ
494 1787 665 1822 φυλάττοντα
678 1790 724 1817 τὸν
741 1791 831 1827 νόμον.
850 1794 963 1830 Ὅμοιον
981 1797 1009 1824 δὲ

224 1830 293 1861 ὠςεί
305 1830 378 1877 λέγοι
391 1832 552 1877 ’.Πέπαυται
565 1834 579 1860 ὁ
589 1834 681 1869 νόμος,
699 1837 746 1863 καὶ¹
763 1837 843 1865 τοῦτο
864 1839 1009 1877 ὡμολογή-

226 1883 330 1910 σαμεν.
345 1875 379 1902 δι’
396 1872 437 1903 ῶν
463 1877 578 1911 ἀφέντες
605 1879 688 1906 αὐτὸν
706 1881 752 1907 ἐπὶ
765 1881 815 1917 τὴν
835 1883 868 1910 ὲκ
889 1872 1010 1918 πίστεως

225 1920 577 1967 κατεφύγομεννσωτηριαν.
595 1924 644 1951 Ἂν
663 1925 754 1953 τοίνυν
774 1926 1008 1967 φιλονεικήσωμεν

225 1965 323 2011 στῆσαι
337 1965 383 1993 τὸν
395 1966 487 2001 νόμον,
509 1968 584 2004 αὑτῷ
597 1969 685 2005 τούτῳ
699 1971 855 2007 παραϐάται
864 1965 1007 2011 γινόμεθα,

224 2010 260 2038 τὰ
273 2011 347 2045 παρά
358 2011 426 2039 Θεοῦ
438 2012 552 2040 λυθέντα
566 2014 782 2050 φιλονεικοῦντες
791 2020 896 2054 τηρεῖν.
926 2040 930 2048 κ

262 2118 273 2136 ι
293 2108 365 2144 Ἐγὼ
382 2111 437 2147 γὰρ
451 2111 495 2138 διὰ
514 2112 597 2148 νόμου
612 2113 687 2149 νόμῳ
711 2114 845 2142 ἀπέθανον
856 2137 864 2149 ,
882 2117 926 2144 ἵνα
951 2118 1013 2153 Θεῷ

225 2153 312 2189 ζήσω.
326 2155 438 2191 Χριστῷ
456 2158 697 2194 συνεσταύρωμαι.
714 2168 724 2185 ι

1060 1568 1081 1597 Α
1086 1568 1147 1596 bsit.

1095 1613 1180 1641 Vsus.
1197 1611 1242 1641 18.
1260 1621 1270 1639 ι
1287 1610 1316 1639 Si
1332 1611 1405 1639 enim
1427 1618 1488 1647 qua
1507 1610 1648 1643 destruxi,
1667 1611 1767 1639 iterum
1789 1610 1847 1638 haec

1059 1659 1174 1692 aediﬁco,
1192 1658 1429 1693 praevaricatorem
1444 1664 1488 1684 me
1501 1656 1650 1685 constituo.
1665 1665 1677 1684 ι

1094 1705 1164 1738 Quia
1181 1704 1292 1732 aiebant
1311 1703 1362 1736 illi,
1376 1703 1617 1739 praevaricatorem
1637 1710 1699 1731 esse
1723 1701 1770 1737 qui
1793 1709 1847 1728 non

1060 1755 1183 1779 servaret
1198 1749 1295 1785 legem,
1311 1748 1426 1784 perinde
1441 1754 1553 1784 quoque
1565 1755 1580 1776 a
1597 1747 1736 1776 contrario
1748 1748 1806 1782 ipse
1819 1755 1849 1773 se

1059 1795 1298 1832 praevaricatorem
1314 1794 1372 1823 fore
1392 1794 1472 1827 dicit,
1488 1794 1512 1822 si
1536 1794 1587 1829 legi
1612 1793 1794 1828 obsequatur.
1811 1793 1850 1819 Ac

1059 1841 1114 1869 tale
1128 1840 1270 1876 quidpiam
1296 1840 1335 1867 ait
1350 1848 1358 1867 :
1382 1838 1469 1867 Desiit
1490 1839 1543 1871 lex.
1561 1839 1644 1874 idque
1663 1838 1783 1874 professi
1801 1847 1850 1865 su-

1059 1894 1131 1920 mus,
1144 1885 1192 1914 ubi
1208 1885 1321 1914 dimissa
1338 1886 1395 1920 lege
1410 1885 1444 1914 ad
1461 1885 1580 1914 salutem
1596 1892 1658 1920 quae
1675 1888 1718 1913 est
1735 1891 1770 1912 ex
1786 1884 1849 1912 lldc.

1059 1933 1243 1969 confugimus.
1258 1932 1337 1965 Quod
1352 1931 1376 1960 si
1390 1932 1472 1967 igitur
1484 1931 1569 1967 legem
1587 1930 1720 1958 roborare
1734 1934 1850 1958 conten-

1059 1980 1166 2012 damus,
1182 1979 1234 2006 hoc
1251 1978 1311 2013 ipso
1337 1977 1564 2012 praevaricatores
1588 1984 1696 2010 sumus,
1720 1977 1767 2012 qui
1791 1985 1850 2004 ser-

1060 2032 1124 2053 vare
1144 2024 1264 2052 nitamur
1281 2030 1313 2051 ea
1332 2030 1393 2059 qua
1418 2030 1435 2050 a
1457 2021 1514 2050 Deo
1536 2021 1629 2050 soluta
1650 2021 1851 2057 antiquataque

1060 2073 1136 2098 sunt.

1097 2115 1178 2144 Vsus.
1196 2115 1239 2144 l9.
1268 2124 1278 2141 ι
1296 2115 1354 2151 Ego
1374 2114 1446 2142 enim
1462 2121 1511 2150 per
1533 2113 1621 2150 legem
1646 2112 1699 2150 legi
1725 2117 1859 2142 mortuus

1061 2167 1134 2192 sum,
1150 2165 1180 2186 ut
1195 2159 1250 2187 Deo
1267 2159 1367 2187 vivam.
1384 2158 1496 2186 Christo
1512 2158 1638 2186 conﬁxus
1657 2165 1719 2186 sum
1733 2159 1818 2185 cruci.
1839 2167 1848 2184 ι

267 2201 368 2236 Διπλῆν
383 2201 440 2236 ἔχει
469 2202 549 2230 τοῦτο
579 2203 706 2239 θεωρίαν.
722 2204 758 2231 Ἥ
772 2205 826 2241 γὰρ
855 2206 938 2241 νόμον
963 2207 1009 2235 τὸν

1098 2205 1203 2241 Duplex
1217 2205 1284 2233 dicti
1309 2204 1391 2240 liuius
1415 2204 1602 2232 consideratio
1624 2207 1676 2232 est.
1700 2201 1750 2232 Vel
1778 2204 1860 2232 enim.

224 2244 275 2280 τῆς
288 2246 399 2281 χάριτός
412 2248 533 2283 φησιν,ἢ
549 2249 630 2282 μόνον
650 2249 696 2276 τδν
718 2250 832 2278 παλαιὸν
854 2251 940 2286 λέγει,
959 2252 1012 2280 δει-

226 2290 292 2322 κνὺς
301 2291 343 2318 ὄτι
353 2291 387 2318 δι’
397 2292 481 2319 αὑτοῦ
503 2293 550 2320 τοῦ
567 2293 652 2329 νόμον
672 2295 747 2330 νόμῳ
773 2296 920 2324 ἀπέθανεν.
935 2298 967 2325 Ὃ
984 2298 1013 2325 δὲ

226 2335 299 2369 λέγει
309 2336 429 2365 τοιοῦτόν
453 2338 540 2365 ἐστιν·
553 2339 640 2371 Αὺτδς
649 2340 663 2366 ὸ
674 2340 755 2375 νόμος
775 2348 809 2376 με
822 2341 958 2377 ἐξήγαγεν
973 2343 1014 2374 είς

225 2381 256 2409 τὸ
271 2384 415 2419 προσέχειν
428 2384 513 2421 αὐτῷ.
529 2385 561 2412 El
575 2385 666 2413 τοίνυν
690 2386 815 2421 μέλλοιμι
830 2388 905 2423 αὐτῷ
927 2397 1013 2424 προσ-

225 2427 310 2463 έχειν,
324 2430 372 2456 καὶ
394 2431 476 2458 αὑτὸν
504 2432 671 2466 παραϐαίνω
684 2441 691 2448 ·
705 2432 764 2465 πῶς
775 2453 783 2466 ,
800 2433 848 2460 καὶ
859 2434 912 2461 τίνι
922 2435 1015 2470 τρόπῳ

225 2474 346 2509 Μωῦσῆς
367 2473 454 2503 εἶπεν·
471 2477 537 2504 ’Ότι
562 2477 722 2513 προφήτην
748 2479 917 2514 ἀναστήσει
941 2481 1015 2516 ὑμῖν·

227 2518 335 2552 Κύριος
353 2519 388 2547 ἐκ
417 2520 476 2548 τῶν
499 2521 640 2556 ἀδελφῶν
663 2523 747 2558 ὑμῶν
765 2524 805 2557 ὡς
821 2524 891 2560 ἐμὲ*
919 2527 1012 2554 αὐτοῦ

226 2563 408 2598 ἀκούσεσθε,
426 2568 491 2602 περὶ
503 2568 622 2603 Χριστοῦ
640 2568 742 2603 λέγωνς
756 2569 836 2596 Ὥστε
853 2571 879 2597 οἱ
899 2571 936 2607 μὴ
950 2573 1013 2599 τού-

225 2618 265 2644 τῳ
281 2610 447 2646 πειθόμενοι,
459 2613 659 2648 παραϐαίνουσι
676 2615 722 2642 τὸν
739 2616 828 2651 νόμον.
847 2617 879 2643 Τί
894 2617 924 2644 δέ
942 2619 1009 2652 ἐστι,

227 2653 266 2687 τῷ
281 2655 363 2690 νόμῳ
382 2656 553 2692 ἀπέθανον;
570 2660 674 2695 Ὥσπερ
685 2661 731 2688 τὸν
742 2661 837 2696 νεκρὸν
862 2662 912 2690 οὐκ
937 2663 1010 2691 ἔστιν

227 2699 404 2734 ὒττιιγαγετνιὶ
418 2703 477 2734 ταῖς
504 2703 624 2735 ἐντολαῖς
654 2704 701 2731 τοῦ
716 2706 810 2740 νόμου,
831 2705 918 2738 οὕτως
949 2706 1010 2733 οὐδὲ

269 2773 290 2787 "
305 2771 382 2800 Deut.
397 2782 474 2805 xnn,
490 2775 531 2803 l5.

1061 2252 1157 2288 gratiae
1170 2251 1256 2287 legem
1273 2250 1350 2284 dicit,
1367 2250 1409 2278 vel
1427 2250 1516 2286 legem
1528 2249 1683 2285 antiquam,
1697 2249 1745 2278 ubi
1756 2253 1851 2278 osten-

1061 2298 1101 2326 dit
1120 2305 1169 2333 per
1189 2297 1276 2332 legem
1299 2304 1329 2325 se
1345 2300 1486 2324 mortuum
1508 2302 1569 2324 esse
1588 2296 1652 2332 legi.
1665 2295 1743 2329 Quod
1759 2299 1850 2322 autem

1053 2345 1110 2385 ait.
1124 2345 1198 2372 hunc
1218 2351 1333 2372 sensum
1347 2343 1440 2372 habet.
1461 2342 1515 2371 Lex
1533 2342 1593 2378 ipsa
1609 2349 1652 2370 me
1666 2341 1803 2370 deterruit
1816 2348 1852 2367 ne

1062 2390 1115 2418 sibi
1142 2390 1360 2425 oblemperarem
1382 2398 1388 2416 :
1409 2389 1482 2416 unde
1511 2388 1534 2416 si
1565 2387 1616 2422 ipsi
1645 2386 1859 2416 auseultavero..

1063 2436 1148 2471 legem
1166 2436 1252 2471 ipsam
1270 2435 1353 2463 violo.
1370 2434 1488 2468 Quinam
1505 2441 1582 2467 vero,
1604 2439 1694 2468 quave
1714 2431 1792 2467 163
1807 2438 1852 2458 ras

1063 2481 1150 2514 tione,
1169 2481 1278 2517 Moyses
1295 2481 1394 2509 etl'atus
1405 2484 1448 2508 est
1462 2488 1469 2506 :
1483 2479 1554 2512 Quia
1570 2478 1725 2514 prophetam
1738 2477 1852 2504 suscita-

1063 2527 1100 2554 bit
1123 2526 1193 2555 vobis
1210 2526 1339 2554 Dominus
1360 2526 1391 2552 de
1413 2524 1542 2560 fratribus
1565 2523 1671 2555 castris,
1694 2522 1762 2549 sicut
1787 2529 1851 2549 me:

1063 2573 1149 2606 ipsum
1164 2570 1326 2604 audietis";
1340 2576 1402 2605 qua:
1415 2568 1449 2597 dc
1467 2568 1580 2596 Christo
1601 2567 1675 2595 dicta
1693 2569 1755 2595 sunt
1770 2566 1782 2592 ?
1798 2565 1850 2599 Qui

1062 2624 1127 2652 ergo
1137 2615 1202 2644 huic
1215 2615 1327 2652 quidem
1343 2623 1399 2642 non
1418 2614 1619 2649 obsequuntur,
1637 2612 1722 2648 legem
1736 2611 1850 2639 violant.

1064 2662 1134 2696 Quid
1148 2665 1238 2690 autem
1258 2662 1310 2689 hoc
1329 2665 1381 2694 est,
1398 2661 1448 2696 legi
1467 2664 1588 2688 "tortus:
1616 2660 1694 2688 sum?
1715 2658 1852 2692 Quemad‘

1067 2707 1178 2736 modum
1192 2708 1287 2743 utique
1304 2707 1360 2736 ﬁeri
1376 2715 1429 2736 non
1445 2710 1537 2743 potest
1547 2710 1577 2734 ut
1590 2705 1637 2742 qui
1653 2709 1770 2734 mortem
1785 2705 1852 2733 obiit

853 2823 863 2826 ’
872 2837 985 2866 nam
1007 2840 1206 2869 LECTIONES.

250 2880 263 2893 ι
287 2877 356 2912 Lego
373 2887 403 2906 ex
413 2877 554 2914 Chrysost.
572 2880 728 2908 ὑπακούειν.
