2078 3116
243 129 293 163 791

896 135 1055 164 ,ΙΟᾹΝΧῘΞ
1075 136 1289 167 ΒᾹΜΛΒΟΕΝΙ

1814 135 1872 166 792

244 186 389 222 praeceptis
404 186 473 222 legis
488 186 666 221 subjiciatur,
682 186 718 214 ita
733 195 783 214 nec
804 195 864 223 ego,
887 189 933 222 qui
953 188 1035 214 male—

1089 190 1137 224 ἐμὲ
1164 191 1209 216 τὸν
1237 193 1270 218 ἐκ
1298 193 1348 228 τῆς
1365 193 1489 229 κατάρας
1518 194 1565 220 τοῦ
1595 195 1679 230 νόμου
1701 195 1752 231 τῆς
1770 196 1876 227 ἑκείνου

244 231 366 259 dictione
383 232 450 268 legis
476 236 603 260 mortuus
629 240 700 260 sum.
720 232 776 260 Lex
799 233 901 268 quippe
916 233 982 260 diris
1007 237 1035 260 et

244 278 431 307 maledictioni
451 278 553 305 addicit
570 278 657 311 illum,
672 279 717 314 qui
741 279 835 306 omnia
858 286 912 306 non
938 279 1036 314 imple-

244 326 314 354 verit
323 333 384 360 quae
403 325 462 360 lege
473 325 634 361 praescripta
651 329 727 353 sunt.
749 325 854 353 Nemini
873 323 965 354 autem
984 325 1036 352 hoc

244 371 378 407 possibile
391 376 460 398 erat.

279 416 362 444 Vnus.
378 417 423 444 20.
441 426 451 443 ι
471 416 538 444 Vivo
547 421 653 450 autem,
667 417 724 453 jam
741 425 795 444 non
810 425 880 452 ego:
895 418 960 445 vivit
971 425 1035 445 vero

244 463 270 489 in
287 470 330 490 me
344 462 483 491 Christus.
500 462 578 496 Quod
590 467 681 490 autem
694 471 766 491 nunc
781 464 844 490 vivo
861 463 887 491 in
902 471 994 494 carne.
1007 463 1034 490 in

244 509 297 536 lidc
312 509 373 537 vivo
399 508 460 536 Filii
486 509 546 543 Dei,
577 509 624 544 qui
653 509 750 538 dilexit
779 517 837 542 Ine,
868 515 894 538 et
922 510 1035 538 tradidit

244 555 422 590 semetipsum
438 562 487 590 pro
501 563 554 583 me.
574 565 583 581 ι
828 580 831 582 .

278 601 338 628 Jam
359 608 413 628 non
441 601 492 637 legi
520 602 600 635 vivo,
628 603 733 638 inquit,
759 609 848 638 neque
882 601 1034 630 secundum

245 648 339 682 legem.

281 693 362 721 Vens.
376 694 421 721 ‘21.
442 704 451 720 ι
471 694 530 722 Non
543 695 646 729 abjicio
661 695 777 730 gratiam
791 695 848 722 Dei.
865 705 873 720 ι

280 739 330 766 Per
342 741 469 775 gratiam.
485 741 585 776 inquit,
600 741 670 769 liber
683 741 769 769 evasi.
783 741 960 776 Nequaquam
970 748 1037 775 ergo

243 786 278 814 ad
295 786 379 822 legem
400 787 548 820 redeundo,
567 789 660 822 gratia:
685 787 815 822 iujurium
835 787 934 820 infero,
960 794 991 814 ac
1013 787 1035 814 si

244 840 298 861 non
311 833 414 861 valeret
426 835 509 862 vitam
526 839 665 870 prmstare.

282 888 292 904 ε
314 879 342 906 Si
369 880 443 907 enim
469 887 518 915 per
543 880 629 916 legem
662 880 791 916 justitia;
818 888 883 916 ergo
908 880 1036 908 Christus

243 926 330 961 gratis
344 931 470 954 mortuus
485 931 537 955 est.
555 936 564 954 ι

277 973 406 1002 Christus
421 977 548 1002 mortuus
574 978 615 1001 est
633 981 683 1009 pro
710 974 801 1007 nobis,
815 974 917 1009 inquit,
937 978 966 1001 ut
986 981 1037 1001 nos

243 1019 388 1051 excitaret,
400 1018 537 1053 justitiam
559 1018 696 1052 praebens,
712 1023 739 1046 et
755 1024 897 1054 peccatum
915 1026 930 1045 e
945 1018 1037 1045 medio

244 1063 384 1092 auferens.
413 1064 461 1092 Sin
493 1073 574 1098 vero,
609 1065 768 1100 quicunque
795 1065 1036 1093 circnmcisioncm

243 1111 369 1142 suadent,
386 1119 435 1146 per
449 1112 536 1146 legem
550 1111 656 1146 justqu
671 1112 810 1139 hominem
826 1112 883 1139 ﬁeri
897 1116 1035 1144 asserunt,

243 1164 448 1193 supervacanea
460 1162 502 1185 est
518 1165 591 1185 mors
606 1157 718 1186 Christi.

569 1221 646 1249 CAP.
668 1221 712 1250 lli.

279 1278 361 1306 Vens.
379 1278 404 1304 l.
423 1288 432 1304 ι
447 1277 469 1306 0
486 1278 620 1306 inseusati
641 1278 754 1306 Galatae.
777 1287 786 1303 ι

279 1325 398 1353 Osteusa
413 1324 585 1353 absurditate
607 1329 634 1352 et
658 1324 703 1352 Dei
733 1324 846 1359 injuria,
865 1324 1036 1360 praeﬁdenter

243 1370 319 1399 addit
336 1371 568 1406 objurgationem.

282 1426 292 1444 ι
312 1417 379 1451 Quis
390 1417 467 1445 vobis
480 1417 588 1450 invidit,
604 1425 638 1444 ne
653 1417 805 1445 obediretis
823 1417 951 1445 veritati?
969 1427 978 1444 ι

279 1505 454 1535 Demonstrat
476 1513 524 1534 eos
542 1505 635 1534 felices
649 1506 801 1537 exstitisse,
816 1505 939 1541 quandiu
953 1505 1032 1534 ﬁdem

1053 865 1072 892 Ις

1085 238 1298 273 τελευτήσαντα.
1315 239 1344 265 '0
1367 240 1422 275 γὰρ
1447 240 1529 275 νόμος
1554 241 1760 277 ὲπικατάρατον
1787 238 1877 273 ἐποίει

1086 284 1174 311 πάντα
1185 284 1231 310 τὸν
1246 285 1283 320 μὴ
1299 285 1457 320 πληροῦντα
1475 286 1510 313 τὰ
1534 287 1563 314 ὲν
1578 286 1618 322 τῷ
1632 287 1718 323 νόμῳ.
1737 289 1833 322 Οὐδεὶς
1846 290 1876 317 δὲ

1085 330 1199 362 δυνατὸς
1210 331 1355 366 πληρῶσαι
1368 329 1413 366 ἦν.

1125 429 1134 445 ι
1155 420 1198 446 Ζῶ
1207 418 1247 451 δὲ,
1263 419 1314 446 οὐκ
1329 419 1369 445 ἔτι
1384 418 1450 453 ἐγὼ,
1466 417 1500 455 ζῇ
1521 419 1549 446 δὲ
1567 419 1596 446 ὲν
1617 419 1680 453 ἐμοὶ
1699 420 1827 455 Χριστός.
1847 423 1879 448 ’0

1085 466 1113 492 δὲ
1128 465 1176 492 νῦν
1200 465 1240 497 ζῶ
1262 466 1291 492 ὲν
1310 466 1403 500 σαρκὶ,
1418 465 1449 493 ὲν
1463 466 1555 493 πίστει
1573 465 1612 498 ζῶ
1633 467 1667 501 τῇ
1682 466 1730 493 τοῦ
1746 466 1812 493 Υίοῦ
1832 467 1878 493 τοῦ

1085 511 1168 544 Θεοῦ,
1181 511 1227 538 τοῦ
1249 511 1445 547 ἀγαπήσαντός
1465 520 1499 547 με
1511 531 1519 545 ,
1533 511 1581 539 καὶ
1597 512 1763 547 παραδόντος
1783 512 1879 539 ἑαυτὸν

1086 557 1156 592 ὑπὲρ
1169 556 1247 593 ἐμοῦ.
1263 566 1272 583 ι

1121 602 1168 638 Τῷ
1182 602 1266 638 νόμῳ,
1282 603 1375 639 φησὶν,
1389 603 1406 639 ἢ
1422 603 1485 631 ὅσον
1501 603 1574 631 κατὰ
1586 603 1632 630 τὸν
1643 603 1738 640 νόμον.

1124 703 1134 720 ι
1156 693 1214 721 Οὐκ
1227 693 1317 721 ἀθετῶ
1337 694 1386 729 τὴν
1401 694 1482 730 χάριν
1495 693 1541 721 τοῦ
1556 694 1635 721 Θεοῦ.
1653 703 1662 720 ›

1121 740 1171 768 Διὰ
1184 740 1235 776 τῆς
1249 740 1360 777 χάριτος
1374 740 1576 776 ἡλευθέρωμαι,
1595 739 1687 774 φησίν.
1708 738 1812 765 Οὐκοῦν
1829 738 1879 772 οὑχ

1087 786 1265 821 ὑποστρέφων
1282 786 1364 813 πάλιν
1379 787 1420 818 εἰς
1432 786 1477 813 τὸν
1493 786 1586 821 νόμον,
1607 785 1710 821 ὑϐρίζω
1722 785 1772 820 τὴν
1787 785 1877 820 χάριν,

1087 832 1125 863 ὡς
1140 832 1176 867 μὴ
1192 832 1347 868 δυναμένην
1363 834 1516 866 ζωοποιεῖν.

1128 887 1137 903 ι
1157 878 1188 905 El
1199 878 1254 914 γὰρ
1269 879 1314 905 διὰ
1336 879 1419 914 νόμου
1438 879 1613 915 δικαιοσύνη,
1626 879 1682 915 ἄρα
1696 878 1814 914 Χριστὸς
1825 878 1878 905 δω-

1090 923 1155 959 ρεὰν
1171 924 1317 951 ἀπέθανεν.
1336 933 1346 951 ν

1131 970 1272 1002 Ἀπέθανε,
1287 971 1380 1006 φησὶν,
1394 970 1464 1005 ὑπὲρ
1482 969 1561 1006 ἡμῶν
1575 971 1589 996 ὁ
1602 971 1728 1005 Χριστὸς,
1748 969 1791 995 ῑνα
1803 969 1878 1004 ἡμᾶς

1087 1017 1239 1053 ἀναστήσῃ,
1263 1017 1422 1049 δικαιώσας,
1435 1017 1482 1043 καὶ
1506 1017 1555 1052 τὴν
1575 1016 1713 1052 ἁμαρτίαν
1735 1015 1835 1050 ποιήσῃ
1845 1016 1878 1041 ὲκ

1090 1063 1184 1098 μέσου.
1202 1063 1232 1090 Εἰ
1250 1063 1279 1089 δὲ
1299 1063 1356 1090 ὅσοι
1383 1063 1558 1098 περιτέμνειν
1582 1061 1738 1094 πείθοντες,
1752 1061 1879 1095 λέγουσιν

1087 1109 1116 1136 ὲν
1130 1109 1204 1144 νόμῳ
1218 1108 1389 1136 δικαιοῦσθαι
1406 1108 1451 1135 τὸν
1467 1107 1612 1143 ἄνθρωπον
1624 1128 1631 1141 ,
1644 1108 1769 1142 περιττὸς
1782 1107 1796 1133 ὁ
1810 1106 1877 1142 Χρι-

1089 1155 1152 1182 στοῦ
1170 1155 1285 1187 θάνατος
1301 1155 1423 1189 γέγονεν.

1394 1221 1520 1248 ΚΕΦΑΛ.
1546 1221 1581 1247 Γ’.
1624 1236 1629 1237 γ

1126 1289 1134 1305 ι
1154 1277 1189 1305 Ὦ
1202 1279 1314 1314 ἀνόητοι
1330 1278 1460 1306 Γαλάται.
1480 1287 1488 1302 ι

1122 1326 1218 1359 Δείξας
1232 1326 1262 1352 τὺ
1273 1326 1372 1353 ἄτοπον
1388 1325 1436 1352 καὶ
1460 1325 1491 1351 τὸ
1510 1324 1686 1360 βλάσφημον,
1707 1322 1816 1360 θαῤῥῶν
1829 1322 1880 1349 ἱπ-

1087 1373 1176 1407 ήγαγε
1194 1373 1244 1407 τὴν
1260 1370 1415 1406 ἐπίπληξιν.

1126 1425 1135 1442 ι
1162 1416 1211 1447 Τίς
1240 1416 1312 1452 ὑμᾶς
1341 1415 1494 1442 ἐϐάσκανεν
1519 1416 1551 1451 τῇ
1576 1414 1692 1451 ἀληθείᾳ
1717 1414 1755 1450 μὴ
1784 1413 1879 1441 πείθε-

1088 1462 1149 1490 σθαι
1161 1471 1169 1495 ;
1189 1472 1198 1488 ο

1127 1508 1247 1541 Ἐδειξεν
1257 1508 1347 1540 καλῶς
1358 1507 1526 1543 πράττοντας
1541 1507 1720 1543 πειθομένους
1732 1508 1765 1543 τῇ
1777 1506 1877 1533 πίστει.

246 1556 402 1580 tenuerant.
418 1551 568 1580 Invidentia
586 1551 687 1588 quippe
700 1552 800 1579 lacessi
816 1559 870 1579 non
895 1551 1036 1585 dicuntur,

1090 1553 1122 1582 El
1138 1554 1175 1590 μὴ
1190 1539 1244 1589 γαρ
1267 1554 1322 1581 τῶν
1340 1539 1525 1589 πραττόντων
1547 1539 1636 1585 καλῶς
1660 1554 1676 1588 ὴ
1693 1539 1826 1588 βασκανία
1847 1551 1878 1578 οὺ

246 1598 300 1628 nisi
318 1599 420 1635 quibus
437 1606 481 1626 res
498 1605 628 1633 prospere
645 1598 806 1626 succedunt.
820 1597 903 1632 Atqui
922 1596 964 1624 bis
979 1605 1039 1624 ver-

247 1646 289 1673 bis
312 1653 409 1674 rursus
425 1652 473 1672 eos
489 1648 600 1672 revocat
623 1644 656 1671 ad
687 1644 818 1679 gratiam,
841 1651 902 1680 qua:
919 1643 970 1671 lide
992 1651 1039 1677 pa-

247 1695 334 1718 ratur.

284 1745 294 1762 ‹
312 1736 383 1764 Ante
405 1743 523 1771 quorum
544 1736 641 1764 oculos
659 1735 742 1764 Jesus
758 1735 887 1763 Christus
913 1736 1040 1771 prmscri-

247 1787 312 1817 plus
327 1785 380 1816 est,
400 1782 429 1810 in
443 1782 522 1810 vobis
536 1781 696 1810 cruciﬁxus.
713 1780 858 1818 [Vens.2.]
876 1781 932 1809 lloc
949 1782 1038 1809 solum

247 1838 260 1855 ιι
278 1829 354 1856 vobis
373 1829 436 1857 volo
451 1828 569 1856 discere.
589 1837 598 1854 ι
972 1825 976 1831 ’

281 1873 311 1901 In
337 1873 499 1901 memoriam
529 1880 578 1901 eos
603 1877 735 1907 perpetuo
761 1877 874 1900 revocat
903 1873 998 1901 mortis
1011 1877 1038 1901 et

247 1919 350 1952 crucis,
367 1926 415 1954 per
440 1926 500 1954 quae
514 1918 604 1946 deleto
617 1923 730 1954 peccato
749 1919 879 1946 viximus.
892 1919 960 1946 Cum
988 1927 1038 1946 au—

248 1971 302 1993 tem
319 1965 358 1993 ait
373 1975 380 1993 :
395 1965 464 1992 Ante
484 1965 573 1992 oculos
587 1965 759 2000 praescriptus
775 1969 826 1997 est,
840 1964 979 2000 signiﬁcat
994 1965 1036 1992 iu-

246 2009 402 2038 satiabilem
426 2009 565 2045 quondam
591 2009 677 2038 fuisse
695 2017 792 2038 eorum
818 2017 882 2044 erga
898 2009 1036 2036 Christum

247 2064 379 2089 amorem,
393 2054 430 2082 ita
442 2058 470 2081 ut
480 2054 538 2090 ejus
548 2054 704 2090 mysterium
712 2059 774 2082 ante
788 2055 884 2083 oculos
914 2055 1036 2090 ipsorum

247 2102 435 2130 indesinenter
450 2106 616 2130 versaretur.

284 2159 293 2175 ι
313 2149 350 2176 Ex
367 2149 495 2183 operibus
518 2148 586 2184 legis
609 2147 742 2182 Spiritum
766 2147 927 2182 accepistis;
954 2155 987 2174 an
1005 2155 1036 2175 ex

247 2195 343 2223 auditu
360 2195 439 2222 fidei?
453 2193 550 2230 [νεηε.
566 2193 606 2229 5.]
621 2193 668 2221 Sic
685 2193 759 2221 stulti
779 2193 856 2220 estis.
875 2203 883 2218 ι

282 2239 396 2267 Plurimi
411 2246 508 2267 eorum
521 2239 569 2274 qui
585 2238 612 2266 iu
630 2239 741 2266 Christo
763 2239 891 2274 baptizati
907 2242 996 2271 erant,
1010 2243 1037 2267 et

247 2290 413 2322 acceperant
430 2285 561 2320 Spiritum
582 2289 722 2317 sanctum,
738 2286 840 2313 multas
862 2287 1038 2320 operationcs

247 2341 296 2369 per
323 2333 412 2368 ipsum
436 2331 613 2368 prmstabant,
629 2336 657 2360 et
684 2339 782 2371 magna
807 2331 941 2368 prodigia.
976 2331 1037 2359 llaec

246 2381 328 2416 igitur
345 2380 387 2407 eis
411 2382 620 2406 commemorat.
646 2377 675 2405 Si
703 2377 762 2413 lege
787 2378 879 2404 divina
905 2379 1037 2405 miracula

247 2431 355 2463 patrare
366 2433 530 2453 concessum
546 2432 601 2452 non
616 2428 668 2457 est,
680 2424 725 2451 sed
742 2424 828 2460 gratia
842 2423 972 2458 Spiritus,
988 2431 1038 2451 cur

246 2475 343 2503 relicto
356 2473 403 2501 illo
414 2472 461 2508 qui
486 2475 564 2500 tanta
588 2471 647 2498 haec
672 2470 798 2506 praebuit,
815 2469 982 2505 conl'ngintis
1004 2470 1037 2496 ad

247 2522 344 2555 legem,
360 2527 420 2555 qua:
433 2519 539 2547 viribus
559 2518 709 2546 deﬁcitur?

283 2575 292 2592 ι
313 2565 348 2593 Ut
364 2573 426 2593 cum
447 2565 547 2599 spiritu
559 2563 711 2599 emperitis,
727 2571 800 2591 nunc
814 2572 897 2592 carne
909 2571 1037 2592 consum-

248 2613 374 2640 memini?
393 2622 403 2637 ι

282 2668 408 2696 Ostendit
429 2677 477 2696 eos
500 2668 625 2696 ordinem
649 2667 805 2696 invertisse.
822 2666 845 2693 A
866 2667 1038 2702 spiritalibus

250 2715 329 2750 164
353 2715 426 2742 enim
453 2714 487 2742 ad
512 2714 698 2750 spiritualiora
729 2713 885 2748 proceditur
912 2722 919 2741 :
942 2717 1039 2741 contra

247 2769 314 2787 vero
335 2761 386 2793 illi,
405 2761 527 2796 acceptis
548 2761 668 2796 primum
693 2759 897 2796 spiritualibus,
922 2759 955 2786 ad
977 2767 1038 2787 car-

249 2807 321 2834 nalia
334 2807 513 2840 transierant,
527 2807 560 2834 ad
572 2807 812 2834 circnmcisionem
829 2807 943 2834 scilicet.
967 2805 1040 2833 Bene

248 2860 313 2880 vero
327 2852 404 2888 dicit,
435 2853 674 2880 consummamini:
702 2853 729 2880 id
754 2853 826 2888 quod
850 2854 942 2888 posuit
961 2861 993 2881 ac
1015 2854 1038 2882 si

1090 1600 1212 1635 λέγεται.
1230 1600 1316 1627 Τοῦτο
1334 1600 1363 1628 δὲ
1378 1599 1476 1634 λέγων,
1497 1599 1653 1626 ἐκκαλεῖται
1677 1599 1759 1626 πάλιν
1774 1598 1814 1630 εἰς
1830 1597 1880 1632 τὴν

1089 1647 1133 1674 διὰ
1148 1646 1263 1678 πίστεως
1279 1647 1368 1682 χάριν.

1127 1747 1136 1763 ι
1152 1734 1200 1769 οἷς
1211 1737 1270 1764 κατ’
1284 1735 1440 1771 ὀφθαλμοὺς
1455 1733 1559 1770 Ἰησοῦς
1580 1734 1698 1770 Χριστὸς
1716 1733 1879 1769 προεγράφη

1089 1784 1118 1811 ἐν
1141 1784 1205 1818 ὑμῖν
1222 1781 1440 1818 ἐσταυρωμένος.
1464 1780 1551 1808 Τοῦτο
1581 1781 1661 1816 μόνον
1689 1780 1759 1806 θέλω
1783 1779 1880 1815 μαθεῖν

1089 1829 1135 1863 ἀφ’
1151 1829 1238 1864 ὑμῶν.
1260 1838 1270 1856 ι

1125 1875 1249 1910 Συνεχῶς
1273 1875 1479 1911 ἀναμιμνήσκει
1500 1873 1601 1906 αὐτοὺς
1623 1872 1672 1900 τοῦ
1696 1872 1813 1900 Θανάτου
1833 1873 1880 1898 καὶ

1088 1920 1136 1947 τοῦ
1161 1920 1280 1955 σταυροῦ
1295 1940 1302 1952 ,
1318 1920 1352 1946 δι’
1370 1917 1402 1947 οὗ
1435 1919 1486 1955 τῆς
1514 1918 1652 1955 ἁμαρτίας
1678 1918 1878 1951 ἀπαλλαγέντες

1090 1966 1237 2002 ὲξήσαμεν.
1251 1966 1288 1993 Τὸ
1313 1966 1352 1999 δὲ,
1366 1965 1541 2000 Προεγράφη
1566 1964 1622 1999 πρὸ
1649 1963 1821 2003 ὀφθαλμῶν,
1839 1963 1879 1989 εἴ-

1090 2020 1178 2048 ρηκε,
1194 2011 1300 2043 δεικνὺς
1316 2011 1362 2038 τὸν
1386 2011 1526 2045 ἄπληστον
1552 2009 1643 2037 αὐτῶν
1664 2009 1795 2045 πρότερον
1816 2007 1879 2043 περὶ

1088 2060 1133 2086 τὸν
1144 2059 1261 2094 Χριστὸν
1277 2058 1368 2090 πόθον,
1380 2058 1418 2089 ὡς
1435 2057 1479 2084 διὰ
1491 2057 1591 2089 παντὸς
1607 2057 1636 2082 ὲν
1650 2055 1800 2091 ὀφθαλμοῖς
1814 2054 1880 2089 ὁρᾷν

1089 2105 1119 2132 τὸ
1134 2105 1297 2140 μυστήριον.

1103 2175 1108 2182 ,
1127 2161 1136 2177 ι
1161 2151 1206 2184 Ἐξ
1219 2151 1308 2186 ἔργων
1322 2150 1406 2186 νόμου
1420 2150 1450 2177 τὺ
1464 2148 1576 2186 Πνεῦμα
1585 2148 1707 2182 ἐλάϐετε,
1722 2148 1739 2183 ἢ
1752 2147 1782 2180 ἐξ
1796 2146 1880 2182 ἀκοῆς

1053 2210 1076 2238 D
1091 2197 1228 2230 πίστεως;
1249 2196 1343 2228 Οὕτως
1355 2196 1465 2232 ἀνόητοί
1481 2197 1552 2223 ἐστε.
1571 2205 1581 2222 ι

1126 2243 1222 2270 Πολλοὶ
1237 2242 1291 2269 τῶν
1304 2242 1509 2277 βαπτισθέντων
1522 2241 1562 2273 είς
1576 2239 1710 2276 Χριστὸν,
1725 2239 1774 2266 καὶ
1785 2237 1882 2266 λαϐόν-

1091 2298 1144 2316 των
1160 2287 1273 2323 Πνεῦμα
1286 2287 1364 2322 ἆγιον
1380 2286 1481 2318 πολλὰς
1499 2284 1639 2321 ἐνεργείας
1661 2284 1770 2311 ἐποίουν
1783 2283 1817 2310 δι’
1832 2283 1882 2309 αὑ-

1091 2334 1138 2361 τοῦ
1157 2335 1203 2361 καὶ
1212 2335 1312 2369 σημεῖα
1337 2332 1454 2368 μεγάλα.
1470 2331 1564 2359 Αὐτῶν
1583 2329 1630 2358 οὖν
1647 2330 1759 2357 ἐκείνων
1784 2329 1882 2359 αὐτοὺς

1091 2380 1305 2416 ἀναμιμνήσκει.
1324 2380 1356 2406 ΕΞ
1381 2379 1430 2411 τὰς
1447 2377 1621 2414 θεοσημείας,
1638 2377 1730 2412 φησὶν,
1743 2376 1792 2411 οὐχ
1812 2377 1826 2401 ὁ
1839 2375 1882 2401 νό-

1093 2436 1142 2463 μος
1155 2426 1275 2462 παρέσχε
1286 2425 1473 2460 ποιεῖν,ἁλλ’ὴ
1491 2424 1539 2452 τοῦ
1551 2423 1710 2458 Πνεύματος
1725 2422 1815 2458 χάρις,
1824 2420 1882 2453 πῶς

1091 2475 1137 2502 τὸν
1163 2474 1197 2501 τὰ
1221 2473 1373 2509 τηλικαῦτα
1399 2472 1594 2508 παρεσχηκότα
1612 2470 1747 2506 ἀφέντες,
1764 2469 1811 2496 ἐπὶ
1835 2467 1882 2494 τιν

1091 2520 1256 2548 ἀσθενοῦντα
1273 2519 1454 2554 κατατρέχετε
1479 2520 1578 2554 νόμον;

1130 2579 1139 2593 ι
1174 2567 1368 2602 Ἐναρξάμενοι
1392 2566 1528 2601 πνεύματι
1543 2586 1550 2598 ,
1569 2565 1616 2591 νῦν
1641 2565 1722 2600 σαρκὶ
1751 2563 1882 2590 ἐπιτελεῖ·

1092 2614 1162 2645 σθε;
1187 2623 1196 2639 ι

1129 2669 1249 2701 Ἔδειξεν
1264 2669 1361 2700 αὐτοὺς
1373 2667 1421 2702 τὴν
1436 2666 1513 2700 τάξιν
1527 2667 1794 2703 ἀντι[σ]τρέψαντας.
1823 2665 1883 2692 At?)

1093 2715 1147 2750 γὰρ
1162 2715 1215 2741 τῶν
1232 2714 1397 2750 σωματικῶν
1414 2713 1460 2740 ἐπὶ
1481 2714 1516 2740 τὰ
1539 2711 1784 2747 πνευματικώτερα
1806 2710 1882 2746 ἔρχε-

1092 2770 1136 2787 ται
1149 2769 1155 2776 ·
1170 2762 1195 2787 οἱ
1214 2760 1243 2786 δὲ
1258 2761 1425 2793 τούναντίον,
1444 2760 1552 2796 πρῶτον
1567 2759 1694 2790 λαϐόντες
1710 2759 1745 2786 τὰ
1759 2764 1882 2792 πνευμα-

1092 2807 1167 2839 τικὰ,
1187 2807 1357 2842 μετέστησαν
1373 2808 1412 2838 εἰς
1438 2807 1473 2834 τὰ
1498 2806 1627 2842 σαρκικὰ,
1651 2805 1701 2841 τὴν
1729 2805 1884 2840 περιτομήν

1094 2859 1175 2887 φημι.
1189 2850 1225 2880 Εὖ
1243 2853 1272 2880 δὲ
1291 2853 1338 2880 καὶ
1351 2853 1382 2880 τὺ
1393 2874 1400 2886 ,
1413 2853 1615 2886 ἐπιτελεῖσθε,
1628 2853 1665 2885 ὼς
1693 2852 1739 2879 ἐπὶ
1766 2851 1882 2886 ἀλόγων,
