2078 3116
211 135 264 168 793

796 140 834 170 IN
855 141 974 171 EPIST.
995 142 1247 173 Al)'GALATAS.

1788 140 1844 175 794

207 191 299 222 αὐτοῖς
318 191 484 228 παρέθηκεν,
501 192 538 225 ὡς
554 192 578 219 εἰ
600 192 677 228 ἔλεγε
692 194 858 229 σαφέστερον
869 203 876 209 ·
890 195 991 230 Ὥσπερ

1048 195 1082 222 de
1097 195 1250 230 pecudibus
1267 202 1357 223 sermo
1375 194 1455 222 foret.
1471 193 1552 222 Velut
1570 193 1593 222 si
1610 193 1780 223 manifestius
1800 195 1844 223 di-

207 234 292 279 ἄλογα
315 236 463 272 θρέμματα
491 237 626 273 παρέχετε
650 238 764 271 ἑαυτοὺς
791 240 831 271 εις
859 240 889 266 τὸ
910 248 995 267 κατα-

207 282 365 316 τέμνεσθαι.

245 338 254 354 ί
270 328 396 356 Τοσαῦτα
413 328 529 356 ἐπάθετε
541 330 619 365 εὶκῆς
634 331 667 358 El
684 340 716 366 γε
738 332 785 359 καὶ
806 333 879 368 εἰκῆ.
891 342 903 359 ι

241 416 302 443 Τῶν
314 416 428 451 ἀγώνων
443 417 556 445 ἐκείνων
572 419 619 445 καὶ
643 419 698 446 τῶν
712 419 801 447 ἄθλων
816 421 916 453 αὐτοὺς
929 421 997 449 ἀνα-

207 463 369 498 μιμνήσκει,
385 459 423 491 ὧν
440 463 543 491 ἔπαθον
559 464 604 492 διὰ
620 464 650 492 τὸ
672 465 813 501 κήρυγμα.
832 467 914 501 Λέγει
932 465 996 494 οὗν·

207 509 252 544 Μὴ
267 509 311 536 τὸν
326 509 460 546 πρότερον
485 509 562 545 ὑμῶν
576 510 680 538 ἐκεῖνον
700 511 789 538 πάντα
813 511 897 539 κόπον
913 513 997 548 ἀργὸν

207 555 374 590 ἐργάσησθε.
390 555 476 583 Τοῦτο
490 555 545 592 γὰρ
556 556 631 592 δηλοῖ
641 557 681 590 τὸ,
691 558 726 584 ΕΖ
740 566 772 593 γε
783 558 831 585 καὶ
847 559 925 593 εικῆ,
937 559 998 586 ἀντὶ

206 600 304 634 τοῦ,Εἰ
320 600 357 636 μὴ
371 602 584 638 μετανοήσαντες
603 603 685 630 αὐτὸν
700 603 846 640 φυλάξητε.

243 700 253 716 ι
277 691 307 717 ’0
321 691 368 718 οῦν
388 691 563 727 ἐπιχορηγῶν
580 691 645 727 ὑμῖν
664 691 695 718 τὸ
712 691 835 727 Πνεῦμα,
851 693 899 719 καὶ
918 693 996 729 ἐνερ-

207 737 262 771 γῶν
279 737 414 771 δυνάμεις
424 737 454 764 ἐν
473 737 547 772 ὑμῖν,
566 735 595 769 ἐξ
618 737 707 772 ἔργων
725 737 821 772 νόμον,
834 737 851 772 ἢ
866 737 896 769 ἐξ
911 739 996 773 ἀκοῆς

207 783 325 812 πίστεως
336 791 343 815 ;
359 792 368 808 ι

246 830 277 855 "O
299 827 376 855 εἶπεν
399 828 528 864 ἀνωτέρω
541 848 548 861 ,
565 829 613 856 καὶ
628 829 687 856 νυνὶ
709 830 902 866 ἐπιλαμϐάνει,
917 831 995 858 ἐκδυ-

1047 245 1125 268 ceret
1146 240 1320 283 :‘Pecudum
1348 241 1434 268 instar
1449 248 1498 269 vos
1522 241 1573 276 ipsi
1598 240 1783 269 concidendos
1798 241 1842 268 oi“-

1046 286 1135 314 fertis.

1083 331 1167 359 Vuas.
1179 331 1205 359 ι.
1225 341 1234 357 ι
1249 332 1337 359 Tanta
1350 332 1424 367 passi
1437 331 1505 360 estis
1517 331 1577 360 sine
1588 332 1691 360 causa?
1709 332 1737 359 Si
1751 336 1841 360 tamen

1048 385 1107 405 Sllle
1119 385 1215 405 causa.
1231 386 1241 403 ι

1083 422 1244 450 Memoriam
1260 422 1375 450 reiricat
1392 429 1510 458 agonum
1532 426 1560 450 et
1577 423 1762 450 certaminum
1780 423 1842 450 illo-

1048 477 1128 502 rum,
1155 477 1218 504 quae
1243 465 1604 505 propter‘prazdicationem
1634 468 1770 496 obierant.
1797 469 1842 496 Ait

1048 523 1113 550 ergo
1139 524 1146 542 :
1173 514 1266 543 Nolite
1290 515 1439 551 pristinum
1471 515 1550 542 illum
1581 521 1691 542 onmem
1720 513 1842 541 laborem

1047 562 1173 598 inutilem
1187 567 1214 590 et
1233 570 1335 590 vanum
1350 562 1476 590 reddere.
1504 561 1561 589 lloc
1581 561 1654 590 enim
1676 561 1766 589 verbis
1781 560 1842 588 istis

1047 609 1237 644 signiﬁcatur:
1251 608 1281 636 Si
1294 613 1382 636 tamen
1392 609 1449 636 sine
1464 616 1565 641 causa;
1579 608 1606 635 id
1619 613 1661 636 est
1674 607 1727 635 nisi
1739 607 1841 635 factum

1046 655 1181 683 mutando
1193 655 1329 690 integrum
1342 662 1404 682 eum
1423 654 1599 683 custodiatis.

1082 701 1167 729 Vens.
1182 701 1209 729 5.
1238 711 1247 727 ι
1269 701 1320 734 Qui
1339 709 1405 736 ergo
1426 701 1523 728 tribuit
1539 701 1618 728 vobis
1643 699 1791 736 Spiritum,
1813 703 1842 728 et

1045 752 1175 781 operatur
1188 747 1304 774 virtutes
1326 747 1354 774 in
1367 745 1456 779 vobis,
1470 753 1504 773 ex
1518 745 1650 781 operibus
1664 745 1742 781 legis,
1759 753 1793 772 an
1807 751 1841 773 ex

1046 793 1140 820 auditu
1157 792 1218 819 ﬁdei
1230 792 1241 819 τ
1259 801 1269 817 ›

1080 838 1159 866 Nunc
1174 845 1284 874 quoque
1298 837 1413 866 resumit
1438 837 1506 865 illud
1530 836 1602 872 quod
1622 844 1705 871 supra
1722 837 1839 869 dixerat,

210 875 307 902 σωπῶν
334 875 434 906 αὐτοὺς
456 876 489 911 τῇ
507 875 597 912 δωρεᾷ
622 872 659 903 ὧν
685 876 833 912 εἰλήφεσαν
856 878 991 913 χαρισμά-

1047 889 1077 912 υι
1091 892 1139 912 eos
1155 872 1324 919 pudefaciat,
1338 884 1450 919 objecto
1468 890 1583 911 munere
1599 883 1750 919 gratiarum
1770 890 1840 918 quas

205 928 270 950 των,

248 976 258 993 ‹
279 966 376 998 Καθὼς
394 966 521 1002 Ἀϐραὰμ
532 967 677 995 ἐπίστευσε
696 968 736 1004 τῷ
756 967 833 1004 Θεῷ,
850 969 898 995 καὶ
911 968 996 1003 ὲλογί-

207 1011 257 1046 σοη
273 1012 348 1047 αὑτῷ
361 1013 402 1045 εἰς
423 1013 610 1049 δικαιοσύνην.
630 1024 639 1040 ι

246 1058 354 1095 Ἐπειδὴ
371 1060 396 1085 οἱ
410 1060 564 1091 Ἰουδαΐζειν
580 1060 793 1095 ἀναγκάζοντες,
810 1061 995 1097 πρεσϐύτερον

205 1105 297 1140 ἐλεγον
306 1106 354 1132 τὸν
364 1106 444 1141 νόμον
456 1106 505 1141 τῆς
516 1106 547 1132 πί
551 1115 646 1140 στεως⁷
658 1108 689 1133 ἐκ
699 1106 745 1133 τοῦ
758 1107 880 1134 ἐναντίου
888 1108 994 1135 δείκνυ-

205 1159 246 1177 σιν
259 1152 273 1177 ὸ
289 1150 394 1182 Παῦλος
415 1151 608 1187 πρεσϐυτέραν
623 1151 673 1186 τὴν
690 1152 782 1179 πίστιν
795 1153 828 1180 ἐκ
849 1153 899 1188 τῆς
913 1162 993 1189 περι-

202 1195 301 1230 τομῆς.
320 1197 375 1222 Kal.
401 1196 494 1232 ἐπειδὴ
522 1197 594 1232 μέγα
618 1197 750 1233 ἐφρόνουν
778 1198 817 1233 τῷ
839 1199 993 1234 προπάτορι

209 1241 344 1277 Ἀϐραὰμ,
355 1242 402 1269 καὶ
410 1243 445 1278 ἐκ
459 1243 553 1270 τούτου
573 1244 653 1270 πάλιν
669 1245 767 1276 αὐτοὺς
787 1244 949 1272 ἐκδυσωπεῖ.
961 1245 992 1272 Εἰ

203 1290 257 1324 γὰρ
274 1289 400 1325 Ἀϐραὰμ
412 1291 454 1324 ἐφ’
466 1287 488 1325 ᾧ
503 1291 630 1327 φρονοῦσι
644 1291 725 1326 μέγα,
742 1291 869 1326 φαίνεται
884 1291 993 1327 πρῶτος

201 1334 250 1370 τὴν
265 1335 356 1362 πίστιν
368 1335 525 1371 δεξάμενος,
539 1337 587 1363 καὶ
606 1337 639 1363 δι’
656 1336 742 1371 αὐτῆς
757 1336 834 1372 φίλος
854 1345 992 1373 προσηγο-

202 1380 347 1417 ρευόμενος
357 1381 436 1415 Θεοῦ,
449 1382 526 1418 πόσῳ
543 1383 643 1418 μᾶλλον
660 1380 734 1411 οὗτοι
754 1383 992 1419 προσδραμοῦνται

201 1426 282 1462 αὐτῇ,
297 1426 325 1453 εῐ
336 1435 368 1462 γε
384 1427 434 1464 τὴν
451 1428 556 1455 ἐκείνου
571 1429 685 1464 αὑχοῦσι
703 1430 864 1464 συγγένειαν
878 1450 885 1456 .

1047 935 1220 966 acceperant.

1081 976 1164 1004 Vens.
1181 975 1208 1003 6.
1233 985 1242 1002 ε
1262 975 1341 1003 Sicut
1357 974 1495 1002 Abraham
1507 973 1627 1002 credidit
1643 973 1708 1003 Deo.
1721 977 1747 1002 et
1761 981 1840 1009 repu.

1045 1027 1132 1050 tatum
1148 1026 1191 1050 est
1207 1022 1245 1049 illi
1260 1022 1294 1049 ad
1310 1021 1457 1057 justitiam.
1473 1029 1484 1046 ι

1081 1068 1319 1103 Quandoquidem,
1342 1067 1389 1102 qui
1411 1066 1555 1101 judaizare
1582 1065 1728 1101 cogebant,
1752 1065 1838 1101 legem

1045 1115 1229 1150 antiquiorem
1242 1121 1303 1142 esse
1314 1113 1366 1140 ﬁde
1386 1112 1560 1148 garriebant;
1575 1115 1672 1139 contra
1687 1112 1788 1138 Paulus
1804 1118 1838 1138 ex

1044 1159 1266 1188 circumcisionis
1289 1159 1434 1187 sanctione
1453 1158 1555 1185 evincit
1578 1157 1658 1185 ﬁdem
1680 1165 1743 1185 esse
1767 1157 1839 1184 anti-

1044 1207 1179 1241 quiorem.
1190 1205 1222 1232 Et
1231 1205 1298 1241 quia
1311 1212 1413 1240 proavo
1425 1203 1565 1231 Abraham
1577 1202 1724 1230 admodum
1740 1211 1838 1238 super-

1045 1252 1167 1284 hiebant,
1184 1259 1217 1279 ex
1240 1251 1357 1285 ipsumet
1373 1249 1506 1285 pudorem
1532 1248 1574 1276 eis
1604 1256 1713 1276 rursum
1734 1249 1834 1283 injicit.

1043 1297 1111 1324 Nam
1125 1296 1149 1324 si
1165 1296 1303 1324 Abraham
1316 1295 1397 1330 cujus
1412 1294 1504 1330 gratia
1515 1294 1631 1321 multum
1641 1297 1772 1329 arrogant
1784 1293 1839 1322 sibi

1043 1343 1163 1379 primum
1196 1342 1327 1370 habuisse
1356 1341 1436 1368 ﬁdem
1464 1340 1613 1375 reperitur,
1636 1347 1743 1375 perque
1776 1346 1838 1366 eam
1891 1366 1901 1371 ,

1043 1390 1150 1417 amicus
1163 1388 1211 1416 Dei
1228 1391 1405 1422 nuncupatus
1419 1390 1480 1420 est;
1505 1390 1610 1421 quanto
1624 1385 1712 1421 magis
1726 1385 1758 1412 ad
1778 1392 1838 1412 eam

1043 1436 1087 1464 isti
1096 1432 1423 1465 deberentaccurrere,si
1434 1431 1676 1467 consanguinitate
1690 1431 1765 1459 illius
1778 1431 1838 1466 glo-

1043 1482 1161 1509 riantur.

238 1529 248 1546 ς
269 1519 422 1547 Γινώσκετε
435 1520 489 1556 ἄρα
499 1521 540 1548 ὅτι
550 1520 616 1548 οίέκ
632 1521 762 1553 πίστεως,
770 1517 844 1547 οῦτοι
857 1521 927 1547 εἰσιν
938 1520 991 1546 υἱοὶ

1079 1527 1163 1554 Vens.
1175 1527 1201 1554 7.
1219 1536 1229 1552 ί
1247 1524 1411 1561 Cognoscite
1425 1532 1502 1560 ergo,
1513 1523 1578 1559 quia
1590 1523 1635 1559 qui
1645 1530 1678 1551 ex
1694 1523 1746 1550 ﬁde
1761 1526 1836 1555 sunt,

207 1565 343 1602 Ἀϐραάμ..
363 1575 373 1592 ι

234 1612 375 1638 Δείκνυσιν
383 1611 417 1639 τὰ
427 1611 491 1648 ἔθνη
508 1611 608 1648 μᾶλλον
615 1612 658 1639 διὰ
665 1612 714 1648 τῆς
727 1612 844 1644 πίστεως
856 1611 992 1647 αὑχοῦντα

199 1657 305 1692 πατέρα
320 1657 366 1684 τὸν
386 1656 523 1693 Ἀϐραὰμ,
538 1657 555 1693 ἢ
574 1657 638 1690 τοὺς
652 1658 685 1684 ἐκ
701 1658 863 1692 περιτομῆς.
875 1658 927 1684 Τὸν
936 1657 991 1692 γὰρ

205 1703 332 1739 Ἀϐραὰμ
347 1703 424 1738 φίλον
450 1703 563 1739 ἐποίησε
576 1703 644 1730 Θεοῦ
659 1703 677 1738 ή
699 1703 802 1735 πίστις,
817 1703 866 1738 οὐχ
879 1703 896 1738 ἡ
914 1711 992 1738 περι-

199 1749 280 1784 τομὴ,
295 1749 323 1776 εἴ
335 1757 367 1783 γε
384 1750 503 1785 σφραγὶς
517 1749 565 1776 καὶ
580 1750 694 1784 σημεῖον
706 1749 758 1785 τῆς
773 1748 891 1781 πίστεως
909 1749 989 1784 γέγο-

199 1802 245 1820 νεν
254 1795 271 1829 ἡ
280 1794 426 1830 περιτομή·
435 1794 466 1821 τὸ
475 1794 504 1820 δέ
517 1795 629 1830 σημεῖον
635 1794 740 1821 ἐκείνου
746 1791 778 1821 οῦ
788 1795 847 1820 ἐστι
864 1795 990 1829 σημεῖον,

199 1838 312 1866 ἔλασσόν
327 1839 411 1872 ἐστιν,
428 1838 499 1867 ὥστε
512 1839 536 1866 οε
550 1839 584 1866 ἐκ
598 1839 726 1872 πίστεως,
745 1839 846 1874 μᾶλλον
863 1839 990 1874 κληθεῖεν

198 1884 311 1917 είκότως
326 1884 374 1912 τοῦ
394 1884 520 1921 ’Δϐραὰμ
543 1884 606 1917 υἱοὶ,
624 1884 678 1920 ἦοῑ
705 1884 737 1911 ἐκ
755 1885 805 1920 τῆς
825 1883 988 1920 περιτομῆς,

198 1932 247 1958 καὶ
259 1931 379 1967 τοσούτῳ
394 1931 449 1967 ὅσῳ
462 1931 563 1968 χρυσὸς
577 1931 628 1967 τῆς
642 1930 789 1967 σφραγίδος
804 1929 900 1958 αὐτοῦ.

237 2033 246 2050 ι
264 2023 414 2060 Προῖδοῦσα
427 2025 444 2059 ἡ
458 2024 566 2060 Γραφὴ,
583 2024 623 2051 ὅτι
650 2023 682 2050 ἐκ
705 2023 824 2055 πίστεως
838 2023 939 2050 δικαιοῖ
954 2023 989 2049 τὰ

197 2070 261 2106 ἔθνη
279 2071 293 2097 ὁ
307 2069 383 2102 Θεός.
401 2080 409 2096 ν

233 2117 292 2144 ’Ὶνα
309 2117 345 2152 μὴ
357 2117 420 2153 δόξῃ
433 2117 662 2153 ἐνθυμηματικῶς
670 2115 748 2144 τοῦτο
759 2116 986 2150 κατασκευάζειν,

199 2164 246 2191 καὶ
259 2163 307 2199 τὴν
322 2163 434 2199 Γραφὴν
454 2164 519 2199 περὶ
537 2163 632 2190 τούτου
656 2162 848 2199 μαρτυροῦσαν
863 2162 950 2199 φέρει.

236 2217 245 2233 α
264 2208 520 2244 Προευηγγελίσατο
542 2207 581 2243 τῷ
602 2208 736 2243 Ἀϐραάμ.
757 2217 767 2233 ο

233 2254 305 2290 Ὀρα
328 2255 387 2285 πῶς
413 2254 462 2288 τὴν
483 2254 548 2289 περὶ
575 2254 630 2280 τῶν
656 2254 741 2280 ἐθνῶν
761 2254 923 2289 συγγένειαν
941 2263 985 2289 γι-

199 2301 316 2335 νομένην
341 2300 409 2336 πρὸς
439 2299 582 2335 Ἀϐραὰμ,
598 2300 783 2335 Εὐαγγέλιον
809 2300 939 2327 ἐκάλεσεν
971 2301 987 2336 ἡ

198 2346 304 2382 Γραφή.

235 2412 243 2428 ‹
264 2403 325 2429 Ὀτι
347 2402 606 2438 ἐνευλογηθήσονται
629 2403 657 2428 ὲν
682 2401 723 2428 σο¹ι
745 2402 835 2429 πάντα
855 2403 889 2430 τὰ
909 2402 984 2438 ἔθνη.

197 2449 280 2475 Ὥστε
303 2450 327 2475 oi
352 2450 384 2476 ἐκ
414 2449 531 2481 πίστεως
557 2449 732 2483 εὐλογοῦνται
762 2449 810 2476 σὺν
837 2448 875 2484 τῷ
898 2449 986 2485 πιστῷ

203 2495 341 2530 Ἁϐραάμ.
363 2505 372 2521 ι

233 2553 283 2580 Διὰ
300 2552 351 2588 τῆς
365 2553 461 2589 ὁμοίας
474 2553 603 2586 πίστεως.

237 2618 246 2635 c
268 2609 347 2636 Ὂσοι
357 2609 413 2644 γὰρ
427 2610 456 2643 ἐξ
480 2610 568 2646 ἔργων
590 2611 672 2645 νόμου
693 2611 762 2638 εἰσὶν
775 2631 783 2643 ,
799 2611 851 2638 ὑπὸ
868 2611 990 2647 κατάραν

196 2655 274 2682 εἰσιν.
287 2655 446 2691 Γέγραπται
456 2656 575 2692 γὰρ,ὅτι
591 2657 807 2693 Ἐπικατάρατος
822 2659 875 2689 πᾶς
891 2658 920 2690 ὃς
936 2658 986 2686 οὐκ

198 2702 313 2738 ἐμμένει
337 2703 405 2730 πᾶσι
418 2704 473 2735 τοῖς
498 2704 701 2740 γεγραμμένοις
714 2705 743 2731 ἐν
761 2704 800 2739 τῷ
822 2704 917 2740 βιϐλίῳ
939 2705 985 2732 τοῦ

197 2748 280 2784 νόμου
290 2749 338 2776 τοῦ
351 2750 463 2785 ποιῆσαι
477 2751 557 2779 αὑτά.
580 2761 588 2778 ι

233 2806 328 2840 Δείξας
342 2807 380 2840 ὼς
394 2809 411 2844 ἠ
429 2809 521 2841 πίστις
546 2809 581 2836 τὰ
606 2809 668 2844 ἔθνη
691 2810 798 2843 δικαιοῖ,
816 2811 863 2837 καὶ
890 2811 985 2837 τούτου

199 2853 352 2889 μαρτυρίαν
375 2854 407 2882 ἐκ
421 2855 469 2890 τῆς
491 2854 568 2887 θείας
590 2855 700 2891 Γραφῆς
726 2856 867 2889 δεδωκὼς,
882 2856 986 2884 δείκνυ-

1044 1574 1063 1601 ii
1080 1577 1145 1602 sunt
1158 1572 1204 1599 ﬁlii
1221 1571 1348 1599 Abrahae.
1364 1580 1373 1597 ι

1077 1617 1203 1646 Ostendit
1225 1617 1347 1653 gentiles
1367 1615 1553 1643 Abrahamum
1568 1614 1622 1642 sibi
1646 1614 1747 1649 potiori
1774 1613 1838 1648 jure

1041 1668 1180 1700 parentem
1204 1664 1311 1690 ratione
1338 1661 1401 1690 ﬁdei
1427 1661 1586 1693 vindicare,
1614 1668 1697 1696 quam
1724 1659 1771 1695 qui
1803 1667 1836 1687 ex

1040 1710 1255 1738 circumcisione
1274 1712 1379 1736 essent.
1402 1707 1602 1742 Fides'quippe
1615 1705 1752 1734 Abraham
1769 1705 1837 1732 ami-

1039 1764 1102 1784 cum
1119 1755 1183 1784 fecit
1201 1754 1260 1788 Dei,
1275 1761 1331 1782 non
1347 1752 1534 1781 circumcisio.
1555 1751 1698 1787 Siquidem
1716 1751 1837 1779 circum-

1039 1802 1108 1830 cisio
1124 1801 1299 1837 signaculum
1315 1804 1342 1827 et
1357 1803 1423 1827 nota
1439 1798 1502 1826 ﬁdei
1513 1798 1619 1826 exstitit
1635 1807 1642 1825 :
1658 1802 1722 1825 nota
1745 1800 1836 1823 autem

1039 1847 1131 1875 minor
1144 1850 1186 1874 est
1198 1853 1232 1874 eo
1247 1845 1329 1881 cujus
1343 1850 1386 1873 est
1407 1849 1472 1872 nota
1490 1852 1498 1872 :
1519 1843 1651 1879 quocirca
1665 1843 1712 1878 qui
1734 1850 1768 1870 ex
1784 1842 1837 1870 ﬁde

1039 1896 1111 1924 sunt,
1128 1891 1233 1919 rectius
1247 1889 1422 1926 appellentur
1435 1888 1586 1916 Abrahami
1602 1887 1661 1920 ﬁlii,
1684 1894 1766 1922 quam
1789 1887 1837 1922 qui

1039 1946 1071 1966 ex
1084 1936 1297 1965 circumcisione
1311 1944 1318 1963 :
1334 1942 1368 1962 eo
1385 1935 1473 1970 magis
1486 1933 1559 1969 quod
1580 1941 1679 1962 aurum
1693 1933 1837 1968 signaculo

1039 1991 1090 2011 suo
1100 1982 1248 2019 pretiosius
1259 1985 1311 2009 est.

1074 2029 1158 2057 Vens.
1182 2028 1210 2056 8.
1237 2036 1247 2054 ι
1272 2026 1425 2055 Providens
1451 2024 1607 2060 Scriptura,
1637 2032 1703 2059 quia
1725 2033 1757 2052 ex
1785 2024 1837 2052 ﬁde

1036 2073 1170 2110 justiﬁcat
1184 2076 1281 2108 gentes
1297 2070 1379 2098 Deus.
1399 2079 1409 2097 ›

1073 2119 1112 2148 Nc
1140 2119 1265 2147 videatur
1292 2116 1582 2153 argumentationibus
1613 2115 1666 2143 hoc
1699 2120 1834 2150 astruere,

1040 2165 1209 2200 Scripturam
1225 2171 1336 2200 quoque
1351 2167 1448 2190 testem
1463 2162 1585 2190 adducit.

1002 2224 1024 2252 ι)
1077 2222 1086 2239 ε
1107 2211 1304 2240 Ρτκιιιιηιίιιιείι
1316 2209 1442 2237 Abrahae.
1463 2218 1472 2235 ι

1074 2258 1183 2286 Vidcsis
1203 2256 1341 2293 quomodo
1371 2255 1516 2291 Scriptura
1541 2259 1682 2292 peractam
1712 2255 1834 2291 gentium

1038 2313 1101 2333 cum
1120 2304 1257 2334 Abraham
1275 2302 1559 2338 consauguinitatem,
1581 2302 1759 2337 Εὐαγγέλιον,
1776 2302 1835 2330 sive

1037 2353 1139 2380 bonum
1161 2351 1291 2378 nuntium
1306 2349 1427 2377 vocavit.

1074 2416 1083 2432 ‹
1103 2405 1171 2439 Quia
1184 2405 1382 2433 benedicentur
1405 2404 1433 2431 iu
1449 2407 1476 2431 te
1497 2411 1594 2431 omnes
1613 2406 1717 2438 gentes.
1737 2400 1822 2438 [Vens

1036 2453 1076 2490 9.]
1092 2453 1178 2488 lgitur
1189 2452 1237 2488 qui
1249 2460 1283 2480 ex
1296 2451 1348 2479 ﬁde
1364 2455 1439 2484 sunt,
1459 2449 1659 2478 benedicentur
1676 2455 1740 2475 cum
1762 2445 1836 2475 ﬁdeli

1038 2500 1184 2527 Abraham.
1205 2508 1213 2524 ι

1073 2555 1114 2582 Oli
1129 2554 1300 2583 consimilem
1319 2553 1410 2580 ﬁdem.
1679 2585 1684 2589 _

1076 2611 1157 2639 Vitas.
1179 2611 1222 2638 10.
1246 2620 1255 2635 ε
1273 2609 1437 2643 Quicunque
1456 2607 1529 2635 enim
1545 2614 1579 2635 ex
1605 2606 1735 2642 operibus
1765 2606 1832 2641 legis

1039 2661 1116 2693 sunt,
1131 2657 1181 2685 sub
1199 2656 1344 2684 maledicto
1361 2658 1434 2682 sunt.
1448 2654 1587 2689 Scriptum
1597 2657 1639 2681 est
1651 2653 1740 2681 enim:
1751 2652 1832 2681 Male-

1039 2705 1129 2733 dictus
1143 2704 1233 2731 omnis
1249 2703 1295 2738 qui
1308 2709 1363 2730 non
1380 2702 1567 2737 permanserit
1583 2702 1610 2729 in
1626 2700 1755 2729 omnibus
1772 2707 1833 2736 qua)

1040 2752 1141 2786 scripta
1162 2754 1225 2777 sunt
1246 2750 1272 2777 in
1295 2749 1364 2776 libro
1379 2749 1458 2782 legis,
1472 2752 1503 2776 ut
1523 2748 1605 2777 faciat
1619 2755 1662 2776 ea.
1678 2756 1688 2773 ν

1075 2806 1225 2840 Postquam
1246 2805 1371 2840 probavit
1399 2813 1446 2841 per
1475 2805 1556 2833 ﬁdem
1573 2808 1668 2841 gentes
1695 2803 1829 2840 justitiam

1043 2852 1120 2889 165
1136 2852 1262 2888 adipisci,
1282 2851 1397 2888 ejusque
1417 2853 1457 2881 rei
1480 2851 1668 2880 testimonium
1688 2859 1720 2879 cx
1751 2850 1827 2879 Seri-
