  <div class='ocr_page' id='page_1' title='image "/cluster/home/n/w/nwhite01/storage/ocr_20150623/95/njp.32101077772844/405.png"; bbox 0 0 2078 3116; ppageno 0'>
   <div class='ocr_carea' id='block_1_1' title="bbox 239 156 289 188">
    <p class='ocr_par' dir='ltr' id='par_1_1' title="bbox 239 156 289 188">
     <span class='ocr_line' id='line_1_1' title="bbox 239 156 289 188; baseline -0.02 0"><span class='ocrx_word' id='word_1_1' title='bbox 239 156 289 188; x_wconf 77' lang='lat'><strong>795</strong></span> 
     </span>
    </p>
   </div>
   <div class='ocr_carea' id='block_1_2' title="bbox 838 147 1283 181">
    <p class='ocr_par' dir='ltr' id='par_1_2' title="bbox 838 147 1283 181">
     <span class='ocr_line' id='line_1_2' title="bbox 838 147 1283 181; baseline -0.009 0"><span class='ocrx_word' id='word_1_2' title='bbox 838 151 869 180; x_wconf 90' lang='lat' dir='ltr'><strong>S.</strong></span> <span class='ocrx_word' id='word_1_3' title='bbox 890 148 1050 181; x_wconf 67' lang='lat' dir='ltr'><strong>JOANNIS</strong></span> <span class='ocrx_word' id='word_1_4' title='bbox 1070 147 1283 178; x_wconf 75' lang='lat' dir='ltr'><strong>DAMASCENI</strong></span> 
     </span>
    </p>
   </div>
   <div class='ocr_carea' id='block_1_3' title="bbox 1814 143 1868 175">
    <p class='ocr_par' dir='ltr' id='par_1_3' title="bbox 1814 143 1868 175">
     <span class='ocr_line' id='line_1_3' title="bbox 1814 143 1868 175; baseline 0.037 -2"><span class='ocrx_word' id='word_1_5' title='bbox 1814 143 1868 175; x_wconf 79' lang='lat'><strong>796</strong></span> 
     </span>
    </p>
   </div>
   <div class='ocr_carea' id='block_1_4' title="bbox 237 196 1036 246">
    <p class='ocr_par' dir='ltr' id='par_1_4' title="bbox 237 204 1029 246">
     <span class='ocr_line' id='line_1_4' title="bbox 237 204 1029 246; baseline -0.005 -10"><span class='ocrx_word' id='word_1_6' title='bbox 237 213 318 246; x_wconf 91' lang='lat' dir='ltr'><strong>ptura</strong></span> <span class='ocrx_word' id='word_1_7' title='bbox 342 207 465 243; x_wconf 84' lang='lat' dir='ltr'><strong>protulit,</strong></span> <span class='ocrx_word' id='word_1_8' title='bbox 491 205 614 234; x_wconf 86' lang='lat' dir='ltr'><strong>ostendit</strong></span> <span class='ocrx_word' id='word_1_9' title='bbox 640 205 754 240; x_wconf 90' lang='lat' dir='ltr'><strong>insupcr</strong></span> <span class='ocrx_word' id='word_1_10' title='bbox 780 204 943 232; x_wconf 83' lang='lat' dir='ltr'><strong>maledictos</strong></span> <span class='ocrx_word' id='word_1_11' title='bbox 967 211 1029 232; x_wconf 90' lang='lat' dir='ltr'><strong>esse</strong></span> 
     </span>
    </p>
   </div>
   <div class='ocr_carea' id='block_1_5' title="bbox 1085 196 1869 246">
    <p class='ocr_par' dir='ltr' id='par_1_5' title="bbox 1085 196 1869 237">
     <span class='ocr_line' id='line_1_5' title="bbox 1085 196 1869 237; baseline -0.01 -6"><span class='ocrx_word' id='word_1_12' title='bbox 1085 211 1121 230; x_wconf 71' lang='grc' dir='ltr'><strong>τιν</strong></span> <span class='ocrx_word' id='word_1_13' title='bbox 1145 203 1183 235; x_wconf 78' lang='grc' dir='ltr'><strong>ὡς</strong></span> <span class='ocrx_word' id='word_1_14' title='bbox 1199 203 1246 230; x_wconf 74' lang='grc' dir='ltr'><strong>καὶ</strong></span> <span class='ocrx_word' id='word_1_15' title='bbox 1272 201 1422 237; x_wconf 80' lang='grc' dir='ltr'><strong>κατάρατοι</strong></span> <span class='ocrx_word' id='word_1_16' title='bbox 1452 199 1572 234; x_wconf 82' lang='grc' dir='ltr'>γίνονται</span> <span class='ocrx_word' id='word_1_17' title='bbox 1593 198 1616 224; x_wconf 74' lang='lat' dir='ltr'><strong>oi</strong></span> <span class='ocrx_word' id='word_1_18' title='bbox 1643 196 1809 232; x_wconf 69' lang='grc' dir='ltr'><strong>ἐμμένοντες</strong></span> <span class='ocrx_word' id='word_1_19' title='bbox 1828 198 1869 233; x_wconf 83' lang='grc' dir='ltr'>τῷ</span> 
     </span>
    </p>
   </div>
   <div class='ocr_carea' id='block_1_6' title="bbox 236 251 766 292">
    <p class='ocr_par' dir='ltr' id='par_1_6' title="bbox 236 251 766 292">
     <span class='ocr_line' id='line_1_6' title="bbox 236 251 766 292; baseline -0.009 -8"><span class='ocrx_word' id='word_1_20' title='bbox 236 256 284 292; x_wconf 82' lang='lat' dir='ltr'><strong>qui</strong></span> <span class='ocrx_word' id='word_1_21' title='bbox 299 254 352 291; x_wconf 82' lang='lat' dir='ltr'><strong>legi</strong></span> <span class='ocrx_word' id='word_1_22' title='bbox 369 252 545 290; x_wconf 69' lang='lat' dir='ltr'><strong>pertinaciter</strong></span> <span class='ocrx_word' id='word_1_23' title='bbox 564 251 766 280; x_wconf 57' lang='lat' dir='ltr'><strong>adhaerescunt.</strong></span> 
     </span>
    </p>
   </div>
   <div class='ocr_carea' id='block_1_7' title="bbox 276 297 1027 332">
    <p class='ocr_par' dir='ltr' id='par_1_7' title="bbox 276 297 1027 332">
     <span class='ocr_line' id='line_1_7' title="bbox 276 297 1027 332; baseline -0.007 -3"><span class='ocrx_word' id='word_1_24' title='bbox 276 302 359 330; x_wconf 80' lang='lat' dir='ltr'><strong>Vsus.</strong></span> <span class='ocrx_word' id='word_1_25' title='bbox 383 300 427 331; x_wconf 87' lang='lat' dir='ltr'><strong>ll,</strong></span> <span class='ocrx_word' id='word_1_26' title='bbox 445 299 488 326; x_wconf 72' lang='grc' dir='ltr'>ιε.</span> <span class='ocrx_word' id='word_1_27' title='bbox 517 308 527 325; x_wconf 77' lang='grc' dir='ltr'><strong>ι</strong></span> <span class='ocrx_word' id='word_1_28' title='bbox 541 298 675 332; x_wconf 81' lang='lat' dir='ltr'><strong>Quoniam</strong></span> <span class='ocrx_word' id='word_1_29' title='bbox 701 303 792 326; x_wconf 83' lang='lat' dir='ltr'><strong>autem</strong></span> <span class='ocrx_word' id='word_1_30' title='bbox 817 298 845 325; x_wconf 79' lang='lat' dir='ltr'><strong>in</strong></span> <span class='ocrx_word' id='word_1_31' title='bbox 866 297 924 332; x_wconf 78' lang='lat' dir='ltr'><strong>lege</strong></span> <span class='ocrx_word' id='word_1_32' title='bbox 947 304 1027 324; x_wconf 87' lang='lat' dir='ltr'><strong>nemo</strong></span> 
     </span>
    </p>
   </div>
   <div class='ocr_carea' id='block_1_8' title="bbox 237 342 1027 388">
    <p class='ocr_par' dir='ltr' id='par_1_8' title="bbox 237 342 1027 388">
     <span class='ocr_line' id='line_1_8' title="bbox 237 342 1027 388; baseline -0.004 -15"><span class='ocrx_word' id='word_1_33' title='bbox 237 346 403 388; x_wconf 73' lang='lat' dir='ltr'><strong>iustificetur</strong></span> <span class='ocrx_word' id='word_1_34' title='bbox 419 342 491 379; x_wconf 88' lang='lat' dir='ltr'><strong>apud</strong></span> <span class='ocrx_word' id='word_1_35' title='bbox 507 342 603 375; x_wconf 86' lang='lat' dir='ltr'><strong>Deum,</strong></span> <span class='ocrx_word' id='word_1_36' title='bbox 618 342 792 371; x_wconf 76' lang='lat' dir='ltr'><strong>manifestum</strong></span> <span class='ocrx_word' id='word_1_37' title='bbox 802 349 844 371; x_wconf 88' lang='lat' dir='ltr'><strong>est</strong></span> <span class='ocrx_word' id='word_1_38' title='bbox 857 343 924 379; x_wconf 82' lang='lat' dir='ltr'><strong>quia</strong></span> <span class='ocrx_word' id='word_1_39' title='bbox 935 343 1027 378; x_wconf 86' lang='lat' dir='ltr'><strong>justus</strong></span> 
     </span>
    </p>
   </div>
   <div class='ocr_carea' id='block_1_9' title="bbox 238 386 1027 422">
    <p class='ocr_par' dir='ltr' id='par_1_9' title="bbox 238 386 1027 422">
     <span class='ocr_line' id='line_1_9' title="bbox 238 386 1027 422; baseline -0.008 -3"><span class='ocrx_word' id='word_1_40' title='bbox 238 400 271 419; x_wconf 78' lang='lat' dir='ltr'><strong>ex</strong></span> <span class='ocrx_word' id='word_1_41' title='bbox 290 390 342 418; x_wconf 85' lang='lat' dir='ltr'><strong>ﬁde</strong></span> <span class='ocrx_word' id='word_1_42' title='bbox 360 386 440 416; x_wconf 82' lang='lat' dir='ltr'><strong>vivet.</strong></span> <span class='ocrx_word' id='word_1_43' title='bbox 456 388 511 416; x_wconf 81' lang='lat' dir='ltr'><strong>Lex</strong></span> <span class='ocrx_word' id='word_1_44' title='bbox 528 393 619 415; x_wconf 89' lang='lat' dir='ltr'><strong>autem</strong></span> <span class='ocrx_word' id='word_1_45' title='bbox 634 395 689 415; x_wconf 92' lang='lat' dir='ltr'><strong>non</strong></span> <span class='ocrx_word' id='word_1_46' title='bbox 705 391 749 416; x_wconf 84' lang='lat' dir='ltr'><strong>est</strong></span> <span class='ocrx_word' id='word_1_47' title='bbox 760 395 795 415; x_wconf 76' lang='lat' dir='ltr'><strong>ex</strong></span> <span class='ocrx_word' id='word_1_48' title='bbox 805 387 858 416; x_wconf 87' lang='lat' dir='ltr'><strong>lide</strong></span> <span class='ocrx_word' id='word_1_49' title='bbox 872 397 879 416; x_wconf 88' lang='lat'><strong>:</strong></span> <span class='ocrx_word' id='word_1_50' title='bbox 899 387 948 415; x_wconf 87' lang='lat' dir='ltr'><strong>sed</strong></span> <span class='ocrx_word' id='word_1_51' title='bbox 980 386 1027 422; x_wconf 88' lang='lat' dir='ltr'><strong>qui</strong></span> 
     </span>
    </p>
   </div>
   <div class='ocr_carea' id='block_1_10' title="bbox 213 432 635 467">
    <p class='ocr_par' dir='ltr' id='par_1_10' title="bbox 213 432 635 467">
     <span class='ocr_line' id='line_1_10' title="bbox 213 432 635 467; baseline -0.012 -3"><span class='ocrx_word' id='word_1_52' title='bbox 213 432 217 434; x_wconf 18' lang='grc' dir='ltr'><strong><em>Ὗ</em></strong></span> <span class='ocrx_word' id='word_1_53' title='bbox 239 435 336 464; x_wconf 85' lang='lat' dir='ltr'><strong>fecerit</strong></span> <span class='ocrx_word' id='word_1_54' title='bbox 351 441 396 467; x_wconf 82' lang='lat' dir='ltr'><strong>ea,</strong></span> <span class='ocrx_word' id='word_1_55' title='bbox 413 434 487 462; x_wconf 90' lang='lat' dir='ltr'><strong>vivet</strong></span> <span class='ocrx_word' id='word_1_56' title='bbox 500 433 528 461; x_wconf 93' lang='lat' dir='ltr'><strong>in</strong></span> <span class='ocrx_word' id='word_1_57' title='bbox 546 433 610 461; x_wconf 89' lang='lat' dir='ltr'><strong>illis.</strong></span> <span class='ocrx_word' id='word_1_58' title='bbox 626 439 635 458; x_wconf 77' lang='grc' dir='ltr'><strong>ι</strong></span> 
     </span>
    </p>
   </div>
   <div class='ocr_carea' id='block_1_11' title="bbox 274 477 1028 513">
    <p class='ocr_par' dir='ltr' id='par_1_11' title="bbox 274 477 1028 513">
     <span class='ocr_line' id='line_1_11' title="bbox 274 477 1028 513; baseline -0.004 -6"><span class='ocrx_word' id='word_1_59' title='bbox 274 480 332 507; x_wconf 84' lang='lat' dir='ltr'><strong>Hoc</strong></span> <span class='ocrx_word' id='word_1_60' title='bbox 349 485 398 507; x_wconf 87' lang='lat' dir='ltr'><strong>ceu</strong></span> <span class='ocrx_word' id='word_1_61' title='bbox 412 481 503 506; x_wconf 82' lang='lat' dir='ltr'><strong>ratum</strong></span> <span class='ocrx_word' id='word_1_62' title='bbox 529 477 694 513; x_wconf 85' lang='lat' dir='ltr'><strong>firmumque</strong></span> <span class='ocrx_word' id='word_1_63' title='bbox 713 478 824 509; x_wconf 88' lang='lat' dir='ltr'><strong>statuit.</strong></span> <span class='ocrx_word' id='word_1_64' title='bbox 840 478 980 505; x_wconf 86' lang='lat' dir='ltr'><strong>neminem</strong></span> <span class='ocrx_word' id='word_1_65' title='bbox 1000 477 1028 504; x_wconf 87' lang='lat' dir='ltr'><strong>in</strong></span> 
     </span>
    </p>
   </div>
   <div class='ocr_carea' id='block_1_12' title="bbox 239 523 1030 561">
    <p class='ocr_par' dir='ltr' id='par_1_12' title="bbox 239 523 1030 561">
     <span class='ocr_line' id='line_1_12' title="bbox 239 523 1030 561; baseline -0.005 -8"><span class='ocrx_word' id='word_1_66' title='bbox 239 526 299 561; x_wconf 81' lang='lat' dir='ltr'><strong>lege</strong></span> <span class='ocrx_word' id='word_1_67' title='bbox 311 524 418 560; x_wconf 77' lang='lat' dir='ltr'><strong>justum</strong></span> <span class='ocrx_word' id='word_1_68' title='bbox 433 523 561 553; x_wconf 79' lang='lat' dir='ltr'><strong>evadere.</strong></span> <span class='ocrx_word' id='word_1_69' title='bbox 582 523 652 551; x_wconf 89' lang='lat' dir='ltr'><strong>Cum</strong></span> <span class='ocrx_word' id='word_1_70' title='bbox 668 523 741 551; x_wconf 93' lang='lat' dir='ltr'><strong>enim</strong></span> <span class='ocrx_word' id='word_1_71' title='bbox 757 523 889 558; x_wconf 69' lang='lat' dir='ltr'><strong>prmfatus</strong></span> <span class='ocrx_word' id='word_1_72' title='bbox 906 523 954 555; x_wconf 87' lang='lat' dir='ltr'><strong>sit,</strong></span> <span class='ocrx_word' id='word_1_73' title='bbox 972 530 1030 549; x_wconf 83' lang='lat' dir='ltr'><strong>ma-</strong></span> 
     </span>
    </p>
   </div>
   <div class='ocr_carea' id='block_1_13' title="bbox 239 567 1030 604">
    <p class='ocr_par' dir='ltr' id='par_1_13' title="bbox 239 567 1030 604">
     <span class='ocr_line' id='line_1_13' title="bbox 239 567 1030 604; baseline -0.006 -6"><span class='ocrx_word' id='word_1_74' title='bbox 239 570 369 598; x_wconf 84' lang='lat' dir='ltr'><strong>ledictum</strong></span> <span class='ocrx_word' id='word_1_75' title='bbox 395 576 457 597; x_wconf 79' lang='lat' dir='ltr'><strong>esse</strong></span> <span class='ocrx_word' id='word_1_76' title='bbox 475 568 634 604; x_wconf 82' lang='lat' dir='ltr'><strong>quicunque</strong></span> <span class='ocrx_word' id='word_1_77' title='bbox 649 571 734 594; x_wconf 80' lang='lat' dir='ltr'><strong>totam</strong></span> <span class='ocrx_word' id='word_1_78' title='bbox 751 567 838 603; x_wconf 88' lang='lat' dir='ltr'><strong>legem</strong></span> <span class='ocrx_word' id='word_1_79' title='bbox 860 574 914 594; x_wconf 92' lang='lat' dir='ltr'><strong>non</strong></span> <span class='ocrx_word' id='word_1_80' title='bbox 932 567 1030 602; x_wconf 85' lang='lat' dir='ltr'><strong>imple-</strong></span> 
     </span>
    </p>
   </div>
   <div class='ocr_carea' id='block_1_14' title="bbox 241 612 1030 649">
    <p class='ocr_par' dir='ltr' id='par_1_14' title="bbox 241 612 1030 649">
     <span class='ocr_line' id='line_1_14' title="bbox 241 612 1030 649; baseline -0.006 -5"><span class='ocrx_word' id='word_1_81' title='bbox 241 616 320 649; x_wconf 80' lang='lat' dir='ltr'><strong>verit,</strong></span> <span class='ocrx_word' id='word_1_82' title='bbox 335 622 386 643; x_wconf 89' lang='lat' dir='ltr'><strong>nec</strong></span> <span class='ocrx_word' id='word_1_83' title='bbox 400 614 459 642; x_wconf 85' lang='lat' dir='ltr'><strong>ﬁeri</strong></span> <span class='ocrx_word' id='word_1_84' title='bbox 484 621 568 649; x_wconf 87' lang='lat' dir='ltr'><strong>posse</strong></span> <span class='ocrx_word' id='word_1_85' title='bbox 585 618 615 641; x_wconf 91' lang='lat' dir='ltr'><strong>ut</strong></span> <span class='ocrx_word' id='word_1_86' title='bbox 630 614 700 641; x_wconf 85' lang='lat' dir='ltr'><strong>hanc</strong></span> <span class='ocrx_word' id='word_1_87' title='bbox 723 613 834 649; x_wconf 79' lang='lat' dir='ltr'><strong>impleat</strong></span> <span class='ocrx_word' id='word_1_88' title='bbox 863 613 962 646; x_wconf 84' lang='lat' dir='ltr'><strong>homo;</strong></span> <span class='ocrx_word' id='word_1_89' title='bbox 988 612 1030 639; x_wconf 86' lang='lat' dir='ltr'><strong>id-</strong></span> 
     </span>
    </p>
   </div>
   <div class='ocr_carea' id='block_1_15' title="bbox 238 659 865 695">
    <p class='ocr_par' dir='ltr' id='par_1_15' title="bbox 238 659 865 695">
     <span class='ocr_line' id='line_1_15' title="bbox 238 659 865 695; baseline -0.003 -7"><span class='ocrx_word' id='word_1_90' title='bbox 238 662 314 692; x_wconf 87' lang='lat' dir='ltr'><strong>circo</strong></span> <span class='ocrx_word' id='word_1_91' title='bbox 332 661 463 688; x_wconf 82' lang='lat' dir='ltr'><strong>audacter</strong></span> <span class='ocrx_word' id='word_1_92' title='bbox 475 659 638 688; x_wconf 87' lang='lat' dir='ltr'><strong>sententiam</strong></span> <span class='ocrx_word' id='word_1_93' title='bbox 653 659 841 695; x_wconf 80' lang='lat' dir='ltr'><strong>pronuntiavit</strong></span> <span class='ocrx_word' id='word_1_94' title='bbox 857 667 865 686; x_wconf 91' lang='lat'><strong>:</strong></span> 
     </span>
    </p>
   </div>
   <div class='ocr_carea' id='block_1_16' title="bbox 277 704 1032 735">
    <p class='ocr_par' dir='ltr' id='par_1_16' title="bbox 277 704 1032 735">
     <span class='ocr_line' id='line_1_16' title="bbox 277 704 1032 735; baseline -0.004 -1"><span class='ocrx_word' id='word_1_95' title='bbox 277 707 360 735; x_wconf 74' lang='lat' dir='ltr'><strong>Vsus.</strong></span> <span class='ocrx_word' id='word_1_96' title='bbox 385 707 431 734; x_wconf 77' lang='lat' dir='ltr'><strong>l5.</strong></span> <span class='ocrx_word' id='word_1_97' title='bbox 453 716 463 733; x_wconf 81' lang='grc' dir='ltr'><strong>ι</strong></span> <span class='ocrx_word' id='word_1_98' title='bbox 483 706 612 734; x_wconf 81' lang='lat' dir='ltr'><strong>Christus</strong></span> <span class='ocrx_word' id='word_1_99' title='bbox 628 713 679 734; x_wconf 92' lang='lat' dir='ltr'><strong>nos</strong></span> <span class='ocrx_word' id='word_1_100' title='bbox 705 705 821 733; x_wconf 85' lang='lat' dir='ltr'><strong>redemit</strong></span> <span class='ocrx_word' id='word_1_101' title='bbox 836 706 869 733; x_wconf 90' lang='lat' dir='ltr'><strong>de</strong></span> <span class='ocrx_word' id='word_1_102' title='bbox 884 704 1032 732; x_wconf 88' lang='lat' dir='ltr'><strong>maledicto</strong></span> 
     </span>
    </p>
   </div>
   <div class='ocr_carea' id='block_1_17' title="bbox 242 750 1031 790">
    <p class='ocr_par' dir='ltr' id='par_1_17' title="bbox 242 750 1031 790">
     <span class='ocr_line' id='line_1_17' title="bbox 242 750 1031 790; baseline -0.005 -10"><span class='ocrx_word' id='word_1_103' title='bbox 242 754 320 790; x_wconf 79' lang='lat' dir='ltr'><strong>tegis,</strong></span> <span class='ocrx_word' id='word_1_104' title='bbox 335 753 425 781; x_wconf 78' lang='lat' dir='ltr'><strong>tactus</strong></span> <span class='ocrx_word' id='word_1_105' title='bbox 443 758 492 787; x_wconf 83' lang='lat' dir='ltr'><strong>pro</strong></span> <span class='ocrx_word' id='word_1_106' title='bbox 507 752 590 780; x_wconf 86' lang='lat' dir='ltr'><strong>nobis</strong></span> <span class='ocrx_word' id='word_1_107' title='bbox 603 752 778 779; x_wconf 74' lang='lat' dir='ltr'><strong>maledictum</strong></span> <span class='ocrx_word' id='word_1_108' title='bbox 796 760 802 778; x_wconf 93' lang='lat'><strong>:</strong></span> <span class='ocrx_word' id='word_1_109' title='bbox 817 751 882 786; x_wconf 83' lang='lat' dir='ltr'><strong>quia</strong></span> <span class='ocrx_word' id='word_1_110' title='bbox 897 750 1031 784; x_wconf 89' lang='lat' dir='ltr'><strong>scriptum</strong></span> 
     </span>
    </p>
   </div>
   <div class='ocr_carea' id='block_1_18' title="bbox 241 796 946 832">
    <p class='ocr_par' dir='ltr' id='par_1_18' title="bbox 241 796 946 832">
     <span class='ocr_line' id='line_1_18' title="bbox 241 796 946 832; baseline -0.006 -6"><span class='ocrx_word' id='word_1_111' title='bbox 241 802 284 827; x_wconf 83' lang='lat' dir='ltr'><strong>est</strong></span> <span class='ocrx_word' id='word_1_112' title='bbox 301 807 308 826; x_wconf 77' lang='grc' dir='ltr'><strong>ι</strong></span> <span class='ocrx_word' id='word_1_113' title='bbox 326 797 487 825; x_wconf 81' lang='lat' dir='ltr'><strong>Maledictus</strong></span> <span class='ocrx_word' id='word_1_114' title='bbox 504 797 594 825; x_wconf 88' lang='lat' dir='ltr'><strong>omnis</strong></span> <span class='ocrx_word' id='word_1_115' title='bbox 609 797 654 832; x_wconf 90' lang='lat' dir='ltr'><strong>qui</strong></span> <span class='ocrx_word' id='word_1_116' title='bbox 671 796 770 832; x_wconf 87' lang='lat' dir='ltr'><strong>pendet</strong></span> <span class='ocrx_word' id='word_1_117' title='bbox 787 796 815 824; x_wconf 91' lang='lat' dir='ltr'><strong>in</strong></span> <span class='ocrx_word' id='word_1_118' title='bbox 837 796 921 832; x_wconf 85' lang='lat' dir='ltr'><strong>ligno.</strong></span> <span class='ocrx_word' id='word_1_119' title='bbox 936 805 946 822; x_wconf 73' lang='grc' dir='ltr'><strong>ι</strong></span> 
     </span>
    </p>
   </div>
   <div class='ocr_carea' id='block_1_19' title="bbox 277 870 1068 920">
    <p class='ocr_par' dir='ltr' id='par_1_19' title="bbox 277 870 1068 920">
     <span class='ocr_line' id='line_1_19' title="bbox 277 870 1068 920; baseline -0.006 -6"><span class='ocrx_word' id='word_1_120' title='bbox 277 886 418 914; x_wconf 75' lang='lat' dir='ltr'><strong>Obnosius</strong></span> <span class='ocrx_word' id='word_1_121' title='bbox 444 885 556 920; x_wconf 84' lang='lat' dir='ltr'><strong>quidem</strong></span> <span class='ocrx_word' id='word_1_122' title='bbox 588 884 706 920; x_wconf 75' lang='lat' dir='ltr'><strong>pupulas</strong></span> <span class='ocrx_word' id='word_1_123' title='bbox 732 888 792 911; x_wconf 85' lang='lat' dir='ltr'><strong>erat</strong></span> <span class='ocrx_word' id='word_1_124' title='bbox 822 882 1028 914; x_wconf 79' lang='lat' dir='ltr'><strong>maledictioni,</strong></span> <span class='ocrx_word' id='word_1_125' title='bbox 1044 870 1068 901; x_wconf 72' lang='grc' dir='ltr'><strong>Β</strong></span> 
     </span>
    </p>
   </div>
   <div class='ocr_carea' id='block_1_20' title="bbox 242 927 1029 968">
    <p class='ocr_par' dir='ltr' id='par_1_20' title="bbox 242 927 1029 968">
     <span class='ocr_line' id='line_1_20' title="bbox 242 927 1029 968; baseline -0.006 -8"><span class='ocrx_word' id='word_1_126' title='bbox 242 940 297 968; x_wconf 88' lang='lat' dir='ltr'><strong>qua</strong></span> <span class='ocrx_word' id='word_1_127' title='bbox 312 931 549 960; x_wconf 85' lang='lat' dir='ltr'><strong>condemnabatur</strong></span> <span class='ocrx_word' id='word_1_128' title='bbox 574 929 701 965; x_wconf 88' lang='lat' dir='ltr'><strong>quisquis</strong></span> <span class='ocrx_word' id='word_1_129' title='bbox 724 937 777 956; x_wconf 91' lang='lat' dir='ltr'><strong>non</strong></span> <span class='ocrx_word' id='word_1_130' title='bbox 799 932 973 964; x_wconf 86' lang='lat' dir='ltr'><strong>permaneret</strong></span> <span class='ocrx_word' id='word_1_131' title='bbox 1000 927 1029 955; x_wconf 91' lang='lat' dir='ltr'><strong>in</strong></span> 
     </span>
    </p>
   </div>
   <div class='ocr_carea' id='block_1_21' title="bbox 243 973 1027 1013">
    <p class='ocr_par' dir='ltr' id='par_1_21' title="bbox 243 973 1027 1013">
     <span class='ocr_line' id='line_1_21' title="bbox 243 973 1027 1013; baseline -0.008 -7"><span class='ocrx_word' id='word_1_132' title='bbox 243 978 372 1006; x_wconf 86' lang='lat' dir='ltr'><strong>omnibus</strong></span> <span class='ocrx_word' id='word_1_133' title='bbox 400 984 462 1013; x_wconf 64' lang='lat' dir='ltr'><strong>qua:</strong></span> <span class='ocrx_word' id='word_1_134' title='bbox 493 976 600 1011; x_wconf 83' lang='lat' dir='ltr'><strong>scripta</strong></span> <span class='ocrx_word' id='word_1_135' title='bbox 631 979 725 1002; x_wconf 74' lang='lat' dir='ltr'><strong>essent</strong></span> <span class='ocrx_word' id='word_1_136' title='bbox 753 975 781 1001; x_wconf 92' lang='lat' dir='ltr'><strong>ln</strong></span> <span class='ocrx_word' id='word_1_137' title='bbox 810 974 882 1002; x_wconf 88' lang='lat' dir='ltr'><strong>llbro</strong></span> <span class='ocrx_word' id='word_1_138' title='bbox 910 974 979 1009; x_wconf 83' lang='lat' dir='ltr'><strong>legis</strong></span> <span class='ocrx_word' id='word_1_139' title='bbox 993 973 1027 1000; x_wconf 79' lang='lat'><strong>&#39;°.</strong></span> 
     </span>
    </p>
   </div>
   <div class='ocr_carea' id='block_1_22' title="bbox 242 1021 1030 1057">
    <p class='ocr_par' dir='ltr' id='par_1_22' title="bbox 242 1021 1030 1057">
     <span class='ocr_line' id='line_1_22' title="bbox 242 1021 1030 1057; baseline -0.006 -6"><span class='ocrx_word' id='word_1_140' title='bbox 242 1024 369 1051; x_wconf 81' lang='lat' dir='ltr'><strong>Christus</strong></span> <span class='ocrx_word' id='word_1_141' title='bbox 384 1030 448 1050; x_wconf 87' lang='lat' dir='ltr'><strong>vero</strong></span> <span class='ocrx_word' id='word_1_142' title='bbox 474 1021 696 1057; x_wconf 88' lang='lat' dir='ltr'><strong>imprecationem</strong></span> <span class='ocrx_word' id='word_1_143' title='bbox 715 1021 785 1048; x_wconf 89' lang='lat' dir='ltr'><strong>hanc</strong></span> <span class='ocrx_word' id='word_1_144' title='bbox 807 1021 893 1048; x_wconf 83' lang='lat' dir='ltr'><strong>altera</strong></span> <span class='ocrx_word' id='word_1_145' title='bbox 917 1027 1030 1054; x_wconf 84' lang='lat' dir='ltr'><strong>permu-</strong></span> 
     </span>
    </p>
   </div>
   <div class='ocr_carea' id='block_1_23' title="bbox 243 1064 1030 1105">
    <p class='ocr_par' dir='ltr' id='par_1_23' title="bbox 243 1064 1030 1105">
     <span class='ocr_line' id='line_1_23' title="bbox 243 1064 1030 1105; baseline -0.008 -8"><span class='ocrx_word' id='word_1_146' title='bbox 243 1069 321 1102; x_wconf 84' lang='lat' dir='ltr'><strong>tavit,</strong></span> <span class='ocrx_word' id='word_1_147' title='bbox 339 1075 393 1105; x_wconf 81' lang='lat' dir='ltr'><strong>qua</strong></span> <span class='ocrx_word' id='word_1_148' title='bbox 409 1067 550 1096; x_wconf 84' lang='lat' dir='ltr'><strong>ferebatur</strong></span> <span class='ocrx_word' id='word_1_149' title='bbox 565 1076 572 1095; x_wconf 88' lang='lat'>:</span> <span class='ocrx_word' id='word_1_150' title='bbox 592 1066 751 1095; x_wconf 74' lang='lat' dir='ltr'><strong>Maledictus</strong></span> <span class='ocrx_word' id='word_1_151' title='bbox 768 1066 853 1094; x_wconf 75' lang='lat' dir='ltr'><strong>omnis</strong></span> <span class='ocrx_word' id='word_1_152' title='bbox 876 1066 921 1101; x_wconf 86' lang='lat' dir='ltr'><strong>qui</strong></span> <span class='ocrx_word' id='word_1_153' title='bbox 937 1064 1030 1099; x_wconf 74' lang='lat' dir='ltr'><strong>pendet</strong></span> 
     </span>
    </p>
   </div>
   <div class='ocr_carea' id='block_1_24' title="bbox 243 1109 1030 1150">
    <p class='ocr_par' dir='ltr' id='par_1_24' title="bbox 243 1109 1030 1150">
     <span class='ocr_line' id='line_1_24' title="bbox 243 1109 1030 1150; baseline -0.009 -8"><span class='ocrx_word' id='word_1_154' title='bbox 243 1115 271 1142; x_wconf 77' lang='lat' dir='ltr'><strong>in</strong></span> <span class='ocrx_word' id='word_1_155' title='bbox 286 1115 358 1150; x_wconf 80' lang='lat' dir='ltr'><strong>ligno</strong></span> <span class='ocrx_word' id='word_1_156' title='bbox 367 1114 400 1141; x_wconf 85' lang='lat'><strong>“.</strong></span> <span class='ocrx_word' id='word_1_157' title='bbox 417 1113 554 1146; x_wconf 86' lang='lat' dir='ltr'><strong>Quoniam</strong></span> <span class='ocrx_word' id='word_1_158' title='bbox 577 1120 654 1148; x_wconf 80' lang='lat' dir='ltr'><strong>ergo,</strong></span> <span class='ocrx_word' id='word_1_159' title='bbox 675 1116 733 1139; x_wconf 88' lang='lat' dir='ltr'><strong>tum</strong></span> <span class='ocrx_word' id='word_1_160' title='bbox 759 1111 805 1139; x_wconf 85' lang='lat' dir='ltr'><strong>ille</strong></span> <span class='ocrx_word' id='word_1_161' title='bbox 821 1109 868 1146; x_wconf 88' lang='lat' dir='ltr'><strong>qui</strong></span> <span class='ocrx_word' id='word_1_162' title='bbox 885 1110 985 1146; x_wconf 83' lang='lat' dir='ltr'><strong>pendet</strong></span> <span class='ocrx_word' id='word_1_163' title='bbox 1006 1109 1030 1136; x_wconf 88' lang='lat' dir='ltr'><strong>is</strong></span> 
     </span>
    </p>
   </div>
   <div class='ocr_carea' id='block_1_25' title="bbox 244 1157 1030 1193">
    <p class='ocr_par' dir='ltr' id='par_1_25' title="bbox 244 1157 1030 1193">
     <span class='ocr_line' id='line_1_25' title="bbox 244 1157 1030 1193; baseline -0.006 -4"><span class='ocrx_word' id='word_1_164' title='bbox 244 1161 406 1189; x_wconf 68' lang='lat' dir='ltr'><strong>maleilictus</strong></span> <span class='ocrx_word' id='word_1_165' title='bbox 419 1165 472 1191; x_wconf 86' lang='lat' dir='ltr'><strong>est,</strong></span> <span class='ocrx_word' id='word_1_166' title='bbox 489 1163 547 1186; x_wconf 80' lang='lat' dir='ltr'><strong>tum</strong></span> <span class='ocrx_word' id='word_1_167' title='bbox 560 1159 606 1186; x_wconf 86' lang='lat' dir='ltr'><strong>ille</strong></span> <span class='ocrx_word' id='word_1_168' title='bbox 627 1158 673 1193; x_wconf 87' lang='lat' dir='ltr'><strong>qui</strong></span> <span class='ocrx_word' id='word_1_169' title='bbox 686 1158 776 1193; x_wconf 80' lang='lat' dir='ltr'><strong>legem</strong></span> <span class='ocrx_word' id='word_1_170' title='bbox 794 1157 888 1190; x_wconf 81' lang='lat' dir='ltr'><strong>violat,</strong></span> <span class='ocrx_word' id='word_1_171' title='bbox 904 1160 947 1184; x_wconf 84' lang='lat' dir='ltr'><strong>est</strong></span> <span class='ocrx_word' id='word_1_172' title='bbox 960 1164 1030 1191; x_wconf 86' lang='lat' dir='ltr'><strong>quo—</strong></span> 
     </span>
    </p>
   </div>
   <div class='ocr_carea' id='block_1_26' title="bbox 243 1203 1030 1244">
    <p class='ocr_par' dir='ltr' id='par_1_26' title="bbox 243 1203 1030 1244">
     <span class='ocr_line' id='line_1_26' title="bbox 243 1203 1030 1244; baseline -0.008 -9"><span class='ocrx_word' id='word_1_173' title='bbox 243 1215 298 1244; x_wconf 86' lang='lat' dir='ltr'><strong>que</strong></span> <span class='ocrx_word' id='word_1_174' title='bbox 314 1207 496 1239; x_wconf 81' lang='lat' dir='ltr'><strong>maledictus;</strong></span> <span class='ocrx_word' id='word_1_175' title='bbox 517 1212 607 1241; x_wconf 85' lang='lat' dir='ltr'><strong>neque</strong></span> <span class='ocrx_word' id='word_1_176' title='bbox 621 1209 836 1232; x_wconf 80' lang='lat' dir='ltr'><strong>consentaneum</strong></span> <span class='ocrx_word' id='word_1_177' title='bbox 850 1207 921 1236; x_wconf 87' lang='lat' dir='ltr'><strong>erat,</strong></span> <span class='ocrx_word' id='word_1_178' title='bbox 937 1208 968 1230; x_wconf 90' lang='lat' dir='ltr'><strong>ut</strong></span> <span class='ocrx_word' id='word_1_179' title='bbox 983 1203 1030 1237; x_wconf 84' lang='lat' dir='ltr'><strong>qui</strong></span> 
     </span>
    </p>
   </div>
   <div class='ocr_carea' id='block_1_27' title="bbox 244 1248 1031 1283">
    <p class='ocr_par' dir='ltr' id='par_1_27' title="bbox 244 1248 1031 1283">
     <span class='ocr_line' id='line_1_27' title="bbox 244 1248 1031 1283; baseline -0.009 -1"><span class='ocrx_word' id='word_1_180' title='bbox 244 1254 462 1282; x_wconf 74' lang='lat' dir='ltr'><strong>exsecrationem</strong></span> <span class='ocrx_word' id='word_1_181' title='bbox 497 1252 569 1279; x_wconf 84' lang='lat' dir='ltr'><strong>hanc</strong></span> <span class='ocrx_word' id='word_1_182' title='bbox 602 1251 738 1283; x_wconf 81' lang='lat' dir='ltr'><strong>solveret,</strong></span> <span class='ocrx_word' id='word_1_183' title='bbox 767 1249 855 1277; x_wconf 84' lang='lat' dir='ltr'><strong>cidem</strong></span> <span class='ocrx_word' id='word_1_184' title='bbox 888 1248 1031 1282; x_wconf 85' lang='lat' dir='ltr'><strong>subjectus</strong></span> 
     </span>
    </p>
   </div>
   <div class='ocr_carea' id='block_1_28' title="bbox 245 1294 1029 1333">
    <p class='ocr_par' dir='ltr' id='par_1_28' title="bbox 245 1294 1029 1333">
     <span class='ocr_line' id='line_1_28' title="bbox 245 1294 1029 1333; baseline -0.01 -6"><span class='ocrx_word' id='word_1_185' title='bbox 245 1299 338 1328; x_wconf 83' lang='lat' dir='ltr'><strong>foret:</strong></span> <span class='ocrx_word' id='word_1_186' title='bbox 357 1299 405 1327; x_wconf 87' lang='lat' dir='ltr'><strong>sed</strong></span> <span class='ocrx_word' id='word_1_187' title='bbox 433 1298 576 1333; x_wconf 75' lang='lat' dir='ltr'><strong>oportebat</strong></span> <span class='ocrx_word' id='word_1_188' title='bbox 605 1300 636 1324; x_wconf 89' lang='lat' dir='ltr'><strong>ut</strong></span> <span class='ocrx_word' id='word_1_189' title='bbox 656 1295 874 1325; x_wconf 78' lang='lat' dir='ltr'><strong>exsecrationem</strong></span> <span class='ocrx_word' id='word_1_190' title='bbox 899 1294 978 1322; x_wconf 85' lang='lat' dir='ltr'><strong>istam</strong></span> <span class='ocrx_word' id='word_1_191' title='bbox 1002 1294 1029 1320; x_wconf 67' lang='grc' dir='ltr'><strong>ὴ]</strong></span> 
     </span>
    </p>
   </div>
   <div class='ocr_carea' id='block_1_29' title="bbox 246 1340 1031 1380">
    <p class='ocr_par' dir='ltr' id='par_1_29' title="bbox 246 1340 1031 1380">
     <span class='ocr_line' id='line_1_29' title="bbox 246 1340 1031 1380; baseline -0.01 -6"><span class='ocrx_word' id='word_1_192' title='bbox 246 1353 308 1374; x_wconf 85' lang='lat' dir='ltr'><strong>sese</strong></span> <span class='ocrx_word' id='word_1_193' title='bbox 324 1346 458 1380; x_wconf 85' lang='lat' dir='ltr'><strong>reciperet</strong></span> <span class='ocrx_word' id='word_1_194' title='bbox 471 1351 520 1380; x_wconf 82' lang='lat' dir='ltr'><strong>pro</strong></span> <span class='ocrx_word' id='word_1_195' title='bbox 536 1344 633 1376; x_wconf 83' lang='lat' dir='ltr'><strong>altera,</strong></span> <span class='ocrx_word' id='word_1_196' title='bbox 648 1350 702 1378; x_wconf 78' lang='lat' dir='ltr'><strong>qua</strong></span> <span class='ocrx_word' id='word_1_197' title='bbox 717 1343 862 1370; x_wconf 84' lang='lat' dir='ltr'><strong>damnatus</strong></span> <span class='ocrx_word' id='word_1_198' title='bbox 873 1344 931 1368; x_wconf 87' lang='lat' dir='ltr'><strong>erat</strong></span> <span class='ocrx_word' id='word_1_199' title='bbox 941 1340 987 1375; x_wconf 86' lang='lat' dir='ltr'><strong>qui</strong></span> <span class='ocrx_word' id='word_1_200' title='bbox 1003 1340 1031 1367; x_wconf 89' lang='lat' dir='ltr'><strong>in</strong></span> 
     </span>
    </p>
   </div>
   <div class='ocr_carea' id='block_1_30' title="bbox 245 1385 1031 1426">
    <p class='ocr_par' dir='ltr' id='par_1_30' title="bbox 245 1385 1031 1426">
     <span class='ocr_line' id='line_1_30' title="bbox 245 1385 1031 1426; baseline -0.01 -6"><span class='ocrx_word' id='word_1_201' title='bbox 245 1392 280 1420; x_wconf 80' lang='lat' dir='ltr'><strong>iis</strong></span> <span class='ocrx_word' id='word_1_202' title='bbox 296 1399 356 1426; x_wconf 76' lang='lat' dir='ltr'><strong>qua:</strong></span> <span class='ocrx_word' id='word_1_203' title='bbox 371 1391 475 1426; x_wconf 80' lang='lat' dir='ltr'><strong>scripta</strong></span> <span class='ocrx_word' id='word_1_204' title='bbox 490 1394 555 1418; x_wconf 83' lang='lat' dir='ltr'><strong>sunt</strong></span> <span class='ocrx_word' id='word_1_205' title='bbox 568 1396 622 1417; x_wconf 85' lang='lat' dir='ltr'><strong>non</strong></span> <span class='ocrx_word' id='word_1_206' title='bbox 639 1391 810 1424; x_wconf 81' lang='lat' dir='ltr'><strong>permaneret</strong></span> <span class='ocrx_word' id='word_1_207' title='bbox 822 1396 829 1414; x_wconf 84' lang='lat'>:</span> <span class='ocrx_word' id='word_1_208' title='bbox 841 1391 985 1421; x_wconf 80' lang='lat' dir='ltr'><strong>eapropter</strong></span> <span class='ocrx_word' id='word_1_209' title='bbox 996 1385 1031 1413; x_wconf 87' lang='lat' dir='ltr'><strong>ab</strong></span> 
     </span>
    </p>
   </div>
   <div class='ocr_carea' id='block_1_31' title="bbox 246 1432 1032 1472">
    <p class='ocr_par' dir='ltr' id='par_1_31' title="bbox 246 1432 1032 1472">
     <span class='ocr_line' id='line_1_31' title="bbox 246 1432 1032 1472; baseline -0.01 -7"><span class='ocrx_word' id='word_1_210' title='bbox 246 1438 299 1465; x_wconf 88' lang='lat' dir='ltr'><strong>hac</strong></span> <span class='ocrx_word' id='word_1_211' title='bbox 315 1436 425 1472; x_wconf 87' lang='lat' dir='ltr'><strong>quidem</strong></span> <span class='ocrx_word' id='word_1_212' title='bbox 439 1435 570 1464; x_wconf 86' lang='lat' dir='ltr'><strong>immunis</strong></span> <span class='ocrx_word' id='word_1_213' title='bbox 587 1435 648 1462; x_wconf 81' lang='lat' dir='ltr'><strong>fuit.</strong></span> <span class='ocrx_word' id='word_1_214' title='bbox 663 1433 690 1461; x_wconf 87' lang='grc' dir='ltr'><strong><em>Ν</em></strong></span> <span class='ocrx_word' id='word_1_215' title='bbox 694 1442 727 1462; x_wconf 82' lang='lat' dir='ltr'><strong>an</strong></span> <span class='ocrx_word' id='word_1_216' title='bbox 741 1433 810 1461; x_wconf 69' lang='lat' dir='ltr'><strong>enim</strong></span> <span class='ocrx_word' id='word_1_217' title='bbox 821 1432 897 1459; x_wconf 74' lang='lat' dir='ltr'><strong>dolus</strong></span> <span class='ocrx_word' id='word_1_218' title='bbox 912 1432 1032 1458; x_wconf 77' lang='lat' dir='ltr'><strong>iuventus</strong></span> 
     </span>
    </p>
   </div>
   <div class='ocr_carea' id='block_1_32' title="bbox 247 1477 1032 1518">
    <p class='ocr_par' dir='ltr' id='par_1_32' title="bbox 247 1477 1032 1518">
     <span class='ocr_line' id='line_1_32' title="bbox 247 1477 1032 1518; baseline -0.009 -8"><span class='ocrx_word' id='word_1_219' title='bbox 247 1483 297 1518; x_wconf 79' lang='lat' dir='ltr'><strong>fuit</strong></span> <span class='ocrx_word' id='word_1_220' title='bbox 312 1483 340 1510; x_wconf 84' lang='lat' dir='ltr'><strong>in</strong></span> <span class='ocrx_word' id='word_1_221' title='bbox 356 1490 401 1509; x_wconf 84' lang='lat' dir='ltr'><strong>ore</strong></span> <span class='ocrx_word' id='word_1_222' title='bbox 414 1482 471 1517; x_wconf 73' lang='lat' dir='ltr'><strong>ejus</strong></span> <span class='ocrx_word' id='word_1_223' title='bbox 482 1481 505 1497; x_wconf 85' lang='grc'><em>³³</em></span> <span class='ocrx_word' id='word_1_224' title='bbox 527 1490 534 1509; x_wconf 92' lang='lat'><strong>:</strong></span> <span class='ocrx_word' id='word_1_225' title='bbox 560 1481 633 1508; x_wconf 90' lang='lat' dir='ltr'><strong>illam</strong></span> <span class='ocrx_word' id='word_1_226' title='bbox 664 1487 728 1507; x_wconf 85' lang='lat' dir='ltr'><strong>vero</strong></span> <span class='ocrx_word' id='word_1_227' title='bbox 746 1478 866 1511; x_wconf 79' lang='lat' dir='ltr'><strong>admisit,</strong></span> <span class='ocrx_word' id='word_1_228' title='bbox 881 1477 927 1505; x_wconf 88' lang='lat' dir='ltr'><strong>cui</strong></span> <span class='ocrx_word' id='word_1_229' title='bbox 948 1477 1032 1504; x_wconf 80' lang='lat' dir='ltr'><strong>devo-</strong></span> 
     </span>
    </p>
   </div>
   <div class='ocr_carea' id='block_1_33' title="bbox 247 1522 1031 1561">
    <p class='ocr_par' dir='ltr' id='par_1_33' title="bbox 247 1522 1031 1561">
     <span class='ocr_line' id='line_1_33' title="bbox 247 1522 1031 1561; baseline -0.008 -6"><span class='ocrx_word' id='word_1_230' title='bbox 247 1528 362 1555; x_wconf 78' lang='lat' dir='ltr'><strong>vebatur</strong></span> <span class='ocrx_word' id='word_1_231' title='bbox 377 1526 469 1555; x_wconf 89' lang='lat' dir='ltr'><strong>omnis</strong></span> <span class='ocrx_word' id='word_1_232' title='bbox 483 1525 676 1561; x_wconf 79' lang='lat' dir='ltr'><strong>quipenderet</strong></span> <span class='ocrx_word' id='word_1_233' title='bbox 689 1525 716 1552; x_wconf 91' lang='lat' dir='ltr'><strong>in</strong></span> <span class='ocrx_word' id='word_1_234' title='bbox 735 1524 818 1560; x_wconf 80' lang='lat' dir='ltr'><strong>ligno.</strong></span> <span class='ocrx_word' id='word_1_235' title='bbox 836 1528 939 1558; x_wconf 78' lang='lat' dir='ltr'><strong>Perque</strong></span> <span class='ocrx_word' id='word_1_236' title='bbox 952 1522 1031 1550; x_wconf 84' lang='lat' dir='ltr'><strong>istam</strong></span> 
     </span>
    </p>
   </div>
   <div class='ocr_carea' id='block_1_34' title="bbox 247 1546 1068 1605">
    <p class='ocr_par' dir='ltr' id='par_1_34' title="bbox 247 1546 1068 1605">
     <span class='ocr_line' id='line_1_34' title="bbox 251 1546 1030 1561; baseline -0.008 -6"><span class='ocrx_word' id='word_1_237' title='bbox 251 1546 357 1555; x_wconf 68' lang='grc' dir='ltr'><strong>,νυν-....</strong></span> <span class='ocrx_word' id='word_1_238' title='bbox 377 1546 469 1555; x_wconf 74' lang='lat'><strong>.,.......,</strong></span> <span class='ocrx_word' id='word_1_239' title='bbox 483 1546 676 1561; x_wconf 60' lang='grc' dir='ltr'><strong>,ιι-,ιωηυνηη</strong></span> <span class='ocrx_word' id='word_1_240' title='bbox 689 1546 716 1552; x_wconf 93' lang='grc'>...</span> <span class='ocrx_word' id='word_1_241' title='bbox 735 1546 818 1560; x_wconf 63' lang='grc' dir='ltr'><strong>...,..η</strong></span> <span class='ocrx_word' id='word_1_242' title='bbox 836 1546 938 1558; x_wconf 52' lang='grc' dir='ltr'>μη..-</span> <span class='ocrx_word' id='word_1_243' title='bbox 952 1546 1030 1550; x_wconf 78' lang='grc'>.-.-...</span> 
     </span>
     <span class='ocr_line' id='line_1_35' title="bbox 247 1546 1068 1605; baseline -0.007 -5"><span class='ocrx_word' id='word_1_244' title='bbox 247 1573 358 1601; x_wconf 80' lang='lat' dir='ltr'><strong>sustulit</strong></span> <span class='ocrx_word' id='word_1_245' title='bbox 384 1572 464 1600; x_wconf 86' lang='lat' dir='ltr'><strong>aliam</strong></span> <span class='ocrx_word' id='word_1_246' title='bbox 483 1580 490 1599; x_wconf 90' lang='lat'><strong>:</strong></span> <span class='ocrx_word' id='word_1_247' title='bbox 513 1575 540 1599; x_wconf 86' lang='lat' dir='ltr'><strong>et</strong></span> <span class='ocrx_word' id='word_1_248' title='bbox 556 1571 628 1599; x_wconf 81' lang='lat' dir='ltr'><strong>sicut</strong></span> <span class='ocrx_word' id='word_1_249' title='bbox 645 1578 700 1598; x_wconf 94' lang='lat' dir='ltr'><strong>uno</strong></span> <span class='ocrx_word' id='word_1_250' title='bbox 724 1569 852 1605; x_wconf 83' lang='lat' dir='ltr'><strong>quopiam</strong></span> <span class='ocrx_word' id='word_1_251' title='bbox 878 1569 959 1596; x_wconf 82' lang='lat' dir='ltr'><strong>morti</strong></span> <span class='ocrx_word' id='word_1_252' title='bbox 983 1567 1029 1595; x_wconf 86' lang='lat' dir='ltr'><strong>ad-</strong></span> <span class='ocrx_word' id='word_1_253' title='bbox 1046 1546 1068 1577; x_wconf 60' lang='grc' dir='ltr'><em>ε</em></span> 
     </span>
    </p>
   </div>
   <div class='ocr_carea' id='block_1_35' title="bbox 248 1614 1033 1654">
    <p class='ocr_par' dir='ltr' id='par_1_35' title="bbox 248 1614 1033 1654">
     <span class='ocr_line' id='line_1_36' title="bbox 248 1614 1033 1654; baseline -0.008 -7"><span class='ocrx_word' id='word_1_254' title='bbox 248 1619 334 1652; x_wconf 81' lang='lat' dir='ltr'><strong>dicto,</strong></span> <span class='ocrx_word' id='word_1_255' title='bbox 350 1618 374 1647; x_wconf 91' lang='lat' dir='ltr'><strong>si</strong></span> <span class='ocrx_word' id='word_1_256' title='bbox 390 1618 453 1654; x_wconf 87' lang='lat' dir='ltr'><strong>quis</strong></span> <span class='ocrx_word' id='word_1_257' title='bbox 468 1616 564 1646; x_wconf 80' lang='lat' dir='ltr'><strong>insons</strong></span> <span class='ocrx_word' id='word_1_258' title='bbox 582 1617 656 1644; x_wconf 90' lang='lat' dir='ltr'><strong>illius</strong></span> <span class='ocrx_word' id='word_1_259' title='bbox 671 1617 732 1643; x_wconf 86' lang='lat' dir='ltr'><strong>vice</strong></span> <span class='ocrx_word' id='word_1_260' title='bbox 758 1620 857 1651; x_wconf 76' lang='lat' dir='ltr'><strong>sponte</strong></span> <span class='ocrx_word' id='word_1_261' title='bbox 872 1615 941 1642; x_wconf 89' lang='lat' dir='ltr'><strong>mori</strong></span> <span class='ocrx_word' id='word_1_262' title='bbox 957 1614 1033 1646; x_wconf 90' lang='lat' dir='ltr'><strong>velit,</strong></span> 
     </span>
    </p>
   </div>
   <div class='ocr_carea' id='block_1_36' title="bbox 249 1660 1035 1701">
    <p class='ocr_par' dir='ltr' id='par_1_36' title="bbox 249 1660 1035 1701">
     <span class='ocr_line' id='line_1_37' title="bbox 249 1660 1035 1701; baseline -0.008 -7"><span class='ocrx_word' id='word_1_263' title='bbox 249 1666 323 1694; x_wconf 87' lang='lat' dir='ltr'><strong>hunc</strong></span> <span class='ocrx_word' id='word_1_264' title='bbox 341 1672 422 1701; x_wconf 73' lang='lat' dir='ltr'><strong>pcena</strong></span> <span class='ocrx_word' id='word_1_265' title='bbox 440 1665 535 1700; x_wconf 85' lang='lat' dir='ltr'><strong>eripit,</strong></span> <span class='ocrx_word' id='word_1_266' title='bbox 551 1662 689 1692; x_wconf 79' lang='lat' dir='ltr'><strong>consimili</strong></span> <span class='ocrx_word' id='word_1_267' title='bbox 704 1661 788 1689; x_wconf 83' lang='lat' dir='ltr'><strong>etiam</strong></span> <span class='ocrx_word' id='word_1_268' title='bbox 804 1661 886 1689; x_wconf 93' lang='lat' dir='ltr'><strong>modo</strong></span> <span class='ocrx_word' id='word_1_269' title='bbox 908 1660 1035 1688; x_wconf 85' lang='lat' dir='ltr'><strong>Christus</strong></span> 
     </span>
    </p>
   </div>
   <div class='ocr_carea' id='block_1_37' title="bbox 249 1707 1036 1747">
    <p class='ocr_par' dir='ltr' id='par_1_37' title="bbox 249 1707 1036 1747">
     <span class='ocr_line' id='line_1_38' title="bbox 249 1707 1036 1747; baseline -0.009 -7"><span class='ocrx_word' id='word_1_270' title='bbox 249 1713 325 1741; x_wconf 72' lang='lat' dir='ltr'><strong>fecit.</strong></span> <span class='ocrx_word' id='word_1_271' title='bbox 345 1711 439 1747; x_wconf 86' lang='lat' dir='ltr'><strong>Itaque</strong></span> <span class='ocrx_word' id='word_1_272' title='bbox 457 1710 686 1746; x_wconf 83' lang='lat' dir='ltr'><strong>quemadmodum</strong></span> <span class='ocrx_word' id='word_1_273' title='bbox 705 1708 765 1736; x_wconf 87' lang='lat' dir='ltr'><strong>sine</strong></span> <span class='ocrx_word' id='word_1_274' title='bbox 780 1707 896 1735; x_wconf 86' lang='lat' dir='ltr'><strong>crimine</strong></span> <span class='ocrx_word' id='word_1_275' title='bbox 920 1711 1036 1734; x_wconf 85' lang='lat' dir='ltr'><strong>mortem</strong></span> 
     </span>
    </p>
   </div>
   <div class='ocr_carea' id='block_1_38' title="bbox 249 1752 1038 1791">
    <p class='ocr_par' dir='ltr' id='par_1_38' title="bbox 249 1752 1038 1791">
     <span class='ocr_line' id='line_1_39' title="bbox 249 1752 1038 1791; baseline -0.011 -4"><span class='ocrx_word' id='word_1_276' title='bbox 249 1758 386 1791; x_wconf 90' lang='lat' dir='ltr'><strong>obeundo,</strong></span> <span class='ocrx_word' id='word_1_277' title='bbox 402 1764 417 1785; x_wconf 83' lang='grc' dir='ltr'><strong>ιι</strong></span> <span class='ocrx_word' id='word_1_278' title='bbox 435 1761 523 1785; x_wconf 91' lang='lat' dir='ltr'><strong>morte</strong></span> <span class='ocrx_word' id='word_1_279' title='bbox 537 1755 638 1784; x_wconf 80' lang='lat' dir='ltr'><strong>exemit</strong></span> <span class='ocrx_word' id='word_1_280' title='bbox 655 1755 716 1782; x_wconf 88' lang='lat' dir='ltr'><strong>illos</strong></span> <span class='ocrx_word' id='word_1_281' title='bbox 731 1753 779 1789; x_wconf 88' lang='lat' dir='ltr'><strong>qui</strong></span> <span class='ocrx_word' id='word_1_282' title='bbox 794 1753 874 1781; x_wconf 89' lang='lat' dir='ltr'><strong>morti</strong></span> <span class='ocrx_word' id='word_1_283' title='bbox 892 1756 970 1780; x_wconf 90' lang='lat' dir='ltr'><strong>erant</strong></span> <span class='ocrx_word' id='word_1_284' title='bbox 986 1752 1038 1779; x_wconf 85' lang='lat' dir='ltr'><strong>ob-</strong></span> 
     </span>
    </p>
   </div>
   <div class='ocr_carea' id='block_1_39' title="bbox 250 1798 1038 1839">
    <p class='ocr_par' dir='ltr' id='par_1_39' title="bbox 250 1798 1038 1839">
     <span class='ocr_line' id='line_1_40' title="bbox 250 1798 1038 1839; baseline -0.009 -6"><span class='ocrx_word' id='word_1_285' title='bbox 250 1805 338 1837; x_wconf 84' lang='lat' dir='ltr'><strong>noxii.</strong></span> <span class='ocrx_word' id='word_1_286' title='bbox 355 1805 391 1832; x_wconf 86' lang='lat' dir='ltr'><strong>ita</strong></span> <span class='ocrx_word' id='word_1_287' title='bbox 403 1810 515 1839; x_wconf 85' lang='lat' dir='ltr'><strong>quoque</strong></span> <span class='ocrx_word' id='word_1_288' title='bbox 527 1801 747 1830; x_wconf 75' lang='lat' dir='ltr'><strong>exsecrationem</strong></span> <span class='ocrx_word' id='word_1_289' title='bbox 760 1800 884 1831; x_wconf 88' lang='lat' dir='ltr'><strong>subiens,</strong></span> <span class='ocrx_word' id='word_1_290' title='bbox 905 1798 939 1826; x_wconf 85' lang='lat' dir='ltr'><strong>ab</strong></span> <span class='ocrx_word' id='word_1_291' title='bbox 957 1805 1038 1826; x_wconf 80' lang='lat' dir='ltr'><strong>exse-</strong></span> 
     </span>
    </p>
   </div>
   <div class='ocr_carea' id='block_1_40' title="bbox 250 1850 603 1880">
    <p class='ocr_par' dir='ltr' id='par_1_40' title="bbox 250 1850 603 1880">
     <span class='ocr_line' id='line_1_41' title="bbox 250 1850 603 1880; baseline -0.011 -1"><span class='ocrx_word' id='word_1_292' title='bbox 250 1852 377 1880; x_wconf 87' lang='lat' dir='ltr'><strong>cratione</strong></span> <span class='ocrx_word' id='word_1_293' title='bbox 389 1851 452 1878; x_wconf 89' lang='lat' dir='ltr'><strong>illos</strong></span> <span class='ocrx_word' id='word_1_294' title='bbox 466 1850 603 1877; x_wconf 74' lang='lat' dir='ltr'><strong>liberavit.</strong></span> 
     </span>
    </p>
   </div>
   <div class='ocr_carea' id='block_1_41' title="bbox 288 1891 1039 1931">
    <p class='ocr_par' dir='ltr' id='par_1_41' title="bbox 288 1891 1039 1931">
     <span class='ocr_line' id='line_1_42' title="bbox 288 1891 1039 1931; baseline -0.009 -7"><span class='ocrx_word' id='word_1_295' title='bbox 288 1897 370 1924; x_wconf 74' lang='lat' dir='ltr'><strong>Vens.</strong></span> <span class='ocrx_word' id='word_1_296' title='bbox 389 1897 434 1923; x_wconf 79' lang='grc' dir='ltr'><strong>Η.</strong></span> <span class='ocrx_word' id='word_1_297' title='bbox 462 1905 471 1921; x_wconf 80' lang='grc' dir='ltr'><strong>ι</strong></span> <span class='ocrx_word' id='word_1_298' title='bbox 491 1895 527 1922; x_wconf 89' lang='lat' dir='ltr'><strong>Ut</strong></span> <span class='ocrx_word' id='word_1_299' title='bbox 551 1895 578 1922; x_wconf 89' lang='lat' dir='ltr'><strong>in</strong></span> <span class='ocrx_word' id='word_1_300' title='bbox 607 1894 734 1931; x_wconf 80' lang='lat' dir='ltr'><strong>gentibus</strong></span> <span class='ocrx_word' id='word_1_301' title='bbox 750 1892 906 1921; x_wconf 85' lang='lat' dir='ltr'><strong>benedictio</strong></span> <span class='ocrx_word' id='word_1_302' title='bbox 924 1891 1039 1918; x_wconf 71' lang='lat' dir='ltr'><strong>Ahrahm</strong></span> 
     </span>
    </p>
   </div>
   <div class='ocr_carea' id='block_1_42' title="bbox 252 1940 614 1970">
    <p class='ocr_par' dir='ltr' id='par_1_42' title="bbox 252 1940 614 1970">
     <span class='ocr_line' id='line_1_43' title="bbox 252 1940 614 1970; baseline -0.008 0"><span class='ocrx_word' id='word_1_303' title='bbox 252 1942 328 1970; x_wconf 88' lang='lat' dir='ltr'><strong>fieret</strong></span> <span class='ocrx_word' id='word_1_304' title='bbox 344 1942 371 1969; x_wconf 94' lang='lat' dir='ltr'><strong>ln</strong></span> <span class='ocrx_word' id='word_1_305' title='bbox 385 1941 497 1969; x_wconf 87' lang='lat' dir='ltr'><strong>Christo</strong></span> <span class='ocrx_word' id='word_1_306' title='bbox 509 1940 584 1968; x_wconf 85' lang='lat' dir='ltr'><strong>Jesu.</strong></span> <span class='ocrx_word' id='word_1_307' title='bbox 604 1950 614 1966; x_wconf 70' lang='grc' dir='ltr'><strong>ι</strong></span> 
     </span>
    </p>
   </div>
   <div class='ocr_carea' id='block_1_43' title="bbox 287 1981 1040 2021">
    <p class='ocr_par' dir='ltr' id='par_1_43' title="bbox 287 1981 1040 2021">
     <span class='ocr_line' id='line_1_44' title="bbox 287 1981 1040 2021; baseline -0.011 -6"><span class='ocrx_word' id='word_1_308' title='bbox 287 1986 431 2020; x_wconf 82' lang='lat' dir='ltr'><strong>Quomodo</strong></span> <span class='ocrx_word' id='word_1_309' title='bbox 451 1986 478 2013; x_wconf 90' lang='lat' dir='ltr'><strong>in</strong></span> <span class='ocrx_word' id='word_1_310' title='bbox 503 1985 652 2021; x_wconf 75' lang='lat' dir='ltr'><strong>gentibus?</strong></span> <span class='ocrx_word' id='word_1_311' title='bbox 684 1984 718 2011; x_wconf 83' lang='lat' dir='ltr'><strong>In</strong></span> <span class='ocrx_word' id='word_1_312' title='bbox 739 1984 848 2015; x_wconf 79' lang='lat' dir='ltr'><strong>semine,</strong></span> <span class='ocrx_word' id='word_1_313' title='bbox 869 1981 969 2016; x_wconf 89' lang='lat' dir='ltr'><strong>inquit,</strong></span> <span class='ocrx_word' id='word_1_314' title='bbox 995 1985 1040 2007; x_wconf 80' lang='lat' dir='ltr'><strong>tuo</strong></span> 
     </span>
    </p>
   </div>
   <div class='ocr_carea' id='block_1_44' title="bbox 253 2026 1040 2068">
    <p class='ocr_par' dir='ltr' id='par_1_44' title="bbox 253 2026 1040 2068">
     <span class='ocr_line' id='line_1_45' title="bbox 253 2026 1040 2068; baseline -0.01 -8"><span class='ocrx_word' id='word_1_315' title='bbox 253 2033 438 2062; x_wconf 80' lang='lat' dir='ltr'><strong>benedicentur</strong></span> <span class='ocrx_word' id='word_1_316' title='bbox 455 2035 543 2068; x_wconf 79' lang='lat' dir='ltr'><strong>gentes</strong></span> <span class='ocrx_word' id='word_1_317' title='bbox 557 2032 597 2065; x_wconf 84' lang='lat'><strong>&quot;;</strong></span> <span class='ocrx_word' id='word_1_318' title='bbox 619 2031 671 2058; x_wconf 89' lang='lat' dir='ltr'><strong>hoc</strong></span> <span class='ocrx_word' id='word_1_319' title='bbox 692 2037 736 2058; x_wconf 87' lang='lat' dir='ltr'><strong>est</strong></span> <span class='ocrx_word' id='word_1_320' title='bbox 758 2030 787 2057; x_wconf 85' lang='lat' dir='ltr'><strong>in</strong></span> <span class='ocrx_word' id='word_1_321' title='bbox 804 2028 930 2056; x_wconf 86' lang='lat' dir='ltr'><strong>Domino.</strong></span> <span class='ocrx_word' id='word_1_322' title='bbox 945 2026 1040 2054; x_wconf 85' lang='lat' dir='ltr'><strong>Enim-</strong></span> 
     </span>
    </p>
   </div>
   <div class='ocr_carea' id='block_1_45' title="bbox 252 2072 1039 2114">
    <p class='ocr_par' dir='ltr' id='par_1_45' title="bbox 252 2072 1039 2114">
     <span class='ocr_line' id='line_1_46' title="bbox 252 2072 1039 2114; baseline -0.011 -7"><span class='ocrx_word' id='word_1_323' title='bbox 252 2087 317 2107; x_wconf 79' lang='lat' dir='ltr'><strong>vero</strong></span> <span class='ocrx_word' id='word_1_324' title='bbox 333 2083 363 2106; x_wconf 92' lang='lat' dir='ltr'><strong>ut</strong></span> <span class='ocrx_word' id='word_1_325' title='bbox 378 2079 438 2114; x_wconf 92' lang='lat' dir='ltr'><strong>ipse</strong></span> <span class='ocrx_word' id='word_1_326' title='bbox 455 2078 556 2106; x_wconf 84' lang='lat' dir='ltr'><strong>alicubi</strong></span> <span class='ocrx_word' id='word_1_327' title='bbox 568 2078 605 2105; x_wconf 82' lang='lat' dir='ltr'><strong>ait</strong></span> <span class='ocrx_word' id='word_1_328' title='bbox 620 2087 627 2104; x_wconf 84' lang='lat'><strong>:</strong></span> <span class='ocrx_word' id='word_1_329' title='bbox 647 2076 708 2103; x_wconf 84' lang='lat' dir='ltr'><strong>Non</strong></span> <span class='ocrx_word' id='word_1_330' title='bbox 729 2076 808 2108; x_wconf 73' lang='lat' dir='ltr'><strong>disit,</strong></span> <span class='ocrx_word' id='word_1_331' title='bbox 834 2075 861 2101; x_wconf 80' lang='lat' dir='ltr'><strong>in</strong></span> <span class='ocrx_word' id='word_1_332' title='bbox 887 2072 1039 2105; x_wconf 75' lang='lat' dir='ltr'><strong>seminibus,</strong></span> 
     </span>
    </p>
   </div>
   <div class='ocr_carea' id='block_1_46' title="bbox 252 2118 1042 2160">
    <p class='ocr_par' dir='ltr' id='par_1_46' title="bbox 252 2118 1042 2160">
     <span class='ocr_line' id='line_1_47' title="bbox 252 2118 1042 2160; baseline -0.009 -9"><span class='ocrx_word' id='word_1_333' title='bbox 252 2124 330 2160; x_wconf 71' lang='lat' dir='ltr'><strong>quasi</strong></span> <span class='ocrx_word' id='word_1_334' title='bbox 341 2124 368 2150; x_wconf 86' lang='lat' dir='ltr'><strong>in</strong></span> <span class='ocrx_word' id='word_1_335' title='bbox 381 2123 472 2150; x_wconf 71' lang='lat' dir='ltr'><strong>multis</strong></span> <span class='ocrx_word' id='word_1_336' title='bbox 485 2131 493 2155; x_wconf 84' lang='lat'><strong><em>;</em></strong></span> <span class='ocrx_word' id='word_1_337' title='bbox 509 2122 554 2150; x_wconf 77' lang='lat' dir='ltr'><strong>sed</strong></span> <span class='ocrx_word' id='word_1_338' title='bbox 571 2123 597 2148; x_wconf 81' lang='lat' dir='ltr'><strong>in</strong></span> <span class='ocrx_word' id='word_1_339' title='bbox 614 2121 710 2149; x_wconf 73' lang='lat' dir='ltr'><strong>semine</strong></span> <span class='ocrx_word' id='word_1_340' title='bbox 724 2125 780 2152; x_wconf 75' lang='lat' dir='ltr'><strong>tuo.</strong></span> <span class='ocrx_word' id='word_1_341' title='bbox 792 2119 868 2154; x_wconf 72' lang='lat' dir='ltr'><strong>quasi</strong></span> <span class='ocrx_word' id='word_1_342' title='bbox 880 2119 979 2151; x_wconf 76' lang='lat' dir='ltr'><strong>inuno,</strong></span> <span class='ocrx_word' id='word_1_343' title='bbox 994 2118 1042 2145; x_wconf 81' lang='lat' dir='ltr'><strong>hoc</strong></span> 
     </span>
    </p>
   </div>
   <div class='ocr_carea' id='block_1_47' title="bbox 253 2165 1042 2202">
    <p class='ocr_par' dir='ltr' id='par_1_47' title="bbox 253 2165 1042 2202">
     <span class='ocr_line' id='line_1_48' title="bbox 253 2165 1042 2202; baseline -0.005 -6"><span class='ocrx_word' id='word_1_344' title='bbox 253 2174 293 2197; x_wconf 78' lang='lat' dir='ltr'><strong>est</strong></span> <span class='ocrx_word' id='word_1_345' title='bbox 306 2169 411 2197; x_wconf 70' lang='lat' dir='ltr'><strong>Christo</strong></span> <span class='ocrx_word' id='word_1_346' title='bbox 427 2169 458 2196; x_wconf 76' lang='grc'><strong>³⁵.</strong></span> <span class='ocrx_word' id='word_1_347' title='bbox 473 2167 541 2195; x_wconf 84' lang='lat' dir='ltr'><strong>Nam</strong></span> <span class='ocrx_word' id='word_1_348' title='bbox 556 2167 613 2195; x_wconf 83' lang='lat' dir='ltr'><strong>ﬂeri</strong></span> <span class='ocrx_word' id='word_1_349' title='bbox 633 2174 687 2194; x_wconf 90' lang='lat' dir='ltr'><strong>non</strong></span> <span class='ocrx_word' id='word_1_350' title='bbox 703 2169 811 2202; x_wconf 83' lang='lat' dir='ltr'><strong>poterat</strong></span> <span class='ocrx_word' id='word_1_351' title='bbox 827 2169 856 2193; x_wconf 92' lang='lat' dir='ltr'><strong>ut</strong></span> <span class='ocrx_word' id='word_1_352' title='bbox 874 2173 922 2201; x_wconf 85' lang='lat' dir='ltr'><strong>per</strong></span> <span class='ocrx_word' id='word_1_353' title='bbox 933 2165 1042 2192; x_wconf 73' lang='lat' dir='ltr'><strong>Judazos</strong></span> 
     </span>
    </p>
   </div>
   <div class='ocr_carea' id='block_1_48' title="bbox 1079 250 1165 285">
    <p class='ocr_par' dir='ltr' id='par_1_48' title="bbox 1079 250 1165 285">
     <span class='ocr_line' id='line_1_49' title="bbox 1079 250 1165 285; baseline 0 -8"><span class='ocrx_word' id='word_1_354' title='bbox 1079 250 1165 285; x_wconf 84' lang='grc' dir='ltr'>νόμῳ.</span> 
     </span>
    </p>
   </div>
   <div class='ocr_carea' id='block_1_49' title="bbox 1117 289 1867 330">
    <p class='ocr_par' dir='ltr' id='par_1_49' title="bbox 1117 289 1867 330">
     <span class='ocr_line' id='line_1_50' title="bbox 1117 289 1867 330; baseline -0.011 -7"><span class='ocrx_word' id='word_1_355' title='bbox 1117 307 1126 323; x_wconf 81' lang='grc' dir='ltr'><strong>ι</strong></span> <span class='ocrx_word' id='word_1_356' title='bbox 1149 297 1211 323; x_wconf 79' lang='grc' dir='ltr'>Ὀτι</span> <span class='ocrx_word' id='word_1_357' title='bbox 1222 296 1251 322; x_wconf 85' lang='grc' dir='ltr'><strong>δέ</strong></span> <span class='ocrx_word' id='word_1_358' title='bbox 1267 296 1297 322; x_wconf 83' lang='grc' dir='ltr'><strong>ἐν</strong></span> <span class='ocrx_word' id='word_1_359' title='bbox 1307 295 1382 330; x_wconf 82' lang='grc' dir='ltr'>νόμῳ</span> <span class='ocrx_word' id='word_1_360' title='bbox 1392 294 1480 325; x_wconf 69' lang='grc' dir='ltr'>οὐδεὶς</span> <span class='ocrx_word' id='word_1_361' title='bbox 1493 291 1647 319; x_wconf 77' lang='grc' dir='ltr'><strong>δικαιοῦται</strong></span> <span class='ocrx_word' id='word_1_362' title='bbox 1662 290 1738 326; x_wconf 79' lang='grc' dir='ltr'>παρὰ</span> <span class='ocrx_word' id='word_1_363' title='bbox 1749 289 1788 325; x_wconf 82' lang='grc' dir='ltr'>τῷ</span> <span class='ocrx_word' id='word_1_364' title='bbox 1796 290 1867 325; x_wconf 76' lang='grc' dir='ltr'><strong>Θεῷ,</strong></span> 
     </span>
    </p>
   </div>
   <div class='ocr_carea' id='block_1_50' title="bbox 1077 335 1869 378">
    <p class='ocr_par' dir='ltr' id='par_1_50' title="bbox 1077 335 1869 378">
     <span class='ocr_line' id='line_1_51' title="bbox 1077 335 1869 378; baseline -0.013 -8"><span class='ocrx_word' id='word_1_365' title='bbox 1077 343 1156 378; x_wconf 85' lang='grc' dir='ltr'>δῆλον</span> <span class='ocrx_word' id='word_1_366' title='bbox 1168 342 1209 369; x_wconf 85' lang='grc' dir='ltr'>ὃτι</span> <span class='ocrx_word' id='word_1_367' title='bbox 1223 341 1237 367; x_wconf 78' lang='grc' dir='ltr'>ὁ</span> <span class='ocrx_word' id='word_1_368' title='bbox 1251 341 1355 372; x_wconf 81' lang='grc' dir='ltr'>δίκαιος</span> <span class='ocrx_word' id='word_1_369' title='bbox 1377 340 1410 366; x_wconf 85' lang='grc' dir='ltr'><strong>ἐκ</strong></span> <span class='ocrx_word' id='word_1_370' title='bbox 1427 339 1545 370; x_wconf 81' lang='grc' dir='ltr'>πίστεως</span> <span class='ocrx_word' id='word_1_371' title='bbox 1560 337 1683 372; x_wconf 82' lang='grc' dir='ltr'>ζήσεται.</span> <span class='ocrx_word' id='word_1_372' title='bbox 1702 336 1733 362; x_wconf 87' lang='lat'><strong>&#39;0</strong></span> <span class='ocrx_word' id='word_1_373' title='bbox 1748 335 1776 362; x_wconf 69' lang='grc' dir='ltr'><strong>δὲ</strong></span> <span class='ocrx_word' id='word_1_374' title='bbox 1785 335 1869 369; x_wconf 76' lang='grc' dir='ltr'>νόμος</span> 
     </span>
    </p>
   </div>
   <div class='ocr_carea' id='block_1_51' title="bbox 1078 381 1867 418">
    <p class='ocr_par' dir='ltr' id='par_1_51' title="bbox 1078 381 1867 418">
     <span class='ocr_line' id='line_1_52' title="bbox 1078 381 1867 418; baseline -0.01 -4"><span class='ocrx_word' id='word_1_375' title='bbox 1078 388 1128 414; x_wconf 87' lang='grc' dir='ltr'><strong>οὐκ</strong></span> <span class='ocrx_word' id='word_1_376' title='bbox 1141 387 1215 414; x_wconf 78' lang='grc' dir='ltr'>ἐστιν</span> <span class='ocrx_word' id='word_1_377' title='bbox 1231 387 1263 413; x_wconf 84' lang='grc' dir='ltr'><strong>ἐκ</strong></span> <span class='ocrx_word' id='word_1_378' title='bbox 1277 385 1405 417; x_wconf 79' lang='grc' dir='ltr'>πίστεως,</span> <span class='ocrx_word' id='word_1_379' title='bbox 1418 383 1485 411; x_wconf 71' lang='grc' dir='ltr'>ἀλλὰ</span> <span class='ocrx_word' id='word_1_380' title='bbox 1512 384 1526 410; x_wconf 79' lang='grc'>6</span> <span class='ocrx_word' id='word_1_381' title='bbox 1542 383 1662 418; x_wconf 81' lang='grc' dir='ltr'><strong>ποιήσας</strong></span> <span class='ocrx_word' id='word_1_382' title='bbox 1687 381 1768 414; x_wconf 76' lang='grc' dir='ltr'>αὐτὰ,</span> <span class='ocrx_word' id='word_1_383' title='bbox 1786 381 1867 416; x_wconf 84' lang='grc' dir='ltr'>ζήσε-</span> 
     </span>
    </p>
   </div>
   <div class='ocr_carea' id='block_1_52' title="bbox 1078 431 1308 463">
    <p class='ocr_par' dir='ltr' id='par_1_52' title="bbox 1078 431 1308 463">
     <span class='ocr_line' id='line_1_53' title="bbox 1078 431 1308 463; baseline -0.009 -4"><span class='ocrx_word' id='word_1_384' title='bbox 1078 441 1125 459; x_wconf 91' lang='grc' dir='ltr'><strong>ται</strong></span> <span class='ocrx_word' id='word_1_385' title='bbox 1142 432 1171 459; x_wconf 86' lang='grc' dir='ltr'><strong>ἐν</strong></span> <span class='ocrx_word' id='word_1_386' title='bbox 1188 431 1291 463; x_wconf 83' lang='grc' dir='ltr'>αὐτοῖς.</span> <span class='ocrx_word' id='word_1_387' title='bbox 1298 440 1308 457; x_wconf 75' lang='grc' dir='ltr'><strong>ι</strong></span> 
     </span>
    </p>
   </div>
   <div class='ocr_carea' id='block_1_53' title="bbox 1119 471 1870 513">
    <p class='ocr_par' dir='ltr' id='par_1_53' title="bbox 1119 471 1870 513">
     <span class='ocr_line' id='line_1_54' title="bbox 1119 471 1870 513; baseline -0.009 -8"><span class='ocrx_word' id='word_1_388' title='bbox 1119 478 1165 510; x_wconf 86' lang='grc' dir='ltr'>Ὦς</span> <span class='ocrx_word' id='word_1_389' title='bbox 1188 476 1404 513; x_wconf 81' lang='grc' dir='ltr'>ὁμολογούμενον</span> <span class='ocrx_word' id='word_1_390' title='bbox 1427 474 1537 508; x_wconf 82' lang='grc' dir='ltr'>ἐδέξατο</span> <span class='ocrx_word' id='word_1_391' title='bbox 1554 474 1586 500; x_wconf 75' lang='grc' dir='ltr'>τὸ</span> <span class='ocrx_word' id='word_1_392' title='bbox 1601 473 1639 509; x_wconf 78' lang='grc' dir='ltr'>μὴ</span> <span class='ocrx_word' id='word_1_393' title='bbox 1653 471 1825 500; x_wconf 77' lang='grc' dir='ltr'><strong>δικαιοῦσθαι</strong></span> <span class='ocrx_word' id='word_1_394' title='bbox 1840 473 1870 498; x_wconf 88' lang='grc' dir='ltr'><strong>ἐν</strong></span> 
     </span>
    </p>
   </div>
   <div class='ocr_carea' id='block_1_54' title="bbox 1079 518 1870 559">
    <p class='ocr_par' dir='ltr' id='par_1_54' title="bbox 1079 518 1870 559">
     <span class='ocr_line' id='line_1_55' title="bbox 1079 518 1870 559; baseline -0.009 -9"><span class='ocrx_word' id='word_1_395' title='bbox 1079 523 1154 559; x_wconf 87' lang='grc' dir='ltr'>νόμῳ</span> <span class='ocrx_word' id='word_1_396' title='bbox 1181 523 1251 550; x_wconf 90' lang='grc' dir='ltr'>τινά.</span> <span class='ocrx_word' id='word_1_397' title='bbox 1275 521 1385 557; x_wconf 78' lang='grc' dir='ltr'>Ἐπειδὴ</span> <span class='ocrx_word' id='word_1_398' title='bbox 1414 520 1469 556; x_wconf 80' lang='grc' dir='ltr'><strong>γάρ</strong></span> <span class='ocrx_word' id='word_1_399' title='bbox 1494 519 1641 555; x_wconf 80' lang='grc' dir='ltr'><strong>προεῖπεν,</strong></span> <span class='ocrx_word' id='word_1_400' title='bbox 1667 518 1870 553; x_wconf 77' lang='grc' dir='ltr'>ἐπικατάρατον</span> 
     </span>
    </p>
   </div>
   <div class='ocr_carea' id='block_1_55' title="bbox 1080 562 1870 603">
    <p class='ocr_par' dir='ltr' id='par_1_55' title="bbox 1080 562 1870 603">
     <span class='ocr_line' id='line_1_56' title="bbox 1080 562 1870 603; baseline -0.01 -7"><span class='ocrx_word' id='word_1_401' title='bbox 1080 569 1144 596; x_wconf 74' lang='grc' dir='ltr'>ὂντα</span> <span class='ocrx_word' id='word_1_402' title='bbox 1165 568 1211 595; x_wconf 78' lang='grc' dir='ltr'>τὸν</span> <span class='ocrx_word' id='word_1_403' title='bbox 1229 569 1266 603; x_wconf 82' lang='grc' dir='ltr'>μὴ</span> <span class='ocrx_word' id='word_1_404' title='bbox 1283 566 1438 603; x_wconf 75' lang='grc' dir='ltr'>πληροῦν-ια</span> <span class='ocrx_word' id='word_1_405' title='bbox 1467 565 1554 592; x_wconf 76' lang='grc' dir='ltr'>πάντα</span> <span class='ocrx_word' id='word_1_406' title='bbox 1568 564 1615 591; x_wconf 77' lang='grc' dir='ltr'>τὸν</span> <span class='ocrx_word' id='word_1_407' title='bbox 1631 563 1724 598; x_wconf 84' lang='grc' dir='ltr'>νόμον,</span> <span class='ocrx_word' id='word_1_408' title='bbox 1739 562 1870 590; x_wconf 81' lang='grc' dir='ltr'>ἀδύνατον</span> 
     </span>
    </p>
   </div>
   <div class='ocr_carea' id='block_1_56' title="bbox 1080 608 1870 651">
    <p class='ocr_par' dir='ltr' id='par_1_56' title="bbox 1080 608 1870 651">
     <span class='ocr_line' id='line_1_57' title="bbox 1080 608 1870 651; baseline -0.01 -9"><span class='ocrx_word' id='word_1_409' title='bbox 1080 615 1108 642; x_wconf 82' lang='grc' dir='ltr'><strong>δὲ</strong></span> <span class='ocrx_word' id='word_1_410' title='bbox 1126 612 1160 651; x_wconf 81' lang='grc' dir='ltr'>ἦν</span> <span class='ocrx_word' id='word_1_411' title='bbox 1173 614 1316 650; x_wconf 78' lang='grc' dir='ltr'>ἄνθρωπον</span> <span class='ocrx_word' id='word_1_412' title='bbox 1332 612 1475 648; x_wconf 83' lang='grc' dir='ltr'>πληρῶααι</span> <span class='ocrx_word' id='word_1_413' title='bbox 1489 609 1582 643; x_wconf 77' lang='grc' dir='ltr'>αὺτὺν,</span> <span class='ocrx_word' id='word_1_414' title='bbox 1598 609 1695 636; x_wconf 80' lang='grc' dir='ltr'>τούτου</span> <span class='ocrx_word' id='word_1_415' title='bbox 1712 608 1791 644; x_wconf 80' lang='grc' dir='ltr'>χάριν</span> <span class='ocrx_word' id='word_1_416' title='bbox 1803 608 1870 644; x_wconf 78' lang='grc' dir='ltr'>θαρ-</span> 
     </span>
    </p>
   </div>
   <div class='ocr_carea' id='block_1_57' title="bbox 1082 661 1323 696">
    <p class='ocr_par' dir='ltr' id='par_1_57' title="bbox 1082 661 1323 696">
     <span class='ocr_line' id='line_1_58' title="bbox 1082 661 1323 696; baseline -0.012 -8"><span class='ocrx_word' id='word_1_417' title='bbox 1082 661 1138 696; x_wconf 74' lang='grc' dir='ltr'><strong>ρὦ</strong></span> <span class='ocrx_word' id='word_1_418' title='bbox 1147 661 1323 695; x_wconf 29' lang='grc' dir='ltr'>ἀπεφήνατο-ν</span> 
     </span>
    </p>
   </div>
   <div class='ocr_carea' id='block_1_58' title="bbox 1119 699 1873 742">
    <p class='ocr_par' dir='ltr' id='par_1_58' title="bbox 1119 699 1873 742">
     <span class='ocr_line' id='line_1_59' title="bbox 1119 699 1873 742; baseline -0.011 -8"><span class='ocrx_word' id='word_1_419' title='bbox 1119 717 1130 734; x_wconf 81' lang='grc' dir='ltr'><strong>ι</strong></span> <span class='ocrx_word' id='word_1_420' title='bbox 1149 707 1265 742; x_wconf 80' lang='grc' dir='ltr'>Χριστὸς</span> <span class='ocrx_word' id='word_1_421' title='bbox 1289 706 1362 741; x_wconf 80' lang='grc' dir='ltr'>ὑμᾶς</span> <span class='ocrx_word' id='word_1_422' title='bbox 1377 704 1543 741; x_wconf 77' lang='grc' dir='ltr'><strong>ἐξηγόρασεν</strong></span> <span class='ocrx_word' id='word_1_423' title='bbox 1565 702 1597 730; x_wconf 80' lang='grc' dir='ltr'><strong>ἐκ</strong></span> <span class='ocrx_word' id='word_1_424' title='bbox 1612 702 1662 738; x_wconf 85' lang='grc' dir='ltr'>τῆς</span> <span class='ocrx_word' id='word_1_425' title='bbox 1687 701 1808 736; x_wconf 77' lang='grc' dir='ltr'>κατάρας</span> <span class='ocrx_word' id='word_1_426' title='bbox 1822 699 1873 727; x_wconf 71' lang='grc' dir='ltr'>τοῦ</span> 
     </span>
    </p>
   </div>
   <div class='ocr_carea' id='block_1_59' title="bbox 1082 747 1873 788">
    <p class='ocr_par' dir='ltr' id='par_1_59' title="bbox 1082 747 1873 788">
     <span class='ocr_line' id='line_1_60' title="bbox 1082 747 1873 788; baseline -0.009 -8"><span class='ocrx_word' id='word_1_427' title='bbox 1082 753 1183 788; x_wconf 76' lang='grc' dir='ltr'>νόμου,</span> <span class='ocrx_word' id='word_1_428' title='bbox 1201 752 1346 788; x_wconf 80' lang='grc' dir='ltr'>γενόμενος</span> <span class='ocrx_word' id='word_1_429' title='bbox 1362 751 1433 786; x_wconf 75' lang='grc' dir='ltr'>ὑπὲρ</span> <span class='ocrx_word' id='word_1_430' title='bbox 1463 750 1542 786; x_wconf 77' lang='grc' dir='ltr'>ἡμῶν</span> <span class='ocrx_word' id='word_1_431' title='bbox 1568 749 1695 784; x_wconf 76' lang='grc' dir='ltr'>κατάραο</span> <span class='ocrx_word' id='word_1_432' title='bbox 1709 748 1750 774; x_wconf 84' lang='grc' dir='ltr'>ὅτι</span> <span class='ocrx_word' id='word_1_433' title='bbox 1770 747 1873 782; x_wconf 65' lang='grc' dir='ltr'>γεγρα»</span> 
     </span>
    </p>
   </div>
   <div class='ocr_carea' id='block_1_60' title="bbox 1083 793 1870 833">
    <p class='ocr_par' dir='ltr' id='par_1_60' title="bbox 1083 793 1870 833">
     <span class='ocr_line' id='line_1_61' title="bbox 1083 793 1870 833; baseline -0.009 -7"><span class='ocrx_word' id='word_1_434' title='bbox 1083 807 1170 826; x_wconf 82' lang='grc' dir='ltr'>πται·</span> <span class='ocrx_word' id='word_1_435' title='bbox 1200 798 1419 833; x_wconf 74' lang='grc' dir='ltr'>Ἐπικατάρατος</span> <span class='ocrx_word' id='word_1_436' title='bbox 1441 797 1496 828; x_wconf 82' lang='grc' dir='ltr'><strong>πᾶς</strong></span> <span class='ocrx_word' id='word_1_437' title='bbox 1520 797 1535 823; x_wconf 72' lang='grc' dir='ltr'><strong>ὁ</strong></span> <span class='ocrx_word' id='word_1_438' title='bbox 1555 795 1731 832; x_wconf 82' lang='grc' dir='ltr'><strong>κρεμάμενος</strong></span> <span class='ocrx_word' id='word_1_439' title='bbox 1752 794 1798 820; x_wconf 75' lang='grc' dir='ltr'>ἐπὶ</span> <span class='ocrx_word' id='word_1_440' title='bbox 1823 793 1870 826; x_wconf 80' lang='grc' dir='ltr'><strong>ξύ-</strong></span> 
     </span>
    </p>
   </div>
   <div class='ocr_carea' id='block_1_61' title="bbox 1083 845 1164 872">
    <p class='ocr_par' dir='ltr' id='par_1_61' title="bbox 1083 845 1164 872">
     <span class='ocr_line' id='line_1_62' title="bbox 1083 845 1164 872; baseline -0.012 -1"><span class='ocrx_word' id='word_1_441' title='bbox 1083 845 1141 872; x_wconf 90' lang='grc' dir='ltr'>λου.</span> <span class='ocrx_word' id='word_1_442' title='bbox 1155 854 1164 870; x_wconf 82' lang='grc' dir='ltr'><strong>ι</strong></span> 
     </span>
    </p>
   </div>
   <div class='ocr_carea' id='block_1_62' title="bbox 1121 882 1871 924">
    <p class='ocr_par' dir='ltr' id='par_1_62' title="bbox 1121 882 1871 924">
     <span class='ocr_line' id='line_1_63' title="bbox 1121 882 1871 924; baseline -0.009 -8"><span class='ocrx_word' id='word_1_443' title='bbox 1121 890 1152 916; x_wconf 89' lang='lat'><strong>&#39;0</strong></span> <span class='ocrx_word' id='word_1_444' title='bbox 1167 889 1217 924; x_wconf 79' lang='grc' dir='ltr'>μὲν</span> <span class='ocrx_word' id='word_1_445' title='bbox 1230 887 1294 919; x_wconf 76' lang='grc' dir='ltr'>λαὸς</span> <span class='ocrx_word' id='word_1_446' title='bbox 1309 887 1417 922; x_wconf 81' lang='grc' dir='ltr'>κατάρᾳ</span> <span class='ocrx_word' id='word_1_447' title='bbox 1437 884 1589 917; x_wconf 76' lang='grc' dir='ltr'>ὑπεύθυνος</span> <span class='ocrx_word' id='word_1_448' title='bbox 1611 882 1646 920; x_wconf 83' lang='grc' dir='ltr'>ἦν</span> <span class='ocrx_word' id='word_1_449' title='bbox 1661 885 1694 920; x_wconf 84' lang='grc' dir='ltr'>τῇ</span> <span class='ocrx_word' id='word_1_450' title='bbox 1718 883 1871 910; x_wconf 81' lang='grc' dir='ltr'>καταδικα-</span> 
     </span>
    </p>
   </div>
   <div class='ocr_carea' id='block_1_63' title="bbox 1082 928 1872 971">
    <p class='ocr_par' dir='ltr' id='par_1_63' title="bbox 1082 928 1872 971">
     <span class='ocr_line' id='line_1_64' title="bbox 1082 928 1872 971; baseline -0.01 -9"><span class='ocrx_word' id='word_1_451' title='bbox 1082 935 1166 971; x_wconf 79' lang='grc' dir='ltr'>ζούσῃ</span> <span class='ocrx_word' id='word_1_452' title='bbox 1191 934 1236 961; x_wconf 76' lang='grc' dir='ltr'>τὸν</span> <span class='ocrx_word' id='word_1_453' title='bbox 1264 933 1301 969; x_wconf 81' lang='grc' dir='ltr'>μὴ</span> <span class='ocrx_word' id='word_1_454' title='bbox 1329 931 1482 968; x_wconf 73' lang='grc' dir='ltr'><strong>ἐμμένοντα</strong></span> <span class='ocrx_word' id='word_1_455' title='bbox 1497 931 1564 957; x_wconf 84' lang='grc' dir='ltr'>πᾶσι</span> <span class='ocrx_word' id='word_1_456' title='bbox 1584 930 1640 961; x_wconf 87' lang='grc' dir='ltr'>τοῖς</span> <span class='ocrx_word' id='word_1_457' title='bbox 1667 928 1872 964; x_wconf 78' lang='grc' dir='ltr'>γεγραμμένοις</span> 
     </span>
    </p>
   </div>
   <div class='ocr_carea' id='block_1_64' title="bbox 1081 974 1874 1015">
    <p class='ocr_par' dir='ltr' id='par_1_64' title="bbox 1081 974 1874 1015">
     <span class='ocr_line' id='line_1_65' title="bbox 1081 974 1874 1015; baseline -0.01 -8"><span class='ocrx_word' id='word_1_458' title='bbox 1081 981 1111 1007; x_wconf 90' lang='grc' dir='ltr'><strong>ἐν</strong></span> <span class='ocrx_word' id='word_1_459' title='bbox 1138 979 1177 1015; x_wconf 87' lang='grc' dir='ltr'>τῷ</span> <span class='ocrx_word' id='word_1_460' title='bbox 1204 979 1299 1014; x_wconf 81' lang='grc' dir='ltr'>βιϐλίῳ</span> <span class='ocrx_word' id='word_1_461' title='bbox 1326 977 1374 1004; x_wconf 74' lang='grc' dir='ltr'>τοῦ</span> <span class='ocrx_word' id='word_1_462' title='bbox 1398 977 1493 1012; x_wconf 80' lang='grc' dir='ltr'>νόμου.</span> <span class='ocrx_word' id='word_1_463' title='bbox 1516 976 1546 1003; x_wconf 92' lang='lat'><strong>&#39;0</strong></span> <span class='ocrx_word' id='word_1_464' title='bbox 1574 975 1604 1002; x_wconf 77' lang='grc' dir='ltr'><strong>δέ</strong></span> <span class='ocrx_word' id='word_1_465' title='bbox 1632 974 1749 1011; x_wconf 77' lang='grc' dir='ltr'>Χριστὸς</span> <span class='ocrx_word' id='word_1_466' title='bbox 1775 974 1874 1008; x_wconf 73' lang='grc' dir='ltr'>ἑτέραν</span> 
     </span>
    </p>
   </div>
   <div class='ocr_carea' id='block_1_65' title="bbox 1083 1019 1871 1061">
    <p class='ocr_par' dir='ltr' id='par_1_65' title="bbox 1083 1019 1871 1061">
     <span class='ocr_line' id='line_1_66' title="bbox 1083 1019 1871 1061; baseline -0.011 -8"><span class='ocrx_word' id='word_1_467' title='bbox 1083 1026 1205 1061; x_wconf 81' lang='grc' dir='ltr'>κατάραν</span> <span class='ocrx_word' id='word_1_468' title='bbox 1218 1024 1320 1058; x_wconf 77' lang='grc' dir='ltr'>ταύτης</span> <span class='ocrx_word' id='word_1_469' title='bbox 1348 1022 1532 1057; x_wconf 74' lang='grc' dir='ltr'>ἀντηλλάξατο</span> <span class='ocrx_word' id='word_1_470' title='bbox 1549 1022 1599 1056; x_wconf 84' lang='grc' dir='ltr'>τὴν</span> <span class='ocrx_word' id='word_1_471' title='bbox 1614 1020 1749 1054; x_wconf 79' lang='grc' dir='ltr'>λέγουσαν</span> <span class='ocrx_word' id='word_1_472' title='bbox 1759 1027 1767 1035; x_wconf 91' lang='grc'><strong>·</strong></span> <span class='ocrx_word' id='word_1_473' title='bbox 1791 1019 1871 1046; x_wconf 83' lang='grc' dir='ltr'><strong>Ἐπι-</strong></span> 
     </span>
    </p>
   </div>
   <div class='ocr_carea' id='block_1_66' title="bbox 1082 1063 1873 1104">
    <p class='ocr_par' dir='ltr' id='par_1_66' title="bbox 1082 1063 1873 1104">
     <span class='ocr_line' id='line_1_67' title="bbox 1082 1063 1873 1104; baseline -0.01 -6"><span class='ocrx_word' id='word_1_474' title='bbox 1082 1070 1246 1104; x_wconf 77' lang='grc' dir='ltr'>κατάρατος</span> <span class='ocrx_word' id='word_1_475' title='bbox 1259 1068 1318 1101; x_wconf 82' lang='grc' dir='ltr'><strong>πᾶς</strong></span> <span class='ocrx_word' id='word_1_476' title='bbox 1330 1069 1346 1095; x_wconf 83' lang='grc' dir='ltr'><em>ὁ</em></span> <span class='ocrx_word' id='word_1_477' title='bbox 1356 1067 1539 1103; x_wconf 75' lang='grc' dir='ltr'>κρεμάμενος</span> <span class='ocrx_word' id='word_1_478' title='bbox 1548 1066 1598 1093; x_wconf 72' lang='grc' dir='ltr'><strong>ἐπὶ</strong></span> <span class='ocrx_word' id='word_1_479' title='bbox 1612 1065 1719 1099; x_wconf 69' lang='grc' dir='ltr'><strong>ξύλου.</strong></span> <span class='ocrx_word' id='word_1_480' title='bbox 1735 1064 1813 1092; x_wconf 73' lang='grc' dir='ltr'>Ἐπεὶ</span> <span class='ocrx_word' id='word_1_481' title='bbox 1825 1063 1873 1090; x_wconf 82' lang='grc' dir='ltr'>οὖν</span> 
     </span>
    </p>
   </div>
   <div class='ocr_carea' id='block_1_67' title="bbox 1083 1109 1874 1153">
    <p class='ocr_par' dir='ltr' id='par_1_67' title="bbox 1083 1109 1874 1153">
     <span class='ocr_line' id='line_1_68' title="bbox 1083 1109 1874 1153; baseline -0.009 -11"><span class='ocrx_word' id='word_1_482' title='bbox 1083 1116 1130 1142; x_wconf 71' lang='grc' dir='ltr'><strong>καὶ</strong></span> <span class='ocrx_word' id='word_1_483' title='bbox 1152 1117 1166 1142; x_wconf 81' lang='grc' dir='ltr'><strong>ὸ</strong></span> <span class='ocrx_word' id='word_1_484' title='bbox 1184 1115 1355 1153; x_wconf 80' lang='grc' dir='ltr'>κρεμάμενος</span> <span class='ocrx_word' id='word_1_485' title='bbox 1376 1113 1599 1148; x_wconf 78' lang='grc' dir='ltr'>ἐπικατάρατος,</span> <span class='ocrx_word' id='word_1_486' title='bbox 1620 1111 1668 1138; x_wconf 67' lang='grc' dir='ltr'>καὶ</span> <span class='ocrx_word' id='word_1_487' title='bbox 1690 1112 1705 1137; x_wconf 81' lang='grc' dir='ltr'><strong><em>ὁ</em></strong></span> <span class='ocrx_word' id='word_1_488' title='bbox 1727 1110 1772 1137; x_wconf 72' lang='grc' dir='ltr'><strong>τὸν</strong></span> <span class='ocrx_word' id='word_1_489' title='bbox 1791 1109 1874 1144; x_wconf 79' lang='grc' dir='ltr'>νόμον</span> 
     </span>
    </p>
   </div>
   <div class='ocr_carea' id='block_1_68' title="bbox 1084 1155 1874 1198">
    <p class='ocr_par' dir='ltr' id='par_1_68' title="bbox 1084 1155 1874 1198">
     <span class='ocr_line' id='line_1_69' title="bbox 1084 1155 1874 1198; baseline -0.01 -9"><span class='ocrx_word' id='word_1_490' title='bbox 1084 1161 1262 1198; x_wconf 70' lang='grc' dir='ltr'>παραϐαίνων</span> <span class='ocrx_word' id='word_1_491' title='bbox 1278 1160 1494 1194; x_wconf 78' lang='grc' dir='ltr'>ἐπικατάρατος,</span> <span class='ocrx_word' id='word_1_492' title='bbox 1509 1158 1556 1185; x_wconf 81' lang='grc' dir='ltr'><strong>τὸν</strong></span> <span class='ocrx_word' id='word_1_493' title='bbox 1573 1157 1706 1193; x_wconf 80' lang='grc' dir='ltr'>μέλλοντα</span> <span class='ocrx_word' id='word_1_494' title='bbox 1722 1156 1751 1183; x_wconf 88' lang='grc' dir='ltr'><strong>δέ</strong></span> <span class='ocrx_word' id='word_1_495' title='bbox 1765 1155 1874 1190; x_wconf 72' lang='grc' dir='ltr'>ἐκείνην</span> 
     </span>
    </p>
   </div>
   <div class='ocr_carea' id='block_1_69' title="bbox 1082 1201 1884 1241">
    <p class='ocr_par' dir='ltr' id='par_1_69' title="bbox 1082 1201 1884 1241">
     <span class='ocr_line' id='line_1_70' title="bbox 1082 1201 1884 1241; baseline -0.009 -8"><span class='ocrx_word' id='word_1_496' title='bbox 1082 1207 1157 1233; x_wconf 83' lang='grc' dir='ltr'>λύειν</span> <span class='ocrx_word' id='word_1_497' title='bbox 1177 1206 1226 1241; x_wconf 79' lang='grc' dir='ltr'>τὴν</span> <span class='ocrx_word' id='word_1_498' title='bbox 1253 1205 1397 1240; x_wconf 80' lang='grc' dir='ltr'>κατάραν,</span> <span class='ocrx_word' id='word_1_499' title='bbox 1412 1203 1564 1230; x_wconf 80' lang='grc' dir='ltr'>ὑπεύθυνον</span> <span class='ocrx_word' id='word_1_500' title='bbox 1591 1203 1641 1229; x_wconf 85' lang='grc' dir='ltr'><strong>οὐκ</strong></span> <span class='ocrx_word' id='word_1_501' title='bbox 1670 1202 1724 1229; x_wconf 74' lang='grc' dir='ltr'>ἔδει</span> <span class='ocrx_word' id='word_1_502' title='bbox 1747 1201 1884 1235; x_wconf 82' lang='grc' dir='ltr'>γενέσθαι,</span> 
     </span>
    </p>
   </div>
   <div class='ocr_carea' id='block_1_70' title="bbox 1084 1246 1875 1287">
    <p class='ocr_par' dir='ltr' id='par_1_70' title="bbox 1084 1246 1875 1287">
     <span class='ocr_line' id='line_1_71' title="bbox 1084 1246 1875 1287; baseline -0.008 -8"><span class='ocrx_word' id='word_1_503' title='bbox 1084 1253 1164 1287; x_wconf 79' lang='grc' dir='ltr'>αὐτῇ.</span> <span class='ocrx_word' id='word_1_504' title='bbox 1179 1251 1233 1279; x_wconf 78' lang='grc' dir='ltr'>ἔδει</span> <span class='ocrx_word' id='word_1_505' title='bbox 1259 1251 1287 1278; x_wconf 70' lang='grc' dir='ltr'><strong>δὲ</strong></span> <span class='ocrx_word' id='word_1_506' title='bbox 1303 1249 1432 1284; x_wconf 72' lang='grc' dir='ltr'>δέξασθαι</span> <span class='ocrx_word' id='word_1_507' title='bbox 1457 1249 1578 1285; x_wconf 79' lang='grc' dir='ltr'>κατάραν</span> <span class='ocrx_word' id='word_1_508' title='bbox 1603 1248 1661 1275; x_wconf 74' lang='grc' dir='ltr'>ἀντ’</span> <span class='ocrx_word' id='word_1_509' title='bbox 1682 1247 1790 1282; x_wconf 75' lang='grc' dir='ltr'>ἐκείνης</span> <span class='ocrx_word' id='word_1_510' title='bbox 1801 1265 1808 1278; x_wconf 84' lang='lat'>.</span> <span class='ocrx_word' id='word_1_511' title='bbox 1825 1246 1875 1280; x_wconf 84' lang='grc' dir='ltr'>τῆς</span> 
     </span>
    </p>
   </div>
   <div class='ocr_carea' id='block_1_71' title="bbox 1084 1291 1876 1333">
    <p class='ocr_par' dir='ltr' id='par_1_71' title="bbox 1084 1291 1876 1333">
     <span class='ocr_line' id='line_1_72' title="bbox 1084 1291 1876 1333; baseline -0.01 -7"><span class='ocrx_word' id='word_1_512' title='bbox 1084 1297 1323 1333; x_wconf 80' lang='grc' dir='ltr'>καταδικαζούσης</span> <span class='ocrx_word' id='word_1_513' title='bbox 1336 1296 1409 1330; x_wconf 75' lang='grc' dir='ltr'>λέγω</span> <span class='ocrx_word' id='word_1_514' title='bbox 1420 1317 1427 1329; x_wconf 86' lang='grc'><strong>,</strong></span> <span class='ocrx_word' id='word_1_515' title='bbox 1441 1295 1488 1322; x_wconf 78' lang='grc' dir='ltr'><strong>τὸν</strong></span> <span class='ocrx_word' id='word_1_516' title='bbox 1511 1294 1549 1330; x_wconf 84' lang='grc' dir='ltr'>μὴ</span> <span class='ocrx_word' id='word_1_517' title='bbox 1567 1291 1724 1329; x_wconf 74' lang='grc' dir='ltr'>ἐμμένοντα</span> <span class='ocrx_word' id='word_1_518' title='bbox 1738 1292 1805 1320; x_wconf 78' lang='grc' dir='ltr'>πᾶσι</span> <span class='ocrx_word' id='word_1_519' title='bbox 1818 1292 1876 1323; x_wconf 78' lang='grc' dir='ltr'>τοῖς</span> 
     </span>
    </p>
   </div>
   <div class='ocr_carea' id='block_1_72' title="bbox 1084 1336 1876 1380">
    <p class='ocr_par' dir='ltr' id='par_1_72' title="bbox 1084 1336 1876 1380">
     <span class='ocr_line' id='line_1_73' title="bbox 1084 1336 1876 1380; baseline -0.01 -9"><span class='ocrx_word' id='word_1_520' title='bbox 1084 1343 1298 1380; x_wconf 79' lang='grc' dir='ltr'>γεγραμμένοις,</span> <span class='ocrx_word' id='word_1_521' title='bbox 1314 1342 1410 1369; x_wconf 83' lang='grc' dir='ltr'>τούτου</span> <span class='ocrx_word' id='word_1_522' title='bbox 1429 1340 1510 1376; x_wconf 85' lang='grc' dir='ltr'>χάριν</span> <span class='ocrx_word' id='word_1_523' title='bbox 1521 1356 1528 1372; x_wconf 81' lang='lat'><strong>,</strong></span> <span class='ocrx_word' id='word_1_524' title='bbox 1539 1339 1590 1375; x_wconf 82' lang='grc' dir='ltr'>τῆς</span> <span class='ocrx_word' id='word_1_525' title='bbox 1606 1339 1654 1374; x_wconf 68' lang='grc' dir='ltr'>μὲν</span> <span class='ocrx_word' id='word_1_526' title='bbox 1669 1337 1812 1373; x_wconf 74' lang='grc' dir='ltr'>ἐλεύθερος</span> <span class='ocrx_word' id='word_1_527' title='bbox 1827 1336 1876 1370; x_wconf 61' lang='grc' dir='ltr'><strong>γέέ</strong></span> 
     </span>
    </p>
   </div>
   <div class='ocr_carea' id='block_1_73' title="bbox 1085 1383 1876 1424">
    <p class='ocr_par' dir='ltr' id='par_1_73' title="bbox 1085 1383 1876 1424">
     <span class='ocr_line' id='line_1_74' title="bbox 1085 1383 1876 1424; baseline -0.011 -7"><span class='ocrx_word' id='word_1_528' title='bbox 1085 1398 1176 1424; x_wconf 84' lang='grc' dir='ltr'>γονεν.</span> <span class='ocrx_word' id='word_1_529' title='bbox 1196 1390 1257 1424; x_wconf 81' lang='grc' dir='ltr'><strong>οὐχ</strong></span> <span class='ocrx_word' id='word_1_530' title='bbox 1275 1388 1382 1423; x_wconf 74' lang='grc' dir='ltr'>εὑρέθη</span> <span class='ocrx_word' id='word_1_531' title='bbox 1396 1387 1452 1423; x_wconf 78' lang='grc' dir='ltr'>γὰρ</span> <span class='ocrx_word' id='word_1_532' title='bbox 1462 1385 1552 1417; x_wconf 75' lang='grc' dir='ltr'>δόλος</span> <span class='ocrx_word' id='word_1_533' title='bbox 1566 1385 1601 1412; x_wconf 77' lang='grc' dir='ltr'>ἐν</span> <span class='ocrx_word' id='word_1_534' title='bbox 1615 1383 1656 1417; x_wconf 77' lang='grc' dir='ltr'>τῷ</span> <span class='ocrx_word' id='word_1_535' title='bbox 1675 1384 1801 1419; x_wconf 76' lang='grc' dir='ltr'>στόματι</span> <span class='ocrx_word' id='word_1_536' title='bbox 1821 1383 1876 1409; x_wconf 82' lang='grc' dir='ltr'><strong>αὺ-</strong></span> 
     </span>
    </p>
   </div>
   <div class='ocr_carea' id='block_1_74' title="bbox 1085 1426 1878 1469">
    <p class='ocr_par' dir='ltr' id='par_1_74' title="bbox 1085 1426 1878 1469">
     <span class='ocr_line' id='line_1_75' title="bbox 1085 1426 1878 1469; baseline -0.013 -7"><span class='ocrx_word' id='word_1_537' title='bbox 1085 1435 1137 1463; x_wconf 87' lang='grc' dir='ltr'>τοῦ</span> <span class='ocrx_word' id='word_1_538' title='bbox 1147 1444 1153 1451; x_wconf 87' lang='grc'>·</span> <span class='ocrx_word' id='word_1_539' title='bbox 1168 1435 1271 1469; x_wconf 77' lang='grc' dir='ltr'>ταύτην</span> <span class='ocrx_word' id='word_1_540' title='bbox 1294 1434 1324 1460; x_wconf 79' lang='grc' dir='ltr'><strong>δὲ</strong></span> <span class='ocrx_word' id='word_1_541' title='bbox 1338 1433 1444 1466; x_wconf 75' lang='grc' dir='ltr'>ἑλαῦεν,</span> <span class='ocrx_word' id='word_1_542' title='bbox 1457 1431 1508 1467; x_wconf 79' lang='grc' dir='ltr'><strong>τὴν</strong></span> <span class='ocrx_word' id='word_1_543' title='bbox 1523 1430 1675 1458; x_wconf 74' lang='grc' dir='ltr'>ὑπεύθυνον</span> <span class='ocrx_word' id='word_1_544' title='bbox 1687 1427 1770 1463; x_wconf 71' lang='grc' dir='ltr'>ἑαυτῇ</span> <span class='ocrx_word' id='word_1_545' title='bbox 1785 1426 1878 1454; x_wconf 70' lang='grc' dir='ltr'>ποιοῦο</span> 
     </span>
    </p>
   </div>
   <div class='ocr_carea' id='block_1_75' title="bbox 1086 1472 1889 1514">
    <p class='ocr_par' dir='ltr' id='par_1_75' title="bbox 1086 1472 1889 1514">
     <span class='ocr_line' id='line_1_76' title="bbox 1086 1472 1889 1514; baseline -0.012 -8"><span class='ocrx_word' id='word_1_546' title='bbox 1086 1487 1136 1506; x_wconf 87' lang='grc' dir='ltr'><strong>σαν</strong></span> <span class='ocrx_word' id='word_1_547' title='bbox 1146 1479 1191 1505; x_wconf 78' lang='grc' dir='ltr'>τὸν</span> <span class='ocrx_word' id='word_1_548' title='bbox 1208 1478 1384 1514; x_wconf 79' lang='grc' dir='ltr'>κρεμάμενον</span> <span class='ocrx_word' id='word_1_549' title='bbox 1395 1477 1441 1504; x_wconf 76' lang='grc' dir='ltr'>ἐπὶ</span> <span class='ocrx_word' id='word_1_550' title='bbox 1453 1476 1544 1510; x_wconf 81' lang='grc' dir='ltr'><strong>ξύλου,</strong></span> <span class='ocrx_word' id='word_1_551' title='bbox 1560 1475 1609 1502; x_wconf 75' lang='grc' dir='ltr'>καὶ</span> <span class='ocrx_word' id='word_1_552' title='bbox 1618 1475 1651 1502; x_wconf 82' lang='grc' dir='ltr'>δι’</span> <span class='ocrx_word' id='word_1_553' title='bbox 1668 1473 1755 1514; x_wconf 73' lang='grc' dir='ltr'>αὐτῆς</span> <span class='ocrx_word' id='word_1_554' title='bbox 1768 1472 1876 1505; x_wconf 80' lang='grc' dir='ltr'>ἐκείνην</span> <span class='ocrx_word' id='word_1_555' title='bbox 1887 1495 1889 1497; x_wconf 84' lang='grc'><strong><em>,</em></strong></span> 
     </span>
    </p>
   </div>
   <div class='ocr_carea' id='block_1_76' title="bbox 1085 1516 1875 1558">
    <p class='ocr_par' dir='ltr' id='par_1_76' title="bbox 1085 1516 1875 1558">
     <span class='ocr_line' id='line_1_77' title="bbox 1085 1516 1875 1558; baseline -0.014 -6"><span class='ocrx_word' id='word_1_556' title='bbox 1085 1525 1179 1552; x_wconf 79' lang='grc' dir='ltr'>ἔλυσεν</span> <span class='ocrx_word' id='word_1_557' title='bbox 1197 1533 1206 1540; x_wconf 91' lang='grc'><strong>·</strong></span> <span class='ocrx_word' id='word_1_558' title='bbox 1231 1524 1279 1552; x_wconf 82' lang='grc' dir='ltr'>καὶ</span> <span class='ocrx_word' id='word_1_559' title='bbox 1304 1523 1429 1558; x_wconf 82' lang='grc' dir='ltr'>καθάπερ</span> <span class='ocrx_word' id='word_1_560' title='bbox 1445 1522 1517 1554; x_wconf 75' lang='grc' dir='ltr'>τινὸς</span> <span class='ocrx_word' id='word_1_561' title='bbox 1538 1518 1784 1548; x_wconf 74' lang='grc' dir='ltr'>καταδικασθέντος</span> <span class='ocrx_word' id='word_1_562' title='bbox 1806 1516 1875 1542; x_wconf 87' lang='grc' dir='ltr'>άπο-</span> 
     </span>
    </p>
   </div>
   <div class='ocr_carea' id='block_1_77' title="bbox 1085 1560 1875 1605">
    <p class='ocr_par' dir='ltr' id='par_1_77' title="bbox 1085 1560 1875 1605">
     <span class='ocr_line' id='line_1_78' title="bbox 1085 1560 1875 1605; baseline -0.016 -7"><span class='ocrx_word' id='word_1_563' title='bbox 1085 1571 1177 1598; x_wconf 86' lang='grc' dir='ltr'>θανεῖν</span> <span class='ocrx_word' id='word_1_564' title='bbox 1193 1592 1200 1603; x_wconf 86' lang='grc'>,</span> <span class='ocrx_word' id='word_1_565' title='bbox 1224 1570 1319 1605; x_wconf 73' lang='grc' dir='ltr'>ἕτερος</span> <span class='ocrx_word' id='word_1_566' title='bbox 1346 1568 1493 1599; x_wconf 79' lang='grc' dir='ltr'>ἀνεύθυνος</span> <span class='ocrx_word' id='word_1_567' title='bbox 1520 1565 1649 1600; x_wconf 79' lang='grc' dir='ltr'>ἐλόμενος</span> <span class='ocrx_word' id='word_1_568' title='bbox 1673 1562 1745 1598; x_wconf 63' lang='grc' dir='ltr'>ὑπὲρ</span> <span class='ocrx_word' id='word_1_569' title='bbox 1771 1560 1875 1588; x_wconf 83' lang='grc' dir='ltr'>ἐκείνου</span> 
     </span>
    </p>
   </div>
   <div class='ocr_carea' id='block_1_78' title="bbox 1086 1606 1877 1650">
    <p class='ocr_par' dir='ltr' id='par_1_78' title="bbox 1086 1606 1877 1650">
     <span class='ocr_line' id='line_1_79' title="bbox 1086 1606 1877 1650; baseline -0.015 -7"><span class='ocrx_word' id='word_1_570' title='bbox 1086 1616 1234 1643; x_wconf 78' lang='grc' dir='ltr'>ἀποθανεῖν</span> <span class='ocrx_word' id='word_1_571' title='bbox 1248 1614 1399 1650; x_wconf 79' lang='grc' dir='ltr'>ἐξαρπάζει</span> <span class='ocrx_word' id='word_1_572' title='bbox 1414 1613 1464 1648; x_wconf 83' lang='grc' dir='ltr'>τῆς</span> <span class='ocrx_word' id='word_1_573' title='bbox 1477 1610 1616 1647; x_wconf 83' lang='grc' dir='ltr'>τιμωρίας</span> <span class='ocrx_word' id='word_1_574' title='bbox 1637 1608 1731 1640; x_wconf 75' lang='grc' dir='ltr'>αὐτὸν,</span> <span class='ocrx_word' id='word_1_575' title='bbox 1745 1606 1817 1633; x_wconf 76' lang='grc' dir='ltr'>οὕτω</span> <span class='ocrx_word' id='word_1_576' title='bbox 1829 1606 1877 1632; x_wconf 74' lang='grc' dir='ltr'>καὶ</span> 
     </span>
    </p>
   </div>
   <div class='ocr_carea' id='block_1_79' title="bbox 1086 1650 1885 1696">
    <p class='ocr_par' dir='ltr' id='par_1_79' title="bbox 1086 1650 1885 1696">
     <span class='ocr_line' id='line_1_80' title="bbox 1086 1650 1885 1696; baseline -0.015 -8"><span class='ocrx_word' id='word_1_577' title='bbox 1086 1662 1100 1688; x_wconf 83' lang='grc' dir='ltr'><strong>ὁ</strong></span> <span class='ocrx_word' id='word_1_578' title='bbox 1119 1659 1236 1696; x_wconf 79' lang='grc' dir='ltr'>Χριστὸς</span> <span class='ocrx_word' id='word_1_579' title='bbox 1256 1659 1386 1694; x_wconf 77' lang='grc' dir='ltr'>ἐποίησεν</span> <span class='ocrx_word' id='word_1_580' title='bbox 1398 1667 1405 1674; x_wconf 84' lang='grc'>·</span> <span class='ocrx_word' id='word_1_581' title='bbox 1423 1657 1520 1692; x_wconf 82' lang='grc' dir='ltr'>ὥσπερ</span> <span class='ocrx_word' id='word_1_582' title='bbox 1535 1654 1583 1683; x_wconf 83' lang='grc' dir='ltr'>οὖν</span> <span class='ocrx_word' id='word_1_583' title='bbox 1602 1655 1616 1682; x_wconf 77' lang='grc' dir='ltr'>ὁ</span> <span class='ocrx_word' id='word_1_584' title='bbox 1638 1651 1783 1681; x_wconf 82' lang='grc' dir='ltr'>ἀποθανὼν</span> <span class='ocrx_word' id='word_1_585' title='bbox 1797 1650 1885 1696; x_wconf 50' lang='grc' dir='ltr'>άνεύξ</span> 
     </span>
    </p>
   </div>
   <div class='ocr_carea' id='block_1_80' title="bbox 1087 1695 1880 1741">
    <p class='ocr_par' dir='ltr' id='par_1_80' title="bbox 1087 1695 1880 1741">
     <span class='ocr_line' id='line_1_81' title="bbox 1087 1695 1880 1741; baseline -0.018 -5"><span class='ocrx_word' id='word_1_586' title='bbox 1087 1695 1165 1740; x_wconf 80' lang='grc' dir='ltr'>θυνος</span> <span class='ocrx_word' id='word_1_587' title='bbox 1177 1706 1396 1739; x_wconf 71' lang='grc' dir='ltr'>τοὺςιάποθανεῐν</span> <span class='ocrx_word' id='word_1_588' title='bbox 1409 1704 1555 1741; x_wconf 76' lang='grc' dir='ltr'>μέλλοντας</span> <span class='ocrx_word' id='word_1_589' title='bbox 1569 1701 1687 1735; x_wconf 79' lang='grc' dir='ltr'>ἐξείλετο</span> <span class='ocrx_word' id='word_1_590' title='bbox 1709 1697 1825 1726; x_wconf 83' lang='grc' dir='ltr'>θανάτου</span> <span class='ocrx_word' id='word_1_591' title='bbox 1839 1695 1880 1731; x_wconf 83' lang='grc' dir='ltr'>τῷ</span> 
     </span>
    </p>
   </div>
   <div class='ocr_carea' id='block_1_81' title="bbox 1088 1743 1879 1788">
    <p class='ocr_par' dir='ltr' id='par_1_81' title="bbox 1088 1743 1879 1788">
     <span class='ocr_line' id='line_1_82' title="bbox 1088 1743 1879 1788; baseline -0.018 -6"><span class='ocrx_word' id='word_1_592' title='bbox 1088 1754 1185 1782; x_wconf 79' lang='grc' dir='ltr'>ἐαυτοῦ</span> <span class='ocrx_word' id='word_1_593' title='bbox 1202 1753 1319 1788; x_wconf 78' lang='grc' dir='ltr'>θανάτῳ,</span> <span class='ocrx_word' id='word_1_594' title='bbox 1333 1751 1405 1779; x_wconf 78' lang='grc' dir='ltr'>οὕτω</span> <span class='ocrx_word' id='word_1_595' title='bbox 1418 1751 1465 1778; x_wconf 80' lang='grc' dir='ltr'>καὶ</span> <span class='ocrx_word' id='word_1_596' title='bbox 1480 1749 1603 1785; x_wconf 78' lang='grc' dir='ltr'>κατάραν</span> <span class='ocrx_word' id='word_1_597' title='bbox 1618 1746 1765 1781; x_wconf 75' lang='grc' dir='ltr'>δεξάμενος</span> <span class='ocrx_word' id='word_1_598' title='bbox 1780 1743 1795 1769; x_wconf 85' lang='grc' dir='ltr'>ὁ</span> <span class='ocrx_word' id='word_1_599' title='bbox 1811 1743 1879 1777; x_wconf 79' lang='grc' dir='ltr'>Χρι-</span> 
     </span>
    </p>
   </div>
   <div class='ocr_carea' id='block_1_82' title="bbox 1090 1795 1539 1835">
    <p class='ocr_par' dir='ltr' id='par_1_82' title="bbox 1090 1795 1539 1835">
     <span class='ocr_line' id='line_1_83' title="bbox 1090 1795 1539 1835; baseline -0.009 -9"><span class='ocrx_word' id='word_1_600' title='bbox 1090 1801 1162 1832; x_wconf 75' lang='grc' dir='ltr'>στὸς,</span> <span class='ocrx_word' id='word_1_601' title='bbox 1174 1800 1224 1835; x_wconf 79' lang='grc' dir='ltr'>τῆς</span> <span class='ocrx_word' id='word_1_602' title='bbox 1235 1799 1357 1834; x_wconf 78' lang='grc' dir='ltr'>κατάρας</span> <span class='ocrx_word' id='word_1_603' title='bbox 1369 1795 1508 1834; x_wconf 77' lang='grc' dir='ltr'>ἀπήλλαξε</span> <span class='ocrx_word' id='word_1_604' title='bbox 1514 1804 1539 1823; x_wconf 92' lang='grc' dir='ltr'>ν.</span> 
     </span>
    </p>
   </div>
   <div class='ocr_carea' id='block_1_83' title="bbox 1128 1876 1880 1920">
    <p class='ocr_par' dir='ltr' id='par_1_83' title="bbox 1128 1876 1880 1920">
     <span class='ocr_line' id='line_1_84' title="bbox 1128 1876 1880 1920; baseline -0.019 -4"><span class='ocrx_word' id='word_1_605' title='bbox 1128 1897 1137 1915; x_wconf 83' lang='grc' dir='ltr'><strong>ι</strong></span> <span class='ocrx_word' id='word_1_606' title='bbox 1155 1889 1216 1915; x_wconf 84' lang='grc' dir='ltr'><strong>Ἵνα</strong></span> <span class='ocrx_word' id='word_1_607' title='bbox 1230 1887 1271 1918; x_wconf 81' lang='grc' dir='ltr'><strong>είς</strong></span> <span class='ocrx_word' id='word_1_608' title='bbox 1283 1886 1317 1914; x_wconf 78' lang='grc' dir='ltr'><strong>τὰ</strong></span> <span class='ocrx_word' id='word_1_609' title='bbox 1327 1885 1391 1920; x_wconf 77' lang='grc' dir='ltr'>ἔθνη</span> <span class='ocrx_word' id='word_1_610' title='bbox 1410 1885 1427 1919; x_wconf 79' lang='grc' dir='ltr'>ἡ</span> <span class='ocrx_word' id='word_1_611' title='bbox 1447 1883 1558 1918; x_wconf 76' lang='grc' dir='ltr'>εὐλογία</span> <span class='ocrx_word' id='word_1_612' title='bbox 1582 1881 1630 1908; x_wconf 75' lang='grc' dir='ltr'>τοῦ</span> <span class='ocrx_word' id='word_1_613' title='bbox 1653 1878 1780 1914; x_wconf 76' lang='grc' dir='ltr'><strong>’Δσριὰμ</strong></span> <span class='ocrx_word' id='word_1_614' title='bbox 1796 1876 1880 1911; x_wconf 79' lang='grc' dir='ltr'>γένη-</span> 
     </span>
    </p>
   </div>
   <div class='ocr_carea' id='block_1_84' title="bbox 1089 1929 1456 1968">
    <p class='ocr_par' dir='ltr' id='par_1_84' title="bbox 1089 1929 1456 1968">
     <span class='ocr_line' id='line_1_85' title="bbox 1089 1929 1456 1968; baseline -0.014 -7"><span class='ocrx_word' id='word_1_615' title='bbox 1089 1943 1134 1961; x_wconf 84' lang='grc' dir='ltr'><strong>ται</strong></span> <span class='ocrx_word' id='word_1_616' title='bbox 1148 1934 1177 1960; x_wconf 83' lang='grc' dir='ltr'><strong>ἐν</strong></span> <span class='ocrx_word' id='word_1_617' title='bbox 1197 1931 1308 1968; x_wconf 86' lang='grc' dir='ltr'>Χριστῷ</span> <span class='ocrx_word' id='word_1_618' title='bbox 1328 1929 1428 1966; x_wconf 79' lang='grc' dir='ltr'><strong>Ἰησοῦ.</strong></span> <span class='ocrx_word' id='word_1_619' title='bbox 1447 1939 1456 1955; x_wconf 77' lang='grc' dir='ltr'><strong>ι</strong></span> 
     </span>
    </p>
   </div>
   <div class='ocr_carea' id='block_1_85' title="bbox 1125 1967 1881 2012">
    <p class='ocr_par' dir='ltr' id='par_1_85' title="bbox 1125 1967 1881 2012">
     <span class='ocr_line' id='line_1_86' title="bbox 1125 1967 1881 2012; baseline -0.019 -5"><span class='ocrx_word' id='word_1_620' title='bbox 1125 1979 1186 2011; x_wconf 86' lang='grc' dir='ltr'><strong>ΙΙῶς</strong></span> <span class='ocrx_word' id='word_1_621' title='bbox 1196 1967 1236 2010; x_wconf 76' lang='grc' dir='ltr'><strong>είς</strong></span> <span class='ocrx_word' id='word_1_622' title='bbox 1250 1978 1285 2005; x_wconf 83' lang='grc' dir='ltr'><strong>τὰ</strong></span> <span class='ocrx_word' id='word_1_623' title='bbox 1301 1977 1366 2012; x_wconf 75' lang='grc' dir='ltr'>ἔθνη</span> <span class='ocrx_word' id='word_1_624' title='bbox 1380 1985 1388 2010; x_wconf 82' lang='lat'><strong>;</strong></span> <span class='ocrx_word' id='word_1_625' title='bbox 1404 1975 1460 2003; x_wconf 73' lang='grc' dir='ltr'><strong>Ἰξν</strong></span> <span class='ocrx_word' id='word_1_626' title='bbox 1480 1974 1520 2007; x_wconf 84' lang='grc' dir='ltr'>τῷ</span> <span class='ocrx_word' id='word_1_627' title='bbox 1533 1971 1681 2007; x_wconf 76' lang='grc' dir='ltr'>σπέρματι</span> <span class='ocrx_word' id='word_1_628' title='bbox 1695 1978 1754 1998; x_wconf 89' lang='grc' dir='ltr'><strong>σου</strong></span> <span class='ocrx_word' id='word_1_629' title='bbox 1763 1990 1771 2002; x_wconf 86' lang='grc'>,</span> <span class='ocrx_word' id='word_1_630' title='bbox 1785 1967 1881 2003; x_wconf 71' lang='grc' dir='ltr'>φησιν.</span> 
     </span>
    </p>
   </div>
   <div class='ocr_carea' id='block_1_86' title="bbox 1089 2013 1880 2060">
    <p class='ocr_par' dir='ltr' id='par_1_86' title="bbox 1089 2013 1880 2060">
     <span class='ocr_line' id='line_1_87' title="bbox 1089 2013 1880 2060; baseline -0.019 -7"><span class='ocrx_word' id='word_1_631' title='bbox 1089 2024 1348 2060; x_wconf 70' lang='grc' dir='ltr'>εὐλογηθήσονται</span> <span class='ocrx_word' id='word_1_632' title='bbox 1378 2022 1415 2049; x_wconf 79' lang='grc' dir='ltr'>τὰ</span> <span class='ocrx_word' id='word_1_633' title='bbox 1438 2021 1528 2053; x_wconf 75' lang='grc' dir='ltr'><strong>ἔθνη,</strong></span> <span class='ocrx_word' id='word_1_634' title='bbox 1545 2017 1669 2045; x_wconf 72' lang='grc' dir='ltr'>τουτέστι</span> <span class='ocrx_word' id='word_1_635' title='bbox 1701 2014 1816 2060; x_wconf 78' lang='grc' dir='ltr'>Κυρίου.</span> <span class='ocrx_word' id='word_1_636' title='bbox 1837 2013 1880 2044; x_wconf 81' lang='grc' dir='ltr'>Ὣς</span> 
     </span>
    </p>
   </div>
   <div class='ocr_carea' id='block_1_87' title="bbox 1090 2058 1883 2106">
    <p class='ocr_par' dir='ltr' id='par_1_87' title="bbox 1090 2058 1883 2106">
     <span class='ocr_line' id='line_1_88' title="bbox 1090 2058 1883 2106; baseline -0.019 -8"><span class='ocrx_word' id='word_1_637' title='bbox 1090 2071 1144 2106; x_wconf 81' lang='grc' dir='ltr'><strong>γὰρ</strong></span> <span class='ocrx_word' id='word_1_638' title='bbox 1158 2058 1238 2101; x_wconf 81' lang='grc' dir='ltr'>αὐτός</span> <span class='ocrx_word' id='word_1_639' title='bbox 1250 2068 1302 2095; x_wconf 84' lang='grc' dir='ltr'><strong>πού</strong></span> <span class='ocrx_word' id='word_1_640' title='bbox 1319 2067 1480 2103; x_wconf 74' lang='grc' dir='ltr'>φησινσοὺκ</span> <span class='ocrx_word' id='word_1_641' title='bbox 1493 2063 1570 2095; x_wconf 79' lang='grc' dir='ltr'>εἷπε,</span> <span class='ocrx_word' id='word_1_642' title='bbox 1582 2062 1639 2091; x_wconf 72' lang='grc' dir='ltr'>Καὶ</span> <span class='ocrx_word' id='word_1_643' title='bbox 1653 2061 1716 2093; x_wconf 86' lang='grc' dir='ltr'>τοῖς</span> <span class='ocrx_word' id='word_1_644' title='bbox 1728 2058 1883 2106; x_wconf 70' lang='grc' dir='ltr'>σπέρμαμὶ</span> 
     </span>
    </p>
   </div>
   <div class='ocr_carea' id='block_1_88' title="bbox 1091 2103 1882 2149">
    <p class='ocr_par' dir='ltr' id='par_1_88' title="bbox 1091 2103 1882 2149">
     <span class='ocr_line' id='line_1_89' title="bbox 1091 2103 1882 2149; baseline -0.019 -5"><span class='ocrx_word' id='word_1_645' title='bbox 1091 2103 1160 2149; x_wconf 57' lang='grc' dir='ltr'>σοι),</span> <span class='ocrx_word' id='word_1_646' title='bbox 1172 2115 1212 2149; x_wconf 85' lang='grc' dir='ltr'>ὡς</span> <span class='ocrx_word' id='word_1_647' title='bbox 1220 2114 1269 2141; x_wconf 75' lang='grc' dir='ltr'><strong>ἐπὶ</strong></span> <span class='ocrx_word' id='word_1_648' title='bbox 1285 2111 1416 2146; x_wconf 77' lang='grc' dir='ltr'><strong>πολλῶν,</strong></span> <span class='ocrx_word' id='word_1_649' title='bbox 1431 2111 1522 2143; x_wconf 72' lang='grc' dir='ltr'><em>ἀλλὰ,</em></span> <span class='ocrx_word' id='word_1_650' title='bbox 1534 2108 1576 2141; x_wconf 79' lang='grc' dir='ltr'><strong>Τῷ</strong></span> <span class='ocrx_word' id='word_1_651' title='bbox 1595 2105 1744 2141; x_wconf 76' lang='grc' dir='ltr'>σπερματί</span> <span class='ocrx_word' id='word_1_652' title='bbox 1758 2112 1826 2136; x_wconf 84' lang='grc' dir='ltr'>σου,</span> <span class='ocrx_word' id='word_1_653' title='bbox 1842 2103 1882 2149; x_wconf 47' lang='grc' dir='ltr'><strong>(ἐς</strong></span> 
     </span>
    </p>
   </div>
   <div class='ocr_carea' id='block_1_89' title="bbox 1091 2145 1883 2197">
    <p class='ocr_par' dir='ltr' id='par_1_89' title="bbox 1091 2145 1883 2197">
     <span class='ocr_line' id='line_1_90' title="bbox 1091 2145 1883 2197; baseline -0.02 -7"><span class='ocrx_word' id='word_1_654' title='bbox 1091 2163 1137 2197; x_wconf 73' lang='grc' dir='ltr'><strong>ἐφ’</strong></span> <span class='ocrx_word' id='word_1_655' title='bbox 1152 2145 1221 2194; x_wconf 59' lang='grc' dir='ltr'>ἐνάς</span> <span class='ocrx_word' id='word_1_656' title='bbox 1232 2181 1239 2193; x_wconf 84' lang='grc'>,</span> <span class='ocrx_word' id='word_1_657' title='bbox 1252 2159 1390 2187; x_wconf 73' lang='grc' dir='ltr'>τουτέστι</span> <span class='ocrx_word' id='word_1_658' title='bbox 1411 2155 1538 2192; x_wconf 79' lang='grc' dir='ltr'>Χριστῷ.</span> <span class='ocrx_word' id='word_1_659' title='bbox 1563 2154 1631 2181; x_wconf 77' lang='grc' dir='ltr'><strong>Οὒδέ</strong></span> <span class='ocrx_word' id='word_1_660' title='bbox 1653 2150 1708 2188; x_wconf 80' lang='grc' dir='ltr'><strong>γάρ</strong></span> <span class='ocrx_word' id='word_1_661' title='bbox 1721 2149 1833 2197; x_wconf 68' lang='grc' dir='ltr'>δυνατον</span> 
     </span>
    </p>
   </div>
   <div class='ocr_carea' id='block_1_90' title="bbox 255 2195 1036 2250">
    <p class='ocr_par' dir='ltr' id='par_1_90' title="bbox 255 2195 1036 2250">
     <span class='ocr_line' id='line_1_91' title="bbox 255 2195 1036 2250; baseline -0.008 -7"><span class='ocrx_word' id='word_1_662' title='bbox 255 2218 350 2250; x_wconf 89' lang='lat' dir='ltr'><strong>gentes</strong></span> <span class='ocrx_word' id='word_1_663' title='bbox 365 2213 607 2242; x_wconf 84' lang='lat' dir='ltr'><strong>benedicerentur.</strong></span> <span class='ocrx_word' id='word_1_664' title='bbox 621 2212 680 2245; x_wconf 86' lang='lat' dir='ltr'><strong>Quo</strong></span> <span class='ocrx_word' id='word_1_665' title='bbox 691 2195 764 2239; x_wconf 67' lang='lat' dir='ltr'><strong>enim</strong></span> <span class='ocrx_word' id='word_1_666' title='bbox 781 2215 861 2247; x_wconf 88' lang='lat' dir='ltr'><strong>pacto</strong></span> <span class='ocrx_word' id='word_1_667' title='bbox 874 2195 923 2246; x_wconf 72' lang='lat' dir='ltr'><strong>qui</strong></span> <span class='ocrx_word' id='word_1_668' title='bbox 937 2218 970 2238; x_wconf 77' lang='lat' dir='ltr'><strong>ex</strong></span> <span class='ocrx_word' id='word_1_669' title='bbox 985 2211 1036 2246; x_wconf 75' lang='lat' dir='ltr'><strong>legc</strong></span> 
     </span>
    </p>
   </div>
   <div class='ocr_carea' id='block_1_91' title="bbox 1085 2195 1883 2250">
    <p class='ocr_par' dir='ltr' id='par_1_91' title="bbox 1093 2195 1883 2250">
     <span class='ocr_line' id='line_1_92' title="bbox 1093 2195 1883 2250; baseline -0.02 -15"><span class='ocrx_word' id='word_1_670' title='bbox 1093 2195 1138 2234; x_wconf 77' lang='grc' dir='ltr'>διὰ</span> <span class='ocrx_word' id='word_1_671' title='bbox 1149 2207 1204 2234; x_wconf 83' lang='grc' dir='ltr'><strong>τῶν</strong></span> <span class='ocrx_word' id='word_1_672' title='bbox 1224 2205 1358 2232; x_wconf 81' lang='grc' dir='ltr'>Ἰουδαίων</span> <span class='ocrx_word' id='word_1_673' title='bbox 1377 2201 1548 2237; x_wconf 77' lang='grc' dir='ltr'>εὐλογεῖσθαι</span> <span class='ocrx_word' id='word_1_674' title='bbox 1561 2201 1595 2241; x_wconf 79' lang='grc' dir='ltr'><strong>τὰ</strong></span> <span class='ocrx_word' id='word_1_675' title='bbox 1617 2199 1693 2250; x_wconf 46' lang='grc' dir='ltr'><strong>ιονιξ.</strong></span> <span class='ocrx_word' id='word_1_676' title='bbox 1715 2195 1883 2250; x_wconf 34' lang='grc' dir='ltr'><strong>Πῶςνγὰρῖοἱ</strong></span> 
     </span>
    </p>
   </div>
   <div class='ocr_carea' id='block_1_92' title="bbox 255 2257 1043 2292">
    <p class='ocr_par' dir='ltr' id='par_1_92' title="bbox 255 2257 1043 2292">
     <span class='ocr_line' id='line_1_93' title="bbox 255 2257 1043 2292; baseline -0.003 -5"><span class='ocrx_word' id='word_1_677' title='bbox 255 2260 324 2288; x_wconf 88' lang='lat' dir='ltr'><strong>diris</strong></span> <span class='ocrx_word' id='word_1_678' title='bbox 348 2259 440 2287; x_wconf 88' lang='lat' dir='ltr'><strong>devoti</strong></span> <span class='ocrx_word' id='word_1_679' title='bbox 457 2259 579 2292; x_wconf 84' lang='lat' dir='ltr'><strong>fuerunt,</strong></span> <span class='ocrx_word' id='word_1_680' title='bbox 604 2260 733 2286; x_wconf 81' lang='lat' dir='ltr'><strong>auctores</strong></span> <span class='ocrx_word' id='word_1_681' title='bbox 761 2257 824 2286; x_wconf 81' lang='lat' dir='ltr'><strong>aliis</strong></span> <span class='ocrx_word' id='word_1_682' title='bbox 844 2257 1043 2286; x_wconf 86' lang='lat' dir='ltr'><strong>benedictionis</strong></span> 
     </span>
    </p>
   </div>
   <div class='ocr_carea' id='block_1_93' title="bbox 257 2307 358 2334">
    <p class='ocr_par' dir='ltr' id='par_1_93' title="bbox 257 2307 358 2334">
     <span class='ocr_line' id='line_1_94' title="bbox 257 2307 358 2334; baseline -0.01 0"><span class='ocrx_word' id='word_1_683' title='bbox 257 2307 358 2334; x_wconf 88' lang='lat' dir='ltr'><strong>forent.</strong></span> 
     </span>
    </p>
   </div>
   <div class='ocr_carea' id='block_1_94' title="bbox 295 2347 1044 2386">
    <p class='ocr_par' dir='ltr' id='par_1_94' title="bbox 295 2347 1044 2386">
     <span class='ocr_line' id='line_1_95' title="bbox 295 2347 1044 2386; baseline -0.005 -8"><span class='ocrx_word' id='word_1_684' title='bbox 295 2361 304 2377; x_wconf 83' lang='grc' dir='ltr'><strong>ι</strong></span> <span class='ocrx_word' id='word_1_685' title='bbox 327 2350 362 2378; x_wconf 89' lang='lat' dir='ltr'><strong>Ut</strong></span> <span class='ocrx_word' id='word_1_686' title='bbox 392 2349 619 2386; x_wconf 83' lang='lat' dir='ltr'><strong>pollicitationem</strong></span> <span class='ocrx_word' id='word_1_687' title='bbox 652 2347 775 2384; x_wconf 87' lang='lat' dir='ltr'><strong>Spiritus</strong></span> <span class='ocrx_word' id='word_1_688' title='bbox 804 2347 976 2384; x_wconf 83' lang='lat' dir='ltr'><strong>accipiamus</strong></span> <span class='ocrx_word' id='word_1_689' title='bbox 994 2354 1044 2382; x_wconf 84' lang='lat' dir='ltr'><strong>per</strong></span> 
     </span>
    </p>
   </div>
   <div class='ocr_carea' id='block_1_95' title="bbox 258 2397 379 2425">
    <p class='ocr_par' dir='ltr' id='par_1_95' title="bbox 258 2397 379 2425">
     <span class='ocr_line' id='line_1_96' title="bbox 258 2397 379 2425; baseline -0.025 0"><span class='ocrx_word' id='word_1_690' title='bbox 258 2397 350 2425; x_wconf 85' lang='lat' dir='ltr'><strong>fidem.</strong></span> <span class='ocrx_word' id='word_1_691' title='bbox 369 2406 379 2422; x_wconf 77' lang='grc' dir='ltr'><strong>ι</strong></span> 
     </span>
    </p>
   </div>
   <div class='ocr_carea' id='block_1_96' title="bbox 293 2440 1044 2477">
    <p class='ocr_par' dir='ltr' id='par_1_96' title="bbox 293 2440 1044 2477">
     <span class='ocr_line' id='line_1_97' title="bbox 293 2440 1044 2477; baseline -0.001 -7"><span class='ocrx_word' id='word_1_692' title='bbox 293 2442 361 2470; x_wconf 76' lang='lat' dir='ltr'><strong>Nam</strong></span> <span class='ocrx_word' id='word_1_693' title='bbox 378 2442 444 2476; x_wconf 78' lang='lat' dir='ltr'><strong>quia</strong></span> <span class='ocrx_word' id='word_1_694' title='bbox 463 2442 596 2477; x_wconf 84' lang='lat' dir='ltr'><strong>possibile</strong></span> <span class='ocrx_word' id='word_1_695' title='bbox 617 2449 672 2470; x_wconf 91' lang='lat' dir='ltr'><strong>non</strong></span> <span class='ocrx_word' id='word_1_696' title='bbox 690 2446 750 2470; x_wconf 83' lang='lat' dir='ltr'><strong>erat</strong></span> <span class='ocrx_word' id='word_1_697' title='bbox 769 2446 800 2469; x_wconf 86' lang='lat' dir='ltr'><strong>ut</strong></span> <span class='ocrx_word' id='word_1_698' title='bbox 815 2442 904 2476; x_wconf 84' lang='lat' dir='ltr'><strong>gratia</strong></span> <span class='ocrx_word' id='word_1_699' title='bbox 925 2440 1044 2476; x_wconf 86' lang='lat' dir='ltr'><strong>Spiritus</strong></span> 
     </span>
    </p>
   </div>
   <div class='ocr_carea' id='block_1_97' title="bbox 259 2488 1043 2520">
    <p class='ocr_par' dir='ltr' id='par_1_97' title="bbox 259 2488 1043 2520">
     <span class='ocr_line' id='line_1_98' title="bbox 259 2488 1043 2520; baseline -0.004 -4"><span class='ocrx_word' id='word_1_700' title='bbox 259 2489 293 2516; x_wconf 90' lang='lat' dir='ltr'><strong>ad</strong></span> <span class='ocrx_word' id='word_1_701' title='bbox 312 2488 483 2516; x_wconf 88' lang='lat' dir='ltr'><strong>immundum</strong></span> <span class='ocrx_word' id='word_1_702' title='bbox 501 2491 529 2516; x_wconf 91' lang='lat' dir='ltr'><strong>et</strong></span> <span class='ocrx_word' id='word_1_703' title='bbox 552 2491 695 2515; x_wconf 89' lang='lat' dir='ltr'><strong>nocentem</strong></span> <span class='ocrx_word' id='word_1_704' title='bbox 719 2488 901 2520; x_wconf 85' lang='lat' dir='ltr'><strong>derivaretur,</strong></span> <span class='ocrx_word' id='word_1_705' title='bbox 914 2494 1043 2514; x_wconf 75' lang='lat' dir='ltr'><strong>exsecra-</strong></span> 
     </span>
    </p>
   </div>
   <div class='ocr_carea' id='block_1_98' title="bbox 260 2531 1043 2569">
    <p class='ocr_par' dir='ltr' id='par_1_98' title="bbox 260 2531 1043 2569">
     <span class='ocr_line' id='line_1_99' title="bbox 260 2531 1043 2569; baseline -0.004 -7"><span class='ocrx_word' id='word_1_706' title='bbox 260 2535 334 2563; x_wconf 88' lang='lat' dir='ltr'><strong>tione</strong></span> <span class='ocrx_word' id='word_1_707' title='bbox 349 2534 468 2567; x_wconf 86' lang='lat' dir='ltr'><strong>suhlata,</strong></span> <span class='ocrx_word' id='word_1_708' title='bbox 486 2533 605 2569; x_wconf 91' lang='lat' dir='ltr'><strong>primum</strong></span> <span class='ocrx_word' id='word_1_709' title='bbox 619 2533 831 2566; x_wconf 86' lang='lat' dir='ltr'><strong>benedicuntur,</strong></span> <span class='ocrx_word' id='word_1_710' title='bbox 849 2532 948 2560; x_wconf 80' lang='lat' dir='ltr'><strong>deinde</strong></span> <span class='ocrx_word' id='word_1_711' title='bbox 959 2531 1043 2567; x_wconf 84' lang='lat' dir='ltr'><strong>justi-</strong></span> 
     </span>
    </p>
   </div>
   <div class='ocr_carea' id='block_1_99' title="bbox 259 2575 1041 2615">
    <p class='ocr_par' dir='ltr' id='par_1_99' title="bbox 259 2575 1041 2615">
     <span class='ocr_line' id='line_1_100' title="bbox 259 2575 1041 2615; baseline -0.003 -9"><span class='ocrx_word' id='word_1_712' title='bbox 259 2579 296 2607; x_wconf 87' lang='lat' dir='ltr'><strong>tia</strong></span> <span class='ocrx_word' id='word_1_713' title='bbox 316 2586 364 2615; x_wconf 88' lang='lat' dir='ltr'><strong>per</strong></span> <span class='ocrx_word' id='word_1_714' title='bbox 379 2578 458 2607; x_wconf 84' lang='lat' dir='ltr'><strong>ﬁdem</strong></span> <span class='ocrx_word' id='word_1_715' title='bbox 476 2575 598 2614; x_wconf 75' lang='lat' dir='ltr'><strong>accepta,</strong></span> <span class='ocrx_word' id='word_1_716' title='bbox 615 2575 734 2613; x_wconf 82' lang='lat' dir='ltr'><strong>Spiritus</strong></span> <span class='ocrx_word' id='word_1_717' title='bbox 754 2578 871 2614; x_wconf 75' lang='lat' dir='ltr'><strong>gratiam</strong></span> <span class='ocrx_word' id='word_1_718' title='bbox 889 2577 1041 2605; x_wconf 80' lang='lat' dir='ltr'><strong>attrahunt.</strong></span> 
     </span>
    </p>
   </div>
   <div class='ocr_carea' id='block_1_100' title="bbox 260 2614 1040 2660">
    <p class='ocr_par' dir='ltr' id='par_1_100' title="bbox 260 2614 1040 2660">
     <span class='ocr_line' id='line_1_101' title="bbox 260 2614 1040 2660; baseline -0.004 -8"><span class='ocrx_word' id='word_1_719' title='bbox 260 2614 349 2660; x_wconf 79' lang='lat' dir='ltr'><strong>Atque</strong></span> <span class='ocrx_word' id='word_1_720' title='bbox 374 2624 442 2652; x_wconf 89' lang='lat' dir='ltr'><strong>adeo</strong></span> <span class='ocrx_word' id='word_1_721' title='bbox 467 2630 536 2651; x_wconf 81' lang='lat' dir='ltr'><strong>crux</strong></span> <span class='ocrx_word' id='word_1_722' title='bbox 561 2623 670 2659; x_wconf 85' lang='lat' dir='ltr'><strong>quidem</strong></span> <span class='ocrx_word' id='word_1_723' title='bbox 695 2614 913 2651; x_wconf 77' lang='lat' dir='ltr'><strong>exsecrationem</strong></span> <span class='ocrx_word' id='word_1_724' title='bbox 942 2623 1040 2656; x_wconf 80' lang='lat' dir='ltr'><strong>solvit,</strong></span> 
     </span>
    </p>
   </div>
   <div class='ocr_carea' id='block_1_101' title="bbox 261 2664 1046 2704">
    <p class='ocr_par' dir='ltr' id='par_1_101' title="bbox 261 2664 1046 2704">
     <span class='ocr_line' id='line_1_102' title="bbox 261 2664 1046 2704; baseline -0.006 -5"><span class='ocrx_word' id='word_1_725' title='bbox 261 2670 328 2699; x_wconf 87' lang='lat' dir='ltr'><strong>lldes</strong></span> <span class='ocrx_word' id='word_1_726' title='bbox 342 2676 406 2698; x_wconf 84' lang='lat' dir='ltr'><strong>vero</strong></span> <span class='ocrx_word' id='word_1_727' title='bbox 426 2668 562 2704; x_wconf 76' lang='lat' dir='ltr'><strong>Justitiam</strong></span> <span class='ocrx_word' id='word_1_728' title='bbox 584 2664 719 2704; x_wconf 67' lang='lat' dir='ltr'><strong>prmstltit,</strong></span> <span class='ocrx_word' id='word_1_729' title='bbox 751 2673 778 2697; x_wconf 88' lang='lat' dir='ltr'><strong>et</strong></span> <span class='ocrx_word' id='word_1_730' title='bbox 802 2667 909 2704; x_wconf 86' lang='lat' dir='ltr'><strong>justitia</strong></span> <span class='ocrx_word' id='word_1_731' title='bbox 928 2667 1046 2703; x_wconf 82' lang='lat' dir='ltr'><strong>gratiam</strong></span> 
     </span>
    </p>
   </div>
   <div class='ocr_carea' id='block_1_102' title="bbox 262 2716 502 2752">
    <p class='ocr_par' dir='ltr' id='par_1_102' title="bbox 262 2716 502 2752">
     <span class='ocr_line' id='line_1_103' title="bbox 262 2716 502 2752; baseline -0.008 -8"><span class='ocrx_word' id='word_1_732' title='bbox 262 2716 383 2752; x_wconf 84' lang='lat' dir='ltr'><strong>Spiritus</strong></span> <span class='ocrx_word' id='word_1_733' title='bbox 398 2716 502 2743; x_wconf 80' lang='lat' dir='ltr'><strong>allexit.</strong></span> 
     </span>
    </p>
   </div>
   <div class='ocr_carea' id='block_1_103' title="bbox 276 2760 1046 2796">
    <p class='ocr_par' dir='ltr' id='par_1_103' title="bbox 276 2760 1046 2796">
     <span class='ocr_line' id='line_1_104' title="bbox 276 2760 1046 2796; baseline -0.005 -6"><span class='ocrx_word' id='word_1_734' title='bbox 276 2792 279 2796; x_wconf 61' lang='grc'>,</span> <span class='ocrx_word' id='word_1_735' title='bbox 300 2762 380 2790; x_wconf 73' lang='lat' dir='ltr'><strong>Vsus.</strong></span> <span class='ocrx_word' id='word_1_736' title='bbox 392 2762 484 2790; x_wconf 78' lang='grc'><strong>15-18.</strong></span> <span class='ocrx_word' id='word_1_737' title='bbox 504 2771 513 2788; x_wconf 77' lang='grc' dir='ltr'><strong>ι</strong></span> <span class='ocrx_word' id='word_1_738' title='bbox 529 2762 683 2790; x_wconf 81' lang='lat' dir='ltr'><strong>Secundum</strong></span> <span class='ocrx_word' id='word_1_739' title='bbox 701 2761 838 2790; x_wconf 86' lang='lat' dir='ltr'><strong>hominem</strong></span> <span class='ocrx_word' id='word_1_740' title='bbox 853 2761 924 2794; x_wconf 89' lang='lat' dir='ltr'><strong>dico,</strong></span> <span class='ocrx_word' id='word_1_741' title='bbox 939 2760 1046 2791; x_wconf 77' lang='lat' dir='ltr'><strong>fratres,</strong></span> 
     </span>
    </p>
   </div>
   <div class='ocr_carea' id='block_1_104' title="bbox 332 2848 844 2881">
    <p class='ocr_par' dir='ltr' id='par_1_104' title="bbox 332 2848 844 2881">
     <span class='ocr_line' id='line_1_105' title="bbox 332 2848 844 2881; baseline -0.006 -3"><span class='ocrx_word' id='word_1_742' title='bbox 332 2850 408 2878; x_wconf 72' lang='lat' dir='ltr'><strong>Deut.</strong></span> <span class='ocrx_word' id='word_1_743' title='bbox 424 2858 507 2880; x_wconf 71' lang='lat' dir='ltr'><strong>xxvu.</strong></span> <span class='ocrx_word' id='word_1_744' title='bbox 523 2852 557 2877; x_wconf 71' lang='lat'><strong>‘26</strong></span> <span class='ocrx_word' id='word_1_745' title='bbox 587 2850 608 2867; x_wconf 77' lang='lat'>“</span> <span class='ocrx_word' id='word_1_746' title='bbox 628 2850 705 2878; x_wconf 84' lang='lat' dir='ltr'><strong>Deut.</strong></span> <span class='ocrx_word' id='word_1_747' title='bbox 726 2857 782 2881; x_wconf 73' lang='lat' dir='ltr'><strong>xxt,</strong></span> <span class='ocrx_word' id='word_1_748' title='bbox 801 2848 844 2876; x_wconf 62' lang='lat'><strong>&quot;28.</strong></span> 
     </span>
    </p>
   </div>
   <div class='ocr_carea' id='block_1_105' title="bbox 1093 2239 1884 2288">
    <p class='ocr_par' dir='ltr' id='par_1_105' title="bbox 1093 2239 1884 2288">
     <span class='ocr_line' id='line_1_106' title="bbox 1093 2239 1884 2288; baseline -0.02 -7"><span class='ocrx_word' id='word_1_749' title='bbox 1093 2255 1126 2281; x_wconf 86' lang='grc' dir='ltr'><strong>ἐκ</strong></span> <span class='ocrx_word' id='word_1_750' title='bbox 1141 2252 1190 2280; x_wconf 81' lang='grc' dir='ltr'><strong>τοῦ</strong></span> <span class='ocrx_word' id='word_1_751' title='bbox 1207 2252 1290 2288; x_wconf 82' lang='grc' dir='ltr'>νόμου</span> <span class='ocrx_word' id='word_1_752' title='bbox 1314 2251 1391 2282; x_wconf 75' lang='grc' dir='ltr'>Βντες</span> <span class='ocrx_word' id='word_1_753' title='bbox 1412 2239 1625 2282; x_wconf 76' lang='grc' dir='ltr'>ἐπικατάρατοι,</span> <span class='ocrx_word' id='word_1_754' title='bbox 1637 2243 1742 2278; x_wconf 80' lang='grc' dir='ltr'>ἐτέροις</span> <span class='ocrx_word' id='word_1_755' title='bbox 1760 2239 1884 2274; x_wconf 83' lang='grc' dir='ltr'>εὐλογίας</span> 
     </span>
    </p>
   </div>
   <div class='ocr_carea' id='block_1_106' title="bbox 1093 2296 1373 2334">
    <p class='ocr_par' dir='ltr' id='par_1_106' title="bbox 1093 2296 1373 2334">
     <span class='ocr_line' id='line_1_107' title="bbox 1093 2296 1373 2334; baseline -0.018 -7"><span class='ocrx_word' id='word_1_756' title='bbox 1093 2299 1214 2334; x_wconf 85' lang='grc' dir='ltr'>γίνονται</span> <span class='ocrx_word' id='word_1_757' title='bbox 1226 2296 1353 2333; x_wconf 82' lang='grc' dir='ltr'>πρόξενοι</span> <span class='ocrx_word' id='word_1_758' title='bbox 1365 2304 1373 2328; x_wconf 87' lang='grc'>;</span> 
     </span>
    </p>
   </div>
   <div class='ocr_carea' id='block_1_107' title="bbox 1132 2329 1897 2378">
    <p class='ocr_par' dir='ltr' id='par_1_107' title="bbox 1132 2329 1897 2378">
     <span class='ocr_line' id='line_1_108' title="bbox 1132 2329 1897 2378; baseline -0.022 -7"><span class='ocrx_word' id='word_1_759' title='bbox 1132 2355 1140 2371; x_wconf 85' lang='grc' dir='ltr'><strong>ι</strong></span> <span class='ocrx_word' id='word_1_760' title='bbox 1164 2345 1223 2371; x_wconf 85' lang='grc' dir='ltr'>Ἵνα</span> <span class='ocrx_word' id='word_1_761' title='bbox 1237 2329 1286 2378; x_wconf 69' lang='grc' dir='ltr'>τὴν</span> <span class='ocrx_word' id='word_1_762' title='bbox 1312 2339 1478 2376; x_wconf 75' lang='grc' dir='ltr'>ἐπαγγελίαν</span> <span class='ocrx_word' id='word_1_763' title='bbox 1499 2337 1549 2365; x_wconf 75' lang='grc' dir='ltr'>τοῦ</span> <span class='ocrx_word' id='word_1_764' title='bbox 1576 2334 1734 2370; x_wconf 84' lang='grc' dir='ltr'>Πνεύματος</span> <span class='ocrx_word' id='word_1_765' title='bbox 1757 2329 1897 2364; x_wconf 75' lang='grc' dir='ltr'>λάϐωμεν.</span> 
     </span>
    </p>
   </div>
   <div class='ocr_carea' id='block_1_108' title="bbox 1092 2389 1381 2426">
    <p class='ocr_par' dir='ltr' id='par_1_108' title="bbox 1092 2389 1381 2426">
     <span class='ocr_line' id='line_1_109' title="bbox 1092 2389 1381 2426; baseline -0.021 -7"><span class='ocrx_word' id='word_1_766' title='bbox 1092 2391 1138 2419; x_wconf 84' lang='grc' dir='ltr'><strong>διὰ</strong></span> <span class='ocrx_word' id='word_1_767' title='bbox 1154 2391 1205 2426; x_wconf 87' lang='grc' dir='ltr'>τῆς</span> <span class='ocrx_word' id='word_1_768' title='bbox 1219 2389 1349 2419; x_wconf 85' lang='grc' dir='ltr'>πίστεως.</span> <span class='ocrx_word' id='word_1_769' title='bbox 1371 2396 1381 2413; x_wconf 77' lang='grc' dir='ltr'><strong>ι</strong></span> 
     </span>
    </p>
   </div>
   <div class='ocr_carea' id='block_1_109' title="bbox 1136 2421 1887 2471">
    <p class='ocr_par' dir='ltr' id='par_1_109' title="bbox 1136 2421 1887 2471">
     <span class='ocr_line' id='line_1_110' title="bbox 1136 2421 1887 2471; baseline -0.024 -8"><span class='ocrx_word' id='word_1_770' title='bbox 1136 2421 1246 2471; x_wconf 70' lang='grc' dir='ltr'>Ἐπειδὴ</span> <span class='ocrx_word' id='word_1_771' title='bbox 1261 2433 1316 2469; x_wconf 87' lang='grc' dir='ltr'><strong>γὰρ</strong></span> <span class='ocrx_word' id='word_1_772' title='bbox 1326 2432 1378 2460; x_wconf 85' lang='grc' dir='ltr'><strong>οὐκ</strong></span> <span class='ocrx_word' id='word_1_773' title='bbox 1389 2429 1423 2467; x_wconf 80' lang='grc' dir='ltr'>ἦν</span> <span class='ocrx_word' id='word_1_774' title='bbox 1446 2430 1496 2466; x_wconf 76' lang='grc' dir='ltr'>τὴν</span> <span class='ocrx_word' id='word_1_775' title='bbox 1510 2428 1592 2465; x_wconf 80' lang='grc' dir='ltr'>χάριν</span> <span class='ocrx_word' id='word_1_776' title='bbox 1607 2425 1654 2453; x_wconf 76' lang='grc' dir='ltr'>τοῦ</span> <span class='ocrx_word' id='word_1_777' title='bbox 1669 2423 1829 2471; x_wconf 55' lang='grc' dir='ltr'>Πνεύματοξ</span> <span class='ocrx_word' id='word_1_778' title='bbox 1844 2421 1887 2451; x_wconf 88' lang='grc' dir='ltr'><strong>εἰς</strong></span> 
     </span>
    </p>
   </div>
   <div class='ocr_carea' id='block_1_110' title="bbox 1093 2466 1887 2517">
    <p class='ocr_par' dir='ltr' id='par_1_110' title="bbox 1093 2466 1887 2517">
     <span class='ocr_line' id='line_1_111' title="bbox 1093 2466 1887 2517; baseline -0.023 -8"><span class='ocrx_word' id='word_1_779' title='bbox 1093 2466 1250 2517; x_wconf 78' lang='grc' dir='ltr'>ἀκάθαρτον</span> <span class='ocrx_word' id='word_1_780' title='bbox 1264 2466 1313 2506; x_wconf 58' lang='grc' dir='ltr'>καί.</span> <span class='ocrx_word' id='word_1_781' title='bbox 1329 2466 1572 2513; x_wconf 74' lang='grc' dir='ltr'>προσκεκρουκότα</span> <span class='ocrx_word' id='word_1_782' title='bbox 1592 2470 1691 2504; x_wconf 78' lang='grc' dir='ltr'>ἐλθεῖν,</span> <span class='ocrx_word' id='word_1_783' title='bbox 1703 2466 1887 2517; x_wconf 56' lang='grc' dir='ltr'>εὐλογοῦνται</span> 
     </span>
    </p>
   </div>
   <div class='ocr_carea' id='block_1_111' title="bbox 1094 2511 1887 2562">
    <p class='ocr_par' dir='ltr' id='par_1_111' title="bbox 1094 2511 1887 2562">
     <span class='ocr_line' id='line_1_112' title="bbox 1094 2511 1887 2562; baseline -0.024 -7"><span class='ocrx_word' id='word_1_784' title='bbox 1094 2511 1217 2562; x_wconf 57' lang='grc' dir='ltr'>πρῶτον,</span> <span class='ocrx_word' id='word_1_785' title='bbox 1235 2525 1287 2560; x_wconf 85' lang='grc' dir='ltr'>τῆς</span> <span class='ocrx_word' id='word_1_786' title='bbox 1314 2511 1437 2558; x_wconf 68' lang='grc' dir='ltr'>κατάρας</span> <span class='ocrx_word' id='word_1_787' title='bbox 1458 2517 1655 2555; x_wconf 76' lang='grc' dir='ltr'>ἀφαιρεθείσης</span> <span class='ocrx_word' id='word_1_788' title='bbox 1666 2526 1674 2532; x_wconf 88' lang='grc'><strong>·</strong></span> <span class='ocrx_word' id='word_1_789' title='bbox 1690 2513 1750 2562; x_wconf 74' lang='grc' dir='ltr'>εἶτα</span> <span class='ocrx_word' id='word_1_790' title='bbox 1772 2511 1818 2562; x_wconf 42' lang='grc' dir='ltr'><strong>διὰ</strong></span> <span class='ocrx_word' id='word_1_791' title='bbox 1836 2511 1887 2544; x_wconf 77' lang='grc' dir='ltr'>τῆς</span> 
     </span>
    </p>
   </div>
   <div class='ocr_carea' id='block_1_112' title="bbox 1091 2559 1877 2603">
    <p class='ocr_par' dir='ltr' id='par_1_112' title="bbox 1091 2559 1877 2603">
     <span class='ocr_line' id='line_1_113' title="bbox 1091 2559 1877 2603; baseline -0.024 -3"><span class='ocrx_word' id='word_1_792' title='bbox 1091 2573 1209 2603; x_wconf 82' lang='grc' dir='ltr'>πίστεως</span> <span class='ocrx_word' id='word_1_793' title='bbox 1233 2569 1423 2600; x_wconf 80' lang='grc' dir='ltr'>δικαιωθέντες</span> <span class='ocrx_word' id='word_1_794' title='bbox 1446 2563 1619 2594; x_wconf 83' lang='grc' dir='ltr'>ἐπισπῶνται</span> <span class='ocrx_word' id='word_1_795' title='bbox 1645 2562 1694 2589; x_wconf 77' lang='grc' dir='ltr'>τοῦ</span> <span class='ocrx_word' id='word_1_796' title='bbox 1719 2559 1877 2593; x_wconf 72' lang='grc' dir='ltr'>Πνεῦμα-τος</span> 
     </span>
    </p>
   </div>
   <div class='ocr_carea' id='block_1_113' title="bbox 1097 2605 1887 2655">
    <p class='ocr_par' dir='ltr' id='par_1_113' title="bbox 1097 2605 1887 2655">
     <span class='ocr_line' id='line_1_114' title="bbox 1097 2605 1887 2655; baseline -0.023 -8"><span class='ocrx_word' id='word_1_797' title='bbox 1097 2621 1146 2655; x_wconf 77' lang='grc' dir='ltr'>τὴν</span> <span class='ocrx_word' id='word_1_798' title='bbox 1157 2619 1246 2655; x_wconf 85' lang='grc' dir='ltr'>χάριν.</span> <span class='ocrx_word' id='word_1_799' title='bbox 1259 2618 1340 2644; x_wconf 74' lang='grc' dir='ltr'>Ὥστε</span> <span class='ocrx_word' id='word_1_800' title='bbox 1351 2617 1366 2643; x_wconf 78' lang='grc' dir='ltr'>ὁ</span> <span class='ocrx_word' id='word_1_801' title='bbox 1385 2616 1434 2651; x_wconf 84' lang='grc' dir='ltr'>μὲν</span> <span class='ocrx_word' id='word_1_802' title='bbox 1448 2612 1564 2647; x_wconf 59' lang='grc' dir='ltr'>σταυρὸς</span> <span class='ocrx_word' id='word_1_803' title='bbox 1584 2610 1632 2646; x_wconf 83' lang='grc' dir='ltr'>τὴν</span> <span class='ocrx_word' id='word_1_804' title='bbox 1647 2608 1769 2644; x_wconf 78' lang='grc' dir='ltr'>κατάραν</span> <span class='ocrx_word' id='word_1_805' title='bbox 1780 2605 1887 2655; x_wconf 70' lang='grc' dir='ltr'>ἐλυσεν,</span> 
     </span>
    </p>
   </div>
   <div class='ocr_carea' id='block_1_114' title="bbox 1099 2653 1889 2703">
    <p class='ocr_par' dir='ltr' id='par_1_114' title="bbox 1099 2653 1889 2703">
     <span class='ocr_line' id='line_1_115' title="bbox 1099 2653 1889 2703; baseline -0.023 -8"><span class='ocrx_word' id='word_1_806' title='bbox 1099 2653 1261 2703; x_wconf 36' lang='lat' dir='ltr'><strong>sessim;</strong></span> <span class='ocrx_word' id='word_1_807' title='bbox 1270 2665 1321 2700; x_wconf 86' lang='grc' dir='ltr'>τὴν</span> <span class='ocrx_word' id='word_1_808' title='bbox 1338 2661 1513 2696; x_wconf 82' lang='grc' dir='ltr'>δικαιοσύνην</span> <span class='ocrx_word' id='word_1_809' title='bbox 1533 2658 1694 2693; x_wconf 80' lang='grc' dir='ltr'>εισήγαγεν,</span> <span class='ocrx_word' id='word_1_810' title='bbox 1709 2656 1726 2691; x_wconf 81' lang='grc' dir='ltr'><strong>ἡ</strong></span> <span class='ocrx_word' id='word_1_811' title='bbox 1741 2655 1771 2681; x_wconf 86' lang='grc' dir='ltr'><strong>δέ</strong></span> <span class='ocrx_word' id='word_1_812' title='bbox 1783 2653 1889 2679; x_wconf 78' lang='grc' dir='ltr'>δικαιο-</span> 
     </span>
    </p>
   </div>
   <div class='ocr_carea' id='block_1_115' title="bbox 1102 2703 1764 2747">
    <p class='ocr_par' dir='ltr' id='par_1_115' title="bbox 1102 2703 1764 2747">
     <span class='ocr_line' id='line_1_116' title="bbox 1102 2703 1764 2747; baseline -0.02 -7"><span class='ocrx_word' id='word_1_813' title='bbox 1102 2712 1168 2747; x_wconf 80' lang='grc' dir='ltr'>σύνη</span> <span class='ocrx_word' id='word_1_814' title='bbox 1180 2712 1230 2746; x_wconf 86' lang='grc' dir='ltr'>τὴν</span> <span class='ocrx_word' id='word_1_815' title='bbox 1243 2711 1323 2746; x_wconf 79' lang='grc' dir='ltr'>χάριν</span> <span class='ocrx_word' id='word_1_816' title='bbox 1337 2708 1384 2736; x_wconf 76' lang='grc' dir='ltr'><strong>τοῦ</strong></span> <span class='ocrx_word' id='word_1_817' title='bbox 1405 2707 1564 2742; x_wconf 83' lang='grc' dir='ltr'>Πνεύματος</span> <span class='ocrx_word' id='word_1_818' title='bbox 1581 2703 1764 2731; x_wconf 84' lang='grc' dir='ltr'>ἐπεσπάσατο.</span> 
     </span>
    </p>
   </div>
   <div class='ocr_carea' id='block_1_116' title="bbox 1140 2742 1898 2792">
    <p class='ocr_par' dir='ltr' id='par_1_116' title="bbox 1140 2742 1898 2792">
     <span class='ocr_line' id='line_1_117' title="bbox 1140 2742 1898 2792; baseline -0.025 -6"><span class='ocrx_word' id='word_1_819' title='bbox 1140 2768 1149 2784; x_wconf 80' lang='grc' dir='ltr'><strong>ι</strong></span> <span class='ocrx_word' id='word_1_820' title='bbox 1162 2742 1405 2792; x_wconf 39' lang='grc' dir='ltr'>ῖςατὰηάνθρωπον</span> <span class='ocrx_word' id='word_1_821' title='bbox 1425 2754 1508 2788; x_wconf 76' lang='grc' dir='ltr'>λέγω,</span> <span class='ocrx_word' id='word_1_822' title='bbox 1518 2751 1644 2786; x_wconf 79' lang='grc' dir='ltr'>ἀδελφοί·</span> <span class='ocrx_word' id='word_1_823' title='bbox 1656 2750 1730 2783; x_wconf 84' lang='grc' dir='ltr'>ὅμως</span> <span class='ocrx_word' id='word_1_824' title='bbox 1745 2742 1898 2780; x_wconf 53' lang='grc' dir='ltr'>ἀνθρώ-ποια</span> 
     </span>
    </p>
   </div>
   <div class='ocr_carea' id='block_1_117' title="bbox 873 2833 1740 2877">
    <p class='ocr_par' dir='ltr' id='par_1_117' title="bbox 873 2833 1740 2877">
     <span class='ocr_line' id='line_1_118' title="bbox 873 2833 1740 2877; baseline -0.012 -3"><span class='ocrx_word' id='word_1_825' title='bbox 873 2849 892 2864; x_wconf 75' lang='grc'>³¹</span> <span class='ocrx_word' id='word_1_826' title='bbox 922 2847 973 2876; x_wconf 82' lang='lat' dir='ltr'><strong>lsn.</strong></span> <span class='ocrx_word' id='word_1_827' title='bbox 989 2854 1045 2877; x_wconf 82' lang='lat' dir='ltr'><strong>Lm.</strong></span> <span class='ocrx_word' id='word_1_828' title='bbox 1078 2846 1103 2873; x_wconf 77' lang='lat'><strong>9.</strong></span> <span class='ocrx_word' id='word_1_829' title='bbox 1122 2846 1142 2861; x_wconf 72' lang='grc'><strong>³³</strong></span> <span class='ocrx_word' id='word_1_830' title='bbox 1172 2844 1238 2872; x_wconf 82' lang='lat' dir='ltr'><strong>Gen.</strong></span> <span class='ocrx_word' id='word_1_831' title='bbox 1261 2851 1328 2875; x_wconf 71' lang='lat' dir='ltr'><strong>nu,</strong></span> <span class='ocrx_word' id='word_1_832' title='bbox 1349 2841 1390 2869; x_wconf 86' lang='lat' dir='ltr'><strong>l8.</strong></span> <span class='ocrx_word' id='word_1_833' title='bbox 1426 2842 1446 2857; x_wconf 60' lang='grc'><strong>³³</strong></span> <span class='ocrx_word' id='word_1_834' title='bbox 1471 2839 1534 2868; x_wconf 77' lang='lat' dir='ltr'><strong>Vide</strong></span> <span class='ocrx_word' id='word_1_835' title='bbox 1552 2837 1633 2869; x_wconf 65' lang='lat' dir='ltr'><strong>intra,</strong></span> <span class='ocrx_word' id='word_1_836' title='bbox 1650 2843 1674 2862; x_wconf 87' lang='lat' dir='ltr'><strong>v-</strong></span> <span class='ocrx_word' id='word_1_837' title='bbox 1700 2833 1740 2860; x_wconf 71' lang='grc'><strong>16-</strong></span> 
     </span>
    </p>
   </div>
  </div>
