2078 3116
153 147 205 180 ’197

738 148 778 178 ΙΝ
797 149 914 181 EPIST.
934 150 984 180 AD
1002 151 1180 181 GALATAS.
1236 150 1241 155 ”

1724 154 1780 187 798

155 203 351 239 κεκυρωμένην
375 204 508 241 διαθήκην
531 206 620 238 οὐδεὶς
634 206 726 234 ἀθετεῖ
737 226 745 238 ,
757 206 774 241 ἢ
790 205 944 232 ἐπιδιατάσ-

996 204 1075 239 plane
1103 204 1224 233 hominis
1254 204 1446 234 conﬁrmatum
1476 210 1669 236 testamentum
1697 215 1778 237 nemo

156 259 240 278 σεται.
253 250 298 286 Τῷ
310 250 339 277 δέ
362 250 488 287 Ἀϐραὰμ
504 252 657 288 ἐρρέθησαν
672 253 701 280 at
713 251 944 287 ἐπαγγελίαι,καὶ

154 297 194 333 τῷ
210 297 348 333 σπέρματι
362 297 457 325 αὐτοῦ.
476 298 514 325 Οὐ
530 298 616 334 λέγει,
630 300 686 326 Kal.
701 300 759 331 τοῖς
775 299 943 335 σπέρμασιν,

155 343 193 374 ὼς
205 342 253 369 ἐπὶ
268 342 386 374 πολλῶν,
403 343 463 370 ἀλλ’
477 343 516 375 ὡς
533 344 576 378 ἐφ’
593 344 662 378 ἐνὸς,
678 344 734 371 Καὶ
750 343 790 380 τῷ
806 343 945 380 σπέρματί

157 387 252 420 σου,ὂς
268 388 326 414 ἐστι
341 388 471 423 Χριστός.
483 388 570 416 Τοῦτο
582 389 610 416 δὲ
628 389 710 423 λέγω,
726 388 859 425 διαθήκην
875 397 946 425 προ-

158 433 354 471 κεκυρωμένην
369 433 422 461 ὑπὸ
435 434 482 461 τοῦ
497 434 577 468 Θεοῦ,
591 436 606 462 ὸ
631 436 700 471 μετὰ
713 435 878 471 τετρακόσια
898 436 946 463 καὶ

156 481 303 516 τριάκοντα
329 480 376 517 ἐτη
388 481 520 516 -γεγονὼς
545 482 628 518 νόμος
654 483 705 510 οὐκ
728 483 828 519 ἀκυροῖ
850 483 891 515 είς
915 483 946 510 τὺ

158 527 330 562 καταργῆσαι
342 527 393 563 τὴν
405 527 583 563 ἐπαγγελίαν.
593 529 624 556 El
635 528 690 565 γὰρ
702 529 735 556 ἐκ
753 529 836 565 νόμου
848 529 865 565 ἡ
878 529 945 564 κλη-

158 572 281 608 ρονομία,
299 572 391 600 οὐκέτι
416 573 447 606 ἐξ
472 574 651 609 ἐπαγγελίας.
666 573 711 610 Τῷ
730 574 758 602 δὲ
775 575 901 611 ’Δσραὰμ
911 575 946 603 δι’

157 617 325 652 ἐπαγγελίας
336 619 498 655 κεχάρισται
508 621 522 647 ό
535 620 614 653 Θεός.
632 629 642 646 ι
915 648 923 653 .

198 662 244 696 Ἐξ
266 663 446 700 ἀνθρωπίνων
477 665 527 700 μὲν
554 665 785 702 παραδειγμάτων
811 669 825 695 ὁ
843 667 922 703 λόγος
936 687 945 701 ,

158 709 241 744 φησι·
256 709 337 737 τοῦτο
359 710 414 745 γάρ
427 711 486 738 ἐστι
509 711 541 738 τὸ
552 731 560 744 ,
576 712 652 739 κατὰ
678 712 836 748 ἄνθρωπον
857 715 944 749 λέγω.

163 754 193 779 ὐ
212 753 240 779 δὲ
265 753 328 786 νοῦς
350 751 427 786 οὗτος
439 763 446 770 ·
466 755 666 791 Ἐπηγγείλατο
691 757 730 794 τῷ
754 758 882 795 Ἀϐραὰμ
901 759 947 786 διὰ

158 799 314 834 σπέρματος
323 799 406 828 αὐτοῦ
418 801 566 837 εὐλογῆσαι
578 802 613 830 τὰ
628 803 692 839 ἔθνη
702 812 710 820 υ
726 804 837 840 σπέρμα
851 805 880 832 δέ
898 805 946 833 αὐ-

157 844 204 870 τοῦ
215 845 272 872 ἐστι
282 845 354 873 κατά
366 846 458 882 σάρκα
467 846 482 874 ὁ
496 848 623 884 Χριστός.
636 848 724 877 Ἦλθε
749 851 820 886 μετὰ
845 861 944 888 τετραο

158 889 237 916 κόσια
259 891 307 917 καὶ
322 891 471 926 τριάκοντα
484 892 533 928 ἐτη
551 894 643 929 νόμος.
662 894 695 922 El
719 896 810 923 τοίνυν
831 898 845 924 ὸ
863 897 945 933 νόμος

158 934 298 970 χαρίζεται
307 936 356 968 τὰς
367 936 493 972 εὐλογίας
508 939 556 965 καὶ
564 939 615 974 τὴν
630 939 703 976 ζωὴν
720 941 767 967 καὶ
777 941 827 977 τὴν
843 941 947 969 δικαιο-

159 979 252 1015 σύνην,
267 980 284 1016 ἡ
299 981 449 1015 ἐπαγγελία
471 982 563 1019 ἐκείνη
589 983 692 1019 ἄκυρός
713 984 798 1012 ἐστιν.
818 983 886 1012 Εἶτα
901 985 948 1012 ἀν-

158 1025 269 1061 θρώπου
283 1026 333 1061 μὲν
362 1027 453 1060 οὐδεὶς
476 1028 570 1055 ἀθετεῖ
588 1028 720 1065 διαθήκην
733 1037 740 1046 ·
752 1030 800 1057 τοῦ
819 1029 848 1057 δὲ
876 1031 946 1058 Θεοῦ

160 1071 229 1105 μετὰ
243 1073 404 1108 τετρακόσια
419 1073 466 1101 καὶ
474 1074 619 1109 τριάκοντα
631 1075 679 1111 ἐτη
694 1077 846 1112 ἀκυροῦται
856 1078 873 1113 ἡ
887 1077 948 1104 δια.

159 1117 240 1152 θήκη.
258 1117 290 1144 Et
303 1118 358 1154 γὰρ
371 1118 389 1146 ὃ.
402 1116 587 1154 ἐπηγγείλατο
611 1120 714 1156 ἐκείνη.
727 1121 778 1148 οὐκ
791 1121 882 1157 ἐκείνη
906 1122 947 1148 δί-

159 1164 254 1196 δωσιν,
269 1164 326 1192 ἀλλ’
341 1165 434 1201 ἐτερος
458 1166 515 1193 ἀντ’
528 1166 637 1202 ἐκείνης
648 1187 656 1200 ,
667 1167 806 1194 τουτέστιν
824 1168 838 1194 ό
854 1168 945 1203 νόμος⁷

159 1209 323 1245 ἐκὸἐὸληται
336 1212 353 1247 ὴ
368 1211 487 1247 διαθήκη
507 1220 515 1229 ο
531 1212 580 1239 καὶ
594 1212 653 1245 πῶς
669 1212 704 1240 ἃν
728 1213 784 1248 ἔχοι
799 1213 878 1241 τοῦτο
899 1214 946 1241 λό-

159 1262 207 1287 γον
220 1263 228 1286 i

200 1301 273 1328 Ἀντὶ
288 1301 345 1333 τοῦ,
357 1302 373 1338 ἢ
391 1302 582 1339 προστίθησιν.

196 1356 206 1373 t
228 1347 261 1374 Τί
275 1346 322 1376 οὖν
339 1348 354 1375 ὁ
370 1349 469 1385 νόμος;
482 1351 538 1377 τῶν
552 1350 736 1386 παραϐάσεων
756 1351 838 1387 χάριν
860 1360 946 1387 προσ-

159 1392 250 1428 ετέθη.
271 1403 281 1420 ι

195 1439 254 1466 Ἵνα
268 1439 305 1474 μή
322 1448 364 1471 τις
377 1440 477 1478 νομίσῃ
495 1443 622 1478 περιττὸν
637 1442 684 1469 τὸν
698 1443 790 1477 νόμον,
804 1443 851 1470 καὶ
866 1443 946 1470 τοῦτο

158 1482 311 1518 διορθοῦται
321 1484 352 1511 τὸ
367 1485 460 1520 μέρος,
471 1485 578 1518 δεικνὺς
590 1487 631 1513 ὅτι
645 1487 695 1514 οὐκ
709 1487 781 1524 εικῆ,
792 1487 861 1515 ἀλλὰ
874 1488 944 1516 πάνυ

158 1529 302 1564 χρησίμως
318 1529 459 1566 issem!“
474 1531 513 1567 μὴ
536 1531 585 1568 ἐξῇ
608 1531 752 1564 Ἰουδαίους
776 1533 861 1565 asto;
883 1533 944 1569 ζῇν,

159 1574 206 1601 καὶ
220 1575 260 1606 είς
275 1575 390 1611 ἔσχατον
402 1576 595 1609 ἐξολισθαίνειν
614 1578 723 1612 κακίας,
738 1579 808 1606 ἀλλὰ
824 1580 885 1607 ἀντὶ
896 1588 946 1615 χα-

158 1619 231 1645 λινοῦ
242 1620 256 1646 ὸ
269 1619 351 1655 νόμος
378 1621 470 1653 αὐτοῖς
497 1622 673 1657 ἐπικείμενος
689 1621 718 1659 ᾖ,
734 1624 884 1657 παιδεύων,
900 1625 948 1660 ρυ-

159 1665 273 1700 θμίζων,
289 1666 402 1693 κωλύων
417 1667 609 1702 παραϐαίνειν,
624 1670 647 1696 εἰ
659 1670 705 1696 καὶ
720 1670 758 1704 μὴ
776 1670 877 1703 πάσας,
888 1670 946 1697 ἀλλ’

158 1711 234 1745 ὅμως
251 1711 304 1738 κᾶν
318 1712 392 1744 ἐνίας
410 1712 465 1740 τῶν
484 1713 609 1741 ἐντολῶν.
629 1715 711 1741 Ὥστε
733 1715 764 1742 οὺ
794 1715 892 1751 μικρὸν
916 1716 948 1743 ἰδ

159 1756 254 1791 κέρδος
275 1757 323 1783 τοῦ
342 1757 435 1792 νόμου.
454 1758 524 1784 Ἀλλ’
538 1758 603 1794 ἄχρι
618 1758 706 1793 τίνοςς
722 1759 820 1795 ’Δχρις
830 1756 861 1787 οὗ
882 1760 947 1796 ἔλθῃ

157 1802 188 1828 τὸ
200 1801 309 1838 σπέρμα
319 1798 341 1836 ᾧ
353 1802 544 1838 ἐπηγγείλατο.

199 1856 209 1872 r
227 1847 324 1883 Ἀχρις
351 1844 382 1875 οὗ
409 1847 475 1886 ἔλθῃ
494 1849 526 1876 τὸ
551 1849 663 1885 σπέρμα
683 1849 698 1876 δ
712 1850 879 1886 ἐπήγγελται
902 1851 947 1878 διὰ

158 1891 290 1927 διαταγῆς
304 1892 338 1919 δι’
352 1893 487 1927 ἀγγέλων.
507 1903 518 1920 ι

193 1937 313 1972 Σπέρμα
328 1938 376 1973 μὲν
389 1938 435 1965 τὸν
461 1939 580 1974 Χριστόν
602 1948 678 1976 φησι.
694 1940 776 1974 Λέγει
793 1940 840 1968 δέ’
857 1941 946 1976 Μέχρι

157 1981 208 2016 τῆς
235 1983 354 2017 Χριστοῦ
376 1984 528 2019 παρουσίας
540 1985 646 2012 δέδοται
663 1992 670 2000 ·
683 1985 710 2012 τί
727 1986 883 2022 περαιτέρω
899 1986 945 2013 καὶ

154 2028 234 2062 παρὰ
247 2028 341 2063 καιρὸν
358 2029 438 2056 αὐτὸν
453 2029 563 2064 ἕλκεις

196 2094 206 2111 ε
227 2085 270 2112 Ἐν
280 2086 352 2121 χειρὶ
365 2086 495 2114 Μεσίτου.
510 2087 540 2114 ’0
551 2087 579 2114 δέ
591 2087 713 2124 Μεσίτης
726 2087 787 2120 ἐνὸς
801 2086 850 2114 οὐκ
861 2087 944 2114 ἐστιν’

157 2133 172 2158 ὸ
186 2131 215 2158 δέ
228 2132 294 2163 Θεὸς
308 2130 349 2163 εἷς
364 2132 449 2160 ἐστιν.
467 2141 477 2159 ι

194 2186 246 2214 Τὸν
260 2188 376 2223 Χριστὸν
391 2188 509 2215 ἐνταῦθά
530 2196 606 2224 φησι1
621 2187 667 2216 τὸν
682 2188 730 2216 καὶ
755 2189 838 2217 πάλαι
862 2190 943 2217 δεδω-

159 2232 226 2259 κότα
240 2220 293 2259 τὸν.
305 2232 396 2268 νόμον.
414 2234 446 2260 Εί
460 2234 489 2261 δὲ
509 2220 659 2270 τδνΙνόμον
681 2235 762 2267 αὐτὸς
781 2235 876 2269 ἔδωκε,
893 2236 943 2262 κύ·
960 2220 982 2248 D

160 2286 217 2313 ριος
232 2278 266 2306 ἃν
281 2278 324 2314 εἴη
344 2279 392 2306 καὶ
406 2279 488 2306 λῦσαι
501 2280 593 2307 πάλιν.

197 2344 207 2362 ‹
230 2335 260 2362 Ὀ
283 2333 330 2362 οὖν
352 2336 430 2372 νόμος
448 2335 521 2363 κατὰ
534 2334 590 2363 τῶν
604 2336 776 2370 ἐπαγγελιῶν
792 2337 839 2363 τοῦ
857 2337 944 2370 Θεοῦ;

158 2380 198 2415 μὴ
215 2380 329 2414 γένοιτο.
347 2382 378 2408 El
401 2381 456 2417 γὰρ
481 2381 560 2417 ἐδόθη
582 2381 665 2416 νόμος
686 2382 701 2408 ὁ
717 2382 866 2418 δυνάμενος
881 2383 948 2415 ζωο-

158 2426 280 2461 ποιῆσαι,
295 2426 380 2458 ὅντως
391 2427 422 2453 ix
441 2427 524 2462 νόμου
537 2425 571 2461 ἦν
583 2427 601 2462 ή
616 2427 785 2462 δικαιοσύνη.
803 2437 813 2455 ι

195 2482 227 2508 El
241 2482 295 2516 γὰρ
313 2482 353 2518 τῷ
371 2483 509 2518 σπέρματι
523 2483 571 2510 τοῦ
590 2483 717 2519 Ἀϐραὰμ
728 2483 757 2510 αἱ
772 2481 893 2517 εὐλογίαι
904 2484 947 2510 δέ-

157 2529 261 2560 δονται,
273 2527 287 2554 ὁ
299 2528 327 2554 δὲ
347 2529 429 2563 νόμος
450 2529 572 2565 κατάραν
586 2529 704 2563 εἰσάγει,
722 2529 776 2565 ἄρα
800 2530 872 2557 κατὰ
893 2530 947 2557 τῶν

156 2573 331 2607 ἐπαγγελιῶν
343 2574 390 2600 τοῦ
406 2573 474 2601 Θεοῦ
491 2576 505 2601 ό
518 2575 609 2610 νόμος.
626 2575 689 2606 Πῶς
705 2572 753 2602 οὖν
772 2575 831 2602 λύει
852 2575 946 2608 αὑτὸν,

158 2619 266 2645 σκόπει.
276 2618 389 2654 Πρῶτον
406 2619 456 2654 μὲν
468 2621 502 2655 τῇ
513 2620 698 2656 ἀπαγορεύσει
707 2620 805 2655 τδ,Μὴ
821 2620 945 2655 γένοιτο,

157 2664 246 2699 λέγων
256 2673 263 2680 ·
272 2662 406 2700 mpm]
415 2665 517 2701 σφόδρα
531 2665 830 2700 ἀτοπιῖπατον,τίθεται
853 2666 947 2693 ἔπειτα

157 2711 280 2746 λογισμῷ
304 2711 505 2746 βεϐαιῳ.Ἔστι
519 2710 557 2744 ἰδὲ
570 2709 658 2744 οὗτος·
679 2712 711 2745 Et
734 2713 784 2748 μὲν
807 2713 836 2739 ἐν
861 2713 945 2748 αὐτῷ,

158 2756 236 2792 φησὶ,
250 2757 289 2792 τῷ
303 2757 377 2793 νόμῳ
399 2757 448 2793 τὴν
462 2758 559 2785 ἐλπίδα
581 2758 632 2793 τῆς
654 2758 727 2794 ζωῆς
741 2758 861 2794 εἴχομεν,
880 2758 946 2790 ἴσως

160 2802 248 2833 καλῶς
273 2803 359 2831 ταῦτα
384 2803 487 2838 ελεγον.
501 2805 532 2831 Et
549 2804 578 2831 δὲ
594 2803 649 2831 ἀπὸ
664 2804 712 2840 τῆς
725 2805 843 2837 πίστεως
861 2805 877 2840 ὴ
895 2814 946 2831 σω-

159 2848 241 2883 τηρία
255 2849 319 2884 ἡμῖν
335 2849 382 2876 καὶ
397 2850 412 2885 ἡ
429 2849 497 2886 ζωὴ,
516 2850 568 2878 κᾶν
586 2850 805 2886 ἐπικαταράτους
826 2851 946 2883 ἐκείνους

997 248 1112 283 spernit,
1124 253 1173 276 aut
1189 249 1392 284 superordinnt.
1409 251 1527 279 Abrahae
1541 252 1622 280 dicta;
1638 256 1702 280 sunt
1717 261 1781 287 pro-

996 293 1143 322 missiones
1154 298 1182 322 et
1199 294 1298 323 semini
1312 294 1382 329 ejus.
1400 296 1460 324 Non
1475 297 1543 326 dicit
1560 307 1568 325 :
1583 302 1612 326 ct
1626 299 1780 327 seminibus

995 340 1074 375 quasi
1092 340 1120 368 in
1135 340 1248 373 multis,
1275 341 1324 369 sed
1338 343 1418 377 quasi
1438 342 1466 370 in
1481 351 1547 377 uno,
1563 348 1591 371 et
1603 345 1701 372 semini
1719 348 1778 377 tuo,

994 384 1042 421 qui
1051 388 1094 413 est
1103 385 1241 413 Christus.
1253 384 1311 413 Hoc
1321 389 1413 413 autem
1422 387 1484 414 dico
1495 391 1684 416 testamentum
1698 390 1780 425 166

995 431 1185 459 conﬁrmatum
1199 439 1215 459 a
1233 431 1300 466 Deo,
1313 440 1375 468 quae
1388 438 1451 469 post
1461 433 1676 469 quadringentos
1690 440 1718 463 et
1730 437 1780 467 tri-

995 477 1070 512 ginta
1085 484 1173 506 annos
1185 477 1258 506 facta
1270 483 1313 507 est
1325 479 1379 511 lex,
1393 487 1450 507 non
1461 479 1570 507 irritum
1587 480 1655 509 facit
1668 482 1701 509 ad
1716 490 1780 510 eva-

995 523 1129 551 cuandam
1149 525 1372 560 promissionem.
1384 525 1453 554 Nam
1466 526 1490 554 si
1503 534 1537 555 cx
1547 526 1606 563 lege
1622 527 1779 561 haereditas.

994 568 1049 605 iam
1066 577 1122 598 non
1138 577 1170 598 ex
1183 570 1378 606 promissione.
1395 572 1512 601 Abrahae
1525 577 1616 601 autem
1631 581 1680 609 per
1690 581 1781 610 repro-

995 615 1154 643 missionem
1170 616 1282 644 donavit
1295 616 1379 645 Deus.
1399 627 1408 644 ι

1030 659 1164 689 Humanis
1184 665 1247 688 utor
1264 661 1407 697 exemplis,
1435 662 1527 698 inquit
1543 671 1551 691 :
1571 663 1623 691 hoc
1647 663 1721 692 enim
1740 668 1782 692 est

996 706 1067 741 quod
1078 707 1126 740 ait,
1141 707 1286 734 secundum
1297 708 1427 736 hominem
1440 708 1511 736 dico.
1523 707 1609 743 Hujus
1623 713 1712 737 autem
1727 709 1780 737 loci

995 760 1094 781 sensus
1101 758 1153 782 est.
1165 754 1322 782 Abrahamo
1336 754 1406 783 Deus
1417 755 1557 790 pollicitus
1571 760 1612 784 est
1622 755 1781 786 benedictu-

995 807 1057 827 rum
1070 807 1098 828 se
1115 804 1210 836 gentes
1221 807 1269 836 per
1277 806 1371 828 semen
1387 801 1496 836 ipsius:
1511 809 1605 831 semen
1618 806 1709 831 autem
1720 803 1781 838 ejus

996 846 1147 874 secundum
1166 853 1278 874 carnem
1292 845 1420 875 Christus
1434 851 1477 875 est
1495 855 1503 875 :
1521 851 1583 883 post
1605 855 1692 876 annos
1711 848 1779 877 sub-

996 891 1061 919 inde
1078 891 1296 927 quadringentos
1324 895 1352 920 et
1380 891 1493 928 triginta
1520 892 1564 920 lea
1593 893 1696 928 prodiit
1725 904 1732 921 :
1755 895 1779 922 si

999 937 1213 970 benedictiones,
1226 938 1282 965 vita
1303 941 1332 966 et
1347 937 1456 973 justitia
1471 938 1530 974 lege
1544 937 1693 972 donantur,
1701 939 1780 967 irrita

997 990 1063 1020 ergo
1077 982 1130 1011 fuit
1152 983 1199 1011 illa
1217 983 1376 1018 promissio.
1401 983 1442 1011 Ad
1467 983 1542 1018 haec,
1564 989 1645 1012 nemo
1670 985 1779 1018 quidem

997 1029 1118 1057 hominis
1131 1032 1326 1057 testamentum
1344 1028 1489 1057 resciderit
1505 1038 1514 1058 :
1534 1029 1583 1057 Dei
1609 1037 1674 1058 vero
1698 1034 1781 1058 testa-

997 1079 1121 1103 mentum
1138 1079 1199 1110 post
1214 1075 1430 1111 quadringentos
1443 1079 1470 1102 et
1487 1075 1599 1112 triginta
1615 1083 1703 1103 annos
1719 1077 1782 1104 irri-

997 1125 1054 1149 tum
1069 1121 1170 1150 factum
1182 1122 1245 1149 erit.
1258 1121 1325 1148 Nam
1337 1121 1361 1150 si
1375 1129 1437 1157 quae
1452 1121 1519 1150 illud
1534 1122 1707 1157 promiserat,
1723 1122 1781 1150 haec

996 1168 1086 1203 ipsum
1102 1175 1158 1196 non
1173 1167 1308 1203 praestitit,
1329 1168 1376 1196 sed
1395 1168 1470 1196 aliud
1485 1168 1546 1203 ejus
1570 1168 1641 1200 loco.
1665 1168 1707 1196 lex
1738 1169 1781 1196 ni-

997 1213 1112 1247 mirum;
1137 1216 1332 1241 testamentum
1350 1213 1435 1248 igitur
1449 1213 1611 1248 abrogatum
1628 1214 1692 1241 erit.
1713 1213 1780 1247 Qui-

996 1266 1059 1286 nam
1079 1266 1144 1286 vero
1160 1259 1217 1286 haec
1232 1266 1296 1286 cum
1313 1259 1419 1287 ratione
1437 1260 1546 1295 possint
1559 1260 1735 1295 congruere?

1032 1305 1104 1332 Idem
1121 1310 1163 1333 est
1177 1309 1270 1340 atque,
1288 1309 1335 1333 aut
1351 1305 1457 1340 adjicit.

1032 1349 1116 1379 Vsus.
1134 1350 1178 1378 l9.
1195 1359 1206 1377 ι
1225 1350 1297 1384 Quid
1313 1350 1396 1387 igitur
1410 1351 1474 1379 lex?
1497 1356 1609 1388 propter
1624 1357 1779 1388 transgres-

996 1396 1090 1425 siones
1103 1396 1192 1432 posita
1210 1401 1267 1432 est.
1282 1405 1292 1423 ι

1030 1443 1072 1471 Ne
1083 1443 1146 1478 quis
1159 1442 1245 1478 legem
1260 1442 1426 1478 superﬂuam
1437 1442 1525 1471 fuisse
1537 1443 1695 1477 arbitretur,
1710 1443 1781 1471 hanc
1795 1461 1798 1467 -

997 1496 1106 1524 quoque
1135 1492 1240 1524 partem
1259 1488 1354 1522 sarcit,
1372 1488 1564 1517 demonstrans
1578 1496 1651 1523 eam,
1665 1497 1719 1517 non
1738 1493 1781 1517 te-

997 1542 1072 1562 mere
1084 1538 1112 1562 et
1126 1533 1239 1566 frustra,
1254 1533 1302 1562 sed
1317 1533 1463 1562 admodum
1480 1534 1584 1562 utiliter
1594 1541 1657 1562 esse
1670 1535 1779 1562 datam:

998 1588 1032 1608 ne
1049 1580 1155 1608 scilicet
1170 1579 1272 1608 Judmis
1288 1580 1382 1608 liceret
1393 1580 1469 1608 nullo
1482 1580 1581 1608 timore
1595 1580 1698 1613 vivere,
1715 1585 1742 1608 ot
1752 1581 1780 1608 in

996 1627 1146 1651 extremam
1171 1623 1278 1658 prolabi
1310 1623 1456 1651 malitiam.
1486 1623 1659 1659 Quapropter
1692 1624 1779 1660 legem

996 1668 1085 1696 instar
1097 1668 1166 1696 freni
1182 1669 1339 1704 impositam
1351 1669 1392 1697 eis
1408 1668 1505 1702 fuisse,
1519 1676 1580 1704 quae
1596 1669 1673 1704 ipsos
1687 1669 1780 1697 erudi-

996 1717 1048 1746 ret,
1065 1718 1307 1750 componeretque,
1323 1722 1376 1742 nec
1400 1714 1504 1742 sineret
1533 1714 1654 1748 violare,
1678 1715 1702 1742 si
1725 1722 1780 1742 non

996 1758 1097 1791 omnia,
1115 1762 1189 1786 certe
1204 1758 1312 1794 aliquot
1334 1762 1482 1794 praecepta.
1498 1757 1648 1794 Usquequo
1670 1760 1783 1787 autem?

998 1801 1089 1839 Usque
1099 1803 1164 1832 dum
1177 1805 1283 1832 veniret
1298 1812 1392 1833 semen
1407 1804 1451 1833 cui
1465 1804 1643 1840 promiserat.

1034 1857 1044 1873 ‹
1062 1847 1154 1876 Donec
1166 1849 1273 1877 veniret
1291 1856 1397 1882 semen,
1413 1849 1457 1877 cui
1472 1849 1622 1885 promissio
1639 1848 1780 1882 factacst,

996 1893 1122 1921 ordinata
1140 1901 1189 1929 per
1202 1894 1324 1929 angelos.
1335 1903 1346 1921 ι

1030 1938 1171 1967 Christum
1184 1939 1293 1975 quidem
1306 1948 1394 1968 semen
1419 1939 1498 1968 dicit.
1512 1939 1558 1968 Ait
1570 1947 1637 1969 vero
1657 1950 1664 1968 :
1685 1940 1777 1976 Usque

996 1985 1030 2013 ad
1047 1985 1192 2013 adventum
1201 1985 1304 2014 Christi
1321 1986 1364 2013 lex
1379 1986 1443 2014 data
1462 1991 1518 2020 est;
1535 1993 1586 2014 cur
1599 1994 1659 2014 eam
1673 1987 1782 2022 longius

996 2034 1023 2058 et
1037 2031 1109 2059 ultra
1126 2034 1233 2066 tempus
1249 2031 1404 2066 prorogas?

1033 2096 1043 2113 ι
1058 2086 1088 2115 ln
1103 2094 1186 2114 manu
1198 2086 1369 2115 Mediatoris.
1391 2086 1487 2123 [νειε.
1503 2087 1563 2123 90.]
1584 2087 1716 2116 Mediator
1734 2096 1782 2116 au-

997 2136 1051 2160 tem
1069 2132 1152 2160 unius
1166 2139 1221 2160 non
1240 2136 1284 2160 est
1301 2141 1308 2160 ι
1329 2131 1402 2161 Deus
1418 2140 1483 2161 vero
1495 2141 1569 2161 unus
1584 2136 1637 2162 est.
1658 2142 1668 2160 ι

1033 2187 1084 2217 Hic
1097 2188 1236 2217 Christum
1250 2189 1352 2222 innuit,
1364 2189 1409 2223 qui
1420 2193 1447 2217 et
1457 2189 1544 2225 legem
1560 2189 1698 2225 quondam
1715 2198 1780 2225 pnu-

998 2236 1072 2264 buit.
1086 2235 1165 2269 Quod
1184 2235 1208 2263 si
1226 2236 1250 2263 is
1266 2235 1352 2271 legem
1368 2236 1443 2267 tulit,
1462 2242 1547 2271 penes
1573 2237 1650 2264 illum
1669 2244 1780 2272 qucque

997 2282 1034 2311 sit
1048 2284 1158 2318 oportet
1172 2289 1232 2309 eam
1249 2281 1341 2309 denuo
1356 2281 1475 2310 solvere.

1033 2339 1116 2368 Vsus.
1134 2339 1180 2367 2|.
1201 2348 1211 2365 ι
1229 2338 1284 2367 Lex
1315 2345 1381 2374 ergo
1398 2338 1532 2367 adversus
1550 2339 1686 2375 promissa
1716 2338 1784 2366 Dei?

997 2385 1080 2414 absit.
1094 2385 1124 2413 Si
1136 2385 1211 2412 enim
1221 2384 1285 2412 data
1302 2388 1375 2412 esset
1391 2384 1434 2412 lex
1448 2388 1510 2419 qua:
1521 2388 1616 2420 posset
1632 2383 1782 2416 viviﬁcarc,

997 2438 1061 2460 vere
1079 2438 1113 2459 ex
1132 2431 1191 2467 lege
1205 2434 1278 2459 esset
1292 2430 1414 2466 iustitia.
1434 2436 1445 2456 ι

1031 2486 1098 2514 Nam
1108 2487 1133 2514 si
1147 2485 1245 2514 semini
1257 2485 1394 2514 Abraham
1407 2483 1478 2513 datas
1489 2484 1692 2512 benedictiones
1705 2489 1782 2512 sunt.

997 2530 1039 2557 lex
1058 2533 1148 2557 autem
1162 2530 1381 2558 exsecrationem
1404 2529 1533 2561 adducit;
1551 2528 1592 2556 lex
1616 2528 1701 2564 igitur
1718 2534 1783 2563 pro-

997 2574 1176 2603 missionibus
1195 2573 1243 2601 Dei
1255 2574 1427 2602 adversatur.
1456 2572 1563 2608 Inspice
1582 2579 1648 2600 vero
1669 2573 1782 2608 quinam

997 2621 1050 2649 hoc
1072 2621 1171 2648 solvat.
1195 2619 1317 2647 Primum
1343 2618 1455 2654 quidem
1486 2616 1662 2654 abnegsudo,
1675 2617 1782 2650 dicens,

999 2667 1083 2698 Absit,
1103 2671 1216 2700 remque
1230 2666 1300 2693 adeo
1318 2663 1550 2693 absurdissimam
1571 2668 1667 2692 censet
1690 2673 1697 2692 :
1725 2668 1782 2691 tum

997 2712 1097 2740 deinde
1110 2711 1201 2740 valida
1216 2711 1438 2744 ratiocinatione,
1453 2718 1516 2746 qua:
1525 2709 1660 2745 ejusmodi
1676 2714 1719 2739 est
1732 2717 1740 2737 :
1753 2710 1782 2737 Si

997 2759 1024 2786 in
1038 2758 1097 2794 lege
1108 2758 1169 2786 vita:
1184 2764 1260 2793 spem
1275 2757 1480 2790 habuissemus,
1499 2757 1599 2792 inquit,
1616 2757 1673 2784 haec
1690 2755 1782 2784 forsan

999 2805 1072 2830 recte
1087 2802 1127 2830 illi
1140 2802 1288 2831 dlcercnt:
1307 2801 1352 2830 sin
1379 2809 1444 2830 vero
1466 2810 1482 2829 a
1509 2801 1561 2830 ﬁde
1581 2802 1657 2830 salus
1672 2801 1783 2836 vitaque

999 2853 1141 2884 parantur,
1159 2848 1268 2877 tamclsi
1294 2849 1335 2878 lex
1356 2849 1425 2878 diris
1450 2848 1520 2878 alios
1550 2848 1694 2882 derovcat,
1715 2846 1782 2877 nihil
