2077 3114
305 148 360 182 799

886 148 918 179 S.
936 148 1096 179 JOANNIS
1116 148 1329 179 DAMASCENl

1885 151 1938 183 800

308 206 372 233 inde
386 204 480 233 damni
500 203 667 239 accepimus,
692 203 739 231 ubi
765 203 840 231 venit
857 203 935 237 ildes,
949 208 976 232 et
995 209 1091 232 cuncta

1146 205 1244 240 ποιήσῃ
1254 224 1261 236 ,
1277 204 1355 230 οὐδὲν
1383 201 1538 238 ἐϐλάὸημεν
1564 203 1717 240 ἐρχομένης
1745 204 1855 241 ἐκείνης
1865 225 1872 238 ,
1888 207 1937 234 καὶ

307 252 445 280 dissolvit.

342 297 426 324 Vsus.
447 296 492 328 22,
518 295 564 323 23.
584 304 593 321 l
610 294 663 323 Sed
676 294 814 322 conclusit
839 294 982 330 Scriptura
1000 295 1092 324 omnia

307 342 359 371 sub
374 345 496 377 peccato,
517 344 548 368 ut
562 341 712 376 promissio
723 347 755 368 ex
773 339 825 368 [ide
839 340 904 368 Iesu
920 341 1024 368 Christi
1042 342 1093 368 da-

306 393 383 417 retur
397 388 582 416 credentibus.
594 387 674 415 Prius
687 391 776 415 autem
792 395 874 422 quam
893 388 998 415 veniret
1014 388 1092 422 lldes,

306 435 359 462 sub
375 435 432 469 lege
444 433 669 462 custodiebamur
680 433 817 466 conclusi,
832 433 859 461 in
871 441 931 461 eam
944 441 1020 468 spem
1031 440 1093 469 quae

307 479 451 508 revelanda
467 483 536 506 erat.
553 488 562 505 ι

344 527 422 562 167
432 527 498 554 Cum
510 525 595 554 Judaei
610 527 753 554 admodum
761 526 944 560 superbirent,
953 530 980 554 et
989 527 1093 555 idcirco

308 571 425 598 miseriis
448 571 650 604 obtererentur,
678 578 737 598 eam
760 571 796 598 ob
819 579 876 598 rem
894 571 935 599 lex
959 572 1013 599 illis
1029 573 1091 599 data

306 621 360 649 est,
385 624 437 650 qua
457 620 600 651 peccatum
614 621 809 649 coargueretur
833 616 964 650 ipsorum,
990 624 1092 651 eosque

305 661 437 688 obnoxios
456 661 643 696 imprecationi
663 660 798 694 redderet,
823 666 854 688 ut
871 666 1051 695 agnoscentes
1063 669 1092 689 se

307 707 333 734 in
350 706 481 734 extremis
497 713 587 740 agere,
614 706 714 733 Christi
735 706 814 734 iidem
832 711 1020 742 peroptarcnt,
1037 714 1090 741 qua

305 756 445 787 peccatum
460 759 569 786 quoque
582 751 734 779 tolleretur.

342 796 422 825 Vens.
441 797 486 830 24,
500 798 544 825 25.
567 807 576 823 ι
596 798 691 832 Itaque
703 798 744 826 lex
758 799 920 835 paedagogus
937 806 1030 828 noster
1041 801 1090 828 fuit

306 843 333 870 in
346 842 468 876 Christo,
480 848 508 871 ut
522 851 555 870 cx
570 843 623 870 title
644 844 840 878 justilicemur.
854 846 890 873 At
908 845 952 873 ubi
972 848 1044 874 venit
1057 847 1090 874 ti-

305 888 362 919 des.
376 887 431 922 jam
448 896 500 916 non
519 897 612 916 sumus
629 890 680 918 sub
700 890 859 927 paedagogo.
883 901 893 918 ι

339 933 424 968 Atqui
447 934 612 969 paedagogus
636 936 765 970 magistro
789 937 947 966 contrarius
967 945 1020 967 non
1037 944 1089 973 est,

306 979 354 1006 sed
366 979 392 1007 ei
407 981 477 1007 viam
493 982 599 1008 sternit.
611 981 689 1014 Quod
704 982 727 1010 si
743 983 804 1017 quis
818 983 949 1012 doctrinae
968 985 1090 1013 habitum

307 1025 419 1060 adeptus
431 1033 446 1053 a
462 1027 594 1062 magistro
617 1031 670 1060 est,
693 1032 748 1055 tum
766 1028 855 1063 ipsum
871 1032 954 1065 pudet
981 1039 1093 1059 manere

306 1072 357 1099 sub
375 1072 528 1107 pmdagngo.

344 1115 425 1143 Vens.
439 1116 484 1144 26.
501 1126 509 1142 ι
527 1117 629 1146 Omnes
642 1118 713 1145 enim
727 1118 773 1146 ﬁlii
789 1118 835 1147 Dei
850 1120 917 1148 estis
933 1127 982 1156 per
998 1121 1090 1155 ﬁdem,

307 1170 367 1196 quae
383 1167 423 1190 est
443 1164 470 1190 in
488 1163 598 1191 Christo
612 1163 687 1192 Iesu.
703 1174 712 1190 ι

342 1211 375 1237 At
388 1218 438 1239 non
454 1218 502 1244 per
517 1210 721 1246 legem,inquit.

344 1256 424 1283 Vens.
442 1256 488 1283 27.
503 1265 512 1281 ι
529 1256 690 1292 Quicunque
703 1258 775 1285 enim
788 1257 815 1285 in
830 1258 940 1286 Christo
958 1259 1089 1294 baptizati

309 1303 385 1334 estis,
401 1302 540 1330 Christum
556 1303 696 1331 induistis.
715 1312 724 1329 ι

342 1347 474 1381 Quoniam
493 1348 621 1376 eximium
649 1349 714 1384 quid
736 1354 763 1377 et
785 1349 947 1378 admirabile
971 1358 1091 1385 pronun-

307 1394 394 1426 tiavit,
422 1401 469 1423 eos
486 1394 613 1422 nimirum
629 1395 675 1430 qui
696 1397 880 1424 exsecrationi
896 1397 964 1434 legis
991 1400 1091 1428 subditi

306 1443 395 1472 erant,
420 1448 468 1476 per
485 1441 563 1469 tidem
593 1441 664 1470 filios
681 1442 728 1470 Dei
751 1444 902 1480 appellatos
925 1444 1022 1478 fuisse,
1040 1447 1092 1474 hoc

307 1486 394 1519 ipsum
411 1486 513 1514 evincit
530 1486 659 1521 primum,
681 1488 745 1522 quia
768 1489 911 1517 Christum
933 1491 1090 1521 induerunt.

1145 249 1234 276 πάντα
1249 248 1377 284 λυούσης.

1182 304 1192 320 ι
1215 294 1295 322 Ἀλλὰ
1311 294 1481 321 συνέκλεισεν
1497 295 1513 330 ἡ
1539 294 1635 330 Γραφὴ
1663 295 1772 323 ἅπαντα
1785 297 1831 332 ὑφ’
1845 298 1936 335 ἁμαρ-

1142 341 1212 374 τίαν,
1228 341 1271 368 ἴνα
1292 341 1309 376 ἡ
1326 341 1477 375 ἐπαγγελία
1492 341 1525 368 ἐκ
1542 341 1662 373 πίστεως
1693 341 1782 377 Ἰησοῦ
1812 344 1934 379 Χριστοῦ

1143 387 1206 423 δοθῇ
1217 388 1274 419 τοῖς
1294 386 1463 415 πιστεύουσι.
1479 387 1535 422 Πρὸ
1549 387 1595 413 τοῦ
1613 387 1642 414 δέ
1658 387 1748 415 ἐλθεῖν
1762 388 1812 424 τὴν
1830 390 1934 423 πίστιν,

1144 433 1197 460 ὑπὸ
1208 433 1291 469 νόμον
1303 433 1512 468 ἐφρουρούμεθα
1529 433 1736 468 συγκλειόμενοι
1750 435 1791 467 εἰς
1805 434 1856 470 τὴν
1868 436 1935 470 μέλι

1143 478 1241 506 λουσαν
1256 478 1348 505 πίστιν
1360 477 1599 514 ἁποκαλύφθῆναι.
1619 488 1629 505 ι

1185 523 1294 559 Ἐπειδὴ
1309 525 1416 559 μεγάλα
1430 524 1561 559 ἐφρόνουν
1589 525 1722 557 Ἰουδαῖοι,
1747 526 1794 552 καὶ
1806 526 1885 553 τοῦτο
1899 524 1935 562 ἦν

1142 569 1240 600 αὐτοὺς
1250 568 1281 595 τὸ
1294 568 1484 604 ταλαιπώρους
1499 570 1698 605 ἐργασάμενον,
1711 571 1805 598 τούτου
1825 572 1905 607 χάριν
1919 574 1935 599 6

1142 615 1224 649 νόμος
1237 614 1325 650 ἐδόθη.
1346 614 1465 649 ἐλέγχων
1480 615 1571 642 αὐτῶν
1588 615 1637 651 τὴν
1655 616 1803 652 ἁμαρτίαν,
1817 618 1866 645 καὶ
1881 618 1935 645 ὑπὸ

1142 661 1262 696 κατάραν
1276 660 1372 692 ποιῶν,
1389 659 1433 687 ἵνα
1447 659 1548 692 ειδότες
1564 660 1601 692 ὡς
1621 662 1652 688 ἐν
1669 661 1794 697 ἐσχάτοις
1806 663 1870 695 είσὶ,
1884 663 1934 698 τὴν

1142 705 1233 732 πίστιν
1246 705 1387 740 ποθήσωσι
1401 706 1451 741 τὴν
1466 705 1510 733 διὰ
1532 707 1663 742 Χριστοῦ,
1683 707 1733 743 τὴν
1757 708 1803 734 καὶ
1817 707 1933 736 λύουσαν

1141 750 1189 786 τὴν
1203 751 1350 786 ἁμαρτίαν.

1179 805 1188 822 ι
1208 797 1288 823 Ὥστε
1317 797 1330 823 ό
1351 796 1433 832 νόμος
1456 797 1632 832 παιδαγωγὸς
1653 798 1733 833 ἡμῶν
1751 799 1863 833 γέγονεν
1891 800 1933 831 εἰς

1141 841 1268 877 Χριστὸν,
1285 841 1329 868 ἴνα
1342 843 1374 869 ἐκ
1385 842 1503 875 πίστεως
1513 843 1716 878 δικαιωθῶμεν.
1742 844 1888 880 Ἐλθούσης
1903 844 1932 871 δέ

1143 887 1192 922 τῆς
1203 887 1330 920 πίστεως,
1345 888 1437 915 οὐκέτι
1452 889 1504 915 ὑπὸ
1518 888 1691 923 παιδαγωγόν
1708 890 1804 924 ἐσμεν.
1825 899 1835 916 ι

1184 933 1213 960 '0
1229 933 1258 960 δέ
1285 933 1459 968 παιδαγωγὸς
1475 935 1525 960 οὐκ
1552 934 1674 966 ἐναντίος
1703 934 1742 970 τῷ
1767 935 1938 970 διδασκάλῳ,

1143 978 1212 1006 ἀλλὰ
1226 979 1410 1014 προοδοποιῶν
1436 979 1520 1015 αὐτῷ.
1546 980 1577 1007 Et
1596 980 1624 1006 δέ
1641 989 1683 1012 τις
1698 981 1728 1007 ἐν
1743 980 1799 1013 ags:
1820 982 1934 1016 γένηται

1146 1023 1314 1060 μαθημάτων
1331 1025 1406 1060 παρὰ
1419 1024 1465 1051 τοῦ
1478 1025 1649 1058 διδασκάλου,
1668 1025 1827 1061 αἰσχύνεται
1841 1026 1934 1053 λοιπὸν

1144 1071 1273 1106 ἐμμένειν
1282 1071 1322 1098 ἔτι
1336 1071 1375 1107 τῷ
1392 1071 1569 1107 παιδαγωγῷ.

1181 1125 1191 1142 ι
1210 1117 1314 1149 Πάντες
1328 1118 1381 1153 γὰρ
1397 1118 1450 1145 υἱοὶ
1465 1118 1532 1145 Θεοῦ
1546 1119 1608 1146 ἐστε
1629 1118 1673 1146 διὰ
1692 1118 1743 1155 τῆς
1764 1119 1882 1151 πίστεως
1903 1119 1934 1146 ἐν

1144 1164 1253 1199 Χριστῷ
1274 1164 1371 1200 Ἰησοῦ.
1387 1173 1397 1190 ι

1186 1209 1255 1236 Ἀλλ’
1269 1209 1299 1236 οὐ
1315 1210 1359 1236 διὰ
1373 1209 1420 1236 τοῦ
1436 1210 1520 1245 νόμου
1539 1211 1634 1245 φησίν.

1183 1265 1192 1280 ι
1209 1256 1287 1282 Ὅσοι
1312 1256 1366 1292 γὰρ
1392 1257 1432 1288 εἰς
1453 1257 1571 1291 Χριστὸν
1595 1256 1791 1291 ἐϐαπτίσθητε,
1817 1258 1934 1293 Χριστὸν

1144 1300 1314 1327 ἐνεδύσασθε.
1336 1310 1345 1326 ι

1186 1346 1295 1381 Ἐπειδὴ
1307 1346 1379 1381 μέγα
1393 1344 1464 1380 εἶπε,
1476 1347 1523 1374 καὶ
1531 1347 1698 1382 θαυμαστὸν,
1709 1347 1772 1380 τοὺς
1783 1349 1836 1375 ὑπὸ
1849 1349 1935 1376 κατά-

1146 1401 1197 1428 ραν
1221 1393 1253 1418 ἐκ
1267 1392 1314 1419 τοῦ
1341 1392 1424 1427 νόμου
1439 1393 1650 1428 γεγενημένους,
1679 1394 1722 1421 διὰ
1751 1395 1801 1429 τῆς
1817 1394 1934 1427 πίστεως

1145 1438 1220 1469 υἱοὺς
1243 1437 1499 1473 προσαγορευθῆναι
1523 1438 1603 1472 Θεοῦ,
1626 1439 1829 1472 κατασκευάζει
1857 1441 1934 1471 αὐτὸ,

1146 1483 1254 1517 πρῶτον
1270 1483 1319 1518 μὲν
1333 1483 1371 1518 τῷ
1387 1483 1551 1511 ἐνδύσασθαι
1564 1484 1610 1511 τὸν
1620 1485 1748 1520 Χριστόν.
1761 1485 1792 1512 Et
1801 1485 1829 1512 δέ
1841 1487 1856 1512 ὁ
1868 1486 1933 1521 Χρι-

306 1531 393 1559 Porro
407 1532 430 1559 si
444 1532 570 1561 Christus
584 1532 670 1561 Filius
684 1534 791 1562 exsistit
802 1534 859 1567 Dei,
878 1536 975 1570 inquit,
988 1542 1015 1564 tu
1027 1545 1091 1566 vero

1147 1529 1208 1560 στὸς
1233 1529 1298 1561 Υίδς
1323 1529 1401 1562 Θεοῦ,
1421 1530 1453 1556 σὺ
1472 1529 1501 1556 δὲ
1525 1530 1607 1557 αὑτὸν
1631 1531 1761 1563 ἐνεδύσω,
1789 1532 1867 1566 φησὶ,
1889 1531 1934 1558 τὸν

304 1584 366 1604 eum
382 1577 506 1611 induisti,
531 1585 593 1606 cum
612 1578 713 1606 Filium
735 1581 761 1607 in
786 1584 812 1607 te
836 1581 950 1614 habeas,
975 1582 1090 1619 ejusque

1144 1575 1207 1602 Υἱὸν
1220 1574 1289 1610 ἔχων
1303 1576 1333 1602 ἐν
1350 1575 1452 1611 σαυτῷ,
1469 1576 1516 1602 καὶ
1539 1576 1608 1612 πρὸς
1623 1577 1705 1604 αὑτὸν
1732 1577 1930 1613 ἀφομοιωθεὶς,

305 1623 403 1652 similis
428 1624 557 1658 evaseris,
581 1625 607 1652 in
633 1624 680 1652 Dei
703 1625 783 1660 plane
811 1627 1042 1663 propinquitatem
1060 1639 1091 1659 es

305 1673 460 1704 cooptatus.

344 1713 418 1742 Vens
434 1714 479 1742 28.
500 1725 510 1742 ι
539 1715 598 1743 Νοη
627 1721 669 1744 est
694 1716 814 1751 Judaeus,
844 1726 932 1755 neque
959 1720 1091 1755 Grrncus;

306 1767 359 1787 non
375 1765 417 1788 est
431 1768 536 1794 servus,
567 1770 656 1797 neque
681 1763 768 1796 liber;
799 1772 852 1792 non
877 1769 919 1794 est
942 1758 1089 1801 masculus,

307 1815 394 1842 neque
414 1806 523 1835 femina.
532 1807 641 1836 .Omnes
663 1809 735 1836 enim
759 1817 816 1843 vos,
838 1819 908 1840 unus
931 1812 958 1840 in
980 1813 1091 1843 Christo

304 1849 378 1879 Iesu.
400 1860 410 1878 ι

340 1896 426 1932 Magis
449 1905 482 1925 ac
513 1898 599 1933 magis
629 1899 750 1934 explicat
777 1901 928 1931 bonitatem
952 1903 1011 1939 Dei,
1037 1913 1091 1941 qua

305 1944 413 1971 cunctis
423 1944 528 1978 arquale
539 1945 640 1972 donum
659 1946 772 1982 largitus
790 1949 835 1976 sit.

341 1989 424 2018 Vens.
442 1990 487 2018 ‘29.
514 1991 544 2019 Si
570 1996 660 2020 autem
686 2001 733 2022 vos
759 1995 872 2029 Christi,
905 2004 972 2032 ergo
999 2005 1090 2027 semen

304 2035 421 2064 Abrahae
439 2037 516 2069 estis,
535 2038 684 2066 secundum
701 2041 911 2075 promissionem
928 2043 1062 2072 haeredes.
1079 2054 1089 2071 ι

340 2081 368 2110 Si
394 2082 523 2111 Christus
548 2091 640 2111 semen
671 2090 714 2112 est
740 2086 889 2120 Abraham,
920 2097 968 2116 vos
999 2095 1090 2118 autem

304 2127 443 2155 Christum
467 2127 609 2160 induistis,
628 2133 655 2155 et
687 2137 788 2164 corpus
821 2131 882 2166 ejus
918 2132 983 2161 facti
1012 2135 1091 2168 estis,

306 2173 482 2200 tnanilestum
489 2177 532 2201 est
545 2181 594 2200 vos
604 2181 666 2201 esse
679 2181 772 2202 semen
788 2175 938 2211 Abraham,
955 2186 987 2207 ac
999 2181 1092 2215 proin-

1142 1621 1182 1652 είς
1194 1620 1258 1656 μίαν
1270 1620 1430 1656 συγγένειαν
1443 1621 1542 1657 ἠχθης.

1180 1722 1189 1738 ι
1209 1713 1266 1740 Οὐκ
1279 1712 1319 1739 ἔνι
1340 1713 1479 1746 Ἰουδαῖος,
1502 1713 1564 1740 οὐδὲ
1580 1713 1681 1749 Ἕλλην
1691 1721 1698 1728 θ
1711 1714 1762 1741 οὐχ
1777 1713 1816 1741 Evt
1827 1713 1932 1746 δοῦλος,

1141 1758 1202 1785 οὐδὲ
1213 1758 1354 1794 ἐλεύθερος
1363 1766 1370 1774 ’
1384 1759 1434 1785 οὐχ
1449 1759 1489 1786 ἔνι
1503 1759 1588 1795 ἄρσεν
1598 1759 1644 1786 καὶ
1656 1759 1734 1795 θῆλυ.
1753 1760 1859 1793 Πάντες
1876 1762 1931 1796 γὰρ

1143 1805 1223 1840 ὑμεῖς
1237 1801 1277 1834 εἷς
1291 1805 1320 1832 ἐν
1334 1805 1446 1841 Χριστῷ
1466 1805 1565 1840 Ἰησοῦ.
1586 1815 1596 1831 ι

1184 1894 1245 1921 Ἐπὶ
1268 1894 1360 1921 πλεῖον
1374 1894 1509 1930 διηγεῖται
1527 1894 1577 1930 τὴν
1601 1894 1759 1930 ἅγαθότητα
1786 1896 1833 1923 τοῦ
1849 1896 1930 1929 Θεοῦ,

1142 1942 1207 1968 ὅπου
1220 1949 1252 1975 γε
1265 1941 1332 1968 πᾶσι
1345 1940 1397 1976 τὴν
1413 1941 1474 1976 τσην
1487 1941 1589 1968 δέδωκε
1603 1941 1718 1977 δωρεάν.

1181 1995 1190 2012 ι
1210 1986 1241 2012 Et
1253 1985 1281 2012 δὲ
1292 1987 1371 2021 ὑμεῖς
1395 1986 1525 2021 Χριστοῦ,
1541 1986 1597 2022 ἄρα
1607 1986 1655 2014 τοῦ
1677 1987 1804 2024 Ἀϐραὰμ
1820 1989 1931 2025 σπέρμα

1142 2031 1216 2064 ἐστὲ,
1231 2033 1292 2060 κατ’
1309 2032 1477 2067 ἐπαγγελίαν
1494 2032 1671 2068 κληρονόμοι.
1691 2042 1700 2059 ι

1178 2078 1209 2104 Εἰ
1222 2078 1237 2104 ὁ
1250 2078 1368 2113 Χριστὸς
1382 2079 1493 2114 σπέρμα
1507 2078 1554 2105 τοῦ
1578 2078 1714 2114 Ἀϐραὰμ,
1730 2079 1809 2114 ὑμεῖς
1824 2079 1852 2106 δὲ
1864 2080 1931 2115 Χρι-

1144 2124 1205 2151 στὸν
1227 2124 1389 2152 ἐνεδύσασθε
1402 2145 1409 2157 ,
1427 2125 1475 2152 καὶ
1490 2125 1570 2160 σῶμα
1587 2124 1669 2152 αὐτοῦ
1687 2126 1830 2160 γεγόνατε,
1853 2126 1932 2161 δῆλον

1143 2171 1183 2197 δτι
1201 2170 1310 2206 σπέρμα
1324 2170 1372 2197 τοῦ
1392 2171 1518 2207 Ἀϐραάμ
1532 2172 1604 2199 ἐστε.
1621 2172 1726 2199 Οὐκοῦν
1739 2172 1786 2198 καὶ
1804 2172 1931 2207 κληρονό-

304 2219 339 2245 de
365 2217 494 2246 lueredes.
530 2218 571 2245 Ad
592 2226 687 2247 semen
713 2220 814 2257 quippe
842 2223 915 2252 illius
941 2227 1091 2260 promissio

1146 2225 1201 2252 μοι.
1220 2216 1264 2252 Τῷ
1280 2217 1416 2254 σπέρματι
1430 2218 1484 2254 γὰρ
1499 2218 1574 2253 αὐτῷ
1587 2219 1602 2254 ὴ
1615 2218 1778 2253 ἐπαγγελία.

306 2263 434 2299 pertinet.

623 2323 700 2353 CAP.
715 2324 759 2352 Ν.

342 2377 428 2407 Vsus.
447 2378 504 2407 1-5.
515 2389 525 2406 ι
538 2379 603 2409 Dico
617 2386 709 2410 autem
721 2390 728 2409 :
748 2386 852 2417 quanto
864 2387 988 2420 tempore
1004 2386 1092 2416 haeres
1117 2408 1119 2410 -

304 2426 433 2460 parvulus
447 2430 499 2459 est,
513 2427 583 2455 nihil
597 2427 718 2456 differta
736 2437 827 2464 servo,
839 2439 902 2458 cum
912 2431 949 2459 sit
960 2433 1092 2462 Dominus

304 2472 438 2504 omnium,
454 2472 502 2501 sed
516 2473 567 2502 sub
584 2475 725 2503 tutoribus
739 2480 767 2504 et
779 2477 920 2506 actoribus
933 2484 987 2512 est,
1006 2487 1093 2515 usque

303 2517 336 2544 ad
352 2517 518 2551 praeﬁnitum
551 2522 660 2554 tempus
684 2527 699 2546 ιι
719 2519 822 2549 Patre:
845 2522 882 2550 ita
900 2527 927 2550 et
955 2531 1006 2552 nos
1031 2533 1092 2553 cum

303 2570 429 2591 essemus
445 2563 564 2598 parvuli,
587 2564 639 2592 sub
660 2565 804 2594 elementis
821 2567 915 2595 mundi
935 2568 1018 2604 hujus
1033 2577 1093 2597 era-

304 2616 367 2636 mus
390 2609 552 2638 servientes.
588 2610 704 2644 Quando
731 2616 822 2640 autem
853 2614 929 2641 venit
952 2615 1093 2650 plenitudo

304 2654 448 2689 temporis,
465 2655 541 2684 misit
559 2655 631 2685 Deus
653 2657 752 2686 Filium
767 2667 858 2693 suum,
873 2664 967 2688 natum
983 2668 1016 2689 ex
1030 2669 1091 2689 mu-

304 2698 383 2733 liere,
394 2705 490 2728 natum
505 2702 557 2730 sub
568 2702 637 2738 lege,
652 2707 682 2731 ut
695 2711 743 2733 eos
755 2706 801 2741 qui
818 2706 871 2734 sub
884 2707 942 2741 lege
957 2711 1036 2735 erant
1047 2715 1091 2735 re-

304 2744 432 2771 dimeret-
449 2757 459 2771 ι

326 2751 432 2774 Interct.
449 2757 459 2773 ι

342 2800 489 2830 Parvulum
508 2803 586 2837 dicit,
602 2813 654 2833 non
676 2810 768 2839 tetate,
789 2808 836 2835 sed
852 2809 964 2840 animo;
983 2810 1092 2845 signiti-

306 2854 373 2876 cans
389 2847 472 2876 Deum
488 2849 564 2878 initia
584 2851 639 2879 haec
651 2860 760 2887 quoque
773 2854 891 2883 voluisse
902 2855 1007 2891 largiri.
1019 2855 1089 2889 Quia

1449 2329 1573 2357 ΚΕΦΑΛ.
1591 2331 1617 2356 Δ¹
1631 2344 1636 2349 -

1183 2395 1192 2411 ι
1207 2385 1285 2420 Λέγω
1299 2385 1329 2412 δὲ
1346 2385 1388 2420 ἐφ’
1411 2385 1473 2412 ὅσον
1495 2386 1591 2420 χρόνον
1607 2386 1621 2412 ό
1645 2385 1813 2421 κληρονόμος
1839 2386 1937 2422 νήπιός

1144 2431 1230 2463 ἐστιν,
1247 2430 1324 2458 οὐδὲν
1350 2430 1474 2466 διαφέρει
1499 2430 1605 2463 δούλου,
1623 2430 1728 2466 Κύριος
1751 2430 1861 2458 πάντων
1886 2431 1935 2462 ὢν,

1144 2476 1202 2504 ἀλλ’
1214 2477 1266 2504 ὑπὸ
1287 2476 1452 2512 ἐπιτρόπους
1466 2476 1525 2503 ἐστὶ
1549 2477 1596 2503 καὶ
1608 2477 1779 2512 οἰκονόμους,
1804 2477 1868 2513 ἄχρι
1883 2477 1934 2512 τῆς

1144 2523 1312 2558 προθεσμίας
1325 2522 1372 2549 τοῦ
1386 2523 1503 2559 Πατρός.
1519 2522 1597 2550 Οὕτω
1618 2523 1666 2550 καὶ
1688 2524 1779 2558 ἡμεῖς,
1804 2523 1848 2550 ὅτε
1863 2521 1934 2558 ἦμεν

1144 2569 1247 2604 νήπιοι,
1264 2568 1316 2595 ὑπὸ
1329 2568 1363 2595 τὰ
1388 2569 1508 2603 στοιχεῖα
1528 2567 1576 2594 τοῦ
1594 2567 1698 2603 κόσμου
1713 2565 1785 2603 ἦμεν
1806 2566 1935 2594 δεδουλω-

1146 2617 1241 2651 μένοικ
1251 2616 1315 2642 Ὅτε
1328 2615 1357 2641 δέ
1375 2613 1442 2650 ἦλθε
1456 2615 1485 2641 τὸ
1500 2614 1639 2650 πλήρωμα
1660 2613 1706 2641 τοῦ
1730 2614 1838 2649 χρόνου,
1849 2613 1934 2646 ἐξαπ-

1145 2661 1264 2689 έστειλεν
1281 2662 1296 2688 ὁ
1315 2661 1381 2693 Θεὸς
1393 2661 1438 2688 τὸν
1454 2660 1517 2688 Υἱδν
1535 2659 1634 2693 αὑτοῦ,
1645 2661 1818 2695 γεννώμενον
1837 2660 1871 2686 ἐκ
1884 2667 1935 2692 γυα

1145 2707 1248 2739 ναικὸς,
1261 2705 1430 2741 γεννώμενον
1451 2705 1504 2733 ὑπὸ
1527 2705 1621 2741 νόμον,
1640 2705 1684 2733 ἵνα
1707 2705 1771 2737 τοὺς
1787 2704 1839 2731 ὑπὸ
1854 2704 1935 2740 νόμον

1146 2753 1310 2788 ἐξαγοράσῃ.
1327 2763 1336 2779 ι

1181 2811 1298 2846 Νήπιος,
1310 2811 1340 2838 οὐ
1356 2811 1405 2845 τὴν
1418 2811 1537 2846 ἡλικίαν,
1552 2810 1619 2837 ἀλλὰ
1638 2810 1687 2845 τὴν
1715 2810 1828 2844 γνώμην
1851 2809 1917 2843 φησί
1928 2816 1934 2821 ·

1145 2857 1254 2888 δεικνὺς
1270 2857 1366 2884 ὅτικαὶ
1382 2856 1410 2889 ἐξ
1425 2856 1512 2892 ἀρχῆς
1535 2856 1583 2891 μὲν
1601 2856 1725 2883 ὲὸοὑλετο
1742 2856 1755 2882 6
1769 2855 1835 2886 θεὸς
1849 2853 1934 2881 ταῦτα
