2077 3114
163 139 211 173 801

754 141 794 172 ΙΝ
815 142 934 172 EPIST.
956 142 1005 171 AD
1022 140 1200 171 GALATAS.

1745 138 1797 172 802

161 196 336 232 xapbacht.
369 195 479 230 Ἐπειδὴ
500 196 528 223 δὲ
555 196 595 222 ἔτι
624 195 840 231 νηπιωδέστερον
860 196 951 223 διεκεί-

1009 204 1076 224 vero
1091 195 1234 231 pueriliter
1253 194 1343 222 adhuc
1359 195 1450 223 allecti
1465 202 1586 228 eramus,
1597 194 1655 230 ipse
1668 201 1716 221 nos
1729 194 1797 222 sivit

163 243 243 278 μεθα,
256 242 366 277 ἀφῆκεν
394 241 447 268 ὑπὸ
475 241 510 268 τὰ
536 242 657 276 στοιχεῖα
672 241 719 267 τοῦ
745 241 849 277 κόσμου
873 239 955 274 εἶναι,

161 287 284 314 τουτέστι
302 286 462 321 Νουμηνίας
489 286 537 313 καὶ
560 286 699 313 Σάϐϐατα.
717 287 751 312 Δί
775 288 830 322 γὰρ
852 287 956 322 ἡμέραι

162 333 216 360 ἀπὸ
231 333 332 368 δρόμου
359 333 477 367 σελήνης
504 331 552 358 καὶ
568 331 644 366 ἡλίου
663 332 792 366 γίνονται.
814 332 845 359 Et
867 332 895 358 δὲ
911 331 958 359 καὶ

162 378 210 405 νῦν
226 379 298 413 ἡμᾶς
317 377 370 404 ὑπὸ
384 377 466 412 νόμον
482 376 604 411 ἄγουσιν,
622 377 699 404 οὐδὲν
712 377 806 412 ἕτερον
821 376 956 408 ποιοῦσιν,

162 423 251 458 ἀλλ’ἢ
272 423 320 450 καὶ
347 423 376 450 ὲν
395 422 436 458 τῷ
453 422 543 458 χρόνῳ
567 422 619 457 τῆς
636 422 744 455 τελείας
775 422 894 458 ἡλικίας,
917 423 957 454 εἰς

161 469 285 496 τούπίσω
295 468 377 496 πάλιν
391 468 541 502 ἀπάγουσι,
553 468 601 495 καὶ
614 468 715 496 δούλων
727 468 804 496 οῦδὲν
817 468 956 503 διαφέρειν

163 514 298 542 ποιοῦσιν.

201 569 212 586 α
234 561 292 587 Ἵνα
306 560 357 595 τὴν
367 559 506 587 υἱοθεσίαν
517 559 710 595 ἀπολάϐωμεν.
730 570 739 586 ι

198 606 298 638 Καλῶς
308 604 397 639 εἷπεν,
412 605 622 640 ἀπολάϐωμεν,
637 606 745 639 δεικνὺς
766 605 954 642 ὀφειλομένην.

168 652 289 680 ¹Ἀνωθεν
304 652 358 688 γὰρ
375 652 560 688 ἐπηγγείλατο
573 652 620 679 ἐπὶ
634 652 682 679 τοῦ
702 652 836 688 Ἀϐραάμ.

201 751 210 768 ι
229 742 291 768 ὀτι
312 741 342 768 δέ
368 742 429 768 ἐστε
457 742 520 775 υῑοὶ,
535 741 709 774 ἐξαπέστειλε
731 742 761 768 τὸ
776 742 887 778 Πνεῦμα
901 741 947 769 τοῦ

163 787 229 814 Υἱοῦ
243 787 326 814 αὑτοῦ
340 788 380 819 εις
392 788 443 820 τὰς
456 788 572 823 καρδίας
587 788 674 823 ὑμῶν,
690 788 802 824 κράξον,
833 788 927 821 ’Δ66ἆ,
942 789 956 815 ὁ

163 834 271 869 Πατήρ.
286 834 367 860 Ὥστε
380 834 471 861 οὐκέτι
487 832 513 861 εἴ
523 834 627 867 δοῦλος,
644 834 711 861 ἀλλὰ
721 835 790 866 υῑός.
805 835 836 861 El
847 834 875 861 δὲ
886 834 954 866 υίὸς,

164 881 211 908 καὶ
227 880 396 915 κληρονόμος
413 879 480 907 Θεοῦ
496 880 544 908 διὰ
559 880 687 916 Χριστόν.
705 889 714 906 ι

200 925 276 951 ’Δνω
290 925 337 951 καὶ
352 925 427 952 κάτω
438 924 485 952 τὸν
496 925 623 960 περὶτῆς
633 925 770 957 υἱοθεσίας
784 925 876 957 αὐτοῖς
888 934 954 961 προ-

163 969 242 1005 φέρει
257 969 347 1003 λόγον.
377 969 433 997 Καὶ
460 969 509 1005 ἤδη
531 970 580 1005 μὲν
593 969 695 1002 ἔδειξεν
710 971 738 997 ὲν
753 972 810 1002 τοῖς
823 970 954 1006 ἀνωτέρω

162 1010 209 1042 didi
227 1015 273 1042 τοῦ
292 1016 391 1048 εἰπεῖν,
420 1016 550 1050 Χριστὸν
567 1016 771 1044 ἐνεδύσασθε·
790 1016 838 1044 νῦν
857 1016 885 1043 δὲ
909 1017 955 1044 καὶ

163 1061 257 1097 ἑτέρου
271 1061 318 1088 τοῦ
335 1062 433 1094 εἰπεῖν,
449 1062 491 1088 ὅτι
503 1062 554 1088 οὐκ
569 1062 602 1089 ἃν
619 1061 771 1097 ἐδυνάμεθα
781 1063 889 1098 Πατέρα
903 1072 954 1090 κα-

162 1106 219 1133 λεῖν
231 1107 276 1134 τὸν
293 1107 371 1140 Θεὸν,
391 1108 438 1134 καὶ
462 1108 493 1134 τὸ
510 1107 625 1143 Πνεῦμα
649 1107 733 1134 αὑτοῦ
755 1107 859 1141 λαϐεῖν,
875 1109 899 1135 εί
916 1109 953 1145 μὴ

163 1153 217 1180 υἱοὶ
235 1152 317 1180 αὑτοῦ
333 1153 520 1188 ἐγεγόνειμεν.
825 1150 831 1157 ’

201 1209 210 1225 ι
234 1199 315 1226 Ἀλλὰ
329 1200 389 1226 τότε
412 1200 461 1235 μὲν
484 1200 534 1226 οὐκ
562 1200 665 1232 εἰδότες
680 1200 758 1235 Θεὸν,
777 1201 953 1228 ἐδουλεύσατε

163 1246 219 1276 τοῖς
234 1244 313 1279 φύσει
330 1244 368 1280 μὴ
377 1242 437 1271 οὖσι
450 1244 532 1276 θεοῖς.
548 1245 605 1271 Νῦν
621 1244 650 1271 δὲ
661 1245 770 1279 γνόντες
788 1245 865 1278 Θεὸν,
884 1245 953 1281 μᾶλα

161 1291 207 1317 λον
219 1290 248 1317 δὲ
266 1289 433 1324 γνωσθέντες
446 1290 498 1317 ὑπὸ
513 1290 593 1323 Θεοῦ,
604 1289 663 1323 πῶς
678 1291 856 1326 ἐπιστρέφετε
873 1291 953 1317 πάλιν

161 1336 209 1362 ἐπὶ
220 1335 254 1362 τὰ
269 1335 370 1370 ἀσθενῆ
385 1335 433 1363 καὶ
450 1335 546 1371 πτωχὰ
562 1337 682 1371 στοιχεῖα
695 1356 702 1370 ,
720 1333 760 1368 οἷς
785 1335 867 1362 πάλιν
882 1336 952 1363 ἄνω-

162 1382 208 1407 03v
221 1381 356 1408 δουλεύειν
367 1381 458 1408 θέλετε
470 1390 477 1415 ;
499 1391 509 1407 ι

203 1467 338 1496 Ἐνταῦθα
356 1468 424 1504 πρὸς
437 1468 500 1500 τοὺς
511 1468 540 1502 ἐξ
556 1468 641 1495 ὲονῶν
655 1468 855 1500 πιστεύσαντας
883 1468 951 1495 ἀπο-

160 1515 279 1542 τείνεται
290 1523 297 1530 ’
311 1515 352 1541 ὃτι
367 1515 416 1542 καὶ
429 1514 638 1550 είδωλολατρεία
656 1514 687 1541 τὸ
700 1514 821 1541 τοιοῦτόν
836 1515 920 1546 ἐστιν,
935 1515 951 1550 ἡ

161 1561 210 1594 τῆς
228 1559 282 1586 τῶν
297 1559 410 1596 ἡμερῶν
424 1560 644 1595 παρατηρήσεως
660 1560 782 1595 φυλακή.

200 1614 209 1630 ι
230 1605 351 1642 Ἡμέρας
366 1606 584 1641 παρατηρετσθε,
597 1606 643 1632 καὶ
658 1606 755 1641 μῆνας,
769 1606 817 1633 καὶ
828 1606 950 1641 καιροὺς,

161 1651 207 1677 καὶ
221 1650 371 1682 ἐνιαυτούς.
389 1660 398 1676 ι

201 1697 248 1723 Ἐκ
259 1695 363 1723 τούτων
385 1696 476 1732 δῆλον,
497 1698 544 1724 ’ὅτι
558 1697 588 1724 οὐ
607 1698 687 1733 μόνον
706 1698 860 1733 περιτομὴν
874 1698 952 1725 αὐτοὶ

158 1742 308 1777 ἐκήρυττον
324 1742 431 1778 ἐκείνην
450 1744 547 1778 μόνην,
565 1743 633 1770 ἀλλὰ
651 1743 698 1770 καὶ
712 1743 761 1776 τὰς
783 1743 890 1779 ἑορτὰς,
905 1743 952 1771 καὶ

160 1788 210 1819 τὰς
226 1788 385 1823 Νουμηνίας
401 1790 506 1824 τηρεῖν.

200 1843 210 1860 ‹
226 1835 365 1870 Φοϐοῦμαι
396 1835 486 1871 ὑμᾶς,
513 1837 613 1871 μήπως
641 1836 704 1872 εἰκῆ
730 1836 884 1864 κεκοπίακα
911 1837 951 1868 εἰς

161 1881 243 1916 ὑμᾶς.
264 1889 273 1906 ›

195 1925 329 1958 Δέδοικα,
346 1926 439 1961 φησὶν,
462 1927 492 1953 οὐ
513 1927 565 1963 μὴν
591 1927 751 1962 ἀπέγνωκα.
781 1927 878 1962 Κύριοι
896 1928 950 1962 γὰρ

160 1971 240 2005 ὑμεῖς
253 1971 283 1997 τὸ
297 1971 351 1998 πᾶν
367 1971 524 2007 διορθῶσαι.

199 2024 208 2040 ι
225 2015 336 2042 Γίνεσθε
351 2015 389 2048 ὡς
403 2016 469 2052 ἐγὼ,
494 2017 535 2043 ὃτι
560 2017 638 2051 κάγὼ
660 2017 698 2049 ὡς
714 2018 809 2053 ὑμεῖς,
826 2017 948 2052 ἀδελφοὶ,

160 2060 257 2096 δέομαι
274 2060 362 2096 ὑμῶν.
379 2061 464 2089 Οὐδέν
482 2071 516 2097 με
528 2063 688 2098 ὴδῐκήσατε.
708 2072 718 2089 ι

196 2104 287 2132 Ταῦτα
299 2106 368 2142 πρὸς
380 2107 443 2138 τοὺς
456 2107 486 2140 ἐξ
507 2107 641 2134 Ἰουδαίων
655 2107 739 2142 λέγει.
757 2108 802 2135 Διὸ
824 2109 871 2135 καὶ
887 2109 946 2135 ἑαυ-

159 2151 204 2178 τὸν
220 2153 258 2183 εἰς
275 2152 359 2187 μέσον
384 2153 456 2187 ἄγει,
476 2153 580 2180 πείθων
596 2154 694 2186 αὐτοὺς
721 2155 874 2190 ἀποστῆναι
893 2155 947 2182 τῶν

159 2196 293 2231 παλαιῶν,
310 2199 498 2234 μιμουμένους
510 2199 603 2226 αὐτόν.

195 2305 207 2321 ε
222 2295 327 2328 Οἴδατε,
343 2297 384 2324 ὅτι
399 2297 432 2324 δι’
448 2297 590 2325 ἀσθένειαν
609 2299 658 2334 τῆς
680 2299 782 2333 σαρκὸς
804 2299 947 2334 εὐηγγελι-

159 2342 250 2378 σάμην
262 2341 326 2378 ὑμῖν
336 2344 367 2370 τὸ
381 2344 523 2385 πρότερον)
540 2345 587 2372 καὶ
598 2344 644 2372 τὸν
655 2345 810 2381 πειρασμόν
826 2354 889 2381 μου,
902 2346 948 2372 τὸν

158 2387 206 2415 ἐπὶ
229 2390 262 2424 τῇ
291 2389 372 2425 σαρκί
388 2398 439 2425 μου
458 2389 508 2417 οὐκ
532 2389 738 2426 ἐξουθενήσατε,
754 2391 814 2418 οὐδὲ
835 2391 949 2424 ἐξεπτύ-

158 2441 235 2466 σατε,
249 2434 307 2461 ἀλλ’
323 2434 360 2467 ὡς
375 2435 491 2470 ἄγγελον
506 2435 575 2463 Θεοῦ
600 2436 728 2470 ἐδέξασθε
742 2436 804 2472 ἐμὲ,
828 2436 865 2469 ὡς
881 2437 948 2472 Χριο

158 2478 222 2505 στὸν
242 2479 356 2514 Ἰησοῦν.
376 2490 386 2506 ι

193 2524 349 2560 Κηρύσσων
364 2527 428 2561 ὑμῖν
438 2548 446 2560 ,
458 2528 541 2563 φησὶν
552 2548 560 2562 ,
585 2527 759 2564 ὴλαυνόμην,
782 2528 946 2564 ἐμαστιγοὺ-

158 2578 224 2606 μην,
239 2570 371 2604 θανάτους
386 2573 532 2608 ὑπέμενον,
551 2573 598 2601 καὶ
622 2573 682 2601 οὐδὲ
695 2574 766 2601 οὕτω
780 2575 948 2610 κατεφρονή-

158 2616 223 2643 σατέ
235 2625 297 2651 μου.
315 2617 402 2645 Τοῦτο
415 2619 470 2654 γάρ
480 2619 550 2652 ἐστι,
569 2620 625 2647 Τὸν
639 2621 806 2655 πειρασμόν
819 2629 879 2654 μου
893 2619 947 2647 τὸν

155 2662 191 2689 ἐν
202 2662 240 2696 τῇ
253 2664 345 2698 σαρκί
349 2672 409 2699 μου
422 2665 477 2692 οὐκ
490 2664 722 2699 ἐξουθενήσατε,
735 2666 807 2693 οὐδὲ
821 2666 946 2698 ἐξεπτύ-

155 2714 240 2736 σατε.
258 2709 321 2742 Πῶς
339 2707 386 2737 οὖν
401 2710 451 2737 οὐκ
467 2710 579 2744 ἄτοπον,
595 2712 762 2747 διωκόμενον
774 2711 811 2744 ὡς
831 2712 946 2746 ἄγγελον

157 2753 291 2789 δέχεσθαι,
327 2756 512 2793 παραινοῦντα
542 2757 571 2784 δὲ
601 2757 634 2784 τὰ
665 2757 768 2792 δέοντα,
805 2757 842 2792 μὴ
869 2757 944 2792 δέχε-

159 2801 222 2827 σθαι
231 2824 239 2828 .

1010 241 1062 268 sub
1079 241 1223 269 elementis
1246 240 1341 268 mundi
1367 247 1467 276 agere;
1484 245 1551 276 puta
1569 241 1621 268 sub
1636 239 1798 267 Neomeniis

1008 291 1034 315 et
1047 287 1183 315 Sabbatis.
1194 286 1263 314 Nam
1280 287 1340 314 dies
1359 293 1441 314 cursu
1454 287 1521 314 solis
1534 291 1560 314 et
1572 287 1644 314 lunae
1663 293 1799 322 peragun-

1017 338 1072 360 tur.
1091 333 1119 359 Si
1134 336 1224 360 autem
1242 339 1291 360 nos
1311 331 1362 359 sub
1378 332 1463 367 legem
1486 333 1624 368 redigunt,
1641 332 1707 359 nihil
1723 331 1797 358 aliud

1008 378 1123 411 faciunt,
1141 384 1223 412 quam
1239 377 1262 405 si
1297 384 1348 404 nos
1367 376 1456 404 aetatis
1477 377 1577 404 adultae
1600 381 1725 412 tempore
1753 376 1788 403 ad

1010 427 1175 451 retroactatn
1188 426 1295 450 aetatem
1317 423 1408 450 denuo
1431 427 1602 456 revocarent,
1615 426 1644 449 ut
1668 430 1683 449 a
1706 422 1795 450 servis

1008 470 1075 498 nihil
1092 469 1247 498 diﬁ‘crenles
1265 469 1364 497 simus.

1048 569 1057 586 ‹
1074 559 1112 587 Ut
1125 559 1300 594 adoptionem
1316 558 1435 586 ﬁliorum
1453 558 1653 593 reciperemus.
1677 567 1687 584 ι

1042 605 1124 641 168
1136 605 1221 633 Recte
1234 604 1314 637 dixit,
1337 605 1522 639 reciperemus,
1545 608 1575 631 ut
1595 611 1655 631 eam
1675 602 1796 630 debitam

1008 653 1088 680 nobis
1113 651 1199 680 fuisse
1229 651 1397 679 ostenderet.
1424 650 1496 678 Olim
1531 651 1604 678 enim
1622 650 1694 677 Deus
1720 649 1792 676 hanc

1007 699 1165 726 Abrahamo
1184 698 1361 733 promiserat.

1042 744 1127 773 Vens.
1149 744 1175 778 6,
1194 744 1221 772 7.
1253 753 1262 769 ε
1283 744 1419 777 Quoniam
1443 743 1508 771 estis
1533 743 1593 776 ﬁlii,
1619 743 1694 770 misit
1723 742 1794 770 Deus

1008 790 1140 826 Spiritum
1157 789 1218 817 Filii
1240 790 1282 817 sui
1304 790 1331 817 in
1361 789 1446 818 corda
1473 794 1576 822 vestra,
1609 789 1792 816 clamantem:

1008 837 1096 869 Abba,
1111 835 1202 864 Pater.
1216 835 1311 871 Itaque
1323 836 1380 870 jam
1399 843 1454 863 non
1479 843 1509 863 es
1525 842 1631 867 servus,
1647 835 1695 862 sed
1712 834 1794 861 ﬁlius.

970 882 991 910 Β
1006 882 1083 916 Quod
1098 883 1119 910 si
1138 882 1220 915 ﬁlius,
1235 886 1262 910 et
1276 882 1364 910 him-es
1385 882 1431 910 Dei
1453 890 1501 917 per
1519 881 1670 909 Christum.
1694 890 1704 906 1

1044 928 1158 956 Sursum
1177 927 1305 956 deorsum
1329 928 1364 956 de
1389 927 1537 962 adoptione
1557 934 1710 955 sermonem
1735 933 1795 953 mo-

1006 978 1060 1002 vet.
1086 973 1200 1008 Jamque
1227 973 1356 1008 superius
1378 973 1488 1008 quidem
1508 980 1569 1000 eam
1591 971 1734 1001 indicavit.
1751 971 1794 998 di-

1009 1020 1108 1054 cendo,
1124 1019 1260 1047 Christum
1280 1020 1426 1047 induistis:
1444 1027 1517 1047 nunc
1542 1024 1632 1046 autem
1649 1018 1702 1045 alio
1714 1018 1795 1046 modo

1006 1073 1067 1093 eum
1081 1066 1130 1098 ait,
1149 1073 1203 1093 non
1225 1073 1274 1093 nos
1289 1073 1369 1101 posse
1386 1064 1471 1092 Deum
1492 1071 1592 1092 vocare
1609 1063 1730 1093 Patrem.
1748 1071 1795 1091 ne-

1005 1119 1059 1146 que
1070 1111 1202 1146 Spiritum
1218 1111 1253 1138 ab
1273 1118 1306 1139 eo
1338 1110 1474 1146 accipere,
1491 1109 1545 1137 nisi
1562 1109 1609 1136 ﬁlii
1623 1109 1711 1144 ipsius
1728 1109 1794 1136 facti

1004 1157 1102 1185 simus.

1044 1203 1127 1231 Vsus.
1146 1203 1173 1236 8,
1188 1203 1215 1230 9.
1234 1213 1242 1229 ι
1260 1203 1312 1231 Sed
1325 1206 1387 1231 tunc
1397 1202 1508 1238 quidem
1526 1201 1683 1237 ignorantes
1697 1201 1791 1232 Deum,

1004 1248 1038 1275 iis
1057 1248 1103 1282 qui
1119 1252 1215 1275 natura
1229 1255 1283 1275 non
1299 1251 1364 1275 sunt
1380 1247 1429 1280 dii,
1448 1247 1611 1274 serviebatis
1623 1266 1630 1274 .
1650 1245 1728 1284 Nune
1741 1253 1790 1272 au-

1005 1298 1058 1320 tem
1085 1300 1146 1320 cum
1168 1293 1354 1328 cognoveritis
1379 1292 1476 1326 Deum,
1493 1293 1548 1319 imo
1569 1292 1670 1326 cogniti
1691 1292 1752 1319 sitis
1776 1299 1791 1317 a

1003 1339 1068 1371 Deo,
1083 1339 1220 1374 quomodo
1239 1338 1435 1365 convertemini
1474 1338 1573 1364 iterum
1596 1337 1628 1363 ml
1646 1336 1751 1363 infirma
1766 1341 1793 1362 et

1003 1392 1086 1420 egena
1108 1385 1256 1417 elementa,
1274 1383 1374 1419 quibus
1398 1383 1489 1410 denuo
1508 1383 1542 1410 ab
1566 1383 1673 1418 integro
1688 1382 1791 1410 servire

1002 1430 1102 1458 vultis?
1126 1439 1134 1455 I

1039 1476 1097 1503 Hoc
1117 1475 1170 1503 loci
1189 1475 1252 1502 illos
1268 1474 1416 1509 alloquitur
1436 1481 1468 1501 ex
1488 1474 1617 1509 gentibus
1633 1473 1679 1508 qui
1697 1472 1788 1499 credi-

1003 1522 1117 1550 derant:
1135 1521 1265 1556 quoniam
1289 1525 1318 1549 et
1339 1520 1496 1549 observatio
1522 1521 1628 1548 dierum
1655 1520 1790 1547 idolorum

965 1553 987 1583 Ο
1003 1553 1191 1602 superstitioni
1207 1567 1304 1594 similis
1315 1571 1384 1593 erat.

1039 1614 1122 1641 Vsus.
1139 1612 1183 1640 10.
1204 1622 1213 1638 ‹
1237 1612 1301 1640 Dies
1315 1612 1483 1644 observatis,
1497 1616 1524 1640 et
1541 1620 1660 1646 menses,
1682 1617 1707 1640 et
1723 1617 1789 1639 lein~

1003 1665 1078 1693 pora,
1096 1661 1235 1685 et'annos.
1255 1667 1264 1683 ι

1037 1703 1076 1730 Ex
1096 1703 1156 1731 istis
1172 1708 1344 1738 compertum
1367 1703 1407 1735 ﬁt,
1426 1711 1479 1730 non
1503 1703 1591 1730 solum
1606 1710 1653 1731 eos
1667 1703 1788 1730 circum-

1001 1749 1132 1777 eisioncm
1152 1748 1327 1783 praedicasse,
1359 1756 1452 1776 verum
1470 1749 1552 1776 etiam
1579 1749 1662 1776 festos
1683 1749 1741 1776 dies
1763 1752 1791 1776 et

1002 1794 1166 1823 Neomenias
1180 1795 1286 1822 servari
1301 1794 1409 1822 debere.

1039 1839 1120 1869 Vens.
1138 1840 1182 1867 ll.
1200 1849 1209 1866 (
1220 1839 1316 1868 Timeo
1332 1848 1390 1872 vos,
1406 1847 1441 1868 ne
1455 1840 1525 1868 forte
1537 1840 1598 1867 sine
1612 1847 1697 1867 causa
1711 1839 1789 1867 labo-

1002 1887 1118 1914 raverim
1136 1887 1163 1914 in
1177 1887 1266 1915 vobis.
1284 1897 1293 1913 I

1039 1931 1142 1966 Timeo,
1155 1932 1255 1968 inquit,
1274 1939 1329 1960 non
1350 1932 1474 1967 despero.
1491 1932 1557 1960 Nam
1580 1933 1608 1959 in
1631 1936 1722 1960 vestra
1739 1939 1788 1967 po-

1002 1982 1100 2006 testate
1116 1981 1160 2006 est
1177 1982 1262 2005 talum
1278 1977 1435 2006 emendare.

1036 2024 1119 2052 Vens.
1136 2023 1179 2051 12.
1197 2033 1206 2049 ι
1227 2023 1321 2051 Estote
1342 2023 1414 2050 sicut
1438 2030 1499 2058 ego,
1514 2027 1542 2050 et
1561 2030 1612 2057 ego
1635 2023 1705 2050 sicut
1720 2030 1786 2050 vos:

1002 2067 1114 2101 fratres,
1129 2068 1243 2096 obsecro
1258 2075 1317 2095 vos.
1342 2067 1416 2094 Nihil
1430 2075 1474 2095 me
1487 2067 1623 2095 lmsistis.»

1034 2114 1097 2142 Hac
1116 2114 1241 2150 loquitur
1258 2114 1291 2142 ad
1308 2114 1369 2142 illos
1381 2114 1428 2149 qui
1441 2121 1473 2142 ex
1488 2113 1590 2141 Judaeis
1606 2118 1694 2142 erant.
1713 2114 1785 2148 Quo-

999 2161 1071 2188 circa
1100 2164 1187 2188 semet
1216 2161 1277 2196 ipse
1306 2159 1411 2194 profert
1435 2159 1463 2187 in
1493 2160 1624 2192 medium,
1653 2167 1707 2195 quo
1725 2161 1786 2188 illos

1001 2206 1124 2241 exemplo
1136 2213 1186 2233 suo
1201 2206 1366 2241 persuadeat
1381 2213 1395 2232 a
1414 2205 1515 2241 priscis
1530 2205 1628 2233 ritibus
1645 2205 1705 2234 suis
1738 2206 1786 2233 de-

1001 2252 1128 2281 sciscere.

1036 2299 1118 2326 Vsus.
1139 2298 1181 2327 15.
1196 2298 1238 2326 14.
1257 2307 1266 2324 ι
1287 2298 1371 2326 Scitis
1385 2300 1476 2326 autem
1492 2299 1557 2334 quia
1573 2307 1620 2334 per
1638 2299 1786 2328 inﬁrmita-

1002 2349 1054 2371 tem
1071 2343 1162 2371 carnis
1177 2344 1362 2380 evangelizavi
1379 2344 1456 2372 vobis
1472 2345 1650 2381 jampridem.
1673 2351 1701 2373 et
1722 2352 1784 2374 ten-

1000 2389 1131 2416 tationem
1148 2396 1235 2416 meam
1250 2389 1277 2416 in
1292 2396 1376 2416 carne
1388 2396 1446 2416 mea
1464 2397 1518 2417 non
1531 2390 1684 2424 sprevistis,
1697 2397 1786 2424 neque

998 2435 1163 2469 respuistis;
1181 2435 1229 2463 sed
1254 2435 1326 2463 sicut
1342 2435 1469 2470 angelum
1486 2434 1536 2464 Dei
1559 2435 1707 2471 excepistis
1730 2443 1784 2468 me,

999 2479 1070 2507 sicut
1083 2479 1222 2508 Christum
1240 2479 1345 2509 Iesum.
1368 2491 1378 2508 ι

1030 2525 1146 2559 Quando
1158 2526 1298 2555 Christum
1313 2526 1505 2561 prtedieabam,
1528 2526 1628 2562 inquit,
1642 2526 1782 2561 ejiciebar,

999 2572 1172 2607 vapulabam,
1198 2576 1302 2600 mortes
1318 2572 1468 2600 tolerabant
1482 2580 1489 2605 ;
1503 2579 1535 2600 ac
1561 2580 1595 2600 ne
1608 2572 1650 2601 sic
1668 2573 1779 2607 quidem

999 2625 1043 2645 me
1058 2617 1288 2646 contemnebatis.
1303 2617 1370 2644 Nam
1383 2617 1408 2645 id
1426 2617 1599 2653 signiﬁcatur
1614 2617 1657 2645 his
1671 2618 1762 2645 verbis
1775 2628 1782 2646 ε

1001 2663 1181 2690 Tentationem
1196 2671 1282 2690 meam
1295 2663 1322 2689 in
1338 2670 1419 2690 carne
1435 2671 1494 2689 utea
1507 2671 1558 2690 non
1575 2663 1722 2697 sprevistis,
1737 2672 1782 2690 ne-

998 2717 1047 2744 que
1062 2710 1212 2744 rapuistis.
1232 2709 1374 2742 Quomodo
1392 2709 1478 2744 igitur
1500 2717 1553 2737 no"
1569 2710 1718 2737 absurdum
1736 2711 1783 2743 sit,

996 2762 1058 2782 eum
1080 2755 1128 2790 qui
1152 2755 1351 2791 cxagitaretur,
1375 2760 1505 2789 tanquam
1540 2751 1666 2791 angelum
1690 2764 1783 2785 susce-

997 2804 1073 2836 ptum
1094 2808 1166 2834 esse,
1185 2808 1217 2828 ac
1234 2808 1288 2829 non
1306 2801 1382 2831 item.
1398 2801 1462 2829 dum
1474 2809 1506 2829 ea
1526 2810 1586 2838 quae
1607 2810 1677 2838 opus
1698 2808 1779 2838 sunt,

998 2847 1092 2874 suadet
1104 2847 1116 2874 ‘!
