  <div class='ocr_page' id='page_1' title='image "/cluster/home/n/w/nwhite01/storage/ocr_20150623/95/njp.32101077772844/409.png"; bbox 0 0 2077 3114; ppageno 0'>
   <div class='ocr_carea' id='block_1_1' title="bbox 285 106 339 138">
    <p class='ocr_par' dir='ltr' id='par_1_1' title="bbox 285 106 339 138">
     <span class='ocr_line' id='line_1_1' title="bbox 285 106 339 138; baseline 0 0"><span class='ocrx_word' id='word_1_1' title='bbox 285 106 339 138; x_wconf 84' lang='grc'><strong>803</strong></span> 
     </span>
    </p>
   </div>
   <div class='ocr_carea' id='block_1_2' title="bbox 869 105 1311 139">
    <p class='ocr_par' dir='ltr' id='par_1_2' title="bbox 869 105 1311 139">
     <span class='ocr_line' id='line_1_2' title="bbox 869 105 1311 139; baseline 0.007 -4"><span class='ocrx_word' id='word_1_2' title='bbox 869 106 898 136; x_wconf 89' lang='lat' dir='ltr'><strong>S.</strong></span> <span class='ocrx_word' id='word_1_3' title='bbox 918 105 1078 138; x_wconf 79' lang='lat' dir='ltr'><strong>JOANNIS</strong></span> <span class='ocrx_word' id='word_1_4' title='bbox 1098 108 1311 139; x_wconf 74' lang='lat' dir='ltr'><strong>DAMASCENI</strong></span> 
     </span>
    </p>
   </div>
   <div class='ocr_carea' id='block_1_3' title="bbox 1864 106 1914 138">
    <p class='ocr_par' dir='ltr' id='par_1_3' title="bbox 1864 106 1914 138">
     <span class='ocr_line' id='line_1_3' title="bbox 1864 106 1914 138; baseline 0 0"><span class='ocrx_word' id='word_1_5' title='bbox 1864 106 1914 138; x_wconf 67' lang='grc'><strong>801</strong></span> 
     </span>
    </p>
   </div>
   <div class='ocr_carea' id='block_1_4' title="bbox 323 158 1084 198">
    <p class='ocr_par' dir='ltr' id='par_1_4' title="bbox 323 158 1073 194">
     <span class='ocr_line' id='line_1_4' title="bbox 323 158 1073 194; baseline -0.003 -6"><span class='ocrx_word' id='word_1_6' title='bbox 323 161 407 188; x_wconf 71' lang='lat' dir='ltr'><strong>Vna.</strong></span> <span class='ocrx_word' id='word_1_7' title='bbox 429 160 470 194; x_wconf 81' lang='lat'><strong>15,</strong></span> <span class='ocrx_word' id='word_1_8' title='bbox 495 159 537 188; x_wconf 75' lang='grc' dir='ltr'>ιε.</span> <span class='ocrx_word' id='word_1_9' title='bbox 556 168 565 186; x_wconf 77' lang='grc' dir='ltr'><strong>ι</strong></span> <span class='ocrx_word' id='word_1_10' title='bbox 586 158 638 187; x_wconf 83' lang='lat' dir='ltr'><strong>Ubi</strong></span> <span class='ocrx_word' id='word_1_11' title='bbox 659 163 702 188; x_wconf 84' lang='lat' dir='ltr'><strong>est</strong></span> <span class='ocrx_word' id='word_1_12' title='bbox 718 165 784 194; x_wconf 73' lang='lat' dir='ltr'><strong>ergo</strong></span> <span class='ocrx_word' id='word_1_13' title='bbox 797 159 937 188; x_wconf 81' lang='lat' dir='ltr'><strong>beatitudo</strong></span> <span class='ocrx_word' id='word_1_14' title='bbox 961 161 1073 187; x_wconf 82' lang='lat' dir='ltr'><strong>\‘cstra?</strong></span> 
     </span>
    </p>
   </div>
   <div class='ocr_carea' id='block_1_5' title="bbox 1133 158 1915 198">
    <p class='ocr_par' dir='ltr' id='par_1_5' title="bbox 1166 159 1915 198">
     <span class='ocr_line' id='line_1_5' title="bbox 1166 159 1915 198; baseline 0.003 -12"><span class='ocrx_word' id='word_1_15' title='bbox 1166 171 1174 186; x_wconf 77' lang='grc' dir='ltr'><strong>ι</strong></span> <span class='ocrx_word' id='word_1_16' title='bbox 1197 163 1252 188; x_wconf 78' lang='grc' dir='ltr'><strong>Ποῦ</strong></span> <span class='ocrx_word' id='word_1_17' title='bbox 1267 160 1313 189; x_wconf 79' lang='grc' dir='ltr'>οὖν</span> <span class='ocrx_word' id='word_1_18' title='bbox 1333 163 1347 189; x_wconf 79' lang='grc' dir='ltr'>ὁ</span> <span class='ocrx_word' id='word_1_19' title='bbox 1371 162 1545 198; x_wconf 75' lang='grc' dir='ltr'>μακαρισμὸς</span> <span class='ocrx_word' id='word_1_20' title='bbox 1570 161 1666 196; x_wconf 80' lang='grc' dir='ltr'>ὑμῶν;</span> <span class='ocrx_word' id='word_1_21' title='bbox 1692 159 1833 196; x_wconf 58' lang='lat' dir='ltr'><strong>Mopsopio</strong></span> <span class='ocrx_word' id='word_1_22' title='bbox 1860 161 1915 196; x_wconf 74' lang='grc' dir='ltr'>γὰρ</span> 
     </span>
    </p>
   </div>
   <div class='ocr_carea' id='block_1_6' title="bbox 287 205 1074 240">
    <p class='ocr_par' dir='ltr' id='par_1_6' title="bbox 287 205 1074 240">
     <span class='ocr_line' id='line_1_6' title="bbox 287 205 1074 240; baseline -0.003 -6"><span class='ocrx_word' id='word_1_23' title='bbox 287 206 486 234; x_wconf 71' lang='lat' dir='ltr'><strong>Testimonium</strong></span> <span class='ocrx_word' id='word_1_24' title='bbox 506 205 579 232; x_wconf 82' lang='lat' dir='ltr'><strong>enim</strong></span> <span class='ocrx_word' id='word_1_25' title='bbox 602 205 735 240; x_wconf 80' lang='lat' dir='ltr'><strong>perliibeo</strong></span> <span class='ocrx_word' id='word_1_26' title='bbox 756 205 845 237; x_wconf 82' lang='lat' dir='ltr'><strong>vobis,</strong></span> <span class='ocrx_word' id='word_1_27' title='bbox 875 206 940 240; x_wconf 87' lang='lat' dir='ltr'><strong>quia</strong></span> <span class='ocrx_word' id='word_1_28' title='bbox 965 207 987 233; x_wconf 80' lang='lat' dir='ltr'><strong>si</strong></span> <span class='ocrx_word' id='word_1_29' title='bbox 1017 206 1074 233; x_wconf 89' lang='lat' dir='ltr'><strong>fieri</strong></span> 
     </span>
    </p>
   </div>
   <div class='ocr_carea' id='block_1_7' title="bbox 288 250 1073 287">
    <p class='ocr_par' dir='ltr' id='par_1_7' title="bbox 288 250 1073 287">
     <span class='ocr_line' id='line_1_7' title="bbox 288 250 1073 287; baseline 0 -8"><span class='ocrx_word' id='word_1_30' title='bbox 288 256 389 287; x_wconf 80' lang='lat' dir='ltr'><strong>posset,</strong></span> <span class='ocrx_word' id='word_1_31' title='bbox 402 251 497 278; x_wconf 82' lang='lat' dir='ltr'><strong>oculos</strong></span> <span class='ocrx_word' id='word_1_32' title='bbox 512 255 620 278; x_wconf 80' lang='lat' dir='ltr'><strong>vestros</strong></span> <span class='ocrx_word' id='word_1_33' title='bbox 630 250 785 284; x_wconf 83' lang='lat' dir='ltr'><strong>eruissetis,</strong></span> <span class='ocrx_word' id='word_1_34' title='bbox 795 256 822 278; x_wconf 88' lang='lat' dir='ltr'><strong>et</strong></span> <span class='ocrx_word' id='word_1_35' title='bbox 838 251 986 280; x_wconf 80' lang='lat' dir='ltr'><strong>dedissetis</strong></span> <span class='ocrx_word' id='word_1_36' title='bbox 997 252 1073 279; x_wconf 87' lang='lat' dir='ltr'><strong>mihi.</strong></span> 
     </span>
    </p>
   </div>
   <div class='ocr_carea' id='block_1_8' title="bbox 287 295 1076 331">
    <p class='ocr_par' dir='ltr' id='par_1_8' title="bbox 287 295 1076 331">
     <span class='ocr_line' id='line_1_8' title="bbox 287 295 1076 331; baseline 0.003 -9"><span class='ocrx_word' id='word_1_37' title='bbox 287 296 359 331; x_wconf 77' lang='lat' dir='ltr'><strong>Ergo</strong></span> <span class='ocrx_word' id='word_1_38' title='bbox 381 295 509 323; x_wconf 82' lang='lat' dir='ltr'><strong>inimicus</strong></span> <span class='ocrx_word' id='word_1_39' title='bbox 535 295 614 324; x_wconf 81' lang='lat' dir='ltr'><strong>vobis</strong></span> <span class='ocrx_word' id='word_1_40' title='bbox 635 295 725 324; x_wconf 88' lang='lat' dir='ltr'><strong>factus</strong></span> <span class='ocrx_word' id='word_1_41' title='bbox 757 304 830 330; x_wconf 87' lang='lat' dir='ltr'><strong>sum,</strong></span> <span class='ocrx_word' id='word_1_42' title='bbox 862 303 956 324; x_wconf 89' lang='lat' dir='ltr'><strong>verum</strong></span> <span class='ocrx_word' id='word_1_43' title='bbox 981 296 1076 325; x_wconf 86' lang='lat' dir='ltr'><strong>dicens</strong></span> 
     </span>
    </p>
   </div>
   <div class='ocr_carea' id='block_1_9' title="bbox 288 341 411 369">
    <p class='ocr_par' dir='ltr' id='par_1_9' title="bbox 288 341 411 369">
     <span class='ocr_line' id='line_1_9' title="bbox 288 341 411 369; baseline -0.008 -1"><span class='ocrx_word' id='word_1_44' title='bbox 288 341 386 369; x_wconf 80' lang='lat' dir='ltr'><strong>vobis?</strong></span> <span class='ocrx_word' id='word_1_45' title='bbox 402 350 411 367; x_wconf 78' lang='grc' dir='ltr'><strong>ι</strong></span> 
     </span>
    </p>
   </div>
   <div class='ocr_carea' id='block_1_10' title="bbox 323 386 1077 422">
    <p class='ocr_par' dir='ltr' id='par_1_10' title="bbox 323 386 1077 422">
     <span class='ocr_line' id='line_1_10' title="bbox 323 386 1077 422; baseline 0.003 -8"><span class='ocrx_word' id='word_1_46' title='bbox 323 386 374 414; x_wconf 90' lang='lat' dir='ltr'><strong>Hic</strong></span> <span class='ocrx_word' id='word_1_47' title='bbox 389 386 498 415; x_wconf 76' lang='lat' dir='ltr'><strong>haesitat</strong></span> <span class='ocrx_word' id='word_1_48' title='bbox 520 390 548 414; x_wconf 91' lang='lat' dir='ltr'><strong>et</strong></span> <span class='ocrx_word' id='word_1_49' title='bbox 563 387 748 421; x_wconf 81' lang='lat' dir='ltr'><strong>obstupescit,</strong></span> <span class='ocrx_word' id='word_1_50' title='bbox 763 391 846 422; x_wconf 89' lang='lat' dir='ltr'><strong>atque</strong></span> <span class='ocrx_word' id='word_1_51' title='bbox 867 388 901 415; x_wconf 79' lang='lat' dir='ltr'><strong>ab</strong></span> <span class='ocrx_word' id='word_1_52' title='bbox 915 388 955 416; x_wconf 86' lang='lat' dir='ltr'><strong>eis</strong></span> <span class='ocrx_word' id='word_1_53' title='bbox 970 388 1077 416; x_wconf 83' lang='lat' dir='ltr'><strong>discere</strong></span> 
     </span>
    </p>
   </div>
   <div class='ocr_carea' id='block_1_11' title="bbox 289 431 1075 468">
    <p class='ocr_par' dir='ltr' id='par_1_11' title="bbox 289 431 1075 468">
     <span class='ocr_line' id='line_1_11' title="bbox 289 431 1075 468; baseline 0.005 -10"><span class='ocrx_word' id='word_1_54' title='bbox 289 431 450 459; x_wconf 82' lang='lat' dir='ltr'><strong>mutationis</strong></span> <span class='ocrx_word' id='word_1_55' title='bbox 462 439 574 460; x_wconf 80' lang='lat' dir='ltr'><strong>causam</strong></span> <span class='ocrx_word' id='word_1_56' title='bbox 604 433 710 468; x_wconf 77' lang='lat' dir='ltr'><strong>quaerit.</strong></span> <span class='ocrx_word' id='word_1_57' title='bbox 725 432 851 468; x_wconf 85' lang='lat' dir='ltr'><strong>Nunquid</strong></span> <span class='ocrx_word' id='word_1_58' title='bbox 868 441 920 460; x_wconf 91' lang='lat' dir='ltr'><strong>non</strong></span> <span class='ocrx_word' id='word_1_59' title='bbox 932 442 981 462; x_wconf 86' lang='lat' dir='ltr'><strong>vos</strong></span> <span class='ocrx_word' id='word_1_60' title='bbox 997 434 1075 467; x_wconf 84' lang='lat' dir='ltr'><strong>estis,</strong></span> 
     </span>
    </p>
   </div>
   <div class='ocr_carea' id='block_1_12' title="bbox 289 478 1076 515">
    <p class='ocr_par' dir='ltr' id='par_1_12' title="bbox 289 478 1076 515">
     <span class='ocr_line' id='line_1_12' title="bbox 289 478 1076 515; baseline 0.004 -11"><span class='ocrx_word' id='word_1_61' title='bbox 289 478 437 513; x_wconf 85' lang='lat' dir='ltr'><strong>inquit,qui</strong></span> <span class='ocrx_word' id='word_1_62' title='bbox 447 485 490 505; x_wconf 90' lang='lat' dir='ltr'><strong>me</strong></span> <span class='ocrx_word' id='word_1_63' title='bbox 502 478 635 506; x_wconf 80' lang='lat' dir='ltr'><strong>fovebatis</strong></span> <span class='ocrx_word' id='word_1_64' title='bbox 645 479 1003 515; x_wconf 85' lang='lat' dir='ltr'><strong>colebatisque,vestrisque</strong></span> <span class='ocrx_word' id='word_1_65' title='bbox 1013 488 1076 515; x_wconf 88' lang='lat' dir='ltr'><strong>pre-</strong></span> 
     </span>
    </p>
   </div>
   <div class='ocr_carea' id='block_1_13' title="bbox 290 524 1076 560">
    <p class='ocr_par' dir='ltr' id='par_1_13' title="bbox 290 524 1076 560">
     <span class='ocr_line' id='line_1_13' title="bbox 290 524 1076 560; baseline 0.004 -10"><span class='ocrx_word' id='word_1_66' title='bbox 290 524 433 552; x_wconf 89' lang='lat' dir='ltr'><strong>ti0siorem</strong></span> <span class='ocrx_word' id='word_1_67' title='bbox 445 524 532 552; x_wconf 84' lang='lat' dir='ltr'><strong>oculis</strong></span> <span class='ocrx_word' id='word_1_68' title='bbox 546 525 707 552; x_wconf 83' lang='lat' dir='ltr'><strong>ducebatis?</strong></span> <span class='ocrx_word' id='word_1_69' title='bbox 721 525 865 552; x_wconf 83' lang='lat' dir='ltr'><strong>Undenam</strong></span> <span class='ocrx_word' id='word_1_70' title='bbox 881 533 946 560; x_wconf 76' lang='lat' dir='ltr'><strong>ergo</strong></span> <span class='ocrx_word' id='word_1_71' title='bbox 958 526 1076 555; x_wconf 85' lang='lat' dir='ltr'><strong>inimici-</strong></span> 
     </span>
    </p>
   </div>
   <div class='ocr_carea' id='block_1_14' title="bbox 290 570 1077 608">
    <p class='ocr_par' dir='ltr' id='par_1_14' title="bbox 290 570 1077 608">
     <span class='ocr_line' id='line_1_14' title="bbox 290 570 1077 608; baseline 0.001 -11"><span class='ocrx_word' id='word_1_72' title='bbox 290 572 327 597; x_wconf 86' lang='lat' dir='ltr'><strong>tia</strong></span> <span class='ocrx_word' id='word_1_73' title='bbox 343 570 421 598; x_wconf 74' lang='lat' dir='ltr'><strong>ltaec?</strong></span> <span class='ocrx_word' id='word_1_74' title='bbox 438 572 510 598; x_wconf 84' lang='lat' dir='ltr'><strong>unde</strong></span> <span class='ocrx_word' id='word_1_75' title='bbox 529 571 670 606; x_wconf 79' lang='lat' dir='ltr'><strong>suspicio?</strong></span> <span class='ocrx_word' id='word_1_76' title='bbox 685 571 788 606; x_wconf 81' lang='lat' dir='ltr'><strong>quippe</strong></span> <span class='ocrx_word' id='word_1_77' title='bbox 800 579 864 599; x_wconf 91' lang='lat' dir='ltr'><strong>cum</strong></span> <span class='ocrx_word' id='word_1_78' title='bbox 876 572 957 607; x_wconf 73' lang='lat'><strong>169</strong></span> <span class='ocrx_word' id='word_1_79' title='bbox 971 579 1002 599; x_wconf 93' lang='lat' dir='ltr'><strong>ea</strong></span> <span class='ocrx_word' id='word_1_80' title='bbox 1016 579 1077 608; x_wconf 71' lang='lat' dir='ltr'><strong>quae</strong></span> 
     </span>
    </p>
   </div>
   <div class='ocr_carea' id='block_1_15' title="bbox 291 617 1076 653">
    <p class='ocr_par' dir='ltr' id='par_1_15' title="bbox 291 617 1076 653">
     <span class='ocr_line' id='line_1_15' title="bbox 291 617 1076 653; baseline 0.004 -10"><span class='ocrx_word' id='word_1_81' title='bbox 291 625 351 644; x_wconf 83' lang='lat' dir='ltr'><strong>vera</strong></span> <span class='ocrx_word' id='word_1_82' title='bbox 373 622 437 645; x_wconf 88' lang='lat' dir='ltr'><strong>sunt</strong></span> <span class='ocrx_word' id='word_1_83' title='bbox 453 617 570 645; x_wconf 78' lang='lat' dir='ltr'><strong>dixerim</strong></span> <span class='ocrx_word' id='word_1_84' title='bbox 588 617 676 645; x_wconf 87' lang='lat' dir='ltr'><strong>vobis.</strong></span> <span class='ocrx_word' id='word_1_85' title='bbox 698 618 787 645; x_wconf 85' lang='lat' dir='ltr'><strong>Aliam</strong></span> <span class='ocrx_word' id='word_1_86' title='bbox 806 618 908 653; x_wconf 80' lang='lat' dir='ltr'><strong>quippe</strong></span> <span class='ocrx_word' id='word_1_87' title='bbox 936 619 1017 652; x_wconf 85' lang='lat' dir='ltr'><strong>hujus</strong></span> <span class='ocrx_word' id='word_1_88' title='bbox 1037 619 1076 647; x_wconf 88' lang='lat' dir='ltr'><strong>rei</strong></span> 
     </span>
    </p>
   </div>
   <div class='ocr_carea' id='block_1_16' title="bbox 289 661 1077 697">
    <p class='ocr_par' dir='ltr' id='par_1_16' title="bbox 289 661 1077 697">
     <span class='ocr_line' id='line_1_16' title="bbox 289 661 1077 697; baseline 0.004 -9"><span class='ocrx_word' id='word_1_89' title='bbox 289 669 400 689; x_wconf 80' lang='lat' dir='ltr'><strong>causam</strong></span> <span class='ocrx_word' id='word_1_90' title='bbox 410 669 464 688; x_wconf 90' lang='lat' dir='ltr'><strong>non</strong></span> <span class='ocrx_word' id='word_1_91' title='bbox 479 661 569 696; x_wconf 86' lang='lat' dir='ltr'><strong>video,</strong></span> <span class='ocrx_word' id='word_1_92' title='bbox 583 662 718 697; x_wconf 82' lang='lat' dir='ltr'><strong>uisiquod</strong></span> <span class='ocrx_word' id='word_1_93' title='bbox 730 664 870 692; x_wconf 82' lang='lat' dir='ltr'><strong>veritatem</strong></span> <span class='ocrx_word' id='word_1_94' title='bbox 883 664 961 691; x_wconf 85' lang='lat' dir='ltr'><strong>vobis</strong></span> <span class='ocrx_word' id='word_1_95' title='bbox 969 664 1077 694; x_wconf 88' lang='lat' dir='ltr'><strong>loculus</strong></span> 
     </span>
    </p>
   </div>
   <div class='ocr_carea' id='block_1_17' title="bbox 289 714 352 734">
    <p class='ocr_par' dir='ltr' id='par_1_17' title="bbox 289 714 352 734">
     <span class='ocr_line' id='line_1_17' title="bbox 289 714 352 734; baseline -0.016 0"><span class='ocrx_word' id='word_1_96' title='bbox 289 714 352 734; x_wconf 74' lang='lat' dir='ltr'><strong>Sllll.</strong></span> 
     </span>
    </p>
   </div>
   <div class='ocr_carea' id='block_1_18' title="bbox 325 753 950 786">
    <p class='ocr_par' dir='ltr' id='par_1_18' title="bbox 325 753 950 786">
     <span class='ocr_line' id='line_1_18' title="bbox 325 753 950 786; baseline 0.005 -6"><span class='ocrx_word' id='word_1_97' title='bbox 325 753 406 781; x_wconf 80' lang='lat' dir='ltr'><strong>Vsus.</strong></span> <span class='ocrx_word' id='word_1_98' title='bbox 424 753 469 780; x_wconf 83' lang='lat' dir='ltr'><strong>l7.</strong></span> <span class='ocrx_word' id='word_1_99' title='bbox 490 762 499 780; x_wconf 77' lang='grc' dir='ltr'><strong>ι</strong></span> <span class='ocrx_word' id='word_1_100' title='bbox 516 753 696 782; x_wconf 69' lang='grc' dir='ltr'>Αἰιηιιιειηιιιιι</span> <span class='ocrx_word' id='word_1_101' title='bbox 709 762 767 786; x_wconf 86' lang='lat' dir='ltr'><strong>vos,</strong></span> <span class='ocrx_word' id='word_1_102' title='bbox 782 763 836 782; x_wconf 86' lang='lat' dir='ltr'><strong>non</strong></span> <span class='ocrx_word' id='word_1_103' title='bbox 854 755 950 783; x_wconf 63' lang='lat' dir='ltr'><strong>benca</strong></span> 
     </span>
    </p>
   </div>
   <div class='ocr_carea' id='block_1_19' title="bbox 320 799 1074 835">
    <p class='ocr_par' dir='ltr' id='par_1_19' title="bbox 320 799 1074 835">
     <span class='ocr_line' id='line_1_19' title="bbox 320 799 1074 835; baseline 0.003 -9"><span class='ocrx_word' id='word_1_104' title='bbox 320 799 361 827; x_wconf 83' lang='lat' dir='ltr'><strong>Ad</strong></span> <span class='ocrx_word' id='word_1_105' title='bbox 376 800 578 829; x_wconf 77' lang='lat' dir='ltr'><strong>aemulationem</strong></span> <span class='ocrx_word' id='word_1_106' title='bbox 601 807 650 828; x_wconf 86' lang='lat' dir='ltr'><strong>vos</strong></span> <span class='ocrx_word' id='word_1_107' title='bbox 668 801 801 831; x_wconf 76' lang='lat' dir='ltr'><strong>excitant.</strong></span> <span class='ocrx_word' id='word_1_108' title='bbox 819 801 929 835; x_wconf 91' lang='lat' dir='ltr'><strong>inquit,</strong></span> <span class='ocrx_word' id='word_1_109' title='bbox 958 801 1005 829; x_wconf 86' lang='lat' dir='ltr'><strong>sed</strong></span> <span class='ocrx_word' id='word_1_110' title='bbox 1021 809 1074 828; x_wconf 92' lang='lat' dir='ltr'><strong>non</strong></span> 
     </span>
    </p>
   </div>
   <div class='ocr_carea' id='block_1_20' title="bbox 290 845 1076 882">
    <p class='ocr_par' dir='ltr' id='par_1_20' title="bbox 290 845 1076 882">
     <span class='ocr_line' id='line_1_20' title="bbox 290 845 1076 882; baseline 0.004 -10"><span class='ocrx_word' id='word_1_111' title='bbox 290 849 404 873; x_wconf 83' lang='lat' dir='ltr'><strong>rectam.</strong></span> <span class='ocrx_word' id='word_1_112' title='bbox 421 845 482 879; x_wconf 85' lang='lat' dir='ltr'><strong>Quo</strong></span> <span class='ocrx_word' id='word_1_113' title='bbox 504 847 578 874; x_wconf 87' lang='lat' dir='ltr'><strong>enim</strong></span> <span class='ocrx_word' id='word_1_114' title='bbox 609 851 689 882; x_wconf 86' lang='lat' dir='ltr'><strong>pacto</strong></span> <span class='ocrx_word' id='word_1_115' title='bbox 704 848 843 875; x_wconf 68' lang='lat' dir='ltr'><strong>aamulatio</strong></span> <span class='ocrx_word' id='word_1_116' title='bbox 865 847 912 874; x_wconf 86' lang='lat' dir='ltr'><strong>illa</strong></span> <span class='ocrx_word' id='word_1_117' title='bbox 932 847 1005 875; x_wconf 83' lang='lat' dir='ltr'><strong>bona</strong></span> <span class='ocrx_word' id='word_1_118' title='bbox 1029 847 1076 879; x_wconf 84' lang='lat' dir='ltr'><strong>sit,</strong></span> 
     </span>
    </p>
   </div>
   <div class='ocr_carea' id='block_1_21' title="bbox 290 891 913 927">
    <p class='ocr_par' dir='ltr' id='par_1_21' title="bbox 290 891 913 927">
     <span class='ocr_line' id='line_1_21' title="bbox 290 891 913 927; baseline 0.002 -9"><span class='ocrx_word' id='word_1_119' title='bbox 290 899 351 926; x_wconf 63' lang='lat' dir='ltr'><strong>qua:</strong></span> <span class='ocrx_word' id='word_1_120' title='bbox 364 892 390 918; x_wconf 92' lang='lat' dir='ltr'><strong>in</strong></span> <span class='ocrx_word' id='word_1_121' title='bbox 404 891 500 927; x_wconf 74' lang='lat' dir='ltr'><strong>jugum</strong></span> <span class='ocrx_word' id='word_1_122' title='bbox 515 900 563 920; x_wconf 87' lang='lat' dir='ltr'><strong>cos</strong></span> <span class='ocrx_word' id='word_1_123' title='bbox 580 893 722 920; x_wconf 81' lang='lat' dir='ltr'><strong>servitutis</strong></span> <span class='ocrx_word' id='word_1_124' title='bbox 736 893 913 921; x_wconf 85' lang='lat' dir='ltr'><strong>detruderet?</strong></span> 
     </span>
    </p>
   </div>
   <div class='ocr_carea' id='block_1_22' title="bbox 332 937 1078 973">
    <p class='ocr_par' dir='ltr' id='par_1_22' title="bbox 332 937 1078 973">
     <span class='ocr_line' id='line_1_22' title="bbox 332 937 1078 973; baseline 0.005 -9"><span class='ocrx_word' id='word_1_125' title='bbox 332 947 341 963; x_wconf 80' lang='grc' dir='ltr'><strong>ι</strong></span> <span class='ocrx_word' id='word_1_126' title='bbox 358 937 413 966; x_wconf 87' lang='lat' dir='ltr'><strong>Sed</strong></span> <span class='ocrx_word' id='word_1_127' title='bbox 441 939 590 967; x_wconf 82' lang='lat' dir='ltr'><strong>excludere</strong></span> <span class='ocrx_word' id='word_1_128' title='bbox 614 946 664 968; x_wconf 83' lang='lat' dir='ltr'><strong>vos</strong></span> <span class='ocrx_word' id='word_1_129' title='bbox 681 940 786 973; x_wconf 86' lang='lat' dir='ltr'><strong>volunt,</strong></span> <span class='ocrx_word' id='word_1_130' title='bbox 820 944 850 969; x_wconf 88' lang='lat' dir='ltr'><strong>ut</strong></span> <span class='ocrx_word' id='word_1_131' title='bbox 877 940 939 969; x_wconf 91' lang='lat' dir='ltr'><strong>illos</strong></span> <span class='ocrx_word' id='word_1_132' title='bbox 966 940 1078 969; x_wconf 63' lang='lat' dir='ltr'><strong>tenmle-</strong></span> 
     </span>
    </p>
   </div>
   <div class='ocr_carea' id='block_1_23' title="bbox 291 983 404 1011">
    <p class='ocr_par' dir='ltr' id='par_1_23' title="bbox 291 983 404 1011">
     <span class='ocr_line' id='line_1_23' title="bbox 291 983 404 1011; baseline 0 -1"><span class='ocrx_word' id='word_1_133' title='bbox 291 983 369 1011; x_wconf 92' lang='lat' dir='ltr'><strong>mini.</strong></span> <span class='ocrx_word' id='word_1_134' title='bbox 392 992 404 1010; x_wconf 76' lang='grc' dir='ltr'><strong>ι</strong></span> 
     </span>
    </p>
   </div>
   <div class='ocr_carea' id='block_1_24' title="bbox 328 1025 1079 1066">
    <p class='ocr_par' dir='ltr' id='par_1_24' title="bbox 328 1025 1079 1066">
     <span class='ocr_line' id='line_1_24' title="bbox 328 1025 1079 1066; baseline 0.003 -10"><span class='ocrx_word' id='word_1_135' title='bbox 328 1029 478 1056; x_wconf 80' lang='lat' dir='ltr'><strong>Excludere</strong></span> <span class='ocrx_word' id='word_1_136' title='bbox 492 1029 621 1057; x_wconf 90' lang='lat' dir='ltr'><strong>nimirum</strong></span> <span class='ocrx_word' id='word_1_137' title='bbox 636 1036 651 1057; x_wconf 89' lang='lat' dir='ltr'><strong>a</strong></span> <span class='ocrx_word' id='word_1_138' title='bbox 662 1025 751 1066; x_wconf 73' lang='lat' dir='ltr'><strong>gratia</strong></span> <span class='ocrx_word' id='word_1_139' title='bbox 771 1029 924 1065; x_wconf 81' lang='lat' dir='ltr'><strong>Evangelii.</strong></span> <span class='ocrx_word' id='word_1_140' title='bbox 941 1029 998 1059; x_wconf 81' lang='lat' dir='ltr'><strong>Hoc</strong></span> <span class='ocrx_word' id='word_1_141' title='bbox 1006 1031 1079 1059; x_wconf 92' lang='lat' dir='ltr'><strong>enim</strong></span> 
     </span>
    </p>
   </div>
   <div class='ocr_carea' id='block_1_25' title="bbox 292 1076 1081 1112">
    <p class='ocr_par' dir='ltr' id='par_1_25' title="bbox 292 1076 1081 1112">
     <span class='ocr_line' id='line_1_25' title="bbox 292 1076 1081 1112; baseline 0.004 -10"><span class='ocrx_word' id='word_1_142' title='bbox 292 1076 471 1110; x_wconf 70' lang='lat' dir='ltr'><strong>praestabant.</strong></span> <span class='ocrx_word' id='word_1_143' title='bbox 486 1076 534 1110; x_wconf 91' lang='lat' dir='ltr'><strong>qui</strong></span> <span class='ocrx_word' id='word_1_144' title='bbox 555 1076 630 1110; x_wconf 86' lang='lat' dir='ltr'><strong>ipsos</strong></span> <span class='ocrx_word' id='word_1_145' title='bbox 643 1077 745 1104; x_wconf 85' lang='lat' dir='ltr'><strong>vellent</strong></span> <span class='ocrx_word' id='word_1_146' title='bbox 760 1083 775 1104; x_wconf 86' lang='lat' dir='ltr'><strong>a</strong></span> <span class='ocrx_word' id='word_1_147' title='bbox 789 1076 909 1112; x_wconf 86' lang='lat' dir='ltr'><strong>perfecta</strong></span> <span class='ocrx_word' id='word_1_148' title='bbox 924 1078 1081 1112; x_wconf 72' lang='lat' dir='ltr'><strong>cognitione</strong></span> 
     </span>
    </p>
   </div>
   <div class='ocr_carea' id='block_1_26' title="bbox 292 1121 1079 1156">
    <p class='ocr_par' dir='ltr' id='par_1_26' title="bbox 292 1121 1079 1156">
     <span class='ocr_line' id='line_1_26' title="bbox 292 1121 1079 1156; baseline 0.004 -9"><span class='ocrx_word' id='word_1_149' title='bbox 292 1122 414 1155; x_wconf 75' lang='lat' dir='ltr'><strong>abigere.</strong></span> <span class='ocrx_word' id='word_1_150' title='bbox 444 1125 472 1149; x_wconf 90' lang='lat' dir='ltr'><strong>et</strong></span> <span class='ocrx_word' id='word_1_151' title='bbox 498 1121 532 1148; x_wconf 86' lang='lat' dir='ltr'><strong>ad</strong></span> <span class='ocrx_word' id='word_1_152' title='bbox 565 1123 689 1156; x_wconf 81' lang='lat' dir='ltr'><strong>spur-iam</strong></span> <span class='ocrx_word' id='word_1_153' title='bbox 712 1129 824 1149; x_wconf 87' lang='lat' dir='ltr'><strong>rursum</strong></span> <span class='ocrx_word' id='word_1_154' title='bbox 846 1122 999 1155; x_wconf 87' lang='lat' dir='ltr'><strong>deducere;</strong></span> <span class='ocrx_word' id='word_1_155' title='bbox 1026 1130 1079 1150; x_wconf 88' lang='lat' dir='ltr'><strong>non</strong></span> 
     </span>
    </p>
   </div>
   <div class='ocr_carea' id='block_1_27' title="bbox 292 1167 1079 1204">
    <p class='ocr_par' dir='ltr' id='par_1_27' title="bbox 292 1167 1079 1204">
     <span class='ocr_line' id='line_1_27' title="bbox 292 1167 1079 1204; baseline 0.003 -10"><span class='ocrx_word' id='word_1_156' title='bbox 292 1168 374 1194; x_wconf 81' lang='lat' dir='ltr'><strong>aliam</strong></span> <span class='ocrx_word' id='word_1_157' title='bbox 390 1167 427 1195; x_wconf 87' lang='lat' dir='ltr'><strong>ob</strong></span> <span class='ocrx_word' id='word_1_158' title='bbox 441 1175 565 1201; x_wconf 78' lang='lat' dir='ltr'><strong>causam,</strong></span> <span class='ocrx_word' id='word_1_159' title='bbox 583 1168 640 1196; x_wconf 85' lang='lat' dir='ltr'><strong>nisi</strong></span> <span class='ocrx_word' id='word_1_160' title='bbox 655 1172 685 1195; x_wconf 93' lang='lat' dir='ltr'><strong>ut</strong></span> <span class='ocrx_word' id='word_1_161' title='bbox 699 1167 753 1204; x_wconf 85' lang='lat' dir='ltr'><strong>ipsi</strong></span> <span class='ocrx_word' id='word_1_162' title='bbox 769 1169 796 1196; x_wconf 92' lang='lat' dir='ltr'><strong>in</strong></span> <span class='ocrx_word' id='word_1_163' title='bbox 813 1169 874 1196; x_wconf 90' lang='lat' dir='ltr'><strong>loco</strong></span> <span class='ocrx_word' id='word_1_164' title='bbox 888 1169 1079 1204; x_wconf 78' lang='lat' dir='ltr'><strong>magistrorum</strong></span> 
     </span>
    </p>
   </div>
   <div class='ocr_carea' id='block_1_28' title="bbox 292 1210 1080 1251">
    <p class='ocr_par' dir='ltr' id='par_1_28' title="bbox 292 1210 1080 1251">
     <span class='ocr_line' id='line_1_28' title="bbox 292 1210 1080 1251; baseline 0.003 -9"><span class='ocrx_word' id='word_1_165' title='bbox 292 1210 432 1248; x_wconf 78' lang='lat' dir='ltr'><strong>sederent,</strong></span> <span class='ocrx_word' id='word_1_166' title='bbox 450 1215 563 1244; x_wconf 78' lang='lat' dir='ltr'><strong>Galatas</strong></span> <span class='ocrx_word' id='word_1_167' title='bbox 580 1222 645 1243; x_wconf 84' lang='lat' dir='ltr'><strong>vero</strong></span> <span class='ocrx_word' id='word_1_168' title='bbox 662 1215 691 1242; x_wconf 86' lang='lat' dir='ltr'><strong>in</strong></span> <span class='ocrx_word' id='word_1_169' title='bbox 704 1215 794 1244; x_wconf 80' lang='lat' dir='ltr'><strong>classe</strong></span> <span class='ocrx_word' id='word_1_170' title='bbox 807 1216 1006 1251; x_wconf 83' lang='lat' dir='ltr'><strong>discipulorum</strong></span> <span class='ocrx_word' id='word_1_171' title='bbox 1025 1221 1080 1244; x_wconf 91' lang='lat' dir='ltr'><strong>sta-</strong></span> 
     </span>
    </p>
   </div>
   <div class='ocr_carea' id='block_1_29' title="bbox 292 1264 412 1287">
    <p class='ocr_par' dir='ltr' id='par_1_29' title="bbox 292 1264 412 1287">
     <span class='ocr_line' id='line_1_29' title="bbox 292 1264 412 1287; baseline -0.008 0"><span class='ocrx_word' id='word_1_172' title='bbox 292 1264 412 1287; x_wconf 83' lang='lat' dir='ltr'><strong>luerent.</strong></span> 
     </span>
    </p>
   </div>
   <div class='ocr_carea' id='block_1_30' title="bbox 328 1306 1080 1336">
    <p class='ocr_par' dir='ltr' id='par_1_30' title="bbox 328 1306 1080 1336">
     <span class='ocr_line' id='line_1_30' title="bbox 328 1306 1080 1336; baseline 0.004 -4"><span class='ocrx_word' id='word_1_173' title='bbox 328 1306 412 1333; x_wconf 74' lang='lat' dir='ltr'><strong>Vens.</strong></span> <span class='ocrx_word' id='word_1_174' title='bbox 431 1306 477 1333; x_wconf 79' lang='grc'><strong>18.</strong></span> <span class='ocrx_word' id='word_1_175' title='bbox 500 1315 510 1333; x_wconf 76' lang='grc' dir='ltr'><strong>ι</strong></span> <span class='ocrx_word' id='word_1_176' title='bbox 533 1306 606 1335; x_wconf 84' lang='lat' dir='ltr'><strong>Bene</strong></span> <span class='ocrx_word' id='word_1_177' title='bbox 635 1310 728 1335; x_wconf 85' lang='lat' dir='ltr'><strong>autem</strong></span> <span class='ocrx_word' id='word_1_178' title='bbox 755 1306 924 1335; x_wconf 69' lang='lat' dir='ltr'><strong>amulamini</strong></span> <span class='ocrx_word' id='word_1_179' title='bbox 954 1307 982 1336; x_wconf 88' lang='lat' dir='ltr'><strong>in</strong></span> <span class='ocrx_word' id='word_1_180' title='bbox 1009 1307 1080 1336; x_wconf 86' lang='lat' dir='ltr'><strong>bono</strong></span> 
     </span>
    </p>
   </div>
   <div class='ocr_carea' id='block_1_31' title="bbox 294 1349 1080 1389">
    <p class='ocr_par' dir='ltr' id='par_1_31' title="bbox 294 1349 1080 1389">
     <span class='ocr_line' id='line_1_31' title="bbox 294 1349 1080 1389; baseline 0.005 -11"><span class='ocrx_word' id='word_1_181' title='bbox 294 1358 413 1386; x_wconf 84' lang='lat' dir='ltr'><strong>semper,</strong></span> <span class='ocrx_word' id='word_1_182' title='bbox 436 1355 464 1380; x_wconf 85' lang='lat' dir='ltr'><strong>et</strong></span> <span class='ocrx_word' id='word_1_183' title='bbox 486 1359 542 1380; x_wconf 83' lang='lat' dir='ltr'><strong>non</strong></span> <span class='ocrx_word' id='word_1_184' title='bbox 563 1356 668 1381; x_wconf 85' lang='lat' dir='ltr'><strong>tantum</strong></span> <span class='ocrx_word' id='word_1_185' title='bbox 695 1360 758 1380; x_wconf 88' lang='lat' dir='ltr'><strong>cum</strong></span> <span class='ocrx_word' id='word_1_186' title='bbox 777 1360 900 1389; x_wconf 57' lang='lat' dir='ltr'><strong>praesens</strong></span> <span class='ocrx_word' id='word_1_187' title='bbox 920 1349 981 1381; x_wconf 80' lang='lat' dir='ltr'><strong>sum</strong></span> <span class='ocrx_word' id='word_1_188' title='bbox 1008 1355 1080 1388; x_wconf 77' lang='lat' dir='ltr'><strong>apud</strong></span> 
     </span>
    </p>
   </div>
   <div class='ocr_carea' id='block_1_32' title="bbox 294 1404 387 1424">
    <p class='ocr_par' dir='ltr' id='par_1_32' title="bbox 294 1404 387 1424">
     <span class='ocr_line' id='line_1_32' title="bbox 294 1404 387 1424; baseline 0 -2"><span class='ocrx_word' id='word_1_189' title='bbox 294 1404 352 1424; x_wconf 69' lang='grc' dir='ltr'>νος.</span> <span class='ocrx_word' id='word_1_190' title='bbox 377 1405 387 1422; x_wconf 68' lang='grc' dir='ltr'><strong>ι</strong></span> 
     </span>
    </p>
   </div>
   <div class='ocr_carea' id='block_1_33' title="bbox 328 1440 1080 1474">
    <p class='ocr_par' dir='ltr' id='par_1_33' title="bbox 328 1440 1080 1474">
     <span class='ocr_line' id='line_1_33' title="bbox 328 1440 1080 1474; baseline 0.004 -6"><span class='ocrx_word' id='word_1_191' title='bbox 328 1440 394 1470; x_wconf 83' lang='lat' dir='ltr'><strong>Istic</strong></span> <span class='ocrx_word' id='word_1_192' title='bbox 408 1443 520 1474; x_wconf 82' lang='lat' dir='ltr'><strong>annuit.</strong></span> <span class='ocrx_word' id='word_1_193' title='bbox 536 1442 690 1471; x_wconf 85' lang='lat' dir='ltr'><strong>absentiam</strong></span> <span class='ocrx_word' id='word_1_194' title='bbox 713 1450 791 1471; x_wconf 88' lang='lat' dir='ltr'><strong>suam</strong></span> <span class='ocrx_word' id='word_1_195' title='bbox 811 1444 896 1472; x_wconf 84' lang='lat' dir='ltr'><strong>totius</strong></span> <span class='ocrx_word' id='word_1_196' title='bbox 923 1444 988 1473; x_wconf 86' lang='lat' dir='ltr'><strong>mali</strong></span> <span class='ocrx_word' id='word_1_197' title='bbox 1013 1452 1080 1473; x_wconf 87' lang='lat' dir='ltr'><strong>eau-</strong></span> 
     </span>
    </p>
   </div>
   <div class='ocr_carea' id='block_1_34' title="bbox 1127 206 1914 242">
    <p class='ocr_par' dir='ltr' id='par_1_34' title="bbox 1127 206 1914 242">
     <span class='ocr_line' id='line_1_34' title="bbox 1127 206 1914 242; baseline 0 -8"><span class='ocrx_word' id='word_1_198' title='bbox 1127 208 1203 242; x_wconf 84' lang='grc' dir='ltr'>ὑμῖν,</span> <span class='ocrx_word' id='word_1_199' title='bbox 1217 209 1258 235; x_wconf 83' lang='grc' dir='ltr'>ὅτι</span> <span class='ocrx_word' id='word_1_200' title='bbox 1273 209 1297 235; x_wconf 83' lang='grc' dir='ltr'>εἰ</span> <span class='ocrx_word' id='word_1_201' title='bbox 1309 207 1422 234; x_wconf 72' lang='grc' dir='ltr'>δυνατὸν</span> <span class='ocrx_word' id='word_1_202' title='bbox 1431 209 1495 238; x_wconf 82' lang='grc' dir='ltr'>τοὺς</span> <span class='ocrx_word' id='word_1_203' title='bbox 1505 207 1661 242; x_wconf 73' lang='grc' dir='ltr'>ὀφθαλμοὺς</span> <span class='ocrx_word' id='word_1_204' title='bbox 1677 206 1754 242; x_wconf 84' lang='grc' dir='ltr'>ὑμῶν</span> <span class='ocrx_word' id='word_1_205' title='bbox 1771 207 1914 242; x_wconf 67' lang='grc' dir='ltr'>ἐξορύξαν-</span> 
     </span>
    </p>
   </div>
   <div class='ocr_carea' id='block_1_35' title="bbox 1125 253 1915 291">
    <p class='ocr_par' dir='ltr' id='par_1_35' title="bbox 1125 253 1915 291">
     <span class='ocr_line' id='line_1_35' title="bbox 1125 253 1915 291; baseline -0.001 -10"><span class='ocrx_word' id='word_1_206' title='bbox 1125 264 1171 286; x_wconf 80' lang='grc' dir='ltr'><strong>τες</strong></span> <span class='ocrx_word' id='word_1_207' title='bbox 1183 255 1302 282; x_wconf 72' lang='grc' dir='ltr'>ἐδώκατέ</span> <span class='ocrx_word' id='word_1_208' title='bbox 1314 263 1370 291; x_wconf 85' lang='grc' dir='ltr'>μοι.</span> <span class='ocrx_word' id='word_1_209' title='bbox 1381 255 1462 281; x_wconf 84' lang='grc' dir='ltr'>Ὥστε</span> <span class='ocrx_word' id='word_1_210' title='bbox 1473 253 1570 289; x_wconf 74' lang='grc' dir='ltr'>ἐχθρὸς</span> <span class='ocrx_word' id='word_1_211' title='bbox 1579 253 1656 289; x_wconf 78' lang='grc' dir='ltr'>ὑμῶν</span> <span class='ocrx_word' id='word_1_212' title='bbox 1663 253 1764 288; x_wconf 75' lang='grc' dir='ltr'>γέγονα</span> <span class='ocrx_word' id='word_1_213' title='bbox 1774 253 1915 286; x_wconf 77' lang='grc' dir='ltr'><strong>ἀληθεύων</strong></span> 
     </span>
    </p>
   </div>
   <div class='ocr_carea' id='block_1_36' title="bbox 1127 309 1234 336">
    <p class='ocr_par' dir='ltr' id='par_1_36' title="bbox 1127 309 1234 336">
     <span class='ocr_line' id='line_1_36' title="bbox 1127 309 1234 336; baseline -0.009 -8"><span class='ocrx_word' id='word_1_214' title='bbox 1127 309 1204 336; x_wconf 86' lang='grc' dir='ltr'>υμιν;</span> <span class='ocrx_word' id='word_1_215' title='bbox 1224 310 1234 327; x_wconf 77' lang='grc' dir='ltr'><strong>ι</strong></span> 
     </span>
    </p>
   </div>
   <div class='ocr_carea' id='block_1_37' title="bbox 1169 387 1915 424">
    <p class='ocr_par' dir='ltr' id='par_1_37' title="bbox 1169 387 1915 424">
     <span class='ocr_line' id='line_1_37' title="bbox 1169 387 1915 424; baseline -0.004 -7"><span class='ocrx_word' id='word_1_216' title='bbox 1169 388 1299 417; x_wconf 78' lang='grc' dir='ltr'><strong>Ἐνταῦθα</strong></span> <span class='ocrx_word' id='word_1_217' title='bbox 1309 388 1434 423; x_wconf 81' lang='grc' dir='ltr'><strong>διαπορεῖ</strong></span> <span class='ocrx_word' id='word_1_218' title='bbox 1448 387 1496 416; x_wconf 66' lang='grc' dir='ltr'>καὶ</span> <span class='ocrx_word' id='word_1_219' title='bbox 1511 387 1704 424; x_wconf 75' lang='grc' dir='ltr'>ἐκπλήττεται,</span> <span class='ocrx_word' id='word_1_220' title='bbox 1717 388 1763 415; x_wconf 72' lang='grc' dir='ltr'>καὶ</span> <span class='ocrx_word' id='word_1_221' title='bbox 1783 393 1845 423; x_wconf 74' lang='grc' dir='ltr'>παρ’</span> <span class='ocrx_word' id='word_1_222' title='bbox 1865 397 1915 415; x_wconf 84' lang='grc' dir='ltr'>αυ-</span> 
     </span>
    </p>
   </div>
   <div class='ocr_carea' id='block_1_38' title="bbox 1126 433 1914 470">
    <p class='ocr_par' dir='ltr' id='par_1_38' title="bbox 1126 433 1914 470">
     <span class='ocr_line' id='line_1_38' title="bbox 1126 433 1914 470; baseline 0 -10"><span class='ocrx_word' id='word_1_223' title='bbox 1126 434 1181 463; x_wconf 78' lang='grc' dir='ltr'>τῶν</span> <span class='ocrx_word' id='word_1_224' title='bbox 1203 433 1280 469; x_wconf 82' lang='grc' dir='ltr'>ζητεῖ</span> <span class='ocrx_word' id='word_1_225' title='bbox 1306 435 1356 469; x_wconf 78' lang='grc' dir='ltr'>τὴν</span> <span class='ocrx_word' id='word_1_226' title='bbox 1370 434 1459 462; x_wconf 89' lang='grc' dir='ltr'>αίτίαν</span> <span class='ocrx_word' id='word_1_227' title='bbox 1480 435 1530 470; x_wconf 85' lang='grc' dir='ltr'>τῆς</span> <span class='ocrx_word' id='word_1_228' title='bbox 1552 434 1704 470; x_wconf 79' lang='grc' dir='ltr'>μετασολῆς</span> <span class='ocrx_word' id='word_1_229' title='bbox 1724 435 1830 470; x_wconf 67' lang='grc' dir='ltr'>μαθεῖν.</span> <span class='ocrx_word' id='word_1_230' title='bbox 1857 435 1914 469; x_wconf 78' lang='grc' dir='ltr'><strong>Οὐχ</strong></span> 
     </span>
    </p>
   </div>
   <div class='ocr_carea' id='block_1_39' title="bbox 1127 479 1914 516">
    <p class='ocr_par' dir='ltr' id='par_1_39' title="bbox 1127 479 1914 516">
     <span class='ocr_line' id='line_1_39' title="bbox 1127 479 1914 516; baseline 0 -10"><span class='ocrx_word' id='word_1_231' title='bbox 1127 480 1206 515; x_wconf 79' lang='grc' dir='ltr'>ὑμεῖς</span> <span class='ocrx_word' id='word_1_232' title='bbox 1220 479 1279 516; x_wconf 83' lang='grc' dir='ltr'>ἥτε,</span> <span class='ocrx_word' id='word_1_233' title='bbox 1299 481 1392 514; x_wconf 72' lang='grc' dir='ltr'>φησιν,</span> <span class='ocrx_word' id='word_1_234' title='bbox 1408 480 1434 506; x_wconf 84' lang='grc' dir='ltr'>οἵ</span> <span class='ocrx_word' id='word_1_235' title='bbox 1450 489 1485 516; x_wconf 91' lang='grc' dir='ltr'>με</span> <span class='ocrx_word' id='word_1_236' title='bbox 1504 479 1654 515; x_wconf 78' lang='grc' dir='ltr'>μεθέποντε</span> <span class='ocrx_word' id='word_1_237' title='bbox 1685 481 1732 506; x_wconf 79' lang='grc' dir='ltr'>καὶ</span> <span class='ocrx_word' id='word_1_238' title='bbox 1746 479 1914 515; x_wconf 81' lang='grc' dir='ltr'>θεραπεύον-</span> 
     </span>
    </p>
   </div>
   <div class='ocr_carea' id='block_1_40' title="bbox 1127 525 1916 561">
    <p class='ocr_par' dir='ltr' id='par_1_40' title="bbox 1127 525 1916 561">
     <span class='ocr_line' id='line_1_40' title="bbox 1127 525 1916 561; baseline -0.001 -8"><span class='ocrx_word' id='word_1_239' title='bbox 1127 535 1182 557; x_wconf 87' lang='grc' dir='ltr'>τες,</span> <span class='ocrx_word' id='word_1_240' title='bbox 1196 526 1304 553; x_wconf 76' lang='grc' dir='ltr'>καὶτῶν</span> <span class='ocrx_word' id='word_1_241' title='bbox 1319 525 1466 561; x_wconf 80' lang='grc' dir='ltr'><strong>ὀφθαλμῶν</strong></span> <span class='ocrx_word' id='word_1_242' title='bbox 1482 525 1629 561; x_wconf 72' lang='grc' dir='ltr'>ἡγούμενοι</span> <span class='ocrx_word' id='word_1_243' title='bbox 1642 525 1817 561; x_wconf 66' lang='grc' dir='ltr'>τιμιώτερον.</span> <span class='ocrx_word' id='word_1_244' title='bbox 1830 525 1916 552; x_wconf 75' lang='grc' dir='ltr'>Πόθεν</span> 
     </span>
    </p>
   </div>
   <div class='ocr_carea' id='block_1_41' title="bbox 1127 570 1916 608">
    <p class='ocr_par' dir='ltr' id='par_1_41' title="bbox 1127 570 1916 608">
     <span class='ocr_line' id='line_1_41' title="bbox 1127 570 1916 608; baseline -0.001 -9"><span class='ocrx_word' id='word_1_245' title='bbox 1127 570 1174 600; x_wconf 82' lang='grc' dir='ltr'><strong>οὗν</strong></span> <span class='ocrx_word' id='word_1_246' title='bbox 1189 574 1206 607; x_wconf 81' lang='grc' dir='ltr'><strong>ἡ</strong></span> <span class='ocrx_word' id='word_1_247' title='bbox 1222 573 1307 608; x_wconf 74' lang='grc' dir='ltr'>ἔχθρα</span> <span class='ocrx_word' id='word_1_248' title='bbox 1321 581 1328 605; x_wconf 91' lang='grc'>;</span> <span class='ocrx_word' id='word_1_249' title='bbox 1344 573 1428 600; x_wconf 82' lang='grc' dir='ltr'>πόθεν</span> <span class='ocrx_word' id='word_1_250' title='bbox 1454 573 1470 608; x_wconf 82' lang='grc' dir='ltr'>ἠ</span> <span class='ocrx_word' id='word_1_251' title='bbox 1487 572 1608 607; x_wconf 74' lang='grc' dir='ltr'>ὑποψίας</span> <span class='ocrx_word' id='word_1_252' title='bbox 1623 572 1664 600; x_wconf 83' lang='grc' dir='ltr'><strong>δτι</strong></span> <span class='ocrx_word' id='word_1_253' title='bbox 1687 571 1720 598; x_wconf 81' lang='grc' dir='ltr'>τὰ</span> <span class='ocrx_word' id='word_1_254' title='bbox 1732 571 1823 607; x_wconf 78' lang='grc' dir='ltr'>ἀληθῆ</span> <span class='ocrx_word' id='word_1_255' title='bbox 1847 572 1916 607; x_wconf 79' lang='grc' dir='ltr'>πρὸς</span> 
     </span>
    </p>
   </div>
   <div class='ocr_carea' id='block_1_42' title="bbox 1128 615 1914 655">
    <p class='ocr_par' dir='ltr' id='par_1_42' title="bbox 1128 615 1914 655">
     <span class='ocr_line' id='line_1_42' title="bbox 1128 615 1914 655; baseline -0.003 -9"><span class='ocrx_word' id='word_1_256' title='bbox 1128 620 1200 655; x_wconf 81' lang='grc' dir='ltr'>ὑμᾶς</span> <span class='ocrx_word' id='word_1_257' title='bbox 1217 617 1292 646; x_wconf 79' lang='grc' dir='ltr'>εἷπον</span> <span class='ocrx_word' id='word_1_258' title='bbox 1302 627 1309 634; x_wconf 86' lang='grc'><strong>·</strong></span> <span class='ocrx_word' id='word_1_259' title='bbox 1324 619 1380 653; x_wconf 66' lang='grc' dir='ltr'><strong>ἑγὼ</strong></span> <span class='ocrx_word' id='word_1_260' title='bbox 1396 618 1461 654; x_wconf 86' lang='grc' dir='ltr'>γὰρ,</span> <span class='ocrx_word' id='word_1_261' title='bbox 1475 618 1569 654; x_wconf 79' lang='grc' dir='ltr'>φησὶν,</span> <span class='ocrx_word' id='word_1_262' title='bbox 1579 617 1630 646; x_wconf 81' lang='grc' dir='ltr'>οὐκ</span> <span class='ocrx_word' id='word_1_263' title='bbox 1643 615 1702 646; x_wconf 85' lang='grc' dir='ltr'>οῐδα</span> <span class='ocrx_word' id='word_1_264' title='bbox 1716 618 1800 654; x_wconf 77' lang='grc' dir='ltr'>ἄλλην</span> <span class='ocrx_word' id='word_1_265' title='bbox 1813 618 1914 651; x_wconf 69' lang='grc' dir='ltr'>αἰτίαν,</span> 
     </span>
    </p>
   </div>
   <div class='ocr_carea' id='block_1_43' title="bbox 1127 663 1509 700">
    <p class='ocr_par' dir='ltr' id='par_1_43' title="bbox 1127 663 1509 700">
     <span class='ocr_line' id='line_1_43' title="bbox 1127 663 1509 700; baseline 0.003 -10"><span class='ocrx_word' id='word_1_266' title='bbox 1127 665 1144 700; x_wconf 84' lang='grc' dir='ltr'>ἢ</span> <span class='ocrx_word' id='word_1_267' title='bbox 1161 664 1191 691; x_wconf 87' lang='grc' dir='ltr'><strong>τδ</strong></span> <span class='ocrx_word' id='word_1_268' title='bbox 1206 664 1312 700; x_wconf 80' lang='grc' dir='ltr'><strong>τάληθῆ</strong></span> <span class='ocrx_word' id='word_1_269' title='bbox 1326 663 1416 699; x_wconf 85' lang='grc' dir='ltr'>λέγειν</span> <span class='ocrx_word' id='word_1_270' title='bbox 1434 665 1509 699; x_wconf 84' lang='grc' dir='ltr'>ὑμῖν.</span> 
     </span>
    </p>
   </div>
   <div class='ocr_carea' id='block_1_44' title="bbox 1166 752 1615 790">
    <p class='ocr_par' dir='ltr' id='par_1_44' title="bbox 1166 752 1615 790">
     <span class='ocr_line' id='line_1_44' title="bbox 1166 752 1615 790; baseline 0 -11"><span class='ocrx_word' id='word_1_271' title='bbox 1166 762 1177 779; x_wconf 78' lang='grc' dir='ltr'><strong>ι</strong></span> <span class='ocrx_word' id='word_1_272' title='bbox 1191 752 1323 788; x_wconf 76' lang='grc' dir='ltr'>Ζηλοῦσιν</span> <span class='ocrx_word' id='word_1_273' title='bbox 1337 753 1421 790; x_wconf 81' lang='grc' dir='ltr'>ὑμᾶς,</span> <span class='ocrx_word' id='word_1_274' title='bbox 1439 753 1470 780; x_wconf 76' lang='grc' dir='ltr'>οὗ</span> <span class='ocrx_word' id='word_1_275' title='bbox 1486 752 1588 784; x_wconf 79' lang='grc' dir='ltr'>καλῶς.</span> <span class='ocrx_word' id='word_1_276' title='bbox 1606 761 1615 779; x_wconf 76' lang='grc' dir='ltr'><strong>ι</strong></span> 
     </span>
    </p>
   </div>
   <div class='ocr_carea' id='block_1_45' title="bbox 1163 798 1914 835">
    <p class='ocr_par' dir='ltr' id='par_1_45' title="bbox 1163 798 1914 835">
     <span class='ocr_line' id='line_1_45' title="bbox 1163 798 1914 835; baseline -0.001 -8"><span class='ocrx_word' id='word_1_277' title='bbox 1163 800 1248 835; x_wconf 80' lang='grc' dir='ltr'><strong>Ζῆλον</strong></span> <span class='ocrx_word' id='word_1_278' title='bbox 1262 801 1345 835; x_wconf 77' lang='grc' dir='ltr'>ὑμᾶς,</span> <span class='ocrx_word' id='word_1_279' title='bbox 1365 799 1448 834; x_wconf 60' lang='grc' dir='ltr'>φησιν</span> <span class='ocrx_word' id='word_1_280' title='bbox 1461 819 1469 834; x_wconf 82' lang='grc'><strong>,</strong></span> <span class='ocrx_word' id='word_1_281' title='bbox 1493 799 1663 834; x_wconf 66' lang='grc' dir='ltr'><strong>ἐρεθίζουσιν</strong></span> <span class='ocrx_word' id='word_1_282' title='bbox 1679 798 1763 834; x_wconf 72' lang='grc' dir='ltr'>ἔχειν,</span> <span class='ocrx_word' id='word_1_283' title='bbox 1778 799 1809 826; x_wconf 81' lang='grc' dir='ltr'>οὐ</span> <span class='ocrx_word' id='word_1_284' title='bbox 1824 799 1914 826; x_wconf 76' lang='grc' dir='ltr'>καλόν.</span> 
     </span>
    </p>
   </div>
   <div class='ocr_carea' id='block_1_46' title="bbox 1131 845 1917 882">
    <p class='ocr_par' dir='ltr' id='par_1_46' title="bbox 1131 845 1917 882">
     <span class='ocr_line' id='line_1_46' title="bbox 1131 845 1917 882; baseline 0 -10"><span class='ocrx_word' id='word_1_285' title='bbox 1131 845 1192 878; x_wconf 83' lang='grc' dir='ltr'><strong>Πῶς</strong></span> <span class='ocrx_word' id='word_1_286' title='bbox 1209 846 1263 882; x_wconf 85' lang='grc' dir='ltr'>γὰρ</span> <span class='ocrx_word' id='word_1_287' title='bbox 1277 847 1379 877; x_wconf 77' lang='grc' dir='ltr'>ἐκεῖνος</span> <span class='ocrx_word' id='word_1_288' title='bbox 1399 845 1498 878; x_wconf 69' lang='grc' dir='ltr'>καλὸς,</span> <span class='ocrx_word' id='word_1_289' title='bbox 1513 845 1527 871; x_wconf 87' lang='grc' dir='ltr'><strong>ὀ</strong></span> <span class='ocrx_word' id='word_1_290' title='bbox 1541 845 1623 874; x_wconf 83' lang='grc' dir='ltr'>πάλιν</span> <span class='ocrx_word' id='word_1_291' title='bbox 1645 846 1686 877; x_wconf 83' lang='grc' dir='ltr'><strong>είς</strong></span> <span class='ocrx_word' id='word_1_292' title='bbox 1705 846 1750 872; x_wconf 70' lang='grc' dir='ltr'><strong>τὸν</strong></span> <span class='ocrx_word' id='word_1_293' title='bbox 1778 846 1858 880; x_wconf 78' lang='grc' dir='ltr'>ζυγὸν</span> <span class='ocrx_word' id='word_1_294' title='bbox 1871 846 1917 873; x_wconf 77' lang='grc' dir='ltr'><strong>αὺ-</strong></span> 
     </span>
    </p>
   </div>
   <div class='ocr_carea' id='block_1_47' title="bbox 1129 892 1587 928">
    <p class='ocr_par' dir='ltr' id='par_1_47' title="bbox 1129 892 1587 928">
     <span class='ocr_line' id='line_1_47' title="bbox 1129 892 1587 928; baseline -0.004 -7"><span class='ocrx_word' id='word_1_295' title='bbox 1129 893 1192 924; x_wconf 65' lang='lat' dir='ltr'><strong>sab:</strong></span> <span class='ocrx_word' id='word_1_296' title='bbox 1207 893 1370 928; x_wconf 76' lang='grc' dir='ltr'>καταφέρων</span> <span class='ocrx_word' id='word_1_297' title='bbox 1386 892 1436 927; x_wconf 82' lang='grc' dir='ltr'>τῆς</span> <span class='ocrx_word' id='word_1_298' title='bbox 1447 892 1587 924; x_wconf 73' lang='grc' dir='ltr'>δουλείαςς</span> 
     </span>
    </p>
   </div>
   <div class='ocr_carea' id='block_1_48' title="bbox 1168 938 1918 975">
    <p class='ocr_par' dir='ltr' id='par_1_48' title="bbox 1168 938 1918 975">
     <span class='ocr_line' id='line_1_48' title="bbox 1168 938 1918 975; baseline -0.003 -9"><span class='ocrx_word' id='word_1_299' title='bbox 1168 949 1177 966; x_wconf 79' lang='grc' dir='ltr'><strong>ι</strong></span> <span class='ocrx_word' id='word_1_300' title='bbox 1195 939 1276 966; x_wconf 81' lang='grc' dir='ltr'>Ἀλλὰ</span> <span class='ocrx_word' id='word_1_301' title='bbox 1292 939 1432 969; x_wconf 70' lang='grc' dir='ltr'><strong>ἐκκλεῖσαι</strong></span> <span class='ocrx_word' id='word_1_302' title='bbox 1446 938 1520 974; x_wconf 78' lang='grc' dir='ltr'>ὑμᾶς</span> <span class='ocrx_word' id='word_1_303' title='bbox 1534 938 1669 971; x_wconf 78' lang='grc' dir='ltr'><strong>θέλουσιν,</strong></span> <span class='ocrx_word' id='word_1_304' title='bbox 1689 938 1732 965; x_wconf 80' lang='grc' dir='ltr'>ἴνα</span> <span class='ocrx_word' id='word_1_305' title='bbox 1752 939 1850 970; x_wconf 77' lang='grc' dir='ltr'>αὐτοὺς</span> <span class='ocrx_word' id='word_1_306' title='bbox 1869 938 1918 975; x_wconf 81' lang='grc' dir='ltr'><strong>ζη-</strong></span> 
     </span>
    </p>
   </div>
   <div class='ocr_carea' id='block_1_49' title="bbox 1129 986 1239 1013">
    <p class='ocr_par' dir='ltr' id='par_1_49' title="bbox 1129 986 1239 1013">
     <span class='ocr_line' id='line_1_49' title="bbox 1129 986 1239 1013; baseline -0.009 0"><span class='ocrx_word' id='word_1_307' title='bbox 1129 986 1210 1013; x_wconf 83' lang='grc' dir='ltr'>λῶτε.</span> <span class='ocrx_word' id='word_1_308' title='bbox 1230 995 1239 1012; x_wconf 75' lang='grc' dir='ltr'><strong>ι</strong></span> 
     </span>
    </p>
   </div>
   <div class='ocr_carea' id='block_1_50' title="bbox 1171 1029 1920 1066">
    <p class='ocr_par' dir='ltr' id='par_1_50' title="bbox 1171 1029 1920 1066">
     <span class='ocr_line' id='line_1_50' title="bbox 1171 1029 1920 1066; baseline -0.003 -8"><span class='ocrx_word' id='word_1_309' title='bbox 1171 1031 1326 1058; x_wconf 76' lang='grc' dir='ltr'>Ἐκκλεζσαι</span> <span class='ocrx_word' id='word_1_310' title='bbox 1349 1031 1400 1066; x_wconf 72' lang='grc' dir='ltr'>μὲν</span> <span class='ocrx_word' id='word_1_311' title='bbox 1414 1030 1666 1066; x_wconf 79' lang='grc' dir='ltr'>τῆςέὒαγγελικῆς</span> <span class='ocrx_word' id='word_1_312' title='bbox 1688 1030 1808 1066; x_wconf 81' lang='grc' dir='ltr'>χάριτος.</span> <span class='ocrx_word' id='word_1_313' title='bbox 1833 1029 1920 1057; x_wconf 76' lang='grc' dir='ltr'>Τοῦτο</span> 
     </span>
    </p>
   </div>
   <div class='ocr_carea' id='block_1_51' title="bbox 1129 1075 1917 1113">
    <p class='ocr_par' dir='ltr' id='par_1_51' title="bbox 1129 1075 1917 1113">
     <span class='ocr_line' id='line_1_51' title="bbox 1129 1075 1917 1113; baseline -0.004 -8"><span class='ocrx_word' id='word_1_314' title='bbox 1129 1078 1184 1113; x_wconf 83' lang='grc' dir='ltr'>γὰρ</span> <span class='ocrx_word' id='word_1_315' title='bbox 1199 1078 1319 1112; x_wconf 75' lang='grc' dir='ltr'>ἐποίουν,</span> <span class='ocrx_word' id='word_1_316' title='bbox 1336 1079 1398 1110; x_wconf 77' lang='grc' dir='ltr'>τοὺς</span> <span class='ocrx_word' id='word_1_317' title='bbox 1414 1077 1464 1113; x_wconf 84' lang='grc' dir='ltr'><strong>μὲν</strong></span> <span class='ocrx_word' id='word_1_318' title='bbox 1478 1076 1557 1113; x_wconf 74' lang='grc' dir='ltr'>[γὰρ]</span> <span class='ocrx_word' id='word_1_319' title='bbox 1570 1076 1675 1108; x_wconf 70' lang='grc' dir='ltr'>τελείας</span> <span class='ocrx_word' id='word_1_320' title='bbox 1688 1075 1817 1110; x_wconf 86' lang='grc' dir='ltr'>γνώσεως</span> <span class='ocrx_word' id='word_1_321' title='bbox 1834 1077 1917 1102; x_wconf 71' lang='grc' dir='ltr'>ἑκϐα-</span> 
     </span>
    </p>
   </div>
   <div class='ocr_carea' id='block_1_52' title="bbox 1129 1121 1917 1158">
    <p class='ocr_par' dir='ltr' id='par_1_52' title="bbox 1129 1121 1917 1158">
     <span class='ocr_line' id='line_1_52' title="bbox 1129 1121 1917 1158; baseline -0.004 -8"><span class='ocrx_word' id='word_1_322' title='bbox 1129 1123 1186 1150; x_wconf 80' lang='grc' dir='ltr'>λεῖν</span> <span class='ocrx_word' id='word_1_323' title='bbox 1203 1123 1324 1156; x_wconf 75' lang='grc' dir='ltr'>θέλοντες</span> <span class='ocrx_word' id='word_1_324' title='bbox 1333 1144 1340 1156; x_wconf 88' lang='grc'><strong>,</strong></span> <span class='ocrx_word' id='word_1_325' title='bbox 1360 1124 1401 1155; x_wconf 79' lang='grc' dir='ltr'>εἰς</span> <span class='ocrx_word' id='word_1_326' title='bbox 1413 1124 1441 1150; x_wconf 86' lang='grc' dir='ltr'>δὲ</span> <span class='ocrx_word' id='word_1_327' title='bbox 1460 1123 1510 1158; x_wconf 81' lang='grc' dir='ltr'>τὴν</span> <span class='ocrx_word' id='word_1_328' title='bbox 1523 1122 1601 1149; x_wconf 82' lang='grc' dir='ltr'>νόθον</span> <span class='ocrx_word' id='word_1_329' title='bbox 1613 1122 1695 1149; x_wconf 70' lang='grc' dir='ltr'>πάλιν</span> <span class='ocrx_word' id='word_1_330' title='bbox 1708 1122 1867 1156; x_wconf 82' lang='grc' dir='ltr'>ἀνάγοντες,</span> <span class='ocrx_word' id='word_1_331' title='bbox 1883 1121 1917 1148; x_wconf 87' lang='grc' dir='ltr'>δι’</span> 
     </span>
    </p>
   </div>
   <div class='ocr_carea' id='block_1_53' title="bbox 1129 1167 1919 1204">
    <p class='ocr_par' dir='ltr' id='par_1_53' title="bbox 1129 1167 1919 1204">
     <span class='ocr_line' id='line_1_53' title="bbox 1129 1167 1919 1204; baseline -0.004 -8"><span class='ocrx_word' id='word_1_332' title='bbox 1129 1169 1206 1197; x_wconf 77' lang='grc' dir='ltr'>οὐδὲν</span> <span class='ocrx_word' id='word_1_333' title='bbox 1219 1170 1324 1204; x_wconf 75' lang='grc' dir='ltr'>ἓτερον,</span> <span class='ocrx_word' id='word_1_334' title='bbox 1339 1169 1396 1196; x_wconf 77' lang='grc' dir='ltr'>ἀλλ’</span> <span class='ocrx_word' id='word_1_335' title='bbox 1409 1169 1453 1196; x_wconf 83' lang='grc' dir='ltr'>ἵνα</span> <span class='ocrx_word' id='word_1_336' title='bbox 1463 1169 1542 1196; x_wconf 78' lang='grc' dir='ltr'>αὐτοὶ</span> <span class='ocrx_word' id='word_1_337' title='bbox 1556 1169 1604 1204; x_wconf 88' lang='grc' dir='ltr'><strong>μὲν</strong></span> <span class='ocrx_word' id='word_1_338' title='bbox 1621 1169 1650 1195; x_wconf 78' lang='grc' dir='ltr'>ἐν</span> <span class='ocrx_word' id='word_1_339' title='bbox 1665 1168 1741 1201; x_wconf 83' lang='grc' dir='ltr'><strong>τάξει</strong></span> <span class='ocrx_word' id='word_1_340' title='bbox 1751 1167 1919 1194; x_wconf 81' lang='grc' dir='ltr'><strong>διδασκάλων</strong></span> 
     </span>
    </p>
   </div>
   <div class='ocr_carea' id='block_1_54' title="bbox 1129 1211 1920 1249">
    <p class='ocr_par' dir='ltr' id='par_1_54' title="bbox 1129 1211 1920 1249">
     <span class='ocr_line' id='line_1_54' title="bbox 1129 1211 1920 1249; baseline -0.003 -8"><span class='ocrx_word' id='word_1_341' title='bbox 1129 1216 1275 1249; x_wconf 75' lang='grc' dir='ltr'>γένωνται,</span> <span class='ocrx_word' id='word_1_342' title='bbox 1291 1214 1414 1246; x_wconf 81' lang='grc' dir='ltr'>Γαλάτας</span> <span class='ocrx_word' id='word_1_343' title='bbox 1430 1214 1459 1241; x_wconf 73' lang='grc' dir='ltr'>δὲ</span> <span class='ocrx_word' id='word_1_344' title='bbox 1474 1214 1503 1241; x_wconf 69' lang='grc' dir='ltr'>ἐν</span> <span class='ocrx_word' id='word_1_345' title='bbox 1520 1213 1596 1246; x_wconf 80' lang='grc' dir='ltr'>τάξει</span> <span class='ocrx_word' id='word_1_346' title='bbox 1613 1213 1807 1248; x_wconf 73' lang='grc' dir='ltr'>καταστήσωσι</span> <span class='ocrx_word' id='word_1_347' title='bbox 1831 1211 1920 1248; x_wconf 76' lang='grc' dir='ltr'><strong>μαθη-</strong></span> 
     </span>
    </p>
   </div>
   <div class='ocr_carea' id='block_1_55' title="bbox 1128 1269 1194 1289">
    <p class='ocr_par' dir='ltr' id='par_1_55' title="bbox 1128 1269 1194 1289">
     <span class='ocr_line' id='line_1_55' title="bbox 1128 1269 1194 1289; baseline 0.03 -2"><span class='ocrx_word' id='word_1_348' title='bbox 1128 1269 1194 1289; x_wconf 76' lang='grc' dir='ltr'>των.</span> 
     </span>
    </p>
   </div>
   <div class='ocr_carea' id='block_1_56' title="bbox 1167 1303 1920 1342">
    <p class='ocr_par' dir='ltr' id='par_1_56' title="bbox 1167 1303 1920 1342">
     <span class='ocr_line' id='line_1_56' title="bbox 1167 1303 1920 1342; baseline -0.004 -9"><span class='ocrx_word' id='word_1_349' title='bbox 1167 1315 1178 1333; x_wconf 73' lang='grc' dir='ltr'><strong>ι</strong></span> <span class='ocrx_word' id='word_1_350' title='bbox 1196 1305 1295 1338; x_wconf 85' lang='grc' dir='ltr'>Καλῶς</span> <span class='ocrx_word' id='word_1_351' title='bbox 1316 1305 1345 1335; x_wconf 75' lang='grc' dir='ltr'>δὲ</span> <span class='ocrx_word' id='word_1_352' title='bbox 1368 1305 1500 1342; x_wconf 81' lang='grc' dir='ltr'>ζηλοῦσθε</span> <span class='ocrx_word' id='word_1_353' title='bbox 1528 1306 1557 1333; x_wconf 69' lang='grc' dir='ltr'>ἐν</span> <span class='ocrx_word' id='word_1_354' title='bbox 1573 1305 1649 1342; x_wconf 80' lang='grc' dir='ltr'><strong>καλῷ</strong></span> <span class='ocrx_word' id='word_1_355' title='bbox 1676 1304 1802 1336; x_wconf 81' lang='grc' dir='ltr'>πάντοτε,</span> <span class='ocrx_word' id='word_1_356' title='bbox 1818 1305 1866 1331; x_wconf 75' lang='grc' dir='ltr'><strong>καὶ</strong></span> <span class='ocrx_word' id='word_1_357' title='bbox 1882 1303 1920 1339; x_wconf 82' lang='grc' dir='ltr'><strong>μὴ</strong></span> 
     </span>
    </p>
   </div>
   <div class='ocr_carea' id='block_1_57' title="bbox 1131 1352 1712 1389">
    <p class='ocr_par' dir='ltr' id='par_1_57' title="bbox 1131 1352 1712 1389">
     <span class='ocr_line' id='line_1_57' title="bbox 1131 1352 1712 1389; baseline -0.003 -9"><span class='ocrx_word' id='word_1_358' title='bbox 1131 1352 1212 1389; x_wconf 71' lang='grc' dir='ltr'>μόνον</span> <span class='ocrx_word' id='word_1_359' title='bbox 1227 1353 1256 1379; x_wconf 80' lang='grc' dir='ltr'>ὲν</span> <span class='ocrx_word' id='word_1_360' title='bbox 1269 1352 1307 1387; x_wconf 81' lang='grc' dir='ltr'>τῷ</span> <span class='ocrx_word' id='word_1_361' title='bbox 1323 1352 1452 1387; x_wconf 78' lang='grc' dir='ltr'>πιρεῑναί</span> <span class='ocrx_word' id='word_1_362' title='bbox 1465 1361 1499 1387; x_wconf 84' lang='grc' dir='ltr'>με</span> <span class='ocrx_word' id='word_1_363' title='bbox 1510 1352 1579 1388; x_wconf 85' lang='grc' dir='ltr'>πρὸς</span> <span class='ocrx_word' id='word_1_364' title='bbox 1598 1352 1680 1388; x_wconf 79' lang='grc' dir='ltr'><strong>ὑμᾶς.</strong></span> <span class='ocrx_word' id='word_1_365' title='bbox 1702 1361 1712 1378; x_wconf 75' lang='grc' dir='ltr'><strong>ι</strong></span> 
     </span>
    </p>
   </div>
   <div class='ocr_carea' id='block_1_58' title="bbox 1180 1442 1921 1479">
    <p class='ocr_par' dir='ltr' id='par_1_58' title="bbox 1180 1442 1921 1479">
     <span class='ocr_line' id='line_1_58' title="bbox 1180 1442 1921 1479; baseline -0.003 -8"><span class='ocrx_word' id='word_1_366' title='bbox 1180 1444 1314 1471; x_wconf 82' lang='grc' dir='ltr'>Ἐνταῦοα</span> <span class='ocrx_word' id='word_1_367' title='bbox 1337 1443 1495 1475; x_wconf 74' lang='grc' dir='ltr'>αἰνίττεται,</span> <span class='ocrx_word' id='word_1_368' title='bbox 1512 1443 1552 1470; x_wconf 77' lang='grc' dir='ltr'>ὅτι</span> <span class='ocrx_word' id='word_1_369' title='bbox 1571 1444 1588 1479; x_wconf 86' lang='grc' dir='ltr'>ἡ</span> <span class='ocrx_word' id='word_1_370' title='bbox 1603 1442 1723 1471; x_wconf 59' lang='grc' dir='ltr'>ἀπουσία</span> <span class='ocrx_word' id='word_1_371' title='bbox 1738 1442 1821 1470; x_wconf 68' lang='grc' dir='ltr'>αὐτοῦ</span> <span class='ocrx_word' id='word_1_372' title='bbox 1835 1442 1921 1469; x_wconf 80' lang='grc' dir='ltr'>ταῦτα</span> 
     </span>
    </p>
   </div>
   <div class='ocr_carea' id='block_1_59' title="bbox 295 1488 1084 1533">
    <p class='ocr_par' dir='ltr' id='par_1_59' title="bbox 295 1488 1081 1523">
     <span class='ocr_line' id='line_1_59' title="bbox 295 1488 1081 1523; baseline 0.006 -9"><span class='ocrx_word' id='word_1_373' title='bbox 295 1495 354 1514; x_wconf 85' lang='lat' dir='ltr'><strong>sam</strong></span> <span class='ocrx_word' id='word_1_374' title='bbox 367 1488 463 1520; x_wconf 86' lang='lat' dir='ltr'><strong>fuisse.</strong></span> <span class='ocrx_word' id='word_1_375' title='bbox 480 1489 588 1523; x_wconf 86' lang='lat' dir='ltr'><strong>hocque</strong></span> <span class='ocrx_word' id='word_1_376' title='bbox 605 1496 663 1516; x_wconf 90' lang='lat' dir='ltr'><strong>rem</strong></span> <span class='ocrx_word' id='word_1_377' title='bbox 679 1489 748 1517; x_wconf 87' lang='lat' dir='ltr'><strong>bene</strong></span> <span class='ocrx_word' id='word_1_378' title='bbox 762 1490 922 1521; x_wconf 78' lang='lat' dir='ltr'><strong>succedere,</strong></span> <span class='ocrx_word' id='word_1_379' title='bbox 935 1490 957 1518; x_wconf 73' lang='lat' dir='ltr'><strong>si</strong></span> <span class='ocrx_word' id='word_1_380' title='bbox 968 1491 1081 1519; x_wconf 87' lang='lat' dir='ltr'><strong>absente</strong></span> 
     </span>
    </p>
   </div>
   <div class='ocr_carea' id='block_1_60' title="bbox 1133 1488 1920 1533">
    <p class='ocr_par' dir='ltr' id='par_1_60' title="bbox 1134 1489 1920 1526">
     <span class='ocr_line' id='line_1_60' title="bbox 1134 1489 1920 1526; baseline -0.005 -8"><span class='ocrx_word' id='word_1_381' title='bbox 1134 1491 1292 1526; x_wconf 79' lang='grc' dir='ltr'>εἰργάσατο,</span> <span class='ocrx_word' id='word_1_382' title='bbox 1309 1490 1357 1518; x_wconf 74' lang='grc' dir='ltr'>καὶ</span> <span class='ocrx_word' id='word_1_383' title='bbox 1376 1490 1417 1516; x_wconf 81' lang='grc' dir='ltr'>ὅτι</span> <span class='ocrx_word' id='word_1_384' title='bbox 1433 1490 1514 1517; x_wconf 83' lang='grc' dir='ltr'>τοῦτο</span> <span class='ocrx_word' id='word_1_385' title='bbox 1535 1489 1681 1525; x_wconf 80' lang='grc' dir='ltr'>μακάριον,</span> <span class='ocrx_word' id='word_1_386' title='bbox 1696 1489 1726 1516; x_wconf 76' lang='grc' dir='ltr'>τὸ</span> <span class='ocrx_word' id='word_1_387' title='bbox 1743 1489 1790 1515; x_wconf 81' lang='grc' dir='ltr'>καὶ</span> <span class='ocrx_word' id='word_1_388' title='bbox 1806 1489 1920 1518; x_wconf 76' lang='grc' dir='ltr'>ἀπόντος</span> 
     </span>
    </p>
   </div>
   <div class='ocr_carea' id='block_1_61' title="bbox 296 1533 1082 1569">
    <p class='ocr_par' dir='ltr' id='par_1_61' title="bbox 296 1533 1082 1569">
     <span class='ocr_line' id='line_1_61' title="bbox 296 1533 1082 1569; baseline 0.004 -9"><span class='ocrx_word' id='word_1_389' title='bbox 296 1534 430 1568; x_wconf 83' lang='lat' dir='ltr'><strong>magistro</strong></span> <span class='ocrx_word' id='word_1_390' title='bbox 453 1533 581 1569; x_wconf 86' lang='lat' dir='ltr'><strong>discipuli</strong></span> <span class='ocrx_word' id='word_1_391' title='bbox 600 1535 812 1563; x_wconf 85' lang='lat' dir='ltr'><strong>convenientem</strong></span> <span class='ocrx_word' id='word_1_392' title='bbox 832 1543 913 1564; x_wconf 86' lang='lat' dir='ltr'><strong>suum</strong></span> <span class='ocrx_word' id='word_1_393' title='bbox 930 1535 1021 1563; x_wconf 90' lang='lat' dir='ltr'><strong>locum</strong></span> <span class='ocrx_word' id='word_1_394' title='bbox 1042 1539 1082 1563; x_wconf 84' lang='lat' dir='ltr'><strong>te-</strong></span> 
     </span>
    </p>
   </div>
   <div class='ocr_carea' id='block_1_62' title="bbox 296 1582 396 1606">
    <p class='ocr_par' dir='ltr' id='par_1_62' title="bbox 296 1582 396 1606">
     <span class='ocr_line' id='line_1_62' title="bbox 296 1582 396 1606; baseline -0.01 0"><span class='ocrx_word' id='word_1_395' title='bbox 296 1582 377 1606; x_wconf 84' lang='lat' dir='ltr'><strong>neant</strong></span> <span class='ocrx_word' id='word_1_396' title='bbox 386 1594 396 1605; x_wconf 83' lang='grc'>.</span> 
     </span>
    </p>
   </div>
   <div class='ocr_carea' id='block_1_63' title="bbox 332 1623 1082 1662">
    <p class='ocr_par' dir='ltr' id='par_1_63' title="bbox 332 1623 1082 1662">
     <span class='ocr_line' id='line_1_63' title="bbox 332 1623 1082 1662; baseline 0.005 -11"><span class='ocrx_word' id='word_1_397' title='bbox 332 1623 416 1652; x_wconf 75' lang='lat' dir='ltr'><strong>Vens.</strong></span> <span class='ocrx_word' id='word_1_398' title='bbox 432 1624 476 1652; x_wconf 71' lang='lat'><strong>19.</strong></span> <span class='ocrx_word' id='word_1_399' title='bbox 500 1633 510 1650; x_wconf 79' lang='grc' dir='ltr'><strong>ι</strong></span> <span class='ocrx_word' id='word_1_400' title='bbox 538 1625 628 1653; x_wconf 84' lang='lat' dir='ltr'><strong>Filioli</strong></span> <span class='ocrx_word' id='word_1_401' title='bbox 657 1625 721 1660; x_wconf 90' lang='lat' dir='ltr'><strong>mei,</strong></span> <span class='ocrx_word' id='word_1_402' title='bbox 738 1634 808 1661; x_wconf 87' lang='lat' dir='ltr'><strong>quos</strong></span> <span class='ocrx_word' id='word_1_403' title='bbox 828 1627 926 1655; x_wconf 88' lang='lat' dir='ltr'><strong>iterum</strong></span> <span class='ocrx_word' id='word_1_404' title='bbox 948 1628 1082 1662; x_wconf 86' lang='lat' dir='ltr'><strong>parturio,</strong></span> 
     </span>
    </p>
   </div>
   <div class='ocr_carea' id='block_1_64' title="bbox 296 1670 850 1713">
    <p class='ocr_par' dir='ltr' id='par_1_64' title="bbox 296 1670 850 1713">
     <span class='ocr_line' id='line_1_64' title="bbox 296 1670 850 1713; baseline 0.004 -16"><span class='ocrx_word' id='word_1_405' title='bbox 296 1670 382 1698; x_wconf 82' lang='lat' dir='ltr'><strong>donec</strong></span> <span class='ocrx_word' id='word_1_406' title='bbox 397 1670 532 1699; x_wconf 79' lang='lat' dir='ltr'><strong>formetur</strong></span> <span class='ocrx_word' id='word_1_407' title='bbox 543 1671 671 1713; x_wconf 67' lang='lat' dir='ltr'><strong>Cliristus</strong></span> <span class='ocrx_word' id='word_1_408' title='bbox 688 1673 713 1702; x_wconf 83' lang='lat' dir='ltr'><strong>in</strong></span> <span class='ocrx_word' id='word_1_409' title='bbox 729 1672 820 1701; x_wconf 84' lang='lat' dir='ltr'><strong>vobis.</strong></span> <span class='ocrx_word' id='word_1_410' title='bbox 841 1682 850 1699; x_wconf 79' lang='grc' dir='ltr'><strong>ι</strong></span> 
     </span>
    </p>
   </div>
   <div class='ocr_carea' id='block_1_65' title="bbox 332 1716 1085 1755">
    <p class='ocr_par' dir='ltr' id='par_1_65' title="bbox 332 1716 1085 1755">
     <span class='ocr_line' id='line_1_65' title="bbox 332 1716 1085 1755; baseline 0.005 -12"><span class='ocrx_word' id='word_1_411' title='bbox 332 1716 484 1752; x_wconf 74' lang='lat' dir='ltr'><strong>Imaginem</strong></span> <span class='ocrx_word' id='word_1_412' title='bbox 510 1717 706 1752; x_wconf 74' lang='lat' dir='ltr'><strong>labefactastis,</strong></span> <span class='ocrx_word' id='word_1_413' title='bbox 721 1718 831 1754; x_wconf 90' lang='lat' dir='ltr'><strong>inquit;</strong></span> <span class='ocrx_word' id='word_1_414' title='bbox 854 1719 968 1747; x_wconf 88' lang='lat' dir='ltr'><strong>formam</strong></span> <span class='ocrx_word' id='word_1_415' title='bbox 993 1720 1085 1755; x_wconf 86' lang='lat' dir='ltr'><strong>perdi-</strong></span> 
     </span>
    </p>
   </div>
   <div class='ocr_carea' id='block_1_66' title="bbox 297 1762 1086 1800">
    <p class='ocr_par' dir='ltr' id='par_1_66' title="bbox 297 1762 1086 1800">
     <span class='ocr_line' id='line_1_66' title="bbox 297 1762 1086 1800; baseline 0.006 -11"><span class='ocrx_word' id='word_1_416' title='bbox 297 1762 398 1796; x_wconf 88' lang='lat' dir='ltr'><strong>distis;</strong></span> <span class='ocrx_word' id='word_1_417' title='bbox 416 1763 501 1790; x_wconf 87' lang='lat' dir='ltr'><strong>altera</strong></span> <span class='ocrx_word' id='word_1_418' title='bbox 516 1763 595 1791; x_wconf 80' lang='lat' dir='ltr'><strong>vobis</strong></span> <span class='ocrx_word' id='word_1_419' title='bbox 617 1765 823 1800; x_wconf 76' lang='lat' dir='ltr'><strong>regeneratione</strong></span> <span class='ocrx_word' id='word_1_420' title='bbox 846 1768 874 1792; x_wconf 90' lang='lat' dir='ltr'><strong>et</strong></span> <span class='ocrx_word' id='word_1_421' title='bbox 890 1765 1086 1794; x_wconf 87' lang='lat' dir='ltr'><strong>reformatione</strong></span> 
     </span>
    </p>
   </div>
   <div class='ocr_carea' id='block_1_67' title="bbox 299 1807 1086 1846">
    <p class='ocr_par' dir='ltr' id='par_1_67' title="bbox 299 1807 1086 1846">
     <span class='ocr_line' id='line_1_67' title="bbox 299 1807 1086 1846; baseline 0.003 -11"><span class='ocrx_word' id='word_1_422' title='bbox 299 1815 370 1843; x_wconf 90' lang='lat' dir='ltr'><strong>opus</strong></span> <span class='ocrx_word' id='word_1_423' title='bbox 387 1812 440 1840; x_wconf 83' lang='lat' dir='ltr'><strong>est,</strong></span> <span class='ocrx_word' id='word_1_424' title='bbox 455 1807 583 1837; x_wconf 83' lang='lat' dir='ltr'><strong>doctrina</strong></span> <span class='ocrx_word' id='word_1_425' title='bbox 605 1809 722 1839; x_wconf 76' lang='lat' dir='ltr'><strong>scilicet.</strong></span> <span class='ocrx_word' id='word_1_426' title='bbox 750 1809 853 1838; x_wconf 87' lang='lat' dir='ltr'><strong>lterum</strong></span> <span class='ocrx_word' id='word_1_427' title='bbox 869 1816 918 1838; x_wconf 81' lang='lat' dir='ltr'><strong>vos</strong></span> <span class='ocrx_word' id='word_1_428' title='bbox 940 1810 1022 1846; x_wconf 65' lang='lat' dir='ltr'><strong>signa</strong></span> <span class='ocrx_word' id='word_1_429' title='bbox 1039 1817 1086 1846; x_wconf 86' lang='lat' dir='ltr'><strong>per</strong></span> 
     </span>
    </p>
   </div>
   <div class='ocr_carea' id='block_1_68' title="bbox 295 1854 493 1881">
    <p class='ocr_par' dir='ltr' id='par_1_68' title="bbox 295 1854 493 1881">
     <span class='ocr_line' id='line_1_68' title="bbox 295 1854 493 1881; baseline -0.005 0"><span class='ocrx_word' id='word_1_430' title='bbox 295 1854 493 1881; x_wconf 82' lang='lat' dir='ltr'><strong>eruditionem.</strong></span> 
     </span>
    </p>
   </div>
   <div class='ocr_carea' id='block_1_69' title="bbox 337 1899 1086 1936">
    <p class='ocr_par' dir='ltr' id='par_1_69' title="bbox 337 1899 1086 1936">
     <span class='ocr_line' id='line_1_69' title="bbox 337 1899 1086 1936; baseline 0.004 -10"><span class='ocrx_word' id='word_1_431' title='bbox 337 1899 421 1928; x_wconf 72' lang='lat' dir='ltr'><strong>Vens.</strong></span> <span class='ocrx_word' id='word_1_432' title='bbox 433 1899 481 1931; x_wconf 79' lang='grc'><strong>20.</strong></span> <span class='ocrx_word' id='word_1_433' title='bbox 499 1908 509 1926; x_wconf 80' lang='grc' dir='ltr'><strong>ι</strong></span> <span class='ocrx_word' id='word_1_434' title='bbox 528 1899 656 1930; x_wconf 78' lang='lat' dir='ltr'><strong>Volebam</strong></span> <span class='ocrx_word' id='word_1_435' title='bbox 667 1905 758 1929; x_wconf 79' lang='lat' dir='ltr'><strong>autent</strong></span> <span class='ocrx_word' id='word_1_436' title='bbox 772 1907 834 1932; x_wconf 81' lang='lat' dir='ltr'><strong>esse</strong></span> <span class='ocrx_word' id='word_1_437' title='bbox 843 1900 916 1936; x_wconf 82' lang='lat' dir='ltr'><strong>apud</strong></span> <span class='ocrx_word' id='word_1_438' title='bbox 931 1908 979 1929; x_wconf 83' lang='lat' dir='ltr'><strong>vos</strong></span> <span class='ocrx_word' id='word_1_439' title='bbox 993 1901 1086 1934; x_wconf 83' lang='lat' dir='ltr'><strong>modo,</strong></span> 
     </span>
    </p>
   </div>
   <div class='ocr_carea' id='block_1_70' title="bbox 299 1950 698 1977">
    <p class='ocr_par' dir='ltr' id='par_1_70' title="bbox 299 1950 698 1977">
     <span class='ocr_line' id='line_1_70' title="bbox 299 1950 698 1977; baseline 0 -2"><span class='ocrx_word' id='word_1_440' title='bbox 299 1951 326 1975; x_wconf 87' lang='lat' dir='ltr'><strong>et</strong></span> <span class='ocrx_word' id='word_1_441' title='bbox 342 1950 449 1975; x_wconf 86' lang='lat' dir='ltr'><strong>mutare</strong></span> <span class='ocrx_word' id='word_1_442' title='bbox 463 1954 555 1975; x_wconf 87' lang='lat' dir='ltr'><strong>vocem</strong></span> <span class='ocrx_word' id='word_1_443' title='bbox 571 1955 671 1977; x_wconf 84' lang='lat' dir='ltr'><strong>meam.</strong></span> <span class='ocrx_word' id='word_1_444' title='bbox 688 1956 698 1975; x_wconf 71' lang='grc' dir='ltr'><strong>ι</strong></span> 
     </span>
    </p>
   </div>
   <div class='ocr_carea' id='block_1_71' title="bbox 334 2003 1088 2040">
    <p class='ocr_par' dir='ltr' id='par_1_71' title="bbox 334 2003 1088 2040">
     <span class='ocr_line' id='line_1_71' title="bbox 334 2003 1088 2040; baseline 0.001 -9"><span class='ocrx_word' id='word_1_445' title='bbox 334 2003 394 2036; x_wconf 75' lang='lat' dir='ltr'><strong>Qua</strong></span> <span class='ocrx_word' id='word_1_446' title='bbox 407 2003 442 2031; x_wconf 85' lang='lat' dir='ltr'><strong>de</strong></span> <span class='ocrx_word' id='word_1_447' title='bbox 466 2010 549 2031; x_wconf 83' lang='lat' dir='ltr'><strong>causa</strong></span> <span class='ocrx_word' id='word_1_448' title='bbox 573 2011 692 2038; x_wconf 66' lang='lat' dir='ltr'><strong>praesens</strong></span> <span class='ocrx_word' id='word_1_449' title='bbox 724 2012 787 2033; x_wconf 87' lang='lat' dir='ltr'><strong>esse</strong></span> <span class='ocrx_word' id='word_1_450' title='bbox 817 2005 951 2040; x_wconf 81' lang='lat' dir='ltr'><strong>optabat;</strong></span> <span class='ocrx_word' id='word_1_451' title='bbox 978 2005 1030 2032; x_wconf 83' lang='lat' dir='ltr'><strong>nisi</strong></span> <span class='ocrx_word' id='word_1_452' title='bbox 1059 2009 1088 2032; x_wconf 93' lang='lat' dir='ltr'><strong>ut</strong></span> 
     </span>
    </p>
   </div>
   <div class='ocr_carea' id='block_1_72' title="bbox 301 2051 1088 2087">
    <p class='ocr_par' dir='ltr' id='par_1_72' title="bbox 301 2051 1088 2087">
     <span class='ocr_line' id='line_1_72' title="bbox 301 2051 1088 2087; baseline 0.003 -10"><span class='ocrx_word' id='word_1_453' title='bbox 301 2055 422 2077; x_wconf 84' lang='lat' dir='ltr'><strong>mutaret</strong></span> <span class='ocrx_word' id='word_1_454' title='bbox 445 2057 552 2085; x_wconf 76' lang='lat' dir='ltr'><strong>vocem,</strong></span> <span class='ocrx_word' id='word_1_455' title='bbox 571 2051 624 2078; x_wconf 83' lang='lat' dir='ltr'><strong>ltoc</strong></span> <span class='ocrx_word' id='word_1_456' title='bbox 646 2055 688 2079; x_wconf 82' lang='lat' dir='ltr'><strong>est</strong></span> <span class='ocrx_word' id='word_1_457' title='bbox 710 2052 749 2079; x_wconf 92' lang='lat' dir='ltr'><strong>uti</strong></span> <span class='ocrx_word' id='word_1_458' title='bbox 771 2052 905 2087; x_wconf 83' lang='lat' dir='ltr'><strong>lacrymas</strong></span> <span class='ocrx_word' id='word_1_459' title='bbox 926 2051 1088 2084; x_wconf 69' lang='lat' dir='ltr'><strong>effunderet,</strong></span> 
     </span>
    </p>
   </div>
   <div class='ocr_carea' id='block_1_73' title="bbox 302 2096 1089 2132">
    <p class='ocr_par' dir='ltr' id='par_1_73' title="bbox 302 2096 1089 2132">
     <span class='ocr_line' id='line_1_73' title="bbox 302 2096 1089 2132; baseline 0.003 -9"><span class='ocrx_word' id='word_1_460' title='bbox 302 2096 653 2132; x_wconf 75' lang='lat' dir='ltr'><strong>lugeret,etingemisceret,</strong></span> <span class='ocrx_word' id='word_1_461' title='bbox 671 2101 699 2124; x_wconf 84' lang='lat' dir='ltr'><strong>et</strong></span> <span class='ocrx_word' id='word_1_462' title='bbox 713 2097 796 2125; x_wconf 86' lang='lat' dir='ltr'><strong>simul</strong></span> <span class='ocrx_word' id='word_1_463' title='bbox 809 2105 903 2125; x_wconf 85' lang='lat' dir='ltr'><strong>omnes</strong></span> <span class='ocrx_word' id='word_1_464' title='bbox 919 2098 951 2125; x_wconf 80' lang='lat' dir='ltr'><strong>ad</strong></span> <span class='ocrx_word' id='word_1_465' title='bbox 972 2098 1089 2125; x_wconf 86' lang='lat' dir='ltr'><strong>lamenta</strong></span> 
     </span>
    </p>
   </div>
   <div class='ocr_carea' id='block_1_74' title="bbox 301 2142 1090 2178">
    <p class='ocr_par' dir='ltr' id='par_1_74' title="bbox 301 2142 1090 2178">
     <span class='ocr_line' id='line_1_74' title="bbox 301 2142 1090 2178; baseline 0 -8"><span class='ocrx_word' id='word_1_466' title='bbox 301 2142 450 2170; x_wconf 79' lang='lat' dir='ltr'><strong>evocaret?</strong></span> <span class='ocrx_word' id='word_1_467' title='bbox 485 2142 552 2170; x_wconf 82' lang='lat' dir='ltr'><strong>Nam</strong></span> <span class='ocrx_word' id='word_1_468' title='bbox 586 2143 645 2170; x_wconf 76' lang='lat' dir='ltr'><strong>fieri</strong></span> <span class='ocrx_word' id='word_1_469' title='bbox 675 2143 786 2170; x_wconf 90' lang='lat' dir='ltr'><strong>minime</strong></span> <span class='ocrx_word' id='word_1_470' title='bbox 803 2148 919 2178; x_wconf 84' lang='lat' dir='ltr'><strong>poterat,</strong></span> <span class='ocrx_word' id='word_1_471' title='bbox 942 2148 969 2170; x_wconf 90' lang='lat' dir='ltr'><strong>ut</strong></span> <span class='ocrx_word' id='word_1_472' title='bbox 988 2144 1015 2170; x_wconf 89' lang='lat' dir='ltr'><strong>in</strong></span> <span class='ocrx_word' id='word_1_473' title='bbox 1031 2144 1090 2178; x_wconf 85' lang='lat' dir='ltr'><strong>cpi-</strong></span> 
     </span>
    </p>
   </div>
   <div class='ocr_carea' id='block_1_75' title="bbox 1133 1533 1922 1571">
    <p class='ocr_par' dir='ltr' id='par_1_75' title="bbox 1133 1533 1922 1571">
     <span class='ocr_line' id='line_1_75' title="bbox 1133 1533 1922 1571; baseline -0.003 -9"><span class='ocrx_word' id='word_1_474' title='bbox 1133 1535 1182 1562; x_wconf 79' lang='grc' dir='ltr'>τοῡ</span> <span class='ocrx_word' id='word_1_475' title='bbox 1192 1534 1353 1562; x_wconf 78' lang='grc' dir='ltr'>διδασκάλου</span> <span class='ocrx_word' id='word_1_476' title='bbox 1364 1534 1414 1571; x_wconf 82' lang='grc' dir='ltr'>τὴν</span> <span class='ocrx_word' id='word_1_477' title='bbox 1426 1533 1539 1562; x_wconf 73' lang='grc' dir='ltr'>δέουσαν</span> <span class='ocrx_word' id='word_1_478' title='bbox 1555 1533 1634 1566; x_wconf 76' lang='grc' dir='ltr'>τάξιν</span> <span class='ocrx_word' id='word_1_479' title='bbox 1649 1533 1746 1566; x_wconf 79' lang='grc' dir='ltr'>σώζειν</span> <span class='ocrx_word' id='word_1_480' title='bbox 1758 1534 1821 1564; x_wconf 80' lang='grc' dir='ltr'>τοὺς</span> <span class='ocrx_word' id='word_1_481' title='bbox 1834 1533 1922 1568; x_wconf 74' lang='grc' dir='ltr'><strong>μαθη-</strong></span> 
     </span>
    </p>
   </div>
   <div class='ocr_carea' id='block_1_76' title="bbox 1132 1582 1191 1614">
    <p class='ocr_par' dir='ltr' id='par_1_76' title="bbox 1132 1582 1191 1614">
     <span class='ocr_line' id='line_1_76' title="bbox 1132 1582 1191 1614; baseline 0 -5"><span class='ocrx_word' id='word_1_482' title='bbox 1132 1582 1191 1614; x_wconf 78' lang='grc' dir='ltr'>τάς.</span> 
     </span>
    </p>
   </div>
   <div class='ocr_carea' id='block_1_77' title="bbox 1171 1622 1921 1664">
    <p class='ocr_par' dir='ltr' id='par_1_77' title="bbox 1171 1622 1921 1664">
     <span class='ocr_line' id='line_1_77' title="bbox 1171 1622 1921 1664; baseline -0.007 -9"><span class='ocrx_word' id='word_1_483' title='bbox 1171 1638 1181 1655; x_wconf 80' lang='grc' dir='ltr'><strong>ι</strong></span> <span class='ocrx_word' id='word_1_484' title='bbox 1195 1628 1295 1655; x_wconf 81' lang='grc' dir='ltr'>Τεκνία</span> <span class='ocrx_word' id='word_1_485' title='bbox 1307 1636 1370 1664; x_wconf 88' lang='grc' dir='ltr'>μου,</span> <span class='ocrx_word' id='word_1_486' title='bbox 1384 1627 1432 1659; x_wconf 79' lang='grc' dir='ltr'>οὓς</span> <span class='ocrx_word' id='word_1_487' title='bbox 1445 1627 1525 1654; x_wconf 84' lang='grc' dir='ltr'>πάλιν</span> <span class='ocrx_word' id='word_1_488' title='bbox 1538 1626 1637 1660; x_wconf 85' lang='grc' dir='ltr'>ὠδίνω,</span> <span class='ocrx_word' id='word_1_489' title='bbox 1651 1626 1731 1661; x_wconf 78' lang='grc' dir='ltr'>ἄχρις</span> <span class='ocrx_word' id='word_1_490' title='bbox 1739 1622 1770 1652; x_wconf 72' lang='grc' dir='ltr'><strong>οὗ</strong></span> <span class='ocrx_word' id='word_1_491' title='bbox 1789 1624 1921 1660; x_wconf 67' lang='grc' dir='ltr'>μορφωθῇ</span> 
     </span>
    </p>
   </div>
   <div class='ocr_carea' id='block_1_78' title="bbox 1133 1674 1409 1709">
    <p class='ocr_par' dir='ltr' id='par_1_78' title="bbox 1133 1674 1409 1709">
     <span class='ocr_line' id='line_1_78' title="bbox 1133 1674 1409 1709; baseline -0.007 -8"><span class='ocrx_word' id='word_1_492' title='bbox 1133 1674 1251 1709; x_wconf 75' lang='grc' dir='ltr'>Χριστὸς</span> <span class='ocrx_word' id='word_1_493' title='bbox 1267 1675 1296 1701; x_wconf 76' lang='grc' dir='ltr'>ὲν</span> <span class='ocrx_word' id='word_1_494' title='bbox 1310 1675 1385 1709; x_wconf 81' lang='grc' dir='ltr'><strong>ὑμῖν.</strong></span> <span class='ocrx_word' id='word_1_495' title='bbox 1400 1683 1409 1699; x_wconf 76' lang='grc' dir='ltr'><strong>ι</strong></span> 
     </span>
    </p>
   </div>
   <div class='ocr_carea' id='block_1_79' title="bbox 1177 1715 1923 1755">
    <p class='ocr_par' dir='ltr' id='par_1_79' title="bbox 1177 1715 1923 1755">
     <span class='ocr_line' id='line_1_79' title="bbox 1177 1715 1923 1755; baseline -0.008 -9"><span class='ocrx_word' id='word_1_496' title='bbox 1177 1719 1347 1755; x_wconf 82' lang='grc' dir='ltr'>Ἐφθείρατε,</span> <span class='ocrx_word' id='word_1_497' title='bbox 1359 1719 1438 1754; x_wconf 84' lang='grc' dir='ltr'>φησὶ,</span> <span class='ocrx_word' id='word_1_498' title='bbox 1447 1717 1497 1753; x_wconf 82' lang='grc' dir='ltr'><strong>τὴν</strong></span> <span class='ocrx_word' id='word_1_499' title='bbox 1509 1717 1612 1749; x_wconf 84' lang='grc' dir='ltr'>εἰκόνα,</span> <span class='ocrx_word' id='word_1_500' title='bbox 1622 1716 1782 1744; x_wconf 80' lang='grc' dir='ltr'>ὸπωλέσατε</span> <span class='ocrx_word' id='word_1_501' title='bbox 1793 1715 1843 1751; x_wconf 81' lang='grc' dir='ltr'>τὴν</span> <span class='ocrx_word' id='word_1_502' title='bbox 1856 1723 1923 1750; x_wconf 83' lang='grc' dir='ltr'>μορ-</span> 
     </span>
    </p>
   </div>
   <div class='ocr_carea' id='block_1_80' title="bbox 1135 1761 1922 1802">
    <p class='ocr_par' dir='ltr' id='par_1_80' title="bbox 1135 1761 1922 1802">
     <span class='ocr_line' id='line_1_80' title="bbox 1135 1761 1922 1802; baseline -0.008 -9"><span class='ocrx_word' id='word_1_503' title='bbox 1135 1766 1198 1802; x_wconf 82' lang='grc' dir='ltr'>φὴν,</span> <span class='ocrx_word' id='word_1_504' title='bbox 1210 1766 1418 1801; x_wconf 81' lang='grc' dir='ltr'>ἁναγεννήσεως</span> <span class='ocrx_word' id='word_1_505' title='bbox 1433 1764 1530 1800; x_wconf 79' lang='grc' dir='ltr'>ἑτέρας</span> <span class='ocrx_word' id='word_1_506' title='bbox 1542 1764 1606 1799; x_wconf 78' lang='grc' dir='ltr'><strong>ὑμῖν</strong></span> <span class='ocrx_word' id='word_1_507' title='bbox 1617 1763 1659 1790; x_wconf 73' lang='grc' dir='ltr'>δεῖ</span> <span class='ocrx_word' id='word_1_508' title='bbox 1674 1763 1721 1789; x_wconf 74' lang='grc' dir='ltr'>καὶ</span> <span class='ocrx_word' id='word_1_509' title='bbox 1731 1761 1922 1792; x_wconf 79' lang='grc' dir='ltr'>ἁνατιλόισεως,</span> 
     </span>
    </p>
   </div>
   <div class='ocr_carea' id='block_1_81' title="bbox 1134 1807 1851 1845">
    <p class='ocr_par' dir='ltr' id='par_1_81' title="bbox 1134 1807 1851 1845">
     <span class='ocr_line' id='line_1_81' title="bbox 1134 1807 1851 1845; baseline -0.006 -10"><span class='ocrx_word' id='word_1_510' title='bbox 1134 1808 1244 1844; x_wconf 84' lang='grc' dir='ltr'>διδαχῆς</span> <span class='ocrx_word' id='word_1_511' title='bbox 1256 1808 1377 1845; x_wconf 82' lang='grc' dir='ltr'>δηλονότι</span> <span class='ocrx_word' id='word_1_512' title='bbox 1386 1816 1394 1824; x_wconf 74' lang='grc' dir='ltr'><strong>ο</strong></span> <span class='ocrx_word' id='word_1_513' title='bbox 1410 1808 1491 1836; x_wconf 84' lang='grc' dir='ltr'>πάλιν</span> <span class='ocrx_word' id='word_1_514' title='bbox 1506 1807 1592 1843; x_wconf 83' lang='grc' dir='ltr'>γεννῶ</span> <span class='ocrx_word' id='word_1_515' title='bbox 1604 1807 1648 1835; x_wconf 80' lang='grc' dir='ltr'>διὰ</span> <span class='ocrx_word' id='word_1_516' title='bbox 1661 1807 1851 1842; x_wconf 80' lang='grc' dir='ltr'>κατηχήσεως.</span> 
     </span>
    </p>
   </div>
   <div class='ocr_carea' id='block_1_82' title="bbox 1175 1889 1924 1929">
    <p class='ocr_par' dir='ltr' id='par_1_82' title="bbox 1175 1889 1924 1929">
     <span class='ocr_line' id='line_1_82' title="bbox 1175 1889 1924 1929; baseline -0.005 -9"><span class='ocrx_word' id='word_1_517' title='bbox 1175 1904 1184 1920; x_wconf 77' lang='grc' dir='ltr'><strong>ι</strong></span> <span class='ocrx_word' id='word_1_518' title='bbox 1208 1895 1321 1922; x_wconf 70' lang='grc' dir='ltr'>Ἥθελον</span> <span class='ocrx_word' id='word_1_519' title='bbox 1332 1893 1361 1922; x_wconf 78' lang='grc' dir='ltr'>δὲ</span> <span class='ocrx_word' id='word_1_520' title='bbox 1372 1894 1501 1929; x_wconf 74' lang='grc' dir='ltr'>παρεῖναι</span> <span class='ocrx_word' id='word_1_521' title='bbox 1515 1891 1584 1927; x_wconf 79' lang='grc' dir='ltr'>πρὸς</span> <span class='ocrx_word' id='word_1_522' title='bbox 1600 1892 1672 1927; x_wconf 78' lang='grc' dir='ltr'>ὑμᾶς</span> <span class='ocrx_word' id='word_1_523' title='bbox 1689 1891 1764 1927; x_wconf 78' lang='grc' dir='ltr'>ἄρτι,</span> <span class='ocrx_word' id='word_1_524' title='bbox 1780 1891 1829 1919; x_wconf 74' lang='grc' dir='ltr'>καὶ</span> <span class='ocrx_word' id='word_1_525' title='bbox 1842 1889 1924 1918; x_wconf 81' lang='grc' dir='ltr'>ἀλλά-</span> 
     </span>
    </p>
   </div>
   <div class='ocr_carea' id='block_1_83' title="bbox 1137 1940 1454 1977">
    <p class='ocr_par' dir='ltr' id='par_1_83' title="bbox 1137 1940 1454 1977">
     <span class='ocr_line' id='line_1_83' title="bbox 1137 1940 1454 1977; baseline -0.006 -9"><span class='ocrx_word' id='word_1_526' title='bbox 1137 1941 1181 1974; x_wconf 78' lang='grc' dir='ltr'>ξαι</span> <span class='ocrx_word' id='word_1_527' title='bbox 1193 1941 1242 1977; x_wconf 84' lang='grc' dir='ltr'>τὴν</span> <span class='ocrx_word' id='word_1_528' title='bbox 1250 1941 1342 1976; x_wconf 78' lang='grc' dir='ltr'>φωνήν</span> <span class='ocrx_word' id='word_1_529' title='bbox 1357 1948 1418 1975; x_wconf 85' lang='grc' dir='ltr'><strong>μου.</strong></span> <span class='ocrx_word' id='word_1_530' title='bbox 1436 1940 1454 1966; x_wconf 74' lang='grc' dir='ltr'>ι’</span> 
     </span>
    </p>
   </div>
   <div class='ocr_carea' id='block_1_84' title="bbox 1175 1990 1925 2032">
    <p class='ocr_par' dir='ltr' id='par_1_84' title="bbox 1175 1990 1925 2032">
     <span class='ocr_line' id='line_1_84' title="bbox 1175 1990 1925 2032; baseline -0.008 -8"><span class='ocrx_word' id='word_1_531' title='bbox 1175 1997 1254 2030; x_wconf 82' lang='grc' dir='ltr'>Τίνος</span> <span class='ocrx_word' id='word_1_532' title='bbox 1267 1994 1362 2023; x_wconf 80' lang='grc' dir='ltr'>ῑνικεν</span> <span class='ocrx_word' id='word_1_533' title='bbox 1376 1995 1454 2032; x_wconf 73' lang='grc' dir='ltr'>ζητεῖ</span> <span class='ocrx_word' id='word_1_534' title='bbox 1462 1995 1512 2031; x_wconf 76' lang='grc' dir='ltr'>τὴν</span> <span class='ocrx_word' id='word_1_535' title='bbox 1523 1990 1675 2030; x_wconf 79' lang='grc' dir='ltr'>παροὺσίαν</span> <span class='ocrx_word' id='word_1_536' title='bbox 1691 1994 1776 2028; x_wconf 77' lang='grc' dir='ltr'>λέγει,</span> <span class='ocrx_word' id='word_1_537' title='bbox 1794 1993 1841 2020; x_wconf 71' lang='grc' dir='ltr'>καὶ</span> <span class='ocrx_word' id='word_1_538' title='bbox 1853 1993 1925 2024; x_wconf 82' lang='grc' dir='ltr'>τίνος</span> 
     </span>
    </p>
   </div>
   <div class='ocr_carea' id='block_1_85' title="bbox 1138 2038 1925 2078">
    <p class='ocr_par' dir='ltr' id='par_1_85' title="bbox 1138 2038 1925 2078">
     <span class='ocr_line' id='line_1_85' title="bbox 1138 2038 1925 2078; baseline -0.008 -9"><span class='ocrx_word' id='word_1_539' title='bbox 1138 2043 1155 2078; x_wconf 82' lang='grc' dir='ltr'>ἣ</span> <span class='ocrx_word' id='word_1_540' title='bbox 1175 2043 1221 2069; x_wconf 81' lang='grc' dir='ltr'>τοῦ</span> <span class='ocrx_word' id='word_1_541' title='bbox 1242 2042 1355 2075; x_wconf 77' lang='grc' dir='ltr'>ἀλλάξαι</span> <span class='ocrx_word' id='word_1_542' title='bbox 1372 2042 1423 2077; x_wconf 84' lang='grc' dir='ltr'>τὴν</span> <span class='ocrx_word' id='word_1_543' title='bbox 1443 2041 1546 2077; x_wconf 79' lang='grc' dir='ltr'>φωνὴν,</span> <span class='ocrx_word' id='word_1_544' title='bbox 1568 2040 1630 2067; x_wconf 81' lang='grc' dir='ltr'>ἀντὶ</span> <span class='ocrx_word' id='word_1_545' title='bbox 1655 2039 1701 2066; x_wconf 78' lang='grc' dir='ltr'><strong>τοῦ</strong></span> <span class='ocrx_word' id='word_1_546' title='bbox 1724 2038 1858 2074; x_wconf 81' lang='grc' dir='ltr'>δακρῦσαι</span> <span class='ocrx_word' id='word_1_547' title='bbox 1878 2038 1925 2064; x_wconf 86' lang='grc' dir='ltr'>καὶ</span> 
     </span>
    </p>
   </div>
   <div class='ocr_carea' id='block_1_86' title="bbox 1139 2084 1925 2126">
    <p class='ocr_par' dir='ltr' id='par_1_86' title="bbox 1139 2084 1925 2126">
     <span class='ocr_line' id='line_1_86' title="bbox 1139 2084 1925 2126; baseline -0.008 -10"><span class='ocrx_word' id='word_1_548' title='bbox 1139 2090 1284 2126; x_wconf 84' lang='grc' dir='ltr'>θρηνῆσαι,</span> <span class='ocrx_word' id='word_1_549' title='bbox 1302 2089 1350 2115; x_wconf 72' lang='grc' dir='ltr'>καὶ</span> <span class='ocrx_word' id='word_1_550' title='bbox 1371 2087 1568 2125; x_wconf 76' lang='grc' dir='ltr'>ὀλοφύρασθαι,</span> <span class='ocrx_word' id='word_1_551' title='bbox 1589 2087 1635 2113; x_wconf 77' lang='grc' dir='ltr'>καὶ</span> <span class='ocrx_word' id='word_1_552' title='bbox 1650 2087 1754 2117; x_wconf 84' lang='grc' dir='ltr'>πάντας</span> <span class='ocrx_word' id='word_1_553' title='bbox 1768 2085 1808 2116; x_wconf 83' lang='grc' dir='ltr'><strong>είς</strong></span> <span class='ocrx_word' id='word_1_554' title='bbox 1827 2084 1925 2119; x_wconf 79' lang='grc' dir='ltr'>θρῆνον</span> 
     </span>
    </p>
   </div>
   <div class='ocr_carea' id='block_1_87' title="bbox 1140 2129 1926 2170">
    <p class='ocr_par' dir='ltr' id='par_1_87' title="bbox 1140 2129 1926 2170">
     <span class='ocr_line' id='line_1_87' title="bbox 1140 2129 1926 2170; baseline -0.008 -9"><span class='ocrx_word' id='word_1_555' title='bbox 1140 2135 1325 2168; x_wconf 61' lang='lat' dir='ltr'><strong>summis-Gott;</strong></span> <span class='ocrx_word' id='word_1_556' title='bbox 1341 2134 1391 2161; x_wconf 77' lang='grc' dir='ltr'>Διὰ</span> <span class='ocrx_word' id='word_1_557' title='bbox 1405 2135 1460 2170; x_wconf 78' lang='grc' dir='ltr'><strong>γὰρ</strong></span> <span class='ocrx_word' id='word_1_558' title='bbox 1476 2133 1621 2168; x_wconf 72' lang='grc' dir='ltr'>ἐπιπολῆς</span> <span class='ocrx_word' id='word_1_559' title='bbox 1632 2132 1683 2159; x_wconf 79' lang='grc' dir='ltr'>οὒκ</span> <span class='ocrx_word' id='word_1_560' title='bbox 1699 2130 1733 2168; x_wconf 83' lang='grc' dir='ltr'>ἦν</span> <span class='ocrx_word' id='word_1_561' title='bbox 1750 2131 1855 2166; x_wconf 79' lang='grc' dir='ltr'>δάκρυα</span> <span class='ocrx_word' id='word_1_562' title='bbox 1870 2129 1926 2156; x_wconf 78' lang='grc' dir='ltr'>δεῖ·</span> 
     </span>
    </p>
   </div>
   <div class='ocr_carea' id='block_1_88' title="bbox 303 2178 1084 2226">
    <p class='ocr_par' dir='ltr' id='par_1_88' title="bbox 303 2189 1084 2226">
     <span class='ocr_line' id='line_1_88' title="bbox 303 2189 1084 2226; baseline -0.001 -9"><span class='ocrx_word' id='word_1_563' title='bbox 303 2190 382 2217; x_wconf 88' lang='lat' dir='ltr'><strong>stolis</strong></span> <span class='ocrx_word' id='word_1_564' title='bbox 416 2190 475 2216; x_wconf 84' lang='lat' dir='ltr'><strong>suis</strong></span> <span class='ocrx_word' id='word_1_565' title='bbox 512 2189 648 2226; x_wconf 80' lang='lat' dir='ltr'><strong>lacrymas</strong></span> <span class='ocrx_word' id='word_1_566' title='bbox 682 2190 851 2224; x_wconf 75' lang='lat' dir='ltr'><strong>gcutitumve</strong></span> <span class='ocrx_word' id='word_1_567' title='bbox 890 2197 970 2218; x_wconf 91' lang='lat' dir='ltr'><strong>suum</strong></span> <span class='ocrx_word' id='word_1_568' title='bbox 1009 2191 1084 2218; x_wconf 82' lang='lat' dir='ltr'><strong>exhi-</strong></span> 
     </span>
    </p>
   </div>
   <div class='ocr_carea' id='block_1_89' title="bbox 1133 2178 1449 2226">
    <p class='ocr_par' dir='ltr' id='par_1_89' title="bbox 1144 2181 1449 2216">
     <span class='ocr_line' id='line_1_89' title="bbox 1144 2181 1449 2216; baseline 0 -8"><span class='ocrx_word' id='word_1_569' title='bbox 1144 2181 1198 2215; x_wconf 78' lang='grc' dir='ltr'>ξαι,</span> <span class='ocrx_word' id='word_1_570' title='bbox 1212 2182 1271 2208; x_wconf 69' lang='grc' dir='ltr'>οὐδὲ</span> <span class='ocrx_word' id='word_1_571' title='bbox 1287 2181 1449 2216; x_wconf 82' lang='grc' dir='ltr'>ὀλοφυρμόν.</span> 
     </span>
    </p>
   </div>
   <div class='ocr_carea' id='block_1_90' title="bbox 303 2234 390 2262">
    <p class='ocr_par' dir='ltr' id='par_1_90' title="bbox 303 2234 390 2262">
     <span class='ocr_line' id='line_1_90' title="bbox 303 2234 390 2262; baseline -0.011 0"><span class='ocrx_word' id='word_1_572' title='bbox 303 2234 390 2262; x_wconf 88' lang='lat' dir='ltr'><strong>beret.</strong></span> 
     </span>
    </p>
   </div>
   <div class='ocr_carea' id='block_1_91' title="bbox 342 2289 856 2323">
    <p class='ocr_par' dir='ltr' id='par_1_91' title="bbox 342 2289 856 2323">
     <span class='ocr_line' id='line_1_91' title="bbox 342 2289 856 2323; baseline 0.006 -6"><span class='ocrx_word' id='word_1_573' title='bbox 342 2298 352 2315; x_wconf 74' lang='grc' dir='ltr'><strong>ι</strong></span> <span class='ocrx_word' id='word_1_574' title='bbox 367 2289 502 2323; x_wconf 84' lang='lat' dir='ltr'><strong>Quoniam</strong></span> <span class='ocrx_word' id='word_1_575' title='bbox 520 2291 674 2322; x_wconf 87' lang='lat' dir='ltr'><strong>confundor</strong></span> <span class='ocrx_word' id='word_1_576' title='bbox 690 2291 717 2319; x_wconf 90' lang='lat' dir='ltr'><strong>in</strong></span> <span class='ocrx_word' id='word_1_577' title='bbox 733 2292 821 2320; x_wconf 89' lang='lat' dir='ltr'><strong>vobis.</strong></span> <span class='ocrx_word' id='word_1_578' title='bbox 847 2301 856 2317; x_wconf 74' lang='grc' dir='ltr'><strong>ι</strong></span> 
     </span>
    </p>
   </div>
   <div class='ocr_carea' id='block_1_92' title="bbox 339 2345 1089 2387">
    <p class='ocr_par' dir='ltr' id='par_1_92' title="bbox 339 2345 1089 2387">
     <span class='ocr_line' id='line_1_92' title="bbox 339 2345 1089 2387; baseline 0.001 -14"><span class='ocrx_word' id='word_1_579' title='bbox 339 2345 400 2374; x_wconf 83' lang='grc' dir='ltr'>Νοιι</span> <span class='ocrx_word' id='word_1_580' title='bbox 414 2347 498 2380; x_wconf 87' lang='lat' dir='ltr'><strong>enim,</strong></span> <span class='ocrx_word' id='word_1_581' title='bbox 515 2347 615 2383; x_wconf 76' lang='lat' dir='ltr'><strong>inquit,</strong></span> <span class='ocrx_word' id='word_1_582' title='bbox 628 2348 691 2387; x_wconf 80' lang='lat' dir='ltr'><strong>quid</strong></span> <span class='ocrx_word' id='word_1_583' title='bbox 703 2348 793 2378; x_wconf 81' lang='lat' dir='ltr'><strong>dicam</strong></span> <span class='ocrx_word' id='word_1_584' title='bbox 803 2345 892 2377; x_wconf 72' lang='lat' dir='ltr'><strong>habeo</strong></span> <span class='ocrx_word' id='word_1_585' title='bbox 904 2357 911 2381; x_wconf 87' lang='lat'><strong>;</strong></span> <span class='ocrx_word' id='word_1_586' title='bbox 925 2348 972 2383; x_wconf 88' lang='lat' dir='ltr'><strong>qui</strong></span> <span class='ocrx_word' id='word_1_587' title='bbox 988 2347 1089 2375; x_wconf 79' lang='lat' dir='ltr'><strong>factum</strong></span> 
     </span>
    </p>
   </div>
   <div class='ocr_carea' id='block_1_93' title="bbox 305 2393 1091 2433">
    <p class='ocr_par' dir='ltr' id='par_1_93' title="bbox 305 2393 1091 2433">
     <span class='ocr_line' id='line_1_93' title="bbox 305 2393 1091 2433; baseline 0.001 -13"><span class='ocrx_word' id='word_1_588' title='bbox 305 2393 351 2425; x_wconf 86' lang='lat' dir='ltr'><strong>sit.</strong></span> <span class='ocrx_word' id='word_1_589' title='bbox 371 2397 401 2421; x_wconf 91' lang='lat' dir='ltr'><strong>ut</strong></span> <span class='ocrx_word' id='word_1_590' title='bbox 415 2394 461 2429; x_wconf 90' lang='lat' dir='ltr'><strong>qui</strong></span> <span class='ocrx_word' id='word_1_591' title='bbox 474 2394 552 2429; x_wconf 86' lang='lat' dir='ltr'><strong>prius</strong></span> <span class='ocrx_word' id='word_1_592' title='bbox 569 2394 602 2423; x_wconf 89' lang='lat' dir='ltr'><strong>ad</strong></span> <span class='ocrx_word' id='word_1_593' title='bbox 620 2394 711 2433; x_wconf 79' lang='lat' dir='ltr'><strong>ipsum</strong></span> <span class='ocrx_word' id='word_1_594' title='bbox 726 2401 814 2429; x_wconf 81' lang='lat' dir='ltr'><strong>usque</strong></span> <span class='ocrx_word' id='word_1_595' title='bbox 828 2394 890 2421; x_wconf 72' lang='lat' dir='ltr'><strong>cadi</strong></span> <span class='ocrx_word' id='word_1_596' title='bbox 902 2393 1034 2420; x_wconf 82' lang='lat' dir='ltr'><strong>verticem</strong></span> <span class='ocrx_word' id='word_1_597' title='bbox 1047 2401 1091 2421; x_wconf 85' lang='lat' dir='ltr'><strong>as-</strong></span> 
     </span>
    </p>
   </div>
   <div class='ocr_carea' id='block_1_94' title="bbox 305 2437 1090 2473">
    <p class='ocr_par' dir='ltr' id='par_1_94' title="bbox 305 2437 1090 2473">
     <span class='ocr_line' id='line_1_94' title="bbox 305 2437 1090 2473; baseline -0.001 -9"><span class='ocrx_word' id='word_1_598' title='bbox 305 2437 472 2472; x_wconf 84' lang='lat' dir='ltr'><strong>cenderatis,</strong></span> <span class='ocrx_word' id='word_1_599' title='bbox 487 2438 587 2473; x_wconf 87' lang='lat' dir='ltr'><strong>partim</strong></span> <span class='ocrx_word' id='word_1_600' title='bbox 605 2438 640 2465; x_wconf 89' lang='lat' dir='ltr'><strong>ob</strong></span> <span class='ocrx_word' id='word_1_601' title='bbox 662 2437 783 2473; x_wconf 78' lang='lat' dir='ltr'><strong>pericula</strong></span> <span class='ocrx_word' id='word_1_602' title='bbox 797 2445 859 2473; x_wconf 71' lang='lat' dir='ltr'><strong>quae</strong></span> <span class='ocrx_word' id='word_1_603' title='bbox 875 2437 937 2464; x_wconf 88' lang='lat' dir='ltr'><strong>fidei</strong></span> <span class='ocrx_word' id='word_1_604' title='bbox 950 2444 1033 2466; x_wconf 87' lang='lat' dir='ltr'><strong>causa</strong></span> <span class='ocrx_word' id='word_1_605' title='bbox 1049 2441 1090 2464; x_wconf 55' lang='lat' dir='ltr'><strong>to-</strong></span> 
     </span>
    </p>
   </div>
   <div class='ocr_carea' id='block_1_95' title="bbox 304 2479 1127 2520">
    <p class='ocr_par' dir='ltr' id='par_1_95' title="bbox 304 2479 1127 2520">
     <span class='ocr_line' id='line_1_95' title="bbox 304 2479 1127 2520; baseline -0.001 -10"><span class='ocrx_word' id='word_1_606' title='bbox 304 2483 425 2517; x_wconf 85' lang='lat' dir='ltr'><strong>lerastis,</strong></span> <span class='ocrx_word' id='word_1_607' title='bbox 446 2485 544 2519; x_wconf 79' lang='lat' dir='ltr'><strong>partim</strong></span> <span class='ocrx_word' id='word_1_608' title='bbox 558 2484 593 2511; x_wconf 92' lang='lat' dir='ltr'><strong>ob</strong></span> <span class='ocrx_word' id='word_1_609' title='bbox 611 2483 733 2519; x_wconf 80' lang='lat' dir='ltr'><strong>prodigia</strong></span> <span class='ocrx_word' id='word_1_610' title='bbox 746 2489 806 2518; x_wconf 69' lang='lat' dir='ltr'><strong>quae</strong></span> <span class='ocrx_word' id='word_1_611' title='bbox 831 2490 879 2517; x_wconf 88' lang='lat' dir='ltr'><strong>per</strong></span> <span class='ocrx_word' id='word_1_612' title='bbox 895 2482 975 2510; x_wconf 82' lang='lat' dir='ltr'><strong>fidem</strong></span> <span class='ocrx_word' id='word_1_613' title='bbox 991 2482 1091 2510; x_wconf 87' lang='lat' dir='ltr'><strong>edidis—</strong></span> 
     </span>
    </p>
   </div>
   <div class='ocr_carea' id='block_1_96' title="bbox 306 2526 1091 2564">
    <p class='ocr_par' dir='ltr' id='par_1_96' title="bbox 306 2526 1091 2564">
     <span class='ocr_line' id='line_1_96' title="bbox 306 2526 1091 2564; baseline -0.003 -8"><span class='ocrx_word' id='word_1_614' title='bbox 306 2529 353 2561; x_wconf 79' lang='lat' dir='ltr'><strong>tis.</strong></span> <span class='ocrx_word' id='word_1_615' title='bbox 367 2535 441 2556; x_wconf 91' lang='lat' dir='ltr'><strong>nunc</strong></span> <span class='ocrx_word' id='word_1_616' title='bbox 454 2532 566 2564; x_wconf 86' lang='lat' dir='ltr'><strong>repente</strong></span> <span class='ocrx_word' id='word_1_617' title='bbox 579 2528 647 2555; x_wconf 88' lang='lat' dir='ltr'><strong>adeo</strong></span> <span class='ocrx_word' id='word_1_618' title='bbox 666 2528 699 2557; x_wconf 89' lang='lat' dir='ltr'><strong>ad</strong></span> <span class='ocrx_word' id='word_1_619' title='bbox 719 2531 822 2556; x_wconf 76' lang='lat' dir='ltr'><strong>laniant</strong></span> <span class='ocrx_word' id='word_1_620' title='bbox 844 2527 976 2555; x_wconf 85' lang='lat' dir='ltr'><strong>vilitatem</strong></span> <span class='ocrx_word' id='word_1_621' title='bbox 992 2526 1091 2561; x_wconf 75' lang='lat' dir='ltr'><strong>dejecti</strong></span> 
     </span>
    </p>
   </div>
   <div class='ocr_carea' id='block_1_97' title="bbox 306 2572 1093 2608">
    <p class='ocr_par' dir='ltr' id='par_1_97' title="bbox 306 2572 1093 2608">
     <span class='ocr_line' id='line_1_97' title="bbox 306 2572 1093 2608; baseline -0.004 -6"><span class='ocrx_word' id='word_1_622' title='bbox 306 2575 379 2608; x_wconf 79' lang='lat' dir='ltr'><strong>sitis,</strong></span> <span class='ocrx_word' id='word_1_623' title='bbox 393 2579 422 2602; x_wconf 87' lang='lat' dir='ltr'><strong>ut</strong></span> <span class='ocrx_word' id='word_1_624' title='bbox 438 2574 472 2602; x_wconf 85' lang='lat' dir='ltr'><strong>ad</strong></span> <span class='ocrx_word' id='word_1_625' title='bbox 495 2574 733 2605; x_wconf 87' lang='lat' dir='ltr'><strong>circumcisionem</strong></span> <span class='ocrx_word' id='word_1_626' title='bbox 757 2578 784 2602; x_wconf 87' lang='lat' dir='ltr'><strong>et</strong></span> <span class='ocrx_word' id='word_1_627' title='bbox 804 2572 924 2601; x_wconf 85' lang='lat' dir='ltr'><strong>Sabbata</strong></span> <span class='ocrx_word' id='word_1_628' title='bbox 950 2573 1093 2608; x_wconf 85' lang='lat' dir='ltr'><strong>pertraha-</strong></span> 
     </span>
    </p>
   </div>
   <div class='ocr_carea' id='block_1_98' title="bbox 307 2629 384 2649">
    <p class='ocr_par' dir='ltr' id='par_1_98' title="bbox 307 2629 384 2649">
     <span class='ocr_line' id='line_1_98' title="bbox 307 2629 384 2649; baseline -0.013 0"><span class='ocrx_word' id='word_1_629' title='bbox 307 2629 384 2649; x_wconf 73' lang='lat' dir='ltr'><strong>Illllll.</strong></span> 
     </span>
    </p>
   </div>
   <div class='ocr_carea' id='block_1_99' title="bbox 345 2675 1094 2711">
    <p class='ocr_par' dir='ltr' id='par_1_99' title="bbox 345 2675 1094 2711">
     <span class='ocr_line' id='line_1_99' title="bbox 345 2675 1094 2711; baseline -0.003 -7"><span class='ocrx_word' id='word_1_630' title='bbox 345 2688 355 2704; x_wconf 74' lang='grc' dir='ltr'><strong>ι</strong></span> <span class='ocrx_word' id='word_1_631' title='bbox 375 2677 459 2706; x_wconf 69' lang='lat' dir='ltr'><strong>Vens.</strong></span> <span class='ocrx_word' id='word_1_632' title='bbox 474 2677 569 2707; x_wconf 75' lang='lat' dir='ltr'><strong>2l-23.</strong></span> <span class='ocrx_word' id='word_1_633' title='bbox 587 2686 596 2703; x_wconf 77' lang='grc' dir='ltr'><strong>ι</strong></span> <span class='ocrx_word' id='word_1_634' title='bbox 614 2676 702 2704; x_wconf 88' lang='lat' dir='ltr'><strong>Dicite</strong></span> <span class='ocrx_word' id='word_1_635' title='bbox 717 2676 796 2709; x_wconf 82' lang='lat' dir='ltr'><strong>mihi,</strong></span> <span class='ocrx_word' id='word_1_636' title='bbox 814 2675 933 2710; x_wconf 63' lang='lat' dir='ltr'><strong>quixsub</strong></span> <span class='ocrx_word' id='word_1_637' title='bbox 957 2675 1017 2711; x_wconf 69' lang='lat' dir='ltr'><strong>lege</strong></span> <span class='ocrx_word' id='word_1_638' title='bbox 1031 2675 1094 2703; x_wconf 88' lang='lat' dir='ltr'><strong>vul-</strong></span> 
     </span>
    </p>
   </div>
   <div class='ocr_carea' id='block_1_100' title="bbox 309 2721 1093 2759">
    <p class='ocr_par' dir='ltr' id='par_1_100' title="bbox 309 2721 1093 2759">
     <span class='ocr_line' id='line_1_100' title="bbox 309 2721 1093 2759; baseline -0.004 -8"><span class='ocrx_word' id='word_1_639' title='bbox 309 2725 345 2751; x_wconf 83' lang='lat' dir='ltr'><strong>tis</strong></span> <span class='ocrx_word' id='word_1_640' title='bbox 361 2731 433 2757; x_wconf 85' lang='lat' dir='ltr'><strong>esse,</strong></span> <span class='ocrx_word' id='word_1_641' title='bbox 453 2724 540 2759; x_wconf 77' lang='lat' dir='ltr'><strong>legem</strong></span> <span class='ocrx_word' id='word_1_642' title='bbox 562 2731 617 2751; x_wconf 93' lang='lat' dir='ltr'><strong>non</strong></span> <span class='ocrx_word' id='word_1_643' title='bbox 638 2722 768 2758; x_wconf 75' lang='lat' dir='ltr'><strong>legistis?</strong></span> <span class='ocrx_word' id='word_1_644' title='bbox 792 2722 932 2757; x_wconf 85' lang='lat' dir='ltr'><strong>Scriptum</strong></span> <span class='ocrx_word' id='word_1_645' title='bbox 949 2725 992 2750; x_wconf 80' lang='lat' dir='ltr'><strong>est</strong></span> <span class='ocrx_word' id='word_1_646' title='bbox 1007 2721 1093 2753; x_wconf 81' lang='lat' dir='ltr'><strong>enim.</strong></span> 
     </span>
    </p>
   </div>
   <div class='ocr_carea' id='block_1_101' title="bbox 309 2765 1094 2800">
    <p class='ocr_par' dir='ltr' id='par_1_101' title="bbox 309 2765 1094 2800">
     <span class='ocr_line' id='line_1_101' title="bbox 309 2765 1094 2800; baseline -0.004 -6"><span class='ocrx_word' id='word_1_647' title='bbox 309 2767 444 2800; x_wconf 79' lang='lat' dir='ltr'><strong>Quoniam</strong></span> <span class='ocrx_word' id='word_1_648' title='bbox 471 2767 608 2795; x_wconf 78' lang='lat' dir='ltr'><strong>Abraham</strong></span> <span class='ocrx_word' id='word_1_649' title='bbox 634 2767 704 2794; x_wconf 89' lang='lat' dir='ltr'><strong>duos</strong></span> <span class='ocrx_word' id='word_1_650' title='bbox 733 2765 803 2794; x_wconf 86' lang='lat' dir='ltr'><strong>ﬁlios</strong></span> <span class='ocrx_word' id='word_1_651' title='bbox 831 2765 936 2797; x_wconf 81' lang='lat' dir='ltr'><strong>habuit,</strong></span> <span class='ocrx_word' id='word_1_652' title='bbox 959 2772 1044 2792; x_wconf 90' lang='lat' dir='ltr'><strong>unum</strong></span> <span class='ocrx_word' id='word_1_653' title='bbox 1061 2765 1094 2792; x_wconf 87' lang='lat' dir='ltr'><strong>de</strong></span> 
     </span>
    </p>
   </div>
   <div class='ocr_carea' id='block_1_102' title="bbox 311 2811 1092 2846">
    <p class='ocr_par' dir='ltr' id='par_1_102' title="bbox 311 2811 1092 2846">
     <span class='ocr_line' id='line_1_102' title="bbox 311 2811 1092 2846; baseline -0.001 -7"><span class='ocrx_word' id='word_1_654' title='bbox 311 2813 420 2845; x_wconf 64' lang='lat' dir='ltr'><strong>ancilla,</strong></span> <span class='ocrx_word' id='word_1_655' title='bbox 435 2817 462 2840; x_wconf 91' lang='lat' dir='ltr'><strong>et</strong></span> <span class='ocrx_word' id='word_1_656' title='bbox 477 2820 562 2840; x_wconf 90' lang='lat' dir='ltr'><strong>unum</strong></span> <span class='ocrx_word' id='word_1_657' title='bbox 578 2812 611 2840; x_wconf 90' lang='lat' dir='ltr'><strong>de</strong></span> <span class='ocrx_word' id='word_1_658' title='bbox 623 2812 719 2840; x_wconf 82' lang='lat' dir='ltr'><strong>libera.</strong></span> <span class='ocrx_word' id='word_1_659' title='bbox 741 2811 794 2838; x_wconf 63' lang='lat' dir='ltr'><strong>Sed</strong></span> <span class='ocrx_word' id='word_1_660' title='bbox 809 2811 856 2846; x_wconf 84' lang='lat' dir='ltr'><strong>qui</strong></span> <span class='ocrx_word' id='word_1_661' title='bbox 875 2811 908 2838; x_wconf 85' lang='lat' dir='ltr'><strong>dc</strong></span> <span class='ocrx_word' id='word_1_662' title='bbox 923 2811 1033 2844; x_wconf 83' lang='lat' dir='ltr'><strong>ancilla,</strong></span> <span class='ocrx_word' id='word_1_663' title='bbox 1049 2818 1092 2838; x_wconf 93' lang='lat' dir='ltr'><strong>sc-</strong></span> 
     </span>
    </p>
   </div>
   <div class='ocr_carea' id='block_1_103' title="bbox 1179 2278 1600 2316">
    <p class='ocr_par' dir='ltr' id='par_1_103' title="bbox 1179 2278 1600 2316">
     <span class='ocr_line' id='line_1_103' title="bbox 1179 2278 1600 2316; baseline -0.005 -9"><span class='ocrx_word' id='word_1_664' title='bbox 1179 2290 1188 2306; x_wconf 83' lang='grc' dir='ltr'><strong>ι</strong></span> <span class='ocrx_word' id='word_1_665' title='bbox 1209 2281 1270 2307; x_wconf 82' lang='grc' dir='ltr'>’Ότι</span> <span class='ocrx_word' id='word_1_666' title='bbox 1284 2278 1440 2316; x_wconf 77' lang='grc' dir='ltr'>ἀποροῦμαι</span> <span class='ocrx_word' id='word_1_667' title='bbox 1456 2279 1485 2305; x_wconf 82' lang='grc' dir='ltr'>ὲν</span> <span class='ocrx_word' id='word_1_668' title='bbox 1495 2279 1570 2314; x_wconf 82' lang='grc' dir='ltr'>ὑμῖν.</span> <span class='ocrx_word' id='word_1_669' title='bbox 1590 2288 1600 2305; x_wconf 72' lang='grc' dir='ltr'><strong>ι</strong></span> 
     </span>
    </p>
   </div>
   <div class='ocr_carea' id='block_1_104' title="bbox 1177 2326 1928 2374">
    <p class='ocr_par' dir='ltr' id='par_1_104' title="bbox 1177 2326 1928 2374">
     <span class='ocr_line' id='line_1_104' title="bbox 1177 2326 1928 2374; baseline -0.007 -9"><span class='ocrx_word' id='word_1_670' title='bbox 1177 2326 1234 2365; x_wconf 59' lang='lat' dir='ltr'><strong>Oili):</strong></span> <span class='ocrx_word' id='word_1_671' title='bbox 1248 2337 1302 2374; x_wconf 73' lang='grc' dir='ltr'><strong>ἔχω</strong></span> <span class='ocrx_word' id='word_1_672' title='bbox 1314 2337 1379 2373; x_wconf 79' lang='grc' dir='ltr'>γὰρ,</span> <span class='ocrx_word' id='word_1_673' title='bbox 1394 2336 1470 2373; x_wconf 62' lang='grc' dir='ltr'>φησι,</span> <span class='ocrx_word' id='word_1_674' title='bbox 1486 2335 1513 2362; x_wconf 87' lang='grc' dir='ltr'><strong>τί</strong></span> <span class='ocrx_word' id='word_1_675' title='bbox 1527 2336 1613 2363; x_wconf 78' lang='grc' dir='ltr'>εἴπω·</span> <span class='ocrx_word' id='word_1_676' title='bbox 1624 2334 1705 2362; x_wconf 83' lang='grc' dir='ltr'>πόθεν</span> <span class='ocrx_word' id='word_1_677' title='bbox 1724 2334 1749 2361; x_wconf 76' lang='lat' dir='ltr'><strong>ot</strong></span> <span class='ocrx_word' id='word_1_678' title='bbox 1760 2333 1829 2370; x_wconf 82' lang='grc' dir='ltr'>πρὸς</span> <span class='ocrx_word' id='word_1_679' title='bbox 1843 2333 1928 2369; x_wconf 78' lang='grc' dir='ltr'>αὐτὴν</span> 
     </span>
    </p>
   </div>
   <div class='ocr_carea' id='block_1_105' title="bbox 1142 2380 1927 2418">
    <p class='ocr_par' dir='ltr' id='par_1_105' title="bbox 1142 2380 1927 2418">
     <span class='ocr_line' id='line_1_105' title="bbox 1142 2380 1927 2418; baseline -0.008 -6"><span class='ocrx_word' id='word_1_680' title='bbox 1142 2383 1293 2415; x_wconf 71' lang='grc' dir='ltr'>ἀναϐάντες</span> <span class='ocrx_word' id='word_1_681' title='bbox 1311 2383 1357 2411; x_wconf 82' lang='grc' dir='ltr'>τοῦ</span> <span class='ocrx_word' id='word_1_682' title='bbox 1368 2382 1483 2418; x_wconf 72' lang='grc' dir='ltr'>οὐρανοῦ</span> <span class='ocrx_word' id='word_1_683' title='bbox 1497 2383 1546 2418; x_wconf 79' lang='grc' dir='ltr'>τὴν</span> <span class='ocrx_word' id='word_1_684' title='bbox 1563 2382 1687 2418; x_wconf 83' lang='grc' dir='ltr'>κορυφὴν</span> <span class='ocrx_word' id='word_1_685' title='bbox 1707 2380 1752 2408; x_wconf 87' lang='grc' dir='ltr'><strong>διὰ</strong></span> <span class='ocrx_word' id='word_1_686' title='bbox 1768 2380 1824 2408; x_wconf 79' lang='grc' dir='ltr'><strong>τῶν</strong></span> <span class='ocrx_word' id='word_1_687' title='bbox 1836 2380 1927 2407; x_wconf 86' lang='grc' dir='ltr'>κινδύ-</span> 
     </span>
    </p>
   </div>
   <div class='ocr_carea' id='block_1_106' title="bbox 1120 2426 1928 2464">
    <p class='ocr_par' dir='ltr' id='par_1_106' title="bbox 1120 2426 1928 2464">
     <span class='ocr_line' id='line_1_106' title="bbox 1120 2426 1928 2464; baseline -0.007 -6"><span class='ocrx_word' id='word_1_688' title='bbox 1120 2434 1127 2442; x_wconf 92' lang='lat'><strong><em>&#39;</em></strong></span> <span class='ocrx_word' id='word_1_689' title='bbox 1142 2439 1195 2458; x_wconf 85' lang='grc' dir='ltr'><strong>νων</strong></span> <span class='ocrx_word' id='word_1_690' title='bbox 1210 2427 1247 2458; x_wconf 83' lang='grc' dir='ltr'><strong>ὧν</strong></span> <span class='ocrx_word' id='word_1_691' title='bbox 1263 2430 1429 2464; x_wconf 76' lang='grc' dir='ltr'>ὑπεμείνατε</span> <span class='ocrx_word' id='word_1_692' title='bbox 1443 2429 1514 2464; x_wconf 84' lang='grc' dir='ltr'>ὑπὲρ</span> <span class='ocrx_word' id='word_1_693' title='bbox 1528 2429 1577 2464; x_wconf 83' lang='grc' dir='ltr'>τῆς</span> <span class='ocrx_word' id='word_1_694' title='bbox 1604 2428 1732 2460; x_wconf 80' lang='grc' dir='ltr'>πίστεως,</span> <span class='ocrx_word' id='word_1_695' title='bbox 1745 2427 1793 2454; x_wconf 76' lang='grc' dir='ltr'>καὶ</span> <span class='ocrx_word' id='word_1_696' title='bbox 1808 2427 1852 2453; x_wconf 75' lang='grc' dir='ltr'><strong>διὰ</strong></span> <span class='ocrx_word' id='word_1_697' title='bbox 1875 2426 1928 2452; x_wconf 78' lang='grc' dir='ltr'><strong>τῶν</strong></span> 
     </span>
    </p>
   </div>
   <div class='ocr_carea' id='block_1_107' title="bbox 1144 2472 1930 2513">
    <p class='ocr_par' dir='ltr' id='par_1_107' title="bbox 1144 2472 1930 2513">
     <span class='ocr_line' id='line_1_107' title="bbox 1144 2472 1930 2513; baseline -0.009 -8"><span class='ocrx_word' id='word_1_698' title='bbox 1144 2477 1265 2513; x_wconf 86' lang='grc' dir='ltr'>σημείων</span> <span class='ocrx_word' id='word_1_699' title='bbox 1276 2475 1312 2504; x_wconf 81' lang='grc' dir='ltr'>ὦν</span> <span class='ocrx_word' id='word_1_700' title='bbox 1327 2475 1484 2508; x_wconf 79' lang='grc' dir='ltr'>ὑπεδείξατε</span> <span class='ocrx_word' id='word_1_701' title='bbox 1495 2475 1540 2502; x_wconf 85' lang='grc' dir='ltr'><strong>διὰ</strong></span> <span class='ocrx_word' id='word_1_702' title='bbox 1555 2475 1605 2510; x_wconf 81' lang='grc' dir='ltr'>τῆς</span> <span class='ocrx_word' id='word_1_703' title='bbox 1620 2475 1749 2506; x_wconf 84' lang='grc' dir='ltr'>πίστεως,</span> <span class='ocrx_word' id='word_1_704' title='bbox 1767 2473 1815 2500; x_wconf 87' lang='grc' dir='ltr'>νῦν</span> <span class='ocrx_word' id='word_1_705' title='bbox 1831 2472 1930 2507; x_wconf 76' lang='grc' dir='ltr'>ἀθρόον</span> 
     </span>
    </p>
   </div>
   <div class='ocr_carea' id='block_1_108' title="bbox 1143 2519 1930 2559">
    <p class='ocr_par' dir='ltr' id='par_1_108' title="bbox 1143 2519 1930 2559">
     <span class='ocr_line' id='line_1_108' title="bbox 1143 2519 1930 2559; baseline -0.009 -7"><span class='ocrx_word' id='word_1_706' title='bbox 1143 2524 1230 2556; x_wconf 80' lang='grc' dir='ltr'>οὕτως</span> <span class='ocrx_word' id='word_1_707' title='bbox 1245 2525 1285 2557; x_wconf 82' lang='grc' dir='ltr'>εἷς</span> <span class='ocrx_word' id='word_1_708' title='bbox 1306 2523 1442 2559; x_wconf 83' lang='grc' dir='ltr'>τοσαύτην</span> <span class='ocrx_word' id='word_1_709' title='bbox 1461 2522 1599 2549; x_wconf 82' lang='grc' dir='ltr'>εὐτέλειαν</span> <span class='ocrx_word' id='word_1_710' title='bbox 1619 2520 1817 2556; x_wconf 81' lang='grc' dir='ltr'>κατηνέχθητε,</span> <span class='ocrx_word' id='word_1_711' title='bbox 1831 2520 1869 2551; x_wconf 87' lang='grc' dir='ltr'>ὡς</span> <span class='ocrx_word' id='word_1_712' title='bbox 1890 2519 1930 2550; x_wconf 80' lang='grc' dir='ltr'><strong>εἰς</strong></span> 
     </span>
    </p>
   </div>
   <div class='ocr_carea' id='block_1_109' title="bbox 1144 2567 1729 2607">
    <p class='ocr_par' dir='ltr' id='par_1_109' title="bbox 1144 2567 1729 2607">
     <span class='ocr_line' id='line_1_109' title="bbox 1144 2567 1729 2607; baseline -0.003 -9"><span class='ocrx_word' id='word_1_713' title='bbox 1144 2571 1295 2607; x_wconf 83' lang='grc' dir='ltr'>περιτομὴν</span> <span class='ocrx_word' id='word_1_714' title='bbox 1309 2570 1356 2597; x_wconf 73' lang='grc' dir='ltr'>καὶ</span> <span class='ocrx_word' id='word_1_715' title='bbox 1371 2569 1500 2597; x_wconf 78' lang='grc' dir='ltr'>Σάὸὗατα</span> <span class='ocrx_word' id='word_1_716' title='bbox 1513 2567 1729 2604; x_wconf 83' lang='grc' dir='ltr'>κατασύρεσοαι.</span> 
     </span>
    </p>
   </div>
   <div class='ocr_carea' id='block_1_110' title="bbox 1183 2663 1933 2706">
    <p class='ocr_par' dir='ltr' id='par_1_110' title="bbox 1183 2663 1933 2706">
     <span class='ocr_line' id='line_1_110' title="bbox 1183 2663 1933 2706; baseline -0.012 -7"><span class='ocrx_word' id='word_1_717' title='bbox 1183 2681 1193 2698; x_wconf 80' lang='grc' dir='ltr'><strong>ι</strong></span> <span class='ocrx_word' id='word_1_718' title='bbox 1214 2670 1316 2705; x_wconf 75' lang='grc' dir='ltr'><strong>Λέγετέ</strong></span> <span class='ocrx_word' id='word_1_719' title='bbox 1339 2679 1404 2706; x_wconf 83' lang='grc' dir='ltr'>μοι,</span> <span class='ocrx_word' id='word_1_720' title='bbox 1419 2670 1443 2696; x_wconf 82' lang='grc' dir='ltr'>οἱ</span> <span class='ocrx_word' id='word_1_721' title='bbox 1469 2668 1522 2695; x_wconf 80' lang='grc' dir='ltr'><strong>ὑπὸ</strong></span> <span class='ocrx_word' id='word_1_722' title='bbox 1535 2667 1618 2703; x_wconf 82' lang='grc' dir='ltr'>νόμον</span> <span class='ocrx_word' id='word_1_723' title='bbox 1642 2666 1766 2698; x_wconf 74' lang='grc' dir='ltr'>θέλοντες</span> <span class='ocrx_word' id='word_1_724' title='bbox 1790 2663 1870 2696; x_wconf 80' lang='grc' dir='ltr'>εἶναι,</span> <span class='ocrx_word' id='word_1_725' title='bbox 1887 2664 1933 2690; x_wconf 77' lang='grc' dir='ltr'>τὸν</span> 
     </span>
    </p>
   </div>
   <div class='ocr_carea' id='block_1_111' title="bbox 1145 2709 1935 2753">
    <p class='ocr_par' dir='ltr' id='par_1_111' title="bbox 1145 2709 1935 2753">
     <span class='ocr_line' id='line_1_111' title="bbox 1145 2709 1935 2753; baseline -0.013 -8"><span class='ocrx_word' id='word_1_726' title='bbox 1145 2719 1226 2753; x_wconf 86' lang='grc' dir='ltr'>νόμον</span> <span class='ocrx_word' id='word_1_727' title='bbox 1246 2717 1296 2744; x_wconf 74' lang='grc' dir='ltr'><strong>οὐκ</strong></span> <span class='ocrx_word' id='word_1_728' title='bbox 1322 2715 1450 2748; x_wconf 55' lang='lat' dir='ltr'><strong>exausta;</strong></span> <span class='ocrx_word' id='word_1_729' title='bbox 1477 2714 1635 2750; x_wconf 77' lang='grc' dir='ltr'>Γέγραπται</span> <span class='ocrx_word' id='word_1_730' title='bbox 1661 2712 1727 2747; x_wconf 86' lang='grc' dir='ltr'>γὰρ,</span> <span class='ocrx_word' id='word_1_731' title='bbox 1745 2712 1788 2739; x_wconf 82' lang='grc' dir='ltr'>ὅτι</span> <span class='ocrx_word' id='word_1_732' title='bbox 1809 2709 1935 2746; x_wconf 70' lang='grc' dir='ltr'>Ἀϐραὰμ</span> 
     </span>
    </p>
   </div>
   <div class='ocr_carea' id='block_1_112' title="bbox 1144 2757 1935 2797">
    <p class='ocr_par' dir='ltr' id='par_1_112' title="bbox 1144 2757 1935 2797">
     <span class='ocr_line' id='line_1_112' title="bbox 1144 2757 1935 2797; baseline -0.011 -6"><span class='ocrx_word' id='word_1_733' title='bbox 1144 2764 1191 2791; x_wconf 75' lang='grc' dir='ltr'>δύο</span> <span class='ocrx_word' id='word_1_734' title='bbox 1206 2764 1280 2795; x_wconf 82' lang='grc' dir='ltr'>υἱοὺς</span> <span class='ocrx_word' id='word_1_735' title='bbox 1295 2762 1384 2797; x_wconf 81' lang='grc' dir='ltr'>ἔσχεν,</span> <span class='ocrx_word' id='word_1_736' title='bbox 1406 2761 1455 2788; x_wconf 71' lang='grc' dir='ltr'>ἕνα</span> <span class='ocrx_word' id='word_1_737' title='bbox 1476 2761 1507 2787; x_wconf 81' lang='grc' dir='ltr'>ὲκ</span> <span class='ocrx_word' id='word_1_738' title='bbox 1522 2761 1572 2795; x_wconf 82' lang='grc' dir='ltr'>τῆς</span> <span class='ocrx_word' id='word_1_739' title='bbox 1595 2759 1754 2794; x_wconf 81' lang='grc' dir='ltr'>παιδίσκης,</span> <span class='ocrx_word' id='word_1_740' title='bbox 1769 2758 1816 2785; x_wconf 78' lang='grc' dir='ltr'>καὶ</span> <span class='ocrx_word' id='word_1_741' title='bbox 1839 2758 1887 2783; x_wconf 82' lang='grc' dir='ltr'>ἕνα</span> <span class='ocrx_word' id='word_1_742' title='bbox 1902 2757 1935 2782; x_wconf 72' lang='grc' dir='ltr'>ὲκ</span> 
     </span>
    </p>
   </div>
   <div class='ocr_carea' id='block_1_113' title="bbox 1146 2801 1934 2845">
    <p class='ocr_par' dir='ltr' id='par_1_113' title="bbox 1146 2801 1934 2845">
     <span class='ocr_line' id='line_1_113' title="bbox 1146 2801 1934 2845; baseline -0.01 -9"><span class='ocrx_word' id='word_1_743' title='bbox 1146 2811 1194 2845; x_wconf 72' lang='grc' dir='ltr'>τῆς</span> <span class='ocrx_word' id='word_1_744' title='bbox 1210 2809 1364 2843; x_wconf 66' lang='grc' dir='ltr'>ἐλευθέρας.</span> <span class='ocrx_word' id='word_1_745' title='bbox 1386 2807 1456 2834; x_wconf 76' lang='grc' dir='ltr'>Ἀλλ’</span> <span class='ocrx_word' id='word_1_746' title='bbox 1472 2808 1486 2834; x_wconf 85' lang='grc' dir='ltr'>ὁ</span> <span class='ocrx_word' id='word_1_747' title='bbox 1513 2807 1562 2842; x_wconf 77' lang='grc' dir='ltr'><strong>μὲν</strong></span> <span class='ocrx_word' id='word_1_748' title='bbox 1578 2807 1609 2832; x_wconf 79' lang='grc' dir='ltr'>ἐκ</span> <span class='ocrx_word' id='word_1_749' title='bbox 1627 2806 1675 2841; x_wconf 81' lang='grc' dir='ltr'>τῆς</span> <span class='ocrx_word' id='word_1_750' title='bbox 1692 2805 1847 2839; x_wconf 67' lang='grc' dir='ltr'>παιδίσκης,</span> <span class='ocrx_word' id='word_1_751' title='bbox 1863 2801 1934 2829; x_wconf 79' lang='grc' dir='ltr'>κατὰ</span> 
     </span>
    </p>
   </div>
  </div>
