2077 3114
227 121 282 154 805

821 119 860 148 ΙΝ
879 118 997 149 EPIST.
1015 117 1064 146 ΑΙ)
1082 117 1258 148 GALATAS.

1796 117 1851 151 806

230 178 318 212 σάρκα
335 177 506 212 γεγέννηται,
523 177 537 203 6
550 175 579 202 δὲ
592 175 624 201 ἐκ
645 174 694 209 τῆς
710 172 868 208 ἐλευθέρας,
883 173 916 199 δι’
931 174 1018 206 ἐπαγ-

1070 173 1190 200 eundum
1207 181 1317 201 carnem
1342 177 1422 201 natus
1445 178 1504 207 est;
1521 173 1568 210 qui
1588 177 1678 202 autem
1696 172 1730 201 de
1752 172 1849 207 libera,

230 223 331 256 γελίας.
350 232 359 248 ι

271 268 384 303 Ἐπειδὴ
399 267 502 301 ἔλεγεν,
527 266 570 292 ὄτι
586 266 603 301 ή
622 265 713 296 πίστις
736 264 808 300 ὑμᾶς
832 262 964 290 συνάπτει
979 261 1018 297 τῷ

237 313 373 349 Ἁϐραάμ,
397 312 446 340 καὶ
459 312 546 338 ὲδόκει
558 312 616 342 τοῖς
636 309 781 337 ἁκούουσιν
804 308 935 336 ἀπίθανον
948 305 1018 335 εἶναι

230 360 270 392 εἰς
282 359 345 391 τοὺς
361 358 398 395 μὴ
419 357 607 392 γεννωμένους
625 355 655 388 ἐξ
674 355 790 387 ἐκείνου,
809 354 921 385 τούτους
944 352 1018 384 υἱούς

231 412 314 439 φησιν
328 401 520 433 εἷναιέκείνου,
532 401 669 428 δείκνυσιν
679 401 721 427 ὅτι
735 400 765 426 τὸ
779 398 930 435 παράδοξον
940 398 1018 425 τοῦτο

232 447 334 474 ἄνωθεν
345 446 467 481 γέγονεν.
488 446 517 472 ’0
530 445 584 481 γὰρ
605 444 698 471 Ἰσαὰκ
710 444 741 470 οὐ
756 443 828 470 κατὰ
839 442 947 478 φύσεως
955 441 1019 468 ἀκο-

232 495 351 529 λουθίαν,
366 494 427 521 οὐδὲ
441 493 513 521 κατὰ
529 494 620 529 γάμου
642 493 735 528 νόμον,
753 491 813 518 οὐδὲ
828 490 901 518 κατὰ
918 489 1018 527 σαρκὸς

231 540 345 576 δύναμιν
358 538 538 574 γεννώμενος,
555 538 603 565 καὶ
617 537 676 570 υίὸς
686 557 695 571 ,
710 537 759 564 καὶ
775 537 886 571 γνήσιος
902 533 947 571 ἦν,
963 533 1018 561 ἀπὺ

231 586 336 621 νεκρῶν
360 585 495 621 σωμάτων
522 584 605 619 φῦναι
620 583 788 614 κελευσθείς.
802 582 849 617 Μὴ
871 580 1018 617 Θορυϐείτω

231 631 319 658 τοίνυν
336 631 420 667 ὑμᾶς,
438 630 517 666 φησὶ,
528 629 560 656 τὸ
575 628 612 664 μὴ
628 628 699 656 κατὰ
714 628 803 663 σάρκα
828 625 1017 662 γεγεννῆσθαι.

231 676 280 703 Διὰ
294 675 348 711 γὰρ
358 674 438 702 τοῦτο
454 674 572 710 μάλιστα
587 673 727 708 συγγενεῖς
738 671 817 707 ὑμεῖς
827 670 920 702 αὐτοῦ,
936 671 976 697 ὅτι
987 670 1017 696 οὐ

236 721 306 749 κατὰ
319 720 411 756 σάρκα
438 718 612 756 ὲγεννήθητε.
630 718 668 744 οὐ
681 717 734 752 γὰρ
749 716 929 752 τιμιωτέρους
940 715 1018 742 τοῦτο

232 767 262 793 τὸ
285 765 357 793 κατὰ
378 765 477 800 σάρκα,
506 764 576 790 ἀλλὰ
591 763 639 790 καὶ
661 761 847 799 ἀτιμωτέρους
861 761 1016 797 ἐργάζεται.

233 811 458 847 (θαυμαστότερος
472 810 527 845 γὰρ
540 810 554 835 ὁ
567 809 657 841 τόκος,
677 809 691 835 6
711 808 749 844 μὴ
770 807 840 834 κατὰ
856 807 955 842 σάρκα,
971 806 1018 833 καὶ

233 856 500 892 πνευματικώτερος.
517 855 572 881 Καὶ
582 854 660 889 δῆλον
675 854 707 881 ὲκ
723 853 778 881 τῶν
790 853 894 881 ἄνωθεν
906 853 1017 888 τεχθέν-

232 911 297 929 των.
316 901 427 937 Ἐτέχθη
453 901 524 928 κατὰ
540 901 631 936 σάρκα
648 900 662 926 6
687 899 812 935 ’1σμαὴλ,
839 898 908 926 ἀλλὰ
926 898 1019 930 δούλος

231 946 276 983 ἦν,
296 947 343 974 καὶ
366 947 396 973 οὺ
413 946 492 973 τοῦτο
512 946 602 982 μόνον,
622 945 690 972 ἀλλὰ.
712 946 761 972 καὶ
787 944 945 977 ὲξεὸάλλετο
970 944 1019 979 τῆς

234 992 364 1028 πατρῴας
391 992 490 1023 οἰκίας.
522 991 551 1018 '0
577 991 607 1018 δὲ
632 991 692 1018 κατ’
721 989 887 1024 ἐπαγγελίαν
913 989 1020 1024 τεχθεὶς

239 1038 343 1071 Ἰσαὰκ,
361 1037 409 1065 άτε
426 1037 484 1069 υίὸς
497 1036 534 1064 ὢν
554 1036 666 1073 γνήσιος
686 1036 733 1063 καὶ
755 1035 909 1072 ἐλεύθερος,
926 1034 1019 1070 κύριος

233 1083 361 1110 ἁπάντων
373 1081 418 1119 ἦν.

271 1223 281 1240 ι
299 1212 398 1240 ’Λτινά
409 1212 482 1240 ἐστιν
496 1210 729 1247 ἀλληγορούμενα.
750 1219 760 1236 ι

274 1259 307 1285 'H
321 1258 371 1293 μὲν
382 1257 487 1292 ἱστορία
500 1257 580 1292 αὑτὴ,
594 1256 686 1291 φησὶν,
702 1255 731 1282 οὑ
744 1255 823 1282 τοῦτο
837 1255 865 1282 δὲ
876 1255 955 1290 μόνον
965 1263 1020 1282 πα-

235 1303 347 1339 ραδηλοῖ
360 1303 428 1338 ὅπερ
437 1302 572 1337 φαίνεται,
587 1301 656 1328 ἀλλὰ
668 1301 716 1328 καὶ
732 1300 799 1328 ἄλλα
808 1300 870 1327 τινὰ
881 1300 1018 1336 ἀγορεύειο

234 1349 274 1376 διὸ
289 1349 336 1375 καὶ
349 1348 500 1384 ἀλληγορία
515 1347 649 1374 καλεῖται.

272 1404 280 1421 ι
299 1392 384 1422 Αὗται
401 1393 456 1429 γάρ
472 1394 525 1419 εἰσι
537 1393 585 1419 δύο
596 1391 734 1427 διαθῆκαι.
751 1401 761 1418 ι

269 1440 301 1467 οι
313 1439 360 1466 δύο
372 1439 459 1474 νόμοι,
471 1439 485 1465 6
502 1437 614 1473 νομικὸς
628 1437 676 1464 καὶ
694 1438 708 1464 6
722 1437 911 1472 εὐαγγελικός.

1070 225 1118 252 per
1133 219 1383 254 repromissiouem.
1400 228 1409 245 ι

1100 262 1234 295 Quoniam
1251 263 1339 291 dixit:
1366 263 1432 290 ﬁdes
1450 270 1498 290 vos
1518 263 1662 299 coniungit
1681 262 1850 293 Abrahamo,

1069 313 1150 343 atque
1167 308 1328 336 incredibile
1351 308 1523 337 auditoribus
1538 308 1693 342 videbatur,
1712 313 1742 335 ιιι
1752 307 1798 342 qui
1817 315 1852 335 ex

1069 353 1115 387 illo
1130 353 1243 381 minime
1259 354 1384 389 prognati
1404 358 1507 387 essent,
1520 354 1568 382 ﬁlii
1582 358 1673 382 tamen
1687 354 1776 389 ipsius
1791 361 1854 381 esse

1068 400 1234 432 dicerentur,
1245 400 1367 429 ostendit
1393 400 1561 435 paradoxum
1584 400 1658 428 istud
1682 400 1852 435 fjampridem

1068 445 1202 473 evenisse.
1215 445 1282 472 Nam
1295 445 1379 478 Isaac,
1396 446 1442 480 qui
1454 452 1508 472 non
1523 445 1618 472 ordine
1633 450 1748 478 naturae,
1766 452 1854 481 neque

1068 493 1146 520 solita
1155 492 1212 528 lege
1220 492 1418 527 coniugiorum,
1428 499 1516 527 neque
1526 491 1676 520 secundum
1685 491 1775 519 carnis
1781 491 1854 518 vires

1068 542 1149 566 natus
1162 538 1222 571 l‘uit,
1231 541 1258 566 et
1268 538 1348 571 ﬁlius,
1362 542 1388 565 et
1398 544 1543 573 germanus
1557 541 1695 570 erat,Cum
1707 543 1740 563 ex
1753 543 1853 570 corpo-

1068 584 1146 612 ribus
1155 583 1286 612 emortuis
1294 583 1470 618 uascijussus
1477 586 1560 611 esset.
1570 581 1664 618 Neque
1672 581 1723 609 hoc
1734 589 1782 609 vos
1791 589 1855 609 con-

1068 629 1169 660 turbet.
1185 629 1285 664 inquit,
1300 628 1506 664 quisecundum
1519 636 1628 656 carnem
1644 628 1701 655 nati
1715 635 1768 656 non
1775 628 1853 655 estis.

1067 673 1134 702 Nam
1150 674 1201 702 hoc
1213 674 1301 708 ipsum
1315 681 1362 701 vos
1376 680 1456 709 quam
1469 672 1585 700 maxime
1599 672 1766 707 propinquos
1783 671 1856 698 illius

1069 721 1143 753 facit,
1153 721 1225 756 quod
1239 720 1388 748 secundum
1402 727 1513 747 carnem
1528 727 1583 747 non
1599 720 1666 747 estis
1679 719 1746 747 nati.
1760 718 1854 745 Enim-

1068 774 1133 794 vero
1145 765 1294 794 secundum
1313 772 1424 793 carnem
1439 772 1500 793 esse
1514 768 1617 798 natum,
1628 764 1680 791 hoe
1700 770 1754 790 non
1765 762 1854 791 solum

1071 811 1150 846 17o
1165 817 1218 838 non
1245 810 1333 838 reddit
1363 809 1574 841 honoratiores,
1593 815 1688 837 verum
1714 812 1741 835 et
1763 807 1854 834 minus

1069 856 1241 885 honorabiles
1252 855 1437 883 facit.Partus
1452 855 1553 890 quippe
1570 854 1682 881 minime
1695 852 1814 880 carnalis
1826 856 1854 879 et

1069 901 1262 936 spiritualioris
1272 900 1392 935 generis,
1401 899 1480 934 longe
1493 898 1645 926 mirabilior
1653 896 1784 930 est.Quod
1794 903 1854 932 per-

1070 947 1195 982 spicuum
1210 946 1238 973 ﬁt
1251 953 1283 973 ex
1298 945 1331 973 iis
1346 945 1391 980 qui
1406 944 1463 980 jam
1473 944 1538 972 olim
1554 944 1611 971 nali
1621 947 1696 971 sunt.
1709 942 1798 970 Natus
1813 946 1856 970 est

1069 991 1167 1020 lsmael
1181 990 1333 1019 secundum
1349 997 1472 1023 carnem,
1491 989 1539 1017 sed
1561 997 1656 1019 servus
1673 988 1743 1022 fuit;
1758 995 1807 1016 nec
1828 987 1854 1014 id

1069 1040 1171 1074 solum,
1187 1047 1282 1069 verum
1299 1043 1326 1067 et
1341 1043 1456 1067 exactus
1477 1041 1521 1066 est
1537 1045 1571 1065 ex
1594 1037 1717 1073 paternis
1738 1035 1853 1064 aedibus.

1071 1085 1122 1119 Qui
1137 1093 1203 1114 vero
1225 1085 1377 1114 secundum
1400 1084 1654 1120 repromissioneml
1678 1083 1756 1111 Isaae
1773 1081 1854 1109 nimi<

1070 1138 1143 1164 rum,
1166 1131 1211 1159 hic
1235 1135 1368 1166 tanquam
1389 1130 1527 1166 genuinus
1545 1129 1619 1158 ﬁlius
1639 1135 1671 1156 ac
1698 1128 1778 1160 liber,
1797 1134 1854 1154 οηια

1070 1179 1146 1205 nium
1158 1178 1286 1205 dominus
1304 1177 1367 1204 fuit.

1105 1221 1248 1250 Vsnsﬂ‘.
1270 1231 1279 1248 ι
1299 1221 1365 1255 Qua:
1380 1226 1445 1249 sunt
1463 1229 1511 1257 per
1524 1220 1681 1256 allegoriam
1700 1220 1783 1248 dicta.
1807 1229 1817 1246 ι

1103 1268 1163 1302 Ipsa
1177 1267 1288 1303 quidem
1309 1267 1438 1300 historia,
1460 1267 1561 1303 inquit,
1593 1274 1646 1294 non
1674 1266 1740 1293 illud
1765 1266 1853 1293 solum

1070 1313 1143 1349 quod
1159 1317 1273 1348 apparet
1291 1313 1426 1345 enuntiat,
1441 1319 1534 1339 verum
1551 1316 1578 1339 et
1589 1312 1641 1338 alia
1653 1311 1778 1346 quaedam
1794 1318 1854 1345 pro-

1071 1359 1203 1394 loquitur.
1224 1357 1302 1386 Unde
1316 1359 1398 1385 etiam
1417 1357 1546 1393 allegoria
1559 1357 1670 1385 dicitur.

1103 1413 1112 1429 ι
1128 1403 1189 1432 Haec
1207 1403 1279 1431 enim
1297 1402 1429 1430 suntduo
1438 1406 1613 1430 testamenta.
1633 1411 1643 1427 ι

1103 1448 1168 1475 Duae
1179 1448 1273 1484 utique
1284 1447 1367 1482 leges,
1382 1447 1477 1483 legalis
1492 1450 1519 1475 et
1528 1447 1694 1482 evangelica.

271 1493 281 1510 ι
298 1483 355 1511 Μία
376 1483 426 1518 μὲν
442 1482 496 1509 ἀπὸ
508 1483 587 1519 ὅρους
600 1482 674 1515 Σινᾶ,
691 1483 731 1514 εἰς
747 1482 870 1509 δουλείαν
885 1483 1018 1516 γεννῶσα,

1110 1502 1120 1520 ι
1139 1482 1236 1522 υηυηι
1252 1493 1364 1530 quidem
1381 1500 1396 1520 a
1414 1482 1517 1520 rmonte
1545 1489 1622 1524 Sina,
1647 1492 1675 1518 in
1695 1491 1855 1518 servitutem

224 1531 295 1566 »ἣτις
324 1529 402 1556 ἐστὶν
418 1528 519 1563 Ἀγαρ.
535 1528 573 1555 Τὸ
587 1527 642 1563 γὰρ
652 1527 717 1555 Σινᾶ
731 1527 794 1563 ὅρος
809 1528 880 1555 ἐστὶν
891 1527 920 1555 ὲν
941 1528 1021 1565 Ἀρα-

233 1575 291 1602 ὕία.
310 1584 320 1601 ι

271 1621 362 1656 Ἅγαρ
384 1620 494 1655 ἐλέγετο
515 1621 533 1655 ή
556 1619 648 1655 δούλη.
672 1618 709 1646 Τὸ
719 1619 747 1646 δὲ
770 1619 835 1646 Σινᾶ
857 1619 930 1654 ὅρος,
950 1618 1020 1646 οὕτω

234 1667 469 1703 μεθερμηνεύεται
487 1667 521 1702 τῇ
549 1666 690 1702 ἐπιχωρίῳ
700 1665 790 1693 αὐτῶν
800 1664 948 1702 διαλέκτῳ·
965 1665 1021 1693 ὤσ-

233 1721 263 1740 τε
279 1713 342 1745 τοὺς
357 1713 389 1739 ἐκ
403 1712 454 1748 τῆς
465 1711 583 1744 παλαιᾶς
593 1710 781 1746 τικτομένους,
793 1710 898 1742 πάντας
913 1711 1020 1746 ἀνάγκη

232 1759 344 1790 δούλους
359 1755 440 1786 ιῐναι.

272 1811 282 1829 ε
301 1803 443 1838 Συστοιχεῖ
454 1802 483 1829 δὲ
503 1803 536 1838 τῇ
557 1801 605 1829 νῦν
625 1800 821 1837 Ἰερουσαλήμ·
847 1801 968 1828 δουλεύει
991 1802 1020 1829 δὲ

229 1849 306 1884 ,μετὰ
319 1849 375 1876 τῶν
388 1849 490 1875 τέκνων
506 1848 604 1882 αὐτῆς.
622 1856 632 1873 ι

270 1895 309 1922 οὐ
322 1895 413 1930 μόνον,
429 1895 512 1930 φησὶν
523 1915 530 1927 ,
549 1895 643 1931 ἐκείνη
660 1894 741 1930 δούλη
757 1892 803 1930 ἦν,
815 1893 883 1921 ἀλλὰ
898 1894 945 1921 καὶ
960 1893 1021 1921 δούέ

234 1941 297 1972 λους
309 1940 412 1967 ἔτεκεν.
433 1939 513 1967 Ἀλλὰ
522 1940 568 1966 καὶ
582 1940 652 1975 αὑτὴ
663 1941 680 1976 ή
694 1940 820 1976 διαθήκη,
834 1940 973 1967 τουτέστιν
986 1938 1021 1976 ἧς

232 1986 318 2017 τύπος
342 1986 360 2021 ή
374 1985 465 2021 δούλη.
482 1985 536 2012 Καὶ
556 1985 609 2021 γὰρ
637 1984 816 2021 Ἰερουσαλὴμ
837 1986 869 2012 lx
890 1985 1020 2020 γειτόνων

233 2031 321 2058 κεῖται
335 2031 375 2067 τῷ
393 2031 451 2067 ὄρει
476 2030 515 2067 τῷ
529 2030 668 2066 ὁμωνύμῳ
682 2031 715 2066 τῇ
731 2030 811 2066 δούλῃ
821 2038 828 2046 ·
847 2029 877 2058 ιν
889 2030 976 2066 τούτῳ
990 2031 1020 2058 δὲ

232 2077 272 2113 τῷ
286 2077 344 2113 ὄρει
359 2077 407 2104 καὶ
420 2078 437 2113 ή
454 2077 571 2112 διαθήκη
583 2076 700 2104 δέδοται.

270 2132 281 2149 ε
308 2122 342 2150 Ἦ
359 2123 456 2151 δὲᾶνω
480 2122 658 2158 Ἰερουσαλὴμ
683 2123 814 2159 ἐλευθέρα
841 2123 925 2156 ἐστὶν,
959 2124 1019 2159 ἥτις

1072 1546 1218 1575 generans,
1244 1546 1305 1574 quae
1322 1543 1365 1568 est
1387 1538 1471 1573 Agar.
1488 1536 1587 1575 (Vens.
1610 1536 1669 1573 25.]
1693 1535 1760 1564 Sina
1781 1536 1855 1564 enim

1071 1593 1150 1613 mons
1163 1590 1206 1613 est
1219 1584 1247 1612 in
1265 1584 1378 1612 Arabia.
1399 1593 1409 1611 ι

1100 1629 1172 1664 Agar
1198 1629 1300 1657 ancilla
1322 1628 1475 1657 dicebatur.
1503 1627 1581 1656 Mons
1601 1634 1667 1656 vero
1691 1626 1758 1654 Sina
1781 1625 1854 1654 i-lem

1071 1678 1151 1704 sonat
1166 1674 1241 1702 illius
1258 1674 1347 1709 gentis
1368 1673 1478 1709 lingua:
1499 1673 1572 1705 unde
1596 1680 1691 1701 omnes
1706 1672 1754 1707 qui
1768 1679 1801 1699 ex
1816 1676 1854 1698 te.

1071 1724 1209 1748 stamento
1222 1719 1305 1747 veteri
1317 1720 1375 1747 nati
1392 1725 1466 1754 sunt,
1481 1727 1543 1749 esse
1553 1726 1648 1748 servos
1662 1722 1781 1753 oportet.

1105 1818 1114 1835 ι
1130 1807 1302 1843 Coniunctus
1314 1810 1408 1835 autem
1423 1811 1465 1835 est
1484 1806 1509 1834 ei
1528 1813 1590 1842 quae
1615 1812 1689 1833 nlIIIC
1711 1809 1756 1833 est
1776 1804 1855 1832 Jeru-

1070 1854 1166 1887 salem,
1180 1858 1207 1882 et
1220 1853 1306 1881 servit
1317 1859 1380 1880 cum
1395 1851 1458 1879 ﬁliis
1475 1851 1544 1879 suis.
1561 1860 1571 1877 ι

1104 1899 1163 1928 Νοη
1185 1899 1267 1927 modo
1288 1899 1345 1926 haec
1361 1905 1440 1926 serva
1461 1900 1517 1929 est,
1531 1896 1631 1932 inquit,
1650 1895 1696 1923 sed
1712 1900 1739 1923 et
1758 1902 1855 1923 servos

1070 1947 1157 1984 gignit
1172 1955 1179 1980 ;
1198 1946 1254 1974 imo
1268 1949 1295 1973 et
1305 1948 1499 1973 testamentum
1518 1943 1621 1978 ipsum,
1640 1942 1706 1970 illud
1721 1942 1853 1968 nimirqu

1070 1994 1150 2028 cujus
1163 1993 1249 2028 ﬁgura
1263 1990 1363 2018 ancilla
1374 1993 1427 2018 est.
1446 1988 1512 2016 Nam
1538 1987 1692 2018 Jerusalem
1709 1987 1798 2014 alliuis
1811 1991 1853 2014 est

1070 2038 1156 2066 monti
1177 2037 1222 2073 qui
1248 2035 1357 2064 ancillae
1381 2033 1554 2070 cognominis
1570 2035 1622 2060 est.
1645 2032 1726 2068 Atqui
1747 2033 1773 2060 in
1802 2032 1854 2058 hoc

1069 2090 1161 2113 monte
1171 2083 1266 2111 datum
1287 2084 1478 2110 testamentum
1493 2087 1601 2115 quoque
1614 2079 1677 2107 fuit.

1103 2130 1187 2157 Vens.
1200 2127 1246 2160 26,
1262 2127 1307 2154 27.
1323 2135 1332 2152 ι
1351 2125 1417 2159 Quae
1441 2128 1531 2152 autem
1549 2131 1658 2152 sursum
1679 2127 1721 2150 est
1739 2121 1852 2150 Jerusa-

231 2169 292 2195 ὲστὶ
303 2168 394 2205 μήτηρ
409 2168 518 2195 πάντων
535 2168 622 2203 ήμῶν.
636 2168 794 2206 Γέγραπται
804 2169 858 2205 γάρ
868 2176 875 2184 ⁸
891 2169 1017 2204 Εὐφράν-

1070 2174 1133 2207 lem,
1150 2173 1236 2200 libera
1251 2175 1304 2203 est,
1320 2177 1382 2206 quae
1403 2173 1445 2197 est
1460 2173 1547 2196 mater
1565 2167 1689 2195 omnium
1715 2171 1850 2194 nostrum.

233 2214 295 2250 οητι
305 2234 313 2248 ,
336 2216 429 2251 στεῖρα
441 2235 448 2248 ,
468 2215 485 2250 ή
507 2214 537 2240 οὐ
561 2214 689 2242 τίκτουσα
701 2222 707 2229 ·
725 2215 806 2251 ῥῆξον
820 2216 867 2242 καὶ
881 2215 988 2251 βόησον,
1002 2217 1020 2251 ή

231 2260 284 2287 οὐκ
301 2260 448 2288 ὠδίνουσα.
469 2270 477 2286 ι

266 2307 323 2342 Τῆς
334 2307 384 2342 μὲν
403 2306 581 2343 Ἰερουσαλὴμ
606 2300 656 2343 τῆς
671 2306 748 2334 κάτω
762 2307 848 2339 τύπος
867 2308 884 2342 ἡ
911 2309 1017 2343 ’Δγαρ-

231 2353 278 2378 καὶ
289 2353 368 2388 δῆλον
383 2353 416 2379 ὲκ
429 2353 476 2380 τοῦ
488 2353 569 2389 ὅρους
582 2353 630 2380 τοῦ
641 2353 712 2380 οὕτω
725 2353 893 2388 καλουμένου
904 2361 911 2369 ·
927 2353 977 2390 τῆς
991 2354 1019 2381 δὲ

231 2398 287 2424 ἂνω
301 2399 317 2434 ἡ
334 2399 438 2434 Σάῤῥα.
460 2399 570 2426 ’Δνωδὲ
591 2398 770 2435 Ἰερουσαλὴμ
794 2398 878 2434 καλή*
891 2400 936 2426 καὶ
949 2399 1018 2434 αὕτη

230 2443 285 2477 γὰρ
299 2440 332 2478 ἦν
349 2444 433 2471 πάλαι
448 2445 552 2479 στεῖρα,
568 2443 663 2480 ὥσπερ
687 2443 763 2480 καὶὴ
781 2443 883 2479 Σάρρα.
905 2443 967 2470 ’Ότι
990 2445 1018 2471 δὲ

232 2487 297 2522 περὶ
308 2487 358 2522 τῆς
377 2488 539 2524 Ἐκκλησίας
551 2489 565 2515 6
576 2489 665 2524 λόγος,
681 2489 783 2516 καὶτὸν
797 2489 940 2525 προφήτην
948 2498 1018 2526 παρ-

232 2532 337 2567 ήγαγεν
347 2533 471 2569 μάρτυρα
488 2534 601 2568 λέγοντα
608 2543 615 2550 ·
629 2534 828 2569 Εὐφράνθητι,
840 2534 943 2570 στεῷα
953 2535 971 2569 ἠ
981 2536 1017 2563 οὐ

231 2578 384 2606 τίκτουσα.

248 2711 253 2717 1
268 2666 353 2740 «ἑίέτι
370 2666 456 2694 πολλὰ
468 2668 501 2695 τὰ
516 2668 598 2697 τέκνα
614 2669 664 2705 τῆς
678 2669 794 2705 ἐρήμου,
807 2669 824 2706 ἢ
837 2670 885 2707 τῆς
900 2670 1014 2707 ἐχούσης

248 2720 273 2739 ον
301 2722 315 2738 ν
332 2721 376 2740 aa.
399 2722 408 2739 ι

230 2719 273 2739 τον
283 2719 376 2749 ανορα.
399 2722 408 2739 ι

271 2802 292 2818 ³⁵
305 2801 354 2830 Isa.
370 2811 426 2835 LIV,
445 2803 470 2830 Ι.

1070 2218 1209 2252 Scriptum
1221 2219 1264 2244 est
1275 2215 1369 2243 enim:
1391 2213 1507 2246 Laetare,
1525 2211 1628 2240 sterilis
1642 2218 1703 2250 qua:
1731 2217 1785 2238 nou
1803 2217 1851 2245 pa-

1069 2264 1116 2295 ris,
1135 2270 1247 2297 erumpe
1260 2266 1286 2289 et
1300 2261 1401 2294 clama,
1416 2266 1478 2295 quae
1491 2266 1546 2286 non
1559 2257 1693 2295 parturis.
1712 2265 1722 2283 ι

1102 2309 1245 2338 Inferioris
1273 2307 1381 2344 quidem
1412 2305 1488 2337 illius
1510 2304 1666 2332 Jerusalem
1696 2303 1782 2339 ﬁgura
1810 2305 1854 2329 est
1909 2318 1915 2322 -

1069 2357 1158 2392 Agar;
1176 2354 1259 2390 idque
1278 2352 1453 2383 manifestum
1469 2356 1511 2379 est
1532 2358 1564 2378 ex
1582 2349 1708 2385 ejusdem
1731 2348 1852 2376 nominis

1069 2405 1163 2429 monte
1183 2400 1271 2429 :Sara
1295 2405 1360 2426 vero
1382 2396 1546 2433 superioris.
1571 2395 1653 2432 Atqui
1670 2401 1790 2429 superna
1806 2393 1851 2420 illa

1065 2445 1219 2475 Jerusalem
1238 2451 1340 2480 sponsa
1358 2446 1411 2474 est.
1432 2442 1499 2469 Nam
1518 2446 1542 2468 el
1560 2441 1619 2475 ipsa
1638 2437 1776 2475 quondam
1794 2442 1850 2465 ste-

1065 2493 1125 2520 rilis
1137 2495 1206 2524 erat,
1222 2488 1454 2526 quemadmodum
1470 2491 1497 2514 et
1513 2486 1592 2514 Sara.
1611 2484 1689 2518 Quod
1707 2489 1796 2511 autem
1818 2483 1852 2510 de

1064 2537 1191 2565 Ecclesia
1223 2535 1250 2563 id
1279 2534 1383 2562 dictum
1407 2531 1500 2563 fuerit,
1527 2530 1668 2566 prophetae
1693 2528 1852 2556 testimonio

1069 2582 1240 2618 comprobat,
1262 2580 1308 2608 ubi
1331 2585 1428 2614 nempe
1456 2577 1498 2606 sic
1513 2576 1559 2604 ille
1580 2576 1718 2610 loquitur:
1734 2573 1849 2606 Laetare,

1068 2628 1167 2656 sterilis
1178 2635 1236 2657 qua
1255 2634 1306 2653 nan
1322 2624 1396 2660 pari:
1414 2623 1446 2652 ".

1095 2682 1105 2698 ε
1126 2673 1194 2706 Quia
1212 2672 1290 2700 multi
1306 2670 1353 2698 ﬁlii
1373 2671 1501 2703 desertae,
1515 2668 1605 2704 magis
1620 2675 1702 2704 quam
1715 2666 1776 2703 ejus
1788 2672 1851 2702 qua

1069 2719 1149 2747 habet
1166 2717 1264 2746 \lrum.
1284 2727 1294 2743 ι
