2077 3114
228 122 280 154 807

229 223 293 250 dam
307 223 333 249 in
350 221 498 249 solitudine
511 223 539 246 et
560 218 718 253 ignorantia
740 217 787 244 Dei
802 217 900 252 egerit.
917 216 954 242 Ea
968 224 1016 243 au—

230 273 283 295 tem
305 273 366 300 qua:
380 266 468 293 virum
484 264 591 296 habuit,
614 263 758 298 Synagoga
777 268 831 296 est,
853 262 954 297 quippe
973 262 1016 289 cui

230 315 292 341 data
310 314 351 340 lex
374 311 474 338 fuerat.
499 309 687 336 Nihilominus
714 309 794 343 longe
818 309 911 343 plures
941 308 1019 335 fuere

230 360 277 386 filii
291 358 392 386 sterilis
405 366 413 390 ;
429 360 523 391 utpote
533 355 606 390 quod
623 362 684 390 qua:
696 354 816 381 habebat
824 354 923 385 virum,
935 360 1017 380 unam

230 405 363 432 duntaxat
383 406 490 438 gentem
513 401 629 437 genuit:
652 400 758 428 sterilis
775 407 842 427 vero
874 400 1019 426 universas

230 454 326 485 gentes
339 448 435 476 edidit.

261 496 403 525 Vens.9.8.
423 505 432 522 ι
452 495 508 523 Nos
523 499 626 528 autem,
646 494 757 526 fratres,
776 493 928 521 secundum
942 491 1020 519 Isaac

231 542 424 579 promissionis
435 541 484 568 ﬁlii
500 547 607 567 sumus.
631 549 641 565 ι

260 589 320 617 Non
337 588 418 615 ntodo
433 587 563 621 quoniam
581 584 686 612 sterilis
697 588 755 611 erat
772 583 909 615 Ecclesia,
926 590 1022 617 quem-

232 633 379 660 admodum
406 632 495 664 Sara;
522 637 625 657 verum—
637 634 674 661 et,
698 629 770 656 sicut
798 629 869 655 illatn
896 635 949 655 non
971 635 1022 654 na-

232 685 305 711 tura,
319 677 368 705 sed
391 675 542 711 promissio
567 675 613 702 Dei
629 673 775 701 fecundam
794 673 929 706 reddidit;
943 673 979 699 ita
996 677 1023 700 et

231 724 258 750 in
275 723 360 750 altera
374 725 470 749 nostra
490 720 681 755 generatione,
697 722 796 746 natura
810 719 898 751 nulla,
916 718 962 745 sed
975 717 1022 745 Dei

231 769 324 800 verba.
345 775 407 803 qua:
437 769 541 794 norunt
567 765 672 796 fideles,
695 765 722 791 in
745 771 880 799 aquarum
907 764 1022 798 piscina,

823 117 853 147 S.
872 117 1032 148 JOANNIS
1052 117 1267 148 DAMASCENI

263 176 401 204 Desertam
421 178 503 203 vocat
532 172 680 200 Erclesiam
702 170 835 207 gentium,
856 179 917 206 quze
931 180 1019 206 quon-
1034 176 1058 205 Α

1808 119 1863 151 803

1109 174 1249 207 'Epmtor,
1276 173 1324 208 τὴν
1350 172 1378 206 ἐξ
1397 171 1481 199 ἐθνῶν
1503 171 1668 207 Ἐκκλησίαν
1699 171 1784 206 λέγει,
1811 174 1860 207 τὴν

1067 218 1151 244 πάλαι
1170 218 1200 244 ὲν
1211 217 1315 254 ἐρημία
1334 218 1381 245 καὶ
1402 217 1522 252 ἀγνωσία
1534 217 1709 252 ὑπάρχουσαν
1723 217 1769 244 τοῦ
1781 217 1859 245 Θεοῦ.

1070 264 1204 298 Ἔχουσαν
1218 263 1246 290 δὲ
1263 264 1308 290 τὸν
1319 264 1413 299 ἄνδρα,
1432 263 1481 298 τὴν
1494 262 1668 298 συναγωγὴν,
1688 262 1733 289 διὰ
1747 264 1777 289 τὸ
1788 263 1861 290 δεδό-

1069 310 1131 336 σθαι
1147 310 1216 345 αὐτῇ
1228 309 1274 336 τὸν
1289 310 1381 344 νόμον.
1403 309 1475 336 Ἀλλ’
1488 309 1562 344 ὅμως
1575 308 1748 336 πολυπλάσια
1765 308 1860 342 γέγονε

1068 357 1117 391 τῆς
1136 356 1244 391 στείρας
1260 355 1294 382 τὰ
1307 356 1389 382 τέκνα
1401 364 1408 370 ·
1424 355 1491 382 καθὸ
1505 356 1522 391 ἡ
1533 355 1584 390 μὲν
1595 354 1695 390 ἔχουσα
1707 354 1751 380 τὸν
1765 354 1860 390 ἄνδρα,

1070 402 1098 428 ἓν
1110 403 1190 437 μόνον
1203 402 1296 429 ἔτεκεν
1309 401 1394 434 ἔθνος,
1408 403 1424 437 ἡ
1437 402 1465 429 δὲ
1481 403 1583 436 στεῖρα,
1601 401 1690 428 πάντα
1706 400 1817 436 ἐποίησε
1827 401 1861 428 τὰ

1070 448 1144 484 ἔθνη.

1109 504 1118 520 ι
1141 496 1236 530 Ἡμεῖς
1262 495 1301 528 δὲ,
1328 495 1449 530 ἀδελφοὶ,
1478 495 1550 522 κατὰ
1571 495 1665 521 Ἰσαὰκ
1693 494 1862 529 ἐπαγγελίας

1071 541 1153 568 τέκνα
1167 541 1260 574 ἐσμέν.
1283 551 1292 567 ι

1107 587 1145 614 Οὐ
1161 586 1216 622 γὰρ
1233 587 1312 623 μόνον
1334 587 1375 614 ὅτι
1400 588 1494 622 στεῖρα
1513 587 1530 622 ἡ
1550 586 1719 622 Ἐκκλησία,
1734 585 1830 621 ὥσπερ
1845 587 1861 621 ή

1073 633 1176 669 Σὰρῤα,
1196 633 1263 660 ἀλλὰ
1278 633 1403 669 καθάπερ
1423 633 1515 669 ἐκείνῃ
1533 633 1582 668 οὐχ
1607 634 1624 669 ή
1650 633 1740 667 φύσις.
1758 632 1826 659 ἀλλὰ
1846 633 1862 667 ἡ

1073 679 1223 713 ἐπαγγελία
1240 679 1286 706 τοῦ
1309 679 1377 706 Θεοῦ
1396 679 1530 714 πεποίηκε
1544 679 1595 714 τὴν
1611 679 1705 713 γονὴν,
1719 677 1791 704 οὕτω
1815 680 1863 705 καὶ

1074 724 1120 750 ἐπὶ
1131 723 1181 759 τῆς
1194 725 1400 759 ἀναγεννήσεως
1417 720 1630 759 τῆςὴμετέρας,
1648 723 1730 757 φύσις
1750 724 1799 757 μὲν
1817 721 1863 748 οὒ-

1074 769 1155 805 δεμία
1167 789 1174 801 ,
1199 769 1232 796 τὰ
1245 769 1273 796 δὲ
1289 770 1401 805 ῥήματα
1420 769 1467 796 τοῦ
1487 768 1566 800 Θεοῦ,
1579 768 1597 795 ἃ
1613 768 1702 795 ἴσασιν
1717 768 1742 794 οἱ
1760 767 1862 797 πιστοὶ,

231 819 362 848 tanquam
380 813 407 839 in
429 817 509 838 utero
523 810 654 846 quodam,
673 808 795 836 formant
814 813 840 836 et
861 814 1023 844 regenerant

1076 815 1104 841 ὲν
1119 815 1151 850 τῇ
1166 814 1346 850 κολυμϐήθρᾳ
1361 814 1415 841 τῶν
1443 814 1566 847 ὑδάτων,
1589 813 1715 849 καθάπερ
1736 814 1764 839 ὲν
1786 812 1863 848 νηδύϊ

231 860 309 888 illum
322 859 368 893 qui
385 857 553 893 baptizatur.
570 855 662 890 Itaque
678 855 701 882 si
723 855 827 882 sterilis
847 854 895 881 filii
912 862 1018 888 sumus,

1075 861 1125 886 τινὶ
1151 860 1321 893 διαπλάττει,
1348 861 1394 887 καὶ
1425 861 1561 896 ἀναγεννᾷ
1579 860 1623 886 τὸν
1654 859 1860 894 βαπτιζόμενον.

231 905 310 933 liberi
323 911 431 931 sumus.

270 950 348 985 171
367 949 449 976 Vens.
466 948 512 975 ‘29.
538 957 547 973 ι
568 946 621 975 Sed
638 946 778 981 quomodo
795 950 862 973 tunc
879 945 903 972 is
917 945 964 980 qui
979 952 1019 973 se-

233 996 354 1023 cundum
374 1002 485 1022 carnem
501 999 583 1021 natus
597 993 699 1025 fuerat,
715 992 933 1027 persequebatur
947 999 1020 1024 eum,

232 1043 279 1077 qui
298 1040 450 1069 Secundum
468 1040 597 1075 spiritum
615 1047 622 1066 :
639 1039 677 1065 ita
692 1042 719 1066 et
738 1046 823 1065 nunc.
840 1048 850 1064 ι

266 1086 306 1115 Ne
339 1087 475 1121 ohjiciant
504 1093 512 1113 :
538 1085 703 1120 Ecquaeuam
737 1088 779 1111 est
814 1084 867 1111 ista
895 1085 1020 1115 libertas,

232 1133 345 1168 quando
359 1131 447 1159 Judaei
461 1131 667 1165 constringunt,
687 1134 714 1157 et
732 1130 883 1156 verberant
897 1130 958 1157 illos
975 1129 1022 1164 qui

233 1178 392 1207 credidere?
418 1177 538 1206 ostendit
563 1176 623 1211 ejus
642 1184 752 1212 quoque
781 1176 818 1202 rei
832 1175 888 1208 jam
912 1176 976 1203 oliui
994 1175 1021 1202 fi-

233 1233 330 1262 guram
345 1225 502 1253 exstitisse.

272 1272 352 1300 Vsus.
369 1271 414 1302 50,
430 1271 474 1297 51.
493 1280 501 1296 ι
521 1269 575 1297 Sed
594 1269 659 1304 quid
683 1268 750 1295 dicit
771 1267 935 1303 Scriptura?
952 1266 1024 1301 Ejice

235 1318 364 1346 ancillam
393 1320 420 1344 et
436 1316 521 1342 lilium
541 1315 602 1350 ejus
622 1324 629 1342 :
656 1323 709 1341 non
726 1315 799 1341 enim
820 1315 906 1341 haeres
920 1314 972 1340 erit
991 1313 1022 1339 fi-

235 1365 288 1391 lius
304 1363 411 1390 ancillae
423 1369 485 1390 cum
509 1360 686 1388 lilioliberze.
704 1360 811 1394 Itaque,
838 1359 951 1391 t‘ratres,
967 1367 1023 1385 non

235 1417 342 1437 SUIMIIS.
361 1418 368 1434 I

272 1455 398 1482 Exhibita
428 1454 507 1489 prius
538 1453 743 1488 persecutionis
773 1453 870 1487 figura,
898 1459 951 1478 nou
975 1459 1024 1479 eos

1073 905 1179 933 Οὐκοῦν
1193 907 1217 932 εί
1229 907 1278 941 τῆς
1297 907 1408 942 στείρας
1423 906 1517 941 ἐσμὲν,
1534 905 1672 940 ἐλεύθεροί
1687 905 1780 940 ἐσμεν.

1111 961 1121 976 ‹
1148 951 1218 977 Ἀλλ’
1226 950 1324 988 ὥσπερ
1333 952 1394 978 τότε
1403 952 1417 978 ὁ
1430 952 1501 978 κατὰ
1516 951 1605 986 σάρκα
1612 950 1753 985 γεννηθεὶς
1769 949 1864 976 ἐδίωκε

1072 996 1118 1023 τὺν
1132 995 1203 1023 κατὰ
1219 995 1341 1031 πνεῦμα,
1354 996 1424 1023 οὕτω
1439 996 1487 1023 καὶ
1501 996 1559 1023 νῦν.
1579 1006 1589 1022 ι

1110 1085 1168 1111 Ἵνα
1187 1084 1225 1120 μὴ
1239 1084 1348 1119 λέγωσι·
1360 1085 1416 1112 Καὶ
1427 1085 1491 1112 ποία
1512 1085 1582 1121 αὕτη
1597 1086 1613 1121 ή
1631 1085 1782 1120 ἐλευθερία,
1797 1084 1864 1111 ὅπου

1081 1131 1202 1158 Ἰουδαῖοι
1219 1131 1365 1167 κατέχουσι
1389 1131 1436 1158 καὶ
1456 1132 1617 1167 μαστίξουσι
1649 1132 1713 1164 τοὺς
1734 1130 1864 1162 πιστούς;

1074 1177 1210 1204 δείκνυσιν
1225 1178 1272 1204 καὶ
1287 1177 1381 1205 τούτου
1398 1178 1443 1205 τὸν
1457 1178 1541 1206 τύπον
1565 1179 1668 1205 ἄνωθεν
1683 1179 1760 1207 ὄντα.

1117 1267 1197 1294 Ἀλλὰ
1210 1268 1236 1294 τί
1248 1268 1321 1303 λέγει
1333 1269 1348 1304 ἡ
1362 1269 1458 1304 Γραφή
1470 1277 1478 1302 ;
1498 1268 1616 1296 Ἔκϐαλε
1646 1268 1695 1304 τὴν
1708 1267 1864 1302 παιδίσκην,

1077 1313 1123 1340 καὶ
1143 1313 1189 1340 τὸν
1205 1314 1262 1341 υἱὸν
1274 1314 1370 1348 αὐτῆς.
1387 1315 1424 1340 Οὐ
1446 1313 1500 1349 γὰρ
1519 1314 1556 1349 μὴ
1572 1314 1765 1349 κληρονομήσῃ
1780 1314 1793 1339 ὁ
1806 1312 1863 1343 υίὸς

1076 1360 1124 1394 τῆς
1136 1360 1283 1395 παιδίσκης
1298 1360 1369 1395 μετὰ
1382 1359 1430 1387 τοῦ
1446 1360 1504 1387 υἱοῦ
1528 1361 1577 1396 τῆς
1594 1360 1751 1396 ἐλευθέρας.
1772 1360 1868 1394 Ἡμεῖς

1075 1406 1114 1438 δὲ,
1128 1405 1297 1440 ἁδελφοὶ,οὑκ
1309 1407 1403 1442 ἐσμέν.
1424 1416 1433 1433 ι
1674 1404 1688 1411 ’

1111 1453 1207 1484 Δείξας
1235 1452 1338 1479 ἄνωθεν
1366 1453 1412 1479 τὸν
1437 1453 1522 1480 τύπον
1549 1454 1596 1480 τοῦ
1617 1454 1750 1489 διωγμοῦ,
1765 1457 1814 1483 οὐκ
1836 1457 1868 1492 ἑᾷ

234 1501 300 1528 sinit
319 1501 443 1526 animum
463 1499 645 1534 despondere.
664 1499 713 1526 sed
743 1506 776 1526 ex
802 1498 919 1525 historia
945 1497 1024 1524 docet

1078 1499 1262 1526 καταπίπτειν
1279 1499 1318 1530 εἰς
1345 1499 1459 1534 ἀκηδίαν
1482 1500 1598 1532 αὐτοὺς,
1616 1499 1748 1528 διδάσκων
1769 1502 1801 1528 ὲκ
1820 1504 1868 1537 τῆς

236 1546 347 1576 iterum,
367 1544 456 1580 qualis
482 1544 594 1571 futurus
614 1544 651 1572 sit
671 1544 869 1571 insectatorum
902 1543 974 1574 linis,
995 1546 1024 1569 ut

1078 1543 1197 1580 ἱστορίας
1213 1544 1294 1571 πάλιν
1316 1545 1364 1571 καὶ
1382 1545 1457 1571 ποῖον
1472 1545 1549 1571 ἔσται
1563 1544 1616 1572 τῶν
1633 1545 1757 1573 διωκτῶν
1779 1547 1866 1580 τέλος,

235 1598 292 1617 non
310 1589 392 1616 modo
406 1589 465 1617 suis
483 1588 590 1616 aedibus
615 1589 774 1623 abigantur,
793 1587 842 1615 sed
860 1592 887 1615 et
903 1587 1025 1615 faculta—

236 1640 294 1662 tttm
308 1635 447 1670 jacturam
466 1634 581 1662 faciant.
602 1634 739 1662 Catlerum
763 1639 838 1662 recte
853 1634 940 1669 ﬁlium
956 1639 1025 1668 quo-

235 1689 289 1716 que
319 1681 389 1708 dixit
416 1681 532 1714 ancillw,
561 1689 615 1708 non
641 1680 809 1713 Abrahami,
835 1685 863 1707 ιιι
889 1688 904 1707 a
934 1679 1024 1706 viliori

237 1734 316 1763 parte
331 1736 379 1755 eos
396 1728 564 1754 nominaret.

273 1782 282 1798 ι
300 1773 414 1800 Ancillae
432 1773 492 1805 lilii,
521 1773 568 1800 sed
585 1772 690 1800 liberae.
715 1772 858 1800 Libertate
873 1771 957 1807 igitur
973 1778 1026 1800 nos

236 1818 367 1846 Christus
386 1819 525 1846 liberavit.
549 1828 558 1844 ι

564 1885 642 1913 CAP.
663 1885 694 1912 V.

271 1943 354 1970 Vsus.
373 1943 398 1970 l.
415 1952 424 1969 ι
446 1944 536 1975 State,
552 1947 578 1970 et
595 1942 680 1969 nolite
703 1942 804 1969 iterum
821 1942 887 1978 jugo
908 1943 1025 1970 servitu-

237 1989 273 2017 tis
288 1989 435 2016 contineri.
452 1998 462 2014 ι

272 2043 394 2071 Alteram
420 2043 497 2071 addit
519 2050 647 2076 causam,
675 2051 728 2079 qua
744 2043 859 2072 suadeat
882 2052 929 2073 cos
944 2044 1027 2071 disci-

238 2091 319 2126 plina:
345 2098 403 2118 sua:
433 2090 634 2118 adhaerescere.
658 2091 703 2117 Ait
726 2095 819 2118 autem
841 2100 847 2117 :
876 2098 925 2117 nec
954 2091 1026 2117 enim

238 2140 265 2166 in
294 2139 448 2166 libertatem
477 2145 527 2165 vos
561 2137 736 2165 vindicastis.
758 2137 837 2165 Alius
859 2141 902 2164 est
916 2137 962 2172 qui
980 2144 1028 2164 vos

1075 1589 1106 1615 τὸ
1122 1590 1159 1625 μὴ
1177 1590 1258 1624 μόνον
1275 1589 1441 1625 ἐκϐληθῆναι
1459 1590 1509 1625 τῆς
1531 1591 1620 1622 οἰκίας
1631 1611 1639 1623 ,
1668 1591 1736 1618 ἀλλά
1758 1593 1804 1619 καὶ
1819 1592 1868 1628 τῆς

1076 1636 1169 1667 οὐσίας
1179 1635 1317 1663 ἔκπτωσιν
1330 1636 1488 1671 ὑπομεῖναι.
1501 1634 1538 1663 Εὖ
1565 1637 1593 1663 δὲ
1617 1638 1665 1664 καὶ
1687 1638 1756 1665 υἱὸν
1772 1638 1868 1665 παιδί-

1077 1689 1156 1716 σκης
1172 1680 1258 1714 εἶπεν,
1285 1682 1332 1709 καὶ
1347 1682 1385 1717 μὴ
1414 1682 1539 1718 Ἀὔραάμ
1550 1692 1556 1698 ·
1571 1683 1613 1710 ἵνα
1630 1683 1684 1710 ἀπὸ
1702 1684 1749 1710 τοῦ
1767 1685 1868 1719 φαυλο-

1076 1727 1156 1762 τέρου
1170 1727 1269 1758 αὐτοὺς
1285 1728 1505 1764 προσαγορεύσῃ.

1114 1773 1264 1807 Παιδίσκης
1278 1772 1373 1805 τέκνα,
1386 1773 1453 1800 ἀλλὰ
1473 1774 1520 1809 τῆς
1534 1774 1692 1810 ἐλευθέρας.
1704 1777 1742 1812 Τῇ
1762 1776 1869 1803 ἐλευθε-

1080 1819 1125 1855 ρίᾳ
1138 1816 1184 1846 οὖν
1199 1819 1317 1854 Χριστὸς
1328 1819 1401 1854 ἡμᾶς
1417 1819 1600 1856 ἠλευθέρωσε.
1619 1831 1628 1847 ι

1388 1887 1513 1914 ΚΕΦΑΛ.
1530 1887 1566 1913 Ε¹.

1110 1952 1118 1968 ι
1138 1943 1268 1978 Στὴκετε,
1285 1942 1331 1969 καὶ
1347 1941 1383 1978 μὴ
1395 1942 1475 1969 πάλιν
1492 1943 1567 1978 ζυγῷ
1582 1942 1704 1974 δουλείας
1713 1943 1866 1979 ἐνέχεσθε.»

1117 2044 1231 2079 Ἑτέραν
1244 2043 1334 2070 αἰτίαν
1351 2043 1453 2078 τίθησι,
1471 2044 1521 2078 τὴν
1534 2044 1683 2071 πείθουσαν
1701 2044 1801 2077 αὐτοὺς
1817 2045 1867 2080 μέ-

1078 2098 1133 2116 νειν
1149 2090 1195 2116 ἐπὶ
1214 2090 1268 2115 τῶν
1291 2089 1443 2124 δογμάτων.
1469 2090 1551 2124 Λέγει
1563 2090 1591 2117 δέ
1605 2098 1612 2106 '
1627 2091 1672 2126 Μὴ
1689 2091 1744 2126 γὰρ
1757 2091 1868 2122 ἑαυτοὺς

1079 2137 1285 2173 ἠλευθερώσατε
1305 2146 1313 2170 ς
1331 2137 1428 2169 Ἀλλος
1456 2137 1531 2164 ἐστὶν
1557 2138 1630 2173 ὑμᾶς
1657 2139 1671 2165 ὁ
1704 2138 1866 2174 ὴγορακώ;’

238 2186 374 2213 redemit:
399 2184 470 2211 alius
490 2189 535 2211 est
552 2183 600 2218 qui
624 2184 746 2219 pretium
762 2191 813 2218 pro
836 2183 916 2210 nobis
933 2183 1024 2210 solvit.

1079 2183 1157 2215 ἄλλος
1171 2183 1186 2209 δ
1196 2183 1279 2219 τιμὴν
1290 2184 1350 2215 δοὺς
1360 2183 1430 2219 ὑπὲρ
1439 2183 1526 2219 ὑμῶν.
1535 2183 1571 2210 To
1580 2184 1608 2210 δὲ
1621 2184 1758 2218 στήκετε,
1772 2183 1866 2216 εἰπὼν,

239 2229 362 2257 Dieendo
389 2234 494 2262 autem,
524 2232 605 2262 state,
632 2229 780 2264 procellunt
804 2236 865 2264 qua:
888 2228 1027 2256 acciderat

238 2275 372 2304 indicavit
390 2284 397 2302 :
419 2275 530 2302 nomine
546 2281 612 2302 vero
630 2274 691 2310 jugi
710 2274 750 2302 rei
773 2275 933 2310 gravitatem
958 2274 1026 2310 ipsis

237 2321 416 2358 significavit.
446 2321 519 2354 Quin
536 2325 564 2349 et
591 2320 657 2348 dum
684 2321 734 2353 ait,
763 2329 882 2353 rursum,
911 2321 1026 2348 nimium

238 2369 365 2405 ipsorum
385 2371 529 2404 stuporem
544 2370 631 2395 notat.
656 2365 723 2394 Nam
739 2366 762 2394 si
780 2367 934 2394 molestiam
956 2367 1028 2393 hanc

237 2423 293 2443 non
309 2414 433 2443 fuissetis
460 2413 578 2450 experti,
597 2412 671 2441 haud
696 2413 781 2441 eratis
814 2416 953 2440 tantorum
975 2412 1027 2439 cri-

237 2469 341 2489 mmum
359 2468 387 2489 re
391 2469 409 2488 ι.

275 2517 359 2546 Vens.
373 2517 401 2545 2,
420 2526 429 2543 ‹
446 2516 518 2545 Ecce
532 2523 584 2553 ego
600 2515 702 2543 Paulus
718 2515 782 2543 dtco
797 2514 888 2542 vobis.
913 2524 922 2540 ι

273 2574 330 2602 Vox
347 2574 398 2602 ista
415 2574 490 2601 illius
505 2577 548 2601 est
559 2572 606 2608 qui
624 2571 799 2608 praehdenter
815 2572 954 2606 loquatur.

276 2640 285 2656 ι
306 2629 443 2663 Quoniam
461 2630 485 2658 si
512 2629 765 2661 circumcidamini,
797 2628 925 2656 Christus
950 2629 1028 2657 vobis

243 2675 307 2703 nihil
320 2676 454 2711 proderit.
472 2686 482 2702 ι

274 2731 326 2765 Qui
340 2740 407 2760 vero
421 2733 492 2760 nihil
514 2732 638 2768 proderit
650 2732 780 2760 Christus
796 2731 820 2759 ei
846 2732 892 2766 qui
909 2731 1028 2759 circum-

240 2778 317 2804 cisus
332 2778 408 2805 erit?
424 2778 562 2806 ausculta.
590 2778 641 2811 Qui
660 2777 882 2809 circumciditur,
896 2781 1028 2812 tanquam

242 2825 326 2859 legem
353 2823 536 2852 reformidans
563 2823 785 2851 circumciditur.
812 2822 863 2858 Qui
887 2830 951 2850 vero
969 2822 1027 2849 for-

1077 2229 1123 2257 τὸν
1139 2229 1219 2257 σάλον
1238 2230 1283 2256 τὸν
1310 2230 1493 2265 γεγενημένον
1521 2229 1603 2263 ἔδειξε
1619 2239 1625 2245 ·
1649 2231 1687 2263 τῷ
1711 2230 1749 2263 δὲ,
1768 2229 1866 2265 ζυγοῦ,

1077 2275 1189 2311 ὀνόματι
1205 2276 1236 2302 τὸ
1262 2275 1330 2312 βαρὺ
1356 2277 1404 2303 τοῦ
1434 2276 1595 2312 πράγματος
1622 2277 1713 2308 αὐτοῖς
1743 2285 1866 2311 statuaq-

1080 2322 1180 2357 μαίνει.
1208 2321 1244 2348 Τὸ
1266 2322 1294 2348 δὲ
1326 2321 1429 2354 πάλιν,
1452 2322 1546 2355 εἰπὼν,
1572 2322 1672 2358 πολλὴν
1698 2323 1788 2349 αὐτῶν
1814 2322 1867 2349 δεί-

1078 2379 1172 2397 κνυσιν
1195 2370 1388 2407 ριναισθησίαν.
1417 2370 1448 2397 Εἰ
1474 2371 1524 2406 μὲν
1548 2371 1602 2406 γὰρ
1624 2371 1734 2405 ἄπειροι
1751 2370 1797 2397 τοῦ
1811 2371 1863 2397 πά-

1079 2415 1141 2446 οους
1156 2413 1205 2450 ἦτε
1220 2415 1439 2451 ἐκείνου,φησ“ιν,
1463 2416 1494 2443 οὐ
1512 2416 1648 2444 τοσούτων
1662 2413 1710 2452 ἤτε
1729 2416 1867 2452 ἐγκλημά-

1079 2467 1132 2485 των
1146 2459 1225 2492 ἄξιοι.

1119 2526 1128 2542 t
1147 2516 1214 2544 Ἰδοὺ
1230 2516 1286 2551 ἐγὼ
1297 2517 1402 2550 Παῦλος
1413 2518 1485 2553 λέγω
1500 2519 1572 2554 ὑμῖν.
1592 2528 1601 2545 ι

1113 2571 1284 2607 Θαρροὖντος
1295 2573 1312 2608 ἡ
1331 2573 1417 2609 φωνή.

1116 2636 1125 2652 ι
1137 2626 1198 2653 ’Ότι
1210 2626 1258 2654 ἐὰν
1271 2627 1482 2664 περιτέμνησθε,
1495 2629 1613 2664 Χριστὸς
1627 2629 1698 2664 ὑμᾶς
1713 2630 1788 2657 οὐδὲν
1798 2630 1867 2665 ὡφε-

1079 2673 1166 2708 λήσει.
1188 2682 1197 2698 ι

1113 2729 1175 2761 Πῶς
1188 2729 1263 2756 οὐδὲν
1287 2730 1422 2766 ὠφελήσει
1451 2730 1497 2757 τὸν
1524 2733 1754 2768 περιτεμνόμενον
1771 2733 1786 2760 ὁ
1800 2734 1867 2769 Χρι-

1081 2776 1159 2809 στ6;;
1175 2776 1269 2802 ἄκουε.
1292 2776 1320 2803 Ὀ
1339 2777 1579 2812 περιτεμνόμενος,
1598 2779 1636 2810 ὡς
1647 2779 1729 2814 νόμον
1743 2779 1868 2808 δεδοικὼς

1080 2820 1281 2856 περιτέμνεται.
1303 2821 1333 2847 '0
1355 2821 1382 2847 δὲ
1408 2821 1544 2856 δεδοικὼς,
1574 2824 1685 2850 ἀπιστεῖ
1699 2825 1732 2859 τῇ
1754 2823 1868 2859 δυνάμει
