2077 3114
218 69 272 101 309
409 99 413 103 ,
799 72 840 102 ΙΝ
858 72 979 104 EPIST.
1000 75 1050 105 AD
1068 75 1247 107 GALATAS.
1799 83 1852 116 810

219 125 269 160 τῆς
283 123 412 159 χάριτος·
427 123 442 149 ό
470 123 499 149 δὲ
527 123 661 157 ἀπιστῶν,
687 125 763 152 οὐδὲν
782 128 917 163 κερδαίνει
936 128 1005 164 παρὰ

1064 131 1159 165 midat,
1172 133 1269 160 virtuti
1298 135 1394 168 gratia;
1410 135 1573 166 incredulus
1590 143 1633 167 est
1649 148 1655 166 :
1672 138 1718 174 qui
1740 139 1851 169 demum

219 170 267 205 τῆς
281 169 502 204 ἀπιστουμένης.

1063 177 1225 206 incredulus
1242 184 1294 212 est,
1314 181 1381 209 nihil
1404 183 1520 217 juvatur
1544 184 1580 212 ab
1597 192 1629 212 ea
1651 169 1696 212 cui
1713 185 1780 214 ﬁdes
1797 195 1852 214 non

1062 223 1188 252 habetur.

1093 268 1177 297 Vens.
1194 270 1221 303 5,
1235 272 1262 298 4.
1286 282 1295 297 ι
1315 272 1464 301 Testilicor
1488 280 1579 303 autem
1602 284 1700 305 rursus
1716 277 1790 305 omni
1805 277 1854 304 lio-

1062 315 1129 343 mini
1148 316 1358 346 circumcidenti
1385 327 1426 353 se,
1452 322 1583 356 quoniam
1606 323 1715 350 debitor
1731 329 1773 351 est
1791 324 1854 351 uni-

1061 369 1149 390 versa
1169 364 1239 398 legis
1262 364 1409 393 faciendae.
1435 366 1567 394 Evacuati
1586 369 1651 396 estis
1672 376 1686 395 a
1699 368 1821 396 Christo.
1840 379 1849 395 ι

1096 408 1206 437 Etenim
1229 417 1265 437 ne
1290 411 1434 440 existimes
1455 412 1512 440 haec
1536 413 1649 441 inimico
1663 414 1717 442 dici
1736 415 1851 442 animo:

255 271 264 287 1
282 260 466 296 Μαρτύρομαι
493 260 522 287 δὲ
552 261 633 288 πάλιν
661 262 743 288 παντὶ
773 260 909 298 ἀνθρώπῳ
935 272 1011 299 περι-

218 306 388 342 τεμνομένῳ,
399 306 439 332 ὃτι
451 305 593 340 ὀφειλέτης
607 308 682 334 ἐστὶν
692 307 752 334 ὅλον
769 308 815 334 τὸν
834 308 917 343 νόμον
930 310 1010 345 ποιῆ-

219 360 275 379 σαι.
294 351 496 387 Κατηργήθητε
510 352 618 380 ἀπὸτοῦ
629 353 758 388 Χριστοῦ.
777 364 787 379 ι

253 398 312 425 Ἴνα
324 398 379 433 γὰρ
396 398 433 434 μὴ
449 399 564 434 νομίσῃς
577 401 639 426 κατ’
647 399 750 434 ἔχθραν
765 399 853 427 ταῦτα
870 401 1008 435 λέγεσθαι,

218 445 268 480 οὐχ
285 445 350 480 ὑμῖν
377 445 458 480 μόνον
489 444 572 479 λέγω,
602 445 695 481 φησὶν,
717 446 786 473 ἀλλὰ
809 447 856 473 καὶ
868 448 951 474 παντὶ
963 449 1005 475 ἀνα

1061 462 1118 482 non
1135 456 1213 484 vobis
1235 457 1325 484 solum
1350 458 1423 491 dico,
1442 459 1543 494 inquit,
1569 460 1618 487 sed
1641 464 1669 487 et
1693 461 1853 497 cuicunque

218 490 320 526 θρώπῳ
335 491 572 526 περιτεμνομένῳ,
587 491 628 518 ὅτι
640 491 783 528 ὀφειλέτης
799 493 873 520 ἐστὶν
888 493 947 520 ὅλον
964 495 1005 520 τοι

1062 500 1175 533 homini.
1201 502 1328 537 quisquis
1348 490 1569 538 circumciditur,
1598 506 1673 541 quod
1693 490 1852 534 debitor-sit

218 537 301 572 νόμον
320 537 477 573 πληρῶσαι.
495 537 632 573 Ἀλλήλων
642 538 698 573 γὰρ
720 538 812 574 ἔχεται
842 539 876 566 τὰ
894 540 1005 576 νόμιμα.

1061 547 1148 574 totius
1174 548 1242 583 legis
1267 549 1425 583 implendm.
1449 550 1517 578 Nam
1533 537 1764 587 legis-praecepta
1780 552 1852 579 inter

218 583 273 610 Καὶ
288 583 347 615 πῶς
358 604 365 616 ,
381 583 474 610 ἄκουε.
497 583 529 610 Ἦ
545 583 682 620 περιτομὴ
700 583 795 611 θυσίαν
812 584 870 620 ἔχει
884 586 1005 618 συνεζευ-

1061 599 1092 619 se
1117 593 1266 621 cohaerent.
1294 594 1353 627 Qua
1379 603 1445 623 vero
1475 596 1602 624 ratione?
1629 596 1727 624 audias
1758 593 1849 625 velirh.

218 629 332 665 γμένην,
349 629 455 665 ἡμέρας
484 630 694 665 παρα-τήρησιν·
712 631 728 665 ἡ
745 630 828 658 θυσία
848 631 940 664 πάλιν,
963 633 1005 659 ml

1060 638 1244 667 Circumcisio
1281 640 1501 669 immolationem
1542 643 1719 670 victimarum
1753 643 1852 678 adjun-

218 677 325 712 ἡμέρας
340 677 389 703 καὶ
404 677 487 704 τόπου
500 677 626 712 φυλακήν
636 685 642 690 ·
658 677 672 703 6
687 677 780 710 τόπος,
794 678 899 714 μυρίων
910 678 1005 714 καθαρ-

1060 687 1133 710 ctam
1151 685 1243 717 habet,
1263 689 1291 713 et
1308 686 1416 714 dierum
1440 687 1675 722 observationem,
1700 677 1851 716 immolatio

220 722 278 758 μῶν
292 723 421 758 τρόπους.
437 723 470 749 Ol
499 722 649 759 καθαρμοὶ,
675 723 776 758 πλῆθος
789 724 1005 759 παρατηρήσεωι

1061 737 1173 758 rursum
1200 735 1227 758 et
1248 732 1305 759 diei
1322 737 1349 760 et
1364 733 1416 760 loci
1436 734 1591 761 cautionem
1608 744 1614 761 :
1631 735 1721 767 locus,
1737 734 1771 762 ad
1786 742 1851 763 sex-

217 767 384 802 είσάγουσιν.
401 768 458 794 Οὐκ
485 767 563 794 ἐᾶται
586 767 640 804 γὰρ
671 767 826 803 ἀκάθαρτος
852 767 937 801 θύειν,
960 769 1005 805 οὐχ

1061 779 1158 803 centes
1186 776 1386 805 lustrationum
1426 779 1509 812 ritus,
1549 780 1785 815 lustrationesque
1817 779 1851 806 ad

220 814 302 850 ἱερῶν
320 813 470 841 ἐπιϐαίνειν
481 814 596 846 ἀδύτων,
623 813 673 840 οὐκ
687 814 751 841 ἄλλο
765 822 792 840 τι
815 813 870 841 τῶν
881 814 1005 842 τοιούτων

1061 828 1175 849 examen
1199 823 1341 858 quoddam
1371 825 1597 853 Observationum
1627 807 1764 862 obligani.
1790 825 1851 852 Non

219 862 307 888 ποιεῖν
317 861 405 896 θέμις.
429 860 475 886 Διὸ
488 861 536 887 καὶ
557 859 643 887 πολλὰ
663 860 809 894 ἐφέλκεται
824 860 870 887 διὰ
885 861 951 896 μιᾶς
967 863 1005 888 ὲν-

1060 867 1133 894 enim
1148 868 1260 903 impuro
1281 869 1323 897 fas
1340 874 1382 897 est
1407 871 1561 904 immolare,
1576 879 1631 899 non
1647 879 1725 899 sacra
1742 871 1851 907 ingredi

217 907 297 939 τολῆς
311 907 325 933 ὁ
334 907 426 941 νόμος.
439 907 488 933 Ἂν
501 906 592 933 τοίνυν
603 905 885 942 περιτ[ε]μ.[ν]ηθείης
898 907 956 941 μὲν,
971 907 1010 943 μὴ

218 953 247 979 ἐν
262 953 295 987 τῇ
316 951 395 987 ὀγδόη
424 952 527 988 ἡμέρᾳ,
546 952 562 986 ἢ
575 953 604 978 ὲν
616 953 649 988 τῇ
663 951 744 988 ὀγδόῃ
763 953 822 988 μὲν,
832 954 869 988 μὴ
882 952 966 989 θύσῃς
979 953 1009 980 δὲ

218 999 235 1034 ἢ
249 999 333 1036 θύσῃς
350 999 410 1034 μὲν,
430 999 468 1035 μὴ
484 999 513 1025 ὲν
527 998 566 1034 τῷ
581 998 729 1034 ὡρισμένῳ
742 999 770 1025 δὲ
784 999 873 1034 τόπῳ·
890 1000 906 1034 ἦ
929 1001 958 1026 ὲν
971 1000 1009 1036 τῷ

218 1045 363 1081 ὡρισμένῳ
377 1045 463 1080 τόπῳ,
481 1044 519 1080 μὴ
530 1044 566 1071 τὰ
585 1044 770 1080 νενομισμένα
791 1044 819 1071 δέ
830 1053 836 1060 ’
853 1045 869 1081 ἢ
885 1045 919 1072 τὰ
934 1054 1009 1072 νενο-

220 1091 338 1127 μισμένα
356 1090 414 1126 μὲν,
443 1090 481 1126 μὴ
503 1089 624 1125 καθαρὸς
639 1090 683 1117 δέ·
703 1090 730 1125 ,ἢ
757 1090 877 1126 καθαρὸς
892 1091 943 1126 μὲν
959 1091 1006 1124 ὢν,

218 1139 248 1164 οὺ
266 1139 322 1169 τοῖς
345 1137 515 1172 προσήκουσι
533 1135 563 1162 δὲ
595 1135 708 1171 θεσμοῖς
736 1135 894 1171 καθαρθεὶς,
920 1137 1008 1164 πάντα

217 1183 321 1219 οἴχεται
350 1183 451 1210 ἐκεῖνα.
474 1181 525 1209 Διὰ
550 1181 630 1209 τοῦτό
649 1190 744 1216 φησιν,
770 1182 812 1208 ὅτι
835 1182 1007 1216 Ὀφειλέτης

219 1226 304 1254 ἐστίν
317 1226 391 1254 ὅλον
408 1227 460 1253 τὸν
470 1227 564 1260 νόμον
572 1225 741 1260 πληρῶσαι.

258 1361 388 1393 «οῑτινες
412 1361 443 1388 ὲν
469 1360 544 1397 νόμῳ
570 1360 737 1393 δικαιοῦσθε,
762 1361 811 1396 τῆς
840 1362 949 1398 χάριτος
965 1362 1007 1396 ἐξ·

217 1409 339 1436 επέσετε.
356 1418 367 1435 ι

251 1456 307 1483 Καὶ
327 1455 372 1482 διὰ
386 1455 435 1491 τῆς
451 1455 590 1487 κολάσεως
606 1454 729 1489 ἐκφοϐεῖ.
750 1457 782 1483 Τί
804 1457 857 1492 γὰρ
868 1457 899 1484 τὸ
912 1457 1004 1484 λειπό-

219 1511 297 1538 μενον
321 1502 372 1538 τῆς
401 1502 512 1539 χάριτος
539 1501 734 1535 ἐκπίπτουσιν,
771 1503 831 1531 ἀλλ’
854 1504 871 1538 ἢ
894 1503 1005 1535 κόλασις

217 1549 403 1584 ἀπαραίτητος
413 1557 421 1582 ;

256 1604 265 1620 ι
285 1595 381 1629 Ἡμεῖς
399 1594 453 1630 γὰρ
481 1593 620 1629 πνεύματι
644 1595 677 1620 ὲκ
692 1594 821 1628 πίστεως,
846 1594 942 1622 ἐλπίδα
965 1593 1006 1620 δι-

217 1641 366 1677 καιοσύνης
384 1641 602 1677 ἀπεκδεχόμεθα.
626 1651 636 1667 ι

194 1711 199 1715 .
252 1688 377 1724 Πτοήσας
409 1687 454 1714 διὰ
475 1687 526 1722 τῆς
549 1687 703 1720 κολάσεως,
731 1687 814 1714 πάλιν
837 1687 885 1714 ἐπὶ
908 1687 1006 1722 λιμένα

217 1733 392 1768 παραμυθίας
404 1733 503 1764 αὐτοὺς
518 1732 590 1766 ᾶγει,
601 1732 689 1767 λέγων
702 1741 710 1748 ·
728 1733 809 1759 Οὐδὲν
824 1733 937 1759 ἐκείνων
952 1732 1006 1759 δεό-

219 1779 289 1814 μεθα
303 1779 357 1806 τῶν
373 1779 506 1814 νομίμων,
520 1779 612 1814 φησιν.
633 1779 727 1814 Ἀρκεῖ
743 1779 797 1814 γὰρ
810 1780 826 1814 ἡ
840 1779 930 1810 πίστις
939 1779 1005 1813 ἡμῖν

218 1825 330 1860 Πνεῦμα
347 1825 510 1860 παρασχεῖν,
531 1824 579 1851 καὶ
592 1824 625 1851 δι’
647 1824 732 1860 αὐτῆς
751 1824 936 1859 δικαιοσύνην,
958 1824 1006 1850 καὶ

217 1870 302 1897 πολλὰ
315 1870 420 1906 μεγάλα
432 1869 532 1904 ἀγαθὰ.

255 1978 265 1995 ι
286 1968 330 1996 Ἐν
340 1969 394 2006 γὰρ
407 1970 519 2006 Χριστῷ
540 1970 628 2005 Ἰησοῦ
640 1969 702 1997 οὗτε
717 1971 853 2006 περιτομή
868 1979 894 1998 τι
906 1971 1002 2006 ἰσχύει,

215 2015 278 2042 οὔτε
292 2015 471 2051 ἁκροὸυστία,
493 2015 562 2042 ἀλλὰ
589 2016 681 2048 πίστις
703 2015 736 2042 δι’
752 2016 864 2051 ἀγάπης
880 2017 1004 2052 ἐνεργου-

217 2060 296 2095 μένη.
316 2060 458 2096 Ἐτρέχετε
472 2060 573 2093 καλῶς,
590 2061 631 2092 τίς
639 2060 712 2096 ὑμᾶς
723 2061 835 2098 ἑνέκοψε
846 2063 879 2097 τῇ
891 2061 1005 2097 ἀληθείᾳ

217 2105 254 2141 μὴ
270 2106 412 2133 πείθεσθαι
421 2115 429 2140 ;
451 2117 460 2133 ι

1060 913 1153 948 adyta,
1184 921 1240 940 non
1265 914 1377 948 quidvis
1404 916 1479 943 aliud
1507 916 1609 944 facere.
1633 916 1768 950 Quocirca
1795 924 1851 944 uno

1061 965 1198 994 praeceplo
1213 961 1301 987 multa
1319 961 1361 988 lex
1380 962 1475 989 trahit.
1493 962 1635 998 Siquidem
1653 971 1720 998 ergo
1734 963 1851 990 circnm-

1059 1005 1172 1039 cidaris,
1186 1014 1242 1033 non
1260 1010 1351 1034 autem
1368 1013 1466 1035 octava
1483 1009 1544 1041 die;
1568 1013 1615 1036 aut
1633 1009 1656 1036 si
1681 1013 1777 1036 octava
1795 1009 1848 1042 die.

1059 1056 1088 1078 at
1104 1059 1160 1079 non
1187 1053 1396 1088 immolaveris;
1415 1059 1464 1082 aut
1480 1056 1503 1082 si
1528 1055 1664 1088 immoles,
1688 1063 1743 1083 non
1759 1059 1849 1083 autem

1059 1098 1087 1125 in
1102 1098 1165 1126 loco
1180 1100 1363 1135 praescripto;
1380 1101 1424 1129 sin
1445 1101 1527 1128 etiam
1552 1102 1580 1129 in
1598 1102 1760 1137 praescripto
1776 1102 1848 1133 loco.

1059 1152 1114 1172 non
1134 1153 1201 1173 vero
1217 1154 1278 1181 quae
1305 1147 1350 1174 lex
1377 1147 1528 1180 decernat;
1557 1148 1599 1176 vel
1625 1148 1695 1176 sica
1714 1156 1774 1183 qua!
1791 1149 1850 1183 lege

1058 1191 1258 1224 decernuntur,
1287 1201 1384 1221 verum
1412 1200 1465 1220 non
1484 1195 1523 1222 sis
1541 1194 1660 1221 mundus
1676 1203 1683 1222 :
1711 1194 1791 1229 172
1808 1196 1849 1222 vel

1058 1237 1080 1264 si
1094 1238 1224 1271 mundus,
1246 1246 1302 1266 non
1320 1243 1414 1267 autem
1433 1240 1669 1268 convenientibus
1682 1241 1782 1268 ritibus
1800 1249 1850 1276 pu-

1057 1283 1195 1316 rificatus,
1225 1288 1326 1312 cuncta
1355 1286 1402 1312 illa
1419 1288 1557 1320 'pereunt.
1586 1285 1771 1319 Quamobrem
1786 1287 1847 1314 ait:

1060 1328 1168 1356 Debitor
1186 1334 1225 1356 est
1243 1330 1324 1358 totius
1338 1330 1403 1366 legis
1419 1330 1568 1365 implenda.

1092 1385 1101 1400 ι
1117 1375 1169 1407 Qui
1183 1376 1211 1403 in
1229 1376 1288 1411 lege
1300 1376 1507 1411 justiﬁcamini,
1531 1377 1622 1412 gratia
1637 1377 1793 1406 excidistis.
1807 1387 1817 1404 ι

1092 1463 1324 1492 lntcrmiuatione
1363 1465 1449 1492 etiam
1488 1465 1619 1501 supplicii
1650 1470 1746 1494 terret.
1776 1466 1848 1500 Quid

1057 1509 1130 1537 enim
1149 1509 1223 1536 aliud
1241 1509 1362 1545 supersit
1381 1510 1436 1538 illis
1456 1510 1504 1545 qui
1522 1518 1537 1537 a
1554 1511 1644 1547 gratia
1665 1511 1842 1544 exciderunt.

1057 1554 1110 1583 nisi
1126 1555 1295 1590 supplicium
1309 1556 1534 1591 indeprecabile?
1840 1589 1847 1598 ,

1093 1599 1177 1628 Vsus.
1195 1601 1222 1628 5.
1241 1610 1250 1627 ι
1266 1600 1323 1629 Nos
1336 1602 1409 1630 enim
1425 1603 1525 1636 spiritu
1542 1610 1574 1630 ex
1596 1602 1660 1635 (ide,
1677 1602 1846 1638 spemjusti-

1057 1646 1101 1674 tiae
1117 1650 1325 1682 exspectamus.

1092 1692 1278 1728 Posteaquam
1311 1694 1451 1728 BuppllClO
1475 1701 1523 1721 eos
1538 1694 1669 1729 perculit,
1689 1695 1722 1722 ad
1736 1700 1846 1730 portum

1056 1747 1154 1767 rursus
1165 1739 1367 1767 consolationis
1383 1740 1446 1768 illos
1461 1745 1584 1774 revocat,
1605 1742 1648 1769 his
1670 1741 1726 1769 fere
1742 1742 1844 1770 verbis.

1055 1785 1128 1812 Nihil
1153 1784 1231 1813 hisce
1244 1786 1390 1821 praeceptis
1409 1786 1477 1822 legis
1494 1794 1563 1822 opus
1579 1787 1723 1819 habemus,
1743 1787 1846 1823 inquit.

1055 1830 1123 1858 Nam
1137 1831 1239 1859 sullicit
1258 1832 1325 1860 ﬁdes
1338 1832 1372 1860 ad
1389 1832 1442 1860 hoc
1459 1837 1489 1860 ut
1507 1833 1591 1861 donet
1604 1833 1685 1862 nobis
1698 1833 1846 1869 Spiritum.

1057 1886 1169 1913 unaque
1192 1878 1343 1913 justitiam,
1362 1884 1388 1906 et
1413 1879 1532 1914 plurima
1559 1880 1676 1915 insuper
1699 1885 1727 1908 ct
1748 1888 1847 1917 magna

1055 1924 1139 1950 dnna.

1091 1968 1173 1997 Vens.
1189 1969 1216 2001 6,
1235 1969 1260 1996 7.
1293 1978 1302 1994 ι
1319 1968 1386 1996 Nam
1413 1969 1439 1996 in
1453 1969 1565 1997 Christo
1589 1969 1655 1998 Jesu
1683 1978 1772 2005 neque
1789 1969 1847 1997 cir-

1055 2015 1195 2043 cumcisio
1211 2014 1317 2050 aliquid
1338 2015 1422 2049 valet,
1442 2023 1532 2050 neque
1554 2016 1728 2051 praeputium,
1747 2017 1794 2044 sed
1813 2016 1846 2043 ﬁ-

1055 2062 1104 2089 drs
1133 2069 1195 2097 quae
1221 2069 1270 2097 per
1308 2062 1475 2089 cliaritatem
1511 2066 1651 2097 operatur.
1683 2062 1847 2090 Currebatis

1056 2109 1144 2136 bene:
1161 2108 1225 2144 quis
1240 2116 1290 2136 vos
1315 2108 1458 2143 impedivit
1475 2108 1585 2135 veritati
1602 2115 1658 2136 non
1677 2108 1810 2136 obedire?
1833 2119 1844 2135 ι

255 2152 285 2179 '0
299 2151 354 2187 γὰρ
369 2153 415 2179 τὺν
445 2153 561 2188 Χριστὸν
580 2155 771 2189 ἐνδυσάμενος,
791 2153 891 2189 μηκέτι
913 2154 1001 2182 ταῦτα

1086 2154 1153 2182 Nam
1169 2155 1216 2190 qui
1232 2155 1317 2183 semel
1332 2155 1472 2183 Christum
1489 2155 1591 2187 induit,
1605 2160 1721 2190 caveat,
1737 2156 1824 2191 inquit
1837 2177 1846 2190 ,

216 2198 448 2234 περιεργαζέσθω,
465 2200 557 2236 φησίν.

253 2254 262 2270 ι
279 2245 310 2271 'H
324 2245 467 2281 πεισμονὴ,
484 2247 535 2273 οὐκ
545 2247 576 2273 ὲκ
589 2246 636 2273 τοῦ
652 2247 797 2280 καλοῦντος
814 2248 896 2283 ὑμᾶς.
919 2257 929 2273 ι

248 2334 285 2360 Οὺ
302 2334 345 2361 διὰ
356 2333 435 2361 τοῦτο
459 2335 591 2362 ἐκάλεσεν
611 2336 683 2371 ὑμᾶς
699 2337 714 2362 ὁ
733 2335 834 2369 καλῶν,
846 2335 919 2363 ὥστε
932 2336 1003 2363 οὓτω

217 2379 376 2407 σαλεύεσθαι
388 2388 394 2396 ·
406 2381 467 2407 οὔτε
479 2381 686 2417 ἐνομοθέτησεν,
701 2381 775 2408 ὥστε
793 2381 961 2413 Ἰουδαΐζειν.

255 2478 265 2496 ι
280 2470 374 2505 Μικρὰ
389 2471 461 2506 ζύμη
480 2471 540 2498 ὅλον
550 2471 581 2498 τὸ
596 2470 711 2506 φύραμα
724 2471 815 2507 ζυμοῖ.
833 2481 842 2496 ι

252 2566 311 2594 Ἵνα
344 2567 380 2603 μή
410 2575 453 2599 τις
483 2568 560 2604 λέγῃ,
576 2568 609 2595 Τί
624 2568 654 2594 τὸ
679 2569 796 2603 πρᾶγμα
813 2567 938 2604 ἐπαίρεις
963 2567 1003 2603 τῷ

215 2613 302 2649 Mm);
320 2614 383 2648 μίαν
405 2613 514 2649 ἐντολὴν
535 2613 620 2649 μόνην
650 2614 823 2648 ὲφυλάξαμεν
837 2613 884 2640 τοῦ
907 2613 1001 2649 νόμου,

214 2659 262 2687 καὶ
280 2658 400 2686 τοσαῦτα
407 2658 545 2694 Θορυΰεῖςς
561 2659 677 2686 ἄκουσον
696 2659 753 2690 πῶς
769 2659 883 2694 ὲκφοδεῖ
896 2658 940 2685 διὰ
953 2658 1001 2685 τοῦ

214 2704 444 2740 παραδείγματος.
467 2705 501 2731 Ὀ
513 2705 542 2732 δὲ
559 2704 642 2739 λέγει,
656 2705 776 2733 τοιοῦτόν
791 2706 876 2732 ἐστιν·
896 2705 1002 2742 ’Ὠσπερ

214 2749 232 2786 ὴ
247 2751 320 2787 ζύμη
337 2751 425 2787 μικρά
440 2760 483 2783 τις
493 2749 563 2779 οὖσα
579 2751 640 2778 ὅλον
660 2751 691 2778 τὸ
710 2751 825 2787 φύραμα
848 2752 887 2783 εἰς
902 2751 1001 2787 ἑαυτὴν

217 2796 401 2832 μετατίθησιν,
415 2795 486 2823 οὕτω
501 2796 549 2823 καὶ
560 2796 634 2832 ὑμᾶς
656 2796 782 2831 Bevum}
801 2796 893 2832 φησιν,
909 2797 939 2824 τὸ
954 2806 999 2832 μι-

363 2842 498 2874 ΡΑπιοι..
511 2843 573 2885 _Gs.
585 2843 672 2875 XCV.

1055 2209 1088 2228 ne
1103 2206 1165 2236 post
1179 2201 1277 2229 talium
1296 2201 1333 2229 sit
1349 2201 1490 2230 curiosus.

1090 2246 1175 2275 Vens.
1190 2247 1217 2275 8.
1237 2256 1246 2273 ι
1263 2246 1411 2275 Persuasio
1429 2248 1486 2276 hazc
1504 2255 1559 2275 non
1574 2252 1617 2276 est
1640 2256 1673 2277 ex
1689 2256 1722 2277 eo
1736 2249 1783 2284 qui
1799 2257 1846 2277 vo-

1054 2297 1099 2321 cat
1114 2301 1172 2322 vos.
1189 2303 1198 2320 ι

1086 2338 1145 2366 Νοη
1175 2339 1209 2366 ad
1237 2340 1289 2367 hoc
1314 2341 1423 2367 vocavit
1451 2347 1512 2372 vos,
1537 2340 1582 2375 qui
1601 2339 1720 2372 vocavit,
1749 2343 1778 2367 ut
1793 2339 1846 2368 hoc

1055 2385 1137 2413 modo
1153 2385 1348 2419 ﬂuctuaretis;
1378 2394 1428 2414 nec
1446 2386 1533 2421 legem
1562 2385 1730 2421 praescripsit
1755 2385 1845 2420 vobis,

1056 2437 1084 2458 ut
1100 2431 1230 2459 Judaicos
1248 2439 1341 2460 mores
1355 2432 1543 2460 sectarcmini.

1092 2476 1177 2504 Vsus.
1191 2477 1218 2504 9.
1238 2486 1247 2503 ι
1270 2477 1408 2505 Modicum
1432 2477 1597 2505 fermentum
1623 2481 1708 2505 totam
1724 2485 1846 2506 massam

1053 2524 1217 2557 corrumpit.
1234 2533 1242 2549 ι

1088 2569 1125 2596 Nc
1140 2569 1214 2596 dicat
1229 2569 1330 2605 aliquis
1347 2569 1437 2602 :Quid
1451 2569 1487 2597 ita
1502 2570 1593 2598 verbis
1611 2577 1669 2598 rem
1694 2571 1848 2607 exageras?

1053 2622 1139 2641 unum
1166 2615 1235 2650 legis
1262 2615 1423 2643 mandatum
1454 2617 1676 2651 observavimus,
1699 2622 1727 2646 et
1751 2621 1844 2645 tantos

1053 2661 1110 2688 cies
1134 2661 1291 2689 tumultus?
1319 2662 1382 2690 vide
1408 2663 1548 2697 quomodo
1578 2668 1712 2691 terrorem
1743 2663 1845 2690 incutit

1053 2706 1171 2734 adducto
1193 2707 1332 2742 exemplo.
1357 2708 1435 2741 Quod
1461 2716 1544 2744 porro
1567 2709 1645 2742 dicit,
1668 2709 1741 2737 hunc
1762 2708 1844 2737 habet

1053 2760 1176 2780 sensum.
1194 2753 1433 2789 Quemadmodum
1455 2756 1632 2789 fermentum,
1654 2756 1763 2784 tametsi
1783 2757 1844 2784 exi.

1053 2806 1136 2833 suum
1154 2799 1201 2832 sit,
1224 2803 1310 2827 totam
1333 2802 1560 2837 conspersionem
1579 2802 1607 2829 in
1638 2810 1668 2830 sc
1689 2801 1844 2834 convertit,

1584 2848 1621 2878 26
