  <div class='ocr_page' id='page_1' title='image "/cluster/home/n/w/nwhite01/storage/ocr_20150623/95/njp.32101077772844/413.png"; bbox 0 0 2077 3114; ppageno 0'>
   <div class='ocr_carea' id='block_1_1' title="bbox 242 109 1873 145">
    <p class='ocr_par' dir='ltr' id='par_1_1' title="bbox 242 109 1873 145">
     <span class='ocr_line' id='line_1_1' title="bbox 242 109 1873 145; baseline 0.001 -5"><span class='ocrx_word' id='word_1_1' title='bbox 242 112 295 145; x_wconf 66' lang='lat' dir='ltr'><strong>8H</strong></span> <span class='ocrx_word' id='word_1_2' title='bbox 829 109 858 139; x_wconf 95' lang='lat' dir='ltr'><strong>S.</strong></span> <span class='ocrx_word' id='word_1_3' title='bbox 880 110 1039 141; x_wconf 82' lang='lat' dir='ltr'><strong>JOANNIS</strong></span> <span class='ocrx_word' id='word_1_4' title='bbox 1057 110 1271 142; x_wconf 80' lang='lat' dir='ltr'><strong>DAMASCENI</strong></span> <span class='ocrx_word' id='word_1_5' title='bbox 1821 109 1873 142; x_wconf 77' lang='lat'><strong>812</strong></span> 
     </span>
    </p>
   </div>
   <div class='ocr_carea' id='block_1_2' title="bbox 248 164 1068 204">
    <p class='ocr_par' dir='ltr' id='par_1_2' title="bbox 248 165 1067 204">
     <span class='ocr_line' id='line_1_2' title="bbox 248 165 1067 204; baseline -0.005 -7"><span class='ocrx_word' id='word_1_6' title='bbox 248 171 289 198; x_wconf 74' lang='lat' dir='ltr'><strong>sic</strong></span> <span class='ocrx_word' id='word_1_7' title='bbox 303 167 383 204; x_wconf 80' lang='lat' dir='ltr'><strong>plane</strong></span> <span class='ocrx_word' id='word_1_8' title='bbox 394 168 524 203; x_wconf 79' lang='lat' dir='ltr'><strong>exiguum</strong></span> <span class='ocrx_word' id='word_1_9' title='bbox 537 167 590 194; x_wconf 87' lang='lat' dir='ltr'><strong>hoc</strong></span> <span class='ocrx_word' id='word_1_10' title='bbox 606 166 727 198; x_wconf 82' lang='lat' dir='ltr'><strong>malum,</strong></span> <span class='ocrx_word' id='word_1_11' title='bbox 754 165 853 200; x_wconf 84' lang='lat' dir='ltr'><strong>inquit,</strong></span> <span class='ocrx_word' id='word_1_12' title='bbox 872 166 926 194; x_wconf 91' lang='lat' dir='ltr'><strong>nisi</strong></span> <span class='ocrx_word' id='word_1_13' title='bbox 941 166 1030 194; x_wconf 79' lang='lat' dir='ltr'><strong>corri—</strong></span> <span class='ocrx_word' id='word_1_14' title='bbox 1044 168 1067 198; x_wconf 75' lang='grc' dir='ltr'><strong>Α</strong></span> 
     </span>
    </p>
   </div>
   <div class='ocr_carea' id='block_1_3' title="bbox 1051 164 1871 204">
    <p class='ocr_par' dir='ltr' id='par_1_3' title="bbox 1051 164 1871 203">
     <span class='ocr_line' id='line_1_3' title="bbox 1051 164 1871 203; baseline -0.004 -9"><span class='ocrx_word' id='word_1_15' title='bbox 1051 168 1067 197; x_wconf 58' lang='grc' dir='ltr'>Α</span> <span class='ocrx_word' id='word_1_16' title='bbox 1082 167 1147 203; x_wconf 78' lang='grc' dir='ltr'>κρδν</span> <span class='ocrx_word' id='word_1_17' title='bbox 1171 167 1250 194; x_wconf 83' lang='grc' dir='ltr'>τοῦτο</span> <span class='ocrx_word' id='word_1_18' title='bbox 1278 166 1362 194; x_wconf 73' lang='grc' dir='ltr'>κακὸν</span> <span class='ocrx_word' id='word_1_19' title='bbox 1392 166 1428 201; x_wconf 82' lang='grc' dir='ltr'>μὴ</span> <span class='ocrx_word' id='word_1_20' title='bbox 1459 164 1613 200; x_wconf 77' lang='grc' dir='ltr'>διορθωθὲν,</span> <span class='ocrx_word' id='word_1_21' title='bbox 1633 164 1679 192; x_wconf 71' lang='grc' dir='ltr'><strong>καὶ</strong></span> <span class='ocrx_word' id='word_1_22' title='bbox 1707 164 1747 196; x_wconf 75' lang='grc' dir='ltr'><strong>είς</strong></span> <span class='ocrx_word' id='word_1_23' title='bbox 1772 164 1871 192; x_wconf 76' lang='grc' dir='ltr'>τέλειον</span> 
     </span>
    </p>
   </div>
   <div class='ocr_carea' id='block_1_4' title="bbox 249 211 1069 251">
    <p class='ocr_par' dir='ltr' id='par_1_4' title="bbox 249 211 1032 251">
     <span class='ocr_line' id='line_1_4' title="bbox 249 211 1032 251; baseline -0.005 -8"><span class='ocrx_word' id='word_1_24' title='bbox 249 219 340 250; x_wconf 70' lang='lat' dir='ltr'><strong>satur,</strong></span> <span class='ocrx_word' id='word_1_25' title='bbox 362 219 452 251; x_wconf 89' lang='lat' dir='ltr'><strong>potest</strong></span> <span class='ocrx_word' id='word_1_26' title='bbox 482 221 529 241; x_wconf 82' lang='lat' dir='ltr'><strong>vos</strong></span> <span class='ocrx_word' id='word_1_27' title='bbox 555 213 580 240; x_wconf 91' lang='lat' dir='ltr'><strong>in</strong></span> <span class='ocrx_word' id='word_1_28' title='bbox 604 211 754 247; x_wconf 82' lang='lat' dir='ltr'><strong>perfectum</strong></span> <span class='ocrx_word' id='word_1_29' title='bbox 780 211 951 240; x_wconf 86' lang='lat' dir='ltr'><strong>Judaismum</strong></span> <span class='ocrx_word' id='word_1_30' title='bbox 970 219 1032 246; x_wconf 85' lang='lat' dir='ltr'><strong>per-</strong></span> 
     </span>
    </p>
   </div>
   <div class='ocr_carea' id='block_1_5' title="bbox 576 211 1396 251">
    <p class='ocr_par' dir='ltr' id='par_1_5' title="bbox 576 211 1396 248">
     <span class='ocr_line' id='line_1_5' title="bbox 576 211 1396 248; baseline -0.002 -8"><span class='ocrx_word' id='word_1_31' title='bbox 576 221 580 239; x_wconf 96' lang='lat'><em>|</em></span> <span class='ocrx_word' id='word_1_32' title='bbox 604 211 754 247; x_wconf 82' lang='lat' dir='ltr'><strong>perfectum</strong></span> <span class='ocrx_word' id='word_1_33' title='bbox 780 211 951 240; x_wconf 86' lang='lat' dir='ltr'><strong>Judaismum</strong></span> <span class='ocrx_word' id='word_1_34' title='bbox 970 219 1032 246; x_wconf 85' lang='lat' dir='ltr'><strong>per-</strong></span> <span class='ocrx_word' id='word_1_35' title='bbox 1091 212 1256 248; x_wconf 81' lang='grc' dir='ltr'>Ἰουδαῖσμδν</span> <span class='ocrx_word' id='word_1_36' title='bbox 1273 213 1396 247; x_wconf 81' lang='grc' dir='ltr'><strong>ἀγαγεῖν.</strong></span> 
     </span>
    </p>
   </div>
   <div class='ocr_carea' id='block_1_6' title="bbox 247 262 1569 290">
    <p class='ocr_par' dir='ltr' id='par_1_6' title="bbox 247 262 1569 290">
     <span class='ocr_line' id='line_1_6' title="bbox 247 262 1569 290; baseline 0.011 -2"><span class='ocrx_word' id='word_1_37' title='bbox 247 262 368 289; x_wconf 83' lang='lat' dir='ltr'><strong>trahere.</strong></span> <span class='ocrx_word' id='word_1_38' title='bbox 1560 282 1569 290; x_wconf 60' lang='grc' dir='ltr'><strong>ν’</strong></span> 
     </span>
    </p>
   </div>
   <div class='ocr_carea' id='block_1_7' title="bbox 283 301 1103 341">
    <p class='ocr_par' dir='ltr' id='par_1_7' title="bbox 283 304 1032 341">
     <span class='ocr_line' id='line_1_7' title="bbox 283 304 1032 341; baseline -0.003 -7"><span class='ocrx_word' id='word_1_39' title='bbox 283 307 364 334; x_wconf 75' lang='lat' dir='ltr'><strong>Vsus.</strong></span> <span class='ocrx_word' id='word_1_40' title='bbox 382 306 425 334; x_wconf 82' lang='grc'><strong>10.</strong></span> <span class='ocrx_word' id='word_1_41' title='bbox 445 315 454 331; x_wconf 89' lang='grc' dir='ltr'><strong>ι</strong></span> <span class='ocrx_word' id='word_1_42' title='bbox 471 306 527 341; x_wconf 80' lang='lat' dir='ltr'><strong>Ego</strong></span> <span class='ocrx_word' id='word_1_43' title='bbox 542 304 651 332; x_wconf 79' lang='lat' dir='ltr'><strong>conﬁdo</strong></span> <span class='ocrx_word' id='word_1_44' title='bbox 677 305 755 332; x_wconf 67' lang='lat' dir='ltr'><strong>\‘obis</strong></span> <span class='ocrx_word' id='word_1_45' title='bbox 771 305 797 332; x_wconf 93' lang='lat' dir='ltr'><strong>iu</strong></span> <span class='ocrx_word' id='word_1_46' title='bbox 817 304 943 338; x_wconf 89' lang='lat' dir='ltr'><strong>Domino,</strong></span> <span class='ocrx_word' id='word_1_47' title='bbox 959 304 1032 340; x_wconf 88' lang='lat' dir='ltr'><strong>quod</strong></span> 
     </span>
    </p>
   </div>
   <div class='ocr_carea' id='block_1_8' title="bbox 1052 301 1872 341">
    <p class='ocr_par' dir='ltr' id='par_1_8' title="bbox 1123 301 1872 338">
     <span class='ocr_line' id='line_1_8' title="bbox 1123 301 1872 338; baseline -0.003 -8"><span class='ocrx_word' id='word_1_48' title='bbox 1123 313 1132 329; x_wconf 82' lang='grc' dir='ltr'><strong>ι</strong></span> <span class='ocrx_word' id='word_1_49' title='bbox 1157 303 1229 337; x_wconf 73' lang='grc' dir='ltr'><strong>Ίῖγὼ</strong></span> <span class='ocrx_word' id='word_1_50' title='bbox 1243 303 1271 330; x_wconf 78' lang='grc' dir='ltr'>δὲ</span> <span class='ocrx_word' id='word_1_51' title='bbox 1285 303 1402 330; x_wconf 79' lang='grc' dir='ltr'><strong>πέποιθα</strong></span> <span class='ocrx_word' id='word_1_52' title='bbox 1416 303 1456 334; x_wconf 72' lang='grc' dir='ltr'>εἰς</span> <span class='ocrx_word' id='word_1_53' title='bbox 1480 303 1551 338; x_wconf 84' lang='grc' dir='ltr'>ὑμᾶς</span> <span class='ocrx_word' id='word_1_54' title='bbox 1566 303 1595 329; x_wconf 76' lang='grc' dir='ltr'>ὲν</span> <span class='ocrx_word' id='word_1_55' title='bbox 1614 302 1719 338; x_wconf 82' lang='grc' dir='ltr'>Κυρίῳ,</span> <span class='ocrx_word' id='word_1_56' title='bbox 1739 301 1779 328; x_wconf 82' lang='grc' dir='ltr'>ὅτι</span> <span class='ocrx_word' id='word_1_57' title='bbox 1795 301 1872 328; x_wconf 74' lang='grc' dir='ltr'>οὐδὲν</span> 
     </span>
    </p>
   </div>
   <div class='ocr_carea' id='block_1_9' title="bbox 247 349 1067 388">
    <p class='ocr_par' dir='ltr' id='par_1_9' title="bbox 247 352 581 388">
     <span class='ocr_line' id='line_1_9' title="bbox 247 352 581 388; baseline -0.009 -7"><span class='ocrx_word' id='word_1_58' title='bbox 247 354 316 382; x_wconf 84' lang='lat' dir='ltr'><strong>nihil</strong></span> <span class='ocrx_word' id='word_1_59' title='bbox 331 352 409 380; x_wconf 82' lang='lat' dir='ltr'><strong>aliud</strong></span> <span class='ocrx_word' id='word_1_60' title='bbox 427 352 551 388; x_wconf 86' lang='lat' dir='ltr'><strong>sapictis.</strong></span> <span class='ocrx_word' id='word_1_61' title='bbox 573 361 581 377; x_wconf 71' lang='grc' dir='ltr'><strong>ι</strong></span> 
     </span>
    </p>
   </div>
   <div class='ocr_carea' id='block_1_10' title="bbox 820 349 1640 388">
    <p class='ocr_par' dir='ltr' id='par_1_10' title="bbox 1083 349 1640 387">
     <span class='ocr_line' id='line_1_10' title="bbox 1083 349 1640 387; baseline -0.005 -9"><span class='ocrx_word' id='word_1_62' title='bbox 1083 349 1148 378; x_wconf 79' lang='grc' dir='ltr'>ἄλλο</span> <span class='ocrx_word' id='word_1_63' title='bbox 1162 351 1322 387; x_wconf 81' lang='grc' dir='ltr'><strong>φρονήσετε.</strong></span> <span class='ocrx_word' id='word_1_64' title='bbox 1342 360 1352 376; x_wconf 70' lang='grc' dir='ltr'><strong>ι</strong></span> <span class='ocrx_word' id='word_1_65' title='bbox 1636 370 1640 371; x_wconf 45' lang='grc' dir='ltr'><strong>ν</strong></span> 
     </span>
    </p>
   </div>
   <div class='ocr_carea' id='block_1_11' title="bbox 281 394 1101 433">
    <p class='ocr_par' dir='ltr' id='par_1_11' title="bbox 281 397 1032 433">
     <span class='ocr_line' id='line_1_11' title="bbox 281 397 1032 433; baseline -0.001 -7"><span class='ocrx_word' id='word_1_66' title='bbox 281 399 344 426; x_wconf 85' lang='lat' dir='ltr'><strong>Non</strong></span> <span class='ocrx_word' id='word_1_67' title='bbox 376 399 456 431; x_wconf 80' lang='lat' dir='ltr'><strong>dixit,</strong></span> <span class='ocrx_word' id='word_1_68' title='bbox 484 405 539 426; x_wconf 91' lang='lat' dir='ltr'><strong>non</strong></span> <span class='ocrx_word' id='word_1_69' title='bbox 568 398 685 433; x_wconf 85' lang='lat' dir='ltr'><strong>sapitis;</strong></span> <span class='ocrx_word' id='word_1_70' title='bbox 702 397 759 429; x_wconf 87' lang='lat' dir='ltr'><strong>sed,</strong></span> <span class='ocrx_word' id='word_1_71' title='bbox 788 406 838 424; x_wconf 83' lang='lat' dir='ltr'><strong>non</strong></span> <span class='ocrx_word' id='word_1_72' title='bbox 860 398 989 431; x_wconf 72' lang='lat' dir='ltr'><strong>sapielis,</strong></span> <span class='ocrx_word' id='word_1_73' title='bbox 1006 397 1032 425; x_wconf 96' lang='lat' dir='ltr'><strong>id</strong></span> 
     </span>
    </p>
   </div>
   <div class='ocr_carea' id='block_1_12' title="bbox 1051 394 1871 433">
    <p class='ocr_par' dir='ltr' id='par_1_12' title="bbox 1116 394 1871 432">
     <span class='ocr_line' id='line_1_12' title="bbox 1116 394 1871 432; baseline -0.004 -7"><span class='ocrx_word' id='word_1_74' title='bbox 1116 399 1172 426; x_wconf 83' lang='grc' dir='ltr'>Οὐκ</span> <span class='ocrx_word' id='word_1_75' title='bbox 1181 397 1266 430; x_wconf 78' lang='grc' dir='ltr'>εἶπεν,</span> <span class='ocrx_word' id='word_1_76' title='bbox 1275 398 1315 424; x_wconf 79' lang='grc' dir='ltr'><strong>ὅτι</strong></span> <span class='ocrx_word' id='word_1_77' title='bbox 1324 397 1362 424; x_wconf 89' lang='grc' dir='ltr'><strong>Οὺ</strong></span> <span class='ocrx_word' id='word_1_78' title='bbox 1373 397 1508 432; x_wconf 77' lang='grc' dir='ltr'><strong>φρονεῖτε,</strong></span> <span class='ocrx_word' id='word_1_79' title='bbox 1522 395 1579 423; x_wconf 84' lang='grc' dir='ltr'>ἀλλ’</span> <span class='ocrx_word' id='word_1_80' title='bbox 1589 395 1629 422; x_wconf 73' lang='grc' dir='ltr'>ὅτι</span> <span class='ocrx_word' id='word_1_81' title='bbox 1641 395 1682 422; x_wconf 84' lang='grc' dir='ltr'>οὐ</span> <span class='ocrx_word' id='word_1_82' title='bbox 1692 394 1871 430; x_wconf 59' lang='lat' dir='ltr'><strong>many-dasn-</strong></span> 
     </span>
    </p>
   </div>
   <div class='ocr_carea' id='block_1_13' title="bbox 246 441 1066 480">
    <p class='ocr_par' dir='ltr' id='par_1_13' title="bbox 246 444 504 480">
     <span class='ocr_line' id='line_1_13' title="bbox 246 444 504 480; baseline -0.004 -8"><span class='ocrx_word' id='word_1_83' title='bbox 246 449 299 477; x_wconf 85' lang='lat' dir='ltr'><strong>est,</strong></span> <span class='ocrx_word' id='word_1_84' title='bbox 315 444 504 480; x_wconf 68' lang='lat' dir='ltr'><strong>corrigentini.</strong></span> 
     </span>
    </p>
   </div>
   <div class='ocr_carea' id='block_1_14' title="bbox 715 441 1535 480">
    <p class='ocr_par' dir='ltr' id='par_1_14' title="bbox 1083 441 1535 478">
     <span class='ocr_line' id='line_1_14' title="bbox 1083 441 1535 478; baseline -0.007 -7"><span class='ocrx_word' id='word_1_85' title='bbox 1083 443 1233 476; x_wconf 76' lang='grc' dir='ltr'><strong>τουτέστιν,</strong></span> <span class='ocrx_word' id='word_1_86' title='bbox 1247 443 1288 469; x_wconf 79' lang='grc' dir='ltr'>ὅτι</span> <span class='ocrx_word' id='word_1_87' title='bbox 1304 441 1535 478; x_wconf 83' lang='grc' dir='ltr'>Διορθωθήσεσθε.</span> 
     </span>
    </p>
   </div>
   <div class='ocr_carea' id='block_1_15' title="bbox 281 487 1101 524">
    <p class='ocr_par' dir='ltr' id='par_1_15' title="bbox 281 489 1030 524">
     <span class='ocr_line' id='line_1_15' title="bbox 281 489 1030 524; baseline -0.001 -7"><span class='ocrx_word' id='word_1_88' title='bbox 281 501 290 517; x_wconf 78' lang='grc' dir='ltr'><strong>ι</strong></span> <span class='ocrx_word' id='word_1_89' title='bbox 306 491 358 524; x_wconf 76' lang='lat' dir='ltr'><strong>Qui</strong></span> <span class='ocrx_word' id='word_1_90' title='bbox 381 495 473 518; x_wconf 84' lang='lat' dir='ltr'><strong>autem</strong></span> <span class='ocrx_word' id='word_1_91' title='bbox 500 489 647 517; x_wconf 81' lang='lat' dir='ltr'><strong>conturbat</strong></span> <span class='ocrx_word' id='word_1_92' title='bbox 671 496 731 521; x_wconf 85' lang='lat' dir='ltr'><strong>vos.</strong></span> <span class='ocrx_word' id='word_1_93' title='bbox 755 489 874 523; x_wconf 87' lang='lat' dir='ltr'><strong>portabit</strong></span> <span class='ocrx_word' id='word_1_94' title='bbox 887 489 1030 524; x_wconf 80' lang='lat' dir='ltr'><strong>judicium,</strong></span> 
     </span>
    </p>
   </div>
   <div class='ocr_carea' id='block_1_16' title="bbox 1052 487 1872 524">
    <p class='ocr_par' dir='ltr' id='par_1_16' title="bbox 1123 487 1872 524">
     <span class='ocr_line' id='line_1_16' title="bbox 1123 487 1872 524; baseline -0.004 -8"><span class='ocrx_word' id='word_1_95' title='bbox 1123 499 1132 516; x_wconf 79' lang='grc' dir='ltr'><strong>ι</strong></span> <span class='ocrx_word' id='word_1_96' title='bbox 1144 490 1172 516; x_wconf 89' lang='lat'><strong>&#39;0</strong></span> <span class='ocrx_word' id='word_1_97' title='bbox 1182 490 1210 516; x_wconf 78' lang='grc' dir='ltr'>δὲ</span> <span class='ocrx_word' id='word_1_98' title='bbox 1225 490 1369 524; x_wconf 76' lang='grc' dir='ltr'>ταράσσων</span> <span class='ocrx_word' id='word_1_99' title='bbox 1380 489 1463 524; x_wconf 80' lang='grc' dir='ltr'>ὑμᾶς,</span> <span class='ocrx_word' id='word_1_100' title='bbox 1484 487 1614 524; x_wconf 80' lang='grc' dir='ltr'>βαστάσει</span> <span class='ocrx_word' id='word_1_101' title='bbox 1630 487 1660 514; x_wconf 83' lang='grc' dir='ltr'><strong>τδ</strong></span> <span class='ocrx_word' id='word_1_102' title='bbox 1677 489 1776 523; x_wconf 82' lang='grc' dir='ltr'>κρῖμα,</span> <span class='ocrx_word' id='word_1_103' title='bbox 1800 487 1872 519; x_wconf 80' lang='grc' dir='ltr'>ὅστις</span> 
     </span>
    </p>
   </div>
   <div class='ocr_carea' id='block_1_17' title="bbox 245 533 1065 572">
    <p class='ocr_par' dir='ltr' id='par_1_17' title="bbox 245 535 557 572">
     <span class='ocr_line' id='line_1_17' title="bbox 245 535 557 572; baseline -0.006 -9"><span class='ocrx_word' id='word_1_104' title='bbox 245 536 405 572; x_wconf 82' lang='lat' dir='ltr'><strong>quicunque</strong></span> <span class='ocrx_word' id='word_1_105' title='bbox 418 540 461 563; x_wconf 89' lang='lat' dir='ltr'><strong>est</strong></span> <span class='ocrx_word' id='word_1_106' title='bbox 476 535 532 562; x_wconf 87' lang='lat' dir='ltr'><strong>ille.</strong></span> <span class='ocrx_word' id='word_1_107' title='bbox 549 544 557 561; x_wconf 83' lang='grc' dir='ltr'><strong>ι</strong></span> 
     </span>
    </p>
   </div>
   <div class='ocr_carea' id='block_1_18' title="bbox 368 533 1188 572">
    <p class='ocr_par' dir='ltr' id='par_1_18' title="bbox 372 533 1188 571">
     <span class='ocr_line' id='line_1_18' title="bbox 372 533 1188 571; baseline -0.002 -8"><span class='ocrx_word' id='word_1_108' title='bbox 372 544 405 564; x_wconf 88' lang='lat' dir='ltr'><strong>ue</strong></span> <span class='ocrx_word' id='word_1_109' title='bbox 418 540 461 563; x_wconf 89' lang='lat' dir='ltr'><strong>est</strong></span> <span class='ocrx_word' id='word_1_110' title='bbox 476 535 532 562; x_wconf 89' lang='lat' dir='ltr'><strong>ille.</strong></span> <span class='ocrx_word' id='word_1_111' title='bbox 549 544 557 561; x_wconf 83' lang='grc' dir='ltr'><strong>ι</strong></span> <span class='ocrx_word' id='word_1_112' title='bbox 1084 535 1116 562; x_wconf 86' lang='grc' dir='ltr'>ἂν</span> <span class='ocrx_word' id='word_1_113' title='bbox 1131 533 1161 571; x_wconf 82' lang='grc' dir='ltr'>ᾖ,</span> <span class='ocrx_word' id='word_1_114' title='bbox 1180 544 1188 560; x_wconf 81' lang='grc' dir='ltr'><strong>ι</strong></span> 
     </span>
    </p>
   </div>
   <div class='ocr_carea' id='block_1_19' title="bbox 281 578 1101 617">
    <p class='ocr_par' dir='ltr' id='par_1_19' title="bbox 281 580 1031 617">
     <span class='ocr_line' id='line_1_19' title="bbox 281 580 1031 617; baseline -0.005 -7"><span class='ocrx_word' id='word_1_115' title='bbox 281 582 365 610; x_wconf 75' lang='lat' dir='ltr'><strong>Recte</strong></span> <span class='ocrx_word' id='word_1_116' title='bbox 380 589 496 617; x_wconf 83' lang='lat' dir='ltr'><strong>prorsus</strong></span> <span class='ocrx_word' id='word_1_117' title='bbox 514 588 663 616; x_wconf 65' lang='lat' dir='ltr'><strong>nusquamA</strong></span> <span class='ocrx_word' id='word_1_118' title='bbox 675 581 798 608; x_wconf 86' lang='lat' dir='ltr'><strong>nomina.</strong></span> <span class='ocrx_word' id='word_1_119' title='bbox 810 580 1031 615; x_wconf 83' lang='lat' dir='ltr'><strong>perturbantium</strong></span> 
     </span>
    </p>
   </div>
   <div class='ocr_carea' id='block_1_20' title="bbox 1050 578 1870 617">
    <p class='ocr_par' dir='ltr' id='par_1_20' title="bbox 1118 578 1870 616">
     <span class='ocr_line' id='line_1_20' title="bbox 1118 578 1870 616; baseline -0.004 -8"><span class='ocrx_word' id='word_1_120' title='bbox 1118 579 1155 608; x_wconf 86' lang='grc' dir='ltr'><strong>Εὖ</strong></span> <span class='ocrx_word' id='word_1_121' title='bbox 1174 581 1205 608; x_wconf 83' lang='grc' dir='ltr'>τὸ</span> <span class='ocrx_word' id='word_1_122' title='bbox 1221 580 1348 616; x_wconf 77' lang='grc' dir='ltr'><strong>μηδαμοῦ</strong></span> <span class='ocrx_word' id='word_1_123' title='bbox 1377 581 1463 616; x_wconf 71' lang='grc' dir='ltr'>ὄνομα</span> <span class='ocrx_word' id='word_1_124' title='bbox 1478 581 1532 607; x_wconf 85' lang='grc' dir='ltr'>τῶν</span> <span class='ocrx_word' id='word_1_125' title='bbox 1556 579 1746 616; x_wconf 79' lang='grc' dir='ltr'><strong>ταρασσόντων</strong></span> <span class='ocrx_word' id='word_1_126' title='bbox 1774 578 1870 612; x_wconf 80' lang='grc' dir='ltr'>θεῖναι,</span> 
     </span>
    </p>
   </div>
   <div class='ocr_carea' id='block_1_21' title="bbox 247 626 1067 663">
    <p class='ocr_par' dir='ltr' id='par_1_21' title="bbox 247 626 749 662">
     <span class='ocr_line' id='line_1_21' title="bbox 247 626 749 662; baseline -0.006 -6"><span class='ocrx_word' id='word_1_127' title='bbox 247 628 343 661; x_wconf 88' lang='lat' dir='ltr'><strong>edidit,</strong></span> <span class='ocrx_word' id='word_1_128' title='bbox 359 635 393 655; x_wconf 87' lang='lat' dir='ltr'><strong>ne</strong></span> <span class='ocrx_word' id='word_1_129' title='bbox 409 627 626 662; x_wconf 86' lang='lat' dir='ltr'><strong>impudentiores</strong></span> <span class='ocrx_word' id='word_1_130' title='bbox 642 626 749 654; x_wconf 83' lang='lat' dir='ltr'><strong>ﬁerent.</strong></span> 
     </span>
    </p>
   </div>
   <div class='ocr_carea' id='block_1_22' title="bbox 774 626 1594 663">
    <p class='ocr_par' dir='ltr' id='par_1_22' title="bbox 1083 626 1594 663">
     <span class='ocr_line' id='line_1_22' title="bbox 1083 626 1594 663; baseline 0 -10"><span class='ocrx_word' id='word_1_131' title='bbox 1083 627 1129 654; x_wconf 83' lang='grc' dir='ltr'><strong>ἵνα</strong></span> <span class='ocrx_word' id='word_1_132' title='bbox 1143 627 1182 663; x_wconf 85' lang='grc' dir='ltr'>μὴ</span> <span class='ocrx_word' id='word_1_133' title='bbox 1199 627 1436 662; x_wconf 80' lang='grc' dir='ltr'><strong>ἀναισχυντότεροι</strong></span> <span class='ocrx_word' id='word_1_134' title='bbox 1452 626 1594 661; x_wconf 84' lang='grc' dir='ltr'>γένωνται.</span> 
     </span>
    </p>
   </div>
   <div class='ocr_carea' id='block_1_23' title="bbox 280 669 1100 708">
    <p class='ocr_par' dir='ltr' id='par_1_23' title="bbox 280 672 1032 708">
     <span class='ocr_line' id='line_1_23' title="bbox 280 672 1032 708; baseline -0.001 -7"><span class='ocrx_word' id='word_1_135' title='bbox 280 674 363 702; x_wconf 69' lang='lat' dir='ltr'><strong>Vsus.</strong></span> <span class='ocrx_word' id='word_1_136' title='bbox 380 673 424 700; x_wconf 76' lang='lat' dir='ltr'><strong>ll.</strong></span> <span class='ocrx_word' id='word_1_137' title='bbox 452 683 461 699; x_wconf 78' lang='grc' dir='ltr'><strong>ι</strong></span> <span class='ocrx_word' id='word_1_138' title='bbox 476 673 533 708; x_wconf 72' lang='lat' dir='ltr'><strong>Ego</strong></span> <span class='ocrx_word' id='word_1_139' title='bbox 548 677 652 706; x_wconf 87' lang='lat' dir='ltr'><strong>autem,</strong></span> <span class='ocrx_word' id='word_1_140' title='bbox 669 672 779 705; x_wconf 81' lang='lat' dir='ltr'><strong>fratres,</strong></span> <span class='ocrx_word' id='word_1_141' title='bbox 796 672 820 699; x_wconf 90' lang='lat' dir='ltr'><strong>si</strong></span> <span class='ocrx_word' id='word_1_142' title='bbox 841 672 1032 700; x_wconf 85' lang='lat' dir='ltr'><strong>circumcisio-</strong></span> 
     </span>
    </p>
   </div>
   <div class='ocr_carea' id='block_1_24' title="bbox 1052 669 1872 708">
    <p class='ocr_par' dir='ltr' id='par_1_24' title="bbox 1122 669 1872 707">
     <span class='ocr_line' id='line_1_24' title="bbox 1122 669 1872 707; baseline -0.003 -8"><span class='ocrx_word' id='word_1_143' title='bbox 1122 683 1131 699; x_wconf 77' lang='grc' dir='ltr'><strong>ι</strong></span> <span class='ocrx_word' id='word_1_144' title='bbox 1157 672 1227 707; x_wconf 79' lang='grc' dir='ltr'><strong>Ἐγὼ</strong></span> <span class='ocrx_word' id='word_1_145' title='bbox 1240 673 1279 706; x_wconf 75' lang='grc' dir='ltr'>δὲ,</span> <span class='ocrx_word' id='word_1_146' title='bbox 1306 673 1428 707; x_wconf 73' lang='grc' dir='ltr'>ἀδελφοὶ,</span> <span class='ocrx_word' id='word_1_147' title='bbox 1448 673 1473 699; x_wconf 78' lang='grc' dir='ltr'><strong>εί</strong></span> <span class='ocrx_word' id='word_1_148' title='bbox 1496 671 1648 707; x_wconf 83' lang='grc' dir='ltr'>περιτομὴν</span> <span class='ocrx_word' id='word_1_149' title='bbox 1669 670 1711 698; x_wconf 69' lang='grc' dir='ltr'>ἔτι</span> <span class='ocrx_word' id='word_1_150' title='bbox 1730 669 1872 706; x_wconf 60' lang='grc' dir='ltr'>κηρύσσω,</span> 
     </span>
    </p>
   </div>
   <div class='ocr_carea' id='block_1_25' title="bbox 248 716 1068 754">
    <p class='ocr_par' dir='ltr' id='par_1_25' title="bbox 248 716 1031 752">
     <span class='ocr_line' id='line_1_25' title="bbox 248 716 1031 752; baseline 0.001 -8"><span class='ocrx_word' id='word_1_151' title='bbox 248 725 309 744; x_wconf 85' lang='lat' dir='ltr'><strong>nem</strong></span> <span class='ocrx_word' id='word_1_152' title='bbox 345 716 435 743; x_wconf 86' lang='lat' dir='ltr'><strong>adhuc</strong></span> <span class='ocrx_word' id='word_1_153' title='bbox 465 716 595 751; x_wconf 74' lang='lat' dir='ltr'><strong>praedico,</strong></span> <span class='ocrx_word' id='word_1_154' title='bbox 621 716 687 752; x_wconf 92' lang='lat' dir='ltr'><strong>quid</strong></span> <span class='ocrx_word' id='word_1_155' title='bbox 705 717 796 744; x_wconf 83' lang='lat' dir='ltr'><strong>adhuc</strong></span> <span class='ocrx_word' id='word_1_156' title='bbox 809 717 1031 751; x_wconf 77' lang='lat' dir='ltr'><strong>persecutionem</strong></span> 
     </span>
    </p>
   </div>
   <div class='ocr_carea' id='block_1_26' title="bbox 541 716 1361 754">
    <p class='ocr_par' dir='ltr' id='par_1_26' title="bbox 542 716 1361 754">
     <span class='ocr_line' id='line_1_26' title="bbox 542 716 1361 754; baseline 0.001 -11"><span class='ocrx_word' id='word_1_157' title='bbox 542 717 595 749; x_wconf 87' lang='lat' dir='ltr'><strong>ico,</strong></span> <span class='ocrx_word' id='word_1_158' title='bbox 621 716 687 752; x_wconf 91' lang='lat' dir='ltr'><strong>quid</strong></span> <span class='ocrx_word' id='word_1_159' title='bbox 705 717 796 744; x_wconf 83' lang='lat' dir='ltr'><strong>adhuc</strong></span> <span class='ocrx_word' id='word_1_160' title='bbox 809 717 1031 751; x_wconf 86' lang='lat' dir='ltr'><strong>persecutionem</strong></span> <span class='ocrx_word' id='word_1_161' title='bbox 1083 719 1109 745; x_wconf 78' lang='grc' dir='ltr'><strong>τι</strong></span> <span class='ocrx_word' id='word_1_162' title='bbox 1124 719 1163 746; x_wconf 78' lang='grc' dir='ltr'>ἔτι</span> <span class='ocrx_word' id='word_1_163' title='bbox 1176 718 1328 754; x_wconf 84' lang='grc' dir='ltr'>διώκομαι;</span> <span class='ocrx_word' id='word_1_164' title='bbox 1354 728 1361 744; x_wconf 80' lang='grc' dir='ltr'><strong>ι</strong></span> 
     </span>
    </p>
   </div>
   <div class='ocr_carea' id='block_1_27' title="bbox 245 763 376 797">
    <p class='ocr_par' dir='ltr' id='par_1_27' title="bbox 245 763 376 797">
     <span class='ocr_line' id='line_1_27' title="bbox 245 763 376 797; baseline -0.008 -8"><span class='ocrx_word' id='word_1_165' title='bbox 245 763 354 797; x_wconf 83' lang='lat' dir='ltr'><strong>patior?</strong></span> <span class='ocrx_word' id='word_1_166' title='bbox 367 772 376 788; x_wconf 70' lang='grc' dir='ltr'><strong>ι</strong></span> 
     </span>
    </p>
   </div>
   <div class='ocr_carea' id='block_1_28' title="bbox 278 805 1098 845">
    <p class='ocr_par' dir='ltr' id='par_1_28' title="bbox 278 808 1032 845">
     <span class='ocr_line' id='line_1_28' title="bbox 278 808 1032 845; baseline 0.001 -9"><span class='ocrx_word' id='word_1_167' title='bbox 278 808 413 841; x_wconf 85' lang='lat' dir='ltr'><strong>Quoniam</strong></span> <span class='ocrx_word' id='word_1_168' title='bbox 433 809 536 844; x_wconf 88' lang='lat' dir='ltr'><strong>ubique</strong></span> <span class='ocrx_word' id='word_1_169' title='bbox 552 808 760 842; x_wconf 85' lang='lat' dir='ltr'><strong>traducebatur,</strong></span> <span class='ocrx_word' id='word_1_170' title='bbox 777 810 850 845; x_wconf 89' lang='lat' dir='ltr'><strong>quod</strong></span> <span class='ocrx_word' id='word_1_171' title='bbox 872 809 975 845; x_wconf 86' lang='lat' dir='ltr'><strong>ubique</strong></span> <span class='ocrx_word' id='word_1_172' title='bbox 987 809 1032 845; x_wconf 83' lang='lat' dir='ltr'><strong>ju-</strong></span> 
     </span>
    </p>
   </div>
   <div class='ocr_carea' id='block_1_29' title="bbox 1050 805 1870 845">
    <p class='ocr_par' dir='ltr' id='par_1_29' title="bbox 1121 805 1870 843">
     <span class='ocr_line' id='line_1_29' title="bbox 1121 805 1870 843; baseline -0.003 -8"><span class='ocrx_word' id='word_1_173' title='bbox 1121 806 1230 843; x_wconf 79' lang='grc' dir='ltr'>Ἐπειδὴ</span> <span class='ocrx_word' id='word_1_174' title='bbox 1241 807 1378 835; x_wconf 78' lang='grc' dir='ltr'>διέὸαλλον</span> <span class='ocrx_word' id='word_1_175' title='bbox 1390 807 1472 835; x_wconf 83' lang='grc' dir='ltr'>αὑτὸν</span> <span class='ocrx_word' id='word_1_176' title='bbox 1484 807 1521 839; x_wconf 86' lang='grc' dir='ltr'>ὡς</span> <span class='ocrx_word' id='word_1_177' title='bbox 1530 806 1667 842; x_wconf 85' lang='grc' dir='ltr'>πανταχοῦ</span> <span class='ocrx_word' id='word_1_178' title='bbox 1682 805 1870 838; x_wconf 79' lang='grc' dir='ltr'>’ῐουδαῖζοντα,</span> 
     </span>
    </p>
   </div>
   <div class='ocr_carea' id='block_1_30' title="bbox 245 846 1065 891">
    <p class='ocr_par' dir='ltr' id='par_1_30' title="bbox 245 846 1065 891">
     <span class='ocr_line' id='line_1_30' title="bbox 245 846 1065 891; baseline 0.001 -9"><span class='ocrx_word' id='word_1_179' title='bbox 245 854 376 888; x_wconf 78' lang='lat' dir='ltr'><strong>daizaret,</strong></span> <span class='ocrx_word' id='word_1_180' title='bbox 390 862 422 882; x_wconf 82' lang='lat' dir='ltr'><strong>ac</strong></span> <span class='ocrx_word' id='word_1_181' title='bbox 438 855 569 883; x_wconf 84' lang='lat' dir='ltr'><strong>simulato</strong></span> <span class='ocrx_word' id='word_1_182' title='bbox 580 855 672 882; x_wconf 84' lang='lat' dir='ltr'><strong>animo</strong></span> <span class='ocrx_word' id='word_1_183' title='bbox 685 855 860 891; x_wconf 63' lang='lat' dir='ltr'><strong>praedicaret,</strong></span> <span class='ocrx_word' id='word_1_184' title='bbox 874 856 936 884; x_wconf 83' lang='lat' dir='ltr'><strong>vide</strong></span> <span class='ocrx_word' id='word_1_185' title='bbox 949 863 1031 891; x_wconf 91' lang='lat' dir='ltr'><strong>quam</strong></span> <span class='ocrx_word' id='word_1_186' title='bbox 1047 846 1065 876; x_wconf 69' lang='grc' dir='ltr'><strong>Β</strong></span> 
     </span>
    </p>
   </div>
   <div class='ocr_carea' id='block_1_31' title="bbox 1053 846 1873 891">
    <p class='ocr_par' dir='ltr' id='par_1_31' title="bbox 1053 846 1873 889">
     <span class='ocr_line' id='line_1_31' title="bbox 1053 846 1873 889; baseline -0.006 -8"><span class='ocrx_word' id='word_1_187' title='bbox 1053 846 1070 876; x_wconf 77' lang='grc' dir='ltr'><strong>Β</strong></span> <span class='ocrx_word' id='word_1_188' title='bbox 1084 854 1133 881; x_wconf 75' lang='grc' dir='ltr'>καὶ</span> <span class='ocrx_word' id='word_1_189' title='bbox 1149 853 1363 889; x_wconf 79' lang='grc' dir='ltr'>ὑποκρινόμενον</span> <span class='ocrx_word' id='word_1_190' title='bbox 1387 853 1418 880; x_wconf 76' lang='grc' dir='ltr'>το</span> <span class='ocrx_word' id='word_1_191' title='bbox 1445 853 1587 889; x_wconf 85' lang='grc' dir='ltr'>κήρυγμα,</span> <span class='ocrx_word' id='word_1_192' title='bbox 1607 852 1660 888; x_wconf 81' lang='grc' dir='ltr'>ὅρα</span> <span class='ocrx_word' id='word_1_193' title='bbox 1679 851 1738 883; x_wconf 76' lang='grc' dir='ltr'><strong>πῶς</strong></span> <span class='ocrx_word' id='word_1_194' title='bbox 1758 849 1873 886; x_wconf 87' lang='grc' dir='ltr'>καθαρῶ</span> 
     </span>
    </p>
   </div>
   <div class='ocr_carea' id='block_1_32' title="bbox 245 899 1065 937">
    <p class='ocr_par' dir='ltr' id='par_1_32' title="bbox 245 901 1031 936">
     <span class='ocr_line' id='line_1_32' title="bbox 245 901 1031 936; baseline 0.003 -8"><span class='ocrx_word' id='word_1_195' title='bbox 245 908 313 936; x_wconf 86' lang='lat' dir='ltr'><strong>pure</strong></span> <span class='ocrx_word' id='word_1_196' title='bbox 340 901 526 936; x_wconf 83' lang='lat' dir='ltr'><strong>suspicionem</strong></span> <span class='ocrx_word' id='word_1_197' title='bbox 558 902 629 928; x_wconf 82' lang='lat' dir='ltr'><strong>hanc.</strong></span> <span class='ocrx_word' id='word_1_198' title='bbox 655 909 669 928; x_wconf 84' lang='lat' dir='ltr'><strong>a</strong></span> <span class='ocrx_word' id='word_1_199' title='bbox 688 910 718 930; x_wconf 81' lang='lat' dir='ltr'><strong>se</strong></span> <span class='ocrx_word' id='word_1_200' title='bbox 751 906 900 930; x_wconf 77' lang='lat' dir='ltr'><strong>removeat.</strong></span> <span class='ocrx_word' id='word_1_201' title='bbox 926 902 1031 935; x_wconf 73' lang='lat' dir='ltr'><strong>Nostis.</strong></span> 
     </span>
    </p>
   </div>
   <div class='ocr_carea' id='block_1_33' title="bbox 1050 899 1870 937">
    <p class='ocr_par' dir='ltr' id='par_1_33' title="bbox 1082 899 1870 937">
     <span class='ocr_line' id='line_1_33' title="bbox 1082 899 1870 937; baseline -0.005 -8"><span class='ocrx_word' id='word_1_202' title='bbox 1082 901 1266 929; x_wconf 80' lang='grc' dir='ltr'>ὃάπεδύσατο</span> <span class='ocrx_word' id='word_1_203' title='bbox 1281 901 1306 934; x_wconf 69' lang='lat' dir='ltr'><strong>b,</strong></span> <span class='ocrx_word' id='word_1_204' title='bbox 1334 901 1476 937; x_wconf 83' lang='grc' dir='ltr'>μάρτυρας</span> <span class='ocrx_word' id='word_1_205' title='bbox 1508 900 1606 932; x_wconf 79' lang='grc' dir='ltr'>αὐτοὺς</span> <span class='ocrx_word' id='word_1_206' title='bbox 1631 899 1733 927; x_wconf 86' lang='grc' dir='ltr'>καλῶν.</span> <span class='ocrx_word' id='word_1_207' title='bbox 1764 899 1870 931; x_wconf 80' lang='grc' dir='ltr'>Οῐδατε,</span> 
     </span>
    </p>
   </div>
   <div class='ocr_carea' id='block_1_34' title="bbox 246 943 1066 985">
    <p class='ocr_par' dir='ltr' id='par_1_34' title="bbox 246 946 1032 982">
     <span class='ocr_line' id='line_1_34' title="bbox 246 946 1032 982; baseline 0.004 -9"><span class='ocrx_word' id='word_1_208' title='bbox 246 946 347 982; x_wconf 88' lang='lat' dir='ltr'><strong>inquit,</strong></span> <span class='ocrx_word' id='word_1_209' title='bbox 363 951 390 974; x_wconf 89' lang='lat' dir='ltr'><strong>et</strong></span> <span class='ocrx_word' id='word_1_210' title='bbox 412 954 472 979; x_wconf 91' lang='lat' dir='ltr'><strong>vos,</strong></span> <span class='ocrx_word' id='word_1_211' title='bbox 493 947 562 974; x_wconf 88' lang='lat' dir='ltr'><strong>banc</strong></span> <span class='ocrx_word' id='word_1_212' title='bbox 582 955 625 975; x_wconf 88' lang='lat' dir='ltr'><strong>me</strong></span> <span class='ocrx_word' id='word_1_213' title='bbox 650 948 804 976; x_wconf 83' lang='lat' dir='ltr'><strong>insectandi</strong></span> <span class='ocrx_word' id='word_1_214' title='bbox 828 948 949 976; x_wconf 90' lang='lat' dir='ltr'><strong>colorem</strong></span> <span class='ocrx_word' id='word_1_215' title='bbox 963 955 1032 976; x_wconf 85' lang='lat' dir='ltr'><strong>cau—</strong></span> 
     </span>
    </p>
   </div>
   <div class='ocr_carea' id='block_1_35' title="bbox 1052 943 1872 985">
    <p class='ocr_par' dir='ltr' id='par_1_35' title="bbox 1084 943 1872 985">
     <span class='ocr_line' id='line_1_35' title="bbox 1084 943 1872 985; baseline -0.005 -10"><span class='ocrx_word' id='word_1_216' title='bbox 1084 950 1178 985; x_wconf 76' lang='grc' dir='ltr'>φησὶν,</span> <span class='ocrx_word' id='word_1_217' title='bbox 1194 949 1241 975; x_wconf 72' lang='grc' dir='ltr'>καὶ</span> <span class='ocrx_word' id='word_1_218' title='bbox 1256 949 1346 983; x_wconf 85' lang='grc' dir='ltr'>ὑμεῖς,</span> <span class='ocrx_word' id='word_1_219' title='bbox 1363 948 1404 975; x_wconf 76' lang='grc' dir='ltr'><strong>δτι</strong></span> <span class='ocrx_word' id='word_1_220' title='bbox 1417 947 1537 982; x_wconf 81' lang='grc' dir='ltr'><strong>διωγμοῦ</strong></span> <span class='ocrx_word' id='word_1_221' title='bbox 1563 955 1609 982; x_wconf 87' lang='grc' dir='ltr'><strong>μοι</strong></span> <span class='ocrx_word' id='word_1_222' title='bbox 1634 945 1773 982; x_wconf 86' lang='grc' dir='ltr'>πρόφασις</span> <span class='ocrx_word' id='word_1_223' title='bbox 1792 943 1872 972; x_wconf 69' lang='grc' dir='ltr'>τοῦτο</span> 
     </span>
    </p>
   </div>
   <div class='ocr_carea' id='block_1_36' title="bbox 245 991 1065 1030">
    <p class='ocr_par' dir='ltr' id='par_1_36' title="bbox 245 992 1031 1029">
     <span class='ocr_line' id='line_1_36' title="bbox 245 992 1031 1029; baseline 0.005 -10"><span class='ocrx_word' id='word_1_224' title='bbox 245 1000 339 1020; x_wconf 73' lang='grc' dir='ltr'>ειιηιιε</span> <span class='ocrx_word' id='word_1_225' title='bbox 354 993 408 1020; x_wconf 76' lang='lat' dir='ltr'><strong>illis</strong></span> <span class='ocrx_word' id='word_1_226' title='bbox 431 992 517 1021; x_wconf 83' lang='lat' dir='ltr'><strong>fuisse</strong></span> <span class='ocrx_word' id='word_1_227' title='bbox 534 993 606 1028; x_wconf 87' lang='lat' dir='ltr'><strong>quod</strong></span> <span class='ocrx_word' id='word_1_228' title='bbox 624 1002 638 1020; x_wconf 87' lang='lat' dir='ltr'><strong>a</strong></span> <span class='ocrx_word' id='word_1_229' title='bbox 656 993 712 1029; x_wconf 80' lang='lat' dir='ltr'><strong>lege</strong></span> <span class='ocrx_word' id='word_1_230' title='bbox 725 994 851 1029; x_wconf 72' lang='lat' dir='ltr'><strong>juberent</strong></span> <span class='ocrx_word' id='word_1_231' title='bbox 866 995 1031 1023; x_wconf 76' lang='lat' dir='ltr'><strong>desciscere.</strong></span> 
     </span>
    </p>
   </div>
   <div class='ocr_carea' id='block_1_37' title="bbox 1053 991 1873 1030">
    <p class='ocr_par' dir='ltr' id='par_1_37' title="bbox 1083 991 1873 1030">
     <span class='ocr_line' id='line_1_37' title="bbox 1083 991 1873 1030; baseline -0.006 -8"><span class='ocrx_word' id='word_1_232' title='bbox 1083 996 1169 1028; x_wconf 72' lang='grc' dir='ltr'>ἐστιν,</span> <span class='ocrx_word' id='word_1_233' title='bbox 1188 995 1228 1022; x_wconf 82' lang='grc' dir='ltr'><strong>ὅτι</strong></span> <span class='ocrx_word' id='word_1_234' title='bbox 1239 994 1343 1021; x_wconf 82' lang='grc' dir='ltr'>κελεύω</span> <span class='ocrx_word' id='word_1_235' title='bbox 1359 994 1509 1030; x_wconf 81' lang='grc' dir='ltr'>ἀπέχεσθαι</span> <span class='ocrx_word' id='word_1_236' title='bbox 1524 993 1572 1020; x_wconf 81' lang='grc' dir='ltr'>τοῦ</span> <span class='ocrx_word' id='word_1_237' title='bbox 1591 993 1684 1028; x_wconf 86' lang='grc' dir='ltr'>νόμου.</span> <span class='ocrx_word' id='word_1_238' title='bbox 1702 992 1734 1018; x_wconf 83' lang='grc' dir='ltr'><strong>Εἰ</strong></span> <span class='ocrx_word' id='word_1_239' title='bbox 1752 991 1780 1018; x_wconf 82' lang='grc' dir='ltr'>δὲ</span> <span class='ocrx_word' id='word_1_240' title='bbox 1793 999 1873 1026; x_wconf 79' lang='grc' dir='ltr'>περι-</span> 
     </span>
    </p>
   </div>
   <div class='ocr_carea' id='block_1_38' title="bbox 246 1037 1066 1077">
    <p class='ocr_par' dir='ltr' id='par_1_38' title="bbox 246 1039 1031 1075">
     <span class='ocr_line' id='line_1_38' title="bbox 246 1039 1031 1075; baseline 0.004 -9"><span class='ocrx_word' id='word_1_241' title='bbox 246 1039 275 1066; x_wconf 76' lang='lat' dir='ltr'><strong>Si</strong></span> <span class='ocrx_word' id='word_1_242' title='bbox 290 1042 381 1066; x_wconf 87' lang='lat' dir='ltr'><strong>autem</strong></span> <span class='ocrx_word' id='word_1_243' title='bbox 410 1039 653 1067; x_wconf 84' lang='lat' dir='ltr'><strong>circumcisionem</strong></span> <span class='ocrx_word' id='word_1_244' title='bbox 682 1040 814 1075; x_wconf 67' lang='lat' dir='ltr'><strong>prmdico.</strong></span> <span class='ocrx_word' id='word_1_245' title='bbox 833 1048 882 1068; x_wconf 89' lang='lat' dir='ltr'><strong>cur</strong></span> <span class='ocrx_word' id='word_1_246' title='bbox 896 1049 940 1069; x_wconf 92' lang='lat' dir='ltr'><strong>me</strong></span> <span class='ocrx_word' id='word_1_247' title='bbox 955 1041 1031 1069; x_wconf 92' lang='lat' dir='ltr'><strong>iuse-</strong></span> 
     </span>
    </p>
   </div>
   <div class='ocr_carea' id='block_1_39' title="bbox 1052 1037 1872 1077">
    <p class='ocr_par' dir='ltr' id='par_1_39' title="bbox 1082 1037 1872 1077">
     <span class='ocr_line' id='line_1_39' title="bbox 1082 1037 1872 1077; baseline -0.005 -9"><span class='ocrx_word' id='word_1_248' title='bbox 1082 1042 1171 1077; x_wconf 83' lang='grc' dir='ltr'>τομὴν</span> <span class='ocrx_word' id='word_1_249' title='bbox 1185 1041 1326 1076; x_wconf 80' lang='grc' dir='ltr'>κηρύσσω,</span> <span class='ocrx_word' id='word_1_250' title='bbox 1344 1040 1371 1067; x_wconf 87' lang='grc' dir='ltr'>τί</span> <span class='ocrx_word' id='word_1_251' title='bbox 1381 1040 1515 1075; x_wconf 81' lang='grc' dir='ltr'><strong>διώκομαι</strong></span> <span class='ocrx_word' id='word_1_252' title='bbox 1528 1048 1536 1072; x_wconf 85' lang='lat'><strong>;</strong></span> <span class='ocrx_word' id='word_1_253' title='bbox 1560 1038 1636 1066; x_wconf 77' lang='grc' dir='ltr'>οὐδὲν</span> <span class='ocrx_word' id='word_1_254' title='bbox 1653 1038 1709 1074; x_wconf 80' lang='grc' dir='ltr'>γὰρ</span> <span class='ocrx_word' id='word_1_255' title='bbox 1722 1038 1817 1074; x_wconf 72' lang='grc' dir='ltr'>ἕτερον</span> <span class='ocrx_word' id='word_1_256' title='bbox 1826 1037 1872 1071; x_wconf 51' lang='lat' dir='ltr'><strong>er</strong></span> 
     </span>
    </p>
   </div>
   <div class='ocr_carea' id='block_1_40' title="bbox 245 1084 1065 1121">
    <p class='ocr_par' dir='ltr' id='par_1_40' title="bbox 245 1085 1031 1121">
     <span class='ocr_line' id='line_1_40' title="bbox 245 1085 1031 1121; baseline 0.005 -11"><span class='ocrx_word' id='word_1_257' title='bbox 245 1085 384 1118; x_wconf 81' lang='lat' dir='ltr'><strong>quuntur?</strong></span> <span class='ocrx_word' id='word_1_258' title='bbox 401 1093 489 1120; x_wconf 83' lang='lat' dir='ltr'><strong>neque</strong></span> <span class='ocrx_word' id='word_1_259' title='bbox 505 1085 577 1113; x_wconf 88' lang='lat' dir='ltr'><strong>enim</strong></span> <span class='ocrx_word' id='word_1_260' title='bbox 604 1086 650 1121; x_wconf 85' lang='lat' dir='ltr'><strong>qui</strong></span> <span class='ocrx_word' id='word_1_261' title='bbox 667 1093 700 1113; x_wconf 85' lang='lat' dir='ltr'><strong>ex</strong></span> <span class='ocrx_word' id='word_1_262' title='bbox 716 1085 817 1114; x_wconf 62' lang='lat' dir='ltr'><strong>ludatis</strong></span> <span class='ocrx_word' id='word_1_263' title='bbox 834 1090 910 1120; x_wconf 83' lang='lat' dir='ltr'><strong>sunt,</strong></span> <span class='ocrx_word' id='word_1_264' title='bbox 925 1087 1031 1115; x_wconf 78' lang='lat' dir='ltr'><strong>crimen</strong></span> 
     </span>
    </p>
   </div>
   <div class='ocr_carea' id='block_1_41' title="bbox 919 1084 1739 1121">
    <p class='ocr_par' dir='ltr' id='par_1_41' title="bbox 925 1084 1739 1121">
     <span class='ocr_line' id='line_1_41' title="bbox 925 1084 1739 1121; baseline -0.006 -6"><span class='ocrx_word' id='word_1_265' title='bbox 925 1087 1031 1115; x_wconf 82' lang='lat' dir='ltr'><strong>crimen</strong></span> <span class='ocrx_word' id='word_1_266' title='bbox 1084 1087 1177 1114; x_wconf 84' lang='grc' dir='ltr'>καλεῖν</span> <span class='ocrx_word' id='word_1_267' title='bbox 1192 1095 1236 1121; x_wconf 82' lang='grc' dir='ltr'><strong>μοι</strong></span> <span class='ocrx_word' id='word_1_268' title='bbox 1248 1086 1355 1121; x_wconf 81' lang='grc' dir='ltr'>ἔχουσιν</span> <span class='ocrx_word' id='word_1_269' title='bbox 1365 1086 1389 1113; x_wconf 86' lang='grc' dir='ltr'><strong>οί</strong></span> <span class='ocrx_word' id='word_1_270' title='bbox 1406 1085 1435 1117; x_wconf 76' lang='grc' dir='ltr'><strong>ἐξ</strong></span> <span class='ocrx_word' id='word_1_271' title='bbox 1456 1084 1602 1118; x_wconf 82' lang='grc' dir='ltr'>Ἰουδαίων,</span> <span class='ocrx_word' id='word_1_272' title='bbox 1617 1084 1634 1119; x_wconf 82' lang='grc' dir='ltr'>ἢ</span> <span class='ocrx_word' id='word_1_273' title='bbox 1651 1084 1739 1111; x_wconf 77' lang='grc' dir='ltr'>τοῦτο.</span> 
     </span>
    </p>
   </div>
   <div class='ocr_carea' id='block_1_42' title="bbox 244 1129 1034 1167">
    <p class='ocr_par' dir='ltr' id='par_1_42' title="bbox 244 1129 1034 1167">
     <span class='ocr_line' id='line_1_42' title="bbox 244 1129 1034 1167; baseline 0.005 -12"><span class='ocrx_word' id='word_1_274' title='bbox 244 1129 318 1156; x_wconf 81' lang='lat' dir='ltr'><strong>aliud</strong></span> <span class='ocrx_word' id='word_1_275' title='bbox 348 1130 412 1157; x_wconf 88' lang='lat' dir='ltr'><strong>mihi</strong></span> <span class='ocrx_word' id='word_1_276' title='bbox 443 1130 590 1158; x_wconf 77' lang='lat' dir='ltr'><strong>intendere</strong></span> <span class='ocrx_word' id='word_1_277' title='bbox 622 1131 741 1166; x_wconf 87' lang='lat' dir='ltr'><strong>possint,</strong></span> <span class='ocrx_word' id='word_1_278' title='bbox 770 1137 954 1167; x_wconf 65' lang='lat' dir='ltr'><strong>prmterquam</strong></span> <span class='ocrx_word' id='word_1_279' title='bbox 980 1133 1034 1160; x_wconf 82' lang='lat' dir='ltr'><strong>hoc</strong></span> 
     </span>
    </p>
   </div>
   <div class='ocr_carea' id='block_1_43' title="bbox 242 1176 345 1204">
    <p class='ocr_par' dir='ltr' id='par_1_43' title="bbox 242 1176 345 1204">
     <span class='ocr_line' id='line_1_43' title="bbox 242 1176 345 1204; baseline 0.01 -1"><span class='ocrx_word' id='word_1_280' title='bbox 242 1176 345 1204; x_wconf 82' lang='lat' dir='ltr'><strong>solum.</strong></span> 
     </span>
    </p>
   </div>
   <div class='ocr_carea' id='block_1_44' title="bbox 283 1220 1103 1265">
    <p class='ocr_par' dir='ltr' id='par_1_44' title="bbox 283 1220 947 1255">
     <span class='ocr_line' id='line_1_44' title="bbox 283 1220 947 1255; baseline 0.005 -10"><span class='ocrx_word' id='word_1_281' title='bbox 283 1230 291 1245; x_wconf 78' lang='grc' dir='ltr'><strong>ι</strong></span> <span class='ocrx_word' id='word_1_282' title='bbox 309 1220 380 1255; x_wconf 81' lang='lat' dir='ltr'><strong>Ergo</strong></span> <span class='ocrx_word' id='word_1_283' title='bbox 397 1225 560 1248; x_wconf 85' lang='lat' dir='ltr'><strong>evacuatum</strong></span> <span class='ocrx_word' id='word_1_284' title='bbox 577 1225 619 1248; x_wconf 89' lang='lat' dir='ltr'><strong>est</strong></span> <span class='ocrx_word' id='word_1_285' title='bbox 637 1221 798 1249; x_wconf 84' lang='lat' dir='ltr'><strong>scandalum</strong></span> <span class='ocrx_word' id='word_1_286' title='bbox 816 1222 918 1250; x_wconf 91' lang='lat' dir='ltr'><strong>crucis.</strong></span> <span class='ocrx_word' id='word_1_287' title='bbox 938 1233 947 1248; x_wconf 73' lang='grc' dir='ltr'><strong>ι</strong></span> 
     </span>
    </p>
   </div>
   <div class='ocr_carea' id='block_1_45' title="bbox 1048 1220 1868 1265">
    <p class='ocr_par' dir='ltr' id='par_1_45' title="bbox 1119 1227 1868 1265">
     <span class='ocr_line' id='line_1_45' title="bbox 1119 1227 1868 1265; baseline 0 -11"><span class='ocrx_word' id='word_1_288' title='bbox 1119 1239 1128 1254; x_wconf 74' lang='lat'><strong>1</strong></span> <span class='ocrx_word' id='word_1_289' title='bbox 1152 1229 1223 1264; x_wconf 80' lang='grc' dir='ltr'>Ἀρα</span> <span class='ocrx_word' id='word_1_290' title='bbox 1236 1229 1406 1265; x_wconf 73' lang='grc' dir='ltr'>κατήργηται</span> <span class='ocrx_word' id='word_1_291' title='bbox 1432 1227 1462 1255; x_wconf 76' lang='grc' dir='ltr'>τὸ</span> <span class='ocrx_word' id='word_1_292' title='bbox 1481 1227 1629 1256; x_wconf 77' lang='grc' dir='ltr'>σκάνδαλον</span> <span class='ocrx_word' id='word_1_293' title='bbox 1644 1227 1692 1254; x_wconf 80' lang='grc' dir='ltr'><strong>τοῦ</strong></span> <span class='ocrx_word' id='word_1_294' title='bbox 1709 1227 1838 1263; x_wconf 79' lang='grc' dir='ltr'>σταυροῦ.</span> <span class='ocrx_word' id='word_1_295' title='bbox 1859 1236 1868 1253; x_wconf 84' lang='grc' dir='ltr'><strong>ι</strong></span> 
     </span>
    </p>
   </div>
   <div class='ocr_carea' id='block_1_46' title="bbox 283 1267 1103 1310">
    <p class='ocr_par' dir='ltr' id='par_1_46' title="bbox 283 1267 1033 1304">
     <span class='ocr_line' id='line_1_46' title="bbox 283 1267 1033 1304; baseline 0.005 -12"><span class='ocrx_word' id='word_1_296' title='bbox 283 1267 362 1302; x_wconf 82' lang='lat'><strong>173</strong></span> <span class='ocrx_word' id='word_1_297' title='bbox 384 1267 459 1293; x_wconf 85' lang='lat' dir='ltr'><strong>Adeo</strong></span> <span class='ocrx_word' id='word_1_298' title='bbox 483 1267 586 1294; x_wconf 87' lang='lat' dir='ltr'><strong>stultus</strong></span> <span class='ocrx_word' id='word_1_299' title='bbox 610 1275 682 1299; x_wconf 86' lang='lat' dir='ltr'><strong>sum,</strong></span> <span class='ocrx_word' id='word_1_300' title='bbox 709 1267 812 1302; x_wconf 79' lang='lat' dir='ltr'><strong>inquit.</strong></span> <span class='ocrx_word' id='word_1_301' title='bbox 835 1273 866 1295; x_wconf 90' lang='lat' dir='ltr'><strong>ut</strong></span> <span class='ocrx_word' id='word_1_302' title='bbox 881 1276 931 1304; x_wconf 89' lang='lat' dir='ltr'><strong>pro</strong></span> <span class='ocrx_word' id='word_1_303' title='bbox 945 1269 1033 1296; x_wconf 91' lang='lat' dir='ltr'><strong>nihilo</strong></span> 
     </span>
    </p>
   </div>
   <div class='ocr_carea' id='block_1_47' title="bbox 1052 1267 1872 1310">
    <p class='ocr_par' dir='ltr' id='par_1_47' title="bbox 1120 1272 1872 1310">
     <span class='ocr_line' id='line_1_47' title="bbox 1120 1272 1872 1310; baseline 0 -10"><span class='ocrx_word' id='word_1_304' title='bbox 1120 1273 1214 1307; x_wconf 76' lang='grc' dir='ltr'>Οὕτως</span> <span class='ocrx_word' id='word_1_305' title='bbox 1231 1274 1343 1310; x_wconf 82' lang='grc' dir='ltr'>ἀνόητός</span> <span class='ocrx_word' id='word_1_306' title='bbox 1358 1275 1415 1308; x_wconf 89' lang='grc' dir='ltr'>είμι</span> <span class='ocrx_word' id='word_1_307' title='bbox 1425 1295 1431 1307; x_wconf 84' lang='grc'><strong>,</strong></span> <span class='ocrx_word' id='word_1_308' title='bbox 1453 1274 1544 1310; x_wconf 71' lang='grc' dir='ltr'>φησὶν,</span> <span class='ocrx_word' id='word_1_309' title='bbox 1556 1274 1595 1305; x_wconf 78' lang='grc' dir='ltr'>ὡς</span> <span class='ocrx_word' id='word_1_310' title='bbox 1610 1273 1681 1308; x_wconf 74' lang='grc' dir='ltr'>ὑπὲρ</span> <span class='ocrx_word' id='word_1_311' title='bbox 1696 1272 1743 1300; x_wconf 84' lang='grc' dir='ltr'>τοῦ</span> <span class='ocrx_word' id='word_1_312' title='bbox 1758 1273 1872 1308; x_wconf 78' lang='grc' dir='ltr'>μηδενὸς</span> 
     </span>
    </p>
   </div>
   <div class='ocr_carea' id='block_1_48' title="bbox 245 1313 1065 1355">
    <p class='ocr_par' dir='ltr' id='par_1_48' title="bbox 245 1313 1033 1348">
     <span class='ocr_line' id='line_1_48' title="bbox 245 1313 1033 1348; baseline 0.003 -8"><span class='ocrx_word' id='word_1_313' title='bbox 245 1313 326 1348; x_wconf 77' lang='lat' dir='ltr'><strong>allligi</strong></span> <span class='ocrx_word' id='word_1_314' title='bbox 345 1314 444 1348; x_wconf 82' lang='lat' dir='ltr'><strong>patiar,</strong></span> <span class='ocrx_word' id='word_1_315' title='bbox 464 1318 490 1340; x_wconf 87' lang='lat' dir='ltr'><strong>et</strong></span> <span class='ocrx_word' id='word_1_316' title='bbox 512 1313 572 1341; x_wconf 85' lang='lat' dir='ltr'><strong>aliis</strong></span> <span class='ocrx_word' id='word_1_317' title='bbox 598 1314 766 1341; x_wconf 81' lang='lat' dir='ltr'><strong>otl&#39;endiculo</strong></span> <span class='ocrx_word' id='word_1_318' title='bbox 783 1315 859 1342; x_wconf 85' lang='lat' dir='ltr'><strong>sim?</strong></span> <span class='ocrx_word' id='word_1_319' title='bbox 885 1314 1033 1342; x_wconf 85' lang='lat' dir='ltr'><strong>Enimvero</strong></span> 
     </span>
    </p>
   </div>
   <div class='ocr_carea' id='block_1_49' title="bbox 1051 1313 1871 1355">
    <p class='ocr_par' dir='ltr' id='par_1_49' title="bbox 1085 1318 1871 1355">
     <span class='ocr_line' id='line_1_49' title="bbox 1085 1318 1871 1355; baseline -0.004 -7"><span class='ocrx_word' id='word_1_320' title='bbox 1085 1321 1235 1353; x_wconf 73' lang='grc' dir='ltr'>θλίσωιιω..</span> <span class='ocrx_word' id='word_1_321' title='bbox 1252 1321 1298 1348; x_wconf 77' lang='grc' dir='ltr'>καὶ</span> <span class='ocrx_word' id='word_1_322' title='bbox 1309 1320 1495 1352; x_wconf 80' lang='grc' dir='ltr'>σκανδαλίζειν</span> <span class='ocrx_word' id='word_1_323' title='bbox 1508 1320 1630 1355; x_wconf 75' lang='grc' dir='ltr'>ἑτέρους.</span> <span class='ocrx_word' id='word_1_324' title='bbox 1641 1318 1710 1345; x_wconf 77' lang='grc' dir='ltr'><strong>Οὔτε</strong></span> <span class='ocrx_word' id='word_1_325' title='bbox 1721 1319 1775 1354; x_wconf 83' lang='grc' dir='ltr'>γὰρ</span> <span class='ocrx_word' id='word_1_326' title='bbox 1785 1318 1871 1350; x_wconf 81' lang='grc' dir='ltr'>οὕτως</span> 
     </span>
    </p>
   </div>
   <div class='ocr_carea' id='block_1_50' title="bbox 248 1357 1068 1403">
    <p class='ocr_par' dir='ltr' id='par_1_50' title="bbox 248 1357 1034 1396">
     <span class='ocr_line' id='line_1_50' title="bbox 248 1357 1034 1396; baseline 0.001 -9"><span class='ocrx_word' id='word_1_327' title='bbox 248 1367 303 1387; x_wconf 82' lang='lat' dir='ltr'><strong>non</strong></span> <span class='ocrx_word' id='word_1_328' title='bbox 319 1359 360 1386; x_wconf 84' lang='lat' dir='ltr'><strong>sic</strong></span> <span class='ocrx_word' id='word_1_329' title='bbox 377 1357 462 1386; x_wconf 64' lang='lat' dir='ltr'><strong>Judaei</strong></span> <span class='ocrx_word' id='word_1_330' title='bbox 490 1366 572 1386; x_wconf 85' lang='lat' dir='ltr'><strong>cruce</strong></span> <span class='ocrx_word' id='word_1_331' title='bbox 596 1359 818 1393; x_wconf 70' lang='lat' dir='ltr'><strong>oll‘endebantur,</strong></span> <span class='ocrx_word' id='word_1_332' title='bbox 844 1360 883 1387; x_wconf 93' lang='lat' dir='ltr'><strong>uti</strong></span> <span class='ocrx_word' id='word_1_333' title='bbox 902 1362 966 1396; x_wconf 85' lang='lat' dir='ltr'><strong>quia</strong></span> <span class='ocrx_word' id='word_1_334' title='bbox 984 1369 1034 1396; x_wconf 85' lang='lat' dir='ltr'><strong>pa-</strong></span> 
     </span>
    </p>
   </div>
   <div class='ocr_carea' id='block_1_51' title="bbox 1053 1357 1873 1403">
    <p class='ocr_par' dir='ltr' id='par_1_51' title="bbox 1086 1365 1873 1403">
     <span class='ocr_line' id='line_1_51' title="bbox 1086 1365 1873 1403; baseline -0.004 -8"><span class='ocrx_word' id='word_1_335' title='bbox 1086 1370 1099 1395; x_wconf 80' lang='grc' dir='ltr'>ὁ</span> <span class='ocrx_word' id='word_1_336' title='bbox 1116 1368 1230 1403; x_wconf 79' lang='grc' dir='ltr'>σταυρὸς</span> <span class='ocrx_word' id='word_1_337' title='bbox 1246 1365 1280 1403; x_wconf 81' lang='grc' dir='ltr'>ἦν</span> <span class='ocrx_word' id='word_1_338' title='bbox 1295 1368 1308 1394; x_wconf 80' lang='grc' dir='ltr'><strong>δ</strong></span> <span class='ocrx_word' id='word_1_339' title='bbox 1319 1366 1503 1398; x_wconf 80' lang='grc' dir='ltr'>σκανδαλίζων</span> <span class='ocrx_word' id='word_1_340' title='bbox 1524 1366 1588 1397; x_wconf 78' lang='grc' dir='ltr'>τοὺς</span> <span class='ocrx_word' id='word_1_341' title='bbox 1610 1365 1766 1398; x_wconf 76' lang='grc' dir='ltr'>Ἰουδαίους,</span> <span class='ocrx_word' id='word_1_342' title='bbox 1786 1365 1825 1397; x_wconf 84' lang='grc' dir='ltr'>ὡς</span> <span class='ocrx_word' id='word_1_343' title='bbox 1841 1366 1873 1392; x_wconf 84' lang='grc' dir='ltr'><strong>τδ</strong></span> 
     </span>
    </p>
   </div>
   <div class='ocr_carea' id='block_1_52' title="bbox 246 1405 1066 1450">
    <p class='ocr_par' dir='ltr' id='par_1_52' title="bbox 246 1405 1032 1441">
     <span class='ocr_line' id='line_1_52' title="bbox 246 1405 1032 1441; baseline 0.004 -8"><span class='ocrx_word' id='word_1_344' title='bbox 246 1406 307 1434; x_wconf 88' lang='lat' dir='ltr'><strong>triis</strong></span> <span class='ocrx_word' id='word_1_345' title='bbox 335 1405 444 1441; x_wconf 72' lang='lat' dir='ltr'><strong>legibus</strong></span> <span class='ocrx_word' id='word_1_346' title='bbox 472 1405 689 1433; x_wconf 83' lang='lat' dir='ltr'><strong>renuntiandum</strong></span> <span class='ocrx_word' id='word_1_347' title='bbox 716 1411 785 1433; x_wconf 90' lang='lat' dir='ltr'><strong>erat.</strong></span> <span class='ocrx_word' id='word_1_348' title='bbox 799 1405 868 1433; x_wconf 82' lang='lat' dir='ltr'><strong>Nam</strong></span> <span class='ocrx_word' id='word_1_349' title='bbox 888 1414 951 1434; x_wconf 88' lang='lat' dir='ltr'><strong>cum</strong></span> <span class='ocrx_word' id='word_1_350' title='bbox 969 1407 1032 1436; x_wconf 88' lang='lat' dir='ltr'><strong>Ste-</strong></span> 
     </span>
    </p>
   </div>
   <div class='ocr_carea' id='block_1_53' title="bbox 1052 1405 1872 1450">
    <p class='ocr_par' dir='ltr' id='par_1_53' title="bbox 1088 1411 1872 1450">
     <span class='ocr_line' id='line_1_53' title="bbox 1088 1411 1872 1450; baseline -0.004 -9"><span class='ocrx_word' id='word_1_351' title='bbox 1088 1415 1125 1450; x_wconf 85' lang='grc' dir='ltr'><strong>μὴ</strong></span> <span class='ocrx_word' id='word_1_352' title='bbox 1141 1415 1196 1441; x_wconf 78' lang='grc' dir='ltr'>δεῖν</span> <span class='ocrx_word' id='word_1_353' title='bbox 1216 1413 1358 1441; x_wconf 79' lang='grc' dir='ltr'>πείθεσθαι</span> <span class='ocrx_word' id='word_1_354' title='bbox 1379 1414 1434 1444; x_wconf 82' lang='grc' dir='ltr'>τοῖς</span> <span class='ocrx_word' id='word_1_355' title='bbox 1458 1413 1595 1448; x_wconf 80' lang='grc' dir='ltr'>πατρῴοις</span> <span class='ocrx_word' id='word_1_356' title='bbox 1619 1412 1722 1448; x_wconf 79' lang='grc' dir='ltr'>νόμοις.</span> <span class='ocrx_word' id='word_1_357' title='bbox 1741 1411 1797 1439; x_wconf 80' lang='grc' dir='ltr'><strong>Καὶ</strong></span> <span class='ocrx_word' id='word_1_358' title='bbox 1818 1412 1872 1447; x_wconf 82' lang='grc' dir='ltr'><strong>γὰρ</strong></span> 
     </span>
    </p>
   </div>
   <div class='ocr_carea' id='block_1_54' title="bbox 249 1451 1069 1495">
    <p class='ocr_par' dir='ltr' id='par_1_54' title="bbox 249 1451 1030 1488">
     <span class='ocr_line' id='line_1_54' title="bbox 249 1451 1030 1488; baseline 0.004 -10"><span class='ocrx_word' id='word_1_359' title='bbox 249 1452 370 1487; x_wconf 87' lang='lat' dir='ltr'><strong>phanum</strong></span> <span class='ocrx_word' id='word_1_360' title='bbox 384 1451 411 1477; x_wconf 88' lang='lat' dir='ltr'><strong>in</strong></span> <span class='ocrx_word' id='word_1_361' title='bbox 427 1451 576 1478; x_wconf 85' lang='lat' dir='ltr'><strong>concilium</strong></span> <span class='ocrx_word' id='word_1_362' title='bbox 589 1451 798 1486; x_wconf 69' lang='lat' dir='ltr'><strong>perduxissent,</strong></span> <span class='ocrx_word' id='word_1_363' title='bbox 816 1460 873 1480; x_wconf 88' lang='lat' dir='ltr'><strong>non</strong></span> <span class='ocrx_word' id='word_1_364' title='bbox 889 1453 1030 1488; x_wconf 77' lang='lat' dir='ltr'><strong>dixerunt,</strong></span> 
     </span>
    </p>
   </div>
   <div class='ocr_carea' id='block_1_55' title="bbox 1053 1451 1873 1495">
    <p class='ocr_par' dir='ltr' id='par_1_55' title="bbox 1088 1455 1873 1495">
     <span class='ocr_line' id='line_1_55' title="bbox 1088 1455 1873 1495; baseline -0.001 -9"><span class='ocrx_word' id='word_1_365' title='bbox 1088 1460 1223 1495; x_wconf 81' lang='grc' dir='ltr'>Στέφανον</span> <span class='ocrx_word' id='word_1_366' title='bbox 1238 1459 1479 1495; x_wconf 81' lang='grc' dir='ltr'>προσενεγκόντες,</span> <span class='ocrx_word' id='word_1_367' title='bbox 1493 1459 1543 1485; x_wconf 85' lang='grc' dir='ltr'><strong>οὑκ</strong></span> <span class='ocrx_word' id='word_1_368' title='bbox 1567 1456 1644 1485; x_wconf 81' lang='grc' dir='ltr'>εἷπον</span> <span class='ocrx_word' id='word_1_369' title='bbox 1667 1459 1708 1485; x_wconf 79' lang='grc' dir='ltr'>ὅτι</span> <span class='ocrx_word' id='word_1_370' title='bbox 1727 1455 1814 1490; x_wconf 77' lang='grc' dir='ltr'>Οὗτος</span> <span class='ocrx_word' id='word_1_371' title='bbox 1826 1458 1873 1485; x_wconf 64' lang='grc' dir='ltr'><strong>τὸν</strong></span> 
     </span>
    </p>
   </div>
   <div class='ocr_carea' id='block_1_56' title="bbox 243 1496 1063 1541">
    <p class='ocr_par' dir='ltr' id='par_1_56' title="bbox 243 1496 1063 1541">
     <span class='ocr_line' id='line_1_56' title="bbox 243 1496 1063 1541; baseline 0.004 -17"><span class='ocrx_word' id='word_1_372' title='bbox 243 1497 291 1524; x_wconf 78' lang='lat' dir='ltr'><strong>hic</strong></span> <span class='ocrx_word' id='word_1_373' title='bbox 311 1496 476 1524; x_wconf 72' lang='lat' dir='ltr'><strong>cruciﬁxum</strong></span> <span class='ocrx_word' id='word_1_374' title='bbox 500 1497 615 1530; x_wconf 88' lang='lat' dir='ltr'><strong>adorat;</strong></span> <span class='ocrx_word' id='word_1_375' title='bbox 633 1498 698 1528; x_wconf 84' lang='lat' dir='ltr'><strong>sed.</strong></span> <span class='ocrx_word' id='word_1_376' title='bbox 715 1497 832 1533; x_wconf 78' lang='lat' dir='ltr'><strong>loquitur</strong></span> <span class='ocrx_word' id='word_1_377' title='bbox 847 1503 939 1526; x_wconf 77' lang='lat' dir='ltr'><strong>contra</strong></span> <span class='ocrx_word' id='word_1_378' title='bbox 954 1500 1034 1535; x_wconf 74' lang='lat' dir='ltr'><strong>legem</strong></span> <span class='ocrx_word' id='word_1_379' title='bbox 1048 1524 1063 1541; x_wconf 55' lang='grc' dir='ltr'><strong><em>Γ</em></strong></span> 
     </span>
    </p>
   </div>
   <div class='ocr_carea' id='block_1_57' title="bbox 1051 1496 1871 1541">
    <p class='ocr_par' dir='ltr' id='par_1_57' title="bbox 1051 1504 1871 1541">
     <span class='ocr_line' id='line_1_57' title="bbox 1051 1504 1871 1541; baseline -0.004 -7"><span class='ocrx_word' id='word_1_380' title='bbox 1051 1524 1068 1541; x_wconf 72' lang='grc' dir='ltr'><strong>ρ</strong></span> <span class='ocrx_word' id='word_1_381' title='bbox 1087 1506 1294 1541; x_wconf 72' lang='grc' dir='ltr'>ἐσταυρωμένον</span> <span class='ocrx_word' id='word_1_382' title='bbox 1324 1504 1498 1540; x_wconf 83' lang='grc' dir='ltr'>προσεκύνει,</span> <span class='ocrx_word' id='word_1_383' title='bbox 1518 1504 1578 1531; x_wconf 83' lang='grc' dir='ltr'>ἀλλ’</span> <span class='ocrx_word' id='word_1_384' title='bbox 1600 1504 1643 1531; x_wconf 75' lang='grc' dir='ltr'>ὅτι</span> <span class='ocrx_word' id='word_1_385' title='bbox 1660 1504 1741 1531; x_wconf 79' lang='grc' dir='ltr'>Κατὰ</span> <span class='ocrx_word' id='word_1_386' title='bbox 1753 1504 1808 1531; x_wconf 81' lang='grc' dir='ltr'>τοῦ</span> <span class='ocrx_word' id='word_1_387' title='bbox 1821 1504 1871 1531; x_wconf 74' lang='grc' dir='ltr'><strong>νό-</strong></span> 
     </span>
    </p>
   </div>
   <div class='ocr_carea' id='block_1_58' title="bbox 244 1524 1646 1589">
    <p class='ocr_par' dir='ltr' id='par_1_58' title="bbox 244 1524 1646 1589">
     <span class='ocr_line' id='line_1_58' title="bbox 608 1524 1643 1541; baseline 0.003 -14"><span class='ocrx_word' id='word_1_388' title='bbox 608 1524 615 1530; x_wconf 90' lang='grc'><strong><em>,</em></strong></span> <span class='ocrx_word' id='word_1_389' title='bbox 639 1524 642 1525; x_wconf 40' lang='grc' dir='ltr'><strong>ν</strong></span> <span class='ocrx_word' id='word_1_390' title='bbox 693 1524 697 1528; x_wconf 95' lang='grc'>,</span> <span class='ocrx_word' id='word_1_391' title='bbox 748 1524 754 1533; x_wconf 94' lang='grc'><strong>,</strong></span> <span class='ocrx_word' id='word_1_392' title='bbox 821 1524 824 1525; x_wconf 43' lang='grc' dir='ltr'><strong>ν</strong></span> <span class='ocrx_word' id='word_1_393' title='bbox 925 1524 938 1526; x_wconf 72' lang='lat'>_</span> <span class='ocrx_word' id='word_1_394' title='bbox 955 1524 1033 1535; x_wconf 62' lang='grc' dir='ltr'><strong>η-..-</strong></span> <span class='ocrx_word' id='word_1_395' title='bbox 1087 1524 1293 1541; x_wconf 55' lang='grc' dir='ltr'>ευιιυιιυεμενν-</span> <span class='ocrx_word' id='word_1_396' title='bbox 1327 1524 1498 1540; x_wconf 74' lang='grc'><strong>,.,,.,..-..-,-.,</strong></span> <span class='ocrx_word' id='word_1_397' title='bbox 1519 1524 1569 1531; x_wconf 69' lang='grc' dir='ltr'><strong>...ιη</strong></span> <span class='ocrx_word' id='word_1_398' title='bbox 1601 1524 1643 1531; x_wconf 75' lang='grc' dir='ltr'><strong>ν..</strong></span> 
     </span>
     <span class='ocr_line' id='line_1_59' title="bbox 244 1524 1646 1589; baseline 0.002 -15"><span class='ocrx_word' id='word_1_399' title='bbox 244 1549 271 1570; x_wconf 69' lang='grc' dir='ltr'>ει</span> <span class='ocrx_word' id='word_1_400' title='bbox 286 1543 372 1570; x_wconf 66' lang='lat' dir='ltr'><strong>locum</strong></span> <span class='ocrx_word' id='word_1_401' title='bbox 384 1547 504 1570; x_wconf 67' lang='grc' dir='ltr'><strong>δαηειωη</strong></span> <span class='ocrx_word' id='word_1_402' title='bbox 522 1542 556 1569; x_wconf 77' lang='grc'><strong>³³-</strong></span> <span class='ocrx_word' id='word_1_403' title='bbox 1048 1524 1068 1554; x_wconf 76' lang='lat' dir='ltr'><strong>c</strong></span> <span class='ocrx_word' id='word_1_404' title='bbox 1086 1562 1146 1589; x_wconf 84' lang='grc' dir='ltr'>μου</span> <span class='ocrx_word' id='word_1_405' title='bbox 1157 1553 1206 1580; x_wconf 76' lang='grc' dir='ltr'>καὶ</span> <span class='ocrx_word' id='word_1_406' title='bbox 1222 1552 1274 1578; x_wconf 82' lang='grc' dir='ltr'>τοῦ</span> <span class='ocrx_word' id='word_1_407' title='bbox 1285 1551 1378 1578; x_wconf 78' lang='grc' dir='ltr'>τόπου</span> <span class='ocrx_word' id='word_1_408' title='bbox 1391 1550 1471 1585; x_wconf 76' lang='grc' dir='ltr'>λέγει</span> <span class='ocrx_word' id='word_1_409' title='bbox 1485 1550 1538 1577; x_wconf 79' lang='grc' dir='ltr'><strong>τοῦ</strong></span> <span class='ocrx_word' id='word_1_410' title='bbox 1549 1550 1646 1585; x_wconf 80' lang='grc' dir='ltr'><strong>ἁγίου.</strong></span> 
     </span>
    </p>
   </div>
   <div class='ocr_carea' id='block_1_59' title="bbox 284 1588 1104 1633">
    <p class='ocr_par' dir='ltr' id='par_1_59' title="bbox 284 1588 1094 1626">
     <span class='ocr_line' id='line_1_60' title="bbox 284 1588 1094 1626; baseline 0.005 -12"><span class='ocrx_word' id='word_1_411' title='bbox 284 1588 366 1616; x_wconf 70' lang='lat' dir='ltr'><strong>Vsus.</strong></span> <span class='ocrx_word' id='word_1_412' title='bbox 397 1588 498 1620; x_wconf 67' lang='lat'><strong>12,15.</strong></span> <span class='ocrx_word' id='word_1_413' title='bbox 525 1597 534 1614; x_wconf 80' lang='grc' dir='ltr'><strong>ι</strong></span> <span class='ocrx_word' id='word_1_414' title='bbox 563 1588 673 1616; x_wconf 82' lang='lat' dir='ltr'><strong>Utinam</strong></span> <span class='ocrx_word' id='word_1_415' title='bbox 703 1593 730 1617; x_wconf 89' lang='lat' dir='ltr'><strong>et</strong></span> <span class='ocrx_word' id='word_1_416' title='bbox 753 1589 953 1618; x_wconf 85' lang='lat' dir='ltr'><strong>abscindantur</strong></span> <span class='ocrx_word' id='word_1_417' title='bbox 982 1591 1029 1626; x_wconf 91' lang='lat' dir='ltr'><strong>qui</strong></span> <span class='ocrx_word' id='word_1_418' title='bbox 1086 1588 1094 1625; x_wconf 58' lang='grc' dir='ltr'>ξ</span> 
     </span>
    </p>
   </div>
   <div class='ocr_carea' id='block_1_60' title="bbox 1051 1588 1871 1633">
    <p class='ocr_par' dir='ltr' id='par_1_60' title="bbox 1086 1588 1871 1633">
     <span class='ocr_line' id='line_1_61' title="bbox 1086 1588 1871 1633; baseline -0.004 -8"><span class='ocrx_word' id='word_1_419' title='bbox 1086 1588 1094 1625; x_wconf 58' lang='grc' dir='ltr'>ξ</span> <span class='ocrx_word' id='word_1_420' title='bbox 1122 1609 1131 1625; x_wconf 79' lang='grc' dir='ltr'><strong>ι</strong></span> <span class='ocrx_word' id='word_1_421' title='bbox 1151 1597 1267 1633; x_wconf 82' lang='grc' dir='ltr'>Ὄφελον</span> <span class='ocrx_word' id='word_1_422' title='bbox 1307 1597 1354 1624; x_wconf 77' lang='grc' dir='ltr'>καὶ</span> <span class='ocrx_word' id='word_1_423' title='bbox 1393 1595 1576 1630; x_wconf 72' lang='grc' dir='ltr'>ἀποκόψονται</span> <span class='ocrx_word' id='word_1_424' title='bbox 1602 1596 1627 1622; x_wconf 87' lang='grc' dir='ltr'>οι</span> <span class='ocrx_word' id='word_1_425' title='bbox 1658 1595 1871 1627; x_wconf 68' lang='grc' dir='ltr'>ἀναστατοῦντες</span> 
     </span>
    </p>
   </div>
   <div class='ocr_carea' id='block_1_61' title="bbox 244 1630 1064 1704">
    <p class='ocr_par' dir='ltr' id='par_1_61' title="bbox 244 1630 1030 1704">
     <span class='ocr_line' id='line_1_62' title="bbox 244 1630 1030 1663; baseline 0.004 -4"><span class='ocrx_word' id='word_1_426' title='bbox 244 1630 294 1659; x_wconf 59' lang='grc' dir='ltr'>νος</span> <span class='ocrx_word' id='word_1_427' title='bbox 325 1632 506 1659; x_wconf 82' lang='lat' dir='ltr'><strong>conturbant.</strong></span> <span class='ocrx_word' id='word_1_428' title='bbox 523 1631 580 1660; x_wconf 85' lang='lat' dir='ltr'><strong>Vos</strong></span> <span class='ocrx_word' id='word_1_429' title='bbox 604 1632 676 1659; x_wconf 90' lang='lat' dir='ltr'><strong>enim</strong></span> <span class='ocrx_word' id='word_1_430' title='bbox 703 1633 731 1660; x_wconf 92' lang='lat' dir='ltr'><strong>in</strong></span> <span class='ocrx_word' id='word_1_431' title='bbox 758 1633 912 1662; x_wconf 80' lang='lat' dir='ltr'><strong>libertatem</strong></span> <span class='ocrx_word' id='word_1_432' title='bbox 940 1635 1030 1663; x_wconf 80' lang='lat' dir='ltr'><strong>vocati</strong></span> 
     </span>
     <span class='ocr_line' id='line_1_63' title="bbox 244 1676 485 1704; baseline 0 0"><span class='ocrx_word' id='word_1_433' title='bbox 244 1677 322 1704; x_wconf 80' lang='lat' dir='ltr'><strong>estis.</strong></span> <span class='ocrx_word' id='word_1_434' title='bbox 345 1676 485 1704; x_wconf 60' lang='lat' dir='ltr'><strong>lratresn</strong></span> 
     </span>
    </p>
   </div>
   <div class='ocr_carea' id='block_1_62' title="bbox 1048 1630 1868 1704">
    <p class='ocr_par' dir='ltr' id='par_1_62' title="bbox 1087 1630 1868 1679">
     <span class='ocr_line' id='line_1_64' title="bbox 1087 1630 1868 1679; baseline 0.003 -14"><span class='ocrx_word' id='word_1_435' title='bbox 1087 1644 1170 1679; x_wconf 73' lang='grc' dir='ltr'>ὑμᾶς,</span> <span class='ocrx_word' id='word_1_436' title='bbox 1187 1630 1281 1677; x_wconf 30' lang='grc' dir='ltr'><strong>’ἾΥμεῖς</strong></span> <span class='ocrx_word' id='word_1_437' title='bbox 1292 1642 1346 1677; x_wconf 76' lang='grc' dir='ltr'>γὰρ</span> <span class='ocrx_word' id='word_1_438' title='bbox 1361 1641 1404 1668; x_wconf 77' lang='grc' dir='ltr'><strong>ἐπ’</strong></span> <span class='ocrx_word' id='word_1_439' title='bbox 1419 1641 1561 1676; x_wconf 72' lang='grc' dir='ltr'><strong>ἐλευθερίᾳ</strong></span> <span class='ocrx_word' id='word_1_440' title='bbox 1575 1640 1719 1677; x_wconf 74' lang='grc' dir='ltr'>ἐκλήθητε,</span> <span class='ocrx_word' id='word_1_441' title='bbox 1732 1641 1868 1676; x_wconf 70' lang='grc' dir='ltr'>ἀδελφοί.)</span> 
     </span>
    </p>
   </div>
   <div class='ocr_carea' id='block_1_63' title="bbox 244 1677 485 1708">
    <p class='ocr_par' dir='ltr' id='par_1_63' title="bbox 244 1677 485 1708">
     <span class='ocr_line' id='line_1_65' title="bbox 244 1677 485 1708; baseline -0.004 -4"><span class='ocrx_word' id='word_1_442' title='bbox 244 1677 322 1708; x_wconf 82' lang='lat' dir='ltr'><strong>estis.</strong></span> <span class='ocrx_word' id='word_1_443' title='bbox 345 1677 465 1706; x_wconf 59' lang='lat' dir='ltr'><strong>fratres;</strong></span> <span class='ocrx_word' id='word_1_444' title='bbox 476 1687 485 1703; x_wconf 71' lang='grc' dir='ltr'><strong>ι</strong></span> 
     </span>
    </p>
   </div>
   <div class='ocr_carea' id='block_1_64' title="bbox 281 1722 1101 1764">
    <p class='ocr_par' dir='ltr' id='par_1_64' title="bbox 281 1722 1029 1755">
     <span class='ocr_line' id='line_1_66' title="bbox 281 1722 1029 1755; baseline 0.007 -7"><span class='ocrx_word' id='word_1_445' title='bbox 281 1723 354 1750; x_wconf 82' lang='lat' dir='ltr'><strong>idem</strong></span> <span class='ocrx_word' id='word_1_446' title='bbox 371 1722 424 1749; x_wconf 87' lang='lat' dir='ltr'><strong>hoc</strong></span> <span class='ocrx_word' id='word_1_447' title='bbox 439 1727 481 1750; x_wconf 84' lang='lat' dir='ltr'><strong>est</strong></span> <span class='ocrx_word' id='word_1_448' title='bbox 508 1731 538 1750; x_wconf 87' lang='lat' dir='ltr'><strong>ac</strong></span> <span class='ocrx_word' id='word_1_449' title='bbox 554 1724 576 1751; x_wconf 88' lang='lat' dir='ltr'><strong>si</strong></span> <span class='ocrx_word' id='word_1_450' title='bbox 596 1724 671 1752; x_wconf 85' lang='lat' dir='ltr'><strong>dicat</strong></span> <span class='ocrx_word' id='word_1_451' title='bbox 687 1734 693 1751; x_wconf 88' lang='lat'>:</span> <span class='ocrx_word' id='word_1_452' title='bbox 716 1725 793 1752; x_wconf 90' lang='lat' dir='ltr'><strong>nulla</strong></span> <span class='ocrx_word' id='word_1_453' title='bbox 810 1729 853 1755; x_wconf 85' lang='lat' dir='ltr'><strong>est</strong></span> <span class='ocrx_word' id='word_1_454' title='bbox 877 1725 943 1753; x_wconf 88' lang='lat' dir='ltr'><strong>mihi</strong></span> <span class='ocrx_word' id='word_1_455' title='bbox 962 1733 1029 1753; x_wconf 76' lang='lat' dir='ltr'><strong>cura</strong></span> 
     </span>
    </p>
   </div>
   <div class='ocr_carea' id='block_1_65' title="bbox 1050 1722 1870 1764">
    <p class='ocr_par' dir='ltr' id='par_1_65' title="bbox 1124 1728 1870 1764">
     <span class='ocr_line' id='line_1_67' title="bbox 1124 1728 1870 1764; baseline -0.003 -7"><span class='ocrx_word' id='word_1_456' title='bbox 1124 1732 1156 1758; x_wconf 77' lang='grc' dir='ltr'><strong>Ι’0</strong></span> <span class='ocrx_word' id='word_1_457' title='bbox 1169 1730 1253 1764; x_wconf 83' lang='grc' dir='ltr'>λέγει,</span> <span class='ocrx_word' id='word_1_458' title='bbox 1271 1728 1391 1756; x_wconf 78' lang='grc' dir='ltr'>τοιοῦτον</span> <span class='ocrx_word' id='word_1_459' title='bbox 1400 1729 1485 1755; x_wconf 75' lang='grc' dir='ltr'>ἐστιν·</span> <span class='ocrx_word' id='word_1_460' title='bbox 1498 1728 1582 1755; x_wconf 82' lang='grc' dir='ltr'>Οὐδέν</span> <span class='ocrx_word' id='word_1_461' title='bbox 1599 1737 1644 1764; x_wconf 77' lang='grc' dir='ltr'><strong>μοι</strong></span> <span class='ocrx_word' id='word_1_462' title='bbox 1655 1728 1731 1764; x_wconf 81' lang='grc' dir='ltr'>μέλει</span> <span class='ocrx_word' id='word_1_463' title='bbox 1747 1729 1870 1756; x_wconf 66' lang='grc' dir='ltr'>ἐκείνων.</span> 
     </span>
    </p>
   </div>
   <div class='ocr_carea' id='block_1_66' title="bbox 245 1767 1065 1809">
    <p class='ocr_par' dir='ltr' id='par_1_66' title="bbox 245 1767 1030 1802">
     <span class='ocr_line' id='line_1_68' title="bbox 245 1767 1030 1802; baseline 0.004 -8"><span class='ocrx_word' id='word_1_464' title='bbox 245 1769 278 1796; x_wconf 83' lang='lat' dir='ltr'><strong>de</strong></span> <span class='ocrx_word' id='word_1_465' title='bbox 296 1768 361 1795; x_wconf 88' lang='lat' dir='ltr'><strong>illis.</strong></span> <span class='ocrx_word' id='word_1_466' title='bbox 379 1767 457 1801; x_wconf 85' lang='lat' dir='ltr'><strong>Quod</strong></span> <span class='ocrx_word' id='word_1_467' title='bbox 480 1768 502 1795; x_wconf 85' lang='lat' dir='ltr'><strong>si</strong></span> <span class='ocrx_word' id='word_1_468' title='bbox 525 1769 630 1802; x_wconf 85' lang='lat' dir='ltr'><strong>volunt,</strong></span> <span class='ocrx_word' id='word_1_469' title='bbox 649 1777 704 1796; x_wconf 88' lang='lat' dir='ltr'><strong>non</strong></span> <span class='ocrx_word' id='word_1_470' title='bbox 722 1770 804 1797; x_wconf 90' lang='lat' dir='ltr'><strong>modo</strong></span> <span class='ocrx_word' id='word_1_471' title='bbox 823 1770 1030 1799; x_wconf 70' lang='lat' dir='ltr'><strong>circumcidat:-</strong></span> 
     </span>
    </p>
   </div>
   <div class='ocr_carea' id='block_1_67' title="bbox 1050 1767 1870 1809">
    <p class='ocr_par' dir='ltr' id='par_1_67' title="bbox 1084 1772 1870 1809">
     <span class='ocr_line' id='line_1_69' title="bbox 1084 1772 1870 1809; baseline 0 -8"><span class='ocrx_word' id='word_1_472' title='bbox 1084 1774 1116 1801; x_wconf 72' lang='grc' dir='ltr'><strong>Εἰ</strong></span> <span class='ocrx_word' id='word_1_473' title='bbox 1129 1773 1280 1809; x_wconf 84' lang='grc' dir='ltr'>βούλονται,</span> <span class='ocrx_word' id='word_1_474' title='bbox 1300 1773 1336 1809; x_wconf 82' lang='grc' dir='ltr'>μὴ</span> <span class='ocrx_word' id='word_1_475' title='bbox 1362 1772 1618 1807; x_wconf 77' lang='grc' dir='ltr'>περιτεμνέσθωσαν</span> <span class='ocrx_word' id='word_1_476' title='bbox 1633 1773 1725 1809; x_wconf 86' lang='grc' dir='ltr'>μόνον,</span> <span class='ocrx_word' id='word_1_477' title='bbox 1743 1773 1811 1801; x_wconf 79' lang='grc' dir='ltr'>ἀλλὰ</span> <span class='ocrx_word' id='word_1_478' title='bbox 1822 1773 1870 1801; x_wconf 73' lang='grc' dir='ltr'>καὶ</span> 
     </span>
    </p>
   </div>
   <div class='ocr_carea' id='block_1_68' title="bbox 245 1818 1065 1858">
    <p class='ocr_par' dir='ltr' id='par_1_68' title="bbox 245 1818 643 1845">
     <span class='ocr_line' id='line_1_70' title="bbox 245 1818 643 1845; baseline 0.003 -4"><span class='ocrx_word' id='word_1_479' title='bbox 245 1821 298 1845; x_wconf 89' lang='lat' dir='ltr'><strong>tur,</strong></span> <span class='ocrx_word' id='word_1_480' title='bbox 315 1821 410 1841; x_wconf 77' lang='lat' dir='ltr'><strong>rerum</strong></span> <span class='ocrx_word' id='word_1_481' title='bbox 425 1818 452 1841; x_wconf 81' lang='lat' dir='ltr'><strong>et</strong></span> <span class='ocrx_word' id='word_1_482' title='bbox 465 1819 643 1842; x_wconf 84' lang='lat' dir='ltr'><strong>exsecentur.</strong></span> 
     </span>
    </p>
   </div>
   <div class='ocr_carea' id='block_1_69' title="bbox 518 1818 1338 1858">
    <p class='ocr_par' dir='ltr' id='par_1_69' title="bbox 518 1819 1338 1858">
     <span class='ocr_line' id='line_1_71' title="bbox 518 1819 1338 1858; baseline 0.007 -17"><span class='ocrx_word' id='word_1_483' title='bbox 518 1819 643 1842; x_wconf 86' lang='lat' dir='ltr'><strong>ecentur.</strong></span> <span class='ocrx_word' id='word_1_484' title='bbox 1083 1820 1338 1858; x_wconf 77' lang='grc' dir='ltr'>ἀποτεμνέσθωσαν.</span> 
     </span>
    </p>
   </div>
   <div class='ocr_carea' id='block_1_70' title="bbox 285 1859 1105 1902">
    <p class='ocr_par' dir='ltr' id='par_1_70' title="bbox 285 1859 1029 1890">
     <span class='ocr_line' id='line_1_72' title="bbox 285 1859 1029 1890; baseline 0.005 -4"><span class='ocrx_word' id='word_1_485' title='bbox 285 1870 293 1886; x_wconf 90' lang='grc'><strong>‹</strong></span> <span class='ocrx_word' id='word_1_486' title='bbox 316 1859 433 1886; x_wconf 86' lang='lat' dir='ltr'><strong>Tantum</strong></span> <span class='ocrx_word' id='word_1_487' title='bbox 463 1867 496 1887; x_wconf 90' lang='lat' dir='ltr'><strong>ne</strong></span> <span class='ocrx_word' id='word_1_488' title='bbox 526 1860 680 1887; x_wconf 75' lang='lat' dir='ltr'><strong>libertatem</strong></span> <span class='ocrx_word' id='word_1_489' title='bbox 695 1861 734 1887; x_wconf 88' lang='lat' dir='ltr'><strong>&#39;in</strong></span> <span class='ocrx_word' id='word_1_490' title='bbox 763 1862 937 1889; x_wconf 81' lang='lat' dir='ltr'><strong>occasionem</strong></span> <span class='ocrx_word' id='word_1_491' title='bbox 957 1863 1029 1890; x_wconf 87' lang='lat' dir='ltr'><strong>detis</strong></span> 
     </span>
    </p>
   </div>
   <div class='ocr_carea' id='block_1_71' title="bbox 1046 1859 1866 1902">
    <p class='ocr_par' dir='ltr' id='par_1_71' title="bbox 1121 1865 1866 1902">
     <span class='ocr_line' id='line_1_73' title="bbox 1121 1865 1866 1902; baseline -0.003 -7"><span class='ocrx_word' id='word_1_492' title='bbox 1121 1878 1131 1894; x_wconf 78' lang='grc' dir='ltr'><strong>ι</strong></span> <span class='ocrx_word' id='word_1_493' title='bbox 1147 1868 1236 1895; x_wconf 80' lang='grc' dir='ltr'>Μόνον</span> <span class='ocrx_word' id='word_1_494' title='bbox 1250 1868 1287 1902; x_wconf 81' lang='grc' dir='ltr'>μὴ</span> <span class='ocrx_word' id='word_1_495' title='bbox 1298 1868 1346 1902; x_wconf 84' lang='grc' dir='ltr'>τὴν</span> <span class='ocrx_word' id='word_1_496' title='bbox 1359 1866 1517 1901; x_wconf 68' lang='grc' dir='ltr'>ἐλευθερίαν</span> <span class='ocrx_word' id='word_1_497' title='bbox 1526 1867 1565 1898; x_wconf 82' lang='grc' dir='ltr'><strong>εἰς</strong></span> <span class='ocrx_word' id='word_1_498' title='bbox 1581 1865 1747 1902; x_wconf 74' lang='grc' dir='ltr'>ἀφορμὴντῇ</span> <span class='ocrx_word' id='word_1_499' title='bbox 1758 1867 1866 1902; x_wconf 72' lang='grc' dir='ltr'>σαρκί.»</span> 
     </span>
    </p>
   </div>
   <div class='ocr_carea' id='block_1_72' title="bbox 244 1914 329 1932">
    <p class='ocr_par' dir='ltr' id='par_1_72' title="bbox 244 1914 329 1932">
     <span class='ocr_line' id='line_1_74' title="bbox 244 1914 329 1932; baseline 0 0"><span class='ocrx_word' id='word_1_500' title='bbox 244 1914 273 1932; x_wconf 67' lang='lat' dir='ltr'><strong>Cll</strong></span> <span class='ocrx_word' id='word_1_501' title='bbox 280 1914 329 1932; x_wconf 75' lang='lat' dir='ltr'><strong>I&#39;lll.</strong></span> 
     </span>
    </p>
   </div>
   <div class='ocr_carea' id='block_1_73' title="bbox 278 1938 1098 1990">
    <p class='ocr_par' dir='ltr' id='par_1_73' title="bbox 278 1949 1030 1988">
     <span class='ocr_line' id='line_1_75' title="bbox 278 1949 1030 1988; baseline 0.008 -13"><span class='ocrx_word' id='word_1_502' title='bbox 278 1949 406 1976; x_wconf 74' lang='lat' dir='ltr'><strong>Christus</strong></span> <span class='ocrx_word' id='word_1_503' title='bbox 421 1957 472 1976; x_wconf 87' lang='lat' dir='ltr'><strong>nos</strong></span> <span class='ocrx_word' id='word_1_504' title='bbox 486 1950 588 1977; x_wconf 71' lang='lat' dir='ltr'><strong>exciuit</strong></span> <span class='ocrx_word' id='word_1_505' title='bbox 605 1958 618 1975; x_wconf 91' lang='lat' dir='ltr'><strong>a</strong></span> <span class='ocrx_word' id='word_1_506' title='bbox 638 1950 704 1985; x_wconf 83' lang='lat' dir='ltr'><strong>jugo</strong></span> <span class='ocrx_word' id='word_1_507' title='bbox 721 1951 875 1984; x_wconf 85' lang='lat' dir='ltr'><strong>servitutis,</strong></span> <span class='ocrx_word' id='word_1_508' title='bbox 893 1954 1030 1988; x_wconf 86' lang='lat' dir='ltr'><strong>nobisque</strong></span> 
     </span>
    </p>
   </div>
   <div class='ocr_carea' id='block_1_74' title="bbox 1050 1938 1870 1990">
    <p class='ocr_par' dir='ltr' id='par_1_74' title="bbox 1124 1938 1870 1990">
     <span class='ocr_line' id='line_1_76' title="bbox 1124 1938 1870 1990; baseline 0.001 -9"><span class='ocrx_word' id='word_1_509' title='bbox 1124 1938 1289 1989; x_wconf 60' lang='grc' dir='ltr'>’Ᾰπήλλαξεν</span> <span class='ocrx_word' id='word_1_510' title='bbox 1314 1954 1397 1990; x_wconf 76' lang='grc' dir='ltr'>ὑμᾶς,</span> <span class='ocrx_word' id='word_1_511' title='bbox 1433 1954 1526 1989; x_wconf 81' lang='grc' dir='ltr'>φησὶν,</span> <span class='ocrx_word' id='word_1_512' title='bbox 1556 1955 1571 1980; x_wconf 80' lang='grc' dir='ltr'><strong><em>ὁ</em></strong></span> <span class='ocrx_word' id='word_1_513' title='bbox 1593 1954 1710 1989; x_wconf 80' lang='grc' dir='ltr'>Χριστὸς</span> <span class='ocrx_word' id='word_1_514' title='bbox 1724 1953 1771 1981; x_wconf 79' lang='grc' dir='ltr'>τοῦ</span> <span class='ocrx_word' id='word_1_515' title='bbox 1785 1953 1870 1988; x_wconf 77' lang='grc' dir='ltr'>ζυγοῦ</span> 
     </span>
    </p>
   </div>
   <div class='ocr_carea' id='block_1_75' title="bbox 243 1995 1063 2036">
    <p class='ocr_par' dir='ltr' id='par_1_75' title="bbox 243 1995 1026 2031">
     <span class='ocr_line' id='line_1_77' title="bbox 243 1995 1026 2031; baseline 0.006 -10"><span class='ocrx_word' id='word_1_516' title='bbox 243 2003 302 2023; x_wconf 65' lang='lat' dir='ltr'><strong>esse</strong></span> <span class='ocrx_word' id='word_1_517' title='bbox 316 1995 431 2023; x_wconf 88' lang='lat' dir='ltr'><strong>liberum</strong></span> <span class='ocrx_word' id='word_1_518' title='bbox 449 1995 537 2022; x_wconf 74' lang='lat' dir='ltr'><strong>voluit</strong></span> <span class='ocrx_word' id='word_1_519' title='bbox 556 1995 649 2023; x_wconf 82' lang='lat' dir='ltr'><strong>facere</strong></span> <span class='ocrx_word' id='word_1_520' title='bbox 665 1997 797 2031; x_wconf 87' lang='lat' dir='ltr'><strong>quidquid</strong></span> <span class='ocrx_word' id='word_1_521' title='bbox 815 1998 921 2025; x_wconf 88' lang='lat' dir='ltr'><strong>libitum</strong></span> <span class='ocrx_word' id='word_1_522' title='bbox 935 1998 1026 2027; x_wconf 83' lang='lat' dir='ltr'><strong>fuerit:</strong></span> 
     </span>
    </p>
   </div>
   <div class='ocr_carea' id='block_1_76' title="bbox 1049 1995 1869 2036">
    <p class='ocr_par' dir='ltr' id='par_1_76' title="bbox 1083 1999 1869 2036">
     <span class='ocr_line' id='line_1_78' title="bbox 1083 1999 1869 2036; baseline 0.003 -9"><span class='ocrx_word' id='word_1_523' title='bbox 1083 2001 1132 2036; x_wconf 82' lang='grc' dir='ltr'>τῆς</span> <span class='ocrx_word' id='word_1_524' title='bbox 1145 1999 1277 2031; x_wconf 81' lang='grc' dir='ltr'>δουλείας,</span> <span class='ocrx_word' id='word_1_525' title='bbox 1308 2000 1420 2034; x_wconf 85' lang='grc' dir='ltr'>κυρίους</span> <span class='ocrx_word' id='word_1_526' title='bbox 1443 1999 1549 2035; x_wconf 75' lang='grc' dir='ltr'>ἀφῆκεν</span> <span class='ocrx_word' id='word_1_527' title='bbox 1574 2000 1705 2035; x_wconf 80' lang='grc' dir='ltr'>πράττειν</span> <span class='ocrx_word' id='word_1_528' title='bbox 1733 2000 1747 2027; x_wconf 79' lang='grc' dir='ltr'><strong>ὅ</strong></span> <span class='ocrx_word' id='word_1_529' title='bbox 1771 2010 1796 2028; x_wconf 87' lang='grc' dir='ltr'><strong>τι</strong></span> <span class='ocrx_word' id='word_1_530' title='bbox 1810 2001 1869 2036; x_wconf 83' lang='grc' dir='ltr'><strong>βού-</strong></span> 
     </span>
    </p>
   </div>
   <div class='ocr_carea' id='block_1_77' title="bbox 243 2041 1063 2083">
    <p class='ocr_par' dir='ltr' id='par_1_77' title="bbox 243 2041 1028 2079">
     <span class='ocr_line' id='line_1_79' title="bbox 243 2041 1028 2079; baseline 0.006 -12"><span class='ocrx_word' id='word_1_531' title='bbox 243 2048 298 2068; x_wconf 89' lang='grc' dir='ltr'>ιιοιι</span> <span class='ocrx_word' id='word_1_532' title='bbox 325 2045 354 2068; x_wconf 89' lang='grc' dir='ltr'><strong>ιιι</strong></span> <span class='ocrx_word' id='word_1_533' title='bbox 379 2041 430 2068; x_wconf 85' lang='lat' dir='ltr'><strong>hac</strong></span> <span class='ocrx_word' id='word_1_534' title='bbox 450 2046 583 2075; x_wconf 83' lang='lat' dir='ltr'><strong>potestate</strong></span> <span class='ocrx_word' id='word_1_535' title='bbox 606 2041 638 2070; x_wconf 88' lang='lat' dir='ltr'><strong>ad</strong></span> <span class='ocrx_word' id='word_1_536' title='bbox 663 2043 815 2078; x_wconf 86' lang='lat' dir='ltr'><strong>nequitiam</strong></span> <span class='ocrx_word' id='word_1_537' title='bbox 840 2044 1028 2079; x_wconf 83' lang='lat' dir='ltr'><strong>abutcremur,</strong></span> 
     </span>
    </p>
   </div>
   <div class='ocr_carea' id='block_1_78' title="bbox 1049 2041 1869 2083">
    <p class='ocr_par' dir='ltr' id='par_1_78' title="bbox 1083 2045 1869 2083">
     <span class='ocr_line' id='line_1_80' title="bbox 1083 2045 1869 2083; baseline 0.001 -10"><span class='ocrx_word' id='word_1_538' title='bbox 1083 2046 1172 2079; x_wconf 85' lang='grc' dir='ltr'>λεσθε,</span> <span class='ocrx_word' id='word_1_539' title='bbox 1185 2045 1234 2081; x_wconf 82' lang='grc' dir='ltr'><strong>οὐχ</strong></span> <span class='ocrx_word' id='word_1_540' title='bbox 1258 2045 1300 2073; x_wconf 73' lang='grc' dir='ltr'>ἵνα</span> <span class='ocrx_word' id='word_1_541' title='bbox 1329 2047 1361 2081; x_wconf 88' lang='grc' dir='ltr'>τῇ</span> <span class='ocrx_word' id='word_1_542' title='bbox 1387 2045 1496 2081; x_wconf 76' lang='grc' dir='ltr'>ἐξουσίᾳ</span> <span class='ocrx_word' id='word_1_543' title='bbox 1509 2047 1548 2078; x_wconf 82' lang='grc' dir='ltr'><strong>είς</strong></span> <span class='ocrx_word' id='word_1_544' title='bbox 1570 2047 1671 2073; x_wconf 79' lang='grc' dir='ltr'>κακίαν</span> <span class='ocrx_word' id='word_1_545' title='bbox 1691 2047 1869 2083; x_wconf 70' lang='grc' dir='ltr'>χρησώμεθα,</span> 
     </span>
    </p>
   </div>
   <div class='ocr_carea' id='block_1_79' title="bbox 242 2085 1062 2129">
    <p class='ocr_par' dir='ltr' id='par_1_79' title="bbox 242 2085 1029 2123">
     <span class='ocr_line' id='line_1_81' title="bbox 242 2085 1029 2123; baseline 0.006 -9"><span class='ocrx_word' id='word_1_546' title='bbox 242 2085 290 2114; x_wconf 87' lang='lat' dir='ltr'><strong>sed</strong></span> <span class='ocrx_word' id='word_1_547' title='bbox 314 2090 343 2113; x_wconf 90' lang='lat' dir='ltr'><strong>ut</strong></span> <span class='ocrx_word' id='word_1_548' title='bbox 367 2086 481 2120; x_wconf 86' lang='lat' dir='ltr'><strong>majoris</strong></span> <span class='ocrx_word' id='word_1_549' title='bbox 497 2088 632 2115; x_wconf 85' lang='lat' dir='ltr'><strong>mercedis</strong></span> <span class='ocrx_word' id='word_1_550' title='bbox 657 2088 737 2123; x_wconf 85' lang='lat' dir='ltr'><strong>copia</strong></span> <span class='ocrx_word' id='word_1_551' title='bbox 753 2089 866 2116; x_wconf 87' lang='lat' dir='ltr'><strong>daretur</strong></span> <span class='ocrx_word' id='word_1_552' title='bbox 887 2091 976 2123; x_wconf 87' lang='lat' dir='ltr'><strong>nobis,</strong></span> <span class='ocrx_word' id='word_1_553' title='bbox 995 2093 1029 2119; x_wconf 86' lang='lat' dir='ltr'><strong>ad</strong></span> 
     </span>
    </p>
   </div>
   <div class='ocr_carea' id='block_1_80' title="bbox 1048 2085 1868 2129">
    <p class='ocr_par' dir='ltr' id='par_1_80' title="bbox 1083 2092 1868 2129">
     <span class='ocr_line' id='line_1_82' title="bbox 1083 2092 1868 2129; baseline 0.001 -9"><span class='ocrx_word' id='word_1_554' title='bbox 1083 2093 1140 2121; x_wconf 84' lang='grc' dir='ltr'>ἀλλ’</span> <span class='ocrx_word' id='word_1_555' title='bbox 1171 2093 1214 2119; x_wconf 79' lang='grc' dir='ltr'>ἵνα</span> <span class='ocrx_word' id='word_1_556' title='bbox 1239 2092 1362 2128; x_wconf 77' lang='grc' dir='ltr'>μείζονος</span> <span class='ocrx_word' id='word_1_557' title='bbox 1380 2092 1477 2127; x_wconf 79' lang='grc' dir='ltr'>μισθοῦ</span> <span class='ocrx_word' id='word_1_558' title='bbox 1499 2092 1626 2128; x_wconf 73' lang='grc' dir='ltr'>λάϐωμεν</span> <span class='ocrx_word' id='word_1_559' title='bbox 1648 2094 1796 2129; x_wconf 83' lang='grc' dir='ltr'>πρόφασιν,</span> <span class='ocrx_word' id='word_1_560' title='bbox 1821 2094 1868 2121; x_wconf 76' lang='grc' dir='ltr'><strong>ἐπὶ</strong></span> 
     </span>
    </p>
   </div>
   <div class='ocr_carea' id='block_1_81' title="bbox 241 2132 1061 2178">
    <p class='ocr_par' dir='ltr' id='par_1_81' title="bbox 241 2132 1028 2172">
     <span class='ocr_line' id='line_1_83' title="bbox 241 2132 1028 2172; baseline 0.009 -14"><span class='ocrx_word' id='word_1_561' title='bbox 241 2132 367 2159; x_wconf 83' lang='lat' dir='ltr'><strong>altiorem</strong></span> <span class='ocrx_word' id='word_1_562' title='bbox 387 2132 588 2167; x_wconf 85' lang='lat' dir='ltr'><strong>philosophiam</strong></span> <span class='ocrx_word' id='word_1_563' title='bbox 613 2133 861 2169; x_wconf 78' lang='lat' dir='ltr'><strong>progredientibus.</strong></span> <span class='ocrx_word' id='word_1_564' title='bbox 880 2135 947 2163; x_wconf 87' lang='lat' dir='ltr'><strong>Nam</strong></span> <span class='ocrx_word' id='word_1_565' title='bbox 964 2138 1028 2172; x_wconf 84' lang='lat' dir='ltr'><strong>quia</strong></span> 
     </span>
    </p>
   </div>
   <div class='ocr_carea' id='block_1_82' title="bbox 1048 2132 1868 2178">
    <p class='ocr_par' dir='ltr' id='par_1_82' title="bbox 1084 2139 1868 2178">
     <span class='ocr_line' id='line_1_84' title="bbox 1084 2139 1868 2178; baseline 0.004 -12"><span class='ocrx_word' id='word_1_566' title='bbox 1084 2140 1244 2174; x_wconf 74' lang='grc' dir='ltr'>φιλοσοφίαν</span> <span class='ocrx_word' id='word_1_567' title='bbox 1269 2139 1379 2174; x_wconf 77' lang='grc' dir='ltr'>μείζονα</span> <span class='ocrx_word' id='word_1_568' title='bbox 1413 2139 1507 2172; x_wconf 76' lang='grc' dir='ltr'>ἰόντες.</span> <span class='ocrx_word' id='word_1_569' title='bbox 1531 2139 1639 2176; x_wconf 75' lang='grc' dir='ltr'>Ἐπειδὴ</span> <span class='ocrx_word' id='word_1_570' title='bbox 1668 2141 1721 2178; x_wconf 76' lang='grc' dir='ltr'>γὰρ</span> <span class='ocrx_word' id='word_1_571' title='bbox 1744 2141 1801 2169; x_wconf 74' lang='grc' dir='ltr'>ἄνω</span> <span class='ocrx_word' id='word_1_572' title='bbox 1821 2143 1868 2169; x_wconf 73' lang='grc' dir='ltr'>καὶ</span> 
     </span>
    </p>
   </div>
   <div class='ocr_carea' id='block_1_83' title="bbox 242 2177 1062 2229">
    <p class='ocr_par' dir='ltr' id='par_1_83' title="bbox 242 2177 1062 2229">
     <span class='ocr_line' id='line_1_85' title="bbox 242 2177 1062 2229; baseline 0.01 -26"><span class='ocrx_word' id='word_1_573' title='bbox 242 2178 305 2204; x_wconf 85' lang='lat' dir='ltr'><strong>hinc</strong></span> <span class='ocrx_word' id='word_1_574' title='bbox 320 2177 383 2205; x_wconf 92' lang='lat' dir='ltr'><strong>inde</strong></span> <span class='ocrx_word' id='word_1_575' title='bbox 402 2179 505 2212; x_wconf 84' lang='lat' dir='ltr'><strong>passim</strong></span> <span class='ocrx_word' id='word_1_576' title='bbox 522 2179 608 2213; x_wconf 74' lang='lat' dir='ltr'><strong>legem</strong></span> <span class='ocrx_word' id='word_1_577' title='bbox 626 2179 744 2213; x_wconf 82' lang='lat' dir='ltr'><strong>appellat</strong></span> <span class='ocrx_word' id='word_1_578' title='bbox 761 2181 904 2208; x_wconf 84' lang='lat' dir='ltr'><strong>servitutis</strong></span> <span class='ocrx_word' id='word_1_579' title='bbox 917 2184 1025 2218; x_wconf 78' lang='lat' dir='ltr'><strong>jugum,</strong></span> <span class='ocrx_word' id='word_1_580' title='bbox 1046 2202 1062 2229; x_wconf 66' lang='grc' dir='ltr'>Π</span> 
     </span>
    </p>
   </div>
   <div class='ocr_carea' id='block_1_84' title="bbox 1048 2177 1868 2229">
    <p class='ocr_par' dir='ltr' id='par_1_84' title="bbox 1048 2185 1868 2229">
     <span class='ocr_line' id='line_1_86' title="bbox 1048 2185 1868 2229; baseline 0.002 -17"><span class='ocrx_word' id='word_1_581' title='bbox 1048 2202 1068 2229; x_wconf 77' lang='lat' dir='ltr'><strong>D</strong></span> <span class='ocrx_word' id='word_1_582' title='bbox 1084 2187 1158 2214; x_wconf 81' lang='grc' dir='ltr'>κάτω</span> <span class='ocrx_word' id='word_1_583' title='bbox 1172 2185 1253 2220; x_wconf 78' lang='grc' dir='ltr'>ζυγὸν</span> <span class='ocrx_word' id='word_1_584' title='bbox 1267 2185 1388 2217; x_wconf 85' lang='grc' dir='ltr'>δουλείας</span> <span class='ocrx_word' id='word_1_585' title='bbox 1411 2186 1488 2212; x_wconf 81' lang='grc' dir='ltr'>καλεῖ</span> <span class='ocrx_word' id='word_1_586' title='bbox 1512 2185 1558 2212; x_wconf 76' lang='grc' dir='ltr'><strong>τὸν</strong></span> <span class='ocrx_word' id='word_1_587' title='bbox 1581 2185 1672 2221; x_wconf 86' lang='grc' dir='ltr'>νόμον,</span> <span class='ocrx_word' id='word_1_588' title='bbox 1701 2187 1748 2213; x_wconf 72' lang='grc' dir='ltr'><strong>καὶ</strong></span> <span class='ocrx_word' id='word_1_589' title='bbox 1769 2187 1799 2214; x_wconf 88' lang='grc' dir='ltr'>οὐ</span> <span class='ocrx_word' id='word_1_590' title='bbox 1818 2187 1868 2222; x_wconf 81' lang='grc' dir='ltr'><strong>τῆς</strong></span> 
     </span>
    </p>
   </div>
   <div class='ocr_carea' id='block_1_85' title="bbox 241 2224 1061 2269">
    <p class='ocr_par' dir='ltr' id='par_1_85' title="bbox 241 2224 1061 2264">
     <span class='ocr_line' id='line_1_87' title="bbox 241 2224 1061 2264; baseline 0.011 -15"><span class='ocrx_word' id='word_1_591' title='bbox 241 2231 273 2250; x_wconf 84' lang='lat' dir='ltr'><strong>ac</strong></span> <span class='ocrx_word' id='word_1_592' title='bbox 301 2224 485 2258; x_wconf 79' lang='lat' dir='ltr'><strong>exemptionis</strong></span> <span class='ocrx_word' id='word_1_593' title='bbox 509 2231 522 2249; x_wconf 85' lang='lat' dir='ltr'><strong>a</strong></span> <span class='ocrx_word' id='word_1_594' title='bbox 553 2224 699 2252; x_wconf 83' lang='lat' dir='ltr'><strong>maledicto</strong></span> <span class='ocrx_word' id='word_1_595' title='bbox 725 2226 851 2254; x_wconf 87' lang='lat' dir='ltr'><strong>meminit</strong></span> <span class='ocrx_word' id='word_1_596' title='bbox 878 2236 884 2252; x_wconf 94' lang='lat'><em>:</em></span> <span class='ocrx_word' id='word_1_597' title='bbox 905 2236 940 2255; x_wconf 90' lang='lat' dir='ltr'><strong>ne</strong></span> <span class='ocrx_word' id='word_1_598' title='bbox 968 2230 1030 2264; x_wconf 90' lang='lat' dir='ltr'><strong>quis</strong></span> <span class='ocrx_word' id='word_1_599' title='bbox 1046 2224 1061 2229; x_wconf 70' lang='grc'><em>’</em></span> 
     </span>
    </p>
   </div>
   <div class='ocr_carea' id='block_1_86' title="bbox 1047 2224 1867 2269">
    <p class='ocr_par' dir='ltr' id='par_1_86' title="bbox 1047 2224 1867 2269">
     <span class='ocr_line' id='line_1_88' title="bbox 1047 2224 1867 2269; baseline 0.004 -11"><span class='ocrx_word' id='word_1_600' title='bbox 1047 2224 1065 2229; x_wconf 45' lang='grc' dir='ltr'><em>ν</em></span> <span class='ocrx_word' id='word_1_601' title='bbox 1082 2231 1205 2267; x_wconf 79' lang='grc' dir='ltr'>κατάρας</span> <span class='ocrx_word' id='word_1_602' title='bbox 1217 2231 1387 2266; x_wconf 78' lang='grc' dir='ltr'>ἀπαλλαγὴν,</span> <span class='ocrx_word' id='word_1_603' title='bbox 1402 2232 1446 2258; x_wconf 78' lang='grc' dir='ltr'>ἵνα</span> <span class='ocrx_word' id='word_1_604' title='bbox 1460 2232 1496 2267; x_wconf 89' lang='grc' dir='ltr'>μή</span> <span class='ocrx_word' id='word_1_605' title='bbox 1516 2241 1557 2263; x_wconf 86' lang='grc' dir='ltr'><strong>τις</strong></span> <span class='ocrx_word' id='word_1_606' title='bbox 1571 2233 1740 2269; x_wconf 83' lang='grc' dir='ltr'>ὑποπτεύσῃ,</span> <span class='ocrx_word' id='word_1_607' title='bbox 1760 2234 1800 2260; x_wconf 82' lang='grc' dir='ltr'>ὅτι</span> <span class='ocrx_word' id='word_1_608' title='bbox 1824 2234 1867 2262; x_wconf 77' lang='grc' dir='ltr'><strong>διὰ</strong></span> 
     </span>
    </p>
   </div>
   <div class='ocr_carea' id='block_1_87' title="bbox 242 2269 1062 2316">
    <p class='ocr_par' dir='ltr' id='par_1_87' title="bbox 242 2269 1028 2311">
     <span class='ocr_line' id='line_1_89' title="bbox 242 2269 1028 2311; baseline 0.009 -15"><span class='ocrx_word' id='word_1_609' title='bbox 242 2269 295 2296; x_wconf 90' lang='lat' dir='ltr'><strong>sibi</strong></span> <span class='ocrx_word' id='word_1_610' title='bbox 326 2269 423 2304; x_wconf 73' lang='lat' dir='ltr'><strong>lingat,</strong></span> <span class='ocrx_word' id='word_1_611' title='bbox 453 2269 541 2304; x_wconf 85' lang='lat' dir='ltr'><strong>ipsum</strong></span> <span class='ocrx_word' id='word_1_612' title='bbox 561 2270 623 2297; x_wconf 83' lang='lat' dir='ltr'><strong>ideo</strong></span> <span class='ocrx_word' id='word_1_613' title='bbox 637 2275 762 2298; x_wconf 80' lang='lat' dir='ltr'><strong>avertere</strong></span> <span class='ocrx_word' id='word_1_614' title='bbox 784 2271 911 2302; x_wconf 83' lang='lat' dir='ltr'><strong>homines</strong></span> <span class='ocrx_word' id='word_1_615' title='bbox 926 2283 940 2302; x_wconf 90' lang='lat' dir='ltr'><strong>a</strong></span> <span class='ocrx_word' id='word_1_616' title='bbox 959 2276 1028 2311; x_wconf 79' lang='lat' dir='ltr'><strong>lege,</strong></span> 
     </span>
    </p>
   </div>
   <div class='ocr_carea' id='block_1_88' title="bbox 1046 2269 1866 2316">
    <p class='ocr_par' dir='ltr' id='par_1_88' title="bbox 1080 2277 1866 2316">
     <span class='ocr_line' id='line_1_90' title="bbox 1080 2277 1866 2316; baseline 0.005 -12"><span class='ocrx_word' id='word_1_617' title='bbox 1080 2277 1159 2304; x_wconf 75' lang='grc' dir='ltr'>τοῦτο</span> <span class='ocrx_word' id='word_1_618' title='bbox 1172 2277 1278 2304; x_wconf 81' lang='grc' dir='ltr'>κελεύει</span> <span class='ocrx_word' id='word_1_619' title='bbox 1293 2277 1339 2304; x_wconf 85' lang='grc' dir='ltr'>τοῦ</span> <span class='ocrx_word' id='word_1_620' title='bbox 1351 2278 1434 2313; x_wconf 85' lang='grc' dir='ltr'>νόμου</span> <span class='ocrx_word' id='word_1_621' title='bbox 1449 2279 1611 2314; x_wconf 81' lang='grc' dir='ltr'>ἀποστῆναι,</span> <span class='ocrx_word' id='word_1_622' title='bbox 1627 2279 1670 2306; x_wconf 76' lang='grc' dir='ltr'>ἵνα</span> <span class='ocrx_word' id='word_1_623' title='bbox 1682 2279 1728 2315; x_wconf 76' lang='grc' dir='ltr'>ἐξῇ</span> <span class='ocrx_word' id='word_1_624' title='bbox 1748 2280 1866 2316; x_wconf 81' lang='grc' dir='ltr'>παρανό-</span> 
     </span>
    </p>
   </div>
   <div class='ocr_carea' id='block_1_89' title="bbox 242 2315 1062 2360">
    <p class='ocr_par' dir='ltr' id='par_1_89' title="bbox 242 2315 1028 2356">
     <span class='ocr_line' id='line_1_91' title="bbox 242 2315 1028 2356; baseline 0.01 -15"><span class='ocrx_word' id='word_1_625' title='bbox 242 2319 270 2342; x_wconf 89' lang='grc' dir='ltr'><strong>ιιι</strong></span> <span class='ocrx_word' id='word_1_626' title='bbox 291 2315 371 2343; x_wconf 80' lang='lat' dir='ltr'><strong>liceat</strong></span> <span class='ocrx_word' id='word_1_627' title='bbox 399 2315 530 2351; x_wconf 80' lang='lat' dir='ltr'><strong>deinceps</strong></span> <span class='ocrx_word' id='word_1_628' title='bbox 556 2317 680 2352; x_wconf 73' lang='lat' dir='ltr'><strong>exlegem</strong></span> <span class='ocrx_word' id='word_1_629' title='bbox 705 2317 789 2344; x_wconf 78' lang='lat' dir='ltr'><strong>vitam</strong></span> <span class='ocrx_word' id='word_1_630' title='bbox 815 2326 906 2353; x_wconf 83' lang='lat' dir='ltr'><strong>agere,</strong></span> <span class='ocrx_word' id='word_1_631' title='bbox 936 2322 1028 2356; x_wconf 90' lang='lat' dir='ltr'><strong>suspi-</strong></span> 
     </span>
    </p>
   </div>
   <div class='ocr_carea' id='block_1_90' title="bbox 1044 2315 1864 2360">
    <p class='ocr_par' dir='ltr' id='par_1_90' title="bbox 1081 2322 1864 2360">
     <span class='ocr_line' id='line_1_92' title="bbox 1081 2322 1864 2360; baseline 0.005 -12"><span class='ocrx_word' id='word_1_632' title='bbox 1081 2331 1139 2358; x_wconf 82' lang='grc' dir='ltr'><strong>μως</strong></span> <span class='ocrx_word' id='word_1_633' title='bbox 1153 2322 1214 2358; x_wconf 82' lang='grc' dir='ltr'>ζῇν,</span> <span class='ocrx_word' id='word_1_634' title='bbox 1233 2322 1387 2358; x_wconf 81' lang='grc' dir='ltr'>διορθοῦται</span> <span class='ocrx_word' id='word_1_635' title='bbox 1403 2323 1452 2358; x_wconf 82' lang='grc' dir='ltr'>τὴν</span> <span class='ocrx_word' id='word_1_636' title='bbox 1471 2323 1608 2356; x_wconf 85' lang='grc' dir='ltr'>ὑπόνοιαν,</span> <span class='ocrx_word' id='word_1_637' title='bbox 1626 2324 1713 2358; x_wconf 87' lang='grc' dir='ltr'>λέγων</span> <span class='ocrx_word' id='word_1_638' title='bbox 1724 2333 1730 2340; x_wconf 92' lang='grc'><strong>·</strong></span> <span class='ocrx_word' id='word_1_639' title='bbox 1750 2326 1806 2360; x_wconf 83' lang='grc' dir='ltr'><strong>Οὐχ</strong></span> <span class='ocrx_word' id='word_1_640' title='bbox 1822 2326 1864 2352; x_wconf 89' lang='grc' dir='ltr'>ῐνα</span> 
     </span>
    </p>
   </div>
   <div class='ocr_carea' id='block_1_91' title="bbox 240 2361 1060 2406">
    <p class='ocr_par' dir='ltr' id='par_1_91' title="bbox 240 2361 1029 2396">
     <span class='ocr_line' id='line_1_93' title="bbox 240 2361 1029 2396; baseline 0.009 -8"><span class='ocrx_word' id='word_1_641' title='bbox 240 2362 348 2389; x_wconf 88' lang='lat' dir='ltr'><strong>cioncm</strong></span> <span class='ocrx_word' id='word_1_642' title='bbox 366 2361 437 2388; x_wconf 87' lang='lat' dir='ltr'><strong>hanc</strong></span> <span class='ocrx_word' id='word_1_643' title='bbox 455 2362 582 2396; x_wconf 74' lang='lat' dir='ltr'><strong>corrigit,</strong></span> <span class='ocrx_word' id='word_1_644' title='bbox 599 2362 715 2390; x_wconf 85' lang='lat' dir='ltr'><strong>dicens:</strong></span> <span class='ocrx_word' id='word_1_645' title='bbox 738 2370 793 2389; x_wconf 85' lang='lat' dir='ltr'><strong>non</strong></span> <span class='ocrx_word' id='word_1_646' title='bbox 811 2368 839 2390; x_wconf 94' lang='lat' dir='ltr'><strong>ut</strong></span> <span class='ocrx_word' id='word_1_647' title='bbox 855 2364 964 2394; x_wconf 62' lang='lat' dir='ltr'><strong>effrenis</strong></span> <span class='ocrx_word' id='word_1_648' title='bbox 982 2367 1029 2394; x_wconf 86' lang='lat' dir='ltr'><strong>ﬁat</strong></span> 
     </span>
    </p>
   </div>
   <div class='ocr_carea' id='block_1_92' title="bbox 1047 2361 1867 2406">
    <p class='ocr_par' dir='ltr' id='par_1_92' title="bbox 1081 2369 1867 2406">
     <span class='ocr_line' id='line_1_94' title="bbox 1081 2369 1867 2406; baseline 0.003 -11"><span class='ocrx_word' id='word_1_649' title='bbox 1081 2369 1246 2404; x_wconf 83' lang='grc' dir='ltr'>παρανόμως</span> <span class='ocrx_word' id='word_1_650' title='bbox 1259 2369 1396 2404; x_wconf 81' lang='grc' dir='ltr'>γένηταιὴ</span> <span class='ocrx_word' id='word_1_651' title='bbox 1409 2369 1541 2402; x_wconf 84' lang='grc' dir='ltr'>πολιτεία,</span> <span class='ocrx_word' id='word_1_652' title='bbox 1552 2369 1611 2396; x_wconf 81' lang='grc' dir='ltr'>ἀλλ’</span> <span class='ocrx_word' id='word_1_653' title='bbox 1625 2369 1668 2396; x_wconf 82' lang='grc' dir='ltr'><strong>ἵνα</strong></span> <span class='ocrx_word' id='word_1_654' title='bbox 1678 2369 1748 2406; x_wconf 80' lang='grc' dir='ltr'>ὑπὲρ</span> <span class='ocrx_word' id='word_1_655' title='bbox 1763 2370 1867 2406; x_wconf 74' lang='grc' dir='ltr'>νόμονὴ</span> 
     </span>
    </p>
   </div>
   <div class='ocr_carea' id='block_1_93' title="bbox 245 2406 1065 2450">
    <p class='ocr_par' dir='ltr' id='par_1_93' title="bbox 245 2406 1028 2445">
     <span class='ocr_line' id='line_1_95' title="bbox 245 2406 1028 2445; baseline 0.009 -12"><span class='ocrx_word' id='word_1_656' title='bbox 245 2406 309 2433; x_wconf 69' lang='lat' dir='ltr'><strong>vitae</strong></span> <span class='ocrx_word' id='word_1_657' title='bbox 327 2406 408 2441; x_wconf 82' lang='lat' dir='ltr'><strong>ratio,</strong></span> <span class='ocrx_word' id='word_1_658' title='bbox 425 2407 471 2434; x_wconf 82' lang='lat' dir='ltr'><strong>sed</strong></span> <span class='ocrx_word' id='word_1_659' title='bbox 488 2411 516 2434; x_wconf 89' lang='lat' dir='ltr'><strong>ut</strong></span> <span class='ocrx_word' id='word_1_660' title='bbox 535 2407 705 2442; x_wconf 78' lang='lat' dir='ltr'><strong>philosophia</strong></span> <span class='ocrx_word' id='word_1_661' title='bbox 722 2412 816 2436; x_wconf 86' lang='lat' dir='ltr'><strong>nostra</strong></span> <span class='ocrx_word' id='word_1_662' title='bbox 833 2409 917 2445; x_wconf 79' lang='lat' dir='ltr'><strong>legem</strong></span> <span class='ocrx_word' id='word_1_663' title='bbox 935 2415 1028 2440; x_wconf 82' lang='lat' dir='ltr'><strong>trans-</strong></span> 
     </span>
    </p>
   </div>
   <div class='ocr_carea' id='block_1_94' title="bbox 1047 2406 1867 2450">
    <p class='ocr_par' dir='ltr' id='par_1_94' title="bbox 1079 2414 1867 2450">
     <span class='ocr_line' id='line_1_96' title="bbox 1079 2414 1867 2450; baseline 0.001 -9"><span class='ocrx_word' id='word_1_664' title='bbox 1079 2414 1233 2450; x_wconf 83' lang='grc' dir='ltr'>φιλοσοφία.</span> <span class='ocrx_word' id='word_1_665' title='bbox 1253 2414 1351 2449; x_wconf 84' lang='grc' dir='ltr'>Ἑλύθη</span> <span class='ocrx_word' id='word_1_666' title='bbox 1366 2415 1419 2449; x_wconf 84' lang='grc' dir='ltr'><strong>γὰρ</strong></span> <span class='ocrx_word' id='word_1_667' title='bbox 1432 2414 1479 2440; x_wconf 77' lang='grc' dir='ltr'>τοῦ</span> <span class='ocrx_word' id='word_1_668' title='bbox 1488 2415 1571 2450; x_wconf 83' lang='grc' dir='ltr'>νόμου</span> <span class='ocrx_word' id='word_1_669' title='bbox 1587 2415 1621 2442; x_wconf 84' lang='grc' dir='ltr'>τὰ</span> <span class='ocrx_word' id='word_1_670' title='bbox 1632 2415 1718 2450; x_wconf 80' lang='grc' dir='ltr'>δεσμά</span> <span class='ocrx_word' id='word_1_671' title='bbox 1733 2423 1739 2430; x_wconf 90' lang='grc'>·</span> <span class='ocrx_word' id='word_1_672' title='bbox 1756 2415 1803 2442; x_wconf 79' lang='grc' dir='ltr'>καὶ</span> <span class='ocrx_word' id='word_1_673' title='bbox 1813 2416 1867 2449; x_wconf 78' lang='grc' dir='ltr'><strong>ἐγὼ</strong></span> 
     </span>
    </p>
   </div>
   <div class='ocr_carea' id='block_1_95' title="bbox 240 2452 1060 2496">
    <p class='ocr_par' dir='ltr' id='par_1_95' title="bbox 240 2452 1027 2490">
     <span class='ocr_line' id='line_1_97' title="bbox 240 2452 1027 2490; baseline 0.008 -10"><span class='ocrx_word' id='word_1_674' title='bbox 240 2452 351 2485; x_wconf 83' lang='lat' dir='ltr'><strong>cendal,</strong></span> <span class='ocrx_word' id='word_1_675' title='bbox 383 2453 502 2481; x_wconf 79' lang='lat' dir='ltr'><strong>\‘inculis</strong></span> <span class='ocrx_word' id='word_1_676' title='bbox 542 2454 639 2482; x_wconf 83' lang='lat' dir='ltr'><strong>solutis</strong></span> <span class='ocrx_word' id='word_1_677' title='bbox 663 2454 739 2490; x_wconf 77' lang='lat' dir='ltr'><strong>legis.</strong></span> <span class='ocrx_word' id='word_1_678' title='bbox 777 2456 859 2490; x_wconf 86' lang='lat' dir='ltr'><strong>Alqui</strong></span> <span class='ocrx_word' id='word_1_679' title='bbox 903 2458 959 2485; x_wconf 61' lang='lat' dir='ltr'><strong>haec</strong></span> <span class='ocrx_word' id='word_1_680' title='bbox 988 2459 1027 2486; x_wconf 84' lang='lat' dir='ltr'><strong>lo-</strong></span> 
     </span>
    </p>
   </div>
   <div class='ocr_carea' id='block_1_96' title="bbox 1045 2452 1865 2496">
    <p class='ocr_par' dir='ltr' id='par_1_96' title="bbox 1078 2461 1865 2496">
     <span class='ocr_line' id='line_1_98' title="bbox 1078 2461 1865 2496; baseline 0.001 -9"><span class='ocrx_word' id='word_1_681' title='bbox 1078 2461 1163 2488; x_wconf 83' lang='grc' dir='ltr'>ταῦτα</span> <span class='ocrx_word' id='word_1_682' title='bbox 1179 2461 1262 2495; x_wconf 83' lang='grc' dir='ltr'>λέγω,</span> <span class='ocrx_word' id='word_1_683' title='bbox 1282 2461 1330 2496; x_wconf 80' lang='grc' dir='ltr'><strong>οὐχ</strong></span> <span class='ocrx_word' id='word_1_684' title='bbox 1354 2461 1396 2487; x_wconf 82' lang='grc' dir='ltr'>ἴνα</span> <span class='ocrx_word' id='word_1_685' title='bbox 1428 2462 1624 2496; x_wconf 81' lang='grc' dir='ltr'>ταπεινότεροι,</span> <span class='ocrx_word' id='word_1_686' title='bbox 1645 2461 1702 2488; x_wconf 80' lang='grc' dir='ltr'>ἀλλ’</span> <span class='ocrx_word' id='word_1_687' title='bbox 1714 2462 1757 2489; x_wconf 78' lang='grc' dir='ltr'>ἵνα</span> <span class='ocrx_word' id='word_1_688' title='bbox 1769 2461 1865 2496; x_wconf 78' lang='grc' dir='ltr'>ὑψηλό-</span> 
     </span>
    </p>
   </div>
   <div class='ocr_carea' id='block_1_97' title="bbox 238 2499 1058 2542">
    <p class='ocr_par' dir='ltr' id='par_1_97' title="bbox 238 2499 1024 2535">
     <span class='ocr_line' id='line_1_99' title="bbox 238 2499 1024 2535; baseline 0.01 -10"><span class='ocrx_word' id='word_1_689' title='bbox 238 2505 317 2533; x_wconf 85' lang='lat' dir='ltr'><strong>quor,</strong></span> <span class='ocrx_word' id='word_1_690' title='bbox 336 2507 390 2526; x_wconf 88' lang='lat' dir='ltr'><strong>non</strong></span> <span class='ocrx_word' id='word_1_691' title='bbox 405 2503 433 2526; x_wconf 91' lang='lat' dir='ltr'><strong>ut</strong></span> <span class='ocrx_word' id='word_1_692' title='bbox 449 2499 614 2535; x_wconf 69' lang='lat' dir='ltr'><strong>dejectiones</strong></span> <span class='ocrx_word' id='word_1_693' title='bbox 632 2501 728 2532; x_wconf 83' lang='lat' dir='ltr'><strong>simus,</strong></span> <span class='ocrx_word' id='word_1_694' title='bbox 748 2501 794 2528; x_wconf 89' lang='lat' dir='ltr'><strong>sed</strong></span> <span class='ocrx_word' id='word_1_695' title='bbox 810 2502 843 2529; x_wconf 88' lang='lat' dir='ltr'><strong>ad</strong></span> <span class='ocrx_word' id='word_1_696' title='bbox 861 2503 1024 2533; x_wconf 81' lang='lat' dir='ltr'><strong>sublimiora</strong></span> 
     </span>
    </p>
   </div>
   <div class='ocr_carea' id='block_1_98' title="bbox 501 2499 1321 2542">
    <p class='ocr_par' dir='ltr' id='par_1_98' title="bbox 501 2500 1321 2542">
     <span class='ocr_line' id='line_1_100' title="bbox 501 2500 1321 2542; baseline 0.007 -15"><span class='ocrx_word' id='word_1_697' title='bbox 501 2500 614 2528; x_wconf 77' lang='lat' dir='ltr'><strong>:ctiores</strong></span> <span class='ocrx_word' id='word_1_698' title='bbox 632 2501 728 2532; x_wconf 82' lang='lat' dir='ltr'><strong>simus,</strong></span> <span class='ocrx_word' id='word_1_699' title='bbox 748 2501 794 2528; x_wconf 88' lang='lat' dir='ltr'><strong>sed</strong></span> <span class='ocrx_word' id='word_1_700' title='bbox 810 2502 843 2529; x_wconf 83' lang='lat' dir='ltr'><strong>ad</strong></span> <span class='ocrx_word' id='word_1_701' title='bbox 861 2503 1024 2533; x_wconf 83' lang='lat' dir='ltr'><strong>sublimiora</strong></span> <span class='ocrx_word' id='word_1_702' title='bbox 1078 2516 1151 2542; x_wconf 78' lang='grc' dir='ltr'>τεροι</span> <span class='ocrx_word' id='word_1_703' title='bbox 1167 2507 1321 2542; x_wconf 80' lang='grc' dir='ltr'>γενώμεθα.</span> 
     </span>
    </p>
   </div>
   <div class='ocr_carea' id='block_1_99' title="bbox 238 2545 435 2578">
    <p class='ocr_par' dir='ltr' id='par_1_99' title="bbox 238 2545 435 2578">
     <span class='ocr_line' id='line_1_101' title="bbox 238 2545 435 2578; baseline 0.01 -8"><span class='ocrx_word' id='word_1_704' title='bbox 238 2545 435 2578; x_wconf 75' lang='lat' dir='ltr'><strong>provehantur.</strong></span> 
     </span>
    </p>
   </div>
   <div class='ocr_carea' id='block_1_100' title="bbox 303 2591 1123 2630">
    <p class='ocr_par' dir='ltr' id='par_1_100' title="bbox 303 2591 1123 2628">
     <span class='ocr_line' id='line_1_102' title="bbox 303 2591 1123 2628; baseline 0.01 -10"><span class='ocrx_word' id='word_1_705' title='bbox 303 2600 314 2618; x_wconf 70' lang='grc' dir='ltr'><strong>ι</strong></span> <span class='ocrx_word' id='word_1_706' title='bbox 355 2591 408 2619; x_wconf 86' lang='lat' dir='ltr'><strong>Sed</strong></span> <span class='ocrx_word' id='word_1_707' title='bbox 454 2601 502 2628; x_wconf 82' lang='lat' dir='ltr'><strong>per</strong></span> <span class='ocrx_word' id='word_1_708' title='bbox 545 2595 708 2623; x_wconf 86' lang='lat' dir='ltr'><strong>charitatem</strong></span> <span class='ocrx_word' id='word_1_709' title='bbox 749 2597 852 2624; x_wconf 67' lang='lat' dir='ltr'><strong>servile</strong></span> <span class='ocrx_word' id='word_1_710' title='bbox 899 2598 1026 2626; x_wconf 69' lang='lat' dir='ltr'><strong>invicem.</strong></span> <span class='ocrx_word' id='word_1_711' title='bbox 1120 2606 1123 2619; x_wconf 56' lang='grc' dir='ltr'><strong>ι</strong></span> 
     </span>
    </p>
   </div>
   <div class='ocr_carea' id='block_1_101' title="bbox 1046 2591 1866 2630">
    <p class='ocr_par' dir='ltr' id='par_1_101' title="bbox 1120 2593 1866 2630">
     <span class='ocr_line' id='line_1_103' title="bbox 1120 2593 1866 2630; baseline -0.003 -10"><span class='ocrx_word' id='word_1_712' title='bbox 1120 2604 1128 2620; x_wconf 83' lang='grc' dir='ltr'><strong>ι</strong></span> <span class='ocrx_word' id='word_1_713' title='bbox 1154 2593 1234 2620; x_wconf 80' lang='grc' dir='ltr'>Ἀλλὰ</span> <span class='ocrx_word' id='word_1_714' title='bbox 1249 2594 1293 2620; x_wconf 72' lang='grc' dir='ltr'>διὰ</span> <span class='ocrx_word' id='word_1_715' title='bbox 1305 2594 1354 2628; x_wconf 74' lang='grc' dir='ltr'>τῆς</span> <span class='ocrx_word' id='word_1_716' title='bbox 1380 2593 1489 2628; x_wconf 81' lang='grc' dir='ltr'><strong>ἀγάπης</strong></span> <span class='ocrx_word' id='word_1_717' title='bbox 1513 2594 1652 2620; x_wconf 71' lang='grc' dir='ltr'>δουλεύετε</span> <span class='ocrx_word' id='word_1_718' title='bbox 1683 2594 1819 2630; x_wconf 83' lang='grc' dir='ltr'>ἀλλήλοις.</span> <span class='ocrx_word' id='word_1_719' title='bbox 1837 2594 1866 2619; x_wconf 84' lang='lat'><strong>&#39;0</strong></span> 
     </span>
    </p>
   </div>
   <div class='ocr_carea' id='block_1_102' title="bbox 289 2678 500 2711">
    <p class='ocr_par' dir='ltr' id='par_1_102' title="bbox 289 2678 500 2711">
     <span class='ocr_line' id='line_1_104' title="bbox 289 2678 500 2711; baseline -0.005 -5"><span class='ocrx_word' id='word_1_720' title='bbox 289 2678 313 2695; x_wconf 72' lang='grc'>³⁵</span> <span class='ocrx_word' id='word_1_721' title='bbox 323 2679 384 2707; x_wconf 83' lang='lat' dir='ltr'><strong>Act.</strong></span> <span class='ocrx_word' id='word_1_722' title='bbox 402 2686 439 2711; x_wconf 81' lang='lat' dir='ltr'><strong>vt,</strong></span> <span class='ocrx_word' id='word_1_723' title='bbox 458 2679 500 2705; x_wconf 71' lang='grc'><strong>15.</strong></span> 
     </span>
    </p>
   </div>
   <div class='ocr_carea' id='block_1_103' title="bbox 323 2679 1179 2753">
    <p class='ocr_par' dir='ltr' id='par_1_103' title="bbox 323 2679 1179 2753">
     <span class='ocr_line' id='line_1_105' title="bbox 323 2679 500 2711; baseline -0.006 -5"><span class='ocrx_word' id='word_1_724' title='bbox 323 2679 384 2707; x_wconf 83' lang='lat' dir='ltr'><strong>Act.</strong></span> <span class='ocrx_word' id='word_1_725' title='bbox 402 2686 439 2711; x_wconf 81' lang='lat' dir='ltr'><strong>vt,</strong></span> <span class='ocrx_word' id='word_1_726' title='bbox 458 2679 500 2705; x_wconf 71' lang='grc'><strong>15.</strong></span> 
     </span>
     <span class='ocr_line' id='line_1_106' title="bbox 837 2725 1179 2753; baseline 0.003 -1"><span class='ocrx_word' id='word_1_727' title='bbox 837 2725 958 2752; x_wconf 60' lang='lat' dir='ltr'><strong>VARI/li</strong></span> <span class='ocrx_word' id='word_1_728' title='bbox 973 2725 1179 2753; x_wconf 83' lang='lat' dir='ltr'><strong>LECTIONES.</strong></span> 
     </span>
    </p>
   </div>
   <div class='ocr_carea' id='block_1_104' title="bbox 264 2768 1084 2814">
    <p class='ocr_par' dir='ltr' id='par_1_104' title="bbox 264 2768 1084 2814">
     <span class='ocr_line' id='line_1_107' title="bbox 264 2768 1084 2814; baseline 0.005 -19"><span class='ocrx_word' id='word_1_729' title='bbox 264 2801 280 2809; x_wconf 51' lang='lat'><strong><em>~</em></strong></span> <span class='ocrx_word' id='word_1_730' title='bbox 291 2768 306 2788; x_wconf 69' lang='grc' dir='ltr'><strong>δ</strong></span> <span class='ocrx_word' id='word_1_731' title='bbox 318 2768 461 2814; x_wconf 52' lang='grc' dir='ltr'><strong>(ὶὶψερει.</strong></span> <span class='ocrx_word' id='word_1_732' title='bbox 474 2769 781 2814; x_wconf 40' lang='grc' dir='ltr'>καθαροὺςυενεδύσατο.</span> <span class='ocrx_word' id='word_1_733' title='bbox 801 2771 870 2798; x_wconf 78' lang='grc' dir='ltr'><strong>Ι-ἶιΙίι.</strong></span> <span class='ocrx_word' id='word_1_734' title='bbox 893 2772 973 2799; x_wconf 82' lang='grc' dir='ltr'>Ειοιι.</span> <span class='ocrx_word' id='word_1_735' title='bbox 991 2772 1018 2799; x_wconf 91' lang='lat' dir='ltr'><strong>in</strong></span> <span class='ocrx_word' id='word_1_736' title='bbox 1034 2780 1084 2814; x_wconf 66' lang='lat' dir='ltr'><strong>mai</strong></span> 
     </span>
    </p>
   </div>
   <div class='ocr_carea' id='block_1_105' title="bbox 1045 2768 1865 2814">
    <p class='ocr_par' dir='ltr' id='par_1_105' title="bbox 1045 2771 1865 2814">
     <span class='ocr_line' id='line_1_108' title="bbox 1045 2771 1865 2814; baseline 0.009 -15"><span class='ocrx_word' id='word_1_737' title='bbox 1045 2779 1120 2814; x_wconf 75' lang='lat' dir='ltr'><strong>narg.</strong></span> <span class='ocrx_word' id='word_1_738' title='bbox 1133 2771 1170 2800; x_wconf 83' lang='grc' dir='ltr'><strong>ῐσ.</strong></span> <span class='ocrx_word' id='word_1_739' title='bbox 1187 2772 1316 2809; x_wconf 80' lang='grc' dir='ltr'>καθαρῶς</span> <span class='ocrx_word' id='word_1_740' title='bbox 1332 2774 1495 2803; x_wconf 77' lang='grc' dir='ltr'>ἀπεδύσατο.</span> <span class='ocrx_word' id='word_1_741' title='bbox 1510 2775 1591 2805; x_wconf 83' lang='lat' dir='ltr'><strong>Forte</strong></span> <span class='ocrx_word' id='word_1_742' title='bbox 1617 2776 1698 2805; x_wconf 84' lang='lat' dir='ltr'><strong>etiam</strong></span> <span class='ocrx_word' id='word_1_743' title='bbox 1721 2775 1865 2814; x_wconf 73' lang='lat' dir='ltr'><strong>legendum</strong></span> 
     </span>
    </p>
   </div>
   <div class='ocr_carea' id='block_1_106' title="bbox 239 2804 1074 2839">
    <p class='ocr_par' dir='ltr' id='par_1_106' title="bbox 239 2804 1074 2839">
     <span class='ocr_line' id='line_1_109' title="bbox 239 2804 1074 2839; baseline 0.005 -10"><span class='ocrx_word' id='word_1_744' title='bbox 239 2804 299 2836; x_wconf 62' lang='grc' dir='ltr'>ταῖς</span> <span class='ocrx_word' id='word_1_745' title='bbox 317 2804 444 2839; x_wconf 79' lang='grc' dir='ltr'>καθαρῶς</span> <span class='ocrx_word' id='word_1_746' title='bbox 459 2804 538 2831; x_wconf 76' lang='grc' dir='ltr'>τοῦτο</span> <span class='ocrx_word' id='word_1_747' title='bbox 555 2804 717 2832; x_wconf 81' lang='grc' dir='ltr'>ἀπεδύσατο.</span> <span class='ocrx_word' id='word_1_748' title='bbox 1071 2812 1074 2815; x_wconf 84' lang='grc'><em>”</em></span> 
     </span>
    </p>
   </div>
  </div>
