2077 3114
235 119 290 152 S13

810 115 850 145 IN
871 115 989 145 EPIST.
1011 116 1060 144 AD
1080 115 1256 145 GALATAS.

1809 114 1861 148 8M

236 175 292 210 γὰρ
305 173 359 205 πᾶς
374 172 454 207 νόμος
472 172 500 198 ἐν
514 171 555 198 ’ἑνὶ
571 171 641 206 λόγῳ
655 169 815 204 πληροῦται.
829 170 858 195 ἐν
874 168 922 204 τῷ,
944 169 1023 202 Ἀγα-

1089 168 1172 196 Vens.
1192 168 1295 204 lilii]
1322 155 1417 196 Omnis
1446 170 1520 196 enim
1545 169 1589 196 lex
1611 169 1638 196 in
1656 177 1710 197 uno
1734 177 1862 198 sermone

236 222 335 256 πήσεις
348 219 395 246 τὸν
409 219 523 253 πλησιόν
536 226 583 244 σου
601 217 639 248 ὡς
660 216 782 242 σεαυτόν.
803 215 834 241 Εί
852 215 880 241 δὲ
894 215 1024 248 ἀλλήλους

235 267 349 294 δάκνετε
369 265 417 292 καὶ
442 264 613 295 κατεσθίετε,
638 262 752 298 βλέπετε
770 261 808 297 μὴ
826 260 878 288 ὑπὸ
904 259 1024 293 ἀλλήλων

235 312 403 347 ἀναλωθῆτε.
424 310 504 344 Λέγω
527 310 566 343 δὲ,
595 308 734 343 Πνεύματι
766 308 952 343 περιπατεῖτε,
978 307 1025 333 καὶ

236 358 385 393 ὲπιθυμίαν
403 356 504 392 σαρκὸς
517 356 548 383 οὐ
567 355 605 392 μὴ
618 355 757 389 τελέσητε.
776 363 785 380 ›

272 447 397 472 Δείκνυσι
409 445 456 470 τδν
475 443 576 479 τρόπον
603 443 637 469 δι’
658 438 688 469 οὖ
704 441 803 477 ῥᾳδίως
821 440 867 467 τὸν
883 439 1026 473 εὐαγγελι-

236 491 285 518 «liv
295 490 464 526 πληρῶσωσι
477 489 569 524 νόμον,
583 487 642 523 ἅμα
654 487 682 515 δὲ
694 488 742 514 καὶ
753 487 835 514 πόθεν
851 486 962 520 γέγονεν
976 485 1025 520 τῆς

238 535 388 571 περιτομῆς
400 535 417 570 ἠ
429 535 511 570 ἀρχή.
533 533 643 568 Ἐπειδὴ
654 532 708 567 γὰρ
724 531 847 566 ἀλλήλων
856 531 952 565 ἄρχειν
961 528 1024 564 βου-

233 582 356 617 λόμενοι,
369 579 525 616 ἐσχίσθητε,
541 579 618 614 φησὶ,
628 577 791 605 δουλεύσατε
802 576 937 611 ἀλλήλοις.
947 574 1025 601 Οὕτω

237 627 291 663 γὰρ
308 625 511 661 συναχθήσεσθε
526 625 619 653 πάλιν.
631 623 789 660 Λεληθότως
807 622 921 649 δὲτοῦτο
938 620 1023 653 λέγει,

235 674 284 701 καὶ
303 674 332 700 οὐ
349 671 484 708 φανερῶς.
684 675 690 681 “

275 770 284 786 ι
309 760 340 786 Ἡ
357 760 412 794 γὰρ
430 757 497 792 σὰρξ
508 755 636 791 ἐπιθυμεῖ
651 755 722 782 κατὰ
740 753 787 781 τοῦ
811 753 974 788 πνεύματος.
995 751 1025 778 τὸ

232 807 265 834 δὲ
277 805 383 840 πνεῦμα
414 803 485 830 κατὰ
513 803 561 837 τῆς
583 801 699 836 σαρκός·
716 800 809 827 Ταῦτα
828 799 856 825 δὲ
875 798 1025 825 ἀντίκειται

239 851 372 887 ἀλλήλοις,
388 849 433 878 ⁴ἵνα
448 849 486 885 μὴ
505 848 523 877 ἃ
536 848 569 875 ἂν
586 847 693 883 ϐέλητε,
712 846 800 874 ταῦτα
813 845 920 880 ποιῆτε.
937 853 947 869 ι

274 941 375 974 Σάρκα
400 938 533 974 φησὶ,τὴν
543 937 700 973 προαίρεσιν
711 936 759 973 τὴν
768 935 900 972 πονηρὰν,
918 933 1025 970 πνεῦμα

236 987 277 1018 δὲ,
293 986 342 1021 τὴν
373 984 532 1020 προαίρεσιν
558 982 606 1018 τὴν
634 982 750 1017 ἀγαθὴν,
771 981 820 1017 τὴν
842 981 898 1008 ἄνω
918 980 1026 1015 τρέχειν

240 1032 388 1063 σπουδάζου
393 1039 441 1057 σαν
446 1052 453 1058 .

277 1078 312 1104 ‘H
327 1077 376 1113 μὲν
391 1077 476 1104 κακία
498 1076 649 1104 ἀντίκειται
677 1076 711 1110 τῇ
733 1075 817 1109 ἀρετῇ
831 1081 838 1088 ·
861 1073 877 1107 ὴ
899 1072 927 1099 δὲ
942 1071 1027 1107 ἁρετὴ

240 1123 322 1151 πάλιν
337 1122 507 1150 ἐναντιοῦται
519 1123 553 1157 τῇ
565 1121 658 1156 κακίᾳ,
673 1117 848 1153 παιδαγωγοῦ
863 1125 935 1149 τινος
949 1117 1027 1149 τάξιν

239 1168 445 1204 ἀναπληροῦσα,
460 1168 507 1195 καὶ
521 1168 558 1203 μὴ
574 1167 647 1193 ὲῶσα
658 1166 729 1201 ὑμᾶς
741 1164 812 1192 κατὰ
822 1164 872 1195 τὰς
881 1162 1028 1198 ἐπιθυμίας

240 1215 289 1247 τὰς
305 1214 409 1249 φαύλας
423 1213 598 1250 πορεύεσθαι.

280 1270 289 1286 ι
305 1260 335 1286 Εἰ
351 1259 379 1286 δὲ
397 1258 536 1293 ῐῘνεύματι
562 1256 672 1291 ἄγεσθε,
693 1256 743 1282 οὐκ
766 1253 829 1282 ὲστὲ
858 1254 910 1280 ὑπὸ
935 1252 1027 1288 νόμον,

241 1305 348 1341 Φανερὰ
357 1305 386 1333 δέ
403 1306 461 1332 ἐστι
473 1303 507 1330 τὰ
521 1303 590 1338 ἔργα
609 1302 658 1336 τῆς
675 1299 788 1336 σαρκὸς,
800 1297 880 1326 ὅτινά
893 1298 952 1324 ἐστι
969 1305 1029 1332 μοι-

243 1352 315 1388 χεία,
331 1349 454 1386 πορνεία.
468 1348 637 1385 ἀκαθαρσία,
657 1346 796 1380 ἀσέλγεια,
815 1343 1029 1378 είδωλολατρεία,

244 1399 415 1437 φαρμακεία,
448 1397 555 1433 ἔχθραι,
580 1396 662 1430 ἕρεις,
687 1394 774 1429 ζῆλοι,
794 1391 886 1427 θυμοὶ,
905 1391 1029 1426 ὲριθεῖαι,

245 1446 422 1482 διχοστασίαι,
434 1444 564 1479 αἱρέσεις,
582 1442 685 1477 φθόνοι,
717 1440 803 1474 φόνοι,
825 1438 916 1473 μέθαι,
932 1437 1030 1471 κῶμοι,

247 1493 294 1520 καὶ
319 1492 354 1519 τὰ
380 1492 461 1526 ὃμοια
490 1489 607 1520 τούτοις,
625 1487 643 1514 ἃ.
659 1486 783 1522 προλέγω
791 1485 866 1519 ὑμῖν,
882 1483 973 1515 καθὼς
986 1483 1032 1511 καὶ

248 1540 387 1575 προεῖπον,
402 1538 442 1565 ὅτι
455 1537 479 1563 οἱ
494 1535 581 1563 ταῦτα
607 1534 778 1569 πράσσοντες
804 1531 943 1567 βασιλείαν
965 1528 1032 1555 Θεοῦ
1047 1520 1068 1548 C

248 1586 279 1612 οὐ
292 1584 553 1620 κληρονομήσουσιν.
578 1582 608 1608 '0
622 1581 651 1608 δὲ
674 1579 778 1614 καρπὸς
800 1577 848 1604 τοῦ
874 1575 1033 1611 Πνεῦματός

249 1632 318 1664 host,
333 1630 438 1665 ἀγάπη,
451 1628 535 1665 χαρὰ,
550 1627 658 1663 είρήνη,
670 1624 855 1662 μακροθυμία,
871 1622 1034 1658 χρηστότης,

250 1675 418 1711 ἀγαθοσύνη,
438 1674 540 1706 πίστις,
568 1672 699 1708 πραότης,
713 1669 871 1705 ἐγκράτεια.
887 1667 967 1694 Κατὰ
981 1667 1035 1693 τῶν

250 1721 378 1748 τοιούτων
390 1720 440 1746 οὐκ
458 1718 516 1745 ἐστι
528 1718 619 1753 νόμος.
640 1725 649 1741 ›

292 1818 322 1845 '0
336 1817 448 1852 Πνεῦμα
460 1816 529 1852 ἔχων
541 1815 581 1847 ὡς
594 1814 658 1850 χρὴ,
678 1813 722 1840 διὰ
738 1812 834 1839 τούτου
850 1811 974 1837 σϐέννυσι
989 1818 1037 1836 πο-

252 1865 337 1900 νηρὰν
352 1863 499 1898 ἐπιθυμίαν
512 1862 631 1889 ἃπασαν.
650 1860 680 1886 'U
697 1860 726 1886 δὲ
741 1859 844 1886 τούτων
856 1857 1036 1891 ἀπαλλαγεὶς,

251 1911 282 1937 οὺ
298 1911 384 1937 δεῖται
399 1909 449 1944 τῆς
482 1907 536 1935 ἀπὸ
557 1906 604 1934 τοῦ
618 1906 701 1941 νόμου
719 1904 856 1940 βοηθείας,
871 1902 1038 1938 ὑψηλότερος

253 1956 342 1991 πολλῷ
352 1956 401 1990 τῆς
411 1955 516 1981 ἐκείνου
532 1952 693 1987 εὐαγγελίας
716 1951 873 1985 γενόμενος.
890 1949 920 1975 '0
932 1948 986 1984 γὰρ
1001 1947 1038 1982 μὴ

252 2003 441 2039 ὀργιζόμενος,
469 2000 528 2032 πῶς
549 2000 635 2026 δεῖται
660 1996 779 2028 ἀκούειν,
799 1996 841 2023 οὐ
862 1995 1039 2030 speratam;

253 2050 266 2075 ὁ
279 2049 315 2084 μὴ
333 2048 438 2083 βλέπων
460 2046 621 2076 ἀκολάστοις
635 2043 794 2078 ὀφθαλμοῖς,
816 2041 874 2073 πῶς
886 2040 981 2076 χρῄζει
992 2039 1038 2066 τοῦ

253 2094 426 2125 παιδεύοντος
441 2092 478 2128 μὴ
500 2091 635 2127 μοιχεύειν
648 2098 655 2123 ;
671 2089 717 2121 Τίς
737 2089 791 2122 γὰρ
809 2087 960 2119 διαλέξεται
975 2086 1039 2121 περὶ

253 2140 301 2168 τοῦ
316 2140 423 2176 καρποῦ
436 2140 486 2174 τῆς
498 2138 607 2171 κακίας,
619 2136 710 2172 τῷτὴν
725 2135 801 2170 ῥίζαν
817 2134 902 2169 αὐτῆς
915 2132 1040 2160 ἀνασπά-

255 2193 333 2212 σαντι
344 2193 352 2218 ;

295 2230 377 2265 Ὁρᾷς
390 2229 430 2256 ὅτι
443 2229 473 2255 οὺ
490 2228 539 2263 τὴν
556 2227 645 2263 σάρκα
669 2227 751 2262 φησὶν
775 2224 903 2256 ἐνταῦθα,
918 2224 986 2251 ἀλλὰ
997 2224 1042 2251 τδν

255 2275 342 2310 γεώδη
363 2274 504 2310 λογισμόν.
520 2274 554 2301 Αἰ
566 2273 621 2309 γὰρ
637 2273 743 2308 ἔχθραι,
753 2272 799 2299 καὶ
814 2272 839 2298 οἱ
850 2271 935 2306 ζῆλοι,
951 2271 998 2297 καὶ
1013 2271 1042 2296 αἱ

257 2321 386 2356 αἱρέσεις,
405 2320 463 2353 πῶς
478 2321 510 2348 ἂν
526 2319 580 2348 εἷεν
596 2319 696 2355 σαρκός
709 2327 716 2351 ;

297 2425 307 2441 ‹
325 2416 356 2442 υἱ
372 2415 400 2442 δὲ
412 2416 460 2442 τοῦ
474 2415 592 2451 Χριστοῦ
613 2413 711 2450 Ἰησοῦ,
739 2414 789 2449 τὴν
806 2413 895 2448 σάρκα
907 2411 1044 2446 ἐσταύρω-

261 2469 310 2487 σαν
323 2460 372 2487 σὺν
391 2462 447 2492 τοῖς
459 2459 603 2495 παθήμασι
617 2460 665 2486 καὶ
676 2459 846 2494 ἐπιθυμίαις.
867 2468 875 2483 ι

294 2506 393 2541 Σάρκα
422 2506 503 2533 πάλιν
538 2505 665 2536 ἐνταῦθα,
695 2504 745 2536 τὰς
776 2503 897 2538 πονηρὰς
932 2501 1045 2537 πράξεις

260 2560 361 2578 καΛων.

300 2607 308 2623 ι
324 2597 352 2624 El
369 2597 460 2633 ζῶμεν
476 2596 621 2632 πνεύματι,
637 2594 772 2630 πνεύματι
789 2595 835 2620 καὶ
849 2593 1012 2628 στοιχῶμεν.
1034 2601 1043 2616 ι

298 2695 377 2722 Κατὰ
390 2694 454 2726 τοὺς
483 2693 588 2720 ἐκείνου
609 2693 707 2728 νόμους
726 2690 941 2726 πολιτευώμεθα.
963 2689 1047 2715 Τοῦτο

259 2741 314 2777 γάρ
328 2741 386 2768 ἐστι
397 2741 436 2773 τὸ,
453 2739 629 2775 στοιχῶμεν.
645 2739 726 2773 Λέγει
742 2738 785 2764 δέ’
813 2736 1004 2772 ’Δρκεσθῶμεν
1015 2736 1047 2771 τῇ

259 2785 306 2814 τοῦ
320 2785 462 2821 Πνεύματο
490 2784 614 2820 δυνάμει,
630 2782 724 2820 καὶμὴ
740 2782 914 2819 ὲπιζητῶμεν
933 2781 983 2817 τὴν
994 2781 1048 2808 ἀπὸ

256 2831 307 2866 ,τοῦ
318 2832 400 2868 νόμου
410 2831 570 2868 προσθήκην

1077 214 1223 248 impletur:
1243 213 1345 248 Diliges
1363 215 1519 248 proximum
1542 218 1618 242 tuum
1641 214 1713 241 sicut
1730 215 1860 249 teipsum.

1076 258 1153 292 Quod
1179 259 1203 286 si
1224 259 1343 286 invicem
1374 259 1507 287 mordetis
1534 264 1562 287 et
1588 259 1746 293 comeditis,
1772 260 1863 288 videte

1076 313 1111 333 ne
1134 305 1169 332 ab
1189 305 1305 332 invicem
1326 305 1538 332 consumamini.
1563 305 1630 332 Dico
1661 309 1755 334 autent
1772 315 1780 336 ς
1799 306 1863 341 Spi-

1077 351 1129 376 ritu
1161 350 1309 383 ambulate,
1341 354 1369 377 et
1391 350 1530 377 desideria
1564 351 1656 379 carnis
1683 359 1739 378 non
1781 354 1867 386 perli—

1077 395 1168 422 cietis.
1188 405 1198 421 ›

1111 441 1222 470 Modum
1251 441 1354 476 aperit,
1377 449 1431 475 quo
1455 440 1529 468 facili
1547 441 1658 475 negotio
1678 442 1862 477 evangelicam

1076 488 1163 521 legem
1184 488 1337 522 impleant;
1352 487 1465 522 insuper
1483 491 1510 514 et
1525 495 1578 522 qua
1598 487 1631 514 de
1645 495 1729 516 causa
1743 488 1863 516 circum-

1076 534 1145 561 cisio
1171 533 1243 568 apud
1268 533 1346 568 ipsos
1369 533 1477 559 invecta
1507 536 1593 560 esset.
1622 532 1689 559 Nam
1707 533 1781 568 quia,
1797 533 1862 561 dum

1075 580 1148 607 alter
1171 579 1251 607 alteri
1281 579 1366 607 vultis
1389 579 1537 610 dominari,
1561 579 1641 607 divisi
1659 578 1738 611 estis,
1762 579 1862 614 inquit,

1076 627 1156 654 vobis
1177 626 1295 654 invicem
1322 625 1434 653 servits.
1465 625 1511 652 Sic
1528 626 1601 652 enim
1624 625 1652 652 in
1669 633 1754 653 unum
1773 626 1864 653 denuo

1076 673 1304 709 compingemini.
1330 672 1386 700 Hoc
1409 679 1472 699 vero
1494 671 1685 704 subobscuris,
1715 680 1770 699 non
1801 680 1865 707 per-

1077 721 1182 755 spicuis
1195 720 1286 747 verbis
1301 719 1442 747 edisserit.

1111 764 1194 792 Vens.
1218 765 1262 791 17.
1292 773 1302 790 ι
1329 764 1400 791 Caro
1426 765 1500 791 cnim
1525 763 1702 798 concupiscit
1730 762 1865 790 adversus

1078 811 1220 846 spiritum:
1241 810 1358 845 spiritus
1380 815 1471 837 autem
1497 810 1631 836 adversus
1655 816 1780 836 carnem.
1799 808 1863 836 llaec

1079 863 1172 883 autem
1190 856 1242 884 sibi
1259 856 1377 883 invicem
1402 856 1602 889 adversantur;
1620 860 1649 882 ut
1665 863 1717 882 non
1734 862 1866 890 quaecum

1079 910 1132 937 que
1150 902 1243 933 vultis,
1260 901 1307 928 illa
1324 900 1444 928 faciatis.
1461 911 1470 926 ι

1115 947 1229 974 Carnem
1262 947 1341 978 dicit,
1374 947 1544 974 voluntatem
1584 947 1706 974 malam:
1737 947 1865 982 spiritum

1081 998 1184 1027 autem,
1196 993 1366 1020 voluntatem
1393 993 1504 1026 bonam,
1531 1000 1593 1029 quae
1611 1000 1722 1021 sursum
1743 993 1783 1020 ire
1797 1000 1866 1021 con-

1081 1039 1185 1066 tendat.

1117 1085 1220 1112 Vitium
1256 1085 1367 1120 quidcm
1396 1085 1490 1112 virtuti
1514 1085 1695 1112 adversatur:
1717 1083 1805 1111 virtus
1820 1090 1867 1110 ve-

1081 1138 1112 1158 ro
1135 1138 1245 1158 rursum
1276 1130 1439 1158 adversatur
1460 1130 1538 1161 vitio,
1566 1133 1593 1157 et
1620 1128 1761 1163 cujusdam
1777 1128 1868 1164 pmdao

1081 1177 1142 1212 gogi
1160 1177 1234 1204 vices
1255 1177 1430 1211 exsequitur,
1450 1183 1506 1203 non
1530 1183 1582 1203 nos
1597 1175 1694 1203 sincns
1717 1175 1868 1204 secundum

1082 1222 1248 1256 cupiditates
1262 1222 1351 1249 malas
1368 1221 1507 1249 incedere.

1119 1265 1204 1293 Vens.
1232 1266 1325 1294 18-25.
1351 1275 1360 1291 ι
1377 1265 1456 1299 Quod
1480 1265 1502 1292 si
1518 1264 1623 1300 Spiritu
1647 1265 1696 1293 Dei
1723 1265 1869 1297 ducimini,

1083 1321 1138 1341 non
1153 1314 1221 1342 estis
1245 1314 1296 1341 sub
1319 1314 1387 1348 lege.
1405 1312 1549 1340 Manifesta
1575 1317 1668 1340 autem
1696 1316 1761 1341 sunt
1784 1320 1872 1348 opera

1084 1361 1176 1389 carnis
1191 1370 1198 1387 :
1215 1369 1275 1395 quze
1292 1364 1357 1387 sunt
1369 1359 1550 1392 adulterium,
1566 1358 1728 1390 fornicatio.
1752 1359 1873 1386 immun»

1085 1407 1164 1437 ditia.
1193 1407 1374 1442 impudicitia,
1391 1406 1527 1434 idolorum
1563 1405 1697 1438 servitus,
1727 1404 1871 1438 veneﬁcia,

1085 1453 1248 1485 inimicitiae,
1265 1453 1473 1485 contentiones,
1499 1452 1700 1484 mmulationes,
1718 1451 1776 1484 irae,
1794 1451 1871 1483 rixae,

1087 1501 1287 1531 dissensitmes,
1314 1503 1406 1532 sectas,
1427 1499 1548 1531 invidias,
1576 1498 1736 1530 homicidia,
1752 1498 1872 1525 ebrieta-

1086 1553 1138 1581 tes,
1157 1547 1388 1578 comessationes,
1404 1549 1432 1573 et
1454 1546 1496 1573 his
1522 1545 1640 1578 similia;
1666 1552 1729 1580 quae
1752 1543 1873 1579 praedico

1088 1593 1176 1625 vobis,
1203 1593 1275 1620 sicut
1301 1591 1428 1627 praedixi,
1457 1591 1587 1626 quoniam
1619 1591 1665 1625 qui
1692 1590 1757 1617 talia
1779 1594 1873 1625 agunt,

1087 1646 1201 1674 regnum
1233 1637 1282 1666 Dei
1308 1645 1362 1664 non
1388 1640 1605 1672 consequentur.
1634 1635 1753 1663 Fructus
1781 1640 1874 1663 autem

1089 1683 1210 1719 Spiritus
1235 1687 1280 1710 est
1299 1682 1441 1714 Charitas,
1470 1681 1551 1719 174.
1576 1681 1718 1717 gaudium,
1743 1689 1806 1716 pax,
1826 1688 1875 1716 pa-

1089 1729 1196 1760 tientia,
1221 1728 1388 1763 benignitas,
1418 1728 1538 1760 bonitas,
1567 1728 1648 1760 ﬁdes,
1677 1727 1873 1760 mansuetudo,

1088 1774 1271 1802 continentia.
1291 1773 1430 1801 Adversus
1443 1772 1581 1808 ejusmodi
1596 1779 1656 1799 .non
1671 1776 1713 1800 est
1728 1771 1783 1798 lex.
1804 1781 1813 1797 ι

1125 1821 1177 1854 Qui
1199 1820 1335 1856 Spiritum
1362 1820 1458 1851 habet,
1483 1819 1557 1846 sicut
1586 1822 1707 1854 Oportet,
1735 1817 1797 1851 ejus
1823 1824 1876 1852 ope

1091 1874 1202 1902 pravam
1228 1873 1338 1894 omnem
1365 1865 1544 1900 cupiditatem
1564 1864 1725 1899 exstinguit.
1739 1863 1792 1896 Qui
1811 1870 1876 1890 vero

1091 1913 1126 1939 ab
1148 1912 1192 1939 his
1211 1915 1356 1946 exemptus
1384 1915 1439 1944 est,
1464 1910 1568 1937 auxilio
1594 1909 1661 1944 legis
1684 1916 1738 1936 non
1760 1909 1875 1943 indiget,

1091 1963 1120 1986 ut
1134 1958 1180 1993 qui
1194 1955 1338 1993 praeeptis
1353 1956 1415 1990 ejus
1431 1947 1514 1983 altior
1530 1955 1658 1982 evaserit.
1674 1954 1741 1981 Nam
1762 1954 1808 1988 qui
1821 1961 1875 1980 non

1090 1990 1233 2034 iras—citur,
1248 1990 1314 2037 quid
1330 2002 1386 2037 jam
1404 2009 1476 2036 opus
1491 2001 1574 2028 habet
1588 2005 1617 2027 ut
1634 2000 1738 2032 audiat,
1760 2001 1819 2026 Non
1832 1990 1892 2026 oca“

1091 2051 1184 2078 εἰιίεε7
1208 2049 1256 2084 qui
1284 2057 1339 2076 non
1368 2049 1494 2075 intuetur
1518 2046 1667 2081 impudicis
1693 2046 1794 2080 oculis,
1810 2046 1877 2081 quid

1093 2104 1162 2132 opus
1174 2101 1217 2123 est
1233 2100 1263 2123 ut
1276 2095 1421 2126 doceatur,
1446 2101 1501 2120 non
1520 2100 1581 2120 esse
1597 2091 1811 2120 mmchandum?
1827 2090 1879 2118 Ec,-

1093 2142 1155 2177 quis
1172 2141 1244 2168 enim
1273 2140 1307 2168 de
1331 2139 1423 2166 fructu
1451 2138 1562 2165 malitia:
1580 2144 1734 2164 sermonem
1747 2136 1781 2163 ad
1800 2136 1878 2163 illum

1058 2187 1079 2214 D
1095 2187 1204 2219 habeat,
1219 2186 1266 2221 qui
1287 2186 1406 2212 radicem
1425 2184 1486 2219 ejus
1499 2184 1555 2218 jam
1570 2182 1697 2210 evulsit?

1132 2232 1215 2260 Vides
1231 2239 1294 2259 eum
1309 2231 1373 2259 istic
1387 2238 1441 2257 non
1458 2231 1533 2265 loqui
1550 2229 1584 2256 de
1599 2236 1694 2259 carne.
1712 2227 1759 2255 sed
1777 2227 1811 2254 de
1824 2231 1880 2255 ter-

1095 2286 1160 2306 rena
1181 2277 1360 2313 cogitatione.
1377 2275 1445 2302 Nam
1458 2275 1619 2307 inimicitiae,
1636 2278 1663 2301 et
1678 2273 1879 2304 contentiones,

1095 2331 1122 2352 ct
1139 2328 1231 2356 sectae,
1257 2323 1298 2350 vel
1322 2323 1454 2354 haereses,
1478 2329 1599 2357 quonam
1620 2320 1701 2347 modo
1720 2319 1752 2346 ad
1770 2325 1880 2346 carnem

1096 2370 1302 2405 spectaverint?

1134 2415 1216 2443 Vens.
1233 2415 1280 2443 24.
1314 2425 1323 2440 ι
1347 2414 1399 2447 Qui
1417 2417 1509 2441 autem
1540 2417 1606 2439 sunt
1627 2410 1742 2440 Christi,
1771 2416 1881 2436 carnem

1098 2469 1174 2490 suam
1186 2461 1386 2488 crucitixerunt
1400 2467 1462 2487 cum
1476 2458 1551 2485 vitiis
1567 2462 1594 2484 et
1610 2454 1854 2490 concupiscentiis.
1868 2462 1882 2480 ο

1133 2507 1248 2534 Carnem
1272 2506 1315 2533 hic
1334 2512 1444 2533 rursum
1463 2503 1582 2538 appellat
1604 2506 1783 2536 quascunque
1797 2498 1884 2526 malas

1098 2553 1231 2581 actiones.

1135 2598 1219 2626 Vens.
1235 2598 1281 2625 25.
1298 2606 1308 2623 ι
1340 2595 1369 2624 Si
1389 2595 1488 2630 spiritu
1515 2595 1644 2626 vivimus,
1668 2592 1766 2628 spiritu
1783 2595 1810 2619 et
1826 2598 1884 2619 am-

1100 2645 1237 2671 bulemus.
1260 2653 1268 2667 ι
1565 2648 1568 2649 ⁷

1138 2687 1297 2715 Secundum
1326 2687 1438 2722 regulas
1469 2685 1544 2713 illius
1581 2685 1664 2711 vitam
1698 2683 1884 2710 instituamus.

1101 2734 1168 2760 Nam
1189 2733 1242 2760 hoc
1265 2732 1405 2768 signiﬁcat
1425 2731 1550 2761 verbum,
1573 2729 1749 2756 ambulemus.
1777 2727 1823 2755 Ait
1836 2734 1887 2754 au-

1102 2786 1155 2808 tem
1171 2788 1178 2806 :
1199 2778 1319 2814 Spiritus
1335 2778 1438 2805 virtute
1456 2776 1577 2804 contenti
1601 2775 1700 2808 simus,
1713 2781 1765 2802 nec
1779 2780 1889 2808 quara-

1104 2832 1164 2852 mus
1180 2824 1293 2859 insuper
1306 2823 1530 2851 additamentum
1543 2826 1570 2849 ct
1583 2820 1762 2856 appendicem
1776 2826 1809 2847 ex
1826 2818 1887 2855 lege

1101 2871 1231 2898 mutuari.
