2077 3114
226 125 286 161 ’διδ
811 125 840 154 S.
860 124 1020 155 JOANNIQ
1040 126 1253 158 DAMASCENI

266 182 350 210 Vens.
364 180 410 209 26.
431 189 439 206 ι
457 180 495 208 Ne
508 179 656 207 eliiciamur
671 176 763 205 inanis
775 177 868 212 gloriae
882 178 1001 213 cupidi“

1101 190 1110 206 ι
1127 181 1172 217 Μή
1188 181 1328 217 γινώμεθα
1343 184 1485 217 κενόδοξοι.
1509 196 1518 211 r

265 227 400 258 Declarat,
418 233 467 253 eos
491 224 538 259 qui
565 223 806 251 circutncisionem
835 223 1000 250 inducebant

1102 226 1239 254 Δείκνυσιν
1256 228 1375 261 ὲκεὶνους
1385 231 1448 262 τοὺς
1460 231 1619 265 εἰσάγοντας
1632 232 1680 268 τὴν
1694 235 1857 270 περιτομήνι

1809 135 1861 168 816

229 273 352 309 appetitu
366 271 461 307 gloriae
476 270 503 297 id
517 269 621 297 facere.

264 328 274 344 ι
290 317 408 344 Invicem
428 319 623 351 provocantes,
643 323 651 339 ›

260 363 300 390 Ad
315 361 508 389 contentiones
526 361 671 392 nimirum,
688 364 715 386 et
736 359 823 387 rixas.

264 419 272 433 ι
291 408 409 435 Invicem
426 407 591 434 invidentes.
608 415 616 431 ι

256 453 408 482 Enimvero
427 461 459 482 ex
482 454 557 481 inani
576 452 664 488 gloria
687 452 825 480 cernulatio
840 452 975 479 nascitur.

547 519 624 547 CAP.
643 518 686 546 Vl.

258 579 344 608 Vens.
360 578 385 606 Ι.
401 587 412 604 ι
429 576 551 607 Fratres,
568 576 591 603 si
606 578 817 610 praeoccupatus
831 572 913 600 fuerit
929 572 1011 600 homo

214 626 252 652 sin
266 625 360 660 aliquo
376 623 487 650 delicto.
502 630 511 646 ι

259 670 318 697 Non
331 669 412 701 dixit,
438 668 461 695 si
477 666 688 702 perpetraverit,
709 664 768 698 sed,
798 665 822 692 si
835 672 1008 699 prwoccupa-

223 722 264 743 tua
284 715 381 746 fuerit;
402 714 454 741 hoc
468 717 519 745 est.
537 713 559 740 si
578 712 720 747 abreptus.
735 710 804 738 Vide
819 714 909 738 autem
926 717 1007 745 quam

221 762 346 798 apposite
371 761 432 788 illos
457 766 568 794 quoque
592 758 640 793 qui
667 757 908 784 circumcisionem
934 763 1004 790 prae-

221 808 359 840 dicarem,
370 805 404 833 ad
432 804 512 832 (idem
542 803 666 836 adducit,
696 803 761 830 dum
795 802 835 828 ait
862 805 1006 836 peccatum

1066 271 1109 297 διὰ
1127 271 1278 306 φιλοδοξίαν
1289 273 1366 301 τοῦτο
1379 276 1533 308 ποιοῦντας.

1104 327 1113 342 ι
1142 318 1286 353 Ἀλλήλους
1300 321 1531 357 προκαλούμενοι.
1552 333 1559 348 ι

1101 364 1148 396 Εἰς
1161 365 1328 398 φιλονεικίας
1339 366 1459 402 δηλονότι
1475 370 1522 396 καὶ
1537 369 1620 404 ἕρεις.

1102 418 1110 434 ι
1136 409 1274 445 Ἀλλήλοις
1289 412 1460 445 φθονοῦντες.
1483 423 1491 439 ι

1105 455 1171 482 Ἀπὸ
1185 455 1239 492 γὰρ
1253 457 1303 493 τῆς
1317 458 1472 491 κενοδοξίας
1486 461 1500 487 ὁ
1513 461 1621 496 φθόνος.

1356 525 1483 554 ΚΕΦΑΛ,
1501 527 1547 560 q'.

1100 587 1110 604 ι
1137 578 1270 613 Ἀδελφοὶ,
1297 580 1345 607 ἐὰν
1371 582 1418 608 καὶ
1432 580 1574 620 προληφθῇ
1599 585 1742 621 ἄνθρωπος
1755 586 1784 614 ἐν
1798 597 1851 616 τινι

1060 624 1277 660 παραπτώματι.
1296 635 1306 652 ι

1095 668 1153 695 Οὐκ
1174 667 1263 702 εἶπεν,
1293 670 1342 697 ἐὰν
1377 671 1480 708 πράξῃ,
1515 672 1572 700 ἀλλ’
1597 675 1652 702 ἐὰν
1676 679 1848 712 προληφθῇ,

1058 714 1209 748 τουτέστιν,
1224 715 1271 743 ἐὰν
1285 720 1456 754 συναρπαγῇ.
1475 718 1546 755 Ὀρα
1565 720 1594 747 δὲ
1615 722 1673 754 πῶς
1689 723 1797 758 εὐφυῶς
1805 726 1850 752 κά-

1060 758 1449 798 κείνουςιτοὺςλκηρὺσσοντας
1464 766 1616 802 περιτομὴν
1632 769 1672 799 είς
1695 769 1745 804 τὴν
1757 770 1849 797 πίστιν

1058 806 1173 840 εἰσάγει,
1187 807 1216 833 ὲν
1228 807 1362 843 προλήψει
1376 809 1423 836 καὶ
1437 813 1599 848 συναρπαγῇ
1614 812 1702 847 λέγων
1713 814 1803 841 αὐτῶν
1819 816 1849 842 τὸ

221 854 346 889 ipsorum
369 850 605 887 praeoccupatione
621 852 648 876 et
672 848 836 883 abreptione
854 846 1001 874 admissum

1059 853 1222 889 ἁμάρτημα,
1236 855 1283 882 καὶ¹
1305 856 1368 887 τοὺς
1390 856 1487 889 ἄλλους
1503 846 1598 884 πείθει.
1612 846 1655 894 μὴν
1665 859 1847 886 συνάπτεσθαι

221 900 306 927 fuisse
321 909 327 926 :
346 902 467 926 attamen
488 897 558 924 alios
574 896 714 926 hortatur,
736 901 770 921 ne
786 894 826 920 eis
842 893 1004 928 jungantur.

216 947 280 980 Qua
298 946 370 973 enim
387 945 496 973 ratione
510 950 563 971 una
576 942 751 970 abducantur
764 948 826 967 cum
849 939 907 967 illis
937 941 1007 975 quos

217 993 352 1028 jubentur
368 989 538 1019 emendare?
712 1007 718 1011 .

258 1045 268 1062 ι
283 1035 340 1064 Vos
356 1035 402 1070 qui
418 1035 577 1070 spirituales
591 1037 669 1066 estis,
688 1030 826 1067 ejusmodi
842 1029 983 1058 instruite.
994 1037 1003 1054 ι

250 1126 312 1154 Νοιι
327 1126 406 1158 dixit,
422 1132 517 1160 poenas
533 1122 659 1159 inlligite.
678 1129 729 1150 nec
743 1122 937 1153 condemnato,
956 1119 1005 1148 sed

212 1173 358 1208 corrigite.

250 1227 261 1245 ι
278 1217 307 1245 In
324 1217 421 1252 spiritu
436 1216 569 1244 lenitatis.
586 1224 595 1241 ι

225 1272 230 1278 κ
252 1262 396 1298 Ejusmodi
420 1262 508 1297 legem
533 1259 689 1296 praescribit
707 1258 882 1290 doctoribus,
896 1261 927 1284 ut
941 1264 1004 1284 cum
1036 1286 1042 1290 ,

216 1307 431 1336 mansuetudine
448 1310 547 1334 cuncta
561 1305 774 1341 proloqnantur.
791 1303 924 1338 Apprime
938 1309 1004 1330 vero

217 1361 270 1381 non
286 1352 356 1380 dixit
373 1352 471 1384 solum,
490 1352 518 1378 in
534 1351 659 1383 lenitate,
677 1350 736 1383 sed,
753 1350 780 1376 in
793 1349 889 1383 spiritu
908 1347 1004 1374 lenita-

216 1400 314 1426 lii:ul
337 1397 523 1434 signiﬁcaret,
541 1397 598 1423 haec
614 1403 725 1432 quoque
750 1394 865 1429 Spiritui
881 1393 1001 1429 placere,
1024 1406 1028 1409 η

215 1445 316 1480 quippe
330 1451 392 1471 cum
411 1448 437 1470 ct
453 1441 629 1471 convenienti
651 1441 760 1469 ratione
775 1440 929 1475 corrigere,
945 1438 1003 1474 spi-

214 1490 325 1518 ritualis
341 1489 378 1518 sit
392 1489 468 1517 doni.

253 1545 263 1562 ‹
281 1535 466 1563 Considerans
480 1534 612 1570 tcipsum,
628 1541 663 1561 ne
674 1537 701 1560 et
716 1536 744 1560 tu
759 1531 886 1560 tenteris.
901 1540 911 1557 ι

248 1582 344 1610 Tacite
366 1581 525 1616 comprimit
547 1587 645 1608 eorum
670 1578 858 1614 arrogantiam
874 1584 928 1613 qua
949 1577 998 1604 do-

213 1628 311 1656 ctrinae
326 1627 439 1655 nomine
455 1626 690 1654 intumescebant.
708 1625 816 1652 Etenim
834 1632 870 1652 ne
885 1627 998 1658 propter

211 1675 330 1702 docendi
353 1674 472 1702 oliicium
494 1673 653 1705 etieramur,
680 1679 732 1699 nos
747 1672 774 1698 in
792 1671 892 1699 timore
905 1674 933 1698 et
950 1677 999 1697 an-

211 1722 314 1749 xietate
326 1721 483 1749 constituit.

249 1767 328 1803 175
347 1766 427 1794 Vatis.
440 1766 467 1793 Ξ.
483 1775 496 1802 ,ι
516 1766 591 1793 Alter
613 1765 727 1793 alterius
745 1771 831 1791 onera
852 1767 969 1798 portate.
986 1772 994 1788 ι

246 1813 314 1841 Nam
331 1814 405 1848 ;quia
430 1813 489 1840 ﬁeri
516 1820 571 1840 non
592 1816 697 1847 potest,
719 1814 748 1838 ut
772 1810 900 1845 quisquis
914 1808 997 1835 homo

209 1865 264 1893 est,
295 1859 427 1887 immunis
443 1866 458 1886 a
477 1858 576 1886 mendo
602 1863 631 1886 et
657 1857 719 1885 labe
736 1857 790 1890 sit;
819 1857 948 1883 admonet
964 1862 998 1882 ne

211 1905 292 1942 rigidi
310 1912 440 1933 censores
461 1905 517 1932 sint
530 1903 696 1931 delictorum
714 1903 876 1930 alienorum.

251 1961 261 1978 ι
280 1951 312 1979 Et
341 1951 381 1980 sic
415 1951 562 1986 adimplete
590 1950 676 1985 legem
703 1949 818 1977 Christi.
846 1947 995 1984 [Vens.5.]

207 1997 277 2026 Nam
293 1999 316 2025 si
329 1997 391 2032 quis
414 1997 556 2025 existimat
578 2004 608 2024 se
628 1995 732 2031 aliquid
754 2002 828 2028 esse,
850 2001 913 2022 cum
927 1994 996 2021 nihil

207 2044 257 2075 sit,
274 2044 332 2078 ipse
352 2050 381 2070 se
399 2040 518 2070 seducit.
534 2052 544 2068 ι

243 2089 304 2123 Qua
320 2095 418 2124 nempe
433 2089 502 2116 alios
518 2087 653 2116 toleratis.
677 2086 799 2121 Exempli
815 2090 921 2120 gratia:
943 2085 996 2113 iste

209 2135 358 2164 iracundus
373 2139 426 2167 est,
447 2138 473 2162 tu
498 2141 567 2162 vero
583 2132 793 2161 somnolentus?
809 2132 892 2167 hujus
910 2133 995 2167 impe-

208 2187 266 2209 tum
281 2182 378 2214 tolera,
394 2185 424 2208 nt
449 2181 472 2208 is
497 2179 619 2207 vicissim
643 2182 718 2206 tuam
737 2178 880 2214 Segnitiem
903 2179 992 2205 ferat:

208 2228 316 2261 hocque
332 2225 414 2254 modo
432 2225 488 2258 ﬁet,
514 2230 543 2253 ut
561 2232 650 2260 neque
671 2225 716 2252 hic
743 2229 846 2260 peccet.l
862 2224 928 2251 dum
944 2224 993 2251 abs

208 2278 234 2299 te
248 2272 395 2303 toleratur,
421 2277 471 2297 nec
495 2274 524 2296 tu
546 2269 678 2296 delictum
700 2269 840 2301 admittas,
860 2268 925 2296 dum
943 2276 993 2304 pro

206 2317 242 2345 iis
266 2316 294 2344 in
320 2315 423 2351 quibus
437 2315 529 2350 gravis
554 2315 742 2350 molestusque
757 2322 796 2347 es,
812 2314 960 2342 sustineris
978 2322 993 2341 a

205 2363 293 2392 fratre
310 2367 368 2390 tuo.
719 2383 722 2385 .

238 2407 323 2437 Vens.
340 2408 367 2435 4.
388 2417 397 2433 ι
415 2407 489 2443 Opus
511 2411 602 2435 autem
629 2414 708 2435 suum
728 2406 825 2441 probet
840 2407 992 2441 unusquis-

207 2462 269 2490 que.
285 2464 294 2481 ι

238 2499 341 2535 -V.gr.,
362 2500 386 2527 si
408 2499 550 2535 quidpiam
565 2499 641 2534 ,boni
667 2499 771 2533 fecisti,
789 2499 936 2527 considera
958 2507 992 2527 ne

205 2547 277 2575 forte
293 2551 406 2583 propter
425 2548 536 2574 inanem
553 2547 682 2582 gloriam,
702 2551 750 2574 aut
764 2554 796 2574 ex
813 2547 989 2578 neceSsitate.

205 2598 254 2620 aut
279 2593 460 2621 simulatione
480 2593 532 2621 hoc
560 2593 671 2626 ieceris,
693 2601 760 2621 neve
777 2593 812 2620 ob
833 2593 915 2620 ullam
941 2593 991 2620 hu-

205 2647 313 2666 manam
329 2647 452 2668 causam.

242 2695 254 2712 σ
272 2686 305 2713 Et
322 2686 364 2714 sic
392 2686 419 2713 in
443 2686 595 2721 semetipso
620 2686 736 2722 gloriam
752 2686 876 2719 habebit,
897 2691 989 2713 etnon

205 2732 232 2760 in
255 2731 351 2759 altero.
373 2742 383 2759 ι

238 2787 304 2816 Bac
316 2788 364 2820 ait,
382 2796 436 2816 non
453 2789 532 2824 quasi
548 2791 636 2825 legem
658 2791 853 2825 przescribens,
869 2791 916 2819 sed
934 2791 990 2819 illis

195 2832 369 2869 1|ndulgens;
393 2833 509 2867 perinde
529 2841 560 2862 ac
582 2835 604 2863 si
629 2834 768 2864 dixisset:
790 2835 910 2864 Gloriari
927 2837 989 2872 qni-

1059 898 1158 930 αὒτοῖς.
1177 899 1240 931 Πῶς
1257 900 1311 937 γὰρ
1327 902 1535 937 συναπαχθεῖεν,
1550 904 1576 930 οἱ
1606 905 1652 931 καὶ
1674 904 1848 939 διορθοῦσθαι

1057 943 1179 976 ἐκείνους
1194 946 1367 982 κελευόμενοι
1382 956 1390 981 ;

1094 1042 1103 1058 ι
1138 1032 1232 1068 Ὑμεῖς
1251 1035 1275 1060 οῑ
1303 1037 1501 1070 πνευματικοὶ,
1529 1037 1707 1073 καταρτίζετε
1721 1039 1766 1066 τὸν
1788 1048 1843 1067 τοι·

1055 1087 1145 1106 ουτον.
1168 1088 1177 1105 1

1091 1125 1148 1152 Οὐκ
1167 1124 1254 1159 εἴπεν,
1275 1127 1402 1160 κολάζετε
1416 1149 1424 1161 ,
1448 1127 1510 1156 οὐδὲ
1538 1129 1753 1163 καταδικάζετε,
1776 1131 1844 1159 ἀλλὰ

1054 1170 1094 1197 διο
1098 1171 1192 1207 ρθοῦτε
1197 1192 1204 1198 .

1092 1226 1102 1242 ι
1125 1216 1170 1244 Ἐν
1182 1217 1319 1252 πνεύματι
1333 1219 1498 1254 πραότητος.
1517 1229 1525 1245 ι

1089 1261 1217 1289 Τοιοῦτον
1226 1264 1308 1299 νόμον
1323 1266 1380 1296 τοῖς
1390 1265 1561 1299 διδασκάλοις
1577 1268 1737 1304 εῑσφέρειτὸ
1751 1270 1841 1298 πάντα

1055 1307 1124 1343 μετὰ
1146 1309 1302 1344 πραΰτητος
1324 1310 1425 1345 λέγειν.
1451 1309 1487 1339 Εὖ
1513 1311 1557 1346 δὲ,
1588 1313 1618 1340 τὸ
1645 1314 1682 1350 μὴ
1707 1315 1789 1350 μόνον
1811 1317 1840 1343 ἐν

1054 1353 1202 1388 πραΰτητι,
1227 1354 1304 1388 ἀλλὰ,
1323 1355 1358 1382 ἐν
1371 1357 1517 1391 πνεύματι
1542 1359 1711 1394 πραΰτητος
1726 1362 1813 1388 εἰπεῖν
1829 1370 1837 1378 ’

1054 1397 1098 1424 ἵνα
1121 1398 1205 1435 δείξῃ,
1227 1400 1268 1427 ὅτι
1291 1401 1338 1428 καὶ
1366 1402 1405 1438 τῷ
1428 1403 1568 1439 Πνεῦμα-τι
1591 1406 1662 1432 αὺτά
1686 1407 1770 1441 δοκεῖ,
1792 1408 1840 1435 καὶ

1052 1443 1083 1470 τὸ
1112 1445 1171 1479 μετ’
1196 1445 1347 1479 ἐπιεικείας
1375 1448 1558 1483 διορθοῦσθαι,
1583 1452 1753 1488 χαρίσματός
1780 1455 1839 1482 ἑστι

1053 1491 1249 1525 πνευματικοῦ.

1013 1539 1034 1568 c
1088 1544 1098 1561 ‹
1115 1536 1226 1564 Σκοπῶν
1236 1538 1341 1572 ἑαυτὸν,
1364 1540 1401 1576 μὴ
1416 1541 1448 1567 σὺ
1465 1542 1629 1578 πειρασθῇς.
1648 1553 1658 1570 ι

1088 1581 1248 1616 Λεληθότως
1273 1585 1402 1620 καθαιρεῖ
1428 1587 1458 1613 τὸ
1483 1588 1621 1623 φρόνημα,
1638 1589 1669 1616 τὸ
1688 1590 1720 1617 ὲκ
1732 1591 1781 1627 τῆς
1796 1591 1837 1619 δι-

1051 1626 1201 1660 δασκαλίας
1228 1630 1381 1665 γινόμενον.
1414 1632 1474 1659 Ἵνα
1507 1633 1561 1669 γὰρ
1588 1634 1625 1670 μὴ
1658 1635 1692 1662 δι’
1716 1637 1782 1663 αὐτὸ
1807 1637 1837 1664 τδ

1049 1672 1185 1701 διδάσκειν
1197 1675 1378 1711 ὲπαιρὼμεθα
1398 1677 1446 1704 καὶ
1460 1678 1553 1713 ἡμεῖς,
1567 1680 1595 1706 ἐν
1612 1680 1687 1716 φόϐῳ
1703 1682 1750 1708 καὶ
1764 1681 1838 1716 ἀγω-

1050 1719 1094 1755 νίᾳ
1107 1719 1280 1756 καθίστησιν.

1087 1773 1096 1790 ‹
1123 1765 1257 1801 Ἀλλήλων
1271 1767 1305 1794 τὰ
1316 1767 1386 1803 βάρη
1407 1768 1567 1803 βαστάζετε.
1587 1780 1596 1797 ι

1076 1810 1193 1846 ,Ἐπειδὴ
1212 1811 1267 1847 γὰρ
1281 1812 1331 1839 οὐκ
1346 1813 1419 1841 ἐστιν
1434 1814 1576 1850 ἄνθρωπον
1587 1816 1651 1843 ὄντα
1662 1817 1746 1852 χωρὶς
1758 1817 1836 1845 ἐλατο

1048 1855 1173 1889 ιιώματος
1190 1854 1278 1883 εῖναι·
1296 1859 1425 1893 παραινεί
1447 1859 1485 1894 μὴ
1500 1860 1633 1895 ίάκριὸεῖς
1651 1859 1720 1888 εῖναι
1741 1861 1834 1895 ἐξετα-

1037 1902 1114 1933 ’στάς
1127 1901 1181 1929 τῶν
1194 1902 1298 1938 ἑτέροις
1312 1904 1599 1941 πεπλημμελημένων.

1085 1957 1096 1973 ‹
1115 1948 1170 1974 Καὶ
1189 1948 1275 1981 οὕτως
1299 1950 1514 1986 ἀναπληρώσατε
1539 1952 1584 1979 τὸν
1602 1953 1683 1989 νόμον
1706 1954 1752 1981 τοῦ
1766 1955 1834 1990 Χρι-

1048 1993 1121 2020 στοῦ.
1146 1994 1177 2020 Et
1199 1994 1253 2030 γὰρ
1270 1995 1344 2022 δοκεῖ
1367 2005 1409 2028 τις
1433 1994 1502 2025 εἷναί
1516 2006 1552 2030 τι,
1569 1998 1652 2033 μηδὲν
1667 1997 1715 2032 ὢν,
1738 2000 1835 2027 ἑαυτὸν

1047 2041 1219 2076 φρεναπατᾷ.
1237 2050 1248 2066 ι

1082 2086 1121 2112 Δι’
1136 2086 1165 2112 ὃν
1181 2087 1312 2122 ἀλλήλους
1329 2087 1437 2124 φέρετε.
1454 2085 1527 2122 Οἷον,
1542 2090 1572 2116 ’0
1584 2090 1660 2117 δεῖνά
1672 2091 1745 2117 ἔστιν
1759 2091 1834 2126 ὀργί-

1046 2130 1102 2163 λος,
1120 2131 1151 2158 σὺ
1163 2131 1192 2158 δὲ
1209 2132 1327 2168 ὑπνηλός
1339 2142 1346 2166 ;
1359 2134 1426 2170 φέρε
1443 2133 1526 2161 αὑτοῦ
1542 2135 1590 2170 τὴν
1600 2135 1688 2171 ὁρμήν
1703 2136 1752 2170 τὴν
1767 2144 1833 2170 σφο-

1046 2177 1122 2212 δρὰν,
1135 2177 1177 2204 ἴνα
1189 2178 1237 2204 καὶ
1249 2179 1330 2211 αὐτός
1343 2188 1390 2206 σου
1402 2179 1451 2216 τὴν
1465 2180 1579 2207 νωθείαν
1590 2189 1597 2196 ·
1618 2181 1665 2207 καὶ
1676 2181 1762 2214 οὕτως
1771 2181 1832 2208 οὔτε

1045 2223 1147 2254 ἐκεῖνος
1172 2224 1361 2259 ἁμαρτήσεται
1389 2225 1441 2252 ὑπὸ
1470 2225 1517 2252 σοῦ
1531 2226 1741 2262 βασταζόμενος,
1769 2227 1832 2255 οὔτε

1046 2268 1077 2294 σὺ
1091 2268 1298 2304 πλημμελήσεις
1313 2270 1341 2297 ἐν
1352 2267 1393 2302 οἷς
1405 2268 1430 2297 ei
1441 2270 1537 2306 βαρὺς,
1551 2271 1714 2307 ἀνεχομένου
1728 2280 1774 2299 σου
1784 2272 1831 2299 τοῦ

1044 2314 1168 2349 ἀδελφοῦ.

1082 2414 1091 2431 ι
1115 2405 1152 2432 Τὸ
1166 2405 1194 2432 δὲ
1210 2405 1289 2440 ἔργον
1304 2405 1402 2433 ἑαυτοῦ
1419 2405 1590 2442 δοκιμαζέτω
1605 2406 1730 2439 ἕκαστος.
1747 2416 1757 2433 ι

1079 2496 1142 2526 Οἷον
1160 2499 1184 2526 εἰ
1199 2499 1331 2533 ἐποίησας
1351 2498 1463 2533 ἀγαθὸν,
1479 2498 1574 2526 σκόπει
1597 2499 1630 2525 σὺ
1662 2499 1768 2534 μήποτε
1786 2498 1827 2526 διὰ

1043 2545 1208 2577 κενοδοξίαν,
1229 2545 1245 2580 ἦ
1258 2545 1292 2571 δι’
1306 2545 1438 2580 ἀνάγκην,
1453 2545 1470 2580 ἦ
1486 2545 1630 2580 ὑποκρίσει
1647 2544 1726 2572 τοῦτο
1738 2543 1828 2578 ἐποίη-

1044 2599 1104 2623 σας,
1119 2590 1135 2626 ἦ
1153 2590 1187 2617 δι’
1205 2589 1290 2625 ἀλλην
1303 2589 1363 2617 τινὰ
1379 2589 1553 2626 ἀνθρωπίνην
1568 2590 1669 2618 αἰτίαν.

1081 2702 1089 2718 ι
1105 2692 1160 2720 Καὶ
1173 2693 1233 2719 τότε
1250 2693 1290 2724 εῐς
1304 2691 1401 2719 ἑαυτὸν
1417 2692 1497 2728 μόνον
1511 2692 1542 2720 τδ
1555 2692 1685 2728 καύχημα
1698 2691 1765 2725 ἕξει,
1780 2691 1828 2718 καὶ

1041 2739 1092 2765 οὐκ
1103 2739 1142 2769 εἰς
1155 2739 1201 2765 τὸν
1217 2738 1319 2774 ἕτερον.
1341 2750 1351 2764 ι

1077 2794 1170 2821 Ταῦτα
1185 2795 1215 2829 οὺ
1233 2794 1385 2829 νομοθετῶν
1398 2794 1483 2829 λέγει,
1508 2795 1576 2822 ἀλλά
1589 2793 1825 2829 συγκαταϐαίνων,

1041 2840 1077 2873 ὡς
1096 2840 1127 2868 ἂν
1142 2842 1164 2868 sl
1181 2840 1256 2875 ἔλεγε
1267 2849 1273 2856 ·
1303 2841 1339 2868 Τὸ
1357 2841 1510 2877 καυχᾶσθαι
1531 2841 1581 2875 μὲν
1597 2841 1626 2868 οὐ
1642 2840 1734 2868 καλόν.
1752 2839 1784 2866 Εἰ
1798 2837 1828 2867 δὲ
