2077 3114
224 143 283 191 ,ει-ι

805 146 846 175 ΙΝ
864 145 982 177 EPIST.
1001 146 1051 176 AD
1069 146 1249 177 GALATAS.

1806 145 1861 174 818

229 200 285 235 ἄρα
301 198 394 234 βούλῃ,
413 197 451 234 μὴ
475 197 546 226 κατᾶ
568 198 615 225 τοῦ
631 198 756 234 πλησίον,
772 200 811 232 ὡς
834 202 849 228 ὁ
865 202 1020 237 Φαρισαῖος.

1074 202 1135 229 dem
1150 201 1263 228 minime
1279 200 1407 228 convenit
1421 208 1428 227 :
1441 200 1483 228 sin
1497 203 1588 226 autem
1603 198 1706 228 lubeat,
1722 201 1749 224 at
1765 197 1860 225 saltem

229 245 284 271 Kal.
297 243 376 271 τοῦτο
389 244 417 270 δὲ
432 243 631 279 συνεχώρησεν,
660 245 702 272 ἵνα
718 245 748 273 τὺ
760 246 820 273 ὃλον
837 247 907 274 κατὰ
921 248 1017 283 μικρὸν

228 291 317 326 ἐξέλῃ.
337 290 367 317 Ὀ
383 290 438 326 γὰρ
457 291 625 324 συνεθισθεὶς
639 293 679 324 εἰς
695 292 790 320 ἑαυτὸν
812 293 902 328 μόνον,
916 294 964 320 καὶ
980 294 1017 329 μὴ

229 337 290 364 καθ’
302 337 416 372 ἐτέρων,
430 337 478 364 καὶ
491 336 570 364 τοῦτο
585 338 690 374 ταχέως
704 338 883 374 διορθώσεται
897 338 927 366 τδ
940 339 1019 366 ὲλάτ·

230 391 321 416 τωμα.

269 489 279 505 ι
301 479 435 510 Ἕκαστος
448 479 502 514 γὰρ
516 479 547 506 τὺ
562 479 627 507 ἴδιον
651 480 762 516 φορτίον
778 480 918 515 βαστάσει.
936 490 946 507 ι

265 567 344 593 Δοκεῖ
359 567 408 602 μὲν
424 567 528 594 τιθέναι
540 567 670 602 λογισμὸν
689 568 828 596 κωλύοντα
845 569 907 596 καθ’
923 569 1019 605 ἑτέρου

231 612 396 647 καυχᾶσθαι.
413 613 574 648 Διορθοῦται
599 614 627 640 δὲ
659 614 704 642 τὸν
732 615 920 650 καυχώμενον,
947 615 1019 642 ὥστε

232 658 300 692 μηδὲ
314 657 356 692 ἐφ’
374 658 463 693 ἐαυτῷ
480 659 553 694 μέγα
568 661 687 694 φρονεῖν,
713 661 753 691 εις
779 660 884 688 ἔννοιαν
907 660 1020 695 ἀγαγὼν

231 703 312 728 αὐτὸν
328 703 383 729 τῶν
397 704 505 730 οἰκείων
516 705 723 740 ἁμαρτημάτων
736 726 743 738 ,
762 706 810 732 καὶ
822 707 882 740 Δτοῖς
906 706 1021 742 ὀνόμασι

232 748 279 775 τοῦ
296 749 408 784 φορτίου
421 750 523 782 πιέζων
536 750 618 777 αὑτοῦ
632 751 662 778 τὸ
677 751 808 784 συνειδός.

271 847 280 863 ι
300 838 469 865 Κοινωνείτω
496 839 525 865 δὲ
552 841 567 866 ὁ
581 840 785 877 κατηχούμενος
806 842 853 870 τὸν
877 843 956 877 λόγον
980 843 1020 879 τῷ

1074 254 1128 274 non
1153 247 1286 274 adversus
1313 246 1485 281 proximum;
1517 246 1591 273 velut
1620 244 1666 272 ille
1693 243 1858 270 Pharis-.eus.

1072 291 1156 327 Atqui
1179 293 1231 320 hoc
1259 292 1410 325 concessit,
1427 297 1457 318 ut
1471 291 1602 326 paulatim
1620 295 1706 317 totum
1726 288 1859 316 auferret.

1073 337 1141 365 Nam
1157 338 1204 373 qui
1231 338 1258 365 in
1275 345 1352 365 more
1371 337 1498 364 habuerit
1519 337 1546 363 in
1564 336 1655 371 seipse
1669 333 1861 362 tantummodo

1073 385 1189 421 gloriam
1213 385 1327 416 habere,
1352 387 1379 411 et
1403 391 1456 411 non
1481 383 1613 411 adversus
1636 383 1718 417 alios,
1742 382 1767 411 is
1783 382 1860 410 brevi

1073 432 1125 459 hoc
1140 439 1251 466 quoque
1264 431 1360 458 vitium
1379 429 1542 457 correxerit.

1105 476 1189 504 Vens.
1215 476 1241 504 5.
1263 485 1272 502 ι
1300 475 1496 511 Unusquisque
1516 474 1589 501 enim
1605 481 1680 501 onus
1696 481 1775 501 Situm
1796 481 1860 508 por-

1073 523 1150 549 tabit.
1169 531 1178 548 ι

1109 567 1222 594 Videtur
1240 574 1397 603 proponere
1414 565 1550 594 rationem
1574 573 1634 600 quze
1651 564 1796 600 prohibeat
1811 564 1859 592 ads

1072 619 1169 640 versus
1198 611 1282 639 aliqu
1323 612 1445 647 gloriari.
1477 611 1610 638 Caeterum
1643 610 1858 646 gloriabundum

1072 657 1198 693 corrigit,
1215 665 1250 685 ne
1270 657 1323 685 sibi
1340 657 1419 685 valde
1435 657 1555 692 placeat,
1576 664 1710 684 revocans
1724 656 1803 685 illum
1824 658 1859 685 ad

1073 703 1248 738 propriorum
1274 706 1454 738 peccatorum
1487 702 1752 735 considerationem,
1779 703 1859 730 adhi-

1076 750 1135 778 bito
1153 750 1268 785 insuper
1293 750 1381 777 oneris
1402 753 1426 776 et
1445 749 1560 776 sarcinae
1578 749 1699 780 nomine.
1716 755 1772 784 quo
1793 756 1859 777 con-

1074 795 1218 823 scientiam
1238 794 1313 822 illius
1325 799 1441 830 premat.

1109 841 1192 870 Vns.
1218 840 1278 869 6-9.
1312 850 1321 866 ι
1351 841 1541 868 Communicet
1571 844 1663 867 autent
1683 840 1706 867 is
1722 840 1768 875 qui
1785 844 1860 868 cate-

234 882 395 917 κατηχοῦντι
406 884 436 910 ὲν
451 885 534 910 πᾶσιν
549 885 671 919 ἀγαθοῖς.
683 886 730 922 Μὴ
746 887 895 921 πλανᾶσθε,
911 889 977 921 Θεὸς
987 890 1018 916 οὑ

1071 886 1195 914 chizatur
1209 886 1305 919 verbo,
1319 885 1343 913 ei
1372 885 1419 920 qui
1437 893 1466 913 se
1482 885 1647 917 catechilat.
1668 885 1696 912 in
1729 885 1860 912 omnibus

234 926 442 961 μυκτηρίζεται.
464 928 497 954 Ὂ
512 929 566 964 γὰρ
590 930 637 956 ἐὰν
653 931 753 967 σπιίρῃ
770 931 925 968 ἀνθρωπος,
940 934 1020 961 τοῦτο

230 972 278 998 καὶ
293 971 405 1007 θερίσει.
424 973 484 1000 ’Ὁτι
501 974 515 1000 ό
529 975 650 1011 σπείρων
667 977 707 1009 είς
732 977 782 1013 τὴν
798 979 889 1014 σάρκα
902 979 1019 1013 ἑαυτοῦ,

231 1019 263 1043 ἐκ
276 1018 325 1054 τῆς
343 1019 443 1054 σαρκὸς
453 1019 555 1055 θερίσει
570 1022 684 1057 φθοράν.
705 1023 735 1050 '0
754 1024 783 1051 δὲ
798 1025 918 1061 σπείρων
937 1026 977 1058 εἰς
989 1026 1019 1052 τὸ

232 1063 350 1099 πνεῦμα,
366 1065 398 1091 ὲκ
415 1066 462 1092 τοῦ
476 1066 632 1102 πνεύματος
644 1068 746 1104 θερίσει
762 1070 835 1106 ζωὴν
851 1070 973 1104 αἰώνιον,
989 1072 1019 1098 τὸ

229 1109 258 1136 δὲ
274 1109 355 1136 καλὸν
370 1111 520 1144 ποιοῦντες,
537 1114 575 1148 μὴ
588 1114 760 1150 ἐκκακῶμεν.
778 1125 788 1141 ι

273 1198 406 1226 Ἐνταῦθα
418 1200 482 1234 περὶ
494 1199 549 1226 τῶν
559 1199 729 1228 διδασκάλων
745 1202 825 1230 πάλιν
839 1204 853 1230 ὁ
875 1204 954 1238 λόγος
970 1205 1019 1232 αὑ-

231 1243 280 1278 τῷ,
295 1243 365 1270 ὥστε
384 1245 484 1280 πολλῆς
505 1245 652 1273 ἀπολαύειν
667 1248 744 1282 παρᾶ
755 1248 809 1274 τῶν
833 1250 1020 1286 μαθητευομέ-

231 1299 284 1316 νων
308 1289 467 1325 θεραπείας.
483 1291 567 1319 Τοῦτο
594 1293 642 1319 καὶ
656 1294 670 1320 ό
685 1293 802 1328 Χριστὸς
826 1295 1016 1331 ἐνομοθέτησε.

231 1334 286 1361 Καὶ
298 1333 342 1360 διὰ
353 1335 380 1361 τί
393 1344 400 1368 ς
416 1336 508 1364 ἄκουε.
530 1336 641 1373 Ἐπειδὴ
660 1338 690 1364 τὸ
704 1339 896 1367 διδασκαλικὸν
910 1341 1018 1377 ἀξίωμα

235 1380 362 1413 πολλάκις
375 1382 518 1417 κατεφύσα
533 1384 598 1415 τοὺς
617 1384 739 1420 ἔχοντας,
757 1387 918 1414 καταπαίων
929 1388 1019 1415 αὐτῶν

231 1426 261 1452 τὸ
277 1427 417 1463 φρόνημα,
435 1429 474 1460 είς
490 1429 612 1464 ἀνάγκην
626 1429 724 1462 αὐτοὺς
736 1430 887 1466 κατέστησε
901 1432 949 1458 τοῦ
964 1432 1019 1459 δεῖ·

232 1471 294 1499 σθαι
311 1473 365 1500 τῶν
381 1473 621 1509 μαθητευομένων.
635 1476 778 1508 κάκείνους
792 1477 872 1504 πάλιν
884 1478 924 1509 είς
935 1478 1022 1514 ἀφορ-

232 1516 285 1552 μὴν
312 1518 415 1554 ἢγαγεν
441 1519 488 1546 τοῦ
504 1519 572 1554 πρὸς
586 1521 714 1548 εὐποιίαν
729 1522 929 1558 εὐκολωτέρους
947 1524 1020 1557 γίνε-

232 1564 304 1597 σθαι,
325 1565 471 1601 γυμνάζων
493 1567 593 1599 αὐτοὺς
621 1568 741 1604 ἡμέρους
756 1568 835 1596 εἶναι.
850 1569 919 1605 Φησὶ
931 1570 969 1602 δὲ,
984 1571 1020 1597 ἐν
1033 1564 1056 1577 “¹

231 1608 327 1637 πᾶσιν
342 1610 480 1645 ἀγαθοῖς,
502 1611 573 1639 ὥστε
591 1614 680 1641 πᾶσαν
697 1613 899 1641 ἐπιδείκνυσθαι
919 1616 960 1647 είς
971 1615 1021 1642 αὐ-

232 1655 294 1687 τοὺς
308 1655 457 1691 δαψίλειαν.

270 1755 280 1772 ι
298 1745 393 1782 Καιρῷ
408 1746 462 1782 γὰρ
481 1746 537 1783 ἰδίῳ
551 1746 706 1782 θερίσομεν,
722 1748 760 1783 μὴ
776 1748 945 1783 ἐκλυόμενοι.
971 1758 980 1774 ι

267 1791 322 1826 Οὐχ
338 1791 434 1827 ὥσπερ
451 1793 464 1819 ὁ
480 1786 746 1829 σαρκικδςᾟπορος,
761 1795 839 1829 φησὶ,
866 1794 914 1822 καὶ
939 1795 968 1820 ἐν
982 1794 1021 1829 τῷ

232 1837 332 1874 ἀμητῷ
348 1838 431 1865 πολὺν
445 1837 503 1873 ἔχει
522 1839 616 1872 κόπον,
636 1839 707 1866 οὕτω
719 1840 766 1867 καὶ
785 1840 799 1866 6
824 1840 1019 1876 πνευματικὸς,

232 1885 290 1911 ἀλλ’
303 1885 332 1911 ὲν
346 1884 498 1911 ἀναπαύσει
517 1885 622 1919 γίνεται
633 1885 729 1922 πολλῇ.

271 1989 283 2007 Ι
307 1979 387 2008 Ἀλλὰ
400 1980 447 2007 οὖν
464 1980 502 2012 ὡς
527 1980 623 2016 καιρὸν
648 1980 755 2016 ἔχομεν,
787 1981 968 2017 ἐργαζώμεθα
990 1981 1021 2008 τὸ

234 2025 335 2059 ἀγαθὸν
347 2025 414 2061 πρὸς
423 2026 538 2059 πάντας,
556 2026 674 2061 μάλιστα
692 2026 759 2061 πρὸς
772 2028 834 2059 τοὺς
846 2027 962 2060 οἰκείους
971 2027 1021 2063 τῆς

234 2071 362 2104 πίστεως.
367 2067 388 2099 ἰ

269 2119 357 2154 Τάχος
381 2118 429 2145 καὶ
444 2118 561 2154 σπουδὴν
574 2119 639 2154 περὶ
655 2118 704 2154 τὴν
727 2118 912 2155 ἐλεημοσύνην
929 2119 1022 2155 εἰσφέη

235 2172 293 2199 ρειν
321 2164 549 2200 παρακελεύεται.
576 2165 646 2192 Οὓτε
663 2165 718 2201 γὰρ
733 2165 848 2193 πάντοτε
872 2167 919 2194 τοῦ
935 2167 1021 2194 ὲλεείν

1069 933 1160 961 bonis.
1195 932 1285 960 Nolite
1313 939 1418 964 errare,
1448 932 1520 959 Deus
1551 939 1605 958 non
1632 931 1774 959 irridetur.
1793 931 1860 964 Quae

1069 978 1142 1006 enim
1167 977 1346 1006 seminaverit
1365 977 1458 1006 homo.
1485 977 1543 1004 “ch
1567 980 1594 1004 et
1611 981 1704 1004 metet.
1721 976 1858 1010 Quoniam

1069 1023 1116 1058 qui
1131 1023 1249 1050 seminat
1267 1022 1302 1050 de
1315 1030 1400 1049 carne
1418 1029 1478 1053 sua,
1496 1021 1529 1048 de
1548 1029 1632 1048 carne
1655 1025 1736 1048 metet
1757 1028 1856 1048 corru-

1069 1069 1202 1103 ptionem.
1221 1068 1272 1102 Qui
1289 1072 1380 1095 atttem
1401 1068 1518 1095 seminat
1536 1068 1564 1094 in
1585 1067 1858 1102 spiritu;de'spiritu

1070 1118 1154 1142 metet
1167 1115 1251 1142 vitam
1267 1118 1408 1141 mternam.
1425 1113 1531 1140 Bonum
1548 1117 1638 1140 autem
1651 1112 1785 1140 facientes
1803 1120 1854 1139 non

1069 1158 1240 1185 deﬁciamus.
1261 1167 1271 1184 ι

1108 1203 1167 1231 Hoc
1184 1212 1295 1232 rursum
1313 1203 1365 1231 loci
1383 1203 1417 1230 de
1429 1203 1590 1230 doctoribus
1607 1203 1741 1238 loquitur,
1757 1210 1827 1238 quos
1842 1209 1856 1227 a

1070 1250 1217 1285 discipulis
1241 1250 1301 1277 suis
1324 1249 1408 1276 multa
1441 1249 1628 1277 sollicitudine
1656 1249 1748 1276 curari
1782 1249 1856 1276 vult:

1070 1294 1174 1330 quippe
1190 1302 1252 1322 cum
1268 1294 1305 1321 ita
1323 1294 1381 1321 ﬁeri
1394 1294 1522 1321 Christus
1540 1294 1598 1328 ipse
1614 1293 1747 1321 sanxerit.
1767 1293 1860 1326 Quare

1071 1341 1155 1368 vero?
1180 1340 1290 1368 audias.
1310 1339 1446 1373 Quoniam
1469 1340 1505 1367 ob
1529 1339 1646 1367 docendi
1666 1339 1858 1366 auctoritatem

1071 1385 1142 1413 fastu
1169 1385 1335 1413 inﬂabantur
1352 1385 1390 1413 illi
1412 1386 1460 1420 qui
1477 1393 1509 1412 ea
1525 1385 1617 1412 ornati
1640 1391 1737 1418 erant;
1759 1385 1858 1412 horum

1072 1434 1102 1457 ut
1115 1433 1305 1466 compesceret
1333 1430 1533 1466 arrogantiam,
1556 1430 1583 1457 in
1607 1430 1678 1457 hanc
1692 1437 1740 1457 eos
1759 1436 1860 1457 neces-

1071 1476 1182 1503 sitatem
1207 1476 1309 1511 coegit.
1336 1481 1365 1503 ut
1385 1475 1436 1510 ipsi
1458 1475 1605 1510 discipulis
1620 1483 1689 1510 opus
1709 1475 1858 1503 haberent:

1071 1521 1127 1549 illis
1146 1528 1213 1549 vero
1237 1529 1348 1549 rursum
1374 1521 1478 1556 praebet
1494 1521 1670 1548 occasionem
1688 1524 1719 1547 ut
1739 1520 1771 1548 ad
1790 1521 1860 1548 bene

1071 1567 1105 1594 de
1117 1567 1178 1594 aliis
1199 1567 1361 1594 merendum
1379 1566 1518 1594 faciliores
1545 1565 1621 1599 haut,
1637 1566 1712 1600 ipsos
1727 1572 1862 1593 exercens

1071 1613 1106 1640 ad
1133 1613 1356 1641 benevolentiam
1392 1620 1456 1648 erga
1484 1611 1633 1647 magistros
1663 1611 1858 1647 praestandam.

1071 1659 1117 1686 Ait
1133 1663 1239 1692 autem,
1255 1660 1281 1686 in
1297 1658 1418 1686 omnibus
1441 1659 1531 1691 bonis,
1550 1662 1579 1685 ut
1594 1665 1702 1685 omnem
1718 1658 1746 1685 in
1760 1665 1809 1685 eos
1823 1657 1859 1684 li-

1071 1705 1243 1732 beralitatem
1263 1704 1436 1739 impendant.

1111 1760 1120 1776 ι
1141 1749 1277 1784 Tempore
1288 1750 1361 1777 enim
1377 1758 1427 1777 suo
1443 1755 1578 1777 metemus
1593 1757 1648 1776 non
1661 1747 1832 1776 deﬁcientes.
1847 1757 1856 1773 ι

1105 1796 1164 1823 Non
1182 1796 1221 1823 uti
1236 1796 1358 1824 carnalis
1383 1803 1500 1828 messor,
1522 1795 1621 1831 inquit,
1649 1794 1696 1829 qui
1715 1793 1784 1821 nihil
1800 1793 1861 1820 fru-

1071 1846 1167 1870 ctuum
1195 1842 1325 1877 percipit,
1349 1843 1502 1878 quamlibet
1526 1841 1656 1870 metendo
1679 1840 1797 1867 multum
1820 1839 1860 1866 la-

1073 1890 1159 1922 boret,
1175 1889 1216 1917 sic
1240 1893 1283 1917 est
1310 1890 1474 1924 spiritualis.
1500 1889 1553 1917 llic
1577 1888 1651 1916 enim
1667 1886 1760 1922 quiete
1773 1887 1860 1914 multa

1072 1936 1189 1971 potitur.

1109 1980 1190 2008 Vens.
1205 1980 1249 2008 10.
1264 1989 1274 2006 ι
1296 1979 1370 2016 Ergo
1385 1980 1450 2007 dum
1470 1985 1581 2014 tempus
1600 1979 1746 2010 habemus.
1760 1986 1859 2013 opere-

1073 2034 1136 2053 mur
1165 2026 1268 2053 bonum
1295 2025 1375 2061 176
1397 2025 1432 2052 ad
1446 2032 1554 2058 omnes,
1570 2024 1691 2052 maxime
1711 2025 1745 2051 ad
1763 2024 1860 2051 dome-

1073 2072 1159 2101 sticos
1176 2071 1249 2099 ﬁdei.
1270 2081 1280 2097 ι

1105 2117 1240 2145 Hortatur
1256 2122 1286 2145 ut
1303 2118 1513 2146 festinationem
1529 2122 1558 2145 et
1582 2117 1753 2153 diligentiam
1780 2116 1860 2144 adhi-

1072 2163 1157 2191 beant.
1170 2165 1205 2191 ad
1224 2164 1430 2200 eloemosynam
1454 2164 1633 2199 erogandam.
1661 2162 1721 2191 Non
1741 2163 1815 2190 enim
1831 2163 1862 2190 in

234 2212 317 2246 ἐσμεν
335 2210 434 2246 κύριοι.
451 2211 534 2238 Ὅταν
550 2211 603 2247 γὰρ
614 2211 738 2239 ἐντεῦθεν
753 2212 956 2248 ἀπενεχθῶμεν,
969 2213 1020 2240 κᾶν

1073 2213 1212 2245 potestate
1227 2210 1332 2244 Inustra
1355 2214 1398 2238 est
1419 2217 1529 2245 semper
1549 2214 1577 2237 et
1597 2209 1700 2244 ubique
1718 2209 1859 2237 misereri.

236 2256 367 2292 μυριάκις
387 2256 573 2292 βουληθῶμεν,
597 2257 672 2283 οὐδὲν
698 2258 863 2293 περαίνομεν
882 2259 971 2286 πλέον.
986 2259 1023 2286 Τὸ

234 2302 273 2334 δὲ,
286 2302 362 2336 πρὸς
373 2302 499 2335 πάντας,
515 2301 583 2337 πρὸς
595 2302 799 2339 ἀντιδιαστολὴν
810 2305 860 2339 τῆς
874 2305 1024 2340 Ἰουδαϊκῆς

234 2348 438 2382 ταπεινότητος.
461 2347 590 2379 Ἐκείνοις
615 2347 664 2383 μὲν
693 2348 747 2384 γὰρ
759 2349 793 2375 τὰ
807 2349 856 2384 τῆς
873 2349 1023 2386 φιλανθρω-

235 2392 300 2425 πίας
314 2392 425 2420 ἅπαντα
438 2393 507 2428 πρὸς
519 2393 582 2425 τοὺς
597 2393 750 2428 ὁμοφύλους
761 2391 805 2429 ἦν.
824 2394 855 2421 'H
871 2395 898 2421 δὲ
915 2395 964 2430 τῆς
975 2395 1024 2430 χά-

234 2446 309 2473 ριτος
325 2438 525 2474 φιλανθρωπία,
543 2438 596 2473 γῆν
608 2439 676 2474 ὁμοῦ
702 2439 894 2470 καὶ,θάλατταν
914 2441 960 2468 ἐπὶ
973 2442 1022 2477 τὴν

232 2483 284 2518 τῆς
300 2484 485 2520 ὲλεημοσύνης
497 2485 650 2521 μετάληψιν
665 2485 754 2518 καλεῖ,
771 2486 818 2512 καὶ
831 2486 940 2513 πλείονα
955 2488 1022 2522 πρὸς

233 2530 297 2562 τοὺς
308 2530 424 2563 οἰκείους
438 2531 488 2566 τὴν
504 2531 621 2568 σπουδὴν
635 2531 828 2559 ἐπιδείκνυται.

273 2631 283 2648 ι
300 2623 385 2649 Ἴδετε
403 2622 529 2658 πηλίκους
541 2623 606 2658 ὑμῖν
620 2624 782 2658 γράμμασιν
799 2622 905 2658 ἔγραψα
917 2624 949 2658 τῇ
965 2624 1016 2659 ἐμῇ

235 2668 315 2695 νειοί.
333 2677 343 2694 ι

235 2676 276 2695 ἐι
298 2676 315 2694 ι.
333 2677 343 2694 ι

235 2679 250 2703 λ
270 2676 362 2741 ϐάντα
374 2713 499 2749 δέχεσθαι
514 2713 560 2740 τὸν
581 2714 659 2748 λόγον
673 2713 754 2740 αὐτοῦ
771 2715 915 2748 παραινεῖ,
931 2715 977 2742 καὶ
991 2716 1020 2742 τὺ

235 2759 352 2795 μέγεθος
371 2760 425 2787 τῶν
451 2760 605 2796 δογμάτων,
632 2760 675 2787 διὰ
697 2760 735 2795 τὸ,
756 2760 905 2795 πηλίκοις,
923 2762 1020 2796 εἰπεῖν,

306 2852 330 2870 ³⁸
345 2851 411 2880 Luc.
427 2859 506 2887 xvut;
528 2852 572 2880 ll).

1071 2256 1189 2289 Quando
1203 2257 1277 2284 enim
1297 2264 1331 2284 ex
1354 2256 1408 2284 hoc
1422 2256 1525 2284 saeculo
1548 2255 1654 2291 egressi
1672 2255 1792 2288 erimus,
1807 2255 1860 2282 etsi

1071 2304 1173 2332 millies
1187 2304 1326 2337 volemus,
1345 2303 1415 2331 nihil
1441 2303 1514 2330 ultra
1539 2302 1732 2338 perﬁciemus.
1752 2301 1797 2327 Ait
1812 2309 1862 2327 au—

1072 2353 1138 2381 tem,
1156 2349 1190 2375 ad
1215 2356 1318 2380 omnes.
1335 2348 1369 2375 ad
1390 2347 1574 2375 dill‘erentiam
1602 2346 1725 2372 Judaira
1749 2345 1860 2371 humili-

1071 2394 1148 2422 tatis.
1165 2393 1234 2421 Nam
1250 2393 1342 2421 omnia
1359 2392 1504 2420 charitatis
1519 2391 1632 2419 illorum
1646 2389 1733 2417 olllcia
1750 2390 1776 2416 in
1792 2397 1860 2416 con-

1072 2439 1188 2466 tribules
1206 2439 1296 2466 solum
1323 2437 1555 2473 impendebantur
1573 2445 1580 2462 :
1604 2440 1633 2462 at
1648 2435 1743 2470 gratia:
1761 2435 1857 2461 huma-

1072 2485 1156 2518 nitas,
1182 2488 1284 2512 terram
1314 2484 1419 2519 pariter
1446 2487 1475 2510 et
1501 2489 1578 2509 mare
1601 2481 1645 2508 ‘ad
1670 2480 1859 2508 beneﬁcentiae

1073 2531 1317 2566 participationem
1346 2529 1455 2560 invitat,
1486 2532 1516 2555 ut
1550 2531 1643 2555 tamen
1672 2526 1858 2561 copiosiorem

1072 2584 1136 2611 erga
1152 2577 1322 2604 domesticos
1338 2575 1401 2602 tidei
1418 2573 1637 2601 sollicitudinem
1656 2571 1796 2607 praeferat.

1111 2621 1193 2650 Vens.
1225 2622 1269 2649 Η.
1301 2630 1310 2646 ι
1341 2619 1439 2648 Videte
1469 2618 1600 2654 qualibus
1629 2617 1732 2646 litteris
1757 2615 1859 2651 scripsi

1074 2668 1154 2696 vobis
1170 2675 1228 2694 mea
1243 2675 1337 2694 manu.
1354 2676 1363 2692 ι

1113 2714 1215 2741 Suadet
1240 2717 1269 2741 ut
1282 2717 1376 2741 totum
1403 2714 1573 2740 sermonem'
1594 2717 1675 2739 suum
1706 2708 1858 2744 excipiant,

1077 2754 1265 2796 dicendoque:
1283 2760 1415 2796 qualibus,
1437 2763 1474 2792 et,
1503 2766 1582 2786 manu
1606 2765 1675 2790 mea,
1698 2755 1857 2784 sublimitas
