2077 3114
212 181 267 215 819

814 180 844 208 S.
865 174 1025 208 IOANNIS
1043 173 1258 206 DAMASCENI

1791 171 1842 201 820

213 241 267 265 tem
282 237 416 265 doctrina:
440 243 497 264 sua!
522 235 672 272 signiﬁcat.
694 235 734 262 ΑιΙ
753 235 811 262 hinc
836 233 909 261 aliud
930 240 999 267 quo-

1063 231 1250 267 ιατασημάνας
1260 251 1267 262 ,
1281 226 1338 257 διαὶ
1352 229 1392 262 τὸ,
1414 229 1449 263 τῇ
1463 228 1520 263 ἐμῇ
1537 228 1629 263 χωρί’
1643 227 1690 253 καὶ
1713 225 1776 253 ἄλλο
1793 227 1840 251 καὶ

213 291 269 319 que
285 284 387 311 innuit.
402 282 545 315 Quodnam
563 289 628 309 vero
651 282 724 309 istud
739 282 750 308 ?
777 281 909 316 quoniam
927 279 999 305 hanc

213 330 266 365 ipsi
282 329 449 357 calumniam
467 328 624 361 struebant,
642 335 673 355 ac
691 328 715 355 si
730 335 792 354 cum
809 326 1000 353 circumcisio-

172 405 176 414 ι
213 382 276 402 nem
292 374 477 409 proﬁteretur,
497 373 641 401 simularet
660 378 752 400 tamen
772 379 829 399 non
852 370 997 406 proﬁteri;

213 420 276 448 ideo
293 421 454 454 compulsus
470 424 512 447 est
526 420 674 454 epistolam
692 426 775 446 manu
796 418 907 453 propria
927 417 1000 444 scri-

212 465 294 497 here;
317 465 387 500 apud
416 472 465 492 eos
495 464 684 492 testimonium
709 463 850 497 deponens
869 468 919 488 sua
933 467 1000 488 exa-

212 516 302 538 ratum
317 519 379 538 man
385 519 399 538 ll
406 532 411 538 .

248 557 332 584 Vens.
349 557 392 584 1‘2.
412 567 420 583 ι
437 557 604 592 Quicunque
622 556 720 583 volunt
736 555 845 590 placere
861 554 888 581 in
904 560 999 584 carne,

213 602 242 630 hi
258 607 360 638 cogunt
376 611 424 631 vos
441 603 616 630 circumcidi.
636 612 645 628 ι

252 648 428 677 Demonstrat
450 649 513 676 illos
540 649 634 684 glorire
660 648 793 675 duntaxat
821 646 913 674 studio
931 652 1002 679 prae-

214 694 344 721 dicatioui
359 701 469 728 operam
494 694 571 725 dare,
591 701 644 720 non
666 692 738 728 quod
763 692 816 719 hoc
837 698 940 718 munus
955 697 1002 718 ex-

216 738 293 772 sequi
311 737 380 772 ipsis
393 737 578 764 incumberet.

256 793 265 809 ε
284 783 404 810 Tantum
433 789 462 810 ut
494 784 588 812 crucis
616 783 836 819 persecutionem
871 789 924 808 non
955 788 1002 815 p.1-

217 829 334 857 tiantur.
356 839 365 855 ι

253 875 345 903 Altera
367 882 475 902 rursum
492 882 576 903 causa
595 882 646 902 cur
671 882 725 901 non
741 882 773 901 ex
792 874 884 900 animo
903 872 1003 907 pracdi-

1052 278 1094 304 διὰ
1107 277 1203 304 τούτου
1219 276 1356 312 δηλοῦται.
1373 276 1468 308 ῐιοῖον;
1491 273 1600 308 Ἐπειδὴ
1610 270 1839 306 συκοφαντοῦντες

1053 324 1134 350 αὑτὸν
1159 324 1251 357 ἔλεγον
1280 315 1430 358 περιτομὴν
1455 321 1537 348 αὑτὸν
1561 318 1777 353 καταγγέλλειν,
1793 317 1841 343 καὶ

1054 370 1258 406 ὑποκρίνεσθαι,
1279 369 1316 400 ὡς
1342 369 1371 395 οὐ
1399 367 1590 401 καταγγέλλει,
1607 364 1651 392 διὰ
1665 363 1744 391 τοῦτο
1757 364 1841 397 ἡναγ-

1054 416 1143 449 κάσοη
1161 415 1316 450 ἰδιόγραφον
1327 413 1493 449 ποιήσασθαι
1508 412 1556 448 τὴν
1571 411 1727 446 ἐπιστολὴν,
1740 417 1842 444 μαρτυ-

1056 462 1116 496 ρίαν
1129 461 1268 496 ἔγγραφον
1278 460 1456 495 ἀποθέμενος.

1094 558 1102 574 ι
1123 548 1199 574 Ὅσοι
1214 547 1337 574 θέλουσιν
1362 545 1578 582 εὐπροσωπῆσαι
1592 545 1627 582 ’ὲν
1654 542 1757 578 σαρκὶ,
1769 538 1842 568 οὗτοι

1055 594 1255 628 ἀναγκάζουσιν
1267 594 1340 627 ὑμᾶς
1353 591 1577 628 περιτέμνεσθαι.
1595 599 1605 615 ι

1090 641 1217 668 Δείκνυσι
1230 640 1373 670 κάκείνους
1388 639 1431 665 διὰ
1448 636 1602 672 φιλοδοξίαν
1619 635 1698 671 μόνον
1710 632 1842 669 ποιουμέο

1055 696 1117 719 νους
1126 687 1156 714 τὸ
1171 687 1312 722 κήρυγμα,
1326 686 1356 712 οὺ
1373 685 1405 711 δι’
1417 684 1482 711 αὐτὸ
1498 684 1528 711 τὸ
1539 682 1626 714 οὕτως
1642 681 1749 716 ὀφεῖλον
1765 678 1843 715 γενέ⁶

1057 733 1118 760 σθαι
1132 738 1156 758 ε.

1095 788 1104 804 ι
1124 778 1212 805 Μόνον
1229 779 1273 804 ἴνα
1288 777 1325 812 μὴ
1343 777 1382 811 τῷ
1397 775 1505 812 σταυρῷ
1518 774 1565 800 τοῦ
1589 771 1708 809 Χριστοῦ
1722 770 1844 798 διώκων-

1056 832 1109 850 ται.
1134 833 1142 848 ν

1099 868 1195 903 Ἑτέρα
1209 866 1291 894 πάλιν
1306 867 1381 894 αἰτία
1391 865 1438 892 τοῦ
1458 864 1495 900 μὴ
1508 864 1562 890 ἀπὸ
1572 862 1684 897 γνώμης
1698 857 1844 896 κηρύττειν

218 924 294 952 cent,
325 921 385 948 haec
407 924 461 953 est,
491 927 526 948 ne
550 927 565 947 a
589 919 692 947 Iudaeis
714 905 1002 954 exagitentursAtqui

1063 916 1165 946 ιὺτοὺς,
1185 914 1217 940 τὸ
1238 914 1275 948 μὴ
1294 912 1440 940 διώκεσθαι
1463 911 1538 946 παρὰ
1562 909 1617 936 τῶν
1640 907 1774 935 Ἰουδαίων
1795 905 1845 932 αὺ-

219 966 279 994 sive
296 967 406 999 timore,
424 966 483 994 sive
506 966 656 994 ambitione
670 965 698 992 id
714 968 858 1000 praestent,
888 964 1004 998 proinde

219 1019 274 1038 non
302 1016 434 1047 tanquam
460 1011 596 1039 debitum.
622 1010 809 1044 Quamobrem
830 1011 881 1038 etsi
906 1010 1005 1044 praedi-

220 1059 285 1083 cant
299 1056 541 1084 circumcisionem
570 1063 625 1083 non
642 1059 733 1083 tamen
750 1055 790 1081 uti
807 1053 1004 1082 necessariam.

257 1136 340 1168 Vens.
368 1141 411 1168 13.
433 1150 442 1166 ι
463 1141 559 1175 Neque
583 1141 657 1168 enim
680 1141 728 1174 qui
754 1139 1006 1170 circumciduntur,

221 1185 308 1221 legem
325 1186 501 1217 custodiunt,
522 1187 569 1214 sed
589 1186 687 1213 volunt
699 1193 750 1212 vos
768 1183 945 1212 circumcidi.
961 1193 970 1209 ι

257 1231 465 1259 Demonstratio
483 1232 540 1259 haec
560 1236 613 1263 est,
632 1239 681 1259 eos
704 1239 758 1258 non
775 1238 809 1258 ex
832 1230 924 1257 animo
938 1237 1008 1264 prae-

223 1275 336 1310 dicare;
360 1277 586 1312 quandoquidem
613 1285 667 1304 non
698 1284 731 1304 ea
757 1283 819 1311 qua).
846 1275 1008 1310 prmdicant,

224 1323 385 1350 observant.

261 1379 271 1396 ι
292 1369 328 1397 Ut
340 1371 366 1397 in
383 1377 468 1398 carne
480 1375 571 1398 vestra
587 1370 752 1406 glorientur.
771 1379 780 1395 ι

261 1417 302 1444 Eo
317 1417 390 1452 quod
406 1417 562 1452 discipulos
576 1417 708 1448 habeant,
722 1421 748 1444 et
763 1416 893 1443 doctores
908 1415 974 1442 sint.

262 1463 346 1489 Vrsas.
376 1463 418 1490 M.
439 1471 448 1488 ι
468 1462 532 1490 Mihi
561 1467 653 1489 autem
670 1462 744 1489 absit
768 1462 896 1496 gloriari,
918 1460 970 1487 nisi
985 1460 1011 1486 in

227 1516 308 1537 cruce
325 1509 433 1536 Domini
449 1509 541 1536 nostri
558 1508 624 1536 Jesu
641 1508 754 1535 Christi.
775 1517 785 1533 )

263 1556 336 1589 Quid
363 1560 404 1595 est
430 1563 516 1582 cruce
539 1554 671 1590 gloriari?
685 1553 759 1587 quod
777 1552 906 1578 Christus
923 1550 1012 1578 forma

228 1603 301 1631 servi
318 1606 544 1637 accepta‘passus
557 1605 618 1633 est;
637 1607 748 1634 passus,
764 1600 889 1633 inquam,
903 1602 1014 1633 propter

228 1655 283 1680 me,
307 1649 355 1683 qui
381 1656 479 1676 servus
497 1654 585 1678 eram,
603 1647 649 1681 qui
675 1646 772 1677 hostis,
794 1644 841 1679 qui
857 1644 972 1671 insanus
987 1647 1015 1671 et

230 1696 366 1730 ingratus.
383 1694 430 1721 Sic
449 1700 492 1720 me
504 1692 615 1725 dilexit,
637 1696 667 1719 ut
683 1691 806 1726 seipsum
823 1690 981 1717 tradiderit.

270 1749 279 1766 ‹
296 1739 348 1766 Per
364 1747 444 1773 quem
464 1738 530 1765 mihi
550 1738 669 1764 mundus
689 1735 843 1764 cruciﬁxus
862 1739 915 1762 est.
934 1744 943 1760 ›

266 1784 399 1812 Mundqu
415 1788 495 1811 vocat
508 1791 554 1811 res
576 1783 657 1817 hujus
678 1782 783 1813 saeculi,
798 1780 943 1808 hominum
959 1780 1018 1807 lau-

231 1831 291 1863 des,
328 1830 500 1861 satcllitium.
540 1829 669 1864 gloriam.
699 1827 809 1860 isthaec,
830 1826 932 1860 inquit,
962 1830 1017 1852 tam

232 1877 389 1912 splendida,
405 1881 460 1903 tam
480 1875 638 1911 magniﬁca,
654 1874 723 1901 mihi
737 1877 845 1900 mortua
860 1872 932 1899 facta
942 1875 1017 1900 sunt.

270 1971 281 1988 ι
297 1961 330 1988 Ει
349 1969 400 1996 ego
418 1960 534 1988 mundo.
558 1970 567 1986 ι

269 2006 413 2042 Duplicem
438 2010 555 2034 mortem
578 2003 692 2037 innuit:
723 2005 840 2036 scilicet,
871 2003 936 2039 quia
962 2009 1019 2030 tum

233 2054 280 2082 illa
297 2053 366 2080 mihi
382 2056 491 2080 mortua
507 2056 581 2085 sunt,
603 2056 659 2079 tum
674 2059 725 2087 ego
741 2051 809 2083 illis,
834 2051 871 2077 ita
885 2054 915 2076 ut
931 2057 1022 2084 neque

235 2107 279 2126 me
297 2098 409 2125 valeant
438 2097 610 2130 interimere,
636 2104 727 2131 neque
744 2103 897 2129 superare:
921 2095 1022 2130 quippe

237 2143 316 2178 177
345 2149 407 2178 qua:
436 2142 521 2170 semel
542 2145 649 2169 mortua
679 2141 756 2173 sint;
781 2148 832 2167 nec
859 2148 909 2175 ego
924 2148 1020 2168 eorum

235 2197 348 2224 possum
372 2188 512 2216 desiderio
539 2188 651 2215 teneri:
680 2194 742 2214 nam
770 2191 798 2214 et
824 2187 893 2221 ipsis
914 2191 1022 2222 egomet

236 2242 348 2270 quoque
362 2239 487 2262 mortuus
504 2242 579 2261 sum.

274 2280 358 2308 Vens.
383 2280 427 2307 t5.
447 2289 456 2305 ι
481 2279 510 2307 1η
528 2279 641 2308 Christo
659 2279 734 2307 enim
751 2278 816 2306 Jesu
848 2286 938 2314 neque
965 2279 1022 2305 cir-

237 2327 371 2355 cumcisio
387 2325 488 2360 aliquid
501 2325 586 2359 valet,
604 2333 691 2361 neque
706 2325 878 2361 prwputium,
898 2325 944 2352 sed
957 2332 1026 2351 nova

237 2377 374 2400 creatura.
391 2381 400 2396 ι

274 2416 342 2444 Vide
369 2418 500 2451 quautam
527 2416 655 2443 virtutem
687 2415 812 2442 attribuit
842 2414 931 2445 cruci,
961 2420 1022 2447 qua:

239 2471 297 2492 non
313 2463 402 2490 solum
420 2470 465 2490 res
479 2469 575 2489 omnes
589 2461 745 2488 mundanas
761 2461 813 2495 ipsi
827 2464 949 2486 mortuas
965 2459 1026 2486 red-

239 2509 353 2542 diderit,
368 2509 416 2537 sed
434 2513 461 2536 et
487 2508 579 2542 ipsum
603 2507 688 2534 veteri
712 2506 840 2533 instituto
866 2505 945 2539 longe
971 2505 1026 2531 cel-

239 2557 342 2584 siorem
359 2555 466 2582 fecerit.
481 2553 564 2588 Atqui
585 2561 679 2580 novum
695 2556 847 2579 creaturam
866 2547 946 2583 dicit,
967 2558 1026 2585 qum

237 2607 289 2635 per
305 2599 386 2627 tidem
403 2599 478 2626 edita
495 2604 548 2626 est.

275 2645 359 2672 Vens.
376 2644 419 2672 16.
442 2653 452 2670 ι
470 2643 502 2670 Et
523 2645 684 2679 quicunque
706 2643 777 2670 hanc
800 2643 924 2677 regulam
941 2641 1028 2668 secuti

240 2692 357 2724 fuerint,
374 2699 427 2727 pax
447 2699 532 2726 super
553 2691 615 2718 illos
634 2695 661 2717 ct
684 2689 888 2721 misericordia,
902 2695 928 2716 et
946 2695 1029 2722 super

241 2736 328 2766 brae]
347 2736 406 2764 Dei.
428 2746 437 2762 ι

1055 961 1135 993 τούς·
1150 961 1180 987 τὸ
1196 960 1225 986 δὲ
1237 959 1309 986 κατὰ
1324 958 1416 993 φόϐον,
1434 958 1449 993 ἢ
1474 958 1546 984 κατὰ
1564 953 1717 987 κενοδοξίαν
1735 950 1845 986 γινόμε-

1056 1016 1111 1038 νον,
1126 1006 1205 1033 τοῦτο
1232 1005 1280 1040 οὐχ
1306 1005 1344 1036 ὡς
1365 1004 1542 1039 ὀφειλόμενον
1561 1000 1724 1036 πράττεται.
1740 995 1845 1024 Οὐκοῦν

1057 1054 1082 1080 εἰ
1108 1054 1154 1080 καὶ
1177 1052 1345 1088 κηρύσσεται
1368 1049 1504 1084 περιτομὴ
1527 1047 1592 1083 παρ’
1613 1045 1713 1077 αὐτῶν,
1736 1043 1785 1079 οὐχ
1807 1042 1846 1075 ὡς

1059 1098 1194 1133 ἀναγκαία
1211 1097 1390 1133 κηρύσσεται.

1098 1155 1107 1170 ι
1127 1144 1193 1171 Οὐδὲ
1208 1144 1262 1178 γὰρ
1284 1143 1309 1169 οἱ
1337 1140 1573 1177 περιτεμνόμενοι,
1595 1137 1671 1165 αὐτοὶ
1692 1135 1773 1170 νόμον
1793 1142 1845 1169 φυ-

1060 1191 1216 1221 λάσσουσιν,
1230 1189 1297 1215 ἀλλὰ
1314 1188 1436 1214 θέλουσιν
1452 1186 1523 1221 ὑμᾶς
1542 1181 1763 1218 περιτέμνεσθαι.
1782 1189 1792 1206 ι

1101 1234 1249 1267 Ἀπόδειξις
1270 1233 1318 1260 τοῦ
1343 1232 1381 1267 μὴ
1407 1231 1477 1258 κατὰ
1493 1229 1605 1264 γνώμην
1625 1226 1774 1263 κηρύσσειν
1798 1223 1848 1251 αὐ-

1060 1281 1133 1312 τοὺς,
1152 1280 1183 1306 τὸ
1200 1280 1236 1314 μὴ
1253 1279 1398 1313 φυλάττειν
1409 1276 1507 1308 αὐτοὺς
1524 1273 1639 1302 ταῦταᾶ
1652 1272 1846 1308 κηρύσσουσιν.

1100 1381 1110 1397 ι
1131 1371 1189 1397 Ἵνα
1204 1370 1232 1396 ὲν
1248 1370 1280 1404 τῇ
1298 1369 1421 1403 ὑμετέρᾳ
1438 1367 1520 1402 σαρκὶ
1540 1366 1744 1401 καυχήσωνται.
1766 1372 1776 1389 ι

1095 1416 1228 1451 Μαθητὰς
1239 1415 1356 1450 ἔχοντες.
1373 1413 1420 1440 καὶ
1440 1413 1516 1443 ὄντες
1529 1411 1697 1438 διδάσκαλοι.

1101 1473 1111 1489 ‹
1136 1462 1213 1497 Ἐμοὶ
1241 1461 1270 1488 δὲ
1292 1461 1328 1495 μὴ
1353 1460 1458 1494 γένοιτο
1483 1457 1646 1492 καυχᾶσθαι,
1670 1454 1745 1490 εἰμὴ
1766 1454 1795 1480 ὲν
1812 1452 1850 1488 τῷ

1065 1508 1174 1544 σταυρῷ
1189 1507 1236 1534 τοῦ
1252 1507 1355 1541 Κυρίου
1367 1505 1446 1540 ἡμῶν
1470 1502 1556 1538 Ἰησοῦ
1571 1499 1701 1537 Χριστοῦ.
1724 1509 1733 1526 ι

1101 1554 1133 1580 τι
1149 1554 1206 1580 ἐστι
1223 1552 1253 1579 τὸ
1278 1551 1410 1586 καύχημα
1432 1550 1479 1577 τοῦ
1497 1547 1634 1584 σταυροῠ;
1650 1547 1691 1573 ὃτι
1706 1547 1720 1573 6
1735 1543 1851 1581 Χριστὸς

1065 1598 1158 1626 δούλου
1174 1597 1282 1634 μορφὴν
1297 1595 1404 1628 ἐλαϐεν,
1417 1596 1464 1622 καὶ
1478 1594 1577 1621 ἔπαθεν
1591 1613 1599 1626 ,
1619 1593 1691 1628 ἅπερ
1706 1590 1806 1618 ἔπαθεν
1817 1588 1852 1616 δι’

1065 1646 1115 1680 ἐμὲ
1129 1645 1175 1671 τὸν
1198 1643 1293 1670 δοῦλον
1305 1664 1313 1675 ,
1334 1643 1381 1669 τὸν
1401 1641 1509 1677 ἐχθρὸν,
1525 1640 1571 1667 τὸν
1595 1640 1716 1674 ἄφρονα·
1733 1636 1804 1664 οὕτω
1819 1643 1850 1671 με

1066 1691 1220 1726 ἠγάπησεν,
1238 1689 1275 1720 ὡς
1287 1687 1383 1715 ἑαυτὸν
1396 1686 1529 1713 ἐκδοῦναι.

1106 1746 1114 1762 ι
1136 1736 1174 1762 Δι’
1190 1733 1220 1762 οὗ
1235 1734 1297 1769 ἐμοὶ
1314 1733 1416 1768 κόσμος
1429 1731 1610 1766 ἐσταύρωται.
1630 1739 1640 1756 ι

1104 1781 1224 1815 Κόσμον,
1241 1779 1275 1806 τὰ
1291 1777 1406 1813 βιωτικὰ
1424 1775 1573 1812 πράγματά
1595 1782 1693 1810 φησιν·
1713 1772 1759 1800 τὸν
1776 1771 1852 1798 ἐπαι-

1068 1835 1112 1853 νον
1125 1825 1170 1852 τὸν
1184 1824 1259 1860 παρὰ
1274 1823 1437 1858 ἀνθρώπιον,
1455 1821 1504 1857 τὴν
1519 1819 1693 1856 δορυφορίαν.
1705 1817 1754 1853 τὴν
1765 1816 1854 1848 δόξαν.

1070 1873 1171 1904 Ταῦτα,
1195 1871 1288 1906 φησιν,
1313 1869 1376 1904 ἐμοὶ
1391 1868 1476 1905 νεκρὰ
1493 1867 1599 1901 γέγονε,
1612 1865 1646 1892 τὰ
1661 1863 1731 1891 οὕτω
1742 1861 1856 1898 λαμπρὰ

1070 1918 1117 1945 καὶ
1133 1916 1249 1952 μεγάλα.

1108 1974 1117 1989 ι
1136 1963 1222 1997 Κάγὼ
1233 1962 1272 1997 τῷ
1283 1961 1388 1996 κόσμῳ.
1406 1969 1414 1985 ι

1107 1996 1209 2044 Διπλῆν
1226 1996 1276 2041 τήν
1290 2007 1424 2042 νέκρωσιν
1450 2004 1535 2038 λέγει,
1561 2002 1602 2028 ὅτι
1622 2000 1669 2027 καὶ
1685 2000 1775 2026 ἐκεῖνα
1795 1996 1857 2032 ὲμοὶ

1072 2057 1166 2093 νεκρὰ,
1179 2056 1225 2082 καὶ
1241 2053 1296 2087 ἐγὼ
1318 2052 1445 2083 ἐκείνοις,
1461 2050 1508 2076 καὶ
1529 2048 1591 2075 οὔτε
1607 2045 1677 2073 αὐτὰ
1699 2044 1804 2086 ἀνελεῖν
1823 2050 1857 2093 με

1071 2087 1208 2132 δύνανται,
1225 2100 1273 2126 καὶ
1285 2097 1485 2134 χειρώσασθαι·
1506 2094 1591 2130 νεκρὰ
1605 2092 1660 2127 γάρ
1677 2092 1751 2118 ἐστιν
1767 2087 1856 2121 ἆπαξ⁶

1071 2146 1134 2172 οὔτε
1148 2144 1204 2178 ἐγὼ
1218 2142 1387 2178 ἐπιθυμῆσαι
1401 2138 1491 2168 αὐτῶν
1502 2147 1509 2154 ·
1524 2138 1617 2174 νεκρὸς
1631 2137 1686 2172 γὰρ
1700 2136 1791 2166 αὐτοῖς
1800 2134 1858 2169 ειμι

1073 2190 1159 2225 κάγώ.

1112 2278 1121 2294 ι
1137 2268 1181 2294 Ἐν
1198 2267 1251 2302 γὰρ
1265 2264 1375 2301 Χριστῷ
1387 2263 1475 2298 Ἰησοῦ
1490 2261 1550 2289 οὗτε
1571 2260 1708 2295 περιτομή
1719 2267 1744 2284 τι
1762 2257 1859 2293 ἰσχύει,

1074 2313 1134 2342 οὔτε
1149 2312 1327 2349 ἀκροϐυστία,
1343 2310 1411 2338 ἀλλὰ
1424 2307 1506 2342 καινὴ
1522 2307 1620 2338 κτίσις.
1637 2315 1647 2331 ι

1108 2399 1194 2426 Βλέπε
1207 2398 1295 2433 πόσην
1317 2397 1446 2432 κηρύττει
1460 2394 1509 2430 τὴν
1530 2393 1645 2426 δύναμιν
1662 2389 1707 2417 τοῦ
1726 2385 1858 2423 σταυροῦ”

1074 2445 1104 2472 οὐ
1121 2445 1175 2480 γὰρ
1195 2444 1227 2479 δὴ
1242 2443 1321 2478 μόνον
1338 2441 1374 2469 τὰ
1390 2441 1436 2468 τοῦ
1447 2440 1550 2474 κόσμου
1569 2437 1721 2473 πράγματα
1743 2433 1861 2480 ἐνέκρω-

1074 2501 1120 2518 σεν
1137 2493 1164 2518 ὲν
1179 2489 1267 2524 ἑαυτῷ
1284 2489 1383 2520 πάντα,
1399 2486 1466 2514 ἀλλὰ
1479 2484 1585 2519 καὶτῆς
1600 2481 1736 2512 πολιτείας
1749 2479 1798 2514 τῆς
1808 2486 1861 2504 πα-

1075 2536 1154 2566 λαιᾶς
1179 2535 1308 2568 ἀνωτέρω
1338 2532 1428 2567 πολλῷ
1459 2530 1636 2563 κατέστησεν.
1657 2526 1739 2559 Λέγει
1762 2523 1789 2550 δὲ
1812 2523 1861 2558 τὴν

1076 2582 1185 2615 καινὴν
1200 2581 1310 2611 κτίσιν,
1321 2579 1371 2614 τὴν
1386 2577 1530 2612 δεδομένην
1545 2575 1588 2601 διὰ
1602 2573 1730 2602 πίστεως.

1115 2648 1124 2664 ‹
1142 2637 1198 2664 Καὶ
1211 2637 1268 2663 ὅσοι
1281 2634 1319 2670 τῷ
1332 2633 1425 2660 κανόνι
1441 2633 1529 2666 τούτῳ
1554 2629 1751 2664 στοιχήσουσιν,
1767 2624 1862 2659 εἰρήνη

1078 2685 1122 2710 ἐπ’
1149 2682 1258 2713 αὐτοὺς,
1281 2681 1327 2707 καὶ
1353 2679 1438 2712 ἕλεος,
1466 2678 1514 2704 καὶ
1542 2676 1588 2702 ἐπὶ
1612 2675 1657 2702 τὸν
1691 2670 1799 2707 Ἰσραὴλ
1815 2668 1862 2697 τοῦ

1077 2729 1143 2756 Θεοῦ
1148 2749 1154 2756 ο
1171 2739 1179 2754 Ι

884 2822 997 2850 VARle
1018 2819 1220 2849 LECTIONES.

296 2874 307 2889 °
325 2872 492 2902 lnconcinna
507 2878 621 2906 prorsus
641 2870 737 2903 dictio,
751 2878 810 2904 quae
827 2870 866 2898 sic
883 2869 992 2912 restitui
1008 2867 1095 2903 possit
1108 2867 1152 2894 :"0
1162 2863 1210 2898 οὐχ
1224 2862 1309 2893 οὕτως
1331 2859 1446 2894 ὤφειλεν
1463 2857 1601 2893 γενέσθαι.
