2077 3114
245 134 297 161 διδ

809 138 849 168 ΙΝ
870 138 987 168 EPIST.
1008 137 1059 167 AD
1078 135 1274 166 EPIIESIOS.

1814 131 1869 164 826

245 192 380 228 ραδείσου.
400 190 495 219 Ταῦτα
512 189 560 220 οὖν
576 191 721 228 προέκειτο
738 193 813 228 παρὰ
830 192 908 228 Θεῷ,
935 193 975 224 είς
1001 192 1025 218 τί

1083 195 1158 219 esset
1194 188 1371 221 inmortalis,
1403 187 1430 215 in
1450 189 1568 215 mortem
1595 183 1725 219 incurrit,
1756 189 1868 222 atquee

241 238 534 273 ἀνακεφαλαιώσασθαι
550 238 597 264 καὶ
610 238 771 272 άνανεῶσαι,
783 238 830 265 καὶ
849 238 919 273 ὑπὲρ
930 237 1031 264 τούτων

243 285 354 319 γέγονεν
364 285 378 311 ὁ
394 283 549 318 Μονογενὴς
565 284 722 319 ἅνθρωπος,
736 284 780 311 ἵνα
794 283 933 319 καταλύσῃ
949 283 1030 310 θάνα-

242 338 299 364 τον,
309 331 356 358 καὶ
368 330 451 366 ἀνέλῃ
465 330 515 366 τὴν
528 330 641 365 φθορὰν,
651 330 697 357 καὶ
707 330 755 366 τὴν
765 330 903 365 ἁμαρτίαν
916 329 1030 365 ἐκϐάλῃ,

241 376 256 404 ὃ
269 378 316 404 καὶ
332 377 428 412 γέγονε
436 377 660 413 παραγενομένου
676 377 805 413 Χριστοῦ,
819 377 855 403 Τὸ
868 377 907 409 δὲ,
919 377 954 403 ἐν
969 377 1031 409 τοῖς

242 424 392 458 οὐρανοῖς,
412 424 505 451 τοῦτον
522 423 636 459 ἔχειτὸν
650 424 751 459 τρόπον
763 432 769 438 ·
783 424 824 451 ὅτι
845 423 918 459 λύπη
930 421 965 459 ἦν
983 431 1030 458 με-

242 471 311 506 γάλη
324 471 372 498 καὶ
385 470 556 501 ἀδιάλειπτος
576 470 624 497 τοῦ
640 470 741 505 κόσμου
758 469 960 505 ἁμαρτάνοντος
973 469 1030 500 τοῖς

241 515 379 550 ἀγγέλοις,
394 515 442 542 καὶ
461 515 514 542 ὑπὸ
531 515 654 550 κατάραν
664 514 754 545 ὃντος’
779 514 826 540 καὶ
841 514 920 549 δῆλον
936 514 965 540 ὲν
989 512 1029 548 τῷ

240 560 328 587 ειπεϊν
345 560 389 586 τὸν
405 561 518 596 Κύριον,
532 560 573 587 ὅτι
589 559 670 594 Χαρὰ
683 559 718 586 ἐν
731 559 847 593 οὐρανῷ
857 559 969 594 γίνεται
979 558 1028 586 ἐπὶ

241 603 287 632 ἐνὶ
299 604 461 639 ἁμαρτωλῷ
473 603 670 640 μετανοοῦντι
680 612 687 620 -
704 603 778 638 λέγει
792 601 849 636 οὖν,
867 603 905 634 ὡς
915 602 1000 629 ἐλθὼν
1014 604 1028 629 ὀ

240 650 362 685 Κύριος,
381 650 427 677 καὶ
455 650 489 677 τὰ
513 651 559 677 ἐπὶ
583 651 633 685 τῆς
642 649 695 685 γῆς
713 649 870 683 ἀνενέωσεν,
891 649 985 676 καὶτὰ
999 650 1028 675 ἐν

238 697 295 728 τοῖς
307 697 441 732 οὐρανοῖς,
458 696 566 732 ἐκείνης
578 696 685 728 παύσας
697 696 760 727 τοὺς
774 695 906 730 ἀγγέλους
917 695 967 730 τῆς
983 694 1028 721 λύ-

239 751 305 777 πης,
321 740 356 778 ἦς
379 742 525 770 ὲλυποῦντο
553 743 600 772 ἐπὶ
616 743 648 778 τῇ
671 742 726 769 τῶν
752 741 904 777 ἀνθρώπων
928 741 1026 777 φθορᾷ.

245 787 381 822 ’Δνήγαγε
395 787 449 822 γὰρ
464 787 562 820 αὐτοὺς
576 787 622 813 ἐπὶ
636 787 685 823 τὴν
706 787 845 823 προτέραν
866 786 963 822 χαρὰν,
978 785 1027 820 τὴν

241 833 312 869 ὑπὲρ
323 833 379 861 τῶν
394 833 565 868 σωζομένων.

276 983 287 1001 1
301 975 347 1001 Ἐν
369 971 392 1009 ᾧ
419 974 466 1001 καὶ
492 974 698 1010 ἐκληρώθημεν,
723 974 932 1010 προορισθέντες
954 973 1026 1001 κατὰ

179 1021 182 1026 “
238 1020 368 1055 πρόθεσιν
379 1020 426 1047 τοῦ
439 1019 474 1046 τὰ
485 1020 573 1046 πάντα
587 1020 762 1055 ἐνεργοῦντος
779 1019 850 1047 κατὰ
862 1019 911 1055 τὴν
928 1019 1025 1055 βουλὴν

237 1066 284 1092 τοῦ
300 1065 452 1101 θελήματος
468 1065 561 1097 αὑτοῦ,
575 1066 615 1097 είς
633 1066 663 1092 τὸ
678 1064 748 1093 εἷναι
772 1067 845 1101 ἡμᾶς
859 1066 898 1098 είς
915 1065 1024 1092 ἔπαινον

236 1111 316 1147 δόξης
332 1111 425 1144 αὑτοῦ,
438 1111 501 1142 τοὺς
516 1111 720 1146 προηλπικότας
738 1111 768 1138 ὲν
781 1111 821 1147 τῷ
835 1111 956 1146 Χριστῷ.
977 1120 985 1136 ι

235 1242 256 1271 Θ
276 1199 320 1249 ’E-Iv
336 1199 457 1235 Χριστῷ,
487 1200 568 1235 φησι,
595 1200 767 1236 γιγνόμενοι,
795 1201 875 1236 μερὶς
891 1201 1023 1237 γινόμεθα

258 1251 314 1271 sou.

258 1251 314 1272 εου.

273 1299 283 1316 ι
308 1290 353 1317 Ἑν
367 1286 388 1325 ᾦ
398 1293 444 1317 καὶ
457 1291 535 1326 ὑμεῖς
557 1291 725 1323 ἀκούσαντες
745 1291 791 1318 τὸν
805 1294 882 1326 Λόγον
895 1291 945 1327 τῆς
956 1292 1024 1328 ἁλη-

236 1335 322 1370 θείας,
340 1336 370 1363 τὸ
391 1336 557 1371 Εὑαγγὲλιον
572 1337 622 1372 τῆς
639 1337 775 1372 σωτηρίας
791 1337 880 1372 ὑμῶν,
895 1338 923 1364 ὲν
938 1333 960 1371 ᾧ
977 1338 1024 1364 καὶ

235 1383 428 1414 πιστεύσαντες
439 1385 636 1420 ἐσφραγίσθητε
644 1384 681 1419 τῷ
690 1383 828 1418 Πνεῦματι
841 1384 890 1419 τῆς
905 1384 1025 1418 ἐπαγγε-

233 1426 294 1460 λίας
307 1427 346 1463 τῷ
363 1428 444 1463 ἁγίῳ.
460 1437 470 1454 ι

268 1473 329 1500 Τῶν
353 1473 590 1509 προεγνωσμένων
617 1473 680 1500 ἐστὲ
697 1474 744 1501 καὶ
762 1474 851 1509 ὑμεῖς,
865 1474 957 1509 φησὶν,
983 1475 1018 1501 oi-

233 1520 387 1571 κειούμενοι
401 1519 513 1571 Χριστῷ
527 1519 560 1546 δι’
576 1520 714 1555 ὑπακοῆς,
729 1521 777 1547 καὶ
786 1521 837 1556 τῆς
848 1521 895 1547 ἐπὶ
910 1522 942 1556 τῇ
953 1521 1021 1556 ἀκοῇ
1036 1541 1057 1571 c

232 1566 373 1598 πίστεως,
402 1566 448 1592 καὶ
474 1566 521 1593 τοῦ
538 1566 585 1592 ἐπὶ
604 1567 638 1601 τῇ
668 1567 759 1593 πίστει
780 1567 968 1602 σφραγισμοϋ,
992 1568 1021 1599 ὅς

232 1613 307 1657 ἐστίν
323 1612 454 1648 ὁμοίωσις
468 1613 536 1648 πρὸς
551 1613 669 1648 Χριστὸν
686 1613 729 1640 διὰ
737 1613 787 1648 τῆς
804 1613 850 1640 τοῦ
863 1613 1021 1648 Πνεύματος

234 1658 423 1694 μεταλήψεως.
450 1659 530 1694 Παρὰ
544 1659 618 1691 τίνος
634 1660 662 1686 δὲ
677 1660 797 1695 ἥκουσαν
812 1659 858 1686 τὸν
880 1659 959 1694 λόγον
972 1659 1022 1695 τῆς

232 1703 371 1738 ἀληθείας,
397 1703 414 1738 ἢ
441 1704 516 1739 παρὰ
531 1704 655 1731 Ἰωάννου
672 1704 719 1731 τοῦ
738 1704 948 1739 εὐαγγελιστοῦ;
964 1705 1023 1731 ἐκεῖ

232 1748 286 1784 γὰρ
302 1749 453 1785 ἐκήρυττεν
463 1757 470 1764 ·
486 1749 526 1776 διὸ
543 1749 590 1776 καὶ
605 1749 771 1785 ὑψηλότερον
791 1751 882 1783 αὐτοῖς
898 1750 1022 1785 διαλέγε-

234 1802 277 1821 ται
286 1796 300 1821 ό
308 1795 421 1828 Παῦλος,
437 1795 484 1822 ita
498 1797 530 1822 ἐκ
540 1797 589 1830 τῆς
603 1796 708 1823 ἐκείνου
716 1796 890 1829 διδασκαλίας
901 1806 1021 1832 προκατ-

235 1841 417 1877 ηρτισμὲνοις.
429 1841 496 1868 Λίαν
513 1842 567 1877 γὰρ
584 1841 687 1877 ὑψηλὸς
703 1843 743 1874 είς
759 1842 896 1878 θεολογίαν
909 1844 923 1870 ὁ
938 1842 1020 1880 ἀνήρ.

271 1939 281 1956 Ι
301 1929 351 1962 ’Ός
367 1930 441 1957 ἐστιν
456 1930 586 1967 ἀρραϐὼν
602 1931 651 1966 τῆς
676 1932 860 1968 κληρονομίας
886 1933 965 1969 ἡμῶν
982 1934 1021 1966 εἰς

234 1975 422 2011 ἀπολύτρωσιν
435 1977 485 2011 τῆς
501 1977 715 2012 περιποιήσεως,
731 1978 770 2010 εἰς
787 1977 896 2005 ἔπαινον
914 1978 963 2012 τῆς
979 1978 1022 2005 δό-

234 2020 280 2056 ξης
290 2020 381 2048 αὐτοῦ.
395 2030 405 2046 ι

268 2067 429 2103 Ἀῤῥαὸὦνα
453 2068 527 2103 λέγει
553 2068 640 2103 ἀρχὴν
654 2069 788 2104 κτήσεως,
803 2071 889 2106 Φησὶν
900 2071 957 2103 οὖν,
983 2070 1022 2103 ὡς

234 2114 380 2150 Δεξάμενοι
395 2115 425 2142 τὸ
442 2115 565 2150 Πνεῦμα,
579 2114 723 2151 ἠρξάμεθα
737 2116 788 2152 ἠδη
805 2117 933 2153 κτήματα
951 2115 1020 2144 εἶναι

234 2160 349 2196 Χριστοῦ
364 2161 411 2188 καὶ
425 2161 504 2188 Θεοῦ.

1083 236 1213 271 paradiso
1232 235 1329 271 pulsus
1345 238 1387 262 est
1409 234 1493 262 foras.
1511 232 1574 260 Hac
1593 233 1688 267 itaque
1704 230 1784 267 179
1804 239 1868 266 pro-

1083 286 1213 317 posuerat
1230 281 1302 309 Deus
1322 280 1521 315 redintegrare,
1542 283 1569 308 et
1589 286 1742 312 renovare;
1760 281 1787 305 et
1803 284 1869 312 pro-

1082 333 1175 363 pterea
1200 326 1366 361 Unigenitus
1393 326 1483 353 factus
1502 329 1545 353 est
1572 325 1666 358 homo,
1696 328 1725 351 ut
1747 326 1866 350 mortem

1082 374 1248 405 destrueret,
1265 371 1452 406 ‘auferretque
1476 371 1691 405 corruptionem,
1712 373 1739 397 et
1768 375 1867 404 pecca-

1082 425 1139 447 tum
1161 419 1312 454 expelleret
1328 427 1336 446 :
1361 417 1388 446 id
1414 417 1487 453 quod
1506 417 1670 444 adveniente
1688 415 1799 443 Christo
1818 421 1864 450 pa-

1081 468 1183 494 tratum
1200 464 1262 492 i'uit.
1278 462 1356 497 Quod
1377 467 1469 490 autem
1485 462 1512 488 in
1528 461 1599 488 caelis
1619 461 1696 492 dicit,
1717 460 1769 488 hoc
1784 460 1865 487 modo

1080 510 1208 547 contigit.
1224 510 1370 543 iQuoniam
1398 508 1491 544 angeli
1512 508 1650 543 ingentem
1664 507 1770 534 luctum
1787 506 1866 533 inde-

1079 558 1202 586 sinenter
1222 557 1339 592 agebant
1365 554 1400 583 de
1418 554 1541 590 peccatis
1565 553 1673 587 mundi,
1695 552 1827 588 quodque
1841 551 1865 579 is

1078 603 1264 632 exsecrationi
1280 606 1340 630 erat
1356 601 1496 629 obnoxius
1512 600 1599 635 (atqui
1616 600 1669 627 hoc
1688 598 1865 626 manifestum

1078 654 1121 679 est
1138 650 1218 678 hisce
1235 648 1343 676 Domini
1358 648 1469 675 verbis:
1489 646 1621 674 Gaudium
1642 650 1678 673 est
1697 647 1724 672 in
1740 644 1803 672 caelo
1817 652 1865 671 su-

1078 704 1124 732 per
1139 704 1190 723 uno
1207 699 1344 730 peccatore
1365 693 1545 728 pazm'tentiam
1574 696 1666 727 agente
1680 690 1734 726 ");
1760 689 1864 717 idcirco

1079 744 1129 776 ait,
1147 742 1293 771 Dominum
1320 741 1440 769 adventu
1459 747 1521 772 suo,
1546 745 1608 766 cum
1624 745 1655 765 ea
1671 744 1731 772 qua:
1751 735 1777 762 in
1791 740 1863 763 terra

1080 794 1146 818 sunt
1161 795 1322 820 renovasse,
1346 791 1405 814 tum
1427 793 1489 822 qum
1510 786 1539 813 in
1562 783 1652 816 coelis,
1673 782 1767 811 sedato
1781 788 1864 816 ange-

1079 835 1169 862 lorum
1194 833 1283 864 Iuctu,
1309 840 1390 868 quem
1417 837 1531 867 propter
1558 828 1700 857 interitum
1720 826 1862 854 hominum

1044 871 1064 898 Β
1079 880 1227 908 ducebant.
1239 878 1287 907 Eis
1303 879 1405 914 quippe
1419 876 1549 913 gaudium
1566 873 1714 911 pristinum
1730 871 1861 904 reddidit,

1077 926 1166 954 salute
1183 924 1343 953 hominibus
1362 929 1507 951 concessa.

1131 971 1216 999 Vens.
1233 970 1277 1003 ii,
1296 970 1340 997 12.
1359 978 1368 995 ‹
1390 968 1420 996 In
1434 975 1490 1003 quo
1505 970 1532 995 et
1547 974 1598 994 nas
1615 970 1691 994 sorte
1708 964 1799 992 vocati
1815 969 1863 992 sir-

1076 1026 1149 1052 mus,
1170 1015 1358 1053 prmdestinati
1369 1014 1521 1043 secundum
1537 1011 1705 1048 propositum
1728 1009 1799 1045 ejus,
1815 1009 1863 1044 qui

1077 1068 1208 1100 operatur
1238 1062 1330 1090 omnia
1348 1060 1501 1089 secundum
1533 1057 1683 1087 consilium
1709 1055 1860 1082 voluntatis

1076 1119 1146 1144 suae,
1161 1116 1191 1138 ut
1211 1111 1298 1138 simus
1313 1109 1341 1136 in
1356 1108 1463 1135 laudem
1475 1106 1569 1142 gloria:
1584 1104 1650 1133 eius
1668 1111 1727 1136 nos,
1740 1102 1786 1138 qui
1799 1106 1862 1130 ante

1076 1157 1251 1194 speravimus
1267 1156 1294 1183 in
1309 1155 1430 1183 Christo.
1448 1163 1458 1179 ι

1111 1204 1180 1232 Dum
1192 1204 1220 1231 in
1233 1202 1345 1231 Christo
1362 1208 1470 1233 sumus,
1487 1198 1588 1235 inquit,
1603 1197 1695 1234 portio
1707 1197 1756 1225 Dei
1787 1196 1858 1224 exsi-

1076 1251 1185 1279 stimus.
1830 1268 1835 1272 ,

1111 1297 1194 1324 Vens.
1214 1296 1256 1323 15.
1275 1304 1284 1322 ι
1299 1295 1328 1322 ln
1344 1301 1399 1329 quo
1428 1293 1512 1321 etiam
1529 1297 1556 1320 et
1575 1299 1625 1319 vos
1640 1289 1784 1317 audientes
1800 1295 1861 1315 ver-

1075 1343 1140 1371 bum
1158 1342 1283 1370 veritatis
1295 1339 1491 1376 (Evangelium
1508 1338 1606 1366 salutis
1625 1335 1749 1370 vestrae),
1762 1335 1789 1361 in
1806 1341 1861 1369 quo

1073 1393 1102 1417 et
1128 1388 1274 1416 credentes
1302 1386 1405 1422 signati
1431 1385 1510 1417 estis,
1537 1383 1641 1419 Spiritu
1667 1380 1861 1417 promissionis

1074 1439 1182 1464 sancto.
1195 1444 1205 1460 )

1109 1480 1166 1507 Vos
1191 1485 1302 1514 quoque
1330 1485 1363 1505 ex
1379 1475 1554 1512 praecognitis
1579 1473 1658 1506 estis,
1682 1472 1785 1506 inquit,
1813 1470 1861 1506 qui

1073 1526 1185 1555 Christo
1198 1524 1401 1560 conjungimini
1420 1530 1469 1558 per
1480 1520 1664 1549 obedientiam
1681 1524 1709 1547 et
1722 1526 1770 1554 per
1780 1517 1860 1546 iidem

1075 1572 1188 1601 auditus
1203 1569 1404 1599 consectariam
1414 1588 1421 1601 ,
1433 1575 1484 1596 nec
1494 1575 1548 1595 non
1560 1574 1608 1602 per
1617 1564 1790 1601 signaculum
1806 1571 1861 1599 quo

1074 1619 1141 1647 ﬁdes
1166 1617 1300 1650 ntunitur,
1332 1616 1460 1651 quodque
1475 1613 1581 1641 Christi
1601 1611 1756 1640 similitudo
1767 1613 1809 1637 est
1825 1610 1860 1637 ob

1073 1663 1194 1699 Spiritus
1209 1662 1462 1699 participationem.
1481 1660 1503 1686 Α
1519 1665 1641 1694 quonam
1663 1663 1730 1684 vero
1745 1655 1860 1683 verbum

1071 1709 1197 1738 veritatis
1224 1707 1337 1743 Ephesii
1362 1706 1523 1737 audierunt,
1543 1704 1598 1731 nisi
1616 1711 1630 1729 a
1649 1701 1755 1729 Joanne
1775 1707 1860 1728 evan-

1045 1751 1048 1758 '
1071 1754 1182 1790 gelista,
1197 1753 1243 1787 qui
1261 1752 1316 1780 illic
1337 1749 1528 1787 praedicabat?
1542 1748 1679 1781 Quocirca
1690 1745 1861 1775 sublimioris

1072 1807 1170 1827 sensus
1191 1799 1274 1826 verba
1286 1797 1320 1825 ad
1334 1797 1396 1825 illos
1415 1796 1481 1823 facit
1497 1794 1613 1826 Paulus,
1631 1801 1682 1821 cett
1696 1793 1741 1828 qui
1755 1791 1811 1825 jam
1828 1791 1860 1818 il-

1071 1846 1226 1873 liuscssent
1236 1844 1364 1872 doctrina
1377 1842 1508 1871 instituti.
1522 1842 1546 1869 Is
1557 1841 1657 1876 quippe
1667 1839 1709 1866 vir
1720 1838 1862 1866 altissima:

1072 1890 1216 1926 theologia:
1227 1896 1295 1918 erat.

1107 1937 1192 1965 Vens.
1225 1937 1270 1964 ﬂ.
1288 1946 1298 1963 ι
1312 1936 1366 1970 Qui
1379 1940 1422 1964 est
1438 1935 1538 1970 pignus
1555 1932 1727 1961 [Hereditatis
1747 1934 1860 1963 nostrae,

1072 1984 1100 2011 in
1113 1983 1332 2018 redemptionem
1350 1981 1558 2017 acquisitionis,
1580 1979 1608 2006 in
1632 1978 1740 2006 laudem
1767 1976 1862 2012 gloria:

1071 2029 1170 2065 ipsius.
1188 2038 1197 2055 ι

1105 2074 1208 2109 Pignus
1234 2076 1261 2101 et
1288 2073 1398 2100 arrham
1423 2075 1503 2100 vocat
1521 2070 1634 2098 initium
1654 2066 1858 2102 acquisitionis.

1070 2120 1116 2149 Ait
1129 2127 1206 2156 ergo,
1223 2122 1354 2153 suscepto
1370 2118 1473 2153 Spiritu
1488 2116 1627 2151 incepisse
1635 2122 1687 2142 nos
1708 2113 1861 2149 posscssio-

1072 2174 1133 2194 nem
1153 2170 1181 2193 et
1193 2165 1332 2201 peculium
1345 2163 1450 2192 Christi
1462 2168 1490 2191 et
1505 2162 1553 2190 Dei
1571 2161 1640 2190 ﬁeri.

270 2216 280 2232 ι
295 2207 344 2234 Διὰ
368 2207 448 2234 τοῦτο
465 2207 544 2242 κάγὼ
558 2207 676 2240 ἀκούσας
693 2207 741 2244 τὴν
757 2209 818 2235 καθ’
839 2210 911 2245 ὑμᾶς
929 2209 1019 2237 πίστιν

1105 2211 1189 2239 Vens.
1217 2210 1311 2238 15-17.
1333 2219 1342 2236 ι
1358 2210 1508 2245 Propterea
1525 2213 1551 2238 et
1566 2217 1616 2244 ego
1632 2209 1749 2238 audiens
1780 2209 1860 2237 iidem

233 2253 261 2280 ἐν
271 2254 309 2289 τῷ
321 2254 414 2289 Κυρίῳ
429 2254 528 2288 Ἰησοῦ,
542 2255 590 2281 καὶ
606 2255 655 2290 τὴν
672 2255 783 2291 ἀγάπην
792 2256 842 2291 τὴν
859 2257 899 2288 είς
916 2257 1020 2289 πάντας

232 2299 295 2330 τοὺς
319 2299 424 2333 ἁγίους,
447 2299 478 2325 οὐ
505 2299 628 2335 παύομαι
653 2301 821 2336 εὐχαριστῶν
846 2302 916 2337 ὑπὲρ
932 2302 1020 2338 ὑμῶν,

234 2345 329 2379 μνείαν
344 2345 359 2371 ὑ
364 2345 421 2380 μῶν
433 2344 595 2380 ποιούμενος
608 2345 654 2372 ἐπὶ
666 2346 720 2372 τῶν
734 2346 892 2381 προσευχῶν
905 2355 967 2381 μου,
978 2347 1021 2374 ἵνα

232 2390 247 2417 ὁ
265 2390 330 2421 Θεὸς
340 2390 386 2416 τοῦ
404 2391 507 2426 Κυρίου
519 2391 598 2426 ήμῶν
622 2391 710 2428 Ἰησοῦ
729 2393 859 2427 Χριστοῦ.
883 2402 893 2418 ›

268 2435 420 2471 Ἀκηκοὼς,
436 2438 512 2472 φησι,
529 2438 578 2472 τὴν
591 2438 683 2464 πίστιν
698 2438 785 2473 ὑμῶν,
803 2438 863 2466 καθ’
879 2440 912 2475 ἣν
921 2439 1022 2474 ἀναφέ-

235 2479 315 2516 ρεσθε
329 2481 369 2512 εἰς
381 2481 508 2517 Χριστὸν,
518 2482 565 2509 καὶ
576 2482 626 2518 τὴν
644 2483 756 2520 ἀγάπην
775 2484 824 2520 τὴν
835 2485 973 2521 ἑπομένην
987 2487 1020 2521 τῇ

233 2527 336 2559 πίστει,
353 2529 432 2563 χάριν
458 2529 586 2564 ἀναφέρω
601 2528 672 2564 ὑπὲρ
685 2529 773 2564 ὑμῶν,
790 2530 838 2556 καὶ
855 2530 955 2566 ταύτην
972 2532 1020 2558 οὐκ

233 2575 273 2604 εις
286 2571 370 2604 ἅπαξ,
387 2572 455 2599 ἀλλὰ
469 2573 516 2599 καὶ
534 2573 578 2600 διὰ
593 2574 703 2605 παντός.

272 2626 281 2642 ι
308 2617 337 2645 ’0
354 2618 449 2655 Πατὴρ
459 2618 508 2654 τῆς
525 2619 612 2655 δόξης.
636 2627 646 2643 ι

267 2663 424 2698 Taurea-rw,
437 2666 557 2702 ἁρχηγδς
572 2667 670 2699 παντὸς
685 2666 732 2693 τοῦ
742 2667 879 2703 διδομένου
891 2668 930 2700 εἰς
948 2669 1020 2704 ἡμᾶς

235 2710 308 2751 θείου
323 2712 501 2748 χαρίσματος,
519 2713 593 2749 ὅπερ
606 2715 635 2741 ὲν
649 2714 788 2750 Πνεύματι
809 2715 852 2742 διὰ
866 2715 912 2742 τοῦ
933 2715 1019 2750 Λόγου

236 2758 391 2795 κφηγεῖται
396 2779 402 2785 .

272 2845 296 2891 ξ’
323 2846 388 2874 Luc.
405 2854 448 2879 xv,
478 2846 521 2875 iO.

1067 2263 1189 2286 vestram
1201 2265 1262 2293 qua:
1276 2261 1318 2285 est
1334 2257 1362 2284 in
1380 2257 1492 2284 Domino
1507 2255 1583 2289 Iesu,
1600 2261 1627 2284 ct
1641 2256 1816 2284 dilectionem
1832 2256 1860 2283 in

1069 2311 1165 2331 omnes
1179 2307 1302 2336 sanctos,
1321 2309 1377 2329 non
1387 2309 1468 2330 cesso
1486 2301 1590 2337 gratias
1604 2308 1689 2337 agens
1702 2309 1753 2336 pro
1770 2301 1858 2332 vobis,

1069 2350 1232 2378 memoriam
1252 2349 1338 2377 vestri
1356 2349 1461 2376 faciens
1486 2349 1514 2375 in
1528 2349 1705 2376 orationibus
1725 2348 1807 2380 meis,
1830 2351 1861 2374 ut

1070 2395 1143 2423 Deus
1164 2396 1271 2423 Domini
1289 2395 1378 2423 nostri
1394 2394 1458 2423 Jesu
1476 2395 1591 2428 Christi,
1611 2403 1620 2420 ι

1105 2441 1219 2474 Audita,
1232 2441 1333 2476 inquit,
1347 2444 1435 2468 vestra
1446 2440 1499 2467 fide
1515 2447 1571 2475 qua
1586 2439 1699 2466 Christo
1710 2445 1759 2466 vos
1771 2437 1851 2465 devo-

1070 2487 1152 2521 vctis,
1171 2495 1223 2515 nec
1241 2495 1295 2514 non
1327 2486 1478 2514 dilectione
1506 2493 1568 2520 quae
1595 2483 1763 2519 respondeat
1785 2484 1857 2517 ﬂdei,

1070 2539 1161 2569 grates
1182 2533 1272 2561 refero
1287 2539 1336 2567 pro
1349 2532 1437 2564 vobis,
1459 2538 1510 2558 nec
1525 2537 1580 2558 una
1604 2533 1710 2557 tantum
1724 2530 1793 2563 vice,
1809 2530 1858 2557 sed

1071 2579 1271 2607 indesinenter.

1112 2633 1121 2649 1
1138 2623 1220 2650 Pater
1235 2623 1338 2658 gloria,
1357 2632 1366 2648 ι

1109 2667 1166 2696 Hoc
1182 2673 1235 2701 est,
1252 2673 1350 2696 auctor
1375 2667 1466 2695 omnis
1495 2667 1570 2695 illius
1600 2666 1665 2694 doni
1681 2666 1767 2694 divini
1785 2666 1858 2702 quod

1074 2722 1238 2743 concessum
1254 2719 1297 2742 est
1315 2714 1414 2746 nobis;
1432 2713 1506 2749 quod
1521 2713 1632 2749 quidem
1653 2713 1681 2741 in
1694 2712 1799 2749 Spiritu
1811 2720 1856 2748 per

1076 2760 1193 2789 Verbum
1206 2760 1438 2789 subministratur.
