2077 3114
209 156 262 188 εει.)

779 158 818 188 IN
840 158 958 189 El‘IS’i‘.
981 159 1028 189 AD
1048 158 1243 189 EPIIESIOS.

1786 159 1840 190 830

250 219 260 236 ι
275 210 311 237 Τὸ
327 210 463 247 πλήρωμα
479 211 525 238 τοῦ
550 212 582 239 τὰ
606 212 693 239 πάντα
707 213 736 239 ἐν
758 214 824 240 πᾶσι
839 213 995 249 πληρουμέ-

1089 223 1098 238 ‹
1112 212 1257 240 Plenitudo
1266 212 1337 248 eius,
1352 212 1397 247 qui
1415 212 1507 240 omnia
1524 212 1552 240 in
1569 211 1730 240 hotninibus
1744 210 1834 238 adim-

210 264 267 284 νου.
289 266 299 282 ι

250 302 282 329 Ἦ
303 303 450 337 Ἐκκλησία
465 304 548 335 ἐστὶν,
565 305 581 340 ἡ
596 305 717 336 δεκτικὴ,
732 306 808 340 φησι,
825 306 871 332 τοῦ
888 305 999 340 διήκον-

209 356 264 380 τος,
280 348 334 375 τῶν
347 349 479 384 οὐρανίων
499 350 547 384 μὲν
563 350 656 382 πάλαι,
678 351 725 378 νῦν
739 352 768 378 δὲ
785 352 833 378 καὶ
852 351 996 385 ἐπιγείων.

502 457 627 485 ΚΕΦΛΛ.
646 458 683 487 Β’.

247 521 256 537 ι
275 512 331 538 Καὶ
348 512 419 546 ὑμᾶς
434 512 513 544 ὄντας
531 514 647 549 νεκροὺς
661 515 716 546 τοῖς
732 515 938 550 παραπτώμασι
950 517 998 543 καὶ

207 559 268 589 ταῖς
279 558 438 593 ἁμαρτίαις,
450 560 478 585 ἐν
489 556 532 590 αἶς
549 568 614 586 ποτε
631 561 854 596 περιεπατήσατε
868 562 938 589 κατὰ
951 563 997 589 τὸν

207 603 294 630 αἰῶνα
310 604 357 630 τοῦ
373 604 476 640 κόσμου
503 605 616 639 τούτου,
644 607 715 634 κατά
740 607 787 634 τὸν
813 608 931 643 ἄρχοντα
948 610 997 644 τῆς

207 649 332 681 ἐξουσίας
346 649 393 676 τοῦ
415 650 505 684 ἀέρος,
524 650 571 677 τοῦ
587 651 741 686 πνεύματος
758 652 806 678 τοῦ
823 653 997 688 ἐνεργοῦντος

207 694 237 720 ὲν
255 695 311 726 τοῖς
329 695 397 726 υίοῖς
421 695 565 726 ἀπειθείας
580 716 587 728 ,
616 696 645 722 ἐν
670 694 711 728 οἷς
730 697 777 723 καὶ
792 698 874 732 ⁴ἡμεῖς
897 699 996 732 πάντες

208 739 416 775 ἀνεστράφημέν
441 748 506 766 ποτε
532 740 561 766 ἐν
578 742 637 772 ταῖς
657 741 816 776 ἐπιθυμίαις
831 743 880 777 τῆς
895 743 996 778 σαρκὸς

208 785 296 820 ἡμῶν,
321 786 461 818 ποιοῦντες
479 786 513 813 τὰ
540 787 682 822 θελήματα
697 787 746 822 τῆς
761 788 863 822 σαρκὸς
879 788 926 815 καὶ
942 789 996 816 τῶν

207 832 340 865 διανοιῶν,
368 833 416 860 καὶ
442 831 515 868 ἦμεν
539 834 622 861 τέκνα
637 835 717 869 φύσει
730 835 827 870 ὀργῆς,
853 836 890 868 ὡς
911 837 960 862 καὶ
971 837 995 863 οί

1062 259 1114 286 ›1οι.
1131 269 1140 285 ι

1062 268 1114 286 net.
1131 269 1140 285 ι

1051 268 1059 294 l
1086 304 1208 331 Ecclesia
1235 307 1287 334 est,
1309 303 1408 338 inquit,
1435 311 1496 337 qua:
1509 303 1585 330 illum
1604 303 1689 338 capit,
1707 311 1753 337 (χιιι
1766 301 1832 329 olim

1050 349 1159 383 quidem
1194 348 1317 376 cwlestia
1344 348 1510 383 pervadebat
1559 356 1632 375 nunc
1660 351 1751 375 autent
1779 351 1837 374 ter-

1051 401 1127 421 rcna.

1364 460 1442 488 CAP.
1459 460 1494 488 ll.

1085 515 1166 543 Vens.
1191 516 1249 543 1-5.
1274 525 1283 542 ι
1299 516 1333 544 Ει
1354 523 1402 544 vos
1429 523 1492 543 cum
1521 515 1624 543 mortui
1650 515 1749 543 essetis
1768 516 1838 543 deli-

1049 562 1102 589 ctis
1127 562 1227 589 vestris
1241 565 1268 589 et
1284 562 1418 596 peccatis,
1429 562 1458 589 in
1480 561 1584 598 quibus
1609 560 1760 596 aliquando
1779 568 1838 588 ain-

1048 607 1164 635 bulastis
1191 607 1340 635 secundum
1358 608 1489 635 saeculum
1516 607 1612 635 mundi
1626 607 1719 642 hujus,
1738 614 1839 634 set-un-

1047 653 1112 680 dum
1138 653 1292 687 principem
1323 654 1395 681 aeris
1421 653 1516 688 hujus,
1542 653 1657 688 spiritus
1687 654 1734 688 qui
1763 660 1838 680 nunc

1047 701 1179 732 operatur
1191 699 1218 724 in
1237 698 1309 725 ﬁlios
1322 697 1499 732 difﬁdentiae;
1518 699 1545 726 in
1557 699 1659 733 quibus
1673 702 1700 725 et
1717 705 1766 725 nos
1778 704 1838 724 om-

1048 751 1096 771 nes
1108 743 1256 778 aliquando
1268 744 1424 771 conversati
1438 753 1533 772 sumus
1548 744 1574 771 in
1584 744 1731 772 desideriis
1743 743 1838 770 carnis

1048 792 1150 816 nostra:
1163 788 1296 817 facientes
1302 789 1471 817 voluntatem
1483 790 1579 817 carnis
1589 795 1615 817 et
1625 788 1834 823 cogitationum,

1047 840 1074 862 et
1100 842 1213 862 eramus
1240 840 1339 862 natura
1356 835 1406 862 lilii
1431 836 1491 868 irae,
1508 834 1732 863 sieutetcaeteri.
1763 832 1836 860 Deus

205 877 304 905 λοιποί.
328 878 357 905 '0
379 879 408 905 δὲ
428 879 496 911 Θεὸς
518 879 646 912 πλούσιος
669 880 706 907 ὢν
728 882 757 907 ἐν
781 881 851 908 ιλέει
864 902 873 914 ,
889 882 933 908 διὰ
945 882 995 917 τὴν

1047 884 1137 908 autem
1155 882 1202 916 qui
1222 881 1299 909 dives
1313 887 1356 909 est
1374 882 1401 908 in
1422 880 1629 913 misericordia,
1656 885 1770 918 propter
1795 880 1836 906 ni-

207 924 306 960 πολλὴν
317 925 428 960 ἀγάπην
441 926 536 959 αὐτώ,
550 927 584 961 ἢν
597 927 740 962 ἠγάπησεν
759 928 843 962 ἡμᾶς,
859 928 907 954 καὶ
916 928 996 960 δντας

208 970 279 1004 ἡμᾶς
294 971 408 1006 νεκροὺς
422 972 479 1003 τοῖς
502 972 735 1007 παραπτώμασιν,
763 973 996 1009 συνεζωοποίησεν

207 1017 236 1043 ἐν
249 1016 289 1051 τῷ
302 1017 423 1052 Χριστῷ.
439 1018 538 1052 Χάριτί
563 1019 623 1044 ἐστε
638 1019 816 1054 σεσωσμένοι.
839 1029 849 1046 ι

247 1060 344 1096 Tum,
359 1062 437 1096 φησι,
452 1062 517 1094 τοὺς
531 1062 562 1095 ἐξ
577 1063 663 1090 ἐθνῶν
684 1063 841 1099 ἐξαιρέτους
854 1064 933 1097 ὕντας
948 1064 996 1092 τοῦ

208 1106 327 1135 Θανάτου
343 1108 387 1135 διὰ
400 1109 449 1143 τὴν
461 1109 598 1144 ἁμαρτίαν
611 1110 640 1137 ἐν
688 1109 769 1146 ἐζῆτε
784 1110 836 1137 ὑπὸ
851 1111 898 1138 τοῦ
913 1119 997 1147 πονη-

208 1153 255 1188 ροῦ
267 1153 394 1188 δαίμονος
407 1154 454 1180 τοῦ
478 1154 610 1190 ἄρξαντος
626 1156 670 1183 διὰ
683 1156 738 1182 τῶν
761 1157 997 1192 εἰσπορευομένων

207 1199 273 1235 ὑμῖν
300 1200 429 1234 πονηρῶν
453 1201 563 1228 ἐννοιῶν
576 1221 583 1233 ,
602 1201 677 1228 ἐλέου
695 1201 816 1234 ἀξιώσας
836 1203 850 1229 ὁ
866 1202 932 1234 Θεὸς
949 1202 996 1229 καὶ

206 1246 317 1281 χάριτος
343 1245 479 1278 ἑκουσίου,
505 1246 555 1281 τὴν
584 1247 613 1273 ἐν
639 1248 672 1282 τῇ
699 1247 822 1282 ἁμαρτίᾳ
845 1246 997 1282 νεκρότητα

207 1292 286 1325 ὑμῶν
301 1292 449 1327 μετέὸαλεν
466 1294 505 1325 είς
521 1292 594 1328 ζωὴν
608 1293 736 1329 κοινωνίᾳ
745 1295 777 1329 τῇ
789 1293 857 1329 πρὸς
868 1294 914 1321 τὸν
927 1295 997 1330 Χρι-

207 1337 280 1366 στόν.
307 1338 396 1374 Ὅπερ
414 1339 468 1374 γάρ
491 1339 550 1365 ἐστι
576 1339 616 1374 τῷ
631 1339 752 1374 Χριστῷ,
770 1339 850 1366 τοῦτο
865 1340 905 1371 είς
922 1340 996 1375 ἡμᾶς

207 1384 290 1419 χωρεῖ
301 1383 524 1418 συναπτομένους
536 1383 620 1418 αὐτῷ.
634 1384 689 1411 Καὶ
703 1384 767 1416 τοὺς
789 1383 900 1419 ἔχοντας
914 1383 942 1410 δὲ
955 1384 998 1410 νό-

208 1437 268 1463 μον,
290 1428 325 1454 τὰ
354 1429 435 1464 ὅμοια
464 1428 518 1461 τῶν
543 1429 627 1456 ἐθνῶν
652 1428 826 1462 πεπονθέναι,
853 1429 997 1464 φησὶν,ιν

206 1475 375 1510 ἁμαρτίαις,
401 1475 445 1501 ἴνα
469 1475 500 1502 τὸ
520 1474 634 1510 μέγεθος
657 1474 809 1510 ἐνδείξηται
827 1474 878 1509 τῆς
891 1474 996 1510 δωρεᾶς

205 1520 252 1547 τοῦ
266 1520 353 1552 Θεοῦ,
369 1520 411 1547 ὅτι
425 1520 490 1552 τοὺς
513 1521 618 1553 πάντας
641 1521 846 1557 κρατουμένους
869 1521 921 1548 ὑπὸ
948 1521 997 1558 τῆς

205 1565 308 1601 φθορᾶς
318 1565 440 1593 διέσωσε.

242 1620 252 1637 ι
272 1612 327 1638 Καὶ
345 1613 490 1647 συνήγειρε
503 1612 551 1639 καὶ
566 1612 746 1640 συνεκάθισεν
760 1613 790 1639 ἐν
804 1615 860 1645 τοῖς
875 1614 994 1648 ἐπουρα-

204 1657 312 1689 νίοιςλὲν
326 1657 436 1693 Χριστῷ
459 1658 558 1693 Ἰησοῦ,
571 1659 616 1685 ἵνα
631 1658 782 1694 ἐνδείξηται
797 1660 826 1685 ἐν
841 1660 898 1691 τοῖς
914 1660 994 1687 αίῶσι

204 1705 260 1735 τοῖς
284 1704 478 1739 ἐπερχομένοις
503 1704 549 1731 τὸν
579 1703 784 1740 ὑπερϐάλλοντα
813 1704 929 1732 πλοῦτον
945 1706 994 1741 τῆς

205 1749 313 1783 χάριτος
326 1748 409 1776 αὐτοῦ
421 1769 429 1781 ,
443 1749 473 1776 ὲν
490 1750 655 1786 χρηστότητι
678 1751 721 1785 ἐφ’
741 1751 815 1786 ἡμᾶς
841 1751 869 1777 ἐν
883 1750 994 1786 Χριστῷ

205 1792 302 1829 Ἰησοῦ.
321 1793 360 1830 Τῇ
381 1794 435 1831 γὰρ
451 1795 544 1830 χάριτί
568 1797 631 1822 ἐστε
647 1796 816 1832 σεσωσμένοι
830 1797 873 1824 διὰ
884 1798 931 1832 τῆς
946 1798 991 1823 πί-

205 1848 301 1872 στεως,
316 1841 364 1867 καὶ
373 1841 453 1868 τοῦτο
463 1842 513 1868 οὐκ
527 1840 558 1874 ἐξ
575 1842 664 1878 ήμῶν.
689 1851 698 1868 ι

239 1886 311 1921 Σάρξ
326 1888 410 1922 ἐσμεν
418 1887 466 1927 τοῦ
483 1888 612 1923 Χριστοῦ,
624 1889 672 1915 καὶ
687 1889 764 1924 μέλη,
783 1889 829 1916 καὶ
842 1889 933 1924 σῶμα,
946 1890 994 1916 καὶ

204 1933 326 1968 κεφαλὴν
344 1934 424 1969 ἡμῶν
449 1934 530 1961 αὑτὸν
554 1934 654 1962 ἔδωκεν
669 1936 684 1962 ό
703 1935 809 1971 Πατήρ.
825 1935 893 1971 Ἤδη
909 1936 993 1970 ἐσμὲν

204 1978 233 2005 ἐν
244 1978 362 2014 οὐρανῷ,
378 1979 446 2006 καθό
459 1980 542 2015 ἐσμεν
567 1980 597 2006 ἐν
615 1979 735 2016 Χριστῷ,
752 1981 799 2006 καὶ
811 1980 866 2007 τῶν
878 1981 991 2015 ἀγαθῶν

203 2022 253 2058 τὴν
267 2023 416 2056 ἀπόλαυσιν
429 2024 526 2059 ἕξομεν
541 2026 582 2057 εἰς
596 2025 720 2061 ὕστερον,
732 2026 777 2052 ὅτε
792 2026 826 2052 τὰ
841 2027 870 2052 ὲν
881 2027 993 2062 Χριστῷ

204 2070 295 2104 ἁγαθά
306 2070 428 2107 πρόεισιν
440 2072 480 2102 είς
490 2072 519 2098 τὸ
533 2073 663 2107 ἐμφανὲς,
678 2072 833 2108 ἀνεξήγητα
845 2073 910 2100 ὄντα
923 2074 992 2106 νυνὶ,

204 2115 252 2142 καὶ
264 2116 484 2152 ἀνεξαρίθμηταν
502 2117 542 2144 διὸ
567 2119 614 2144 καὶ
630 2118 746 2145 πλοῦτον
760 2118 841 2145 αὑτὸν
852 2118 926 2154 λέγει
943 2119 992 2154 χά-

206 2169 279 2196 ριτος
294 2162 510 2198 ὑπερϐάλλοντα.

243 2261 254 2277 ι
270 2250 337 2278 Θεοῦ
349 2251 379 2278 τὺ
394 2251 491 2287 δῶρον.
511 2262 520 2277 ι

239 2297 337 2333 Χάρις,
349 2298 379 2325 τὸ
395 2298 471 2333 παρά
485 2298 562 2329 Θεοῦ,
579 2298 680 2331 πίστις,
690 2299 720 2326 τὸ
734 2301 797 2335 παρ’
812 2299 900 2334 ἡμῶν.
911 2299 994 2327 Ὅθεν

205 2340 251 2370 οὖν
262 2342 303 2376 οἷς
319 2345 356 2380 μὴ
368 2345 483 2380 πάρεστι
493 2345 524 2372 τὸ
536 2345 671 2376 δεκτικὸν,
689 2346 750 2373 οὐδὲ
775 2347 791 2381 ἡ
806 2346 886 2382 χάρις
906 2355 994 2382 παρα-

205 2389 319 2423 γίνεται.
335 2391 392 2417 Οὐκ
408 2391 437 2424 ἐξ
454 2390 533 2426 ἡμῶν
546 2389 604 2423 οὖν,
618 2391 685 2418 ἀλλὰ
700 2391 768 2418 Θεοῦ
783 2392 909 2428 ὼδῶρον
919 2400 925 2407 ·
944 2393 994 2419 οὐκ

205 2435 235 2461 ὲν
255 2435 293 2470 τῷ
311 2435 487 2470 λαμϐάνοντι,
505 2437 563 2464 ἀλλ’
578 2438 608 2464 ἐν
620 2437 659 2473 τῷ
674 2437 784 2469 διδόντι,
802 2438 832 2465 τὸ
846 2438 993 2474 εὐεργετῆ-

205 2489 263 2508 σαι.

244 2588 254 2604 ι
273 2577 330 2604 Οὐκ
343 2577 372 2611 ἐξ
392 2577 489 2613 ἔργων,
504 2579 548 2605 ἵνα
563 2580 601 2616 μή
618 2588 660 2611 τις
675 2581 856 2616 καυχήσηται.
876 2590 886 2606 ι

243 2622 305 2650 Ὀτι
319 2622 366 2649 καὶ
380 2623 434 2649 τῶν
453 2622 541 2658 ἔργων
556 2624 651 2657 ὄντων,
664 2625 713 2652 οὐχ
728 2625 758 2658 ἐξ
776 2625 864 2652 αὐτῶν
879 2626 895 2661 ὴ
908 2633 994 2661 σωτη-

209 2669 263 2704 ρία,
282 2669 330 2696 καὶ
348 2668 384 2705 μὴ
399 2669 494 2701 ὄντων,
517 2671 681 2705 παρεγένετο
695 2673 751 2703 τοῖς
765 2672 925 2698 πιστεύσασι
945 2672 994 2706 τῆς

209 2715 344 2750 σωτηρίας
361 2715 377 2751 ἡ
394 2715 535 2743 κοινωνία.

243 2780 253 2797 ι
270 2771 358 2798 Αὐτοῦ
372 2771 425 2806 γάρ
442 2772 524 2806 ἐσμεν
537 2772 654 2808 ποίημα,
670 2773 826 2806 κτισθέντες
843 2776 871 2801 ἐν
882 2775 994 2810 Χριστῷ

212 2816 300 2852 Ἰησοῦ
315 2817 358 2843 ἐπ’
372 2817 462 2852 ἔργοις
476 2817 601 2851 ἀγαθοῖς.
618 2815 658 2849 οἷς
672 2819 873 2855 προητοίμασεν
890 2820 904 2847 ό
916 2820 991 2852 Θεὸς,

209 2859 251 2889 ἵνα
262 2861 290 2887 ὲν
306 2862 397 2894 αὐτοῖς
412 2862 655 2896 περιπατήσωμεν,
675 2871 685 2889 ι

1048 928 1130 954 miam
1148 928 1308 955 charitatem
1335 935 1414 956 suam
1434 929 1512 963 181
1531 934 1584 963 qua
1607 927 1704 954 dilexit
1729 934 1790 958 nos,
1809 931 1837 953 et

1047 980 1109 1000 cum
1120 980 1245 1001 essemus
1256 974 1358 1000 mortui
1373 974 1505 1008 peccatis,
1522 973 1726 1001 eonvivillcavit
1739 979 1790 1000 nos
1805 972 1833 998 in

1047 1017 1278 1053 Christouratia
1294 1019 1363 1046 estis
1384 1019 1494 1046 salvati.
1518 1028 1528 1044 ›

1083 1063 1138 1091 Vos
1153 1063 1281 1098 gentiles,
1300 1064 1400 1098 inquit,
1418 1071 1479 1091 cum
1503 1063 1608 1090 addicti
1622 1063 1723 1090 essetis
1751 1061 1836 1089 morti

1047 1114 1160 1144 propter
1177 1113 1322 1144 peccatum
1340 1111 1369 1137 in
1395 1116 1451 1144 quo
1467 1109 1612 1141 vivebatis,
1633 1107 1714 1143 cujus
1726 1108 1833 1135 dtemon

1046 1154 1188 1188 improbus
1199 1154 1292 1189 pravis
1306 1153 1522 1190 cogitationibus
1535 1153 1646 1188 injectis
1654 1157 1750 1180 auctor
1763 1157 1834 1184 erat,

1047 1200 1237 1227 misericordia
1254 1200 1378 1235 dignavit
1394 1199 1477 1232 Deus,
1490 1200 1671 1234 ultroneaqne
1689 1199 1786 1234 gratia,
1804 1206 1837 1226 ac

1046 1248 1166 1272 vestram
1179 1245 1207 1272 in
1224 1249 1337 1279 peccato
1351 1246 1681 1273 mortalitatem'mutavit
1695 1246 1723 1272 in
1739 1245 1834 1277 vitam,

1046 1297 1096 1325 per
1121 1290 1291 1318 consortium
1322 1299 1385 1318 cum
1403 1291 1525 1319 Christo.
1541 1290 1610 1318 Nam
1637 1291 1709 1327 quod
1725 1291 1836 1318 Christo

1047 1336 1188 1370 proprium
1207 1340 1259 1370 est,
1278 1336 1330 1364 hoc
1352 1337 1385 1364 ad
1402 1344 1452 1364 nos
1466 1332 1684 1371 derivatnrfqni
1701 1336 1753 1371 ipsi
1767 1343 1837 1363 eon-

1044 1381 1200 1416 jungimur.
1215 1381 1318 1417 Aitque
1332 1390 1381 1410 eos
1407 1383 1453 1418 qui
1468 1383 1554 1417 legem
1568 1382 1716 1414 habebant,
1736 1381 1836 1409 similia

1047 1434 1079 1454 ac
1104 1428 1220 1463 gentiles
1236 1435 1335 1462 passos
1352 1432 1469 1463 propter
1487 1432 1611 1463 peccata,
1628 1433 1658 1456 ut
1678 1428 1838 1455 ostendere-

1047 1476 1092 1499 tur
1115 1473 1272 1508 magnitudo
1303 1473 1389 1501 divini
1423 1474 1558 1506 muneris,
1589 1481 1644 1508 qua
1674 1479 1770 1501 omnes
1784 1472 1832 1508 qui

1047 1522 1184 1554 corruptae
1195 1519 1311 1554 subjecti
1325 1523 1415 1553 erant,
1429 1520 1521 1547 salvos
1536 1519 1611 1547 fecit.

1078 1619 1162 1647 Vens.
1180 1619 1233 1648 6-8.
1253 1629 1262 1646 (
1285 1618 1316 1646 Et
1337 1620 1606 1647 conresuscitavitet
1619 1619 1771 1648 consedere
1790 1619 1833 1648 fe-

1045 1666 1082 1693 cit
1097 1666 1124 1694 in
1151 1666 1312 1695 caelestibus
1331 1667 1359 1694 in
1383 1666 1496 1694 Christo
1512 1666 1590 1699 Jesn,
1611 1670 1642 1694 ut
1671 1666 1835 1694 ostenderet

1045 1713 1155 1740 saeculis
1167 1712 1427 1748 supervenientibus
1447 1712 1620 1740 abundantes
1639 1711 1752 1740 divitias
1770 1720 1835 1747 gra-

1045 1759 1090 1786 tia:
1116 1766 1182 1792 suae,
1211 1759 1237 1786 in
1262 1759 1385 1786 bonitate
1415 1767 1497 1793 super
1519 1767 1569 1786 nos
1586 1759 1612 1786 in
1631 1758 1743 1786 Christo
1758 1757 1835 1786 Jesu.

1044 1804 1137 1832 Gratia
1163 1806 1230 1833 estis
1245 1805 1348 1833 salvati
1363 1813 1411 1840 per
1425 1805 1518 1837 iidem,
1543 1809 1570 1832 et
1585 1807 1639 1832 hoc
1660 1813 1716 1832 non
1733 1813 1767 1832 ex
1786 1813 1836 1833 vo-

1045 1851 1099 1879 bis.
1121 1860 1130 1877 ν
1199 1860 1201 1862 '
1541 1886 1554 1893 Ι,

1079 1896 1150 1924 Caro
1167 1904 1262 1925 sumus
1275 1896 1389 1930 Christi,
1405 1897 1528 1924 membra
1541 1890 1664 1932 "quoque
1678 1901 1703 1925 et
1717 1904 1834 1932 corpus;

1045 1943 1172 1979 huncque
1187 1942 1268 1970 Pater
1282 1943 1363 1970 nobis
1391 1946 1473 1978 caput
1502 1942 1591 1971 dedit.
1618 1942 1679 1970 1am
1696 1950 1792 1971 sumus
1808 1943 1837 1970 in

1044 1988 1126 2021 caelo,
1156 1992 1293 2024 quatenus
1310 1996 1405 2016 sumus
1418 1988 1446 2014 in
1468 1988 1591 2021 Christo,
1609 1996 1640 2015 ac
1661 1988 1768 2016 tandem
1786 1990 1836 2016 bo-

1044 2041 1142 2060 norum
1173 2037 1312 2068 compotes
1327 2033 1444 2063 erimus,
1470 2033 1583 2066 quando
1608 2032 1683 2060 bona
1712 2033 1758 2060 illa
1774 2041 1836 2067 qua:

1044 2077 1171 2105 Christus
1187 2077 1346 2112 acquisivit,
1369 2085 1484 2112 quaeque
1500 2085 1574 2105 nunc
1587 2078 1792 2114 inexplicabilia
1808 2083 1836 2106 et

1044 2130 1161 2150 numero
1197 2122 1304 2157 majora
1329 2126 1404 2155 sunt,
1435 2123 1462 2150 in
1494 2127 1619 2158 apertum
1648 2123 1832 2158 proferentur.

1044 2169 1179 2202 Qnoeirea
1195 2169 1253 2196 haec
1268 2169 1326 2204 ipsa
1345 2173 1437 2202 vocat,
1451 2169 1618 2196 abundantes
1637 2168 1745 2197 divitias
1772 2178 1836 2205 gra--

1010 2234 1031 2261 υ
1047 2215 1100 2242 tite.

1084 2271 1093 2287 ‹
1112 2261 1157 2289 Dei
1173 2261 1276 2289 donum
1290 2266 1342 2290 est.
1359 2271 1368 2287 ›

1081 2305 1177 2333 Gratia
1196 2309 1239 2334 est
1253 2306 1281 2334 id
1302 2306 1376 2341 quod
1390 2309 1432 2334 est
1446 2313 1461 2333 a
1475 2305 1531 2333 Deo
1551 2314 1558 2333 :
1578 2305 1647 2333 ﬁdes
1659 2309 1748 2333 autem
1768 2305 1835 2332 illud

1046 2353 1119 2389 quod
1147 2357 1296 2389 praestatur
1325 2361 1340 2380 a
1365 2353 1458 2381 nobis.
1475 2352 1555 2380 Unde
1571 2352 1672 2387 quibus
1689 2359 1744 2379 non
1758 2352 1831 2378 inest

1046 2407 1100 2433 quo
1129 2399 1291 2433 suscipiant,
1319 2405 1370 2426 nec
1385 2397 1471 2433 gratia
1488 2398 1682 2432 subsequitur.
1698 2395 1757 2423 Non
1770 2403 1836 2432 ergo

1045 2452 1076 2471 ex
1094 2444 1175 2472 nobis
1185 2443 1257 2471 hanc
1270 2443 1473 2478 habelnus,_sed
1489 2443 1534 2471 Dei
1551 2443 1652 2470 donum
1667 2445 1708 2469 est
1721 2450 1728 2474 ;
1743 2449 1832 2475 neque

1045 2489 1230 2517 beneﬁcentia
1245 2497 1329 2525 penes
1341 2489 1419 2516 illum
1434 2492 1477 2516 est
1494 2488 1540 2524 qui
1559 2487 1671 2523 accipit,
1689 2487 1736 2515 sed
1750 2494 1834 2522 penes

1045 2535 1219 2569 largitorem.

1081 2579 1163 2608 Vens.
1176 2581 1202 2607 9.
1227 2590 1236 2605 ι
1250 2579 1311 2607 Non
1327 2587 1360 2607 ex
1373 2579 1516 2613 operibus.
1533 2585 1566 2605 ne
1578 2579 1639 2612 quis
1654 2577 1798 2613 glorietur.
1821 2586 1830 2602 ι

1081 2627 1151 2660 Quia
1175 2627 1305 2654 nimirum
1335 2634 1398 2654 cum
1417 2626 1568 2654 ederentur
1585 2633 1680 2660 opera,
1697 2628 1774 2660 parta
1800 2632 1831 2652 ex

1046 2672 1100 2700 illis
1113 2672 1189 2699 salus
1206 2680 1261 2699 non
1279 2676 1332 2704 est,
1343 2675 1370 2699 et
1382 2671 1444 2699 sine
1460 2671 1503 2698 his
1523 2670 1742 2698 communicatio
1759 2670 1831 2698 facta

1045 2721 1088 2745 est
1098 2717 1196 2744 salutis
1210 2717 1266 2744 illis
1279 2718 1325 2751 qui
1337 2717 1528 2744 crediderunt.

1080 2774 1162 2802 Vens.
1187 2774 1231 2801 10.
1250 2783 1259 2799 ι
1274 2773 1364 2808 ipsius
1395 2773 1469 2801 enim
1493 2773 1599 2801 tactura
1617 2780 1724 2806 sumus,
1746 2772 1832 2800 creati

1046 2821 1074 2848 in
1087 2820 1197 2848 Christo
1212 2821 1239 2847 in
1259 2820 1392 2855 operibus
1405 2821 1486 2849 bouis
1501 2828 1562 2858 quin
1578 2819 1744 2857 praeparavit
1759 2817 1832 2847 Deus

1047 2870 1076 2893 ut
1092 2867 1119 2893 in
1135 2865 1203 2902 ipsis
1220 2866 1404 2895 ambulemus.
1421 2876 1430 2894 ι
