2077 3114
237 124 286 157 831

839 132 871 162 S.
885 129 1045 162 JOANNIS
1069 129 1283 160 DAMASCENI

1815 132 1867 164 832

274 178 333 206 Non
348 186 410 212 nos,
422 180 556 215 inquit,in
573 187 672 208 novam
694 186 850 211 creaturam
860 184 911 219 ipsi
925 184 1025 211 forma-

1114 184 1169 219 Οὐχ
1184 184 1307 216 ἑαυτοὺς,
1323 183 1402 219 φησι,
1417 184 1514 220 καινὴν
1531 184 1619 211 κτίσιν
1632 184 1846 221 ἀπεργαζόμεθα
1857 195 1866 204 ι

238 223 337 250 vimus.
349 220 444 258 Neque
454 224 525 250 cnim
543 224 595 251 hoc
612 224 668 251 tieri
687 229 805 259 poterat.
821 226 872 254 Sed
887 227 960 254 Deus
972 231 1024 259 est,

238 269 285 303 qui
302 276 352 296 nos
377 273 451 296 creat
464 270 492 295 in
508 269 633 304 Christo,
648 271 728 305 cujus
743 271 954 300 similitudinem
971 281 1024 300 ex-

239 314 384 349 primimus
406 314 563 342 imitatione
584 323 698 350 operum
725 325 785 351 quae
801 318 860 352 ipse
875 319 975 353 gessit,
996 322 1025 345 ut

239 362 405 392 praepararet
419 358 501 387 nobis
515 359 558 386 sui
575 360 813 396 participationem
833 366 859 389 et
872 362 1024 390 conformi-

238 407 333 430 latent.

273 447 356 476 Vsas.
370 448 415 477 Η.
436 458 445 476 ι
466 449 581 486 Propter
595 452 668 486 quod
697 460 832 482 memores
848 459 936 482 estote
951 455 1024 490 quod

238 494 388 530 aliquando
403 504 454 525 vos
469 502 566 533 gentes
576 501 604 527 in
620 507 716 528 carne.
731 510 740 526 ι

273 541 407 574 Quoniam
421 544 578 572 recordatio
606 546 811 580 praeteritorum
826 546 859 574 ad
874 551 968 582 grates
991 547 1025 574 de

240 588 422 622 przesentibus
459 589 600 618 habendas
628 599 680 620 nos
708 597 866 626 comparat,
899 593 1025 621 hortatur

238 632 371 668 Ephesios
382 638 412 661 ut
423 635 531 662 illorum
549 637 777 667 reminiscautur.

275 689 286 705 ι
303 679 355 712 Qui
377 679 505 708 dicimini
536 683 712 717 praeputium,
731 684 765 712 ab
784 691 816 712 ea
833 692 894 719 quae
918 685 1025 712 dicitur

238 727 415 754 circumcisio
440 727 468 755 in
506 736 609 761 carne,
641 729 800 758 manufacta
824 729 946 767 τινας.
973 731 1024 767 12]

237 772 302 806 quia
326 773 411 800 eratis
434 773 482 801 illo
494 774 521 801 in
535 776 729 810 temporesine
746 776 867 809 Christo,
881 777 991 805 alienati
1010 786 1025 804 ε

237 817 555 852 conversationelsrael,
570 824 598 848 et
614 821 739 856 hospites
755 826 993 850 testamentorum.
1011 833 1021 849 ι

273 862 388 898 Propria
396 866 487 893 carnis
496 870 572 899 sunt,
582 871 639 894 tum
651 868 824 902 praeputium,
836 872 892 896 tum
902 870 1006 897 circum
1014 884 1023 890 -
1039 852 1061 881 Β

237 908 317 936 cisio.
331 904 465 938 Craterum
490 912 613 940 carnalia
633 920 697 941 vere
720 922 774 941 non
789 916 934 943 exsistunt.
951 915 1025 949 Qua-

237 958 352 989 propter
371 963 403 983 ea
419 957 474 983 dici
487 958 536 984 ait.
553 957 673 986 Noverat
691 960 793 995 quippe
806 961 885 996 182
902 962 1024 989 circum-

237 999 372 1041 cisionem
393 1009 498 1034 veram,
515 1011 568 1038 qua
583 1004 611 1031 in
633 1005 718 1032 corde
734 1006 1023 1041 circumamputentur

234 1053 408 1081 quaecunque
425 1052 524 1082 praeter
554 1051 713 1089 naturalem
729 1052 956 1079 constitutionem
973 1052 1023 1080 ad-

236 1095 300 1118 nata
336 1096 411 1120 sunt.
433 1093 510 1126 Quod
538 1095 561 1122 si
577 1095 628 1123 hoc
646 1097 754 1131 proprie
769 1097 947 1126 circumcisio
962 1101 1016 1131 est,

235 1138 398 1173 praeputium
419 1147 513 1168 verum
531 1141 601 1169 nihil
615 1142 690 1170 aliud
703 1147 758 1179 est,
773 1143 827 1172 nisi
845 1151 909 1172 vera
927 1144 1022 1173 cordis

235 1183 419 1211 immunditia.

272 1237 281 1254 ι
294 1228 489 1260 Promissionis
504 1239 579 1267 spem
592 1240 647 1261 non
659 1234 802 1268 habentes,
810 1239 838 1263 et
849 1235 909 1263 sine
923 1235 978 1264 Deo
993 1236 1020 1264 in

235 1273 287 1301 hoc
301 1275 414 1303 mundo.
433 1285 444 1301 ι

265 1319 388 1349 Diversae
402 1322 514 1358 quidem
537 1324 742 1359 promissiones
758 1331 835 1359 sunt,
853 1329 882 1353 ut
897 1330 925 1354 et
937 1331 1022 1355 testa~

234 1370 335 1393 menta.
352 1366 440 1395 Unam
457 1375 525 1396 vero
541 1369 614 1397 hanc
628 1372 865 1406 commemoravit,
881 1377 1018 1408 quatenus

234 1411 361 1441 Christus
375 1421 471 1443 omnes
485 1415 512 1442 in
527 1423 612 1443 unum
629 1416 782 1452 conjungit.

269 1457 351 1487 Vens.
367 1459 410 1488 15.
424 1469 434 1486 ι
454 1459 533 1488 Nunc
546 1465 638 1489 autem
663 1462 692 1489 in
704 1462 815 1490 Christo
830 1462 895 1491 Iesu
907 1471 957 1492 vos
974 1464 1020 1499 qui

234 1504 318 1532 eratis
329 1505 420 1541 longe,
433 1505 501 1534 facti
515 1507 585 1535 estis
602 1514 688 1542 prope
703 1507 730 1535 in
743 1508 877 1552 sanguine
887 1509 999 1536 Christi.
1009 1518 1018 1535 ι
1035 1522 1057 1552 c

273 1547 365 1584 Longe
378 1556 489 1577 eramus
508 1557 522 1577 a
533 1550 656 1582 Christo,
673 1551 770 1578 mundi
789 1551 871 1586 hujus
887 1552 1021 1581 institutis

234 1599 262 1621 et
292 1594 416 1623 moribus
433 1596 564 1630 separati.
579 1595 682 1624 Horum
714 1598 890 1626 abolitionem
901 1600 1021 1634 patravit

236 1645 311 1665 mors
327 1637 440 1670 Christi,
451 1643 478 1666 et
496 1639 543 1674 qui
560 1640 624 1668 huic
638 1639 859 1675 conformantur,
873 1650 927 1670 non
943 1643 1023 1678 longe

236 1682 354 1717 amplius
366 1687 430 1711 sunt
443 1691 458 1710 ιι
468 1683 535 1717 Deo,
546 1685 594 1713 sed
606 1686 724 1720 proximi
736 1686 806 1714 fiunt
815 1695 863 1722 per
872 1687 1021 1723 Spiritum;

236 1728 335 1756 conﬁxi
351 1729 481 1758 nimirum
496 1731 573 1759 cruci
585 1739 648 1760 cum
660 1732 772 1761 Christo
780 1733 814 1766 “,
830 1738 861 1761 ut
876 1733 1024 1769 Apostolus

237 1775 307 1803 idem
324 1775 455 1811 loquitur.

272 1820 355 1850 Vens.
384 1823 429 1855 M,
442 1823 486 1851 i5.
512 1833 521 1849 ι
537 1823 597 1859 Ipse
613 1825 688 1852 enim
713 1828 756 1853 est
784 1832 837 1860 pax
853 1830 960 1859 nostra,
975 1826 1022 1861 qui

235 1867 300 1895 fecit
316 1873 433 1903 utraque
451 1877 547 1900 unum,
561 1872 588 1896 et
603 1870 725 1898 medium
743 1871 876 1905 parietem
893 1873 1024 1900 maceriae

236 1911 401 1946 dissolvens,
416 1912 578 1941 inimicitias
592 1913 619 1941 in
635 1921 720 1943 carne
735 1923 798 1948 sua,
815 1915 900 1951 legero
910 1917 1023 1945 manda-

237 1961 326 1984 torum
343 1957 370 1985 in
385 1958 507 1987 decretis
525 1967 675 1992 evacuans.
695 1965 724 1988 ut
739 1961 810 1989 duos
825 1961 927 1989 condat
940 1962 968 1990 in
981 1971 1023 1992 se-

236 2004 364 2038 metipso.
384 2013 393 2030 ι

274 2049 302 2076 ld
322 2050 396 2086 quod
412 2052 570 2086 separabat,
582 2052 722 2081 sublatum
738 2057 809 2082 este
822 2055 913 2084 medio
930 2056 1023 2091 :quod

236 2095 347 2131 quidem
362 2101 405 2124 est
419 2105 485 2125 caro
500 2099 559 2134 ipsa
575 2104 688 2134 propter
702 2106 845 2135 peccatum
863 2103 890 2129 in
905 2110 938 2129 ea
952 2103 1023 2130 resi-

236 2141 305 2170 dcns
321 2151 328 2168 :
345 2143 444 2179 quippe
477 2152 539 2179 quae
567 2145 698 2173 intutum
728 2147 863 2175 alienaret
884 2147 946 2176 illos
975 2148 1021 2183 qui

1076 229 1138 255 οὐδὲ
1154 229 1208 265 γὰρ
1222 229 1345 256 δυνατόν.
1364 229 1434 256 Ἀλλ’
1448 231 1462 256 ὁ
1479 229 1579 261 κτίζων
1600 230 1673 265 ἡμᾶς
1687 230 1745 257 ἐστι
1757 230 1823 263 Θεὸς
1838 234 1867 259 ἐν

1076 275 1199 310 Χριστῷ,
1218 272 1247 302 οὗ
1263 275 1312 311 τὴν
1335 275 1465 311 ὁμοίωσιν
1487 275 1668 312 ἐπιτελοῦμεν
1695 278 1728 312 τῇ
1750 278 1866 313 μιμήσει

1075 321 1130 347 τῶν
1158 321 1257 357 ἔργων,
1277 320 1350 357 ἅπερ
1376 321 1458 353 αὐτὸς
1485 322 1642 357 εἰργάσατο,
1659 323 1867 358 προετοιμάζων

1076 364 1143 401 ἡμῖν
1156 366 1206 401 τὴν
1219 366 1373 402 μετάληψιν
1387 366 1434 393 καὶ
1446 366 1587 402 ὁμοίωσιν.

1114 463 1125 479 ι
1145 453 1192 480 Διὺ
1208 452 1393 489 μνημονεύετε
1407 474 1415 487 ,
1435 454 1476 481 ὃτι
1505 454 1585 490 ὑμεῖς
1609 457 1675 481 ποτέ
1697 455 1731 482 τὰ
1758 455 1823 492 ἔθνη
1836 457 1866 483 ἐν

1077 500 1169 534 σαρκί.
1192 509 1201 525 ι

1111 545 1224 578 Ἐπειδὴ
1251 547 1268 580 ἡ
1289 545 1344 573 τῶν
1359 546 1501 582 προτέρων
1516 546 1669 582 ἀνάμνησις
1685 546 1736 582 τὴν
1748 548 1794 574 ἐπὶ
1816 547 1864 574 τοῦ

1076 590 1210 625 παρόντος
1236 590 1412 625 εὐχαριστίαν
1437 591 1653 624 κατασκευάζει,
1683 591 1864 627 μνημονεύειν

1075 635 1189 661 ἐκείνων
1206 634 1432 670 παρακελεύεται.

1113 690 1124 706 ι
1142 681 1174 707 Οί
1203 680 1346 715 λεγόμενοι
1372 681 1540 717 ἀκροϐυστία
1568 681 1621 708 ἀπὸ
1647 681 1696 716 τῆς
1714 681 1864 718 λεγομένης

1075 728 1228 762 περιτομῆς
1249 727 1278 753 ἐν
1304 727 1388 762 σαρκὶ
1415 727 1621 763 χειροποιήτου-
1653 728 1693 754 ὅτι
1710 728 1759 763 ἦτε
1778 729 1807 754 ἐν
1826 729 1865 764 τῷ

1076 771 1166 808 καιρῷ
1181 772 1278 808 ἐκείνῳ
1301 773 1386 808 χωρὶς
1405 772 1535 808 Χριστοῦ,
1551 773 1803 810 ἀπηλλοτριωμένοι
1814 775 1864 809 τῆς

1076 817 1215 850 πολιτείας
1227 818 1274 845 τοῦ
1290 818 1411 854 Ἰσραὴλ,
1428 819 1476 845 καὶ
1490 818 1560 851 ξένοι
1579 819 1632 846 τῶν
1647 819 1794 856 διαθηκῶν.
1815 830 1826 846 ο

1110 864 1246 899 Σαρκικδν
1261 863 1385 899 ίδίωμαή
1397 864 1564 899 ἀκροϐυστία
1576 865 1623 892 καὶ
1634 865 1650 900 ή
1665 866 1798 901 περιτομή
1811 874 1817 881 ·
1829 866 1863 893 τὰ

1073 909 1103 936 δέ
1119 909 1238 945 σαρκικὰ
1261 910 1311 936 οὐκ
1333 910 1419 941 ὅντως
1434 909 1499 937 ὄντα
1514 911 1583 937 ἐστί.
1600 911 1647 937 Διὸ
1661 912 1808 946 λεγόμενα
1822 908 1862 938 εἷ-

1074 964 1125 982 πεν
1139 955 1219 982 αὑτά.
1246 954 1307 982 Οἵδε
1334 955 1389 991 γὰρ
1404 955 1454 991 τὴν
1468 956 1556 992 ἀληθῆ
1582 957 1743 992 περιτομὴν,
1769 956 1818 992 τὴν
1833 958 1863 984 ἐν

1073 1001 1174 1037 καρδίᾳ
1185 1001 1356 1036 περιαίρεσιν
1364 1001 1418 1028 τῶν
1426 1002 1623 1037 ἐπιγινομένων
1635 1004 1667 1038 τῇ
1678 1002 1776 1038 καρδίᾳ
1788 1003 1863 1037 παρὰ

1073 1046 1122 1082 τὴν
1141 1046 1260 1081 φυσικὴν
1273 1047 1457 1082 κατασκευήν.
1469 1047 1501 1074 Et
1513 1047 1541 1073 δὲ
1558 1047 1637 1074 τοῦτο
1649 1048 1784 1084 περιτομὴ
1795 1048 1863 1083 ἀλη-

1074 1093 1138 1128 θὴς,
1156 1092 1324 1127 ἀκροϐυστία
1338 1092 1442 1128 ἀληθής
1466 1093 1541 1121 ἐστιν
1555 1094 1572 1129 ἡ
1595 1093 1646 1129 τῆς
1662 1087 1778 1129 καρδίας
1792 1095 1863 1121 ἀκαο

1073 1140 1184 1175 θαρσία.

1111 1240 1120 1256 ι
1140 1231 1196 1266 Τῆς
1224 1231 1391 1265 ἐπαγγελίας
1417 1229 1514 1257 ἐλπίδα
1537 1229 1574 1265 μὴ
1591 1229 1708 1265 ἔχοντες,
1727 1232 1773 1256 καὶ
1786 1230 1861 1257 ἄθεοι

1073 1277 1101 1304 ἐν
1114 1277 1154 1311 τῷ
1166 1276 1270 1312 κόσμῳ.
1287 1286 1296 1303 ι

1107 1323 1238 1358 Διάφοροι
1255 1322 1304 1357 μὲν
1319 1323 1347 1349 αἱ
1367 1321 1541 1356 ἐπαγγελίαι,
1553 1321 1647 1357 ὥσπερ
1664 1321 1711 1347 καὶ
1728 1321 1756 1347 at
1769 1320 1862 1355 διαθῆ-

1072 1377 1129 1396 και.
1145 1368 1217 1395 Μίαν
1232 1368 1260 1395 δὲ
1284 1368 1370 1404 αὐτὴν
1395 1366 1455 1395 εἷπε
1466 1387 1474 1401 ,
1492 1367 1560 1395 καθὸ
1576 1367 1681 1398 πάντας
1696 1368 1735 1398 είς
1755 1367 1783 1393 ἒν
1799 1367 1862 1401 ἄγει

1072 1413 1200 1449 Χριστός.

1111 1468 1121 1484 ι
1139 1458 1208 1486 Νυνὶ
1220 1459 1249 1485 ἐν
1264 1458 1375 1494 Χριστῷ
1400 1458 1487 1494 Ἰησοῦ
1501 1459 1581 1494 ὑμεῖς
1597 1458 1623 1484 οἵ
1638 1466 1702 1484 ποτε
1716 1457 1791 1489 ὄντες
1808 1466 1861 1492 μα-

1073 1505 1154 1541 κρὰν,
1172 1505 1256 1540 ἐγγὺς
1267 1504 1417 1540 ἐγενήθητε
1435 1505 1464 1532 ὲν
1474 1504 1514 1540 τῷ
1531 1504 1627 1539 αἵματι
1639 1503 1685 1530 τοῦ
1701 1503 1830 1539 Χριστοῦ,
1849 1513 1862 1529 ι

1108 1551 1226 1586 Μακρὰν
1245 1548 1317 1586 ἦμεν
1328 1550 1395 1577 Θεοῦ
1410 1552 1444 1586 τῇ
1462 1551 1517 1585 ζωῇ
1536 1551 1568 1586 τῇ
1582 1550 1701 1585 κοσμικῇ
1718 1549 1863 1584 διωρισμέ-

1074 1607 1123 1626 νοι.
1140 1597 1248 1634 Ταύτης
1263 1598 1292 1624 δὲ
1305 1598 1382 1624 λύσιν
1399 1597 1547 1632 εἰργάσατο
1560 1597 1574 1622 ό
1592 1596 1707 1626 θάνατος
1726 1595 1774 1622 τοῦ
1793 1596 1861 1630 Χρι-

1075 1643 1151 1677 στοῦ,
1166 1643 1214 1671 καὶ
1225 1645 1249 1670 ot
1263 1643 1351 1679 τούτῳ
1373 1642 1627 1678 σομμορφούμενοι,
1641 1641 1732 1668 οὐκέτι
1753 1641 1864 1676 μακράν

1074 1689 1126 1715 εἰσι
1144 1687 1222 1720 Θεοῦ,
1239 1687 1298 1714 ἀλλ’
1321 1687 1459 1722 ἐγγύτητα
1485 1687 1654 1722 λαμϐάνουσι
1675 1686 1722 1722 τὴν
1736 1687 1765 1712 ἐν
1779 1686 1861 1712 πνεύ-

1076 1743 1150 1770 ματι,
1163 1734 1315 1770 συσταυρού
1320 1743 1396 1770 μενοι
1408 1734 1529 1769 Χριστῷ,
1544 1733 1614 1760 κατὰ
1625 1733 1671 1760 τὸν
1686 1733 1860 1760 ’Λπόστολον.

1113 1832 1123 1848 ι
1143 1822 1230 1854 Αὐτὸς
1245 1822 1300 1858 γάρ
1323 1823 1398 1850 ἐστιν
1411 1823 1428 1858 ή
1445 1823 1540 1858 εἰρήνη
1556 1822 1646 1858 ἡμῶν,
1670 1823 1685 1849 ὁ
1698 1823 1815 1859 ποιήσας
1827 1823 1863 1853 τὰ

1075 1869 1219 1905 ἀμφότερα
1234 1869 1274 1902 ἓν,
1291 1868 1339 1895 καὶ
1356 1868 1387 1895 τὸ
1400 1869 1558 1904 μεσότοιχον
1567 1868 1613 1895 τοῦ
1627 1868 1756 1904 φραγμοῦ
1766 1868 1861 1902 λύσας,

1076 1916 1126 1952 τὴν
1139 1915 1238 1951 ἔχθραν
1256 1915 1285 1941 ἐν
1299 1915 1332 1950 τῇ
1350 1913 1432 1950 σαρκὶ
1453 1912 1546 1946 αὐτοῦ,
1563 1913 1608 1941 τὸν
1623 1913 1705 1949 νόμον
1717 1913 1772 1940 τῶν
1787 1914 1863 1940 ἐντο-

1074 1961 1128 1988 λῶν
1144 1962 1173 1988 ἐν
1185 1961 1301 1996 δόγμασι
1316 1959 1505 1996 καταργήσας,
1530 1959 1575 1986 ἵνα
1599 1960 1663 1991 τοὺς
1676 1959 1723 1986 δύο
1738 1959 1819 1995 κτίσῃ
1834 1960 1862 1985 ἐν

1075 2006 1175 2042 ἐαυτῷ.
1190 2016 1200 2033 ›

1109 2053 1146 2079 Τὸ
1172 2052 1289 2088 διορίζον
1306 2051 1436 2086 ἐξέκοψεν
1463 2052 1495 2078 ἐκ
1514 2050 1609 2086 μέσου,
1636 2051 1705 2086 ὅπερ
1717 2051 1777 2077 ἐστὶ
1793 2050 1861 2085 σὰρξ

1074 2099 1118 2126 διὰ
1129 2099 1179 2134 τὴν
1194 2099 1223 2125 tv
1238 2099 1306 2134 αὐτῇ
1319 2098 1467 2134 ἁμαρτίαν,
1483 2098 1570 2133 πάντη
1585 2097 1634 2132 μὲν
1645 2096 1862 2132 ἀπαλλοτριοῦσα

1074 2143 1138 2174 τοὺς
1154 2143 1214 2169 οὖδέ
1231 2143 1314 2178 νόμου
1342 2142 1542 2178 χωριζομένους
1569 2142 1623 2169 ἀπὸ
1651 2142 1701 2176 τῆς
1728 2142 1863 2178 σαρκικῆς

236 2188 383 2224 ncquidcm
403 2189 471 2224 legis
490 2197 541 2225 ope
560 2197 575 2217 a
588 2191 711 2226 nequitia
725 2193 829 2220 carnali
841 2194 1023 2222 secerneban-

1075 2189 1184 2220 κακίας,
1197 2189 1228 2216 οὗ
1247 2188 1300 2224 μὴν
1311 2189 1371 2215 οὐδὲ
1385 2189 1448 2221 τοὺς
1461 2189 1514 2215 ὑπὸ
1529 2188 1611 2223 νόμον
1630 2188 1711 2219 ὄντας
1724 2188 1861 2223 καθαροὺς

236 2239 298 2267 ιιιι·;
317 2235 382 2269 quin
397 2243 448 2263 nec
463 2243 511 2263 eos
525 2236 573 2272 qui
587 2237 638 2264 sub
652 2238 711 2273 lege
722 2239 852 2274 agebant,
867 2248 953 2275 puros
963 2240 1025 2268 red-

236 2280 312 2308 deret
323 2280 357 2307 ab
365 2280 533 2309 alienatione
541 2290 623 2317 quam
635 2289 778 2319 peccaturo
790 2290 943 2320 pepererat.
955 2286 1026 2319 Quo-

236 2326 310 2352 circa
325 2325 370 2352 ille
384 2326 429 2360 qui
445 2325 584 2355 destruxit
596 2335 751 2363 peccatum,
767 2330 840 2366 quod
851 2338 901 2366 per
913 2337 1024 2359 carnem

237 2371 388 2406 prodierat,
414 2379 469 2399 una
491 2380 603 2408 quoque
621 2374 709 2409 legem
735 2375 763 2402 in
791 2382 876 2403 carne
907 2376 1024 2411 positam

237 2416 359 2445 sustulit.
375 2416 429 2445 Pro
450 2417 510 2452 lege
528 2423 620 2446 autem
650 2419 792 2447 decretum
821 2421 936 2453 invexit,
955 2421 1023 2449 libe-

236 2471 294 2490 ram
311 2463 407 2498 utique
421 2463 506 2491 animi
523 2464 689 2493 voluntatem
704 2465 762 2493 Deo
774 2466 924 2494 serviendi.

273 2507 351 2536 Vera.
370 2508 412 2542 16,
439 2509 483 2536 ΓΙ.
503 2518 513 2535 ι
529 2509 558 2537 In
576 2517 661 2538 unum
687 2518 788 2538 novum
807 2511 958 2544 hominem,
987 2511 1027 2538 fa-

237 2554 312 2581 ciens
327 2561 434 2589 paccm,
450 2558 478 2582 et
492 2556 653 2584 reconciliet
662 2556 759 2584 ambos
780 2557 808 2584 in
829 2564 885 2584 uno
911 2564 1027 2592 corpore

239 2599 294 2627 Deo
307 2607 354 2635 per
369 2607 490 2632 crucem,
508 2601 676 2630 interﬁciens
705 2601 864 2631 inimicitias
880 2603 907 2631 in
924 2607 1022 2632 semet-

239 2644 299 2678 ipso
315 2652 322 2671 :
340 2649 366 2672 et
379 2645 492 2672 veniens
510 2655 519 2672 ι

275 2687 364 2716 Finita
394 2698 443 2724 per
456 2698 566 2719 crucem
582 2692 710 2727 praesenti
725 2695 792 2725 vita,
809 2697 835 2720 ct
859 2694 1022 2722 circumcisa

241 2741 332 2766 carne,
349 2743 421 2763 unus
436 2737 519 2765 homo
545 2739 712 2772 ostenditur,
735 2739 861 2776 quisquis
876 2748 925 2776 per
940 2741 1022 2768 vitam

275 2817 295 2833 “
311 2817 400 2847 Galat.
432 2828 463 2854 η,
484 2822 528 2850 15.

1074 2235 1187 2269 ἀφιεῖσα
1205 2234 1255 2269 τῆς
1277 2233 1311 2261 δι’
1337 2234 1424 2270 αὐτὴν
1452 2233 1666 2269 ἀλλοτριώσεως.
1691 2233 1772 2260 Ὅθεν
1785 2233 1799 2258 6
1813 2233 1862 2269 τὴν

1073 2280 1214 2316 ἁμαρτίαν
1236 2280 1309 2307 λύων
1329 2280 1380 2315 τὴν
1402 2280 1446 2307 διὰ
1462 2280 1572 2315 σαρκὸς,
1588 2279 1647 2315 ἅμα
1660 2279 1708 2306 καὶ
1722 2279 1767 2306 τὸν
1780 2279 1863 2314 νόμον

1075 2326 1195 2362 περιεῖλε
1212 2326 1258 2353 τὸν
1282 2326 1330 2352 ἐπὶ
1357 2327 1440 2361 σαρκὶ
1464 2326 1585 2353 τεθέντα.
1610 2326 1806 2360 ’Δντεισήγαγε
1833 2325 1862 2351 δὲ

1074 2372 1136 2399 ἀντὶ
1150 2372 1233 2407 νόμου
1251 2371 1350 2406 δόγμα,
1373 2371 1443 2407 ὅπερ
1458 2371 1516 2399 ἐστὶ
1528 2371 1558 2398 τὸ
1575 2371 1625 2406 τῆς
1635 2370 1724 2412 ψνχῆς
1739 2371 1863 2397 ἑκούσιον

1074 2419 1115 2450 εἰς
1126 2416 1255 2453 λατρείαν
1267 2416 1346 2443 Θεοῦ.

1112 2515 1123 2532 ε
1143 2506 1190 2537 Et:
1218 2505 1267 2531 ῑνα
1290 2503 1383 2531 καινὸν
1403 2503 1557 2539 ἄνθρωπον,
1579 2504 1663 2530 ποιῶν
1676 2504 1798 2540 εἰρήνην,
1816 2506 1863 2532 καὶ

1074 2550 1287 2586 ἀποκαταλλάξῃ
1312 2550 1376 2581 τοὺς
1391 2549 1563 2585 ἀμφοτέρους
1592 2550 1621 2576 ἐν
1637 2549 1678 2576 ἐνὶ
1701 2550 1806 2585 σώματι
1823 2550 1863 2585 τῷ

1075 2598 1135 2633 Θεῷ
1150 2597 1194 2624 διὰ
1207 2596 1254 2624 ’τοῦ
1272 2596 1400 2632 σταυροῦ,
1417 2595 1581 2628 ἀποκτείνας
1592 2595 1641 2631 τὴν
1654 2595 1754 2631 ἔχθραν
1768 2596 1797 2622 ἐν
1812 2596 1861 2622 αὺ-

1075 2643 1125 2679 τῷ,
1144 2644 1191 2670 καὶ
1203 2642 1297 2670 ἐλθών.
1316 2652 1325 2668 ι
1503 2667 1509 2670 .

1075 2707 1077 2710 -
1113 2690 1167 2717 Τοῦ
1181 2688 1298 2724 σταυροῦ
1313 2688 1398 2724 πέρας
1412 2687 1551 2718 ἐπιθέντος
1566 2687 1599 2722 τῇ
1614 2687 1670 2722 ζωῃ
1681 2687 1714 2722 τῇ
1726 2685 1861 2722 παρούσῃ,

1078 2738 1125 2766 καὶ
1140 2736 1189 2772 τὴν
1207 2736 1297 2771 σάρκα
1321 2733 1527 2769 περιτεμόντος,
1545 2729 1584 2764 εἷς
1599 2732 1742 2768 ἄνθρωπος
1755 2731 1862 2759 ἀποδεί-
