2077 3114
192 129 245 160 ,33

762 123 799 152 ΙΝ
822 122 941 152 EPIST.
962 121 1012 150 AD
1032 121 1230 152 EPHESIOS.

1770 121 1824 155 834

193 195 288 215 χνυται
307 186 360 218 πᾶς
375 185 389 211 ὁ
400 184 470 211 κατὰ
494 182 611 219 Χριστὸν
628 182 910 218 χαρακτηριζόμενος,
926 182 981 208 εἴτε

1049 187 1150 209 iovam,
1182 188 1240 207 sive
1255 179 1283 206 in
1300 180 1513 208 circumcisione
1528 181 1574 214 sit,
1599 181 1658 210 sive
1675 183 1702 209 in
1719 190 1825 218 praepu-

193 234 222 260 ἑν
238 232 387 268 περιτομῇ,
404 231 460 257 εἴτε
483 231 511 256 ὲν
534 228 704 264 ἀκροϐυστίᾳ
719 227 791 254 κατὰ
814 228 864 262 τὴν
887 227 983 256 καινὴν

193 276 276 311 ζωήν.
296 274 410 309 Θανάτῳ
436 274 484 309 μὲν
512 272 559 299 οὖν
575 273 606 299 τὺ
634 272 714 308 σῶμα
741 271 904 306 παραδοθὲν,
934 271 984 307 τὴν

193 320 294 356 ιχθραν
309 319 403 346 ἔλυσεν
418 328 425 334 -
442 319 482 350 εἰς
498 317 570 353 ζωὴν
585 316 614 343 δὲ
630 316 761 349 ἀναστὰν,
776 317 825 352 τὴν
841 316 930 351 φιλίαν
945 317 985 348 είς

192 367 280 394 αίῶνα
295 364 507 393 κατεσκεύασεν.

233 421 243 438 1
257 410 461 446 Εὺηγγελίσατο
484 408 597 444 εἰρήνην
626 407 691 443 ὑμῖν
718 407 774 439 τοῖς
802 407 922 443 μακρὰν,
937 408 984 435 καὶ

196 457 252 489 τοῖς
267 455 362 490 ἐγγύς.
383 464 392 481 ›

232 499 351 536 Μακρὸν
366 498 400 525 τὰ
415 498 490 534 ἔθνη,
504 497 581 532 φησὶ,
591 497 636 524 διὰ
649 497 700 532 τὴν
714 496 819 532 πλάνην
829 504 836 512 ·
861 497 945 531 ἐγγὺς
957 497 986 523 δὲ

196 545 259 576 τοὺς
273 545 318 572 διὰ
331 543 413 580 νόμου
424 563 431 575 ,
450 542 498 570 τοῦ
512 541 632 577 Χριστοῦ
651 541 861 576 διδασκομένους
883 543 986 578 μυστή-

199 600 266 628 ριον.

236 646 246 663 1
265 637 327 664 Ὀτι
340 636 376 663 δι’
387 635 470 662 αὑτοῦ
487 634 586 670 ἔχομεν
601 634 651 669 τὴν
662 634 847 670 προσαγωγὴν
859 635 883 660 οἱ
899 633 988 669 ἀμφό-

198 693 283 720 τεροι,
299 684 328 710 ἐν
343 683 384 709 ἑνὶ
406 681 544 717 πνεύματι
559 681 627 717 πρὸς
644 681 689 707 τὸν
716 681 838 717 Πατέρα.
854 681 926 716 ’Λρα
941 680 987 706 οὖν

199 730 291 756 οὐκέτι
306 728 367 755 ἐστὲ
381 727 451 760 ξένοι
467 727 513 754 καὶ
527 726 663 762 πάροικοι,
675 726 744 753 ἀλλὰ
761 726 924 762 ωμπολῖται
933 725 988 752 τῶν

201 776 298 810 ἁγίων,
311 775 359 802 καὶ
376 774 471 802 οίκεϊοι
484 773 531 799 τοῦ
546 772 615 799 Θεοῦ
627 792 635 805 ,
660 772 918 808 ἐποικοδομηθέντες
943 772 989 798 ἐπὶ

200 822 239 857 τῷ
265 820 382 856 θεμελίῳ
407 819 462 847 τῶν
483 818 640 847 ἀποστόλων
664 819 710 845 καὶ
738 818 897 854 προφητῶν,
913 818 990 850 ὄντος

202 864 403 901 ἀκρογωνιαίου
419 863 503 890 αὑτοῦ
524 863 611 899 Ἰησοῦ
627 863 756 898 Χριστοῦ.
776 873 785 888 ι

237 910 321 938 Οὐδὲν
339 909 438 945 μᾶλλον
455 908 546 944 ήμῶν,
574 908 668 944 φησὶν,
683 909 793 940 οἰκείως
818 908 911 944 ἔχουσι
925 909 994 945 πρὸς

202 956 268 983 Θεὸν
279 956 303 982 oi
323 955 456 990 πρότερον
466 954 542 986 ὄντες
558 953 654 987 ἐγγὺς,
672 953 739 979 ἀλλὰ
753 953 803 988 μία
828 953 994 988 ἀμφοτέρων

203 999 387 1037 προσαγωγὴ“,
414 999 448 1026 δι’
465 999 525 1031 ἐνὸς
548 999 627 1033 ἁγίου
654 998 827 1033 Πνεύματος.
851 999 894 1025 Ἐν
909 999 949 1025 ἑνὶ
965 999 994 1026 δὲ

204 1048 312 1083 σώματι
326 1045 464 1082 προειπὼν
474 1046 550 1081 ἡμᾶς
565 1044 752 1080 κατηλλάχθαι
768 1045 840 1080 Θεῷ,
849 1044 897 1072 νῦν
912 1046 941 1072 ὲν
954 1044 994 1071 ἑνὶ

204 1093 341 1129 πνεύματι
355 1091 492 1128 προῆχθαι
518 1090 578 1126 Θεῷ
596 1099 674 1126 φησι,
702 1090 833 1126 μετόχους
863 1090 994 1117 δεικνύων

203 1138 252 1165 τοῦ
278 1137 337 1168 ἑνὸς
362 1136 518 1172 πνεύματος
532 1136 577 1162 διὰ
594 1135 642 1162 τοῦ
659 1135 718 1167 ἑνὸς
738 1135 866 1171 σώματος
879 1134 995 1171 γενομέ-

205 1192 278 1215 νους.
298 1183 375 1218 Ἔχει
390 1181 418 1208 δὲ
443 1181 491 1208 καὶ
519 1182 536 1216 ἡ
552 1181 606 1208 τῶν
622 1181 763 1216 ὀνομάτων
783 1180 941 1217 παράληψις
957 1181 996 1207 ol-

206 1229 296 1260 ιείως.
315 1228 402 1255 Ὅπου
428 1228 478 1263 μὲν
508 1227 562 1264 γὰρ
590 1227 787 1262 καταλλαγὴν
817 1225 889 1260 εἷπε,
922 1227 996 1253 Θεὸν

206 1276 328 1312 ιῖρηκεν.
346 1275 432 1301 Ὅπου
447 1274 475 1301 δὲ
496 1274 696 1309 προσαγωγὴν
715 1274 800 1308 λέγει,
816 1272 939 1309 Πνεῦμα
950 1280 996 1300 κα-

206 1320 257 1348 λετ.

246 1375 255 1391 ι
275 1362 350 1400 Ἐνῷ
371 1365 448 1392 πᾶσα
461 1364 590 1400 οἰκοδομὴ
606 1364 897 1402 συναρμολογουμένη,
917 1364 995 1397 αὔξει

208 1412 249 1443 είς
259 1412 323 1439 ναὸν
338 1411 415 1446 ᾇγιον
427 1412 456 1437 ιν
467 1411 573 1447 Κυρίῳ.
587 1420 597 1437 ›

244 1456 453 1492 Παραδείγματι
467 1456 608 1492 χρώμενος
620 1456 660 1491 τῷ
676 1456 796 1493 γωνιαίῳ
805 1456 882 1493 λίθῳ,
896 1456 935 1492 τῷ
947 1456 997 1493 τὴν

208 1503 274 1538 ὃλην
284 1502 430 1538 οἰκοδομὴν
451 1501 673 1538 ὑποστηρίζοντι,
687 1502 808 1529 διδάσκει
833 1503 874 1529 ὅτι
889 1503 918 1529 ὲν
931 1503 998 1538 Χρι-

1007 864 1028 892 Β

211 1532 267 1584 στῷ
281 1532 480 1584 στηριξόμεθα.
497 1532 629 1575 Λίθον-δὲ
650 1532 745 1580 είπὼν,
768 1549 816 1575 καὶ
833 1532 997 1584 συνάρτησιν
1010 1532 1032 1562 C

210 1593 294 1622 αὐτοῦ
315 1593 366 1628 τὴν
391 1593 461 1628 πρὸς
488 1594 552 1626 τοὺς
573 1593 826 1629 οίκοδομουμένους,
854 1595 904 1630 τὴν
927 1595 996 1631 πρὸς

211 1640 286 1675 ἡμᾶς
301 1639 462 1675 ὀμογένειαν
477 1638 572 1673 ἔδειξε,
588 1641 637 1675 τῆς
652 1640 723 1666 κατὰ
739 1640 829 1676 σάρκα
847 1641 1000 1676 γεννήσεως

211 1686 258 1712 τοῦ
274 1685 454 1720 Μονογενοῦς.
474 1686 592 1720 Ἐπειδὴ
609 1686 674 1722 γὰρ,
691 1686 769 1721 φησὶ,
786 1685 821 1712 τὰ
836 1685 939 1713 παιδία
952 1694 1000 1713 κε-

213 1733 398 1767 κοινώνηκεν
411 1733 536 1768 αἳματος
557 1733 607 1760 καὶ
628 1732 753 1767 σαρκὸς,
770 1732 819 1760 καί
837 1732 930 1765 αὐτὸς
942 1739 999 1759 πα-

209 1779 388 1815 ραπλησίως
403 1778 536 1814 μετέσχε
551 1778 611 1806 τῶν
627 1778 736 1806 αὐτῶν.

252 1833 262 1850 1
279 1824 325 1851 Ἐν
376 1824 425 1851 καὶ
445 1824 525 1859 ὑμεῖς
550 1823 787 1859 συνοικοδομεῖσθε
804 1823 844 1855 είς
867 1831 1000 1860 κατοικη-

213 1870 310 1905 τήριον
322 1869 369 1896 τοῦ
382 1869 449 1896 Θεοῦ
463 1870 492 1896 ὲν
505 1869 656 1905 Πνεῦματι.
672 1878 681 1894 ι

249 1916 318 1952 Ναῷ
332 1916 465 1952 δηλονότι.

514 1982 628 2009 ΚΕΦΑΛ
634 2003 640 2009 .
665 1982 700 2009 Γ’.

254 2050 264 2068 1
280 2040 382 2068 Τούτου
393 2041 474 2077 χάριν
486 2041 541 2076 ἐγὼ
553 2041 657 2072 Παῦλος
670 2041 684 2067 ὁ
696 2040 805 2076 δέσμιος
821 2039 869 2067 τοῦ
883 2040 1003 2077 Χριστοῦ

222 2087 323 2123 Ἰησοῦ,
340 2087 410 2123 ὑπὲρ
422 2087 499 2123 ὑμῶν
514 2087 570 2113 τῶν
593 2086 690 2119 ἐθνῶν,
712 2086 739 2112 ut
754 2094 786 2120 γε
798 2086 933 2120 ἠκούσατε
953 2086 1004 2121 τὴν

217 2133 375 2168 οἰκονομίαν
399 2133 451 2168 τῆς
468 2133 582 2168 χάριτος
595 2132 643 2159 τοῦ
667 2131 735 2158 Θεοῦ
752 2133 802 2167 τῆς
819 2132 943 2167 δοθείσης
959 2141 1004 2168 μοι

217 2179 259 2210 εἰς
278 2178 360 2213 ὑμᾶς,
386 2178 427 2205 ὅτι
454 2178 526 2205 κατὰ
551 2177 724 2212 ἀποκάλυψιν
739 2177 886 2212 ὲγνώρισέν
901 2186 946 2211 μοι
972 2177 1003 2204 τὸ

219 2225 380 2260 μυστήριον.
397 2233 407 2250 ι

253 2269 372 2304 Ταύτης,
388 2269 481 2304 φησὶν,
496 2270 546 2305 τῆς
567 2270 606 2302 είς
623 2270 696 2305 ὑμᾶς
728 2270 839 2306 χάριτος
865 2270 1005 2306 ὑπηρέτης

218 2315 275 2350 ἐγὼ
288 2315 335 2342 καὶ
351 2315 506 2350 ἀγωνιστὴς
521 2315 586 2350 ἄχρι
602 2315 720 2350 δεσμῶν,
735 2316 782 2342 καὶ
795 2316 840 2343 διὰ
855 2315 935 2342 τοῦτο
952 2324 1005 2351 μυ-

219 2362 329 2396 στήριον
356 2360 550 2396 ἀπεκαλύφθη,
568 2361 611 2387 ῐνα
641 2361 681 2389 είς
708 2361 781 2396 ὑμᾶς
807 2360 959 2396 ἐξαγγελθῇ
973 2360 1006 2387 δι’

217 2407 296 2443 ἐμοῦ.

1020 2201 1042 2229 D

255 2462 266 2480 1
285 2453 386 2485 Καθὼς
412 2453 576 2490 προέγραψα
601 2454 630 2480 ὲν
651 2453 749 2488 ὀλίγῳ·
772 2453 842 2490 πρὸς
857 2453 872 2480 δ
893 2451 1007 2480 δύνασθε
1027 2467 1030 2470 ν

219 2498 455 2533 ἀναγινώσκοντες
469 2500 564 2535 νοῆσαι
577 2499 626 2535 τὴν
642 2499 749 2526 σύνεσίν
767 2508 818 2535 μου
843 2501 872 2526 ὲν
898 2499 938 2534 τῷ
956 2507 1009 2534 μυ-

219 2545 324 2581 στηρίῳ
336 2544 384 2571 τοῦ
397 2544 530 2580 Χριστοῦ.

253 2591 364 2628 Βραχὺς
377 2591 391 2618 6
404 2590 493 2624 λόγος,
506 2590 584 2626 φησὶ,
597 2590 645 2617 καὶ
660 2589 793 2625 σύντομος
804 2590 820 2624 ἡ
835 2589 1008 2622 διδασκαλία,

217 2639 266 2667 καὶ
278 2637 369 2672 ὀλίγον
378 2636 412 2663 τὰ
429 2636 514 2663 πολλὰ
529 2635 726 2671 οπερματικῶς
743 2635 861 2667 ἐδίδαξα,
880 2635 1006 2662 τοσοῦτον

218 2682 409 2717 ἀποκαλύψας,
427 2681 470 2716 ἐφ’
493 2681 555 2708 ὅσον
577 2682 625 2708 καὶ
643 2681 763 2708 συνιέναι
785 2680 916 2708 δύνασθε·
945 2688 1006 2707 συν-

220 2729 290 2757 ιέναι
305 2729 333 2756 δὲ
352 2729 385 2756 ἐκ
403 2727 526 2760 πλείονος
541 2727 733 2763 ἀναγνώσεως,
751 2727 800 2755 οὐκ
815 2727 847 2755 ὲκ
864 2727 1006 2763 παρέργου

219 2778 236 2813 ἢ
253 2776 445 2812 παραδρομῆς·

259 2846 282 2862 δ’
296 2844 378 2872 Hebr.
395 2851 426 2877 Il,
439 2843 483 2872 l4.

1038 226 1088 257 tio,
1117 226 1219 253 Christi
1239 230 1304 253 nota
1331 226 1488 261 insignitur.
1516 227 1623 262 Corpus
1653 227 1737 264 igitur
1752 229 1824 263 quod

1038 272 1169 299 traditum
1186 272 1237 299 fuit
1250 273 1343 306 morti,
1358 273 1519 301 inimicitias
1535 274 1635 302 delevit
1655 283 1661 301 :
1679 275 1743 302 dum
1760 282 1826 302 vero

1039 317 1073 345 ad
1088 318 1173 345 vitam
1203 318 1366 352 resurrexit,
1381 322 1514 346 aeternam
1541 321 1690 348 amicitiam
1707 320 1826 356 paravit.

1077 417 1087 433 1
1099 405 1302 442 Evangelizavit
1317 413 1411 440 pacem
1427 405 1504 433 vobis
1517 406 1564 441 qui
1580 407 1660 442 longe
1674 406 1766 435 fuistis
1780 428 1785 438 .
1802 411 1828 434 ct

1040 454 1075 482 iis
1091 454 1137 488 qui
1154 460 1248 489 prope.
1266 463 1275 479 ι

1072 499 1167 534 Longe
1182 499 1294 534 quidem
1322 498 1445 526 abfuisse
1461 498 1578 534 gentiles
1593 497 1641 528 ait,
1656 502 1766 532 propter
1781 505 1828 525 er-

1041 553 1132 573 rorem
1150 553 1157 572 :
1174 553 1259 580 prope
1271 549 1362 572 autem
1379 545 1442 572 illos
1457 545 1503 580 qui
1520 544 1571 579 legi
1588 544 1733 578 parebant,
1745 543 1826 570 Chri-

1040 592 1075 619 sti
1088 588 1248 627 mysterium
1264 590 1387 618 edoctos.

1071 637 1155 665 Vsus.
1185 636 1281 664 18-20.
1310 646 1319 662 1
1339 636 1473 670 Quoniam
1497 643 1546 671 per
1575 636 1664 671 ipsum
1698 635 1831 663 habemus

1043 690 1187 711 accessum
1215 683 1296 710 ambo
1318 683 1346 709 in
1376 689 1432 709 uno
1450 682 1549 717 spiritu
1566 681 1600 709 ad
1619 681 1738 709 Patrem.
1759 681 1832 716 Ergo

1041 729 1096 764 jam
1121 736 1175 757 non
1191 729 1259 757 estis
1274 728 1401 764 hospites
1421 732 1448 755 et
1463 729 1586 760 advenae,
1604 728 1652 755 sed
1668 727 1739 755 estis
1755 727 1830 755 cives

1043 779 1202 803 sanctorum
1217 779 1246 803 et
1271 775 1414 802 domestici
1430 774 1492 806 Dei,
1511 774 1727 810 supersedilicati
1745 781 1830 809 supra

1043 819 1251 848 fundamentum
1275 820 1463 855 apostolorum
1490 824 1517 847 et
1546 820 1755 855 prophetarum,
1772 819 1832 854 ipso

1043 873 1152 893 summo
1172 865 1297 900 angulari
1314 864 1405 899 lapide
1419 864 1532 892 Christo
1547 863 1626 892 Jesu.
1649 873 1658 891 ι

1084 910 1157 938 Nihil
1172 918 1257 945 supra
1273 918 1324 938 nos
1340 910 1453 943 habent,
1470 910 1571 946 inquit,
1589 910 1660 945 apud
1677 910 1833 945 Deum,qui

1045 956 1183 991 quondam
1198 960 1277 984 erant
1291 963 1387 991 prope,
1406 956 1454 983 sed
1470 964 1543 984 unus
1555 959 1598 984 est
1613 963 1745 984 accessus
1755 960 1834 982 utro-

1044 1011 1162 1038 rumque
1177 1010 1225 1038 per
1241 1010 1325 1030 unum
1342 1001 1476 1037 Spiritum
1487 1008 1626 1030 sanctum.
1642 1002 1710 1030 Cum
1740 1006 1833 1028 autent

1045 1049 1161 1077 dixisset
1178 1049 1256 1085 prius
1268 1049 1295 1076 in
1312 1056 1368 1076 uno
1385 1055 1503 1083 corpore
1517 1055 1569 1075 nos
1596 1055 1658 1076 esse
1673 1047 1836 1075 reconcilia-

1046 1099 1089 1123 tos
1104 1095 1171 1127 Deo,
1188 1102 1262 1122 nunc
1275 1095 1302 1122 in
1319 1101 1373 1122 uno
1385 1094 1484 1129 spiritu
1501 1094 1647 1128 proximos
1667 1101 1727 1121 esse
1744 1093 1834 1120 factos

1046 1141 1098 1174 ait;
1118 1145 1147 1168 ut
1161 1140 1297 1175 significet
1313 1144 1424 1176 propter
1440 1147 1525 1167 unum
1555 1147 1669 1174 corpus,
1685 1139 1768 1166 unius
1784 1146 1836 1166 nos

1047 1186 1162 1220 spiritus
1179 1185 1239 1213 fieri
1268 1185 1428 1220 participes.
1458 1184 1531 1217 Quin
1546 1188 1573 1211 et
1602 1184 1682 1219 183
1701 1183 1837 1219 appositis

1046 1230 1126 1265 plane
1143 1234 1169 1256 et
1184 1229 1290 1257 idoneis
1305 1229 1449 1257 vocabulis
1476 1228 1576 1255 utitur.
1593 1227 1660 1255 Nam
1677 1228 1724 1255 ubi
1740 1236 1835 1255 rea-on-

1047 1276 1211 1303 ciliatiunem
1237 1275 1319 1309 dixit,
1353 1274 1434 1302 Deum
1462 1274 1638 1307 nominavit;
1666 1274 1712 1302 ubi
1743 1278 1836 1302 autem

1047 1325 1193 1348 accessum,
1207 1315 1338 1350 Spiritum
1352 1316 1534 1351 nuncupavit.

1084 1363 1164 1391 Vsus.
1182 1362 1227 1390 2L
1247 1371 1256 1387 1
1283 1361 1311 1388 In
1326 1369 1381 1396 quo
1400 1361 1489 1388 omnis
1508 1360 1655 1388 mdificatio
1669 1364 1831 1388 constructa

1047 1410 1146 1437 crescit
1164 1409 1191 1436 in
1209 1408 1340 1443 templum
1367 1411 1493 1434 sanctum
1518 1407 1544 1434 in
1564 1405 1690 1434 Domino.
1707 1415 1716 1432 ι

1083 1455 1231 1489 Assumpto
1245 1454 1273 1481 in
1288 1453 1442 1489 exemplum
1459 1452 1585 1488 angulari
1602 1452 1703 1486 lapide,
1724 1459 1779 1488 quo
1796 1457 1839 1479 to-

1049 1507 1107 1530 tum
1123 1501 1270 1529 aedilicium
1288 1501 1422 1534 firmatur,
1439 1500 1519 1528 docet
1535 1500 1563 1527 in
1584 1499 1695 1527 Christo
1712 1507 1763 1527 nos
1779 1507 1841 1533 per.

1049 1549 1113 1576 inde
1142 1548 1245 1575 fulciri.
1275 1547 1403 1582 Lapidem
1431 1551 1524 1573 autem
1560 1545 1699 1578 dicendo,
1725 1545 1842 1580 ejusque

1050 1593 1318 1630 coagmentationem
1331 1601 1393 1620 cum
1406 1593 1440 1620 iis
1450 1592 1553 1627 quibus
1564 1595 1675 1619 constat
1683 1591 1841 1624 mdiliciuiu,

1050 1641 1172 1668 declarat
1186 1639 1380 1675 cognationem
1397 1641 1521 1666 nostram
1536 1645 1598 1665 cum
1616 1635 1766 1672 Unigenito
1781 1636 1840 1669 Dei,

1050 1690 1186 1722 quatenus
1204 1684 1359 1712 secundum
1381 1691 1492 1712 carnem
1510 1687 1593 1711 natus
1617 1687 1670 1710 est.
1694 1681 1761 1709 Nam
1779 1683 1843 1717 quia

1050 1732 1125 1768 pueri
1139 1732 1365 1760 communicarunt
1383 1731 1501 1768 carni'et
1517 1730 1643 1765 sanguini
1653 1749 1660 1762 ,
1681 1734 1706 1756 et
1730 1729 1785 1764 ipse
1803 1729 1843 1756 si-

1052 1780 1151 1807 militer
1170 1779 1342 1814 participaui!
1360 1778 1458 1806 eisdem
1472 1776 1510 1805 “.

1087 1825 1171 1853 Vsus.
1187 1825 1232 1852 2‘2.
1252 1834 1261 1851 1
1288 1824 1316 1851 ln
1334 1831 1389 1859 quo
1403 1827 1430 1851 et
1445 1830 1496 1851 vos
1521 1820 1730 1850 coaadiﬁcamiui
1748 1820 1777 1848 in
1795 1820 1844 1847 ha-

1052 1871 1205 1899 bitaculum
1222 1870 1269 1898 Dei
1286 1870 1314 1897 in
1334 1868 1452 1905 Spiritu.
1473 1877 1482 1895 ι

1090 1919 1120 1945 1η
1138 1918 1241 1953 templo
1259 1916 1378 1945 scilicet.

1371 1980 1448 2008 CAP.
1474 1980 1518 2008 Ill.

1058 2051 1061 2054 ·
1090 2040 1175 2068 Vsus.
1196 2039 1251 2067 1-4.
1279 2048 1288 2064 1
1314 2038 1402 2073 llujus
1423 2037 1462 2064 rei
1479 2036 1569 2073 gratia
1587 2043 1638 2072 ego
1654 2035 1757 2063 Paulus
1782 2036 1845 2063 vin-

1055 2091 1116 2115 ctus
1141 2085 1244 2114 Christi
1260 2083 1326 2112 Jesu
1349 2091 1398 2119 pro
1421 2083 1501 2111 vobis
1530 2083 1678 2118 gentibus;
1705 2082 1727 2110 si
1754 2086 1845 2109 tamen

1056 2132 1174 2160 audistis
1187 2130 1422 2166 dispensationem
1443 2128 1539 2163 gratiae
1556 2134 1616 2162 qua:
1642 2127 1704 2154 data
1721 2131 1763 2154 est
1779 2127 1845 2153 mihi

1057 2179 1084 2206 in
1098 2177 1175 2205 vobis
1190 2185 1197 2203 ε
1214 2175 1346 2212 quoniam
1367 2174 1520 2202 secundum
1542 2172 1736 2201 revelationem
1750 2176 1847 2199 notum

1058 2223 1126 2251 mihi
1148 2222 1215 2250 fecit
1231 2221 1405 2257 mysterium.
1429 2229 1438 2246 ι

1094 2269 1183 2304 Hujus
1203 2275 1264 2304 qua:
1284 2267 1348 2294 data
1366 2266 1448 2294 nobis
1473 2269 1516 2294 est
1542 2265 1650 2300 gratiae.
1676 2263 1777 2299 inquit,
1798 2270 1849 2297 ego

1059 2315 1185 2344 minister
1201 2321 1263 2342 sum
1287 2316 1314 2340 et
1334 2314 1528 2347 propugnator
1545 2318 1634 2346 usque
1658 2309 1692 2337 ad
1720 2309 1848 2338 vincitis.

1059 2367 1088 2391 et
1103 2361 1207 2389 idcirco
1230 2359 1393 2396 mysterium
1417 2358 1484 2385 mihi
1510 2356 1715 2384 manifestatum
1740 2355 1802 2386 fuit,
1820 2359 1849 2382 ut

1061 2417 1110 2445 per
1131 2416 1174 2436 me
1191 2407 1269 2435 vobis
1285 2404 1507 2433 annuntiaretur.

1096 2464 1106 2480 1
1127 2454 1206 2482 Sicut
1230 2459 1315 2486 supra
1332 2450 1433 2485 scripsi
1457 2449 1484 2477 in
1500 2448 1597 2481 brevi;
1618 2450 1703 2482 prout
1733 2445 1850 2480 potestis

1058 2502 1182 2537 legentes
1196 2498 1354 2533 intelligere
1371 2495 1548 2532 prudentiam
1566 2501 1652 2521 meam
1667 2493 1694 2520 in
1713 2491 1847 2527 mysterio

1058 2545 1174 2574 Christi.
1193 2553 1204 2570 ι

1094 2589 1240 2618 Doctrina,
1266 2586 1368 2620 inquit,
1392 2591 1452 2611 mea
1481 2583 1568 2615 brevi,
1596 2582 1765 2616 concisoq-ue
1789 2587 1850 2608 ser-

1060 2644 1142 2664 mone
1156 2634 1305 2665 clauditur,
1322 2636 1349 2659 et
1363 2630 1448 2658 multa
1467 2629 1563 2665 paucis
1587 2631 1719 2663 tanquam
1743 2627 1850 2654 semina

1060 2682 1154 2714 docui,
1172 2679 1341 2708 tantumdem
1357 2676 1438 2704 vobis
1463 2675 1621 2711 aperiendo,
1637 2678 1771 2709 quantum
1785 2678 1850 2708 pos-

1060 2730 1128 2759 setis
1146 2726 1316 2761 intelligere:
1327 2723 1486 2758 iutelligere,
1503 2721 1615 2756 inquam
1626 2741 1634 2754 ,
1646 2717 1809 2748 accuratiori
1823 2721 1850 2745 et

1061 2770 1244 2810 frequentiori
1257 2769 1385 2803 lectione,
1401 2776 1456 2797 non
1470 2768 1573 2796 cursim
1592 2770 1639 2794 aut
1650 2763 1849 2802 perfunctoﬁo.
