2077 3114
250 100 305 132 εῗὸ

255 205 377 239 agnitum
405 204 467 230 ﬁliis
486 202 640 232 hominum,
673 200 758 227 siculi
788 207 861 227 nunc
888 199 1039 227 revelatum

255 253 295 276 est
312 249 413 276 sanctis
435 247 567 283 apostolis
589 245 649 281 ejus
664 250 692 273 et
709 245 851 280 prophetis
873 245 900 272 in
924 244 1039 280 Spiritu,

255 299 350 329 gentes
367 301 428 321 esse
450 292 605 319 cohaeredes
627 296 655 318 et
671 291 895 326 concorporales,
921 295 948 318 et
969 298 1042 317 com-

256 339 405 373 participes
423 338 614 372 promissionis
639 335 701 370 ejus
726 336 754 362 in
769 335 882 363 Christo
902 334 966 362 Jesu
993 343 1042 370 per

255 384 433 418 Evangellum
449 392 455 409 :
471 382 549 417 cujus
564 381 653 408 factus
670 388 730 408 sum
748 381 873 408 minister
888 381 1040 408 secundum

256 430 358 456 donum
373 429 470 465 gratia:
485 428 541 460 Dei,
559 436 620 463 qua:
643 428 707 455 data
729 431 772 455 est
797 427 863 454 mihi
889 426 1041 454 secundum

256 476 443 511 operationem
457 474 566 501 virtutis
584 474 655 509 ejus.
672 483 681 499 ι

289 521 437 549 Enimvero
456 521 506 548 etsi
534 521 674 555 prophetae
696 519 730 547 de
747 519 877 555 mysterio
894 518 946 545 hoc
959 517 1041 545 loculi

258 568 378 600 fuerant,
396 567 630 602 obstupesccbaut
645 565 720 592 Petri
739 567 854 592 comites
871 574 877 591 :
894 564 956 599 ipse
977 571 1041 590 vero

255 613 354 640 Petrus
370 616 436 639 tunc
452 611 593 646 temporis,
609 610 714 646 Spiritu
734 609 940 641 manifestante,
957 609 1040 636 intel—

257 660 322 686 lexit
336 662 477 693 susceptas
510 664 619 692 quoque
635 664 698 684 esse
712 660 807 691 gentes
824 663 838 682 a
857 654 923 682 Deo.
945 654 1044 682 Hacte-

255 713 307 732 nus
319 705 390 731 enim
409 704 434 730 in
446 703 700 737 obscurojacebant
713 702 821 737 eloquia
836 701 1042 737 prophetarum,

256 749 450 785 etmnigmatis
477 753 507 776 ut
533 749 682 784 plurimum
709 748 932 780 involvebantur,
949 755 1045 782 exspe-

256 795 422 828 clahantque
440 799 468 820 ut
483 793 670 829 experimeulo
686 797 826 828 comperta
856 793 963 820 tierent.
987 792 1043 820 lllis

256 841 353 876 igitur,
368 841 415 875 qui
431 840 546 875 gratiam
564 839 687 874 Spiritus
708 839 920 875 partiripavere,
941 839 1042 874 inquit,
1059 834 1080 861 Β

259 895 331 914 nunc
352 885 496 914 manifeste
511 884 647 920 patefacta
664 889 705 912 est
729 885 890 918 coniunctio
907 885 1046 912 societas-

257 940 310 967 que
324 933 446 967 geutium
472 938 534 958 cum
560 931 662 963 lsrael;
686 929 836 964 gentilibus
867 930 995 957 nimirum
1013 930 1046 956 ad

254 978 470 1012 promissionem
499 976 623 1003 eamdem
654 975 785 1003 adductis
819 980 932 1011 propter
960 983 1046 1010 upum

255 1031 398 1051 accessum
419 1022 452 1049 ad
467 1022 624 1058 ‘Christum.

294 1068 377 1096 Vsus.
399 1068 416 1096 8
429 1088 436 1100 ,
456 1068 483 1095 9.
503 1077 511 1094 ι
534 1067 600 1094 Mihi
616 1067 738 1095 omnium
755 1071 916 1094 sanctorum
933 1067 1047 1094 minimo

257 1114 320 1141 data
331 1118 373 1141 est
389 1112 476 1148 gratia
489 1112 558 1146 haec,
578 1113 605 1139 in
626 1112 755 1146 gentibus
776 1112 978 1147 evangelizare.
1000 1122 1010 1138 ι

295 1160 420 1195 Seipsum
438 1162 592 1186 sanctorum
609 1158 748 1185 minimum
766 1157 845 1189 dicit.
867 1159 931 1193 quia
952 1157 1047 1185 Eccle-

257 1206 326 1235 siam
349 1204 429 1241 184
444 1205 508 1231 olim
536 1205 690 1231 insectatus
712 1208 782 1236 erat,
809 1209 835 1231 et
863 1204 926 1231 illos
949 1204 1046 1239 majori

259 1253 363 1280 horrore
381 1252 478 1286 dignos
497 1250 590 1282 habet,
608 1249 654 1284 qui
673 1254 736 1278 ante
751 1257 780 1277 se
793 1250 882 1277 vocati
897 1254 1002 1282 essent,
1018 1253 1046 1277 et

260 1300 420 1335 priusquam
445 1296 559 1331 sanguis
579 1300 693 1324 sanctus
716 1295 913 1330 effunderetur,
937 1301 1048 1332 aposto-

261 1346 333 1373 latus
357 1350 458 1371 munus
484 1342 669 1377 accepissent.

297 1399 307 1416 ι
329 1387 539 1423 luvestigabiles
567 1386 680 1414 divitias
701 1384 817 1415 Christi.
842 1388 869 1411 et
892 1383 1048 1412 illuminare

259 1443 364 1467 omnes,
380 1441 442 1469 quae
456 1433 492 1461 sit
510 1432 680 1468 dispensatio
698 1430 864 1460 sacramenti
890 1428 1047 1457 absconditi

839 98 870 126 S.
883 97 974 127 JOAN
981 96 1044 124 NIS
1066 95 1283 126 DAMASCENI

291 157 371 185 Vens.
389 158 446 185 5-7.
466 166 474 184 ι
501 156 578 190 Quod
596 155 657 182 aliis
681 154 908 190 generationibus
926 162 980 180 non
998 158 1039 181 est
1055 156 1077 183 Α

1820 96 1875 127 836

1132 164 1141 180 ι
1154 154 1188 181 "O
1199 154 1306 189 ἑτέραις
1319 153 1426 188 γενεαῖς
1437 152 1486 179 οὐκ
1502 151 1654 188 ἐγνωρίσθη
1669 153 1724 182 τοῖς
1740 152 1808 184 υἱοῖς
1823 153 1877 178 τῶν

1091 199 1255 236 ἀνθρώπων,
1274 200 1311 232 ὼς
1332 199 1379 225 νῦν
1393 198 1573 234 ἀπεκαλύφθη
1588 199 1644 229 τοῖς
1659 198 1748 232 ἁγίοις
1762 199 1878 225 ἀποστό-

1091 246 1148 278 λοις
1162 246 1243 273 αὐτοῦ
1267 247 1314 273 καὶ
1341 246 1497 281 προφήταις
1515 246 1544 273 ἐν
1569 245 1727 280 Πνεύματι.
1754 242 1824 271 εἶναι
1844 246 1878 272 τὰ

1092 292 1155 328 ἔθνη
1174 292 1395 328 συγκληρονόμα,
1413 292 1460 319 καὶ
1479 291 1622 326 σύσσωμα,
1649 291 1697 318 καὶ
1720 291 1880 327 συμμέτοχοι

1091 338 1142 372 τῆς
1158 338 1324 371 ἐπαγγελίας
1342 337 1423 363 αὐτοῦ
1439 339 1467 364 ἐν
1482 337 1520 372 τῷ
1536 337 1648 372 Χριστῷ
1659 337 1704 364 διὰ
1720 337 1766 364 τοῦ
1789 338 1878 371 Εὐαγ-

1092 383 1195 417 γελίου,
1211 379 1242 410 οὗ
1260 383 1396 418 ἐγενόμην
1417 383 1540 415 διάκονος
1559 385 1630 410 κατὰ
1644 383 1692 418 τὴν
1708 383 1811 419 δωρεὰν
1829 383 1880 418 τῆς

1092 430 1205 464 χάριτος
1219 429 1266 456 τοῦ
1283 430 1362 462 Θεοῦ,
1376 429 1426 465 τὴν
1441 430 1564 456 δοθεῖσάν
1579 437 1624 464 μοι
1645 428 1716 456 κατὰ
1734 429 1781 464 τὴν
1801 430 1877 464 ἐνέρ-

1093 484 1170 509 γειαν
1186 475 1236 511 τῆς
1252 476 1393 511 δυνάμεως
1407 475 1499 503 αὐτοῦ.
1517 486 1526 500 ι

1129 522 1184 549 Καὶ
1197 522 1363 558 λαλούμενον
1381 522 1436 558 γὰρ
1453 525 1481 550 ἐν
1497 523 1652 558 προφήταις
1667 521 1818 557 μυστήριον
1828 519 1862 557 ἦν
1872 530 1878 537 ·

1094 568 1291 603 ἐξεπλήττοντο
1307 568 1372 602 γοῦν
1387 569 1411 594 οἱ
1428 569 1496 603 μετὰ
1517 567 1564 594 τοῦ
1587 567 1702 603 Πέτρου.
1718 568 1772 594 Καὶ
1800 568 1881 599 αὐτὸς

1095 613 1124 640 δὲ
1137 614 1198 640 τότε
1213 614 1228 640 ὸ
1244 614 1346 650 Πέτρος
1363 614 1450 641 συνίει
1461 614 1505 640 διὰ
1519 615 1568 649 τῆς
1580 613 1627 640 τοῦ
1644 613 1801 648 [Ινεύματος
1815 613 1882 640 ἀπο-

1095 658 1249 693 καλύψεως,
1266 659 1307 684 ὅτι
1321 658 1370 685 καὶ
1384 658 1418 684 τὰ
1434 657 1499 692 ἔθνη
1511 656 1702 692 προσδέδεκται
1716 657 1730 683 ὁ
1741 656 1818 688 Θεὸς.
1838 655 1881 682 Ἐν

1095 704 1185 740 ἀδήλῳ
1201 704 1255 740 γὰρ
1269 703 1309 730 ἔτι
1325 704 1359 730 τὰ
1369 704 1423 730 τῶν
1444 703 1593 738 προφητῶν
1607 703 1705 735 ἑκειτο,
1725 703 1772 730 καὶ
1792 703 1825 729 δι’
1840 704 1882 729 αἱ-

1095 751 1236 786 νιγμάτων
1251 750 1285 777 τὰ
1301 750 1388 777 πολλά
1405 750 1453 777 καὶ
1468 750 1517 784 τῆς
1535 750 1633 784 πείρας
1655 749 1802 783 ἐπίγνωσιν
1817 748 1881 783 ἔμεν

1095 806 1148 823 νεν.
1171 797 1234 828 Τοῖς
1254 795 1303 823 οὖν
1319 796 1455 831 μετόχοις,
1481 797 1558 831 φησὶ,
1580 796 1631 830 τῆς
1655 795 1701 822 τοῦ
1725 795 1882 830 Πνεύματος

1096 843 1207 878 χάριτος
1224 842 1311 878 σαφὴς
1332 842 1558 869 ἀποκεκάλυπται
1580 841 1658 877 νῦνὴ
1680 841 1806 868 κοινωνία
1829 840 1883 866 τῶν

1097 888 1191 920 ἐθνῶν,
1211 889 1225 922 ἡ
1241 888 1309 923 πρὸς
1327 888 1371 914 τὸν
1390 887 1507 923 Ἰσραὴλ,
1521 888 1559 919 εἰς
1579 887 1628 922 τὴν
1647 886 1814 920 ἐπαγγελίαν
1834 886 1884 920 τὴν

1097 934 1182 968 αὐτὴν
1198 933 1386 968 εἰσαγομένων
1401 933 1447 959 καὶ
1462 932 1516 959 τῶν
1531 931 1627 964 ἐθνῶν,
1645 931 1689 958 διὰ
1701 931 1751 966 τὴν
1767 931 1830 966 μίαν
1844 931 1884 962 είς

1097 979 1215 1016 Χριστὸν
1235 979 1431 1014 προσαγωγὴν.

1137 1078 1146 1093 ι
1166 1066 1244 1103 Ἐμοὶ
1260 1065 1460 1102 ἐλαχιστοτέρῳ
1476 1065 1585 1092 πάντων
1601 1064 1685 1100 ἁγίων
1700 1063 1777 1099 ἐδόθη
1795 1063 1812 1099 ἡ
1833 1061 1885 1098 χά-

1100 1122 1141 1149 ρις
1155 1112 1237 1148 αὕτη,
1250 1113 1280 1140 ἐν
1295 1114 1352 1143 τοῖς
1368 1111 1473 1138 ἐθνεσιν
1485 1110 1725 1145 εὐαγγελίσασθαι.
1741 1119 1749 1135 ι

1139 1159 1319 1194 Ἐλάχιστον
1333 1157 1393 1185 τῶν
1406 1157 1497 1192 ἁγίων
1512 1156 1608 1184 ἑαυτὸν
1621 1156 1708 1189 καλεῖ,
1722 1156 1766 1183 διὰ
1778 1155 1809 1182 τὸ
1821 1164 1887 1192 προ-

1098 1204 1192 1238 διῶξαι
1209 1204 1258 1240 τὴν
1280 1203 1454 1239 Ἐκκλησίαν,
1466 1202 1679 1239 προτιμοτέρους
1690 1202 1786 1229 ἐαυτοῦ
1802 1202 1887 1236 τιθεὶς

1097 1251 1161 1282 τοὺς
1177 1249 1429 1286 προκεκλημένους,
1450 1249 1498 1276 καὶ
1516 1249 1569 1285 πρὸ
1590 1248 1726 1283 ἐκχύσεως
1742 1249 1828 1282 ἁγίων
1841 1249 1885 1275 αἱ-

1101 1297 1194 1332 μάτων
1208 1296 1257 1331 τὴν
1271 1295 1425 1331 ἀποστολὴν
1445 1294 1676 1330 ἐγχειρισθέντας.

1137 1398 1145 1414 ι
1162 1389 1215 1415 Τὸν
1231 1387 1432 1423 ἀνεξιχνίαστον
1449 1387 1563 1415 πλοῦτον
1577 1387 1624 1414 τοῦ
1637 1387 1766 1424 Χριστοῦ,
1775 1388 1821 1415 καὶ
1830 1397 1885 1422 φω-

1098 1435 1172 1462 τίσαι
1189 1435 1304 1466 πάντας,
1320 1434 1361 1466 τίς
1388 1435 1404 1469 ἡ
1426 1434 1566 1469 οίκονομία
1586 1433 1632 1461 τοῦ
1660 1435 1810 1470 μυστηρίου
1837 1435 1884 1461 τοῦ

259 1490 274 1509 a
305 1481 415 1509 szeculis
432 1481 460 1507 in
476 1479 543 1513 Deo,
560 1478 609 1513 qui
634 1477 727 1505 omnia
751 1475 855 1504 creavit
877 1484 925 1511 per
951 1475 1044 1504 Iesum

1101 1481 1361 1516 ἀποκεκρυμμένου,
1374 1479 1429 1506 ἀπὸ
1442 1479 1496 1506 τῶν
1509 1480 1614 1506 αἰώνων
1625 1480 1654 1506 ὲν
1668 1480 1706 1515 τῷ
1719 1479 1789 1515 Θεῷ,
1803 1479 1841 1515 τῷ
1852 1479 1886 1507 τὰ

258 1528 410 1556 Christum.
432 1535 441 1552 ι

295 1575 446 1602 Immensas
471 1572 570 1600 Christi
590 1571 697 1599 divitias
723 1574 811 1602 vocat,
839 1569 931 1596 mundi
964 1568 1048 1595 totius

261 1619 376 1647 salutem
394 1628 399 1646 :
416 1618 637 1652 dispensatione»:
655 1623 720 1643 vero
737 1614 917 1645 sacramenti,
937 1613 1048 1640 univer-

261 1674 355 1693 sorqu
377 1664 519 1691 hominum
540 1663 573 1689 'in
598 1670 652 1690 uno
679 1661 790 1689 Christo
817 1659 1047 1694 assumptionem.

263 1710 320 1737 Hoc
347 1717 428 1745 porro
451 1712 671 1739 sacramentum,
697 1706 799 1741 inquit.
826 1713 879 1732 non
909 1709 1049 1741 postremo

262 1757 372 1783 tandem
388 1756 439 1782 hoc
457 1761 515 1781 aevo
532 1753 717 1788 excogitatum
735 1752 786 1778 fuit
803 1758 818 1776 a
830 1750 894 1781 [ιι-ο,
913 1749 957 1776 cui
973 1748 1048 1775 nulla

263 1803 389 1829 voluntas
407 1808 503 1828 recens
519 1799 628 1831 accidit,
647 1798 694 1826 sed
717 1806 750 1823 cx
773 1801 831 1823 toto
853 1800 986 1822 mlernum
1001 1802 1049 1822 ex-

263 1847 345 1879 sistit,
362 1846 420 1874 sive
434 1845 506 1872 Deus
522 1843 651 1875 coudere,
667 1843 724 1870 sive
739 1842 856 1870 salutem
873 1838 969 1867 κῆρι-τε
984 1846 1055 1874 ριο-,

302 1897 357 1920 nat.

302 1902 357 1920 Bal.

265 1902 381 1964 poVEns.
401 1936 444 1964 l0.
462 1945 471 1961 ‹
489 1934 524 1962 Ut
539 1935 695 1962 innotescat
717 1940 789 1960 nunc
806 1931 1008 1967 principatibus
1023 1935 1051 1959 et

263 1981 446 2017 potestatibus
470 1981 497 2007 in
518 1979 681 2007 coelestibus
707 1986 755 2013 per
779 1977 932 2005 Eeclesiam
956 1977 1050 2004 multi-

263 2027 360 2056 formis
381 2026 515 2062 sapientia
537 2025 596 2052 Dei.
613 2034 622 2051 ι

300 2073 342 2100 Uti
370 2073 508 2108 principes
527 2071 633 2102 mundi,
659 2070 759 2105 inquit,
785 2069 886 2104 quibus
911 2068 1049 2103 incognita

263 2119 399 2154 sapientia
413 2118 459 2145 illa
475 2121 546 2149 erat.
559 2125 620 2152 qua:
637 2117 743 2151 pridem
755 2115 833 2142 nobis
849 2115 983 2142 destinata
996 2117 1050 2146 est,

262 2169 415 2199 agnoscant
438 2164 546 2191 tandem
569 2171 602 2190 ex
623 2161 804 2189 adiﬁcatioue
823 2161 952 2188 Erclesia:
973 2167 1050 2187 noue

263 2209 413 2236 crcationis
431 2212 584 2239 auctorem,
601 2207 646 2242 qui
671 2206 781 2241 quidem
800 2211 887 2233 morte
903 2213 952 2233 sua
969 2204 1048 2232 liuent

265 2253 398 2288 imposuit
413 2253 496 2288 priori
507 2255 657 2284 creatum;
670 2259 718 2286 per
732 2250 960 2278 resurrectionem
975 2257 1049 2281 vero,

266 2305 341 2325 nova:
358 2297 524 2332 principium
545 2296 661 2323 invexit.

302 2343 383 2370 Vens.
401 2343 495 2369 ll-l'5.
514 2351 523 2367 ι
550 2341 705 2369 Secundum
732 2341 940 2376 prmlinitionem
966 2347 1051 2366 sa'cu-

264 2390 364 2419 lorum,
386 2395 468 2422 quam
484 2387 547 2414 fecit
561 2387 587 2414 in
604 2387 716 2415 Christo
734 2386 799 2414 Jesu
819 2387 931 2414 Domino
945 2391 1050 2418 nostro,

265 2437 291 2463 in
312 2442 368 2470 quo
394 2434 527 2462 habemus
547 2433 674 2461 llduciam
699 2438 727 2460 et
751 2440 893 2459 accessum
917 2432 945 2458 in
964 2429 1051 2457 conﬁ-

267 2479 358 2507 dentia
381 2487 428 2514 per
444 2479 523 2506 [idem
541 2479 611 2513 ejus.
627 2477 743 2512 Propter
763 2477 836 2511 quod
860 2481 923 2512 peto
937 2484 971 2503 uc
983 2476 1050 2502 deli-

265 2525 344 2551 ciatis
368 2524 395 2550 in
419 2523 645 2550 tribulationibus
663 2523 730 2549 meis
753 2530 804 2557 pro
819 2522 914 2554 vobis;
931 2529 992 2556 qua:
1010 2525 1051 2548 cst

264 2570 351 2605 gloria
368 2575 470 2596 vestra.
491 2578 500 2595 ι

307 2616 330 2642 Λ
358 2616 476 2647 saeculis,
507 2615 608 2649 inquit,
640 2613 776 2649 sapientia
805 2613 851 2640 Dei
886 2612 1049 2647 proposuit,

265 2661 467 2696 pratstituitque
489 2661 606 2688 salutem
630 2667 711 2694 quam
740 2659 868 2686 Christus
892 2659 993 2690 attulit,
1024 2659 1051 2685 in

268 2707 328 2741 ipso
342 2706 462 2733 condens
476 2706 684 2741 praeﬁnitiouem
701 2712 808 2731 omnem
821 2704 1050 2739 dispensationis,

267 2754 400 2784 quatenus
422 2751 478 2778 haec
494 2751 584 2777 l'utura
603 2756 663 2777 erat
682 2755 764 2784 caput
789 2753 815 2777 et
837 2757 944 2777 summa
966 2751 1051 2776 tutius

268 2796 463 2822 renovatiouis.
484 2796 513 2822 ln
530 2795 608 2823 nobis
625 2796 695 2823 enim
718 2795 879 2830 rxpurgatio
898 2795 968 2822 facta
987 2799 1049 2827 est;

1101 1526 1188 1553 πάντα
1201 1526 1323 1553 κτίσαντι
1338 1525 1382 1552 διὰ
1400 1525 1486 1561 Ἰησοῦ
1503 1526 1632 1561 Χριστοῦ.
1653 1535 1662 1551 ι

1135 1571 1272 1600 Πλοῦτον
1284 1571 1437 1607 ἀμέτρητον
1450 1571 1579 1606 Χριστοῦ
1594 1571 1678 1605 λέγει,
1695 1571 1743 1607 τὴν
1758 1571 1804 1598 τοῦ
1817 1581 1884 1600 παν-

1098 1618 1145 1650 τὸς
1159 1618 1263 1653 κόσμου
1286 1617 1438 1653 σωτηρίαν·
1454 1618 1628 1651 οἰκονομίαν
1649 1617 1678 1644 δὲ
1698 1617 1751 1644 τοῦ
1767 1626 1884 1652 μυστη-

1095 1665 1165 1698 ρίου
1179 1664 1229 1698 τὴν
1247 1663 1381 1698 ἀνάληψιν
1397 1663 1506 1689 πάντων
1525 1662 1677 1698 ἀνθρώπων
1700 1663 1740 1695 είς
1755 1663 1802 1690 ἕνα
1818 1664 1885 1699 Χρι-

1101 1711 1173 1736 στόν.
1189 1709 1275 1736 Τοῦτο
1296 1709 1324 1736 δὲ
1346 1709 1376 1735 τὸ
1403 1709 1562 1744 μυστήριον,
1583 1709 1676 1744 φησὶν,
1704 1709 1753 1744 οὺχ
1773 1708 1885 1744 ὕστερον

1101 1755 1257 1789 ἐπεσκέφθη
1275 1754 1351 1790 παρὰ
1364 1754 1434 1789 Θεῷ,
1446 1755 1486 1781 ὅτι
1503 1754 1586 1790 μηδὲν
1608 1755 1801 1790 ἐπιγενόμενον
1823 1755 1886 1790 βού-

1100 1801 1174 1836 λημα
1187 1802 1253 1836 παρ’
1270 1800 1355 1836 αὐτῷ,
1371 1801 1440 1828 ἀλλὰ
1460 1800 1569 1828 αἰώνιον
1591 1801 1675 1832 ἅπαν,
1693 1801 1752 1836 ἅμα
1767 1801 1807 1837 τῷ
1827 1801 1887 1828 κτίο

1100 1848 1168 1880 ζειν,
1185 1847 1234 1874 καὶ
1247 1847 1297 1882 τὴν
1309 1846 1447 1882 σωτηρίαν
1464 1846 1708 1882 καταὸαλλομένῳ.

1138 1944 1148 1960 ι
1163 1935 1223 1960 Ἵνα
1245 1933 1383 1968 γνωρισθῇ
1393 1928 1442 1959 νῦν
1458 1934 1518 1964 ταῖς
1540 1933 1649 1968 ἀρχαῖς,
1661 1933 1708 1959 καὶ
1733 1935 1792 1965 ταῖς
1812 1933 1887 1966 ἐξου-

1103 1980 1174 2012 σίαις
1191 1981 1219 2006 ἐν
1234 1981 1290 2011 τοῖς
1307 1979 1480 2015 ἐπουρανίοις
1493 1978 1537 2005 διὰ
1556 1979 1607 2013 τῆς
1632 1978 1824 2014 Ἑκκλησίαςή
1841 1987 1884 2006 ποι

1101 2027 1259 2058 λυποικιλος
1270 2026 1351 2061 σοφία
1365 2024 1413 2053 τοῦ
1430 2025 1508 2052 Θεοῦ.
1521 2035 1531 2050 ι
1681 2020 1686 2025 ’

1138 2073 1198 2100 Ἵνα
1214 2073 1239 2099 οἱ
1252 2073 1393 2108 ἄρχοντες,
1406 2072 1484 2107 φησι,
1497 2071 1545 2098 τοῦ
1561 2071 1677 2106 κόσμου,
1688 2072 1713 2098 ot
1728 2072 1777 2106 τὴν
1792 2072 1887 2106 σοφίαν

1102 2121 1298 2155 ἀγνοήσαντες,
1315 2120 1365 2154 τὴν
1389 2120 1456 2154 πρὸς
1475 2120 1550 2154 ἡμᾶς
1579 2119 1806 2154 προορισθεῑσαν,
1831 2119 1890 2145 ἐπι-

1057 2160 1088 2203 Ῑ)
1101 2165 1191 2200 γνῶσι
1207 2165 1254 2191 νῦν
1274 2165 1306 2192 ἐκ
1329 2165 1377 2200 τῆς
1405 2164 1568 2199 Ἐκκλησίας
1591 2163 1822 2199 οίκοδομουμένης
1842 2163 1890 2190 τὸν

1102 2209 1214 2244 κτίστην
1231 2210 1280 2244 τῆς
1296 2209 1359 2241 νέας
1382 2209 1508 2241 κτίσεως,
1537 2210 1625 2245 πέρας
1641 2209 1689 2244 μὲν
1707 2209 1838 2237 ἐπιθέντα
1854 2210 1888 2244 τῇ

1103 2255 1224 2290 προτέρᾳ
1237 2255 1327 2281 κτίσει
1343 2254 1388 2282 διὰ
1403 2254 1451 2281 τοῦ
1468 2255 1596 2287 θανάτου,
1612 2255 1699 2290 ἀρχὴν
1718 2255 1748 2282 δὲ
1763 2255 1812 2290 τῆς
1829 2255 1890 2281 δευ-

1101 2299 1184 2334 τέρας
1198 2300 1390 2334 εἰσαγαγόντος
1402 2300 1445 2326 διὰ
1461 2300 1511 2334 τῆς
1526 2300 1711 2331 ἀναστάσεως.

1141 2355 1150 2370 ι
1171 2344 1250 2371 Κατὰ
1259 2345 1388 2380 πρόθεσιν
1399 2345 1453 2372 τῶν
1465 2345 1584 2377 αἰώνων,
1598 2347 1632 2379 ἣν
1644 2346 1771 2382 ἐποίησιν
1787 2347 1817 2372 ἐν
1825 2347 1890 2382 Χρισ

1103 2388 1158 2422 στῷ
1175 2387 1262 2422 Ἰησοῦ
1278 2387 1316 2422 τῷ
1333 2389 1428 2423 Κυρίῳ
1443 2389 1533 2423 ήμῶν,
1553 2390 1582 2415 ἐν
1597 2386 1618 2423 ᾧ
1635 2390 1732 2424 ἔχομεν
1750 2390 1799 2426 τὴν
1816 2391 1888 2427 παῤ-

1102 2433 1200 2470 ρησίαν
1218 2434 1265 2460 καὶ
1287 2434 1336 2469 τὴν
1361 2435 1542 2470 προσαγωγὴν
1563 2436 1592 2462 ἐν
1612 2436 1771 2470 πεποιθήσει
1785 2436 1828 2463 διὰ
1839 2436 1888 2470 τῆς

1102 2479 1221 2510 πίστεως
1235 2479 1327 2507 αὑτοῦ,
1347 2480 1393 2506 Διὸ
1412 2481 1541 2515 αἰτοῦμαι
1560 2481 1597 2516 μὴ
1621 2482 1753 2508 ἐκκακεῑν
1776 2482 1806 2508 ἐν
1826 2482 1886 2513 ταῖς

1103 2524 1209 2559 θλίψεσί
1224 2533 1275 2560 μου
1293 2525 1363 2561 ὑπὲρ
1378 2525 1464 2561 ὑμῶν,
1478 2527 1537 2562 ἥτις
1552 2527 1612 2553 ἐστὶ
1625 2527 1688 2560 δόξα
1702 2527 1789 2563 ὑμῶν.
1804 2537 1814 2553 ι

1147 2614 1192 2646 Ἐξ
1209 2614 1327 2646 αῗὼνων,
1348 2615 1442 2649 φησὶν,
1459 2615 1476 2650 ὴ
1492 2615 1539 2641 τοῦ
1559 2614 1626 2641 Θεοῦ
1644 2615 1726 2650 σοφία
1748 2615 1886 2650 προέθετο,

1104 2661 1150 2687 καὶ
1165 2660 1358 2695 προδιατέταχε
1370 2661 1419 2696 τὴν
1434 2661 1462 2687 ἐν
1477 2661 1587 2696 Χριστῷ
1605 2662 1754 2697 σωτηρίαν,
1771 2662 1800 2687 ἐν
1814 2661 1888 2696 αὐτῷ

1104 2706 1277 2740 ποιησαμένη
1293 2705 1341 2741 τὴν
1357 2705 1421 2740 ὅλην
1439 2706 1567 2741 πρόθεσιν
1582 2705 1632 2741 τῆς
1641 2706 1807 2742 οἰκονομίας.
1821 2706 1888 2733 καθὸ

1103 2751 1135 2785 δὴ
1149 2750 1245 2785 ἔμελλε
1263 2751 1411 2784 κεφάλαιον
1427 2751 1537 2779 ἔσεσθαι
1560 2753 1610 2788 τῆς
1627 2752 1734 2780 πάντων
1749 2753 1889 2780 ἀνακαινί-

1105 2805 1182 2828 σεως.
1202 2796 1247 2824 Ἐν
1259 2796 1324 2832 ἡμῖν
1337 2797 1392 2834 γὰρ
1407 2798 1423 2833 ἡ
1439 2798 1583 2833 κάθαρσις,
1595 2799 1623 2824 ἐν
1634 2798 1710 2834 αὖτῷ
1728 2799 1756 2825 δὲ
1772 2800 1788 2834 ἡ
1806 2799 1888 2825 καθα-
