2077 3114
201 126 252 159 837

239 370 248 386 ι
262 359 365 386 Τούτου
382 359 463 394 χάριν
479 357 599 394 κάμπτω
612 358 647 384 τὰ
666 357 768 393 γόνατά
784 366 836 392 μου
850 356 920 392 πρὸς
944 356 990 383 τὸν

201 406 310 441 Πατέρα
323 404 370 432 τοῦ
384 405 487 441 Κυρίου
498 404 578 440 ἡμῶν
590 404 676 440 Ἰησοῦ
690 403 822 440 Χριστοῦ,
833 402 863 436 ἐξ
873 399 903 429 οὗ
915 402 990 428 πᾶσα

201 451 305 487 πατριὰ
320 452 348 478 ὲν
360 451 484 486 οὐρανοῖς
497 451 546 477 καὶ
556 451 603 478 ἐπὶ
621 451 673 486 γῆς
686 450 862 486 ὀνομάζεται.
880 458 889 474 ι

237 539 354 567 Διπλοῦν
364 540 394 567 τὺ
409 540 490 575 ἔργον
504 539 559 566 τῶν
575 539 746 572 ἀποστόλων,
761 537 924 566 διδασκαλία
941 537 989 564 καὶ

202 587 352 623 προσευχὴ,
379 586 439 613 καθ’
460 585 479 612 ἃ
503 586 628 618 λέγουσιν
653 585 678 612 οἱ
702 585 767 621 περὶ
792 585 838 612 τὸν
865 584 987 619 Πέτρον·

207 631 307 666 Ἡμεῖς
325 631 359 657 δὲ
371 630 409 665 τῇ
427 630 584 665 προσευχῇ
600 630 648 657 καὶ
671 630 708 664 τῇ
721 629 857 663 διακονίᾳ
868 630 921 656 τοῦ
942 630 990 656 ,λό-

202 686 257 713 γου
280 676 595 711 προσκαρτερήσομεν.
617 675 651 702 Ἦ
673 676 701 702 δὲ
720 675 775 701 τῶν
797 675 920 709 γονάτων
936 675 990 702 κλί-

204 733 246 756 σις
259 723 304 751 τὸν
325 723 535 759 προσπίπτοντα
558 722 598 758 τῷ
620 722 680 758 Θεῷ
705 721 791 758 δηλοῖ.
816 722 934 757 Πατριαὶ
959 721 989 749 δὲ

202 770 250 797 νῦν
262 770 276 789 II
294 769 341 796 ἐπὶ
354 769 403 804 τῆς
420 769 470 803 γῆς
487 768 568 804 διχῶς
584 768 773 803 ὀνομάζονται,
784 767 838 794 τῶν
855 767 904 802 μὲν
918 767 989 793 κατὰ

203 816 293 851 σάρκα
309 815 362 842 τῶν
388 815 417 842 δὲ
444 815 515 842 κατὰ
544 815 654 850 πνεῦμα
681 814 808 849 πατέρων
825 813 921 840 ὄντων.
943 813 987 839 Ἑν

201 861 308 897 οὑρινῷ
318 861 346 888 δὲ
356 860 548 896 πνευματικῶς
556 860 643 895 μόνως
653 859 834 895 ὀνομάζεσθαι
847 859 985 886 δύνανται.
1004 853 1025 881 Β

202 907 265 939 Οἵος
272 905 306 942 ἦν
327 908 342 934 ὁ
357 906 404 934 τοῦ
426 906 532 942 Ἰσραὴλ
541 906 710 938 διδάσκαλος,
726 907 740 932 ὁ
750 905 796 932 τὸν
809 905 892 940 νόμον
909 905 989 940 κομί-

203 962 253 984 σας
275 952 400 987 ἄγγελος.
424 951 513 979 Πολλὰ
532 952 560 979 δὲ
588 954 635 979 καὶ
654 951 765 986 μείζονα
791 951 925 985 ἀγγέλων,
942 951 989 977 καὶ

202 997 425 1033 ἡγεμονικώτερὰ
438 998 497 1024 ἐστι
509 997 653 1033 πνεύματα
661 1005 668 1011 ·
681 996 719 1028 ὡς
739 996 852 1028 Ἡσαΐας
863 996 938 1031 δηλοῖ
945 995 989 1022 λέ-

201 1051 268 1076 γων·
285 1043 326 1070 οὐ
341 1042 485 1077 πρέσϐυς,
498 1043 554 1069 οὐκ
578 1042 715 1076 ἄγγελος,
732 1041 823 1077 μεῖζόν
839 1049 866 1068 τι
879 1040 925 1068 τοῦ
943 1041 990 1074 ἁγ-

201 1087 280 1122 γέλου
291 1088 337 1115 τὸν
351 1087 472 1123 πρέσὸυν
482 1087 580 1122 δηλῶν,
600 1087 630 1113 ὃν
643 1088 691 1114 καὶ
712 1087 828 1121 Πατέρα
843 1086 988 1113 ἀκόλουθον

201 1134 342 1161 καλεῖσθαι
356 1133 432 1170 παρὰ
446 1133 485 1169 τῷ
507 1133 671 1167 Ἀτιοστόλῳ.

242 1229 252 1246 ‹
264 1221 324 1247 Ἵνα
333 1220 389 1255 δῴη
400 1221 464 1255 ὑμῖν
479 1220 550 1247 κατὰ
564 1220 610 1248 τὸν
623 1220 736 1248 πλοῦτον
744 1221 794 1255 τῆς
804 1221 883 1256 δόξης
893 1221 987 1253 αὑτοῦ,

201 1264 312 1300 δυνάμει
328 1265 535 1300 κραταιωθῆναι
553 1265 598 1292 διὰ
613 1266 661 1292 τοῦ
677 1266 834 1301 Πνεύματος
849 1266 931 1294 αὑτοῦ
948 1267 988 1296 εἰς

201 1311 247 1337 τὸν
262 1310 318 1337 ἔσω
331 1311 485 1346 ἄνθρωπον,
501 1311 664 1346 κατοικῆσαι
679 1311 724 1339 τὸν
741 1311 858 1348 Χριστὸν
877 1312 921 1339 διὰ
936 1312 985 1347 τῆς

202 1356 320 1389 πίστεως
335 1357 364 1384 ἐν
379 1359 438 1389 ταῖς
456 1357 581 1392 καρδίαις
597 1357 675 1392 ὑμῶν
689 1366 696 1373 ·
713 1358 741 1384 ἂν
758 1358 853 1395 ἀγάπῃ
871 1358 988 1394 ἐρριζω-

204 1403 290 1437 μένοι,
304 1403 353 1430 καὶ
366 1402 609 1438 τεθεμελιωμένοι,
627 1403 671 1431 ἵνα
688 1403 851 1439 ἐξισχύσητε
867 1403 987 1432 καταλα-

202 1447 297 1474 ϐέσθαι
312 1448 361 1474 σὺν
376 1448 444 1475 πᾶσι
456 1449 512 1480 τοῖς
524 1448 625 1483 ἁγίοις.
642 1457 652 1475 ι

772 125 812 155 ΙΝ
832 122 954 154 EPIST.
973 121 1023 150 AD
1042 122 1236 155 EPHESIOS.

203 183 298 220 ρότης”
315 182 363 209 καὶ
378 182 395 217 ἡ
410 181 456 209 διὰ
469 181 519 217 τῆς
533 182 652 214 πίστεως
664 182 797 216 συνάφεια
813 179 990 215 μεταδίδωσιν

1043 178 1070 205 in
1090 179 1137 207 illo
1161 186 1253 209 autent
1282 181 1427 210 mundities
1452 184 1480 209 et
1505 180 1611 216 paritas
1638 180 1742 208 exstitit
1766 189 1773 208 :

158 227 163 231 ’
202 230 266 265 ἡμῖν
283 229 334 264 τῆς
345 228 380 255 δι’
395 227 481 254 αὐτοῦ
494 228 662 262 παρρησίας.

1782 121 1835 153 838

1803 182 1834 206 et

1043 225 1202 260 cenjunctio
1219 234 1280 261 quae
1303 234 1350 261 per
1376 226 1456 253 ﬁdem
1475 229 1610 261 patratur,
1635 225 1830 252 conlidentiam

1041 271 1121 299 nobis
1139 273 1340 302 communicat.
1357 273 1436 308 cujus
1455 273 1513 307 ipse
1528 276 1669 307 sequester
1682 271 1745 299 fuit.

1082 361 1164 389 Vens.
1190 362 1242 394 Η,
1265 362 1309 389 15.
1331 372 1339 388 ι
1359 362 1448 397 llujus
1465 363 1502 389 rci
1531 363 1617 397 gratia
1635 362 1716 390 ﬁeclo
1741 369 1830 396 genus

1041 414 1102 434 mea
1125 407 1158 434 ad
1183 407 1291 435 Patrem
1320 408 1429 435 Domini
1447 409 1534 435 nostri
1557 407 1622 435 Jesu
1649 408 1769 438 Christi.
1795 415 1828 435 cx

1040 461 1096 488 quo
1111 453 1201 480 omnis
1218 453 1369 489 patcruitas
1395 454 1422 481 in
1444 453 1524 481 caelis
1544 457 1571 482 et
1589 454 1617 481 in
1640 457 1713 481 terra
1739 454 1829 481 nomi-

1041 504 1132 526 natur.
1152 508 1161 525 Ι

1082 544 1199 573 Functio
1218 545 1322 581 duplex
1346 546 1536 580 apostolorum
1563 545 1624 577 fuit,
1656 544 1781 572 doctrina
1802 548 1829 571 et

1039 590 1150 618 oratio:
1176 591 1406 626 quemadmodum
1432 591 1530 619 Petrus
1557 591 1673 625 ejusque
1694 590 1762 618 socii
1788 590 1831 617 di-

1040 641 1106 663 cunt
1123 645 1130 664 :
1156 635 1214 664 Nos
1239 641 1327 664 autem
1347 637 1466 663 orationi
1486 641 1512 664 et
1530 635 1677 663 ministerio
1701 635 1771 662 verbi
1788 635 1830 662 iu-

1039 686 1139 709 stantes
1151 683 1250 709 erimus
1264 680 1307 709 δ”.
1317 683 1401 709 Porro
1418 690 1464 718 per
1481 681 1694 710 suhmissionem
1710 687 1829 715 genuum

1040 727 1085 754 ille
1104 727 1250 754 denotatur
1267 728 1312 762 qui
1332 735 1425 755 coram
1443 727 1497 755 Deo
1522 727 1653 762 procidit.
1675 726 1830 753 Paternita-

1040 777 1080 801 les
1100 778 1190 800 autem
1216 773 1242 800 in
1263 777 1336 800 terra
1360 773 1506 808 dupliciter
1528 773 1716 802 nominantur,
1738 776 1766 799 ut
1782 771 1830 799 alii

1040 818 1190 844 secundum
1208 826 1320 845 carnem
1338 819 1391 845 sint
1406 822 1509 853 patres,
1531 818 1578 845 alii
1603 817 1755 845 secundum
1772 818 1830 852 spi-

1041 864 1145 891 ritum:
1167 863 1195 890 in
1211 864 1282 891 cmlo
1307 868 1397 891 autem
1417 864 1555 899 spirituali
1579 864 1711 891 duntaxat
1726 864 1831 890 ratione

1039 913 1158 943 possunt
1172 909 1321 936 nominari.
1343 909 1433 943 Atque
1454 908 1590 943 ejusmodi
1606 911 1665 935 erat
1683 907 1831 935 doctoris-

1039 954 1133 986 raelis,
1160 954 1286 988 angelus.
1305 954 1428 988 inquam,
1448 953 1494 981 ille
1508 953 1556 988 qui
1574 953 1660 988 legem
1685 951 1757 979 tulit.
1775 951 1831 978 Ca:-

1040 1003 1127 1026 Ierum
1144 1000 1222 1026 multi
1245 999 1361 1034 spiritus
1377 1003 1442 1026 sunt
1461 1006 1494 1026 ac
1513 999 1592 1033 longe
1611 997 1788 1025 sublimiores
1803 1000 1831 1023 et

1040 1044 1244 1079 spiritualiores
1271 1044 1388 1079 angelis,
1413 1043 1496 1071 veluti
1522 1043 1610 1070 Isaias
1642 1042 1764 1070 declarat
1789 1041 1830 1068 di-

1039 1096 1105 1116 cens
1121 1098 1128 1116 :
1149 1087 1209 1116 Non
1225 1089 1338 1124 legatus,
1364 1097 1416 1116 non
1436 1089 1544 1124 angelus
1560 1088 1602 1121 ⁸⁸;
1619 1095 1675 1122 quo
1694 1087 1831 1121 signiﬁcat

1039 1141 1093 1161 non
1107 1133 1173 1160 nihil
1188 1134 1286 1168 angelo
1298 1134 1517 1169 praestantiorem
1529 1140 1592 1160 esse
1604 1133 1735 1167 legatum,
1748 1139 1829 1167 quem

1039 1178 1154 1213 proinde
1168 1178 1315 1212 Apostolus
1330 1179 1411 1206 etiam
1422 1178 1531 1205 Patrem
1543 1178 1670 1213 appellat.

1075 1225 1155 1260 185
1173 1224 1255 1253 Vsus.
1276 1225 1366 1252 16-18.
1384 1233 1394 1250 ι
1417 1223 1452 1251 Ut
1465 1224 1511 1252 det
1523 1224 1602 1252 vobis
1618 1223 1768 1251 secundum
1785 1222 1830 1250 di-

1038 1270 1120 1298 vitias
1138 1271 1233 1306 gloria;
1246 1278 1304 1298 suae
1321 1271 1422 1298 virtute
1439 1270 1617 1298 corroborari
1631 1277 1679 1304 per
1690 1269 1828 1304 Spiritum

1040 1316 1068 1344 in
1095 1316 1256 1344 interiorem
1281 1317 1448 1349 hominem,‘
1466 1316 1590 1343 habitare
1618 1315 1760 1343 Christum
1784 1322 1832 1350 per

1041 1362 1120 1390 ﬁdem
1137 1363 1165 1390 in
1180 1363 1315 1391 cordibus
1335 1363 1447 1394 vestris,
1464 1371 1492 1390 In
1511 1363 1647 1390 charilate
1673 1362 1788 1389 radicati
1803 1367 1832 1389 et

1040 1409 1159 1442 fundati,
1174 1414 1204 1437 ut
1222 1410 1340 1445 possitis
1356 1409 1593 1444 comprehendere
1609 1415 1672 1436 cum
1697 1408 1833 1436 onmibuz

1041 1459 1158 1481 ειηοιιε.
1183 1463 1193 1479 ι

242 1495 275 1521 Ἦ
290 1495 398 1530 αἴτησις
412 1494 529 1530 μεγάλη,
547 1495 584 1527 ὼς
600 1494 677 1530 παρὰ
697 1495 828 1530 μεγάλου,
845 1494 923 1530 φησὶ,
940 1494 987 1521 τοῦ

1077 1499 1175 1535 Magna
1205 1501 1314 1535 petitio,
1344 1500 1444 1535 inquit,
1464 1500 1530 1534 quia
1556 1507 1571 1526 ιι
1597 1506 1696 1534 magno
1720 1498 1829 1526 datoro.

201 1539 326 1571 διδόντος.
344 1539 402 1566 Νῦν
414 1540 468 1575 γὰρ
482 1539 520 1575 τῷ
533 1538 590 1566 δντι
603 1539 687 1574 ἀξίως
699 1540 750 1575 τῆς
764 1539 812 1566 τοῦ
824 1539 892 1566 Θεοῦ
909 1540 987 1575 δόξης

201 1585 250 1615 τὰς
268 1585 350 1620 εὐχὰς
363 1585 554 1621 ἐδιδάχθημεν,
569 1585 614 1612 ὅτε
640 1585 678 1620 μὴ
699 1586 782 1620 γήϊνα
796 1585 888 1620 ζητεῖν
913 1586 990 1612 ἐπαι-

201 1629 346 1666 δεύθημεν,
362 1631 421 1658 ἀλλ’
438 1632 563 1667 οὐράνια.
586 1630 620 1658 Ἦ
631 1631 659 1658 δὲ
678 1632 797 1666 αἴτησις,
817 1631 989 1662 ἀνακαίνισις

201 1676 290 1713 ψυχῆς
313 1677 359 1704 καὶ
383 1677 516 1714 ἐπισκευὴ
529 1679 570 1710 εἰς
591 1678 623 1705 τὺ
652 1678 682 1705 ὲν
700 1677 839 1712 Πνεύματι
864 1677 987 1710 δυνατὸν,

202 1723 297 1760 ὥσπερ
313 1725 387 1760 ἡμᾶς
404 1725 578 1752 ἀπολελοίπει
594 1725 756 1756 διαστάντας
768 1724 848 1751 Θεοῦ.

160 1829 171 1838 κ
239 1824 250 1840 ι
276 1815 310 1842 τι
335 1815 366 1842 τδ
392 1815 505 1849 πλάτος,
535 1817 583 1843 καὶ
611 1817 716 1852 μῆκος,
746 1817 793 1844 καὶ
818 1816 917 1852 βάθος,
942 1816 990 1844 καὶ

204 1860 280 1895 ὕψος.
298 1870 307 1887 ι

237 1907 274 1934 Τὸ
291 1907 342 1941 μὲν
361 1906 507 1942 ἀσώματον
522 1907 596 1935 ἐστὶν
612 1907 778 1944 ἀμέτρητον,
796 1909 863 1936 ἀλλὰ
878 1909 923 1937 διὰ
935 1909 990 1937 τῶν

205 1952 397 1989 μετρουμένων
410 1953 545 1988 σωμάτων
568 1953 707 1987 ὑπέδειξεν
725 1954 808 1981 αὑτοῦ
827 1954 857 1981 τὸ
877 1954 990 1991 ἄπειρον

203 1999 250 2026 καὶ
266 1998 463 2034 ἀπερίληπτον.
484 1999 570 2034 Ὕψος
585 1999 613 2026 δὲ
629 2000 676 2026 καὶ
694 2000 775 2035 βάθος
787 2001 864 2036 φησὶ,
878 2002 948 2028 κατὰ.
960 2002 991 2029 τὸ

203 2045 348 2080 εἰρημένον
363 2045 416 2071 ὑπὸ
429 2045 475 2072 τοῦ
487 2045 615 2080 ἀγγέλων
627 2047 704 2079 Δόξα
714 2048 749 2074 ἐν
761 2048 903 2081 ὑψίστοις
918 2048 989 2081 Θεῷ,

204 2091 253 2118 καὶ
265 2091 313 2118 ἐπὶ
326 2091 382 2126 γῆς
391 2091 504 2126 εἰρήνη.
520 2092 574 2119 Καὶ
588 2093 644 2124 τοῖς
655 2092 701 2120 ἐπὶ
714 2093 766 2128 γῆς
777 2093 830 2131 γὰρ
843 2094 990 2130 ὲφήπλωσε

205 2135 253 2171 τὴν
265 2135 344 2171 χάριν
358 2135 402 2163 διὰ
416 2137 465 2172 τῆς
475 2136 523 2164 τοῦ
545 2137 633 2172 Λόγου
649 2138 812 2173 παρουσίας.

244 2279 253 2296 ι
276 2270 380 2297 Γνῶναι
401 2279 429 2297 τε
452 2271 502 2306 τὴν
536 2271 759 2307 ὑπερϐάλλουσαν
783 2272 833 2307 τῆς
862 2272 992 2307 γνώσεως

205 2317 315 2352 ἀγάπην
330 2316 376 2343 τοῦ
392 2317 522 2352 Χριστοῦ.
542 2327 551 2343 ι

245 2362 290 2388 Ἐν
304 2363 337 2397 τῇ
353 2361 502 2397 μεταλήψει
520 2362 567 2389 τοῦ
590 2362 709 2397 Χριστοῦ
723 2364 739 2398 ἡ
753 2363 856 2399 ἀληθὴς
872 2364 971 2398 γνῶσις
983 2373 990 2381 ·

203 2408 248 2435 διὰ
262 2408 289 2435 δὲ
304 2408 352 2443 τῆς
365 2407 492 2442 γνώσεως
508 2409 525 2443 ὴ
548 2409 644 2444 ἀγάπη
659 2408 743 2444 νένδον
771 2409 818 2437 ἐπὶ
842 2411 892 2446 τῆς
906 2411 995 2446 ψυχῆς

205 2454 284 2485 οὖσα,
298 2454 345 2480 καὶ
358 2455 560 2490 γινωσκομένη,
577 2455 678 2489 γνῶσιν
697 2455 853 2492 ἀπόρρητον
869 2459 950 2488 ποιεῖ,
962 2458 995 2492 ἦν

204 2499 249 2526 καὶ
274 2499 384 2534 μείζονα
400 2499 475 2535 λέγει
489 2502 537 2536 τῆς
560 2502 701 2537 ἐμφανοῦς
713 2502 760 2528 καὶ
779 2502 823 2529 διὰ
838 2502 926 2537 λόγων
950 2512 995 2536 γιη»

205 2553 333 2578 νομενης.

245 2632 267 2649 ⁸¹
280 2635 341 2662 Act.
357 2642 394 2666 vt,
407 2635 434 2662 4,
464 2635 486 2650 ⁵³
500 2635 551 2662 Isa.
566 2644 642 2667 Lxui,
659 2638 685 2663 9.
716 2637 738 2652 δ’
752 2636 820 2663 Luc.
838 2644 868 2669 ιι,
887 2638 931 2664 H.

1041 1545 1122 1573 Nunc
1149 1546 1222 1573 enim
1239 1553 1305 1573 vere
1322 1545 1472 1573 didicimus
1497 1546 1596 1580 dignas
1623 1545 1765 1580 majestate
1784 1544 1831 1572 Dei

1041 1591 1217 1626 precationes
1246 1591 1374 1623 fundere,
1401 1591 1511 1626 quando
1534 1592 1625 1618 edocti
1650 1598 1747 1619 sumus
1774 1598 1832 1618 non

1041 1641 1151 1665 terrena
1167 1644 1303 1672 quaerere,
1326 1638 1374 1665 sed
1395 1637 1533 1666 caelestia.
1553 1637 1652 1664 Petilio
1675 1642 1765 1664 autem
1788 1643 1832 1663 re-

1042 1683 1154 1710 novatio
1169 1687 1211 1711 est
1228 1683 1323 1715 animi,
1351 1687 1379 1709 et
1404 1683 1568 1710 instauratio
1594 1683 1706 1709 virtutis
1730 1689 1831 1710 secun-

1042 1729 1107 1756 dum
1132 1728 1276 1764 Spiritum,
1301 1735 1356 1764 qua
1376 1729 1502 1757 destituti
1529 1728 1632 1756 fuimus
1657 1728 1722 1756 dum
1743 1735 1758 1754 a
1776 1727 1832 1756 Deo

1042 1774 1222 1803 descivimus.
1240 1793 1245 1796 -

1082 1829 1091 1846 ι
1105 1821 1171 1854 Quae
1183 1821 1221 1849 sit
1238 1820 1367 1854 latitudo,
1381 1823 1411 1848 et
1428 1819 1583 1855 longitudo,
1599 1823 1628 1847 et
1648 1819 1830 1855 profundum,

1042 1872 1071 1896 ct
1085 1868 1252 1895 sublimitas.
1277 1877 1287 1893 ι

1077 1913 1157 1946 Quod
1189 1913 1383 1948 incorporeum
1398 1917 1451 1945 est,
1475 1912 1630 1939 mensurari
1655 1919 1709 1938 non
1725 1915 1830 1947 potest;

1044 1959 1094 1986 sed
1113 1966 1160 1993 per
1176 1965 1293 1992 corpora
1310 1965 1372 1992 qua:
1394 1957 1446 1985 sub
1473 1964 1632 1984 mensuram
1653 1956 1768 1990 cadunt,
1791 1957 1833 1984 si-

1044 2003 1185 2039 gniﬁcavit
1210 2003 1425 2030 immensitatem
1454 2009 1544 2034 suam,
1564 2001 1695 2036 quodque
1711 2006 1832 2036 nequeat

1044 2047 1251 2087 Comprehendi.
1279 2047 1442 2075 Sublimitas
1465 2055 1531 2075 vero
1545 2051 1572 2074 et
1589 2047 1767 2082 profundum,
1790 2048 1833 2074 in-

1045 2095 1116 2130 quit,
1130 2101 1184 2124 eno
1195 2101 1279 2121 sensu
1301 2093 1415 2129 angelus
1429 2093 1538 2120 dixerat
1555 2102 1569 2120 :-
1579 2093 1672 2121 Gloria
1685 2093 1712 2120 in
1729 2094 1832 2120 altissi-

1045 2142 1094 2168 mi:
1117 2142 1179 2173 ιιιο,
1200 2145 1225 2167 et
1239 2140 1268 2167 in
1283 2146 1353 2167 terra
1368 2148 1422 2174 pax
1437 2140 1472 2167 “.
1498 2139 1567 2166 Nam
1582 2140 1610 2167 in
1627 2143 1700 2167 terra
1721 2147 1832 2174 quoquo

1042 2187 1157 2222 gratiam
1175 2186 1325 2221 explicavit
1342 2193 1420 2213 suam
1436 2193 1486 2221 per
1500 2185 1651 2213 adventum
1667 2189 1695 2212 ct
1711 2192 1832 2220 prasen-

1044 2232 1109 2259 tiam
1129 2231 1221 2259 Verbi.

1077 2276 1161 2305 Vnus.
1182 2277 1224 2304 t9.
1243 2287 1253 2303 ι
1273 2276 1351 2304 Scire
1363 2277 1446 2304 etiam
1461 2275 1715 2312 supereminentem
1740 2276 1833 2304 scien-

1043 2323 1085 2349 tia:
1099 2322 1262 2350 charitatcm
1283 2321 1400 2349 Christi.
1421 2330 1431 2347 ›

1078 2368 1277 2395 Communione
1288 2375 1350 2395 cum
1362 2367 1474 2394 Christo
1488 2367 1602 2395 scientia
1615 2374 1679 2394 vera
1694 2363 1830 2394 habeturi

1044 2413 1165 2441 charitas
1180 2417 1271 2441 autem
1302 2414 1376 2441 intus
1394 2414 1422 2440 in
1447 2413 1539 2440 anima
1555 2421 1603 2448 per
1620 2412 1766 2440 scientiam
1781 2419 1832 2439 ex-

1045 2459 1147 2486 sislens
1162 2464 1189 2487 et
1204 2459 1323 2494 cognita,
1341 2467 1472 2486 arcanam
1494 2459 1621 2486 notitiam
1646 2457 1728 2492 parit,
1745 2464 1831 2492 quam

1045 2509 1071 2532 et
1088 2505 1219 2539 majorem
1243 2513 1306 2532 esse
1329 2505 1398 2532 dicit
1419 2505 1468 2532 illa
1491 2512 1552 2540 quae
1579 2503 1725 2539 perspicua
1751 2502 1833 2531 nobis

1045 2555 1097 2583 est,
1111 2555 1137 2578 et
1155 2552 1246 2579 verbis
1261 2559 1293 2578 ac
1307 2551 1408 2578 litteris
1427 2554 1550 2586 paratur.

841 2713 959 2741 VARIzE
980 2714 1186 2743 LECTIONES.

261 2761 275 2778 ι
293 2757 414 2795 Πατριαὶ
436 2757 470 2784 δὲ
496 2758 564 2795 νῦιζ.
584 2757 677 2794 Neque
706 2759 762 2787 haec
790 2767 805 2786 a
830 2759 1027 2795 Chrysostomo
1053 2764 1163 2795 accepta
1193 2764 1268 2792 sunt,
1301 2760 1338 2786 uti
1363 2767 1414 2787 nec
1432 2760 1486 2786 alia
1501 2761 1652 2794 complura.
1667 2759 1768 2788 Vocem
1782 2767 1834 2787 πα-

207 2791 283 2829 τρία,
312 2793 406 2830 eodem
439 2800 522 2830 sensu
540 2791 859 2830 Damascenusaccepit.
877 2791 932 2830 quo
947 2794 1079 2830 Vulgatus
1097 2791 1192 2822 noster
1209 2796 1344 2828 interpres
1371 2795 1496 2827 Latinus,
1518 2791 1760 2829 pro-Paternitate,
1776 2802 1833 2823 non

208 2834 258 2861 pro
271 2828 426 2862 cognatione
439 2833 485 2854 aut
498 2828 601 2863 familia
618 2837 626 2855 :
639 2837 691 2864 qua
705 2829 786 2857 ctiam
801 2828 834 2857 ab
850 2828 962 2857 au'ctore
976 2828 1070 2858 nostro
1087 2830 1206 2858 sumitur
1221 2830 1268 2857 lib.
1284 2830 1319 2857 De
1334 2830 1380 2858 ﬁd.
1401 2830 1468 2858 artlt.
1484 2837 1543 2863 cap.
1557 2830 1585 2858 8.
