2077 3114
256 118 310 151 839

839 115 869 145 S.
888 115 1049 145 JOANNIS
1067 114 1281 146 DAMA‘SCENI

1829 116 1882 150 810

289 187 299 205 ι
320 174 356 204 Ut
371 173 542 210 impteamini
558 174 585 201 in
601 179 710 200 omnem
733 172 935 208 plenitudinem
953 172 1010 200 Dei.
1033 181 1042 197 ι

1135 183 1144 198 ε
1175 173 1233 199 Ἵνα
1261 172 1423 208 πληρωθῆτε
1452 173 1493 204 είς
1525 173 1580 200 πᾶν
1609 173 1641 200 τὸ
1666 173 1804 210 πλήρωμα
1834 175 1882 202 τοῦ

289 262 326 291 Ut
338 262 531 290 additamenta
547 264 651 288 sanctae
667 260 741 288 illius
763 260 894 288 Ecclesiae
912 260 1044 293 calcatis,

254 313 310 336 tota
328 307 471 344 plenitudo
497 306 544 334 Dei
567 306 718 340 coalescat,
734 314 797 334 cum
817 314 850 335 ex
869 307 1043 339 carlestihus.

255 359 312 381 tum
326 361 357 380 ex
374 353 505 381 terrenis.

290 400 374 428 Vsus.
396 400 441 432 2t),
457 399 505 427 2i.
526 408 535 425 ι
554 399 586 426 Ei
600 402 692 426 autent
716 398 762 434 qui
783 401 880 433 potens
896 404 935 426 est
953 399 1046 426 omnia

254 444 346 472 facere
361 445 620 480 superabundanter
637 451 719 479 quam
739 444 859 479 petimus
880 449 929 471 aut
945 444 1046 471 intelli-

253 491 353 525 gimus,
365 491 517 518 secundum
531 491 660 518 virtutem
678 498 739 525 qua:
753 495 885 525 operatur
901 490 928 517 in
943 489 1025 517 nobis
1037 498 1044 521 ;

254 538 306 572 ipsi
327 537 412 572 gloria
435 537 463 564 in
484 536 618 569 Ecclesia,
636 537 662 563 in
686 536 798 564 Christo
814 535 891 570 Jesu,
905 536 932 564 in
949 543 1045 564 omnes

254 583 446 619 generationes
460 583 553 610 szeculi
571 583 750 610 saeculorum.
769 583 868 610 Amen.
888 592 898 608 ι

583 649 662 677 CAP.
682 649 727 677 IV.

289 708 373 736 Vsus.
394 709 455 736 t~5.
474 717 483 733 ι
498 706 624 735 Obsecro
640 707 733 742 itaque
749 714 810 740 vos,
827 713 879 742 ego
891 706 1003 734 vinctus
1018 705 1046 733 in

255 752 383 780 Domino.
400 762 411 779 ι

290 797 350 826 Νοη
366 799 420 827 sibi
433 798 536 827 Paulus
547 802 658 834 arrogat
673 798 748 833 quod
757 797 850 826 omnia
863 797 1045 826 intellexerit.

1095 219 1174 246 Θεοῦ.
1193 228 1202 245 i

1132 264 1193 291 Ἵνα
1219 263 1469 300 προσ-τεθειμένης,
1493 264 1595 299 φησιν,
1622 265 1672 300 τῆς
1697 265 1883 300 ἁγιαζομένης

1101 310 1264 346 Ἐκκλησίας
1274 311 1324 345 τῆς
1334 311 1471 345 οὐρανίου,
1490 310 1520 337 τὸ
1531 312 1585 338 πᾶν
1598 310 1736 346 πλήρωμα
1752 310 1800 337 τοῦ
1812 311 1882 337 Θεοῦ

1097 357 1207 392 συνιστῇ
1226 356 1270 383 διά
1283 365 1312 382 τε
1328 357 1382 383 τῶν
1402 356 1537 392 οὐρανίων
1551 357 1598 383 καὶ
1613 357 1754 391 ἐπιγείων.

1133 410 1143 426 ‹
1159 401 1205 436 Τῷ
1222 401 1252 428 δὲ
1270 401 1411 437 δυναμένῳ
1428 402 1498 436 ὑπὲρ
1521 402 1610 428 πάντα
1626 403 1738 437 ποιῆσαι
1754 402 1824 438 ὑπὲρ
1839 403 1884 429 ὲκ-

1096 447 1228 482 περισσοῠ
1244 444 1281 475 ὢν
1296 447 1458 483 αἰτούμεθα.
1476 448 1492 483 ἢ
1510 448 1635 483 νοοῦμεν,
1655 449 1726 475 κατὰ
1740 448 1790 484 τὴν
1805 448 1884 476 δῦνα-

1096 501 1142 528 μιν
1155 492 1204 527 τὴν
1228 493 1428 529 ἐνεργουμένην
1443 495 1472 520 ἐν
1496 495 1571 529 ἡμῖν,
1593 494 1668 529 αὺτῷ
1683 495 1700 529 ἡ
1720 494 1783 526 δόξα
1801 496 1830 522 ὲν
1850 497 1882 531 τῇ

1102 538 1250 574 Ἐκκλησία
1261 539 1290 566 ὲν
1308 538 1420 575 Χριστῷ
1445 539 1544 575 Ἰησοῦ,
1559 541 1596 572 εἰς
1618 539 1708 571 πάσας
1721 540 1771 572 τὰς
1784 541 1882 575 γενεᾶς

1095 584 1142 611 τοῦ
1156 584 1254 616 αἰῶνος
1273 585 1328 611 τῶν
1345 584 1461 612 αἰώνων.
1485 586 1583 620 Ἀμήν.
1611 595 1620 611 ι

1395 650 1524 679 ΚΕΦΑΛ.
1548 653 1585 679 Δ’.

1133 717 1144 733 ι
1165 707 1321 744 Παρακαλῶ
1331 706 1379 735 οὖν
1395 708 1468 744 ὑμᾶς
1481 707 1537 742 ἐγὼ
1551 710 1566 736 ὁ
1579 708 1692 744 δέσμιος
1704 710 1733 736 ιν
1747 709 1852 744 Κυρίῳ.
1870 720 1881 737 .-

1131 797 1199 824 Οὐδὲ
1224 797 1314 832 ἑαυτῷ
1335 796 1426 824 δίδωσι
1447 796 1478 823 τὸ
1497 797 1587 823 πάντα
1601 796 1748 823 συνιέναιό
1764 796 1881 829 Παῦλος,

254 844 311 873 Deo
325 849 418 872 autem
438 845 492 872 hoc
504 843 652 877 adscribit,
667 844 744 879 quod
768 844 872 878 majora
888 845 971 871 etiam
991 843 1042 870 im-

1095 843 1155 879 Θεῷ
1169 843 1197 870 δὲ
1214 843 1367 878 ἀνατίθησι,
1379 843 1410 869 τὸ
1429 843 1476 869 καὶ
1491 843 1604 878 μείζονα
1618 839 1656 869 ὧν
1671 842 1823 877 αἰτούμεθα
1833 852 1883 878 χα-

254 891 354 925 pertiat
381 897 463 926 quam
489 890 684 926 postulemus,
704 889 928 925 quandoquidem
955 888 1044 917 virtus

254 944 316 972 qua;
331 937 563 965 subministratur
586 936 679 969 nobis,
697 943 752 963 non
775 942 850 962 nunc
869 939 956 962 totum
976 933 1044 961 illud

255 986 378 1018 praestat,
394 982 468 1018 quod
480 986 524 1010 est
539 982 645 1016 gratiae.
660 981 797 1009 Caeterum
811 982 839 1008 in
856 979 967 1008 Christo
978 979 1044 1007 Iesu

254 1036 347 1056 veram
360 1035 422 1056 esse
438 1028 554 1063 gloriam
569 1027 646 1060 dicit,
661 1032 689 1055 et
703 1026 844 1056 consimili
862 1025 982 1061 quadam
997 1033 1044 1053 ra-

254 1075 331 1102 tione
349 1075 377 1101 in
395 1074 529 1102 Ecclesia.

291 1130 302 1147 t
331 1120 419 1156 Digne
445 1119 585 1148 ambulate
604 1120 750 1148 vocatione
766 1126 821 1155 qua
841 1119 932 1147 vocati
955 1118 1043 1152 estis,

253 1175 318 1196 cum
357 1167 433 1194 omni
465 1166 623 1194 humilitate
655 1170 684 1194 et
712 1165 943 1199 mansuetudine;
980 1172 1044 1192 cum

254 1212 390 1249 patientia
421 1215 616 1247 supportantes
651 1211 770 1239 invicem
803 1212 831 1238 in
866 1210 1042 1243 dilectione,

254 1258 369 1286 solliciti
403 1265 516 1285 servare
545 1257 678 1285 unitatem
713 1256 835 1292 Spiritus
868 1257 897 1284 in
930 1256 1044 1284 vinculo

254 1304 342 1340 pacis.
363 1313 373 1330 ι

288 1350 331 1377 Ad
345 1350 408 1378 vita
426 1349 651 1382 sanctimoniam,
674 1349 777 1385 inquit,
801 1349 869 1378 estis
893 1349 998 1382 vocati,
1015 1353 1044 1377 et

254 1395 363 1423 vacatio
388 1395 552 1430 spirituales
580 1398 672 1423 mores
700 1394 832 1430 postulat.
860 1393 894 1422 Hi
919 1401 1001 1430 porro
1026 1402 1043 1422 a

254 1441 404 1474 contraria,
425 1447 440 1467 a
465 1441 578 1468 carnale
601 1440 723 1473 scilicet,
741 1445 958 1476 cognoscuntur.
975 1439 1042 1467 Nam

254 1486 279 1514 si
296 1486 324 1513 in
346 1486 504 1514 carnalibus
527 1485 672 1521 vigescunt
696 1485 844 1520 superbia,
870 1485 1040 1521 arrogantia,

1097 888 1220 925 ρίξεσθαι
1233 895 1240 902 ·
1257 888 1351 923 ἐπειδὴ
1364 887 1412 914 καὶ
1429 888 1445 923 ἡ
1468 888 1660 924 χορηγουμόνη
1675 888 1791 924 δύναμις
1816 889 1881 925 ἡμῖν

1095 935 1143 962 νῦν
1157 935 1234 962 οὔπω
1248 936 1279 962 τὺ
1303 934 1415 969 σύμπαν
1439 934 1490 970 τῆς
1505 935 1618 971 χάριτος
1640 935 1813 963 ἀποδίδωσιν,
1838 936 1882 962 Ἐν

1095 981 1205 1017 Χριστῷ
1220 981 1249 1007 δὲ
1269 980 1356 1017 ἰησοῦ
1370 981 1419 1016 τὴν
1447 980 1528 1014 δόξαν
1554 981 1603 1017 τήν
1623 981 1711 1017 ἀληθῆ
1731 981 1818 1015 λέγει,
1835 981 1883 1008 καὶ

1095 1028 1124 1055 ἐν
1135 1029 1169 1063 τῇ
1193 1027 1341 1062 Ἐκκλησία
1353 1027 1385 1054 τὸ
1399 1027 1534 1062 ὁμοίωμα.

1133 1125 1143 1143 t
1163 1116 1259 1149 Ἀξίως
1280 1116 1488 1152 περιπατήσατε
1502 1115 1552 1150 τῆς
1562 1115 1684 1151 κλήσεως
1736 1116 1882 1153 ἐκλήθητε,

1097 1161 1166 1197 μετὰ
1179 1162 1272 1195 πάσης
1285 1160 1537 1196 ταπεινοφροσύνης
1553 1161 1599 1188 καὶ
1622 1161 1792 1197 πραότητος·
1812 1163 1882 1198 μετὰ

1096 1207 1290 1244 μακροθυμίας
1309 1207 1470 1242 ἀνεχόμενοι
1487 1207 1617 1242 ἀλλήλων
1627 1207 1657 1233 ὲν
1676 1207 1782 1243 ἀγάπῃ,
1799 1216 1882 1234 σπου-

1094 1253 1221 1286 δάζοντες
1235 1254 1330 1288 τηρεῖν
1352 1253 1403 1288 τὴν
1427 1252 1541 1288 ἑνότητα
1554 1252 1600 1279 τοῦ
1617 1252 1779 1288 Πνιύματος
1792 1254 1821 1280 ὲν
1841 1254 1881 1289 τῷ

1096 1300 1237 1335 συνδέσμῳ
1249 1300 1299 1335 τῆς
1313 1300 1435 1335 εἰρήνης.
1457 1309 1466 1325 ι

1135 1346 1197 1372 Ἐπὶ
1211 1346 1276 1382 ἁγίᾳ
1291 1345 1359 1382 ζωῇ,
1372 1346 1448 1382 φησὶ,
1466 1346 1614 1382 κέκλησθε.
1630 1346 1678 1373 καὶ
1689 1347 1800 1374 ἀπαιτεῖ
1814 1347 1882 1382 κλῆ-

1095 1401 1138 1425 σις
1149 1392 1180 1419 τὸ
1191 1393 1379 1428 πνευματικόν
1389 1400 1396 1408 ·
1415 1391 1494 1419 τοῦτο
1506 1393 1535 1420 δὲ
1546 1392 1576 1425 εξ
1590 1393 1713 1420 ἐναντίου
1724 1393 1772 1420 τοῦ
1783 1401 1882 1428 σαρκι-

1093 1439 1143 1467 κοῦ
1160 1439 1334 1475 γνωρίζεται.
1358 1440 1390 1466 Et
1406 1439 1434 1466 δὲ
1453 1439 1488 1469 ἐν,
1501 1439 1559 1470 τοῖς
1573 1440 1716 1475 σαρκικοῖς
1736 1439 1880 1474 ὑπερηφα-

1093 1485 1149 1518 νία,
1167 1486 1214 1513 καὶ
1235 1485 1313 1520 ὕψος,
1331 1485 1379 1512 καὶ
1396 1485 1543 1520 ὀξυθυμία,
1564 1486 1613 1512 καὶ
1632 1484 1758 1516 ἔνστασις
1782 1486 1798 1520 ή
1813 1486 1882 1521 πρὸς

253 1531 408 1564 iracundia,
425 1531 566 1559 contentio
585 1535 691 1563 mutua,
707 1529 887 1558 manifestum
910 1534 955 1558 est
980 1530 1042 1558 ﬁdei

1094 1531 1236 1568 ἀλλήλους,
1258 1532 1292 1558 τὰ
1320 1532 1431 1559 ἐναντία
1450 1532 1529 1568 δῆλον
1550 1532 1591 1558 ὅτι
1606 1532 1621 1558 ὁ
1647 1531 1726 1566 λόγος
1752 1531 1795 1566 ἐφ’
1814 1531 1880 1566 ἡμῖν

254 1578 406 1606 doctrinam
422 1585 437 1604 a
453 1576 533 1606 nobis
553 1576 696 1612 oppositos
725 1576 786 1605 istis
806 1583 898 1604 mores
920 1576 1040 1612 exigere.

289 1624 370 1651 Vsus.
388 1625 416 1652 4.
436 1632 446 1650 ι
464 1623 553 1652 Unum
569 1631 679 1660 corpus.
697 1634 706 1650 ι

289 1670 408 1696 Invicem
417 1669 552 1696 coeundo.

291 1715 372 1750 186
388 1724 397 1740 ι
418 1715 450 1741 Et
465 1722 538 1742 unus
555 1713 692 1750 Spiritus.
714 1714 789 1742 sicut
806 1714 897 1743 vocati
922 1715 990 1743 estis
1014 1714 1041 1741 in

254 1769 308 1789 una
321 1768 369 1796 spe
384 1761 540 1788 vocationis
556 1765 665 1788 vestrae.
685 1770 696 1786 ι

289 1807 384 1835 Mutua
400 1807 555 1835 animorum
573 1806 770 1834 consensione.
796 1805 884 1833 Ambo
903 1805 976 1833 enim
991 1813 1042 1833 sua

254 1853 371 1881 invicem
400 1859 483 1887 opera
505 1851 633 1887 indigent
653 1862 659 1879 :
687 1851 724 1878 ita
744 1855 774 1878 ut
800 1858 862 1886 quae
884 1851 919 1878 ad
940 1858 1042 1886 corpus

254 1901 405 1934 pertinent,
417 1899 538 1926 exclusis
556 1898 589 1925 iis
602 1905 663 1933 quae
677 1897 793 1932 spiritus
803 1903 879 1929 sunt,
898 1896 1042 1924 dissidium

254 1946 346 1981 potius
372 1945 491 1980 pariant.
513 1944 549 1970 At
573 1943 597 1971 si
622 1943 649 1971 id
673 1943 747 1978 quod
773 1943 885 1978 spiritui
901 1942 1041 1975 convenit,

253 1991 368 2018 minime
380 1990 485 2018 salvum
500 1983 605 2022 'manet,
620 1989 687 2016 illud
705 1989 789 2016 etiam
805 1989 879 2024 quod
895 1989 928 2016 ad
941 1996 1042 2024 corpus

253 2041 371 2073 spectat,
387 2036 520 2071 paulatim
537 2035 715 2063 obscuratur.
829 2025 845 2042 ί

288 2080 371 2109 Vens.
396 2081 423 2112 5,
448 2080 475 2108 6.
505 2089 514 2106 ι
530 2079 608 2108 Unus
621 2081 766 2113 Christus,
780 2088 834 2107 una
857 2080 935 2113 ades,
957 2087 1042 2108 unum

252 2127 403 2162 baptisma;
419 2134 491 2154 unus
517 2127 589 2154 Deus
609 2131 638 2154 et
661 2126 744 2154 Pater
766 2126 904 2158 omnium,
929 2126 976 2161 qui
999 2130 1043 2154 est

252 2179 335 2206 super
372 2171 485 2203 omnia,
524 2176 552 2198 et
584 2178 632 2206 per
665 2170 771 2204 omnia,
800 2174 828 2198 et
855 2170 883 2198 in
913 2171 1043 2198 omnibus

252 2217 343 2245 nobis.
366 2227 375 2243 ι

287 2274 326 2302 Ex
354 2274 483 2302 omnibus
508 2274 647 2309 capitibus
679 2273 905 2309 conjunctionem
934 2273 1041 2301 suadet.

251 2321 329 2349 Unus
345 2320 439 2356 itaque
456 2319 591 2347 Dominus
611 2323 663 2353 est,
683 2327 765 2355 quem
779 2320 943 2348 invocamus
959 2329 966 2346 :
984 2326 1040 2347 una

251 2366 329 2399 ﬁdes,
348 2373 397 2400 per
414 2373 495 2400 quam
524 2365 674 2393 introducti
698 2373 795 2393 sumus
815 2374 822 2393 :
839 2373 924 2393 unum
950 2365 1040 2400 bapti-

251 2420 321 2445 sma,
337 2419 384 2448 per
395 2411 470 2448 quod
483 2419 579 2439 sumus
595 2411 722 2438 mundati
738 2420 745 2438 τ
761 2419 833 2438 unus
849 2410 932 2438 Pater
956 2418 1041 2445 super

250 2457 354 2489 omnia,
380 2458 429 2492 qui
456 2461 570 2492 propter
597 2456 716 2485 Verbum
744 2465 777 2484 ex
804 2464 834 2484 se
862 2457 997 2491 genitum,
1015 2460 1042 2483 ct

251 2509 366 2540 propter
385 2503 522 2538 Spiritum
540 2511 622 2531 suum
641 2504 668 2531 in
687 2503 818 2530 omnibus
836 2504 954 2530 exsistit.
973 2502 1041 2530 Cum

251 2556 343 2578 autem
361 2549 459 2577 divina:
480 2550 598 2577 unitatis
615 2549 891 2585 repraesentationcm
918 2548 944 2575 in
962 2548 1042 2576 nobis

250 2597 333 2624 vellet
359 2597 567 2632 splendescere,
582 2596 764 2632 proprietates
776 2595 923 2623 Trinitatis
939 2595 967 2622 in
985 2602 1041 2622 uno

250 2641 305 2670 Deo
319 2641 488 2677 praedicavit.

1095 1578 1182 1613 ζητεῖ.

1132 1634 1141 1651 ‹
1162 1625 1209 1651 Ἐν
1225 1624 1315 1659 σῶμα.
1338 1635 1347 1650 ι

1129 1672 1178 1698 Διὰ
1192 1670 1239 1698 τοῦ
1252 1671 1370 1698 συνιέναι
1385 1670 1527 1706 ἀλλήλους.

1130 1727 1140 1744 t
1159 1718 1215 1745 Καὶ
1233 1717 1263 1745 ἓν
1281 1717 1404 1753 Πνεῦμα,
1420 1717 1512 1750 καθὼς
1525 1716 1658 1753 ἐκλήθητε
1679 1718 1708 1744 ἐν
1729 1717 1780 1752 μιᾷ
1793 1716 1880 1743 ἐλπίδι

1093 1764 1144 1800 τῆς
1158 1765 1282 1800 κλήσεως
1293 1764 1382 1800 ὑμῶν.
1398 1774 1408 1791 ι
1771 1800 1776 1801 γ

1127 1811 1177 1838 Διὰ
1191 1811 1238 1838 τοῦ
1251 1811 1414 1847 όμοφρονεῖν
1428 1819 1435 1827 ·
1451 1811 1596 1846 ἀμφότερα
1615 1811 1671 1845 γὰρ
1688 1810 1812 1845 ἀλλήλων
1824 1809 1879 1836 δεξ-

1093 1865 1149 1884 ται.
1162 1857 1217 1884 Καὶ
1232 1857 1262 1884 τδ
1281 1858 1330 1893 μὲν
1344 1857 1415 1884 κατὰ
1432 1857 1522 1892 σῶμα,
1540 1858 1578 1892 μὴ
1597 1857 1731 1892 παρόντος
1752 1856 1798 1883 τοῦ
1809 1855 1880 1883 κατ-ξ

1094 1903 1211 1938 πνεῦμα,
1227 1903 1328 1938 μᾶλλον
1344 1903 1464 1935 στάσεως
1482 1903 1568 1930 αίτιον
1578 1909 1586 1917 ·
1599 1903 1630 1929 τὸ
1641 1902 1669 1928 δὲ
1679 1901 1750 1929 κατὰ
1761 1902 1879 1936 πνεῦμα,

1095 1949 1132 1985 μή
1151 1949 1354 1984 φυλαττομένου
1371 1949 1420 1975 καὶ
1444 1948 1491 1975 τοῦ
1509 1948 1580 1975 κατὰ
1603 1947 1693 1983 σῶμα,
1712 1948 1773 1975 κατ’
1789 1947 1881 1982 ὀλίγον

1093 1994 1276 2030 ἀμαυροῦται.

1129 2081 1176 2117 Εἷς
1190 2083 1303 2119 Κύριος,
1329 2083 1379 2119 μία
1404 2083 1505 2115 πίστις,
1533 2084 1563 2110 ἓν
1585 2083 1736 2119 βάπτισμα,
1753 2082 1794 2115 εἷς
1814 2083 1881 2116 Θεὸς

1095 2129 1143 2156 καὶ
1156 2127 1251 2163 Πατήρ
1262 2128 1384 2160 πάντων,
1395 2128 1444 2154 καὶ
1460 2129 1474 2154 ὁ
1491 2128 1538 2154 ἐπὶ
1552 2128 1671 2161 πάντων,
1686 2128 1732 2154 καὶ
1747 2128 1793 2155 διὰ.
1811 2128 1880 2155 πάν-

1093 2183 1158 2208 των,
1174 2175 1221 2201 καὶ
1233 2175 1261 2201 ὲν
1277 2175 1360 2201 πᾶσιν
1373 2175 1449 2209 ἡμῖν.
1472 2184 1481 2200 ι

1132 2272 1181 2299 Ἐκ
1197 2272 1305 2299 πάντων
1316 2272 1413 2299 ἕνωσιν
1426 2272 1586 2307 εἰσηγεῖται.
1602 2269 1649 2304 Εἷς
1665 2272 1768 2308 Κύριος
1780 2271 1836 2306 οὖν,
1852 2273 1881 2300 ὃν

1093 2317 1308 2354 ὲπικαλούμεθα·
1327 2318 1377 2354 μία
1401 2318 1508 2350 πίστις,
1529 2317 1563 2345 δι’
1577 2315 1611 2354 ἦς
1638 2319 1823 2355 είσήχθημεν·
1851 2319 1879 2346 ἓν

1093 2365 1246 2400 βάπτισμα,
1267 2363 1300 2390 δι’
1315 2361 1344 2391 οὗ
1363 2363 1594 2399 ὲκιῦαρίσθημεν.
1620 2361 1666 2395 Εἷς
1686 2365 1757 2391 ὸὲπὶ
1771 2365 1871 2392 πάντων

1091 2409 1186 2444 Πατὴρ
1201 2409 1221 2442 ί,
1233 2409 1262 2440 ὃς
1279 2409 1325 2435 καὶ
1341 2408 1385 2435 διὰ
1403 2409 1511 2436 πάντων
1526 2409 1570 2435 διὰ
1580 2409 1626 2435 τὸν
1645 2409 1674 2443 ἐξ
1686 2410 1768 2437 αὐτοῦ
1781 2411 1878 2445 Λόγον,

1092 2456 1140 2482 καὶ
1158 2457 1185 2482 ὲν
1202 2456 1269 2482 πᾶσι
1283 2455 1326 2482 διὰ
1345 2455 1392 2482 τοῦ
1406 2455 1489 2482 αὐτοῦ
1509 2455 1678 2491 ιίνεύματος.
1694 2456 1750 2492 Τῆς
1762 2457 1791 2484 δὲ
1803 2456 1879 2490 θείας

1091 2501 1217 2536 ἑνότητος
1232 2501 1281 2536 τὴν
1296 2501 1427 2536 ὁμοίωσιν
1442 2502 1470 2526 ἐν
1492 2501 1558 2536 ἡμῖν
1574 2501 1799 2536 καταυγάζεσθαι
1815 2501 1879 2538 βου-

1090 2547 1213 2582 λόμενος,
1233 2547 1268 2574 τὰ
1290 2547 1340 2583 τῆς
1359 2547 1472 2583 Τριάδος
1499 2547 1634 2582 ἰδιώματα
1649 2548 1679 2576 ἑν
1700 2548 1742 2576 ἑνὶ
1765 2547 1805 2584 τῷ
1819 2547 1878 2584 Θεῷ

1089 2593 1233 2629 ἐκήρυξεν.
1253 2593 1258 2597 ’

896 2726 1008 2755 νΑιιιΑι
1029 2725 1232 2756 LECTIONES.

291 2781 360 2824 iii;
375 2786 446 2824 etut
461 2787 570 2814 πάντων
583 2787 688 2823 Πατήρ.
701 2785 806 2814 Similia
822 2787 880 2814 istis
893 2785 1030 2822 subjungit
1047 2785 1225 2822 Hieronymus
1241 2785 1267 2813 in
1281 2786 1476 2814 commentario
1492 2793 1526 2814 ex
1541 2787 1701 2816 auctoribus
1712 2787 1888 2824 quibusdam.

249 2821 352 2849 Circeis
366 2821 458 2855 utique
474 2828 502 2849 ut
517 2829 589 2856 sepe
609 2821 710 2855 nioiict,
731 2826 854 2855 accepta,
