2077 3114
196 126 250 162 ειι

790 126 831 157 ΙΝ
850 125 971 157 EPIST.
992 124 1042 156 AD
1061 123 1260 155 EPHESIOS.

1771 121 1824 153 842

234 191 245 209 ι
262 180 320 210 Ἑνὶ
333 182 362 209 δὲ
378 181 486 218 ἑκάστῳ
500 181 579 218 ἡμῶν
594 182 671 218 ἐδόθη
694 181 774 217 χάρις
791 181 862 208 κατὰ
883 181 914 207 τδ
934 182 983 215 μέ·
998 205 1000 211 ,

1073 178 1154 206 Vsns.
1173 178 1201 211 7,
1218 178 1244 206 8.
1264 187 1273 203 ι
1292 177 1448 212 Unicuique
1472 179 1596 204 nostrum
1618 175 1683 203 data
1699 179 1742 204 est
1759 184 1823 212 gra-

195 238 260 265 τρον
273 229 324 264 τῆς
346 229 452 264 δωρεᾶς
467 229 516 256 τοῦ
540 228 669 264 Χριστοῦ.
685 229 731 255 Διὸ
755 227 847 262 λέγει·
867 226 986 258 ’Δναόᾰς

197 276 238 307 εἰς
252 275 317 310 ὕψος
332 274 547 310 ᾐχμαλώτευσεν
564 273 767 310 αἰχμαλωσίαν.
785 287 794 302 ι

195 392 201 398 _
233 362 266 390 Et
279 363 325 390 καὶ
340 362 467 398 διάφορα,
482 362 560 397 φησὶ,
575 363 609 389 τὰ
625 362 799 398 χαρίσματα,
829 361 986 398 μετρουμέ-

191 416 247 443 νης
257 408 306 442 τῆς
320 407 431 442 χάριτος
457 407 526 442 πρὸς
542 407 592 442 τὴν
621 407 738 434 ἑκάστου
755 407 869 442 δύναμιν
894 416 924 434 τε
941 407 987 434 καὶ

200 452 339 488 πρόθεσιν.
354 451 411 478 ἀλλ’
429 451 504 486 ὅμως
516 451 555 488 μὴ
571 451 726 487 μεριζέσοω
740 452 774 479 τὰ
784 453 834 488 τῆς
849 452 986 488 ὲνότητος.

237 548 247 564 ι
266 539 320 565 Καὶ
332 538 415 565 ἔδωκε
430 538 535 574 δόματα
553 540 608 571 τοῖς
624 539 792 575 ἀνθρώποις.
817 550 826 567 ι

234 585 325 621 Δηλοῖ,
346 585 423 620 φησὶ,
439 585 485 612 καὶ
511 586 526 612 ὁ
545 585 690 621 ψαλμῳδδς
709 586 740 613 τὸ
751 586 852 622 πλῆθος
869 587 923 614 τῶν
946 587 986 614 δο-

202 631 306 667 μάτων,
321 630 375 658 τῶν
388 631 457 666 μετὰ
465 631 515 666 τὴν
528 631 621 658 ἄνοδον
628 631 675 658 τοῦ
687 632 814 667 Σωτῆρος
829 632 988 668 δεδομένων,

201 677 247 703 ὅτε
269 675 334 708 τοὺς
351 676 623 712 αἰχμαλωτισθέντας
649 677 702 704 ὑπὸ
715 677 762 704 τοῦ
779 678 910 711 Ὁανάτου,
925 679 988 705 άντ-

201 729 239 758 ῃχ
245 721 404 757 μαλώτευσε
417 721 462 748 διὰ
477 722 527 757 τῆς
538 722 605 754 ἰδίας
618 722 691 758 ζωῆς
705 732 736 750 τε
746 724 793 750 καὶ
803 723 988 756 ἀναδιώσεως.

203 767 313 795 Δέδωκε
330 767 359 794 δὲ
371 767 469 802 είπὼν,
484 768 543 796 ἀντὶ
558 768 604 795 τοῦ
618 769 764 804 εἰρημένου
777 770 806 796 ἐν
821 769 860 804 τῷ
876 769 987 805 ψαλμῷ.

205 813 304 848 ἔλαϐε,
316 814 452 841 δείκνυσιν
472 815 514 841 ὅτι
530 814 565 841 τὰ
590 815 637 842 ἐπὶ
658 815 777 850 Χριστοῦ
792 815 931 851 σαρκικῶς
945 815 990 842 λε-

205 859 310 894 γόμενα
324 860 375 886 οὐκ
387 860 549 895 άναιρετικὰ
560 860 615 887 τῶν
631 868 697 887 πνευ
703 849 890 896 ματικῶννκαὶ
912 860 991 888 θείων
1008 849 1029 877 Β

205 905 289 936 ἐστὶν,
315 905 375 932 οὐδὲ
389 905 430 932 ὅτι
448 905 489 938 τὺ,
508 906 608 938 ἔλαϐε,
624 906 655 933 τὸ
682 907 859 942 ἀνθρωπίνως
878 906 992 941 λεγόμε-

206 959 262 984 νον,
281 951 389 987 ἀναιρεῖ
401 951 442 985 τὸ,
457 951 561 984 ἔδωκε,
573 952 603 979 τὸ
617 951 725 984 θεῖκῶς.

245 1045 254 1061 ι
272 1036 310 1062 Th
326 1036 354 1062 δὲ
373 1036 467 1071 ἀνέϐη,
497 1037 524 1063 τί
546 1037 630 1070 ἐστιν,
652 1038 676 1064 εί
695 1037 733 1074 μὴ
756 1039 798 1065 ὅτι
823 1039 870 1066 καὶ
887 1039 992 1075 κατέϐη

209 1081 317 1116 πρῶτον
333 1083 374 1113 εἰς
389 1082 423 1108 τὰ
447 1083 589 1118 κατώτερα
615 1083 685 1118 μέρη
701 1084 751 1118 τῆς
766 1085 837 1120 γῆς;
859 1085 888 1111 '0
908 1093 994 1112 κατα-

207 1128 259 1159 ϐὰς
273 1128 354 1159 αὐτός
369 1129 427 1155 ἐστι
439 1128 487 1154 καὶ
502 1129 515 1154 ὁ
531 1128 636 1161 ἀναϐὰς
646 1129 776 1166 ὑπεράνω
789 1130 842 1157 τῶν
857 1130 992 1165 οὐρανῶν,

208 1173 252 1200 ίνα
268 1173 398 1210 πληρώσῃ
413 1175 447 1201 τὰ
467 1175 565 1202 πάντα.
585 1184 594 1201 t

244 1220 401 1256 ’Δναὸῆναι,
422 1221 514 1256 φησὶν,
540 1221 590 1248 οὐκ
605 1221 660 1248 ἐστι
686 1221 764 1255 Θεὸν,
781 1222 826 1250 τδν
847 1224 884 1260 μὴ
908 1233 994 1252 κατα-

211 1267 311 1300 ϐάντα,
325 1268 372 1294 καὶ
388 1267 467 1302 δῆλον
481 1268 523 1295 ὅτι
538 1268 596 1295 ἐκεῖ
611 1269 627 1304 ἡ
644 1269 789 1302 ἀνάϐασις,
804 1270 865 1297 ὅθεν
875 1271 892 1306 ἡ
907 1272 994 1299 κατά-

209 1314 299 1345 σασις.
314 1314 391 1340 Ἐπεὶ
404 1313 494 1340 τοίνυν
514 1314 545 1346 ἐξ
565 1314 682 1350 οὐρανοῦ
705 1315 906 1352 καταΰέὸηκεν,
920 1317 994 1344 ἀνα-

210 1359 296 1388 ϐαίνει
329 1359 458 1395 ὑπεράνω
486 1360 596 1388 πάντων
626 1361 770 1397 οὐρανῶν
798 1363 943 1395 καταϐὰς,
965 1364 996 1390 οὺ

212 1405 292 1440 μὸνον
308 1406 348 1437 εἰς
372 1407 435 1441 γῆν,
461 1407 529 1434 ἀλλὰ
549 1409 597 1435 καὶ
616 1407 668 1434 ὑπὸ
683 1408 745 1444 γῆν.
761 1408 892 1441 Καταΰὰς
905 1409 933 1436 δὲ
953 1410 997 1436 διὰ

210 1451 300 1483 τοῦτο,
315 1451 359 1478 ἵνα
374 1451 493 1489 πάνταῇ
512 1453 722 1489 πεπληρωμένα
735 1453 873 1490 θεότητος.

249 1547 260 1564 ι
280 1539 334 1565 Καὶ
358 1539 441 1571 αὐτος
463 1539 559 1572 ἔδωκε,
581 1540 645 1573 τοὺς
663 1541 711 1576 μὶν
739 1541 918 1575 ἀποστόλους,
936 1542 999 1573 τοὺς

211 1583 240 1609 δὲ
251 1584 404 1619 προφήτας,
418 1585 524 1616 τοὺςδὲ
538 1585 746 1620 εὐαγγελιστὰς,
766 1587 831 1620 τοὺς
850 1587 878 1614 δὲ
901 1587 999 1623 ποιμέ-

212 1640 261 1664 νας
281 1632 328 1658 καὶ
356 1631 553 1663 διδασκάλους,
578 1632 646 1667 πρὸς
670 1633 715 1658 τὸν
737 1633 924 1668 καταρτισμὸν
945 1633 1000 1659 τῶν

213 1676 300 1710 ἁγίων
315 1677 354 1708 είς
369 1676 448 1712 ἔργον
464 1677 603 1709 διακονίας
621 1677 664 1704 ἐπ’
683 1677 827 1713 οἰκοδομὴν
839 1677 887 1704 τοῦ
905 1678 1000 1713 σώμα-

213 1731 259 1753 τος
271 1722 318 1748 τοῦ
346 1722 476 1757 Χριστοῦ,
503 1723 585 1758 μέχρι
610 1723 826 1758 καταντήσωμεν
846 1723 871 1749 οἱ
900 1723 1002 1756 πάντες

215 1769 253 1799 είς
270 1768 318 1804 τὴν
340 1769 454 1803 ἑνότητα
472 1768 521 1803 τῆς
543 1768 676 1800 πίστεως,
693 1769 740 1795 καὶ
759 1769 809 1805 τῆς
829 1769 1003 1804 ἐπιγνώσεως

214 1814 262 1841 τοῦ
279 1814 344 1841 Υίοῦ
366 1814 445 1846 Θεοῦ,
468 1816 508 1846 είς
534 1814 621 1850 ἄνδρα
635 1815 748 1848 τέλειον,
772 1816 812 1847 εἰς
831 1815 933 1851 μέτρον
945 1816 1003 1851 ἡλι-

216 1861 280 1893 κίας
299 1860 347 1888 τοῦ
370 1861 557 1896 πληρώματος
591 1861 639 1887 τοῦ
663 1860 785 1897 Χριστοῦ
800 1868 808 1876 ·
833 1862 877 1888 ἴνα
903 1862 1003 1897 μηκέτι

216 1903 292 1940 ὦμεν
324 1905 435 1941 νήπιοι,
458 1905 683 1940 κλυδωνιζόμενοι
714 1906 759 1933 καὶ
793 1907 1004 1942 περιφερόμενοι

217 1951 300 1977 παντὶ
312 1950 406 1986 ἀνέμῳ
416 1951 464 1986 τῆς
479 1951 666 1983 διδασκαλίας,
678 1953 708 1979 ἐν
721 1954 754 1988 τῇ
771 1953 870 1989 κυϐείῳ
884 1953 940 1980 τῶν
955 1954 1003 1980 ἀν-

218 1996 348 2032 θρώπων,
361 1997 391 2023 ὲν
403 1997 558 2033 πανουργίᾳ.
573 1998 641 2033 πρὸς
653 1999 703 2033 τὴν
718 1998 859 2034 μεθοδείαν
872 1998 922 2033 τῆς
936 1998 1005 2026 πλά-

218 2051 276 2078 νης.
295 2042 486 2078 Ἀληθεύοντες
497 2043 525 2070 δὲ
539 2045 567 2070 ἐν
581 2043 686 2080 ἀγάπῃ,
696 2044 859 2080 αὐξήσωμεν
873 2046 914 2078 εἰς
924 2045 1006 2072 αὑτὸν

220 2089 256 2116 τὰ
273 2090 364 2117 πάντα
375 2098 382 2106 ·
396 2090 425 2121 ὃς
439 2091 540 2126 ἐστινὴ
561 2091 666 2127 κεφαλὴ
681 2091 807 2127 Χριστὸς,
821 2090 851 2124 ἐξ
863 2089 894 2120 οὗ
911 2093 965 2119 πᾶν
976 2092 1007 2119 τδ

220 2135 302 2170 σῶμα
330 2136 621 2172 συναρμολογούμενον
641 2137 688 2164 καὶ
708 2137 946 2173 συμῦιὸαζόμενον
961 2138 1006 2166 διὰ

1036 225 1086 257 tia,
1103 223 1256 253 secundum
1278 230 1434 251 mensuram
1451 222 1609 250 donationis
1623 221 1738 250 Christi.
1755 222 1822 249 Pru-

1037 274 1099 305 pter
1122 270 1197 305 quod
1223 269 1311 297 dicit:
1329 268 1487 297 Ascendens
1512 269 1540 296 in
1567 269 1666 300 altum,
1688 268 1824 304 captivam

1038 315 1116 343 duxit
1131 315 1329 349 captivitatem.
1350 324 1360 340 ι

1073 361 1193 389 Tametsi
1219 360 1375 388 diil‘erentia
1391 360 1463 387 dona
1477 362 1553 391 sunt,
1568 359 1668 394 inquit,
1691 365 1826 387 concessa

1038 406 1169 433 nimirum
1187 405 1281 440 gratias
1296 412 1426 432 mensura
1441 403 1593 431 secundum
1605 403 1828 439 uniuscujusque

1038 452 1111 479 vires
1129 457 1157 480 et
1181 451 1394 479 destinationem
1417 449 1520 482 animi;
1540 456 1716 484 nequaquam
1733 454 1827 477 tamen

1039 499 1098 533 ipsa
1112 502 1277 533 separentur
1296 504 1328 524 ex
1344 497 1446 532 quibus
1460 495 1552 523 unitas
1565 500 1687 522 constat.

1077 553 1086 570 ι
1104 543 1137 571 Ει
1152 543 1226 570 dedit
1242 543 1313 570 dona
1332 542 1502 570 hominibus.
1527 550 1537 567 ι

1074 590 1146 623 Quin
1163 593 1190 616 et
1203 593 1303 616 auctor
1324 587 1497 615 Psalmorum
1517 587 1540 603 δ’
1561 585 1765 614 multitudinem
1780 592 1830 613 en

1039 636 1122 670 plicat
1146 635 1296 666 donorum,
1320 641 1391 668 qua,
1407 641 1439 660 ex
1461 641 1517 668 quo
1543 632 1674 660 Christus
1692 631 1828 662 ascendit,

1039 688 1173 709 concessa
1190 680 1287 714 tuere;
1305 680 1417 715 quando
1431 686 1528 713 nempe
1545 685 1615 712 quos
1629 685 1704 704 mors
1717 675 1830 704 tenebat

1040 727 1175 761 captivos,
1192 731 1250 753 tum
1269 726 1335 757 vita,
1349 729 1407 752 tum
1420 723 1621 751 resurrectione
1640 729 1690 749 sua
1707 721 1830 749 vicissim

1039 776 1083 801 est
1105 772 1164 806 ipse
1188 770 1337 806 praedatus.
1368 769 1490 797 Dicendo
1513 775 1577 796 vero
1599 767 1683 799 dedit,
1705 774 1768 794 cum
1800 766 1828 793 in

1041 818 1148 854 psalmo
1161 818 1294 845 habeatur
1311 816 1423 850 accepit,
1441 814 1579 850 signiﬁcat
1596 821 1628 842 ea
1649 821 1710 848 qua
1725 812 1830 840 carnali

1043 871 1119 891 more
1137 863 1171 890 de
1186 862 1299 890 Christo
1316 861 1510 892 enuntianlur,
1527 860 1682 895 spiritualia
1696 862 1723 886 et
1737 858 1831 886 divina

1043 917 1097 936 non
1119 909 1272 940 destruere,
1303 915 1364 940 nec,
1388 906 1463 942 quod
1488 906 1610 933 humano
1627 904 1708 932 modo
1730 904 1832 932 dicitur

1043 954 1155 989 accepit,
1168 954 1266 981 tollere
1289 953 1356 980 illud
1379 952 1463 984 dedit,
1480 959 1535 987 quo
1549 950 1673 979 divinum
1692 950 1760 986 quid
1780 957 1831 978 ex-

1044 1001 1184 1036 primitur.

1079 1045 1162 1074 Vsns.
1177 1043 1265 1076 9,10.
1290 1052 1300 1069 ι
1316 1043 1394 1076 Quod
1421 1047 1511 1070 autem
1533 1041 1669 1075 ascendit,
1691 1041 1756 1077 quid
1776 1045 1829 1074 est,

1044 1091 1099 1119 nisi
1116 1091 1181 1126 quia
1201 1094 1228 1118 et
1244 1089 1388 1117 descendit
1403 1088 1522 1123 primum
1548 1087 1576 1114 in
1599 1087 1745 1115 interiores
1766 1093 1830 1121 par-

1044 1139 1086 1163 tes
1105 1134 1207 1162 terra?
1222 1133 1274 1166 Qui
1288 1133 1433 1161 descendit
1447 1132 1507 1167 ipse
1524 1136 1566 1159 est
1582 1135 1609 1159 et
1629 1132 1676 1166 qui
1704 1132 1832 1160 ascendit

1045 1186 1130 1214 super
1142 1185 1240 1206 omnes
1253 1177 1350 1209 celos,
1365 1182 1395 1204 ut
1412 1177 1539 1211 impleret
1553 1177 1656 1204 omnia.
1671 1186 1681 1203 ι

1081 1225 1246 1254 Ascendisse
1273 1231 1330 1251 non
1360 1223 1450 1258 potuit
1475 1223 1556 1254 Deus,
1579 1223 1682 1258 inquit,
1702 1223 1754 1251 nisi
1770 1227 1832 1251 ante

1045 1270 1221 1299 descenderit
1235 1279 1241 1297 :
1255 1274 1283 1296 et
1298 1268 1476 1303 perspicuum
1496 1272 1539 1295 est
1552 1268 1619 1296 illuc
1641 1267 1832 1296 ascensionem

1047 1317 1143 1349 fuisse,
1167 1315 1240 1343 unde
1264 1314 1410 1342 descensio
1433 1313 1534 1340 fuerat.
1549 1313 1702 1348 Postquam
1716 1320 1783 1349 ergo
1798 1313 1834 1340 de

1046 1363 1120 1391 coelo
1152 1360 1309 1393 descendit,
1341 1359 1466 1387 ascendit
1502 1366 1598 1387 rursus
1625 1366 1708 1394 super
1737 1366 1834 1387 omnes

1048 1409 1152 1441 caelos;
1165 1407 1212 1442 qui
1225 1405 1418 1437 descenderat,
1434 1412 1488 1432 non
1504 1404 1592 1432 solum
1605 1405 1633 1431 in
1651 1408 1766 1437 terram,
1785 1404 1834 1431 sed

1048 1459 1077 1481 et
1088 1454 1184 1481 subter
1198 1457 1312 1480 terram.
1334 1451 1398 1478 Ideo
1411 1455 1504 1478 autem
1518 1450 1711 1483 descenderat,
1728 1454 1757 1477 ut
1772 1449 1835 1477 uni-

1051 1507 1129 1528 versa
1139 1499 1284 1527 divinitate
1297 1505 1346 1525 sua
1361 1497 1545 1532 replerentur.

1085 1545 1168 1572 Vens.
1185 1543 1281 1571 11-16.
1311 1552 1321 1568 ι
1340 1541 1372 1568 Ει
1391 1543 1451 1577 ipse
1472 1541 1548 1569 dedit
1575 1541 1710 1576 quosdam
1726 1542 1836 1576 quidem

1051 1591 1201 1627 apostolos,
1226 1588 1362 1625 quosdam
1382 1593 1472 1616 autem
1502 1587 1661 1622 prophetas,
1683 1587 1752 1615 alios
1772 1594 1838 1615 vero

1050 1636 1245 1673 evangelistas,
1270 1635 1340 1662 alios
1362 1638 1454 1661 autem
1473 1637 1597 1668 pastores
1613 1636 1641 1660 et
1658 1632 1784 1660 doctores
1801 1633 1836 1659 ad

1050 1681 1316 1711 consummationem
1332 1684 1503 1712 sanctorum,
1517 1678 1544 1705 in
1560 1685 1630 1713 opus
1643 1677 1837 1711 ministerii,in

1051 1726 1261 1756 aediﬁcationem
1277 1724 1403 1760 corporis
1415 1723 1530 1756 Christi,
1553 1723 1641 1750 donec
1659 1730 1839 1750 occurramus

1052 1780 1147 1800 omnes
1159 1772 1187 1799 in
1207 1771 1343 1798 unitatem
1357 1770 1429 1803 ﬁdei,
1446 1773 1474 1797 et
1491 1768 1642 1803 agnitionis
1653 1769 1715 1796 Filii
1733 1768 1791 1801 Dei,
1808 1769 1836 1795 in

1053 1819 1142 1846 virum
1160 1817 1323 1853 perfectum,
1340 1816 1371 1844 in
1381 1822 1540 1843 mensuram
1552 1815 1641 1842 atatis
1656 1813 1839 1850 plenitudinis

1053 1863 1157 1892 Christi
1172 1872 1178 1890 :
1195 1867 1225 1890 ut
1242 1871 1296 1890 non
1311 1862 1367 1897 jam
1389 1861 1478 1889 simus
1491 1860 1598 1895 parvuli
1619 1859 1795 1892 ﬂuctuantes,
1812 1864 1840 1887 ct

1053 1910 1288 1938 circumieramur
1303 1907 1378 1936 omni
1398 1912 1480 1935 vento
1503 1906 1648 1939 doctrinae,
1667 1906 1695 1933 in
1716 1906 1840 1940 nequitia

1055 1956 1209 1988 hominum,
1225 1955 1252 1983 in
1266 1954 1367 1982 astutia
1387 1952 1421 1980 ad
1445 1952 1709 1980 circumventionem
1727 1951 1840 1979 erroris.

1056 2002 1205 2030 Veritatem
1243 1999 1323 2034 187
1353 2002 1445 2025 autem
1476 1996 1609 2024 facientes
1638 1997 1666 2023 in
1695 1995 1840 2028 charitate,

1056 2053 1215 2076 crescamus
1241 2045 1270 2072 in
1293 2045 1341 2072 illo
1355 2051 1404 2078 per
1417 2043 1521 2075 omnia,
1538 2042 1585 2077 qui
1606 2047 1648 2069 est
1663 2044 1746 2076 caput
1763 2040 1843 2068 Chri-

1056 2097 1133 2124 stus,
1149 2100 1182 2119 ex
1204 2098 1259 2126 quo
1284 2094 1373 2117 totum
1397 2096 1501 2124 corpus
1522 2093 1698 2122 compactum
1724 2090 1752 2114 et
1773 2093 1842 2113 (2011·

1057 2146 1156 2167 nexum
1181 2145 1232 2173 per
1260 2144 1369 2164 omnem
1391 2136 1552 2171 juncturam
1571 2132 1844 2169 .subministrationis

221 2181 312 2217 πάσης
326 2182 399 2217 ἁφῆς
424 2183 473 2217 τῆς
503 2183 684 2219 ἐπιχορηγίας
706 2184 777 2211 κατά
804 2185 955 2219 ἐνέργειαν,
977 2185 1000 2211 ὲι

1058 2185 1210 2213 secundum
1218 2183 1417 2219 operationem,
1431 2181 1459 2209 in
1475 2188 1606 2209 mensura
1623 2180 1846 2215 uniuscujusque

223 2227 316 2263 μέτρῳ
329 2228 388 2259 ἑνὸς
403 2227 520 2255 ἑκάστου
539 2229 641 2264 μέρους
650 2229 700 2266 τὴν
720 2229 835 2266 αὔξησιν
851 2230 898 2257 τοῦ
914 2231 1008 2266 σῶμα·

219 2281 266 2305 τος
276 2275 393 2301 ποιεῖται
406 2274 445 2306 είς
459 2275 603 2311 οἰκοδομὴν
618 2276 716 2303 ἑαυτοῦ
732 2277 761 2302 ὲν
772 2277 878 2314 ἀγάπῃ.
899 2287 908 2303 ι

261 2321 310 2351 Ὃς
339 2320 389 2355 μὲν
412 2321 593 2357 ἀποστολικὴν
621 2321 700 2349 ἔλαϐε
725 2323 817 2358 χάριν,
842 2324 934 2359 φησὶν,
964 2323 1010 2350 καὶ¹

222 2365 381 2400 ἐξαγγέλλει
403 2367 454 2403 τὴν
473 2367 633 2403 ἀπόκρυφον
653 2369 750 2404 σοφίαν
767 2369 815 2405 τῆς
832 2370 988 2405 οἰκονομίας
999 2379 1008 2387 ο

220 2411 252 2444 ὃς
267 2412 295 2438 δὲ
315 2413 488 2448 προφητικὴν
509 2413 659 2450 ὑπουργίαν
683 2415 826 2451 ὑπουργεῖ,
844 2416 884 2446 είς
897 2415 1009 2449 ἔνδειξιν

222 2459 272 2494 τῆς
291 2459 321 2485 ὲν
333 2459 399 2494 ἡμῖν
416 2460 448 2486 ἐκ
468 2460 624 2495 πνεύματος
652 2461 845 2496 προγνώσεως.
867 2461 963 2494 uno;
980 2463 1010 2489 δὲ

223 2503 432 2540 Εὑαγγελισμδν
447 2507 573 2540 ποιεῖται,
590 2506 633 2534 διὰ
648 2507 759 2542 λόγωνῆ
775 2508 958 2544 γραμμάτων,
973 2509 1012 2541 ὡς

221 2549 357 2581 Φίλιππος
376 2550 425 2585 μὲν
439 2550 483 2578 διὰ
498 2551 595 2586 λόγων,
612 2553 637 2579 oi
652 2553 680 2580 δὲ
703 2553 858 2589 γράψαντες
872 2554 906 2581 τὰ
923 2555 1012 2590 Εὐαγ-

223 2595 314 2631 γέλια,
335 2595 380 2622 διὰ
400 2597 572 2632 γραμμάτων
590 2607 597 2614 ·
621 2599 650 2631 ὃς
668 2599 696 2626 δὲ
713 2600 877 2635 Ἐκκλησίαν
893 2601 1012 2637 ἐγχειρι-

225 2641 301 2674 σθεὶς
315 2642 483 2677 ποιμαίνειν.
501 2643 594 2671 Πάντα
620 2644 668 2672 οὖν
682 2645 716 2672 τὰ
742 2646 913 2682 χαρίσματα,
932 2647 1009 2682 φησὶ,

225 2687 295 2722 πρὸς
317 2687 348 2714 τὸ
363 2688 427 2719 τοὺς
446 2688 626 2722 ἀγιασθέντας
643 2690 673 2716 ὲν
687 2691 778 2717 πίστει
798 2691 1011 2726 καταρτίζεσθαι

226 2732 295 2764 πρὸς
310 2733 461 2767 τελείωσιν,
477 2734 675 2764 διακονούντων
689 2737 730 2768 είς
754 2737 784 2764 τὸ
805 2738 895 2765 κοινὸν
909 2737 964 2765 τῶν
976 2738 1010 2765 τὰ

253 2822 280 2839 ⁴³
296 2822 363 2850 psal.
377 2830 463 2857 tum,
477 2824 504 2852 4,

388 2870 521 2901 Parma.
542 2870 600 2902 Gn.
619 2868 704 2899 XCV.

1056 2230 1174 2259 membri
1185 2233 1363 2265 augmentum
1370 2227 1497 2264 corporis
1510 2227 1587 2262 facit,
1598 2227 1626 2255 in
1637 2227 1844 2254 mdiﬁcationem

1056 2277 1099 2306 sui
1118 2277 1144 2303 in
1160 2275 1307 2303 eharitate.
1327 2283 1336 2300 ο

1092 2321 1169 2349 Alius
1181 2320 1290 2356 quidem
1307 2319 1502 2355 apostolicam,
1517 2319 1620 2354 inquit.
1635 2319 1751 2354 gratiam
1768 2328 1847 2349 acce-

1059 2367 1109 2402 pit,
1122 2370 1150 2394 et
1166 2372 1298 2393 arcanam
1314 2363 1532 2399 dispensationis
1552 2364 1717 2398 sapientiam
1741 2371 1847 2392 annun-

1060 2415 1112 2441 tiat
1130 2423 1138 2447 ;
1154 2413 1226 2440 alius
1244 2419 1309 2439 vero
1328 2411 1474 2439 instinctui
1489 2411 1654 2446 prophetico
1671 2412 1847 2446 obsequitur,

1060 2460 1094 2487 ad
1114 2458 1312 2487 declarandum
1338 2457 1403 2491 quid
1429 2457 1527 2491 spiritu
1552 2458 1627 2484 intus
1652 2457 1849 2493 pracognitum

1061 2507 1108 2534 sit.
1137 2506 1213 2532 Alter
1240 2504 1381 2539 Evangelii
1407 2503 1594 2539 prmdicationi
1621 2504 1773 2538 incumbit,
1791 2504 1851 2533 sive

1062 2553 1164 2585 verbis,
1183 2551 1243 2579 sive
1258 2550 1369 2584 scriptis
1383 2559 1391 2577 :
1406 2550 1497 2578 verbis
1514 2550 1637 2585 quidem,
1651 2554 1681 2577 ut
1695 2550 1850 2586 Philippus;

1064 2599 1177 2634 Scriptis
1192 2605 1269 2629 vero,
1286 2596 1333 2631 qui
1353 2596 1500 2631 Evangelia
1518 2596 1619 2624 litteris
1632 2596 1753 2625 edidere.
1767 2596 1851 2624 Alteri

1065 2643 1207 2681 pascendae
1231 2642 1360 2670 Ecclesim
1377 2650 1480 2669 munus
1497 2642 1650 2677 iniunctum
1673 2646 1726 2670 est.
1752 2641 1852 2669 Omnia

1064 2699 1131 2727 ergo
1152 2692 1234 2722 dona,
1251 2688 1352 2723 inquit,
1369 2695 1403 2716 eo
1424 2691 1559 2723 spectant,
1579 2693 1608 2716 ut
1633 2689 1679 2723 qui
1695 2688 1748 2716 ﬁde
1762 2688 1851 2715 sancti

1065 2738 1131 2766 facti
1152 2739 1226 2771 sunt,
1246 2734 1444 2772 perfectionem
1462 2734 1617 2763 absolutam
1640 2734 1799 2769 obtineant;
1818 2734 1852 2763 iis

1651 2868 1688 2900 27
