2077 3114
258 126 308 160 8‘3

855 127 884 157 S.
903 126 1063 157 JOANNIS
1084 126 1300 156 DAMASCENI

1824 122 1888 158 ’θζί

256 185 302 220 qui
334 185 406 212 dona
439 192 580 219 accepere,
610 183 797 211 ministerium
825 191 903 211 suurn
933 183 959 210 in
990 190 1048 210 rem

1103 183 1261 218 καρίσματα
1286 181 1447 216 εἰληφότων.
1473 180 1622 214 Ἀναγκαία
1647 180 1674 206 δὲ
1699 181 1715 215 ἠ
1742 180 1795 205 τῶν
1814 189 1885 215 11px.-

254 238 427 259 communem
449 229 682 266 impendentibus.
709 229 873 257 Necessaria
895 236 977 264 porro
1003 233 1047 257 est

255 278 391 305 donorum
406 276 568 307 eiﬁcaeitas,
585 276 674 303 donec
689 277 736 310 qui
753 275 836 302 modo
847 275 954 310 parvuli
970 279 1045 306 sunt.

254 322 371 357 perfecti
393 322 470 353 ﬁant,
495 321 666 356 perfectione
689 321 837 355 spirituali,
854 328 916 356 qua:
927 321 954 348 in
970 321 1047 348 sinti-

254 367 371 394 litudine
385 374 449 394 cum
465 366 579 394 Christo
595 367 742 399 consistit;
762 367 798 393 ita
816 372 843 393 ut
867 374 921 394 non
936 367 992 402 jam
1011 369 1047 395 sit

253 413 397 448 parvulus,
413 412 508 440 mttltis
525 417 621 447 patens
636 412 847 443 mutationibus.
861 421 931 447 quas
947 420 1047 440 sermo-

253 465 302 485 nes
323 461 434 485 versute
462 458 632 492 pronuntiati
650 461 677 485 et
701 458 733 485 ad
757 457 946 492 deceptionem
969 466 1046 486 com-

253 503 336 538 positi
359 501 487 534 faciant;
512 503 571 536 sed,
596 507 625 529 ut
651 503 682 530 ﬁt
699 503 725 530 in
744 507 826 530 auctu
854 503 990 538 corporis,
1013 503 1045 530 ad

252 557 314 576 eam
342 556 440 576 omnes
471 549 658 576 excelsitatem
687 549 900 583 perveniamus.
929 553 957 575 et
983 557 1046 582 cum

253 594 378 626 Christo,
403 594 449 628 qui
478 598 561 628 caput
587 599 711 620 nostrum
734 598 788 626 est,
807 595 1045 629 compaginemur.

254 639 302 667 Ille
325 640 399 667 enim
429 647 492 667 cum
518 647 570 674 pro
584 639 674 666 diiina
691 647 741 666 sua
762 640 947 674 praecellentia
964 641 1046 669 nobis

255 686 410 720 praesideat.
435 692 496 712 sese
513 684 592 712 nobis
613 684 781 719 impertitur.
807 686 1047 720 coagmentatione

254 730 471 766 dispensationis
498 737 556 758 sua:
572 738 634 762 ,nos
660 731 714 758 sibi
741 735 769 757 et
796 730 914 758 invicem
932 731 1046 766 conjun-

254 783 333 811 gens,
366 780 397 803 ut
425 775 552 804 eamdem
584 780 682 802 mutuo
711 776 912 810 cooptationem
943 777 1046 804 hahea-

255 830 328 855 mus,
355 822 429 850 velut
445 822 473 849 in
492 821 621 854 aedilicio,
647 827 674 849 et
694 822 887 857 unusquisque
909 823 1045 858 submini-

1102 227 1214 262 σματων
1239 227 1373 262 ἐνέργεια,
1393 226 1490 261 μέχρις
1517 226 1550 252 ἂν
1566 227 1591 252 οἱ
1614 225 1661 251 νῦν
1676 226 1770 260 νήπιοι
1789 226 1890 252 τέλειοι

1100 274 1234 306 γένωνται
1253 273 1325 298 κατὰ
1339 272 1387 306 τὴν
1412 271 1602 307 πνευματικὴν
1622 271 1764 297 τελείωσιν
1793 271 1844 306 τὴν
1860 273 1890 298 ὲν

1099 319 1228 354 ὁμοιώσει
1240 319 1370 354 Χριστοῦ,
1387 318 1432 344 καὶ
1447 318 1547 353 μηκέτι
1563 317 1659 352 νήπιός
1674 326 1716 347 τις
1735 315 1765 353 ᾖ,
1788 317 1890 348 πολλὰς

1099 365 1242 399 δεχόμενος
1258 365 1362 400 τροπὰς
1377 365 1409 390 ὲκ
1427 365 1482 391 τῶν
1501 364 1638 399 διαφόρων
1667 363 1753 396 λόγων
1781 362 1837 389 τῶν
1861 364 1890 389 ἐν

1100 411 1254 446 πανουργίᾳ
1283 411 1509 446 προσαγομένων,
1539 411 1586 436 καὶ
1615 409 1791 440 πλανώντων,
1821 409 1890 436 ἀλλὰ

1099 456 1194 490 ὥσπερ
1211 456 1240 482 ὲν
1254 456 1380 491 σώματος
1395 456 1519 490 αὐξήσει,
1531 455 1682 490 φθάσωμεν
1697 456 1737 487 εἰς
1762 455 1890 482 τοσοῦτον

1100 502 1167 536 ὖψος
1180 503 1310 535 ἅπαντες,
1327 503 1365 534 ὡς
1376 502 1444 538 πρὸς
1457 502 1506 538 τὴν
1523 503 1646 537 κεψαλὴν
1659 502 1738 537 ἡμῶν
1753 510 1891 537 συναρμο-

1100 548 1196 584 σθῆναι
1217 548 1263 574 τὸν
1288 549 1329 583 Χρ
1344 549 1414 575 στόν.
1433 549 1482 579 Ὃς
1513 547 1637 582 ἐφεστὼς
1663 548 1730 582 ἡμῖν
1753 548 1826 573 κατὰ
1841 547 1891 582 τὴν

1100 595 1194 630 θεῖκὴν
1211 594 1318 630 ἐξοχὴν,
1335 594 1513 630 μεταδίδωσιν
1535 595 1600 629 ἡμῖν
1618 594 1715 620 ἑαυτὸν
1740 593 1812 620 κατᾶ
1839 593 1890 628 τὴν

1099 641 1256 677 οἰκονομίας
1281 641 1440 676 συνάφειαν,
1465 640 1556 676 ἑαυτῷ
1579 640 1724 667 συνάπτων
1746 640 1820 674 ἡμᾶς
1843 639 1890 665 καὶ

1100 687 1238 722 ἀλλήλοις,
1260 687 1322 714 καθ’
1343 688 1378 722 ἢν
1392 687 1490 722 ἔχομεν
1513 686 1582 722 πρὸς
1602 687 1734 721 ἀλλήλους
1751 685 1846 720 ὥσπερ
1862 686 1890 711 ὲν

1099 734 1227 769 οἰκοδομῇ
1243 733 1431 769 συναρμογὴν,
1449 733 1496 760 καὶ
1504 732 1572 759 καθὸ
1584 733 1632 767 τὴν
1643 731 1826 767 ἑπιχορηγίαν
1842 730 1890 757 τοῦ

1100 779 1260 815 Πνεύματος
1281 780 1398 812 ἕκαστος
1414 779 1526 806 δύναται
1553 778 1692 814 δέχεσθαι,
1709 779 1760 814 τῆς
1782 777 1830 804 ἐπὶ
1857 778 1889 812 τῇ

1100 827 1214 862 αὐξήσει
1227 826 1396 858 τελειώσεως
1408 827 1448 858 εὶς
1461 827 1573 861 ἀγάπην
1591 823 1890 860 συνκεφαλαιουμένης.

255 869 418 896 strationem
445 870 531 904 possit
559 868 682 905 Spiritus
715 870 854 903 accipere,
884 870 1044 900 incrementi
1067 875 1245 910 perfectione,
1265 882 1328 909 qua:
1350 875 1378 902 in
1412 874 1549 902 charitate
1571 879 1702 910 tanquam
1737 873 1764 900 in
1784 879 1890 900 summa

255 913 441 942 concluditur.

291 959 375 988 Vens.
399 959 494 987 17-20.
521 969 532 986 ί
551 959 608 987 Hoc
631 959 716 994 igitur
730 960 793 989 dico
812 965 839 988 et
861 961 998 990 testiﬁcor
1023 964 1049 991 in
1068 966 1089 996 Β

256 1006 382 1038 Domino,
399 1009 427 1031 ut
438 1005 496 1039 jam
511 1013 566 1033 non
579 1005 742 1039 atnbuletis,
759 1006 835 1034 sicut
849 1011 876 1035 et
890 1012 986 1043 gentes
996 1015 1050 1036 am-

255 1054 365 1085 bulant,
387 1052 415 1079 in
435 1052 560 1080 vanitate
571 1059 673 1080 sensus
688 1053 750 1085 sui,
769 1053 896 1083 tenebris
913 1055 1050 1082 obscura-

255 1103 314 1127 tum
334 1098 470 1126 habentes
490 1097 673 1130 intellectum,
689 1098 804 1126 alienati
817 1107 832 1126 a
847 1103 905 1127 vlta
921 1101 979 1133 Dei,
1003 1109 1051 1136 per

256 1145 441 1182 ignorantiam
465 1151 526 1179 qua:
550 1145 577 1172 in
602 1144 657 1173 illis
683 1149 742 1178 est,
761 1150 876 1181 propter
899 1147 1051 1174 caecitatem

255 1191 348 1218 cordis
372 1191 518 1226 ipsorum;
539 1190 586 1225 qui
602 1189 796 1226 desperantes,
816 1192 982 1226 semetipsos
996 1197 1052 1220 tra-

256 1237 385 1264 diderunt
403 1235 584 1271 impudicitia:
606 1236 641 1263 ad
660 1237 851 1271 operationem
869 1237 1052 1266 inununditiae

256 1283 361 1310 omnis.
385 1291 394 1308 ι

292 1328 383 1357 Veluti
407 1328 511 1357 Christi
543 1333 628 1357 testes
659 1334 687 1356 et
715 1333 852 1364 martyres
885 1334 988 1364 monet,
1023 1335 1053 1357 ut

258 1375 470 1403 reminiseantur
491 1382 522 1403 se
552 1380 667 1403 vocatos
685 1381 748 1403 esse
763 1375 798 1402 ad
823 1375 1052 1410 sanctimoniam,

259 1430 310 1448 nee
335 1425 509 1450 revertantur
523 1420 557 1447 ad
575 1421 650 1447 illam
675 1420 789 1448 vivendi
808 1421 943 1449 rationem
969 1429 1052 1457 quam

259 1471 324 1494 ante
343 1466 516 1494 vocationem
533 1473 611 1493 suam
623 1469 748 1501 egerant,
768 1467 890 1501 quando,
905 1467 982 1494 nullo
1001 1467 1052 1496 sibi

259 1514 413 1549 prastituto
429 1512 491 1544 line,
510 1511 660 1540 temerario
671 1512 776 1548 impetu
792 1513 964 1540 ferebantur.

297 1569 306 1584 ε
334 1558 363 1585 In
398 1557 525 1585 avaritia.
552 1555 609 1585 Vos
637 1563 728 1585 autem
757 1565 813 1585 nou
846 1558 883 1585 ita
917 1558 1053 1587 didicistis

259 1605 415 1633 Christum.
435 1613 444 1630 ι

1144 975 1152 990 ε
1171 964 1259 991 Τοῦτο
1269 961 1316 991 οὖν
1327 964 1400 998 λέγω
1414 963 1461 990 και)¹
1478 963 1655 999 μαρτύρομαι
1670 963 1699 990 ὲν
1715 963 1821 998 Κυρίῳ,
1839 972 1894 999 μη-

1101 1010 1160 1037 κέτι
1174 1010 1246 1045 ὑμᾶς
1265 1011 1438 1046 περιπατεῖν,
1450 1010 1541 1040 καθὼς
1559 1010 1606 1036 καὶ
1621 1009 1656 1035 τὰ
1667 1009 1748 1036 λοιπὰ
1763 1009 1826 1044 ἔθνη
1844 1018 1893 1036 πε-

1102 1059 1222 1093 ριπατεῖ,
1240 1058 1268 1084 ἐν
1287 1057 1448 1092 ματαιότητι
1464 1057 1511 1083 τοῦ
1526 1057 1585 1088 νοὸς
1609 1055 1710 1089 αὐτῶν,
1728 1057 1891 1091 ὲσκοτισμέ-

1101 1111 1142 1129 νοι
1157 1104 1190 1138 τῇ
1216 1102 1332 1138 διανοίᾳ,
1363 1102 1441 1134 ὄντες
1463 1102 1718 1138 ἀπηλλοτριωμένοι
1744 1102 1794 1136 τῆς
1819 1101 1893 1137 ζωῆς

1101 1147 1148 1174 τοῦ
1161 1147 1240 1180 Θεοῦ,
1255 1147 1300 1174 διὰ
1313 1147 1363 1182 τὴν
1378 1147 1490 1181 ἄγνοιαν
1515 1148 1564 1182 τὴν
1583 1145 1667 1174 οὖσαν
1691 1147 1719 1173 ὲν
1733 1147 1837 1179 αὐτοῖς,
1848 1147 1893 1174 δια

1101 1194 1153 1228 τὴν
1166 1193 1297 1229 πώρωσιν
1312 1194 1360 1228 τῆς
1374 1193 1490 1229 καρδίας
1504 1193 1605 1220 αὐτῶν.
1622 1193 1656 1220 Οἵ
1676 1201 1750 1224 τινες
1765 1193 1893 1228 ἀπηλγη-

1102 1241 1191 1272 κότες,
1208 1240 1322 1271 ἑαυτοὺς
1337 1239 1500 1276 παρέδωκαν
1512 1241 1546 1276 τῇ
1561 1239 1692 1276 ἀσελγείᾳ
1710 1241 1749 1271 εἰς
1761 1239 1894 1275 ἐργασίαν

1102 1284 1277 1320 ἀκαθαρσίας
1294 1284 1396 1320 πάσης.
1420 1294 1429 1310 ι

1143 1330 1188 1361 Ὡς
1201 1330 1249 1356 ἐπὶ
1265 1330 1384 1366 Χριστοῦ
1411 1331 1551 1366 μάρτυρος
1576 1330 1661 1365 λέγει,
1681 1332 1712 1357 τὸ
1735 1331 1891 1367 μεμνῆσθαι

1102 1375 1152 1410 τῆς
1169 1375 1293 1410 κλήσεως
1308 1377 1359 1410 τῆς
1383 1376 1429 1403 ἐπὶ
1443 1375 1592 1410 ἁγιασμὸν,
1607 1376 1655 1402 καὶ
1671 1376 1710 1412 μὴ
1731 1376 1894 1412 ἀνατρέχειν

1104 1422 1143 1453 εἰς
1157 1420 1204 1447 τὸν
1221 1421 1274 1457 πρὸ
1290 1421 1413 1456 κλήσεως
1441 1417 1509 1456 βίον,
1534 1421 1580 1447 τὸν
1596 1421 1647 1448 οὑκ
1663 1420 1760 1456 ἔχοντα
1778 1422 1892 1455 σκοπὸν,

1103 1466 1163 1493 οὐδὲ
1179 1466 1265 1499 τέλος,
1285 1466 1354 1493 ἀλλὰ
1370 1467 1492 1502 ματαίως
1507 1467 1667 1502 φερόμενον.

1143 1568 1151 1585 ι
1176 1557 1220 1584 Ἐν
1238 1557 1391 1594 πλεονεξίᾳ.
1409 1558 1505 1594 Ὑμεῖς
1517 1558 1545 1585 δὲ
1558 1558 1609 1593 οὐχ
1621 1557 1708 1590 οὕτως
1721 1557 1839 1594 ἐμάθετε
1849 1560 1894 1586 τὸν

1105 1605 1232 1639 Χριστόν.
1254 1614 1263 1630 ›

294 1651 417 1677 Avaritia
431 1649 608 1677 dilectionem
621 1649 714 1677 carnis
730 1650 891 1677 necessario
904 1652 1052 1686 consequi-

1141 1650 1285 1683 Πλεονεξία
1301 1650 1481 1686 φιλοσαρκίας
1507 1651 1581 1678 ἐστὶν
1602 1651 1754 1686 ἀναγκαῖον
1770 1659 1895 1687 παρακο-

261 1701 321 1729 tur;
348 1695 414 1731 quia
444 1695 617 1723 tantumdem
648 1695 753 1724 habere
784 1696 910 1724 homines
939 1697 1052 1730 volunt,

261 1745 396 1778 quantum
415 1742 442 1768 in
459 1741 616 1777 voluptates
627 1741 798 1776 expendant.

297 1787 379 1815 Vens.
391 1787 488 1815 21—25.
506 1796 515 1812 ι
534 1787 562 1814 Si
578 1790 668 1815 tamen
685 1787 761 1814 illum
774 1787 902 1819 audistis,
915 1793 942 1814 et
956 1788 982 1815 in
995 1789 1055 1824 ipso

261 1834 350 1862 edocti
366 1834 447 1866 estis,
461 1833 534 1862 sicut
549 1838 592 1861 est
614 1833 717 1860 veritas
733 1833 760 1861 in
778 1833 889 1860 Christo
903 1833 978 1867 Jesu,
1001 1834 1049 1862 (Ιο-

263 1889 365 1916 ponere
389 1887 437 1908 vos
461 1879 616 1907 secundum
644 1879 786 1914 pristinam
817 1881 1055 1908 conversationem

263 1931 382 1954 veterem
401 1926 553 1958 hominem,
569 1925 618 1960 qui
637 1925 826 1961 corrumpitur
841 1926 995 1954 secundum
1010 1927 1056 1955 de—

262 1972 363 2001 sideria
390 1972 507 2000 erroris.
535 1971 672 1999 Renovari
704 1975 795 1999 autem
824 1972 925 2007 spiritu
957 1973 1056 2000 mentis

263 2023 372 2051 vestrae,
393 2023 420 2046 et
436 2017 554 2046 induere
570 2024 670 2045 novum
686 2017 825 2045 hominem
841 2018 890 2053 qui
904 2018 1055 2045 secundum

263 2065 347 2093 Deum
362 2069 471 2092 creatus
483 2068 526 2092 est
539 2063 567 2090 in
585 2062 696 2098 iustitia
712 2067 739 2090 et
756 2063 906 2091 sanctitate
918 2064 1054 2092 veritatis.

263 2111 378 2146 Propter
403 2110 476 2146 quod
502 2109 674 2145 deponentes
698 2109 883 2142 mendacium,
911 2109 1056 2145 loquimini

263 2157 406 2184 veritatem
423 2155 616 2191 unusquiSque
631 2162 694 2182 cum
708 2155 835 2190 proximo
849 2163 912 2187 suo,
924 2157 1054 2192 quoniam

264 2210 360 2231 sumus
379 2203 497 2230 invicem
513 2201 646 2230 membra.
667 2210 677 2227 ι

301 2249 330 2276 In
347 2249 420 2276 hunc
432 2247 543 2276 modum
557 2247 691 2283 loquitur,
704 2247 767 2283 quia
783 2254 838 2275 non
855 2247 889 2276 ab
904 2247 1056 2284 188ipso

267 2299 348 2322 erant
365 2293 467 2325 edocti,
485 2293 532 2321 sed
549 2300 564 2320 a
583 2292 689 2321 Joanne
704 2294 881 2329 evangelista.
905 2295 951 2322 Ait
970 2301 1054 2329 ergo:

269 2341 396 2368 Doctrina
426 2340 472 2367 illa
489 2347 550 2375 quae
571 2339 671 2366 tradita
694 2339 772 2368 vobis
789 2344 848 2372 est,
873 2348 934 2368 cum
962 2347 1058 2368 revera

269 2387 369 2414 tradita
399 2386 435 2413 sit
453 2384 605 2413 secundum
622 2385 774 2417 Christum,
794 2393 849 2412 non
865 2385 1057 2420 voluptuosam

265 2437 292 2460 et
315 2432 478 2468 ignorantiae
497 2431 621 2459 tenebris
642 2431 774 2458 suﬂ'usam
800 2431 884 2458 vitam
910 2431 1057 2466 permittit,

266 2479 368 2514 alioqui
387 2478 455 2506 nihil
470 2478 546 2510 boni,
562 2477 686 2512 nihilque
695 2477 752 2503 veri
766 2478 916 2511 pra‘ferret.
930 2475 997 2504 Nam
1011 2477 1059 2512 qui

266 2525 416 2552 secundum
430 2524 570 2552 Christum
587 2523 724 2555 eruditur,
741 2522 842 2549 bonum
859 2522 954 2550 didicit
970 2527 996 2550 et
1013 2530 1060 2550 ve-

267 2578 338 2604 rum,
356 2576 451 2605 utpote
464 2571 510 2606 qui
535 2569 735 2605 vitarcarnalis
754 2573 918 2597 vetustatem
935 2569 961 2596 in
980 2570 1059 2597 novi-

267 2620 350 2645 tatem
372 2618 494 2652 Spiritus
507 2622 615 2644 mutare
629 2617 771 2644 doceatur.

1104 1695 1240 1730 λούθημα,
1260 1696 1305 1723 διὰ
1329 1696 1360 1722 τὸ
1379 1697 1505 1724 τοσοῦτον
1533 1697 1636 1724 ἐθέλειν
1656 1698 1740 1734 ἐχειν,
1757 1697 1840 1725 πόθεν
1855 1699 1897 1730 εἰς

1104 1741 1154 1773 τὰς
1165 1741 1263 1776 ἡδονὰς
1275 1741 1471 1769 ἀναλώσουσιν.

1144 1798 1153 1812 ι
1171 1787 1205 1814 Εἰ
1216 1795 1247 1822 γε
1266 1787 1347 1814 αὑτὸν
1363 1788 1510 1822 ἠκούσατε,
1527 1789 1573 1815 καὶ
1586 1789 1616 1816 ὲν
1640 1788 1715 1824 αὺτῷ
1725 1789 1895 1824 ἐδιδάχθητε.

1107 1831 1198 1863 καθώς
1214 1832 1288 1858 ἐστιν
1301 1831 1415 1867 ἀλήθεια
1429 1832 1458 1859 ὲν
1474 1832 1512 1868 τῷ
1533 1833 1632 1869 Ἰησοῦ,
1651 1834 1804 1861 ἀποθέσθαι
1822 1834 1896 1870 ὑμᾶς

1106 1877 1178 1904 κατὰ
1192 1877 1242 1913 τὴν
1257 1878 1393 1914 προτέραν
1405 1879 1578 1915 ἀναστροφὴν
1591 1880 1636 1907 τὸν
1660 1880 1775 1907 παλαιὸν
1791 1880 1897 1915 ἄνθρω-

1107 1932 1167 1956 πον,
1179 1923 1224 1950 τὸν
1239 1924 1418 1960 φθειρόμενον
1440 1926 1511 1952 κατὰ
1525 1927 1575 1958 τὰς
1591 1926 1741 1962 ἐπιθυμίας
1756 1926 1806 1961 τῆς
1823 1927 1898 1953 απά-

1109 1979 1169 2005 της.
1191 1971 1385 1998 Ἀνανεοῦσθαι
1398 1971 1426 1998 δὲ
1440 1971 1478 2006 τῷ
1505 1972 1640 2008 πνεύματι
1667 1972 1714 1999 τοῦ
1733 1973 1791 2004 νοὸς
1807 1972 1896 2006 ὑμῶν,

1108 2017 1153 2044 καὶ
1169 2017 1328 2044 ἐνδύσασθαι
1339 2017 1384 2044 τὸν
1398 2017 1490 2044 καινὸν
1504 2018 1656 2053 ἄνθρωπον,
1679 2018 1725 2044 τὸν
1747 2017 1819 2044 κατὰ
1831 2017 1899 2044 Θεὸν

1107 2063 1251 2090 κτισθέντα
1264 2063 1293 2089 ὲν
1309 2063 1478 2100 δικαιοσύνῃ,
1495 2064 1543 2091 καῖ
1558 2063 1680 2099 ὁσιότητι
1691 2065 1740 2096 τῆς
1753 2063 1896 2098 ἀληθείας.

1107 2109 1153 2136 Διὸ
1179 2109 1344 2145 ἀποθέμενοι
1359 2110 1390 2136 τὺ
1403 2109 1511 2144 ψεῦδος,
1538 2110 1645 2137 λαλεῖτε
1673 2110 1804 2145 ἀλήθειαν
1830 2110 1899 2136 ἕκα-

1108 2163 1170 2187 στος
1188 2155 1257 2190 μετὰ
1279 2155 1326 2182 τοῦ
1353 2156 1468 2192 πλησίον
1489 2156 1582 2188 αὑτοῦ,
1606 2156 1648 2183 ὅτι
1669 2155 1753 2191 ἐσμὲν
1772 2155 1900 2191 ἀλλήλων

1109 2201 1187 2237 μέλη.
1204 2211 1214 2227 ι

1141 2247 1228 2275 Τοῦτό
1243 2257 1336 2284 φησιν,
1354 2248 1449 2282 ἐπειδὴ
1474 2249 1505 2277 οὐ
1531 2249 1596 2284 παρ’
1618 2248 1703 2275 αὑτοῦ
1727 2247 1900 2283 διδαχθέντες

1107 2293 1188 2331 ἦσαν,
1206 2294 1274 2322 ἀλλὰ
1289 2294 1382 2330 mpii
1399 2295 1446 2322 τοῦ
1476 2295 1598 2322 Ἰωάννου
1615 2294 1663 2321 τοῦ
1689 2292 1898 2328 εὐαγγελιστοῦ.

1108 2340 1192 2375 Λέγει
1206 2337 1253 2367 οὖν
1263 2340 1315 2377 ἥδη
1328 2341 1397 2375 πρὸς
1415 2341 1487 2375 ὑμᾶς
1502 2339 1617 2366 ἐλθοῦσα
1631 2339 1801 2371 διδασκαλία,
1819 2339 1899 2374 εἰπερ

1107 2384 1189 2422 ἦλθεν
1202 2385 1241 2421 τῷ
1253 2386 1309 2413 liv-tt
1327 2386 1399 2412 κατὰ.
1417 2385 1545 2421 Χριστὸν,
1559 2386 1590 2412 οὑ
1613 2385 1662 2421 τὴν
1684 2385 1835 2420 φιλήδονον,
1852 2385 1900 2411 καὶ

1111 2432 1161 2468 τὴν
1175 2432 1205 2459 ὲν
1225 2433 1322 2468 ἀγνοίᾳ
1341 2432 1413 2467 ζωὴν
1438 2433 1592 2468 ἐπιτρέπει,
1615 2433 1676 2468 ἥτις
1700 2431 1777 2458 οὐδὲν
1797 2431 1901 2465 ἀγαθὸν

1108 2478 1176 2514 ἔχει,
1194 2478 1255 2504 οὐδὲ
1271 2477 1381 2513 ἀληθές.
1403 2478 1431 2505 '0
1449 2478 1503 2512 γὰρ
1521 2479 1592 2505 κατά
1611 2478 1729 2514 Χριστὸν
1745 2476 1852 2513 μαθὼν,
1869 2476 1901 2503 τὸ
1916 2505 1918 2509 ν

1108 2525 1210 2559 ἀγαθὸν
1230 2523 1374 2560 μεμάθηκε
1392 2525 1438 2550 καὶ
1461 2525 1491 2551 τὸ
1516 2524 1626 2560 ἀληθὲς,
1654 2525 1704 2560 τὴν
1727 2525 1757 2551 ὲν
1778 2518 1918 2560 σαρκικῷ¹

1111 2571 1162 2606 βίῳ
1174 2571 1327 2599 παλαίωσιν
1343 2569 1522 2605 μεταϐάλλειν
1535 2570 1730 2606 διδασκόμενος
1745 2571 1786 2603 εἰς
1807 2569 1901 2597 καινό-

1111 2625 1182 2652 τητα
1194 2616 1244 2652 τὴν
1261 2617 1290 2642 ὲν
1306 2615 1458 2650 Πνεύματι.

904 2705 1022 2733 VARle
1043 2705 1246 2734 LECTIONES.

309 2759 315 2783 ¹
329 2761 527 2800 ,Ἀλλὰ-παρὰ
544 2765 596 2790 τοῦ
613 2765 764 2793 Ἰωάννου.
783 2766 845 2794 llaec
861 2765 1057 2794 subobscurius
1074 2766 1111 2792 ita
1129 2765 1281 2793 redduntur
1299 2764 1370 2799 apud
1396 2765 1605 2796 (licumenium,
1632 2766 1663 2792 τὸ
1679 2766 1718 2797 δὲ,
1733 2767 1758 2792 εἰ
1773 2773 1804 2799 γε
1821 2762 1906 2790 αὑτὸν

271 2797 508 2836 ἦῖεοξλῗαῖεηᾶγιος
530 2799 654 2836 Ἰωάννης
665 2801 842 2835 βεϐαιωτικὸν
863 2801 983 2833 ἐδέξατο.
999 2800 1120 2834 Quorum
1136 2800 1281 2828 verborum
1295 2797 1393 2828 sensus
1410 2809 1444 2828 cx
1471 2800 1630 2828 Damasceni
1661 2797 1833 2836 expositione
1855 2807 1906 2826 ac-

276 2830 327 2864 cipi
343 2833 440 2862 potest.
