  <div class='ocr_page' id='page_1' title='image "/cluster/home/n/w/nwhite01/storage/ocr_20150623/95/njp.32101077772844/430.png"; bbox 0 0 2077 3114; ppageno 0'>
   <div class='ocr_carea' id='block_1_1' title="bbox 226 122 280 156">
    <p class='ocr_par' dir='ltr' id='par_1_1' title="bbox 226 122 280 156">
     <span class='ocr_line' id='line_1_1' title="bbox 226 122 280 156; baseline 0 0"><span class='ocrx_word' id='word_1_1' title='bbox 226 122 280 156; x_wconf 63' lang='grc'><strong>845</strong></span> 
     </span>
    </p>
   </div>
   <div class='ocr_carea' id='block_1_2' title="bbox 812 125 1280 156">
    <p class='ocr_par' dir='ltr' id='par_1_2' title="bbox 812 125 1280 156">
     <span class='ocr_line' id='line_1_2' title="bbox 812 125 1280 156; baseline 0.002 -1"><span class='ocrx_word' id='word_1_2' title='bbox 812 125 854 156; x_wconf 84' lang='grc' dir='ltr'>ΙΝ</span> <span class='ocrx_word' id='word_1_3' title='bbox 873 125 994 156; x_wconf 83' lang='lat' dir='ltr'><strong>EPIST.</strong></span> <span class='ocrx_word' id='word_1_4' title='bbox 1015 125 1064 156; x_wconf 83' lang='lat' dir='ltr'><strong>AD</strong></span> <span class='ocrx_word' id='word_1_5' title='bbox 1084 125 1280 156; x_wconf 87' lang='lat' dir='ltr'><strong>EPHESIOS.</strong></span> 
     </span>
    </p>
   </div>
   <div class='ocr_carea' id='block_1_3' title="bbox 1803 125 1855 156">
    <p class='ocr_par' dir='ltr' id='par_1_3' title="bbox 1803 125 1855 156">
     <span class='ocr_line' id='line_1_3' title="bbox 1803 125 1855 156; baseline 0 0"><span class='ocrx_word' id='word_1_6' title='bbox 1803 125 1855 156; x_wconf 70' lang='grc'><strong>846</strong></span> 
     </span>
    </p>
   </div>
   <div class='ocr_carea' id='block_1_4' title="bbox 266 166 1023 218">
    <p class='ocr_par' dir='ltr' id='par_1_4' title="bbox 266 166 1014 215">
     <span class='ocr_line' id='line_1_4' title="bbox 266 166 1014 215; baseline 0 -9"><span class='ocrx_word' id='word_1_7' title='bbox 266 189 275 206; x_wconf 82' lang='grc' dir='ltr'><strong>ι</strong></span> <span class='ocrx_word' id='word_1_8' title='bbox 299 178 470 215; x_wconf 74' lang='grc' dir='ltr'>Ὀργίζεειθε,</span> <span class='ocrx_word' id='word_1_9' title='bbox 491 178 538 206; x_wconf 74' lang='grc' dir='ltr'>καὶ</span> <span class='ocrx_word' id='word_1_10' title='bbox 564 179 602 214; x_wconf 81' lang='grc' dir='ltr'>μὴ</span> <span class='ocrx_word' id='word_1_11' title='bbox 628 166 820 215; x_wconf 81' lang='grc' dir='ltr'>ἁμαρτάνετε·</span> <span class='ocrx_word' id='word_1_12' title='bbox 846 181 860 206; x_wconf 99' lang='lat'><strong>6</strong></span> <span class='ocrx_word' id='word_1_13' title='bbox 882 180 957 215; x_wconf 82' lang='grc' dir='ltr'>ἥλιος</span> <span class='ocrx_word' id='word_1_14' title='bbox 978 179 1014 215; x_wconf 81' lang='grc' dir='ltr'>μὴ</span> 
     </span>
    </p>
   </div>
   <div class='ocr_carea' id='block_1_5' title="bbox 1075 166 1853 218">
    <p class='ocr_par' dir='ltr' id='par_1_5' title="bbox 1110 178 1853 218">
     <span class='ocr_line' id='line_1_5' title="bbox 1110 178 1853 218; baseline -0.001 -11"><span class='ocrx_word' id='word_1_15' title='bbox 1110 178 1195 209; x_wconf 67' lang='lat' dir='ltr'><strong>Ven‘s.</strong></span> <span class='ocrx_word' id='word_1_16' title='bbox 1212 180 1309 218; x_wconf 65' lang='lat'><strong>26-29.</strong></span> <span class='ocrx_word' id='word_1_17' title='bbox 1331 189 1339 205; x_wconf 82' lang='grc' dir='ltr'><strong>ι</strong></span> <span class='ocrx_word' id='word_1_18' title='bbox 1359 178 1512 208; x_wconf 84' lang='lat' dir='ltr'><strong>irascimini</strong></span> <span class='ocrx_word' id='word_1_19' title='bbox 1526 183 1554 209; x_wconf 89' lang='lat' dir='ltr'><strong>et</strong></span> <span class='ocrx_word' id='word_1_20' title='bbox 1574 180 1657 208; x_wconf 86' lang='lat' dir='ltr'><strong>nolite</strong></span> <span class='ocrx_word' id='word_1_21' title='bbox 1675 187 1797 215; x_wconf 87' lang='lat' dir='ltr'><strong>peccare,</strong></span> <span class='ocrx_word' id='word_1_22' title='bbox 1813 181 1853 208; x_wconf 88' lang='lat' dir='ltr'><strong>sol</strong></span> 
     </span>
    </p>
   </div>
   <div class='ocr_carea' id='block_1_6' title="bbox 225 224 1016 261">
    <p class='ocr_par' dir='ltr' id='par_1_6' title="bbox 225 224 1016 261">
     <span class='ocr_line' id='line_1_6' title="bbox 225 224 1016 261; baseline -0.004 -8"><span class='ocrx_word' id='word_1_23' title='bbox 225 225 359 254; x_wconf 75' lang='grc' dir='ltr'><strong>ἐπιδυέτω</strong></span> <span class='ocrx_word' id='word_1_24' title='bbox 376 226 422 252; x_wconf 76' lang='grc' dir='ltr'><strong>ἐπὶ</strong></span> <span class='ocrx_word' id='word_1_25' title='bbox 448 225 487 261; x_wconf 86' lang='grc' dir='ltr'>τῷ</span> <span class='ocrx_word' id='word_1_26' title='bbox 508 224 692 261; x_wconf 78' lang='grc' dir='ltr'><strong>παροργισμῷ</strong></span> <span class='ocrx_word' id='word_1_27' title='bbox 717 224 805 260; x_wconf 82' lang='grc' dir='ltr'>ὑμῶν.</span> <span class='ocrx_word' id='word_1_28' title='bbox 830 225 907 260; x_wconf 84' lang='grc' dir='ltr'><strong>Μηδὲ</strong></span> <span class='ocrx_word' id='word_1_29' title='bbox 930 225 1016 251; x_wconf 85' lang='grc' dir='ltr'>δίδοτε</span> 
     </span>
    </p>
   </div>
   <div class='ocr_carea' id='block_1_7' title="bbox 224 270 1015 307">
    <p class='ocr_par' dir='ltr' id='par_1_7' title="bbox 224 270 1015 307">
     <span class='ocr_line' id='line_1_7' title="bbox 224 270 1015 307; baseline -0.003 -9"><span class='ocrx_word' id='word_1_30' title='bbox 224 273 307 299; x_wconf 82' lang='grc' dir='ltr'>τόπον</span> <span class='ocrx_word' id='word_1_31' title='bbox 323 271 359 307; x_wconf 83' lang='grc' dir='ltr'><strong>τῷ</strong></span> <span class='ocrx_word' id='word_1_32' title='bbox 377 271 504 305; x_wconf 77' lang='grc' dir='ltr'>διαϐόλῳ.</span> <span class='ocrx_word' id='word_1_33' title='bbox 524 271 553 298; x_wconf 92' lang='lat'><strong>&#39;0</strong></span> <span class='ocrx_word' id='word_1_34' title='bbox 577 271 712 302; x_wconf 84' lang='grc' dir='ltr'>κλέπτων,</span> <span class='ocrx_word' id='word_1_35' title='bbox 744 271 842 307; x_wconf 84' lang='grc' dir='ltr'><strong>μηκέτι</strong></span> <span class='ocrx_word' id='word_1_36' title='bbox 862 270 1015 303; x_wconf 78' lang='grc' dir='ltr'><strong>κλεπτέτω,</strong></span> 
     </span>
    </p>
   </div>
   <div class='ocr_carea' id='block_1_8' title="bbox 227 316 1018 354">
    <p class='ocr_par' dir='ltr' id='par_1_8' title="bbox 227 316 1018 354">
     <span class='ocr_line' id='line_1_8' title="bbox 227 316 1018 354; baseline -0.004 -9"><span class='ocrx_word' id='word_1_37' title='bbox 227 318 329 354; x_wconf 81' lang='grc' dir='ltr'>μᾶλλον</span> <span class='ocrx_word' id='word_1_38' title='bbox 339 317 367 344; x_wconf 79' lang='grc' dir='ltr'>δὲ</span> <span class='ocrx_word' id='word_1_39' title='bbox 382 317 518 348; x_wconf 79' lang='grc' dir='ltr'><strong>κοπιάτω,</strong></span> <span class='ocrx_word' id='word_1_40' title='bbox 532 316 718 352; x_wconf 78' lang='grc' dir='ltr'><strong>ἐργαζόμενος</strong></span> <span class='ocrx_word' id='word_1_41' title='bbox 726 317 756 343; x_wconf 85' lang='grc' dir='ltr'>τὸ</span> <span class='ocrx_word' id='word_1_42' title='bbox 768 316 870 350; x_wconf 84' lang='grc' dir='ltr'>ἀγαθὸν</span> <span class='ocrx_word' id='word_1_43' title='bbox 883 318 943 347; x_wconf 85' lang='grc' dir='ltr'>ταῖς</span> <span class='ocrx_word' id='word_1_44' title='bbox 954 324 1018 352; x_wconf 86' lang='grc' dir='ltr'>χερ-</span> 
     </span>
    </p>
   </div>
   <div class='ocr_carea' id='block_1_9' title="bbox 228 361 1019 399">
    <p class='ocr_par' dir='ltr' id='par_1_9' title="bbox 228 361 1019 399">
     <span class='ocr_line' id='line_1_9' title="bbox 228 361 1019 399; baseline -0.003 -8"><span class='ocrx_word' id='word_1_45' title='bbox 228 365 280 397; x_wconf 77' lang='grc' dir='ltr'>σὶν,</span> <span class='ocrx_word' id='word_1_46' title='bbox 300 364 344 391; x_wconf 78' lang='grc' dir='ltr'><strong>ἵνα</strong></span> <span class='ocrx_word' id='word_1_47' title='bbox 359 363 408 399; x_wconf 76' lang='grc' dir='ltr'><strong>ἐχῃ</strong></span> <span class='ocrx_word' id='word_1_48' title='bbox 427 363 596 398; x_wconf 69' lang='grc' dir='ltr'><strong>μεταδιδόναι</strong></span> <span class='ocrx_word' id='word_1_49' title='bbox 611 363 651 399; x_wconf 82' lang='grc' dir='ltr'>τῷ</span> <span class='ocrx_word' id='word_1_50' title='bbox 667 363 762 399; x_wconf 84' lang='grc' dir='ltr'>χρείαν</span> <span class='ocrx_word' id='word_1_51' title='bbox 784 363 884 398; x_wconf 77' lang='grc' dir='ltr'>ἔχοντι.</span> <span class='ocrx_word' id='word_1_52' title='bbox 902 363 960 394; x_wconf 75' lang='grc' dir='ltr'>Πᾶς</span> <span class='ocrx_word' id='word_1_53' title='bbox 974 361 1019 388; x_wconf 88' lang='grc' dir='ltr'><strong>λό-</strong></span> 
     </span>
    </p>
   </div>
   <div class='ocr_carea' id='block_1_10' title="bbox 227 408 1016 445">
    <p class='ocr_par' dir='ltr' id='par_1_10' title="bbox 227 408 1016 445">
     <span class='ocr_line' id='line_1_10' title="bbox 227 408 1016 445; baseline -0.003 -8"><span class='ocrx_word' id='word_1_54' title='bbox 227 419 275 445; x_wconf 86' lang='grc' dir='ltr'><strong>γος</strong></span> <span class='ocrx_word' id='word_1_55' title='bbox 290 410 406 445; x_wconf 80' lang='grc' dir='ltr'>σκληρὸς</span> <span class='ocrx_word' id='word_1_56' title='bbox 418 411 450 436; x_wconf 87' lang='grc' dir='ltr'>ὲκ</span> <span class='ocrx_word' id='word_1_57' title='bbox 464 409 512 436; x_wconf 88' lang='grc' dir='ltr'><strong>τοῦ</strong></span> <span class='ocrx_word' id='word_1_58' title='bbox 523 409 658 444; x_wconf 83' lang='grc' dir='ltr'>στόματος</span> <span class='ocrx_word' id='word_1_59' title='bbox 671 410 685 436; x_wconf 88' lang='grc' dir='ltr'>ὑ</span> <span class='ocrx_word' id='word_1_60' title='bbox 690 410 748 444; x_wconf 87' lang='grc' dir='ltr'>μῶν</span> <span class='ocrx_word' id='word_1_61' title='bbox 764 409 800 445; x_wconf 83' lang='grc' dir='ltr'>μὴ</span> <span class='ocrx_word' id='word_1_62' title='bbox 815 408 1016 444; x_wconf 72' lang='grc' dir='ltr'><strong>ἐκπορευέσθω,</strong></span> 
     </span>
    </p>
   </div>
   <div class='ocr_carea' id='block_1_11' title="bbox 227 454 1016 492">
    <p class='ocr_par' dir='ltr' id='par_1_11' title="bbox 227 454 1016 492">
     <span class='ocr_line' id='line_1_11' title="bbox 227 454 1016 492; baseline -0.003 -9"><span class='ocrx_word' id='word_1_63' title='bbox 227 457 286 484; x_wconf 81' lang='grc' dir='ltr'>ἀλλ’</span> <span class='ocrx_word' id='word_1_64' title='bbox 297 456 325 483; x_wconf 78' lang='grc' dir='ltr'><strong>εί</strong></span> <span class='ocrx_word' id='word_1_65' title='bbox 336 465 379 488; x_wconf 81' lang='grc' dir='ltr'><strong>τις</strong></span> <span class='ocrx_word' id='word_1_66' title='bbox 396 455 509 490; x_wconf 80' lang='grc' dir='ltr'>ἀγαθὸς,</span> <span class='ocrx_word' id='word_1_67' title='bbox 532 456 601 491; x_wconf 82' lang='grc' dir='ltr'>πρὸς</span> <span class='ocrx_word' id='word_1_68' title='bbox 618 456 763 492; x_wconf 80' lang='grc' dir='ltr'>οἰκοδομὴν</span> <span class='ocrx_word' id='word_1_69' title='bbox 778 456 828 491; x_wconf 83' lang='grc' dir='ltr'>τῆς</span> <span class='ocrx_word' id='word_1_70' title='bbox 846 455 955 491; x_wconf 81' lang='grc' dir='ltr'><strong>χρείας,</strong></span> <span class='ocrx_word' id='word_1_71' title='bbox 971 454 1016 481; x_wconf 78' lang='grc' dir='ltr'><strong>ἵνα</strong></span> 
     </span>
    </p>
   </div>
   <div class='ocr_carea' id='block_1_12' title="bbox 228 501 633 538">
    <p class='ocr_par' dir='ltr' id='par_1_12' title="bbox 228 501 633 538">
     <span class='ocr_line' id='line_1_12' title="bbox 228 501 633 538; baseline -0.002 -9"><span class='ocrx_word' id='word_1_72' title='bbox 228 502 267 538; x_wconf 85' lang='grc' dir='ltr'>δῷ</span> <span class='ocrx_word' id='word_1_73' title='bbox 281 502 363 538; x_wconf 83' lang='grc' dir='ltr'>χάριν</span> <span class='ocrx_word' id='word_1_74' title='bbox 377 503 433 533; x_wconf 86' lang='grc' dir='ltr'>τοῖς</span> <span class='ocrx_word' id='word_1_75' title='bbox 449 501 604 529; x_wconf 79' lang='grc' dir='ltr'>ἀκούουσιν.</span> <span class='ocrx_word' id='word_1_76' title='bbox 624 511 633 528; x_wconf 71' lang='grc' dir='ltr'><strong>ι</strong></span> 
     </span>
    </p>
   </div>
   <div class='ocr_carea' id='block_1_13' title="bbox 264 546 1018 584">
    <p class='ocr_par' dir='ltr' id='par_1_13' title="bbox 264 546 1018 584">
     <span class='ocr_line' id='line_1_13' title="bbox 264 546 1018 584; baseline -0.001 -9"><span class='ocrx_word' id='word_1_77' title='bbox 264 549 296 575; x_wconf 79' lang='lat' dir='ltr'><strong>Et</strong></span> <span class='ocrx_word' id='word_1_78' title='bbox 310 548 358 575; x_wconf 74' lang='grc' dir='ltr'>καὶ</span> <span class='ocrx_word' id='word_1_79' title='bbox 376 547 444 583; x_wconf 83' lang='grc' dir='ltr'>ὀργῇ</span> <span class='ocrx_word' id='word_1_80' title='bbox 462 547 623 583; x_wconf 77' lang='grc' dir='ltr'><strong>προσπέσοι,</strong></span> <span class='ocrx_word' id='word_1_81' title='bbox 644 547 721 584; x_wconf 78' lang='grc' dir='ltr'>φησὶ,</span> <span class='ocrx_word' id='word_1_82' title='bbox 738 548 775 583; x_wconf 82' lang='grc' dir='ltr'>μὴ</span> <span class='ocrx_word' id='word_1_83' title='bbox 792 548 833 580; x_wconf 87' lang='grc' dir='ltr'><strong>είς</strong></span> <span class='ocrx_word' id='word_1_84' title='bbox 844 547 875 574; x_wconf 85' lang='grc' dir='ltr'><strong>τὺ</strong></span> <span class='ocrx_word' id='word_1_85' title='bbox 892 546 1018 583; x_wconf 84' lang='grc' dir='ltr'>ἁμαρτά-</span> 
     </span>
    </p>
   </div>
   <div class='ocr_carea' id='block_1_14' title="bbox 229 594 1018 630">
    <p class='ocr_par' dir='ltr' id='par_1_14' title="bbox 229 594 1018 630">
     <span class='ocr_line' id='line_1_14' title="bbox 229 594 1018 630; baseline -0.003 -8"><span class='ocrx_word' id='word_1_86' title='bbox 229 603 286 622; x_wconf 85' lang='grc' dir='ltr'>νειν</span> <span class='ocrx_word' id='word_1_87' title='bbox 307 594 503 630; x_wconf 79' lang='grc' dir='ltr'>ἐπικρατείτω,</span> <span class='ocrx_word' id='word_1_88' title='bbox 527 594 594 621; x_wconf 73' lang='grc' dir='ltr'>ἀλλὰ</span> <span class='ocrx_word' id='word_1_89' title='bbox 623 594 670 621; x_wconf 74' lang='grc' dir='ltr'><strong>καὶ</strong></span> <span class='ocrx_word' id='word_1_90' title='bbox 699 594 752 630; x_wconf 82' lang='grc' dir='ltr'>πρὸ</span> <span class='ocrx_word' id='word_1_91' title='bbox 766 594 814 621; x_wconf 82' lang='grc' dir='ltr'><strong>τοῦ</strong></span> <span class='ocrx_word' id='word_1_92' title='bbox 830 594 937 630; x_wconf 81' lang='grc' dir='ltr'><strong>ἡμέραν</strong></span> <span class='ocrx_word' id='word_1_93' title='bbox 956 594 1018 620; x_wconf 75' lang='grc' dir='ltr'>ἐπι-</span> 
     </span>
    </p>
   </div>
   <div class='ocr_carea' id='block_1_15' title="bbox 229 640 1020 677">
    <p class='ocr_par' dir='ltr' id='par_1_15' title="bbox 229 640 1020 677">
     <span class='ocr_line' id='line_1_15' title="bbox 229 640 1020 677; baseline -0.004 -8"><span class='ocrx_word' id='word_1_94' title='bbox 229 642 328 677; x_wconf 80' lang='grc' dir='ltr'>στῆναι</span> <span class='ocrx_word' id='word_1_95' title='bbox 340 640 479 676; x_wconf 80' lang='grc' dir='ltr'>δευτέραν,</span> <span class='ocrx_word' id='word_1_96' title='bbox 493 640 632 667; x_wconf 80' lang='grc' dir='ltr'>παυὲσθω.</span> <span class='ocrx_word' id='word_1_97' title='bbox 653 640 719 667; x_wconf 80' lang='grc' dir='ltr'>Ἐὰν</span> <span class='ocrx_word' id='word_1_98' title='bbox 731 640 786 676; x_wconf 85' lang='grc' dir='ltr'><strong>γὰρ</strong></span> <span class='ocrx_word' id='word_1_99' title='bbox 803 640 890 667; x_wconf 86' lang='grc' dir='ltr'>ταῦτα</span> <span class='ocrx_word' id='word_1_100' title='bbox 901 641 930 666; x_wconf 85' lang='grc' dir='ltr'>ὲν</span> <span class='ocrx_word' id='word_1_101' title='bbox 955 640 1020 675; x_wconf 81' lang='grc' dir='ltr'>ὑμῖν</span> 
     </span>
    </p>
   </div>
   <div class='ocr_carea' id='block_1_16' title="bbox 230 685 1020 724">
    <p class='ocr_par' dir='ltr' id='par_1_16' title="bbox 230 685 1020 724">
     <span class='ocr_line' id='line_1_16' title="bbox 230 685 1020 724; baseline -0.004 -9"><span class='ocrx_word' id='word_1_102' title='bbox 230 689 329 724; x_wconf 81' lang='grc' dir='ltr'><strong>κρατῇ,</strong></span> <span class='ocrx_word' id='word_1_103' title='bbox 345 687 468 714; x_wconf 76' lang='grc' dir='ltr'>διαϐόλου</span> <span class='ocrx_word' id='word_1_104' title='bbox 492 687 647 722; x_wconf 81' lang='grc' dir='ltr'>διδάγματα</span> <span class='ocrx_word' id='word_1_105' title='bbox 666 687 741 720; x_wconf 78' lang='grc' dir='ltr'>ὄντα,</span> <span class='ocrx_word' id='word_1_106' title='bbox 764 687 778 712; x_wconf 88' lang='lat'><strong>6</strong></span> <span class='ocrx_word' id='word_1_107' title='bbox 794 685 955 718; x_wconf 84' lang='grc' dir='ltr'>διδάσκαλος</span> <span class='ocrx_word' id='word_1_108' title='bbox 975 685 1020 713; x_wconf 76' lang='grc' dir='ltr'><strong>διὰ</strong></span> 
     </span>
    </p>
   </div>
   <div class='ocr_carea' id='block_1_17' title="bbox 230 732 915 769">
    <p class='ocr_par' dir='ltr' id='par_1_17' title="bbox 230 732 915 769">
     <span class='ocr_line' id='line_1_17' title="bbox 230 732 915 769; baseline -0.001 -7"><span class='ocrx_word' id='word_1_109' title='bbox 230 734 283 762; x_wconf 82' lang='grc' dir='ltr'><strong>τῶν</strong></span> <span class='ocrx_word' id='word_1_110' title='bbox 299 735 372 762; x_wconf 84' lang='grc' dir='ltr'>ιδίων</span> <span class='ocrx_word' id='word_1_111' title='bbox 386 734 470 761; x_wconf 80' lang='grc' dir='ltr'>αὐτοῦ</span> <span class='ocrx_word' id='word_1_112' title='bbox 483 733 656 769; x_wconf 80' lang='grc' dir='ltr'>διδαγμάτων</span> <span class='ocrx_word' id='word_1_113' title='bbox 674 732 915 761; x_wconf 78' lang='grc' dir='ltr'>ὲπεισελεύσεται.1</span> 
     </span>
    </p>
   </div>
   <div class='ocr_carea' id='block_1_18' title="bbox 270 814 1021 855">
    <p class='ocr_par' dir='ltr' id='par_1_18' title="bbox 270 814 1021 855">
     <span class='ocr_line' id='line_1_18' title="bbox 270 814 1021 855; baseline -0.003 -8"><span class='ocrx_word' id='word_1_114' title='bbox 270 830 280 847; x_wconf 75' lang='grc' dir='ltr'><strong>ι</strong></span> <span class='ocrx_word' id='word_1_115' title='bbox 302 821 358 847; x_wconf 75' lang='grc' dir='ltr'><strong>Καὶ</strong></span> <span class='ocrx_word' id='word_1_116' title='bbox 389 820 427 855; x_wconf 85' lang='grc' dir='ltr'>μὴ</span> <span class='ocrx_word' id='word_1_117' title='bbox 443 819 556 847; x_wconf 82' lang='grc' dir='ltr'>λυπεῖτε</span> <span class='ocrx_word' id='word_1_118' title='bbox 571 819 602 846; x_wconf 77' lang='grc' dir='ltr'>τὸ</span> <span class='ocrx_word' id='word_1_119' title='bbox 631 819 744 855; x_wconf 83' lang='grc' dir='ltr'>Πνεῦμα</span> <span class='ocrx_word' id='word_1_120' title='bbox 773 819 820 846; x_wconf 83' lang='grc' dir='ltr'><strong>τοῦ</strong></span> <span class='ocrx_word' id='word_1_121' title='bbox 849 818 930 852; x_wconf 82' lang='grc' dir='ltr'>Θεοῦ,</span> <span class='ocrx_word' id='word_1_122' title='bbox 955 818 984 846; x_wconf 79' lang='grc' dir='ltr'>ὲν</span> <span class='ocrx_word' id='word_1_123' title='bbox 999 814 1021 853; x_wconf 81' lang='grc' dir='ltr'>ᾧ</span> 
     </span>
    </p>
   </div>
   <div class='ocr_carea' id='block_1_19' title="bbox 231 865 891 903">
    <p class='ocr_par' dir='ltr' id='par_1_19' title="bbox 231 865 891 903">
     <span class='ocr_line' id='line_1_19' title="bbox 231 865 891 903; baseline -0.005 -9"><span class='ocrx_word' id='word_1_124' title='bbox 231 866 435 903; x_wconf 72' lang='grc' dir='ltr'>ἐσφραγίσθητε</span> <span class='ocrx_word' id='word_1_125' title='bbox 450 866 491 898; x_wconf 88' lang='grc' dir='ltr'><strong>εις</strong></span> <span class='ocrx_word' id='word_1_126' title='bbox 503 866 610 901; x_wconf 82' lang='grc' dir='ltr'>ἡμέραν</span> <span class='ocrx_word' id='word_1_127' title='bbox 627 865 855 901; x_wconf 85' lang='grc' dir='ltr'>ἀπολυτρώσεως.</span> <span class='ocrx_word' id='word_1_128' title='bbox 882 874 891 891; x_wconf 79' lang='grc' dir='ltr'><strong>ι</strong></span> 
     </span>
    </p>
   </div>
   <div class='ocr_carea' id='block_1_20' title="bbox 266 952 1021 991">
    <p class='ocr_par' dir='ltr' id='par_1_20' title="bbox 266 952 1021 991">
     <span class='ocr_line' id='line_1_20' title="bbox 266 952 1021 991; baseline -0.003 -9"><span class='ocrx_word' id='word_1_129' title='bbox 266 955 303 982; x_wconf 84' lang='grc' dir='ltr'><strong>Τὺ</strong></span> <span class='ocrx_word' id='word_1_130' title='bbox 314 955 426 991; x_wconf 79' lang='grc' dir='ltr'>Πνεῦμα</span> <span class='ocrx_word' id='word_1_131' title='bbox 439 955 512 990; x_wconf 80' lang='grc' dir='ltr'>ὑμᾶς</span> <span class='ocrx_word' id='word_1_132' title='bbox 525 954 779 990; x_wconf 82' lang='grc' dir='ltr'>ἀποστραφήσεται,</span> <span class='ocrx_word' id='word_1_133' title='bbox 797 953 875 989; x_wconf 71' lang='grc' dir='ltr'>φησὶ,</span> <span class='ocrx_word' id='word_1_134' title='bbox 895 952 1021 989; x_wconf 81' lang='grc' dir='ltr'>καθάπερ</span> 
     </span>
    </p>
   </div>
   <div class='ocr_carea' id='block_1_21' title="bbox 231 999 1022 1037">
    <p class='ocr_par' dir='ltr' id='par_1_21' title="bbox 231 999 1022 1037">
     <span class='ocr_line' id='line_1_21' title="bbox 231 999 1022 1037; baseline -0.005 -9"><span class='ocrx_word' id='word_1_135' title='bbox 231 1001 412 1037; x_wconf 82' lang='grc' dir='ltr'>λυπούμενον,</span> <span class='ocrx_word' id='word_1_136' title='bbox 437 1001 477 1028; x_wconf 72' lang='grc' dir='ltr'><strong>ὅτι</strong></span> <span class='ocrx_word' id='word_1_137' title='bbox 502 1000 598 1036; x_wconf 83' lang='grc' dir='ltr'>ὥσπερ</span> <span class='ocrx_word' id='word_1_138' title='bbox 624 1001 653 1027; x_wconf 80' lang='grc' dir='ltr'>ὲν</span> <span class='ocrx_word' id='word_1_139' title='bbox 672 999 840 1035; x_wconf 83' lang='grc' dir='ltr'>σφραγισμῷ</span> <span class='ocrx_word' id='word_1_140' title='bbox 861 999 937 1025; x_wconf 79' lang='grc' dir='ltr'>δοθὲν</span> <span class='ocrx_word' id='word_1_141' title='bbox 958 999 1022 1033; x_wconf 81' lang='grc' dir='ltr'>ὑμῖν</span> 
     </span>
    </p>
   </div>
   <div class='ocr_carea' id='block_1_22' title="bbox 232 1045 1022 1082">
    <p class='ocr_par' dir='ltr' id='par_1_22' title="bbox 232 1045 1022 1082">
     <span class='ocr_line' id='line_1_22' title="bbox 232 1045 1022 1082; baseline -0.004 -8"><span class='ocrx_word' id='word_1_142' title='bbox 232 1049 272 1080; x_wconf 86' lang='grc' dir='ltr'><strong>είς</strong></span> <span class='ocrx_word' id='word_1_143' title='bbox 286 1048 394 1080; x_wconf 76' lang='grc' dir='ltr'>ἕνωσιν,</span> <span class='ocrx_word' id='word_1_144' title='bbox 420 1048 470 1074; x_wconf 75' lang='grc' dir='ltr'>οὐκ</span> <span class='ocrx_word' id='word_1_145' title='bbox 494 1046 666 1082; x_wconf 80' lang='grc' dir='ltr'>ἐπιτηδείους</span> <span class='ocrx_word' id='word_1_146' title='bbox 686 1045 757 1081; x_wconf 77' lang='grc' dir='ltr'>πρὸς</span> <span class='ocrx_word' id='word_1_147' title='bbox 778 1045 874 1072; x_wconf 78' lang='grc' dir='ltr'>ἕνωσιν</span> <span class='ocrx_word' id='word_1_148' title='bbox 901 1045 1022 1080; x_wconf 79' lang='grc' dir='ltr'>εὑρίσκει</span> 
     </span>
    </p>
   </div>
   <div class='ocr_carea' id='block_1_23' title="bbox 233 1090 1022 1127">
    <p class='ocr_par' dir='ltr' id='par_1_23' title="bbox 233 1090 1022 1127">
     <span class='ocr_line' id='line_1_23' title="bbox 233 1090 1022 1127; baseline -0.004 -8"><span class='ocrx_word' id='word_1_149' title='bbox 233 1092 296 1124; x_wconf 77' lang='grc' dir='ltr'>τοὺς</span> <span class='ocrx_word' id='word_1_150' title='bbox 311 1091 491 1127; x_wconf 81' lang='grc' dir='ltr'>δεδεγμένους</span> <span class='ocrx_word' id='word_1_151' title='bbox 517 1091 567 1127; x_wconf 84' lang='grc' dir='ltr'><strong>τὴν</strong></span> <span class='ocrx_word' id='word_1_152' title='bbox 591 1091 671 1126; x_wconf 84' lang='grc' dir='ltr'>χάριν</span> <span class='ocrx_word' id='word_1_153' title='bbox 701 1091 742 1122; x_wconf 85' lang='grc' dir='ltr'><strong>είς</strong></span> <span class='ocrx_word' id='word_1_154' title='bbox 759 1091 790 1117; x_wconf 76' lang='grc' dir='ltr'><strong>τὸ</strong></span> <span class='ocrx_word' id='word_1_155' title='bbox 815 1090 959 1125; x_wconf 82' lang='grc' dir='ltr'>διαφυγεῖν</span> <span class='ocrx_word' id='word_1_156' title='bbox 973 1090 1022 1126; x_wconf 85' lang='grc' dir='ltr'>τὴν</span> 
     </span>
    </p>
   </div>
   <div class='ocr_carea' id='block_1_24' title="bbox 233 1137 581 1172">
    <p class='ocr_par' dir='ltr' id='par_1_24' title="bbox 233 1137 581 1172">
     <span class='ocr_line' id='line_1_24' title="bbox 233 1137 581 1172; baseline -0.003 -8"><span class='ocrx_word' id='word_1_157' title='bbox 233 1137 345 1164; x_wconf 76' lang='grc' dir='ltr'>κόλασιν</span> <span class='ocrx_word' id='word_1_158' title='bbox 356 1137 406 1172; x_wconf 84' lang='grc' dir='ltr'>τῆς</span> <span class='ocrx_word' id='word_1_159' title='bbox 418 1137 581 1172; x_wconf 83' lang='grc' dir='ltr'>διαφοορᾶς.</span> 
     </span>
    </p>
   </div>
   <div class='ocr_carea' id='block_1_25' title="bbox 272 1223 1022 1260">
    <p class='ocr_par' dir='ltr' id='par_1_25' title="bbox 272 1223 1022 1260">
     <span class='ocr_line' id='line_1_25' title="bbox 272 1223 1022 1260; baseline -0.004 -7"><span class='ocrx_word' id='word_1_160' title='bbox 272 1236 282 1253; x_wconf 73' lang='grc' dir='ltr'><strong>ι</strong></span> <span class='ocrx_word' id='word_1_161' title='bbox 310 1226 391 1252; x_wconf 76' lang='grc' dir='ltr'>Πᾶσα</span> <span class='ocrx_word' id='word_1_162' title='bbox 409 1224 518 1260; x_wconf 79' lang='grc' dir='ltr'>πικρία,</span> <span class='ocrx_word' id='word_1_163' title='bbox 539 1224 586 1250; x_wconf 72' lang='grc' dir='ltr'>καὶ</span> <span class='ocrx_word' id='word_1_164' title='bbox 602 1223 697 1260; x_wconf 76' lang='grc' dir='ltr'>θυμὸς,</span> <span class='ocrx_word' id='word_1_165' title='bbox 715 1224 763 1250; x_wconf 77' lang='grc' dir='ltr'>καὶ</span> <span class='ocrx_word' id='word_1_166' title='bbox 787 1223 868 1260; x_wconf 80' lang='grc' dir='ltr'>ὀργὴ,</span> <span class='ocrx_word' id='word_1_167' title='bbox 893 1224 940 1251; x_wconf 70' lang='grc' dir='ltr'>καὶ</span> <span class='ocrx_word' id='word_1_168' title='bbox 956 1224 1022 1260; x_wconf 85' lang='grc' dir='ltr'>βλα-</span> 
     </span>
    </p>
   </div>
   <div class='ocr_carea' id='block_1_26' title="bbox 181 1265 1022 1306">
    <p class='ocr_par' dir='ltr' id='par_1_26' title="bbox 181 1265 1022 1306">
     <span class='ocr_line' id='line_1_26' title="bbox 181 1265 1022 1306; baseline -0.004 -9"><span class='ocrx_word' id='word_1_169' title='bbox 181 1265 187 1269; x_wconf 58' lang='grc'><strong>’</strong></span> <span class='ocrx_word' id='word_1_170' title='bbox 235 1271 342 1306; x_wconf 86' lang='grc' dir='ltr'>σφημία</span> <span class='ocrx_word' id='word_1_171' title='bbox 354 1269 466 1305; x_wconf 81' lang='grc' dir='ltr'>ἀρθήτω</span> <span class='ocrx_word' id='word_1_172' title='bbox 482 1270 528 1304; x_wconf 82' lang='grc' dir='ltr'>ἀφ’</span> <span class='ocrx_word' id='word_1_173' title='bbox 545 1269 622 1304; x_wconf 82' lang='grc' dir='ltr'>ὑμῶν</span> <span class='ocrx_word' id='word_1_174' title='bbox 641 1269 689 1295; x_wconf 84' lang='grc' dir='ltr'><strong>σὺν</strong></span> <span class='ocrx_word' id='word_1_175' title='bbox 705 1269 780 1305; x_wconf 80' lang='grc' dir='ltr'>πάσῃ</span> <span class='ocrx_word' id='word_1_176' title='bbox 796 1269 892 1304; x_wconf 73' lang='grc' dir='ltr'>κακίᾳ.</span> <span class='ocrx_word' id='word_1_177' title='bbox 912 1268 1022 1295; x_wconf 81' lang='grc' dir='ltr'>Γίνεσθε</span> 
     </span>
    </p>
   </div>
   <div class='ocr_carea' id='block_1_27' title="bbox 233 1314 1020 1351">
    <p class='ocr_par' dir='ltr' id='par_1_27' title="bbox 233 1314 1020 1351">
     <span class='ocr_line' id='line_1_27' title="bbox 233 1314 1020 1351; baseline -0.003 -8"><span class='ocrx_word' id='word_1_178' title='bbox 233 1317 261 1344; x_wconf 82' lang='grc' dir='ltr'>δὲ</span> <span class='ocrx_word' id='word_1_179' title='bbox 273 1317 312 1348; x_wconf 84' lang='grc' dir='ltr'><strong>είς</strong></span> <span class='ocrx_word' id='word_1_180' title='bbox 329 1315 462 1351; x_wconf 80' lang='grc' dir='ltr'>ἀλλήλους</span> <span class='ocrx_word' id='word_1_181' title='bbox 485 1315 611 1351; x_wconf 80' lang='grc' dir='ltr'>χρηστοὶ,</span> <span class='ocrx_word' id='word_1_182' title='bbox 631 1314 824 1350; x_wconf 75' lang='grc' dir='ltr'>εὔσπλαγχνοι,</span> <span class='ocrx_word' id='word_1_183' title='bbox 842 1314 1020 1350; x_wconf 74' lang='grc' dir='ltr'>χαριζόμενοι</span> 
     </span>
    </p>
   </div>
   <div class='ocr_carea' id='block_1_28' title="bbox 234 1360 843 1396">
    <p class='ocr_par' dir='ltr' id='par_1_28' title="bbox 234 1360 843 1396">
     <span class='ocr_line' id='line_1_28' title="bbox 234 1360 843 1396; baseline -0.002 -8"><span class='ocrx_word' id='word_1_184' title='bbox 234 1363 352 1394; x_wconf 74' lang='grc' dir='ltr'>ἑαυτοῖς,</span> <span class='ocrx_word' id='word_1_185' title='bbox 369 1360 459 1392; x_wconf 85' lang='grc' dir='ltr'>καθὼς</span> <span class='ocrx_word' id='word_1_186' title='bbox 476 1361 522 1388; x_wconf 80' lang='grc' dir='ltr'><strong>καὶ</strong></span> <span class='ocrx_word' id='word_1_187' title='bbox 539 1361 553 1386; x_wconf 86' lang='grc' dir='ltr'>ὁ</span> <span class='ocrx_word' id='word_1_188' title='bbox 568 1361 635 1393; x_wconf 76' lang='grc' dir='ltr'>Θεὸς</span> <span class='ocrx_word' id='word_1_189' title='bbox 653 1361 810 1396; x_wconf 78' lang='grc' dir='ltr'>ἐχαρίσατο.</span> <span class='ocrx_word' id='word_1_190' title='bbox 834 1370 843 1387; x_wconf 77' lang='grc' dir='ltr'><strong>ι</strong></span> 
     </span>
    </p>
   </div>
   <div class='ocr_carea' id='block_1_29' title="bbox 271 1448 1025 1485">
    <p class='ocr_par' dir='ltr' id='par_1_29' title="bbox 271 1448 1025 1485">
     <span class='ocr_line' id='line_1_29' title="bbox 271 1448 1025 1485; baseline -0.001 -9"><span class='ocrx_word' id='word_1_191' title='bbox 271 1449 362 1485; x_wconf 75' lang='grc' dir='ltr'>’Λπερ</span> <span class='ocrx_word' id='word_1_192' title='bbox 380 1448 449 1481; x_wconf 76' lang='grc' dir='ltr'>ἐστὶ,</span> <span class='ocrx_word' id='word_1_193' title='bbox 466 1449 543 1484; x_wconf 75' lang='grc' dir='ltr'>φησὶ,</span> <span class='ocrx_word' id='word_1_194' title='bbox 562 1449 612 1484; x_wconf 77' lang='grc' dir='ltr'>τῆς</span> <span class='ocrx_word' id='word_1_195' title='bbox 628 1449 763 1484; x_wconf 82' lang='grc' dir='ltr'>σαρκικῆς</span> <span class='ocrx_word' id='word_1_196' title='bbox 778 1449 926 1483; x_wconf 84' lang='grc' dir='ltr'>ἀγνωσίας,</span> <span class='ocrx_word' id='word_1_197' title='bbox 939 1448 1025 1475; x_wconf 74' lang='grc' dir='ltr'>ταῦτα</span> 
     </span>
    </p>
   </div>
   <div class='ocr_carea' id='block_1_30' title="bbox 236 1495 942 1531">
    <p class='ocr_par' dir='ltr' id='par_1_30' title="bbox 236 1495 942 1531">
     <span class='ocr_line' id='line_1_30' title="bbox 236 1495 942 1531; baseline -0.001 -9"><span class='ocrx_word' id='word_1_198' title='bbox 236 1495 409 1523; x_wconf 78' lang='grc' dir='ltr'>ἀπολειπέτω</span> <span class='ocrx_word' id='word_1_199' title='bbox 421 1496 434 1521; x_wconf 86' lang='lat'><strong>6</strong></span> <span class='ocrx_word' id='word_1_200' title='bbox 452 1495 725 1530; x_wconf 77' lang='grc' dir='ltr'>κατασκευαζόμενος</span> <span class='ocrx_word' id='word_1_201' title='bbox 738 1495 942 1531; x_wconf 79' lang='grc' dir='ltr'>πνευματικῶς.</span> 
     </span>
    </p>
   </div>
   <div class='ocr_carea' id='block_1_31' title="bbox 539 1619 725 1647">
    <p class='ocr_par' dir='ltr' id='par_1_31' title="bbox 539 1619 725 1647">
     <span class='ocr_line' id='line_1_31' title="bbox 539 1619 725 1647; baseline 0.005 -2"><span class='ocrx_word' id='word_1_202' title='bbox 539 1619 666 1647; x_wconf 82' lang='grc' dir='ltr'><strong>ΚΕΦΑΛ.</strong></span> <span class='ocrx_word' id='word_1_203' title='bbox 688 1619 725 1646; x_wconf 84' lang='grc' dir='ltr'><strong>Ε’.</strong></span> 
     </span>
    </p>
   </div>
   <div class='ocr_carea' id='block_1_32' title="bbox 273 1676 1027 1715">
    <p class='ocr_par' dir='ltr' id='par_1_32' title="bbox 273 1676 1027 1715">
     <span class='ocr_line' id='line_1_32' title="bbox 273 1676 1027 1715; baseline 0.005 -11"><span class='ocrx_word' id='word_1_204' title='bbox 273 1686 284 1703; x_wconf 72' lang='grc' dir='ltr'><strong>ι</strong></span> <span class='ocrx_word' id='word_1_205' title='bbox 304 1677 416 1704; x_wconf 78' lang='grc' dir='ltr'>Γίνεσθε</span> <span class='ocrx_word' id='word_1_206' title='bbox 433 1676 480 1704; x_wconf 77' lang='grc' dir='ltr'>οὖν</span> <span class='ocrx_word' id='word_1_207' title='bbox 497 1677 616 1712; x_wconf 85' lang='grc' dir='ltr'>μιμηταὶ</span> <span class='ocrx_word' id='word_1_208' title='bbox 632 1677 679 1704; x_wconf 90' lang='grc' dir='ltr'><strong>τοῦ</strong></span> <span class='ocrx_word' id='word_1_209' title='bbox 703 1678 781 1711; x_wconf 87' lang='grc' dir='ltr'>Θεοῦ,</span> <span class='ocrx_word' id='word_1_210' title='bbox 806 1679 844 1711; x_wconf 87' lang='grc' dir='ltr'>ὠς</span> <span class='ocrx_word' id='word_1_211' title='bbox 860 1679 943 1707; x_wconf 86' lang='grc' dir='ltr'>τέκνα</span> <span class='ocrx_word' id='word_1_212' title='bbox 958 1681 1027 1715; x_wconf 81' lang='grc' dir='ltr'>ἀγα-</span> 
     </span>
    </p>
   </div>
   <div class='ocr_carea' id='block_1_33' title="bbox 235 1722 1028 1762">
    <p class='ocr_par' dir='ltr' id='par_1_33' title="bbox 235 1722 1028 1762">
     <span class='ocr_line' id='line_1_33' title="bbox 235 1722 1028 1762; baseline 0.006 -14"><span class='ocrx_word' id='word_1_213' title='bbox 235 1722 321 1757; x_wconf 74' lang='grc' dir='ltr'>πητὰ,</span> <span class='ocrx_word' id='word_1_214' title='bbox 336 1723 384 1749; x_wconf 80' lang='grc' dir='ltr'>καὶ</span> <span class='ocrx_word' id='word_1_215' title='bbox 397 1724 576 1758; x_wconf 78' lang='grc' dir='ltr'>περιπατεῖτε</span> <span class='ocrx_word' id='word_1_216' title='bbox 589 1722 618 1748; x_wconf 82' lang='grc' dir='ltr'>ὲν</span> <span class='ocrx_word' id='word_1_217' title='bbox 644 1724 749 1759; x_wconf 83' lang='grc' dir='ltr'>ἀγάπῃ,</span> <span class='ocrx_word' id='word_1_218' title='bbox 777 1725 869 1757; x_wconf 84' lang='grc' dir='ltr'>καθὼς</span> <span class='ocrx_word' id='word_1_219' title='bbox 883 1725 897 1751; x_wconf 89' lang='lat'><strong>6</strong></span> <span class='ocrx_word' id='word_1_220' title='bbox 910 1727 1028 1762; x_wconf 81' lang='grc' dir='ltr'>Χριστὸς</span> 
     </span>
    </p>
   </div>
   <div class='ocr_carea' id='block_1_34' title="bbox 236 1769 1028 1808">
    <p class='ocr_par' dir='ltr' id='par_1_34' title="bbox 236 1769 1028 1808">
     <span class='ocr_line' id='line_1_34' title="bbox 236 1769 1028 1808; baseline 0.004 -12"><span class='ocrx_word' id='word_1_221' title='bbox 236 1769 380 1804; x_wconf 76' lang='grc' dir='ltr'>ἠγάπησεν</span> <span class='ocrx_word' id='word_1_222' title='bbox 394 1769 480 1804; x_wconf 79' lang='grc' dir='ltr'>ἡμᾶς,</span> <span class='ocrx_word' id='word_1_223' title='bbox 502 1769 550 1795; x_wconf 84' lang='grc' dir='ltr'>καὶ</span> <span class='ocrx_word' id='word_1_224' title='bbox 569 1769 731 1804; x_wconf 76' lang='grc' dir='ltr'>παρέδωκεν</span> <span class='ocrx_word' id='word_1_225' title='bbox 748 1770 844 1798; x_wconf 77' lang='grc' dir='ltr'>ἑαυτὸν</span> <span class='ocrx_word' id='word_1_226' title='bbox 857 1771 927 1807; x_wconf 78' lang='grc' dir='ltr'>ὑπὲρ</span> <span class='ocrx_word' id='word_1_227' title='bbox 949 1773 1028 1808; x_wconf 81' lang='grc' dir='ltr'>ἡμῶν</span> 
     </span>
    </p>
   </div>
   <div class='ocr_carea' id='block_1_35' title="bbox 237 1813 1025 1852">
    <p class='ocr_par' dir='ltr' id='par_1_35' title="bbox 237 1813 1025 1852">
     <span class='ocr_line' id='line_1_35' title="bbox 237 1813 1025 1852; baseline 0.005 -12"><span class='ocrx_word' id='word_1_228' title='bbox 237 1813 396 1850; x_wconf 82' lang='grc' dir='ltr'>προσφορὰν</span> <span class='ocrx_word' id='word_1_229' title='bbox 412 1816 459 1841; x_wconf 74' lang='grc' dir='ltr'>καὶ</span> <span class='ocrx_word' id='word_1_230' title='bbox 472 1814 568 1842; x_wconf 87' lang='grc' dir='ltr'>θυσίαν</span> <span class='ocrx_word' id='word_1_231' title='bbox 582 1816 621 1851; x_wconf 78' lang='grc' dir='ltr'>τῷ</span> <span class='ocrx_word' id='word_1_232' title='bbox 638 1815 699 1851; x_wconf 82' lang='grc' dir='ltr'><strong>Θεῷ</strong></span> <span class='ocrx_word' id='word_1_233' title='bbox 712 1817 753 1848; x_wconf 79' lang='grc' dir='ltr'>εἰς</span> <span class='ocrx_word' id='word_1_234' title='bbox 767 1816 854 1852; x_wconf 83' lang='grc' dir='ltr'>ὀσμὴν</span> <span class='ocrx_word' id='word_1_235' title='bbox 869 1817 995 1850; x_wconf 86' lang='grc' dir='ltr'>εὐωδίας.</span> <span class='ocrx_word' id='word_1_236' title='bbox 1015 1827 1025 1844; x_wconf 85' lang='grc'><strong><em>›</em></strong></span> 
     </span>
    </p>
   </div>
   <div class='ocr_carea' id='block_1_36' title="bbox 272 1901 1030 1938">
    <p class='ocr_par' dir='ltr' id='par_1_36' title="bbox 272 1901 1030 1938">
     <span class='ocr_line' id='line_1_36' title="bbox 272 1901 1030 1938; baseline 0.005 -11"><span class='ocrx_word' id='word_1_237' title='bbox 272 1902 327 1934; x_wconf 85' lang='grc' dir='ltr'>Δεῖ,</span> <span class='ocrx_word' id='word_1_238' title='bbox 343 1901 420 1937; x_wconf 74' lang='grc' dir='ltr'>φησὶ,</span> <span class='ocrx_word' id='word_1_239' title='bbox 438 1901 582 1938; x_wconf 87' lang='grc' dir='ltr'>μιμεῖσθαι</span> <span class='ocrx_word' id='word_1_240' title='bbox 608 1902 674 1929; x_wconf 72' lang='grc' dir='ltr'>Θεὸν</span> <span class='ocrx_word' id='word_1_241' title='bbox 690 1903 730 1934; x_wconf 86' lang='grc' dir='ltr'><strong>εἰς</strong></span> <span class='ocrx_word' id='word_1_242' title='bbox 747 1903 777 1929; x_wconf 73' lang='grc' dir='ltr'>τὸ</span> <span class='ocrx_word' id='word_1_243' title='bbox 792 1903 951 1938; x_wconf 74' lang='grc' dir='ltr'>χαρίζεσθαι</span> <span class='ocrx_word' id='word_1_244' title='bbox 973 1905 1030 1936; x_wconf 85' lang='grc' dir='ltr'>τοῖς</span> 
     </span>
    </p>
   </div>
   <div class='ocr_carea' id='block_1_37' title="bbox 238 1948 1028 1986">
    <p class='ocr_par' dir='ltr' id='par_1_37' title="bbox 238 1948 1028 1986">
     <span class='ocr_line' id='line_1_37' title="bbox 238 1948 1028 1986; baseline 0.005 -11"><span class='ocrx_word' id='word_1_245' title='bbox 238 1949 442 1985; x_wconf 78' lang='grc' dir='ltr'>ἁμαρτάνουσιν</span> <span class='ocrx_word' id='word_1_246' title='bbox 465 1951 505 1982; x_wconf 86' lang='grc' dir='ltr'><strong>εἰς</strong></span> <span class='ocrx_word' id='word_1_247' title='bbox 524 1951 610 1986; x_wconf 82' lang='grc' dir='ltr'>ἡμᾶς,</span> <span class='ocrx_word' id='word_1_248' title='bbox 640 1951 683 1977; x_wconf 85' lang='grc' dir='ltr'><strong>ἵνα</strong></span> <span class='ocrx_word' id='word_1_249' title='bbox 707 1948 782 1986; x_wconf 75' lang='grc' dir='ltr'>ὦμεν</span> <span class='ocrx_word' id='word_1_250' title='bbox 802 1953 921 1986; x_wconf 73' lang='grc' dir='ltr'>μιμηταὶ</span> <span class='ocrx_word' id='word_1_251' title='bbox 947 1951 1028 1979; x_wconf 83' lang='grc' dir='ltr'>Θεοῦ.</span> 
     </span>
    </p>
   </div>
   <div class='ocr_carea' id='block_1_38' title="bbox 238 1995 1029 2032">
    <p class='ocr_par' dir='ltr' id='par_1_38' title="bbox 238 1995 1029 2032">
     <span class='ocr_line' id='line_1_38' title="bbox 238 1995 1029 2032; baseline 0.005 -11"><span class='ocrx_word' id='word_1_252' title='bbox 238 1995 289 2022; x_wconf 84' lang='grc' dir='ltr'><strong>Τὸν</strong></span> <span class='ocrx_word' id='word_1_253' title='bbox 304 1996 331 2021; x_wconf 82' lang='grc' dir='ltr'>δὲ</span> <span class='ocrx_word' id='word_1_254' title='bbox 348 1995 473 2027; x_wconf 78' lang='grc' dir='ltr'>θάνατον,</span> <span class='ocrx_word' id='word_1_255' title='bbox 492 1997 523 2022; x_wconf 77' lang='grc' dir='ltr'>οὐ</span> <span class='ocrx_word' id='word_1_256' title='bbox 552 1996 668 2024; x_wconf 84' lang='grc' dir='ltr'>θάνατον</span> <span class='ocrx_word' id='word_1_257' title='bbox 695 1997 846 2032; x_wconf 76' lang='grc' dir='ltr'>ὠνόμασεν,</span> <span class='ocrx_word' id='word_1_258' title='bbox 871 1998 939 2025; x_wconf 86' lang='grc' dir='ltr'>ἀλλὰ</span> <span class='ocrx_word' id='word_1_259' title='bbox 960 1998 1029 2025; x_wconf 87' lang='grc' dir='ltr'>Θεοῦ</span> 
     </span>
    </p>
   </div>
   <div class='ocr_carea' id='block_1_39' title="bbox 239 2040 1028 2080">
    <p class='ocr_par' dir='ltr' id='par_1_39' title="bbox 239 2040 1028 2080">
     <span class='ocr_line' id='line_1_39' title="bbox 239 2040 1028 2080; baseline 0.005 -14"><span class='ocrx_word' id='word_1_260' title='bbox 239 2040 417 2074; x_wconf 67' lang='grc' dir='ltr'>προσφοράν</span> <span class='ocrx_word' id='word_1_261' title='bbox 431 2048 438 2054; x_wconf 94' lang='grc'><strong>·</strong></span> <span class='ocrx_word' id='word_1_262' title='bbox 452 2042 484 2067; x_wconf 78' lang='grc' dir='ltr'>οὐ</span> <span class='ocrx_word' id='word_1_263' title='bbox 509 2042 563 2078; x_wconf 78' lang='grc' dir='ltr'><strong>γὰρ</strong></span> <span class='ocrx_word' id='word_1_264' title='bbox 576 2040 610 2078; x_wconf 83' lang='grc' dir='ltr'>ἦν</span> <span class='ocrx_word' id='word_1_265' title='bbox 627 2042 745 2069; x_wconf 83' lang='grc' dir='ltr'>θανάτου</span> <span class='ocrx_word' id='word_1_266' title='bbox 764 2043 863 2069; x_wconf 80' lang='grc' dir='ltr'>σκῦλον</span> <span class='ocrx_word' id='word_1_267' title='bbox 883 2044 897 2069; x_wconf 85' lang='grc' dir='ltr'>ὁ</span> <span class='ocrx_word' id='word_1_268' title='bbox 912 2043 1028 2080; x_wconf 78' lang='grc' dir='ltr'>Κύριος,</span> 
     </span>
    </p>
   </div>
   <div class='ocr_carea' id='block_1_40' title="bbox 238 2086 1030 2126">
    <p class='ocr_par' dir='ltr' id='par_1_40' title="bbox 238 2086 1030 2126">
     <span class='ocr_line' id='line_1_40' title="bbox 238 2086 1030 2126; baseline 0.004 -12"><span class='ocrx_word' id='word_1_269' title='bbox 238 2086 307 2114; x_wconf 69' lang='grc' dir='ltr'>ἀλλὰ</span> <span class='ocrx_word' id='word_1_270' title='bbox 322 2087 531 2122; x_wconf 76' lang='grc' dir='ltr'>αἰχμαλωτίζων</span> <span class='ocrx_word' id='word_1_271' title='bbox 556 2090 597 2120; x_wconf 85' lang='grc' dir='ltr'><strong>εἰς</strong></span> <span class='ocrx_word' id='word_1_272' title='bbox 619 2088 691 2124; x_wconf 80' lang='grc' dir='ltr'>ζωὴν</span> <span class='ocrx_word' id='word_1_273' title='bbox 708 2089 771 2121; x_wconf 83' lang='grc' dir='ltr'>τοὺς</span> <span class='ocrx_word' id='word_1_274' title='bbox 790 2090 819 2116; x_wconf 82' lang='grc' dir='ltr'>ὲν</span> <span class='ocrx_word' id='word_1_275' title='bbox 834 2089 953 2126; x_wconf 83' lang='grc' dir='ltr'>θανάτῳ,</span> <span class='ocrx_word' id='word_1_276' title='bbox 969 2090 1030 2117; x_wconf 84' lang='grc' dir='ltr'>οὐδὲ</span> 
     </span>
    </p>
   </div>
   <div class='ocr_carea' id='block_1_41' title="bbox 240 2132 1026 2171">
    <p class='ocr_par' dir='ltr' id='par_1_41' title="bbox 240 2132 1026 2171">
     <span class='ocr_line' id='line_1_41' title="bbox 240 2132 1026 2171; baseline 0.006 -13"><span class='ocrx_word' id='word_1_277' title='bbox 240 2132 293 2159; x_wconf 83' lang='grc' dir='ltr'><strong>ὑπὸ</strong></span> <span class='ocrx_word' id='word_1_278' title='bbox 311 2132 425 2159; x_wconf 65' lang='grc' dir='ltr'>θανάτου</span> <span class='ocrx_word' id='word_1_279' title='bbox 439 2134 633 2169; x_wconf 74' lang='grc' dir='ltr'>κατεχόμενος,</span> <span class='ocrx_word' id='word_1_280' title='bbox 647 2135 716 2162; x_wconf 85' lang='grc' dir='ltr'><strong>ἀλλά</strong></span> <span class='ocrx_word' id='word_1_281' title='bbox 732 2135 807 2171; x_wconf 86' lang='grc' dir='ltr'>παρὰ</span> <span class='ocrx_word' id='word_1_282' title='bbox 818 2135 889 2170; x_wconf 79' lang='grc' dir='ltr'>θεῷ,</span> <span class='ocrx_word' id='word_1_283' title='bbox 903 2137 950 2163; x_wconf 79' lang='grc' dir='ltr'>καὶ</span> <span class='ocrx_word' id='word_1_284' title='bbox 966 2137 1026 2163; x_wconf 80' lang='grc' dir='ltr'>τότε</span> 
     </span>
    </p>
   </div>
   <div class='ocr_carea' id='block_1_42' title="bbox 239 2178 1028 2218">
    <p class='ocr_par' dir='ltr' id='par_1_42' title="bbox 239 2178 1028 2218">
     <span class='ocr_line' id='line_1_42' title="bbox 239 2178 1028 2218; baseline 0.006 -14"><span class='ocrx_word' id='word_1_285' title='bbox 239 2178 277 2204; x_wconf 78' lang='grc' dir='ltr'>ὢν</span> <span class='ocrx_word' id='word_1_286' title='bbox 292 2178 385 2210; x_wconf 73' lang='grc' dir='ltr'>δεκτὸς</span> <span class='ocrx_word' id='word_1_287' title='bbox 396 2179 443 2205; x_wconf 80' lang='grc' dir='ltr'><strong>καὶ</strong></span> <span class='ocrx_word' id='word_1_288' title='bbox 462 2179 564 2215; x_wconf 83' lang='grc' dir='ltr'>τίμιος,</span> <span class='ocrx_word' id='word_1_289' title='bbox 584 2181 632 2207; x_wconf 74' lang='grc' dir='ltr'>καὶ</span> <span class='ocrx_word' id='word_1_290' title='bbox 645 2180 731 2216; x_wconf 86' lang='grc' dir='ltr'>δῶρον</span> <span class='ocrx_word' id='word_1_291' title='bbox 749 2181 819 2217; x_wconf 83' lang='grc' dir='ltr'>ὑπὲρ</span> <span class='ocrx_word' id='word_1_292' title='bbox 839 2182 943 2218; x_wconf 81' lang='grc' dir='ltr'>κόσμου</span> <span class='ocrx_word' id='word_1_293' title='bbox 961 2191 1028 2208; x_wconf 84' lang='grc' dir='ltr'>παν-</span> 
     </span>
    </p>
   </div>
   <div class='ocr_carea' id='block_1_43' title="bbox 240 2224 796 2262">
    <p class='ocr_par' dir='ltr' id='par_1_43' title="bbox 240 2224 796 2262">
     <span class='ocr_line' id='line_1_43' title="bbox 240 2224 796 2262; baseline 0.007 -12"><span class='ocrx_word' id='word_1_294' title='bbox 240 2224 285 2255; x_wconf 83' lang='grc' dir='ltr'>τὸς</span> <span class='ocrx_word' id='word_1_295' title='bbox 302 2224 484 2252; x_wconf 76' lang='grc' dir='ltr'>εὐωδέστατον</span> <span class='ocrx_word' id='word_1_296' title='bbox 501 2225 573 2252; x_wconf 80' lang='grc' dir='ltr'>κατὰ</span> <span class='ocrx_word' id='word_1_297' title='bbox 587 2225 637 2261; x_wconf 78' lang='grc' dir='ltr'>τὴν</span> <span class='ocrx_word' id='word_1_298' title='bbox 655 2226 796 2262; x_wconf 74' lang='grc' dir='ltr'>ἁγιότητα.</span> 
     </span>
    </p>
   </div>
   <div class='ocr_carea' id='block_1_44' title="bbox 278 2312 1029 2351">
    <p class='ocr_par' dir='ltr' id='par_1_44' title="bbox 278 2312 1029 2351">
     <span class='ocr_line' id='line_1_44' title="bbox 278 2312 1029 2351; baseline 0.005 -13"><span class='ocrx_word' id='word_1_299' title='bbox 278 2321 287 2338; x_wconf 76' lang='grc' dir='ltr'><strong>ι</strong></span> <span class='ocrx_word' id='word_1_300' title='bbox 308 2312 424 2348; x_wconf 86' lang='grc' dir='ltr'>Πορνεία</span> <span class='ocrx_word' id='word_1_301' title='bbox 440 2312 479 2344; x_wconf 82' lang='grc' dir='ltr'>δὲ,</span> <span class='ocrx_word' id='word_1_302' title='bbox 496 2313 543 2339; x_wconf 60' lang='grc' dir='ltr'><strong>καί⁵</strong></span> <span class='ocrx_word' id='word_1_303' title='bbox 559 2313 634 2339; x_wconf 75' lang='grc' dir='ltr'>πᾶσα</span> <span class='ocrx_word' id='word_1_304' title='bbox 658 2313 826 2349; x_wconf 78' lang='grc' dir='ltr'>ἀκαθαρσία,</span> <span class='ocrx_word' id='word_1_305' title='bbox 852 2315 869 2351; x_wconf 82' lang='grc' dir='ltr'><strong>ἢ</strong></span> <span class='ocrx_word' id='word_1_306' title='bbox 886 2315 1029 2349; x_wconf 80' lang='grc' dir='ltr'>πλεονεξία</span> 
     </span>
    </p>
   </div>
   <div class='ocr_carea' id='block_1_45' title="bbox 242 2358 1029 2395">
    <p class='ocr_par' dir='ltr' id='par_1_45' title="bbox 242 2358 1029 2395">
     <span class='ocr_line' id='line_1_45' title="bbox 242 2358 1029 2395; baseline 0.005 -11"><span class='ocrx_word' id='word_1_307' title='bbox 242 2358 309 2394; x_wconf 80' lang='grc' dir='ltr'>μηδὲ</span> <span class='ocrx_word' id='word_1_308' title='bbox 333 2358 511 2392; x_wconf 76' lang='grc' dir='ltr'>ὀνομαζέσθω</span> <span class='ocrx_word' id='word_1_309' title='bbox 540 2360 569 2385; x_wconf 81' lang='grc' dir='ltr'>ὲν</span> <span class='ocrx_word' id='word_1_310' title='bbox 587 2359 662 2394; x_wconf 81' lang='grc' dir='ltr'>ὑμῖν,</span> <span class='ocrx_word' id='word_1_311' title='bbox 685 2359 778 2392; x_wconf 83' lang='grc' dir='ltr'>καθὼς</span> <span class='ocrx_word' id='word_1_312' title='bbox 809 2361 911 2395; x_wconf 83' lang='grc' dir='ltr'>πρέπει</span> <span class='ocrx_word' id='word_1_313' title='bbox 928 2361 1029 2395; x_wconf 84' lang='grc' dir='ltr'>ἁγίοις,</span> 
     </span>
    </p>
   </div>
   <div class='ocr_carea' id='block_1_46' title="bbox 241 2405 1031 2442">
    <p class='ocr_par' dir='ltr' id='par_1_46' title="bbox 241 2405 1031 2442">
     <span class='ocr_line' id='line_1_46' title="bbox 241 2405 1031 2442; baseline 0.004 -11"><span class='ocrx_word' id='word_1_314' title='bbox 241 2405 288 2432; x_wconf 70' lang='grc' dir='ltr'>καὶ</span> <span class='ocrx_word' id='word_1_315' title='bbox 301 2406 458 2441; x_wconf 76' lang='grc' dir='ltr'>αἰσχρότης,</span> <span class='ocrx_word' id='word_1_316' title='bbox 483 2406 531 2432; x_wconf 76' lang='grc' dir='ltr'>καὶ</span> <span class='ocrx_word' id='word_1_317' title='bbox 550 2405 714 2441; x_wconf 84' lang='grc' dir='ltr'>μωρολογία,</span> <span class='ocrx_word' id='word_1_318' title='bbox 733 2407 781 2433; x_wconf 77' lang='grc' dir='ltr'><strong>καὶ</strong></span> <span class='ocrx_word' id='word_1_319' title='bbox 799 2407 978 2442; x_wconf 84' lang='grc' dir='ltr'>εὐτραπελία,</span> <span class='ocrx_word' id='word_1_320' title='bbox 996 2408 1031 2434; x_wconf 79' lang='grc' dir='ltr'>τὰ</span> 
     </span>
    </p>
   </div>
   <div class='ocr_carea' id='block_1_47' title="bbox 240 2451 867 2489">
    <p class='ocr_par' dir='ltr' id='par_1_47' title="bbox 240 2451 867 2489">
     <span class='ocr_line' id='line_1_47' title="bbox 240 2451 867 2489; baseline 0.003 -11"><span class='ocrx_word' id='word_1_321' title='bbox 240 2451 291 2478; x_wconf 82' lang='grc' dir='ltr'>οὐκ</span> <span class='ocrx_word' id='word_1_322' title='bbox 307 2451 453 2487; x_wconf 80' lang='grc' dir='ltr'>ἀνήκοντα,</span> <span class='ocrx_word' id='word_1_323' title='bbox 466 2452 533 2480; x_wconf 84' lang='grc' dir='ltr'><strong>ἀλλά</strong></span> <span class='ocrx_word' id='word_1_324' title='bbox 547 2453 648 2488; x_wconf 85' lang='grc' dir='ltr'>μᾶλλον</span> <span class='ocrx_word' id='word_1_325' title='bbox 665 2454 839 2489; x_wconf 83' lang='grc' dir='ltr'>εὐχαριστία.</span> <span class='ocrx_word' id='word_1_326' title='bbox 858 2463 867 2480; x_wconf 75' lang='grc' dir='ltr'><strong>ι</strong></span> 
     </span>
    </p>
   </div>
   <div class='ocr_carea' id='block_1_48' title="bbox 277 2541 1029 2579">
    <p class='ocr_par' dir='ltr' id='par_1_48' title="bbox 277 2541 1029 2579">
     <span class='ocr_line' id='line_1_48' title="bbox 277 2541 1029 2579; baseline 0.009 -12"><span class='ocrx_word' id='word_1_327' title='bbox 277 2541 318 2568; x_wconf 80' lang='grc' dir='ltr'><strong>Τὰ</strong></span> <span class='ocrx_word' id='word_1_328' title='bbox 334 2541 401 2576; x_wconf 80' lang='grc' dir='ltr'>πρὸς</span> <span class='ocrx_word' id='word_1_329' title='bbox 413 2542 545 2577; x_wconf 82' lang='grc' dir='ltr'>ἀλλήλους</span> <span class='ocrx_word' id='word_1_330' title='bbox 557 2544 686 2579; x_wconf 69' lang='grc' dir='ltr'>ὠφέλιμα</span> <span class='ocrx_word' id='word_1_331' title='bbox 700 2544 822 2579; x_wconf 82' lang='grc' dir='ltr'>διελθὼν,</span> <span class='ocrx_word' id='word_1_332' title='bbox 843 2547 875 2572; x_wconf 81' lang='grc' dir='ltr'>τὸ</span> <span class='ocrx_word' id='word_1_333' title='bbox 887 2546 950 2574; x_wconf 75' lang='grc' dir='ltr'>καθ’</span> <span class='ocrx_word' id='word_1_334' title='bbox 966 2547 1029 2574; x_wconf 74' lang='grc' dir='ltr'>ἐαυ-</span> 
     </span>
    </p>
   </div>
   <div class='ocr_carea' id='block_1_49' title="bbox 241 2588 1030 2628">
    <p class='ocr_par' dir='ltr' id='par_1_49' title="bbox 241 2588 1030 2628">
     <span class='ocr_line' id='line_1_49' title="bbox 241 2588 1030 2628; baseline 0.009 -15"><span class='ocrx_word' id='word_1_335' title='bbox 241 2589 287 2615; x_wconf 81' lang='grc' dir='ltr'>τὸν</span> <span class='ocrx_word' id='word_1_336' title='bbox 304 2588 420 2615; x_wconf 78' lang='grc' dir='ltr'>ἑκάστου</span> <span class='ocrx_word' id='word_1_337' title='bbox 432 2590 540 2624; x_wconf 84' lang='grc' dir='ltr'>σῶφρον</span> <span class='ocrx_word' id='word_1_338' title='bbox 551 2591 599 2617; x_wconf 79' lang='grc' dir='ltr'>καὶ</span> <span class='ocrx_word' id='word_1_339' title='bbox 611 2591 732 2626; x_wconf 78' lang='grc' dir='ltr'>καθαρὸν</span> <span class='ocrx_word' id='word_1_340' title='bbox 751 2592 888 2628; x_wconf 78' lang='grc' dir='ltr'>ἐπιφέρει.</span> <span class='ocrx_word' id='word_1_341' title='bbox 907 2593 974 2620; x_wconf 81' lang='grc' dir='ltr'>Οὐδὲ</span> <span class='ocrx_word' id='word_1_342' title='bbox 987 2593 1030 2620; x_wconf 78' lang='grc' dir='ltr'><strong>ἐν·</strong></span> 
     </span>
    </p>
   </div>
   <div class='ocr_carea' id='block_1_50' title="bbox 240 2635 1028 2676">
    <p class='ocr_par' dir='ltr' id='par_1_50' title="bbox 240 2635 1028 2676">
     <span class='ocr_line' id='line_1_50' title="bbox 240 2635 1028 2676; baseline 0.008 -14"><span class='ocrx_word' id='word_1_343' title='bbox 240 2635 328 2662; x_wconf 83' lang='grc' dir='ltr'>ταῦοα</span> <span class='ocrx_word' id='word_1_344' title='bbox 342 2637 388 2663; x_wconf 74' lang='grc' dir='ltr'><strong>τοῦ</strong></span> <span class='ocrx_word' id='word_1_345' title='bbox 400 2636 483 2672; x_wconf 77' lang='grc' dir='ltr'>νόμου</span> <span class='ocrx_word' id='word_1_346' title='bbox 497 2637 590 2675; x_wconf 84' lang='grc' dir='ltr'>μέτρῳ</span> <span class='ocrx_word' id='word_1_347' title='bbox 615 2639 767 2675; x_wconf 84' lang='grc' dir='ltr'>χρώμενος,</span> <span class='ocrx_word' id='word_1_348' title='bbox 781 2640 837 2667; x_wconf 87' lang='grc' dir='ltr'>ἀλλ’</span> <span class='ocrx_word' id='word_1_349' title='bbox 851 2640 923 2676; x_wconf 78' lang='grc' dir='ltr'>ὑπὲρ</span> <span class='ocrx_word' id='word_1_350' title='bbox 939 2641 1028 2668; x_wconf 83' lang='grc' dir='ltr'>τοῦτο.</span> 
     </span>
    </p>
   </div>
   <div class='ocr_carea' id='block_1_51' title="bbox 248 2682 1030 2724">
    <p class='ocr_par' dir='ltr' id='par_1_51' title="bbox 248 2682 1030 2724">
     <span class='ocr_line' id='line_1_51' title="bbox 248 2682 1030 2724; baseline 0.009 -16"><span class='ocrx_word' id='word_1_351' title='bbox 248 2683 321 2709; x_wconf 82' lang='grc' dir='ltr'>Ἐκεῖ</span> <span class='ocrx_word' id='word_1_352' title='bbox 339 2683 388 2718; x_wconf 78' lang='grc' dir='ltr'>μὲν</span> <span class='ocrx_word' id='word_1_353' title='bbox 404 2682 459 2718; x_wconf 80' lang='grc' dir='ltr'><strong>γὰρ</strong></span> <span class='ocrx_word' id='word_1_354' title='bbox 473 2684 514 2717; x_wconf 84' lang='grc' dir='ltr'>τὸ,</span> <span class='ocrx_word' id='word_1_355' title='bbox 538 2684 589 2711; x_wconf 86' lang='grc' dir='ltr'>οὐκ</span> <span class='ocrx_word' id='word_1_356' title='bbox 617 2685 693 2712; x_wconf 76' lang='grc' dir='ltr'>ἔσται</span> <span class='ocrx_word' id='word_1_357' title='bbox 710 2686 862 2721; x_wconf 86' lang='grc' dir='ltr'>πορνεύων,</span> <span class='ocrx_word' id='word_1_358' title='bbox 880 2688 940 2715; x_wconf 77' lang='grc' dir='ltr'>οὐδὲ</span> <span class='ocrx_word' id='word_1_359' title='bbox 961 2696 1030 2724; x_wconf 70' lang='grc' dir='ltr'>ποί·-</span> 
     </span>
    </p>
   </div>
   <div class='ocr_carea' id='block_1_52' title="bbox 242 2728 1028 2769">
    <p class='ocr_par' dir='ltr' id='par_1_52' title="bbox 242 2728 1028 2769">
     <span class='ocr_line' id='line_1_52' title="bbox 242 2728 1028 2769; baseline 0.009 -15"><span class='ocrx_word' id='word_1_360' title='bbox 242 2728 356 2755; x_wconf 75' lang='grc' dir='ltr'>νεύουτα</span> <span class='ocrx_word' id='word_1_361' title='bbox 366 2737 373 2744; x_wconf 90' lang='grc'><strong>·</strong></span> <span class='ocrx_word' id='word_1_362' title='bbox 386 2729 504 2764; x_wconf 84' lang='grc' dir='ltr'>λέγεται,</span> <span class='ocrx_word' id='word_1_363' title='bbox 516 2730 635 2759; x_wconf 79' lang='grc' dir='ltr'>ἐνταῦθα</span> <span class='ocrx_word' id='word_1_364' title='bbox 645 2732 724 2766; x_wconf 82' lang='grc' dir='ltr'>δὲτὸ,</span> <span class='ocrx_word' id='word_1_365' title='bbox 737 2733 816 2768; x_wconf 83' lang='grc' dir='ltr'>μηδὲ</span> <span class='ocrx_word' id='word_1_366' title='bbox 831 2733 1028 2769; x_wconf 79' lang='grc' dir='ltr'>ὀνομαζέσθω,</span> 
     </span>
    </p>
   </div>
   <div class='ocr_carea' id='block_1_53' title="bbox 243 2773 424 2808">
    <p class='ocr_par' dir='ltr' id='par_1_53' title="bbox 243 2773 424 2808">
     <span class='ocr_line' id='line_1_53' title="bbox 243 2773 424 2808; baseline 0 -7"><span class='ocrx_word' id='word_1_367' title='bbox 243 2773 258 2808; x_wconf 78' lang='grc' dir='ltr'><strong>ἦ</strong></span> <span class='ocrx_word' id='word_1_368' title='bbox 274 2773 424 2801; x_wconf 75' lang='grc' dir='ltr'>ἀκοὺὲσθω.</span> 
     </span>
    </p>
   </div>
   <div class='ocr_carea' id='block_1_54' title="bbox 282 2841 564 2876">
    <p class='ocr_par' dir='ltr' id='par_1_54' title="bbox 282 2841 564 2876">
     <span class='ocr_line' id='line_1_54' title="bbox 282 2841 564 2876; baseline 0.011 -9"><span class='ocrx_word' id='word_1_369' title='bbox 282 2841 305 2857; x_wconf 65' lang='grc'><strong>⁸⁸</strong></span> <span class='ocrx_word' id='word_1_370' title='bbox 320 2841 400 2869; x_wconf 85' lang='lat' dir='ltr'><strong>Deut.</strong></span> <span class='ocrx_word' id='word_1_371' title='bbox 422 2850 501 2876; x_wconf 60' lang='grc' dir='ltr'>χχιιι,</span> <span class='ocrx_word' id='word_1_372' title='bbox 520 2843 564 2871; x_wconf 81' lang='grc'><strong>17.</strong></span> 
     </span>
    </p>
   </div>
   <div class='ocr_carea' id='block_1_55' title="bbox 1070 225 1853 261">
    <p class='ocr_par' dir='ltr' id='par_1_55' title="bbox 1070 225 1853 261">
     <span class='ocr_line' id='line_1_55' title="bbox 1070 225 1853 261; baseline 0.003 -9"><span class='ocrx_word' id='word_1_373' title='bbox 1070 234 1124 253; x_wconf 92' lang='lat' dir='ltr'><strong>non</strong></span> <span class='ocrx_word' id='word_1_374' title='bbox 1148 226 1258 254; x_wconf 88' lang='lat' dir='ltr'><strong>occidat</strong></span> <span class='ocrx_word' id='word_1_375' title='bbox 1272 233 1355 261; x_wconf 91' lang='lat' dir='ltr'><strong>super</strong></span> <span class='ocrx_word' id='word_1_376' title='bbox 1370 227 1541 255; x_wconf 79' lang='lat' dir='ltr'><strong>iracundiam</strong></span> <span class='ocrx_word' id='word_1_377' title='bbox 1555 231 1686 255; x_wconf 86' lang='lat' dir='ltr'><strong>vestram.</strong></span> <span class='ocrx_word' id='word_1_378' title='bbox 1702 225 1792 253; x_wconf 79' lang='lat' dir='ltr'><strong>Nolite</strong></span> <span class='ocrx_word' id='word_1_379' title='bbox 1814 226 1853 254; x_wconf 79' lang='lat' dir='ltr'><strong>lo—</strong></span> 
     </span>
    </p>
   </div>
   <div class='ocr_carea' id='block_1_56' title="bbox 1069 270 1854 306">
    <p class='ocr_par' dir='ltr' id='par_1_56' title="bbox 1069 270 1854 306">
     <span class='ocr_line' id='line_1_56' title="bbox 1069 270 1854 306; baseline 0.001 -9"><span class='ocrx_word' id='word_1_380' title='bbox 1069 277 1132 297; x_wconf 91' lang='lat' dir='ltr'><strong>cum</strong></span> <span class='ocrx_word' id='word_1_381' title='bbox 1152 271 1220 298; x_wconf 89' lang='lat' dir='ltr'><strong>dare</strong></span> <span class='ocrx_word' id='word_1_382' title='bbox 1230 270 1350 297; x_wconf 84' lang='lat' dir='ltr'><strong>diabolo.</strong></span> <span class='ocrx_word' id='word_1_383' title='bbox 1361 270 1413 303; x_wconf 87' lang='lat' dir='ltr'><strong>Qui</strong></span> <span class='ocrx_word' id='word_1_384' title='bbox 1431 271 1584 303; x_wconf 74' lang='lat' dir='ltr'><strong>iurabatur,</strong></span> <span class='ocrx_word' id='word_1_385' title='bbox 1596 271 1653 306; x_wconf 87' lang='lat' dir='ltr'><strong>jam</strong></span> <span class='ocrx_word' id='word_1_386' title='bbox 1669 278 1724 298; x_wconf 88' lang='lat' dir='ltr'><strong>non</strong></span> <span class='ocrx_word' id='word_1_387' title='bbox 1739 271 1854 298; x_wconf 85' lang='lat' dir='ltr'><strong>furetur.</strong></span> 
     </span>
    </p>
   </div>
   <div class='ocr_carea' id='block_1_57' title="bbox 1070 315 1858 351">
    <p class='ocr_par' dir='ltr' id='par_1_57' title="bbox 1070 315 1858 351">
     <span class='ocr_line' id='line_1_57' title="bbox 1070 315 1858 351; baseline 0 -9"><span class='ocrx_word' id='word_1_388' title='bbox 1070 315 1154 350; x_wconf 86' lang='lat' dir='ltr'><strong>Magis</strong></span> <span class='ocrx_word' id='word_1_389' title='bbox 1168 320 1258 342; x_wconf 84' lang='lat' dir='ltr'><strong>autem</strong></span> <span class='ocrx_word' id='word_1_390' title='bbox 1275 315 1382 343; x_wconf 86' lang='lat' dir='ltr'><strong>laboret</strong></span> <span class='ocrx_word' id='word_1_391' title='bbox 1394 317 1534 351; x_wconf 83' lang='lat' dir='ltr'><strong>operando</strong></span> <span class='ocrx_word' id='word_1_392' title='bbox 1554 317 1655 344; x_wconf 91' lang='lat' dir='ltr'><strong>bonum</strong></span> <span class='ocrx_word' id='word_1_393' title='bbox 1673 316 1812 348; x_wconf 89' lang='lat' dir='ltr'><strong>manibus,</strong></span> <span class='ocrx_word' id='word_1_394' title='bbox 1829 321 1858 343; x_wconf 91' lang='lat' dir='ltr'><strong>ut</strong></span> 
     </span>
    </p>
   </div>
   <div class='ocr_carea' id='block_1_58' title="bbox 1070 361 1859 397">
    <p class='ocr_par' dir='ltr' id='par_1_58' title="bbox 1070 361 1859 397">
     <span class='ocr_line' id='line_1_58' title="bbox 1070 361 1859 397; baseline 0.001 -9"><span class='ocrx_word' id='word_1_395' title='bbox 1070 361 1170 388; x_wconf 82' lang='lat' dir='ltr'><strong>habeat</strong></span> <span class='ocrx_word' id='word_1_396' title='bbox 1186 361 1260 388; x_wconf 91' lang='lat' dir='ltr'><strong>unde</strong></span> <span class='ocrx_word' id='word_1_397' title='bbox 1277 361 1381 388; x_wconf 91' lang='lat' dir='ltr'><strong>tribuat</strong></span> <span class='ocrx_word' id='word_1_398' title='bbox 1397 362 1589 389; x_wconf 68' lang='lat' dir='ltr'><strong>necessitatem</strong></span> <span class='ocrx_word' id='word_1_399' title='bbox 1614 362 1737 397; x_wconf 85' lang='lat' dir='ltr'><strong>patienti.</strong></span> <span class='ocrx_word' id='word_1_400' title='bbox 1763 362 1859 390; x_wconf 85' lang='lat' dir='ltr'><strong>Omnis</strong></span> 
     </span>
    </p>
   </div>
   <div class='ocr_carea' id='block_1_59' title="bbox 1069 406 1859 441">
    <p class='ocr_par' dir='ltr' id='par_1_59' title="bbox 1069 406 1859 441">
     <span class='ocr_line' id='line_1_59' title="bbox 1069 406 1859 441; baseline 0 -7"><span class='ocrx_word' id='word_1_401' title='bbox 1069 413 1161 434; x_wconf 85' lang='lat' dir='ltr'><strong>sermo</strong></span> <span class='ocrx_word' id='word_1_402' title='bbox 1177 406 1267 433; x_wconf 88' lang='lat' dir='ltr'><strong>malus</strong></span> <span class='ocrx_word' id='word_1_403' title='bbox 1286 413 1320 434; x_wconf 82' lang='lat' dir='ltr'><strong>ex</strong></span> <span class='ocrx_word' id='word_1_404' title='bbox 1336 413 1384 434; x_wconf 90' lang='lat' dir='ltr'><strong>ore</strong></span> <span class='ocrx_word' id='word_1_405' title='bbox 1400 411 1494 435; x_wconf 85' lang='lat' dir='ltr'><strong>vestro</strong></span> <span class='ocrx_word' id='word_1_406' title='bbox 1520 414 1576 434; x_wconf 91' lang='lat' dir='ltr'><strong>non</strong></span> <span class='ocrx_word' id='word_1_407' title='bbox 1597 407 1727 441; x_wconf 88' lang='lat' dir='ltr'><strong>procedat</strong></span> <span class='ocrx_word' id='word_1_408' title='bbox 1744 417 1749 434; x_wconf 85' lang='lat'><strong>:</strong></span> <span class='ocrx_word' id='word_1_409' title='bbox 1770 408 1817 435; x_wconf 87' lang='lat' dir='ltr'><strong>sed</strong></span> <span class='ocrx_word' id='word_1_410' title='bbox 1835 408 1859 434; x_wconf 91' lang='lat' dir='ltr'><strong>si</strong></span> 
     </span>
    </p>
   </div>
   <div class='ocr_carea' id='block_1_60' title="bbox 1069 452 1859 489">
    <p class='ocr_par' dir='ltr' id='par_1_60' title="bbox 1069 452 1859 489">
     <span class='ocr_line' id='line_1_60' title="bbox 1069 452 1859 489; baseline 0.003 -10"><span class='ocrx_word' id='word_1_411' title='bbox 1069 452 1131 487; x_wconf 86' lang='lat' dir='ltr'><strong>quis</strong></span> <span class='ocrx_word' id='word_1_412' title='bbox 1145 452 1235 480; x_wconf 91' lang='lat' dir='ltr'><strong>bonus</strong></span> <span class='ocrx_word' id='word_1_413' title='bbox 1249 452 1283 480; x_wconf 89' lang='lat' dir='ltr'><strong>ad</strong></span> <span class='ocrx_word' id='word_1_414' title='bbox 1297 452 1507 481; x_wconf 80' lang='lat' dir='ltr'><strong>aediﬁcationem</strong></span> <span class='ocrx_word' id='word_1_415' title='bbox 1528 453 1603 487; x_wconf 87' lang='lat' dir='ltr'><strong>ﬂdei,</strong></span> <span class='ocrx_word' id='word_1_416' title='bbox 1626 456 1655 480; x_wconf 93' lang='lat' dir='ltr'><strong>ut</strong></span> <span class='ocrx_word' id='word_1_417' title='bbox 1678 453 1723 480; x_wconf 89' lang='lat' dir='ltr'><strong>det</strong></span> <span class='ocrx_word' id='word_1_418' title='bbox 1742 453 1859 489; x_wconf 87' lang='lat' dir='ltr'><strong>gratiam</strong></span> 
     </span>
    </p>
   </div>
   <div class='ocr_carea' id='block_1_61' title="bbox 1070 499 1286 526">
    <p class='ocr_par' dir='ltr' id='par_1_61' title="bbox 1070 499 1286 526">
     <span class='ocr_line' id='line_1_61' title="bbox 1070 499 1286 526; baseline -0.005 0"><span class='ocrx_word' id='word_1_419' title='bbox 1070 499 1256 526; x_wconf 72' lang='lat' dir='ltr'><strong>audientibus.</strong></span> <span class='ocrx_word' id='word_1_420' title='bbox 1277 508 1286 525; x_wconf 78' lang='grc' dir='ltr'><strong>ι</strong></span> 
     </span>
    </p>
   </div>
   <div class='ocr_carea' id='block_1_62' title="bbox 1108 543 1862 580">
    <p class='ocr_par' dir='ltr' id='par_1_62' title="bbox 1108 543 1862 580">
     <span class='ocr_line' id='line_1_62' title="bbox 1108 543 1862 580; baseline 0 -9"><span class='ocrx_word' id='word_1_421' title='bbox 1108 543 1142 572; x_wconf 88' lang='lat' dir='ltr'><strong>Et</strong></span> <span class='ocrx_word' id='word_1_422' title='bbox 1164 545 1188 573; x_wconf 86' lang='lat' dir='ltr'><strong>si</strong></span> <span class='ocrx_word' id='word_1_423' title='bbox 1212 545 1276 580; x_wconf 86' lang='lat' dir='ltr'><strong>quis</strong></span> <span class='ocrx_word' id='word_1_424' title='bbox 1298 545 1326 572; x_wconf 90' lang='lat' dir='ltr'><strong>in</strong></span> <span class='ocrx_word' id='word_1_425' title='bbox 1351 544 1420 572; x_wconf 86' lang='lat' dir='ltr'><strong>iram</strong></span> <span class='ocrx_word' id='word_1_426' title='bbox 1446 544 1553 577; x_wconf 82' lang='lat' dir='ltr'><strong>incidit,</strong></span> <span class='ocrx_word' id='word_1_427' title='bbox 1575 551 1630 572; x_wconf 91' lang='lat' dir='ltr'><strong>non</strong></span> <span class='ocrx_word' id='word_1_428' title='bbox 1650 548 1809 580; x_wconf 84' lang='lat' dir='ltr'><strong>perseveret</strong></span> <span class='ocrx_word' id='word_1_429' title='bbox 1823 545 1862 572; x_wconf 90' lang='lat' dir='ltr'><strong>ita</strong></span> 
     </span>
    </p>
   </div>
   <div class='ocr_carea' id='block_1_63' title="bbox 1071 590 1863 627">
    <p class='ocr_par' dir='ltr' id='par_1_63' title="bbox 1071 590 1863 627">
     <span class='ocr_line' id='line_1_63' title="bbox 1071 590 1863 627; baseline -0.001 -8"><span class='ocrx_word' id='word_1_430' title='bbox 1071 594 1101 619; x_wconf 92' lang='lat' dir='ltr'><strong>ut</strong></span> <span class='ocrx_word' id='word_1_431' title='bbox 1129 595 1244 626; x_wconf 87' lang='lat' dir='ltr'><strong>peccet;</strong></span> <span class='ocrx_word' id='word_1_432' title='bbox 1268 591 1318 619; x_wconf 90' lang='lat' dir='ltr'><strong>sed</strong></span> <span class='ocrx_word' id='word_1_433' title='bbox 1346 596 1410 618; x_wconf 85' lang='lat' dir='ltr'><strong>ante</strong></span> <span class='ocrx_word' id='word_1_434' title='bbox 1435 591 1562 626; x_wconf 86' lang='lat' dir='ltr'><strong>placetur</strong></span> <span class='ocrx_word' id='word_1_435' title='bbox 1585 598 1668 627; x_wconf 88' lang='lat' dir='ltr'><strong>quam</strong></span> <span class='ocrx_word' id='word_1_436' title='bbox 1694 591 1779 618; x_wconf 87' lang='lat' dir='ltr'><strong>altera</strong></span> <span class='ocrx_word' id='word_1_437' title='bbox 1803 590 1863 618; x_wconf 80' lang='lat' dir='ltr'><strong>dies</strong></span> 
     </span>
    </p>
   </div>
   <div class='ocr_carea' id='block_1_64' title="bbox 1071 635 1864 672">
    <p class='ocr_par' dir='ltr' id='par_1_64' title="bbox 1071 635 1864 672">
     <span class='ocr_line' id='line_1_64' title="bbox 1071 635 1864 672; baseline 0.001 -9"><span class='ocrx_word' id='word_1_438' title='bbox 1071 636 1210 664; x_wconf 80' lang='lat' dir='ltr'><strong>succedat.</strong></span> <span class='ocrx_word' id='word_1_439' title='bbox 1230 635 1298 663; x_wconf 86' lang='lat' dir='ltr'><strong>Nam</strong></span> <span class='ocrx_word' id='word_1_440' title='bbox 1313 636 1337 664; x_wconf 89' lang='lat' dir='ltr'><strong>si</strong></span> <span class='ocrx_word' id='word_1_441' title='bbox 1353 637 1382 664; x_wconf 87' lang='lat' dir='ltr'><strong>in</strong></span> <span class='ocrx_word' id='word_1_442' title='bbox 1400 635 1480 664; x_wconf 86' lang='lat' dir='ltr'><strong>vobis</strong></span> <span class='ocrx_word' id='word_1_443' title='bbox 1495 636 1548 664; x_wconf 82' lang='lat' dir='ltr'><strong>ista</strong></span> <span class='ocrx_word' id='word_1_444' title='bbox 1564 639 1673 672; x_wconf 72' lang='lat' dir='ltr'><strong>vngeant</strong></span> <span class='ocrx_word' id='word_1_445' title='bbox 1686 643 1747 672; x_wconf 72' lang='lat' dir='ltr'><strong>qua:</strong></span> <span class='ocrx_word' id='word_1_446' title='bbox 1760 636 1864 664; x_wconf 89' lang='lat' dir='ltr'><strong>diaboli</strong></span> 
     </span>
    </p>
   </div>
   <div class='ocr_carea' id='block_1_65' title="bbox 1071 681 1863 718">
    <p class='ocr_par' dir='ltr' id='par_1_65' title="bbox 1071 681 1863 718">
     <span class='ocr_line' id='line_1_65' title="bbox 1071 681 1863 718; baseline 0 -9"><span class='ocrx_word' id='word_1_447' title='bbox 1071 682 1152 717; x_wconf 86' lang='lat' dir='ltr'><strong>plane</strong></span> <span class='ocrx_word' id='word_1_448' title='bbox 1175 683 1299 711; x_wconf 89' lang='lat' dir='ltr'><strong>instituta</strong></span> <span class='ocrx_word' id='word_1_449' title='bbox 1324 686 1399 715; x_wconf 84' lang='lat' dir='ltr'><strong>sunt,</strong></span> <span class='ocrx_word' id='word_1_450' title='bbox 1428 682 1559 718; x_wconf 77' lang='lat' dir='ltr'><strong>magister</strong></span> <span class='ocrx_word' id='word_1_451' title='bbox 1586 682 1646 717; x_wconf 87' lang='lat' dir='ltr'><strong>ipse</strong></span> <span class='ocrx_word' id='word_1_452' title='bbox 1672 681 1863 716; x_wconf 83' lang='lat' dir='ltr'><strong>superveniet,</strong></span> 
     </span>
    </p>
   </div>
   <div class='ocr_carea' id='block_1_66' title="bbox 1072 727 1864 764">
    <p class='ocr_par' dir='ltr' id='par_1_66' title="bbox 1072 727 1864 764">
     <span class='ocr_line' id='line_1_66' title="bbox 1072 727 1864 764; baseline -0.001 -9"><span class='ocrx_word' id='word_1_453' title='bbox 1072 732 1184 764; x_wconf 83' lang='lat' dir='ltr'><strong>propter</strong></span> <span class='ocrx_word' id='word_1_454' title='bbox 1208 729 1372 764; x_wconf 87' lang='lat' dir='ltr'><strong>placitorum</strong></span> <span class='ocrx_word' id='word_1_455' title='bbox 1397 735 1510 757; x_wconf 84' lang='lat' dir='ltr'><strong>suorum</strong></span> <span class='ocrx_word' id='word_1_456' title='bbox 1531 727 1752 756; x_wconf 85' lang='lat' dir='ltr'><strong>observationem</strong></span> <span class='ocrx_word' id='word_1_457' title='bbox 1770 733 1864 755; x_wconf 86' lang='lat' dir='ltr'><strong>accer-</strong></span> 
     </span>
    </p>
   </div>
   <div class='ocr_carea' id='block_1_67' title="bbox 1073 775 1154 803">
    <p class='ocr_par' dir='ltr' id='par_1_67' title="bbox 1073 775 1154 803">
     <span class='ocr_line' id='line_1_67' title="bbox 1073 775 1154 803; baseline 0 -1"><span class='ocrx_word' id='word_1_458' title='bbox 1073 775 1154 803; x_wconf 87' lang='lat' dir='ltr'><strong>situs.</strong></span> 
     </span>
    </p>
   </div>
   <div class='ocr_carea' id='block_1_68' title="bbox 1109 820 1864 856">
    <p class='ocr_par' dir='ltr' id='par_1_68' title="bbox 1109 820 1864 856">
     <span class='ocr_line' id='line_1_68' title="bbox 1109 820 1864 856; baseline -0.003 -6"><span class='ocrx_word' id='word_1_459' title='bbox 1109 821 1193 850; x_wconf 74' lang='lat' dir='ltr'><strong>Vsus.</strong></span> <span class='ocrx_word' id='word_1_460' title='bbox 1209 821 1253 849; x_wconf 79' lang='grc'><strong>30.</strong></span> <span class='ocrx_word' id='word_1_461' title='bbox 1270 831 1278 848; x_wconf 82' lang='grc' dir='ltr'><strong>ι</strong></span> <span class='ocrx_word' id='word_1_462' title='bbox 1297 821 1331 849; x_wconf 87' lang='grc' dir='ltr'>Ει</span> <span class='ocrx_word' id='word_1_463' title='bbox 1347 821 1432 849; x_wconf 88' lang='lat' dir='ltr'><strong>nolite</strong></span> <span class='ocrx_word' id='word_1_464' title='bbox 1454 821 1622 849; x_wconf 79' lang='lat' dir='ltr'><strong>contristare</strong></span> <span class='ocrx_word' id='word_1_465' title='bbox 1642 820 1776 856; x_wconf 88' lang='lat' dir='ltr'><strong>Spiritum</strong></span> <span class='ocrx_word' id='word_1_466' title='bbox 1797 827 1864 848; x_wconf 87' lang='lat' dir='ltr'><strong>san-</strong></span> 
     </span>
    </p>
   </div>
   <div class='ocr_carea' id='block_1_69' title="bbox 1038 861 1865 903">
    <p class='ocr_par' dir='ltr' id='par_1_69' title="bbox 1038 861 1865 903">
     <span class='ocr_line' id='line_1_69' title="bbox 1038 861 1865 903; baseline -0.004 -7"><span class='ocrx_word' id='word_1_467' title='bbox 1038 861 1149 896; x_wconf 77' lang='lat' dir='ltr'><strong>Bctum</strong></span> <span class='ocrx_word' id='word_1_468' title='bbox 1175 867 1240 902; x_wconf 87' lang='lat' dir='ltr'><strong>Dei,</strong></span> <span class='ocrx_word' id='word_1_469' title='bbox 1266 868 1294 895; x_wconf 90' lang='lat' dir='ltr'><strong>in</strong></span> <span class='ocrx_word' id='word_1_470' title='bbox 1320 875 1374 903; x_wconf 92' lang='lat' dir='ltr'><strong>quo</strong></span> <span class='ocrx_word' id='word_1_471' title='bbox 1402 867 1504 903; x_wconf 77' lang='lat' dir='ltr'><strong>signati</strong></span> <span class='ocrx_word' id='word_1_472' title='bbox 1530 867 1599 895; x_wconf 89' lang='lat' dir='ltr'><strong>estis</strong></span> <span class='ocrx_word' id='word_1_473' title='bbox 1615 866 1643 894; x_wconf 92' lang='lat' dir='ltr'><strong>in</strong></span> <span class='ocrx_word' id='word_1_474' title='bbox 1660 866 1733 894; x_wconf 88' lang='lat' dir='ltr'><strong>diem</strong></span> <span class='ocrx_word' id='word_1_475' title='bbox 1754 865 1865 894; x_wconf 87' lang='lat' dir='ltr'><strong>redem-</strong></span> 
     </span>
    </p>
   </div>
   <div class='ocr_carea' id='block_1_70' title="bbox 1095 913 1223 940">
    <p class='ocr_par' dir='ltr' id='par_1_70' title="bbox 1095 913 1223 940">
     <span class='ocr_line' id='line_1_70' title="bbox 1095 913 1223 940; baseline -0.008 0"><span class='ocrx_word' id='word_1_476' title='bbox 1095 913 1190 940; x_wconf 88' lang='lat' dir='ltr'><strong>tionis.</strong></span> <span class='ocrx_word' id='word_1_477' title='bbox 1213 923 1223 939; x_wconf 83' lang='lat'><strong>)</strong></span> 
     </span>
    </p>
   </div>
   <div class='ocr_carea' id='block_1_71' title="bbox 1077 921 1867 994">
    <p class='ocr_par' dir='ltr' id='par_1_71' title="bbox 1077 921 1867 994">
     <span class='ocr_line' id='line_1_71' title="bbox 1095 921 1223 940; baseline -0.008 0"><span class='ocrx_word' id='word_1_478' title='bbox 1095 921 1190 940; x_wconf 83' lang='lat' dir='ltr'><strong>llOlllS.</strong></span> <span class='ocrx_word' id='word_1_479' title='bbox 1213 923 1223 939; x_wconf 83' lang='lat'><strong>)</strong></span> 
     </span>
     <span class='ocr_line' id='line_1_72' title="bbox 1077 921 1867 994; baseline -0.006 -8"><span class='ocrx_word' id='word_1_480' title='bbox 1077 921 1093 950; x_wconf 64' lang='grc' dir='ltr'><strong>Ρ</strong></span> <span class='ocrx_word' id='word_1_481' title='bbox 1111 958 1244 994; x_wconf 86' lang='lat' dir='ltr'><strong>Spiritus,</strong></span> <span class='ocrx_word' id='word_1_482' title='bbox 1270 957 1379 993; x_wconf 86' lang='lat' dir='ltr'><strong>inquit,</strong></span> <span class='ocrx_word' id='word_1_483' title='bbox 1407 963 1520 985; x_wconf 87' lang='lat' dir='ltr'><strong>aversus</strong></span> <span class='ocrx_word' id='word_1_484' title='bbox 1545 956 1599 984; x_wconf 89' lang='lat' dir='ltr'><strong>erit</strong></span> <span class='ocrx_word' id='word_1_485' title='bbox 1626 963 1642 982; x_wconf 86' lang='lat' dir='ltr'><strong>a</strong></span> <span class='ocrx_word' id='word_1_486' title='bbox 1665 955 1765 987; x_wconf 87' lang='lat' dir='ltr'><strong>vobis,</strong></span> <span class='ocrx_word' id='word_1_487' title='bbox 1790 954 1867 982; x_wconf 88' lang='lat' dir='ltr'><strong>velut</strong></span> 
     </span>
    </p>
   </div>
   <div class='ocr_carea' id='block_1_72' title="bbox 1075 1000 1867 1039">
    <p class='ocr_par' dir='ltr' id='par_1_72' title="bbox 1075 1000 1867 1039">
     <span class='ocr_line' id='line_1_73' title="bbox 1075 1000 1867 1039; baseline -0.005 -8"><span class='ocrx_word' id='word_1_488' title='bbox 1075 1004 1182 1032; x_wconf 90' lang='lat' dir='ltr'><strong>luctum</strong></span> <span class='ocrx_word' id='word_1_489' title='bbox 1200 1011 1302 1039; x_wconf 79' lang='lat' dir='ltr'><strong>agens,</strong></span> <span class='ocrx_word' id='word_1_490' title='bbox 1327 1003 1409 1038; x_wconf 83' lang='lat' dir='ltr'><strong>quia,</strong></span> <span class='ocrx_word' id='word_1_491' title='bbox 1434 1010 1495 1030; x_wconf 92' lang='lat' dir='ltr'><strong>cum</strong></span> <span class='ocrx_word' id='word_1_492' title='bbox 1521 1003 1547 1029; x_wconf 93' lang='lat' dir='ltr'><strong>in</strong></span> <span class='ocrx_word' id='word_1_493' title='bbox 1571 1001 1764 1036; x_wconf 81' lang='lat' dir='ltr'><strong>obsignatione</strong></span> <span class='ocrx_word' id='word_1_494' title='bbox 1784 1000 1867 1028; x_wconf 88' lang='lat' dir='ltr'><strong>datus</strong></span> 
     </span>
    </p>
   </div>
   <div class='ocr_carea' id='block_1_73' title="bbox 1076 1048 1868 1084">
    <p class='ocr_par' dir='ltr' id='par_1_73' title="bbox 1076 1048 1868 1084">
     <span class='ocr_line' id='line_1_74' title="bbox 1076 1048 1868 1084; baseline -0.006 -6"><span class='ocrx_word' id='word_1_495' title='bbox 1076 1051 1111 1078; x_wconf 89' lang='lat' dir='ltr'><strong>sit</strong></span> <span class='ocrx_word' id='word_1_496' title='bbox 1126 1050 1205 1078; x_wconf 88' lang='lat' dir='ltr'><strong>vobis</strong></span> <span class='ocrx_word' id='word_1_497' title='bbox 1223 1054 1253 1077; x_wconf 92' lang='lat' dir='ltr'><strong>ut</strong></span> <span class='ocrx_word' id='word_1_498' title='bbox 1269 1048 1528 1084; x_wconf 86' lang='lat' dir='ltr'><strong>conjungeremiui,</strong></span> <span class='ocrx_word' id='word_1_499' title='bbox 1558 1055 1607 1076; x_wconf 85' lang='lat' dir='ltr'><strong>vos</strong></span> <span class='ocrx_word' id='word_1_500' title='bbox 1630 1053 1724 1075; x_wconf 87' lang='lat' dir='ltr'><strong>tamen</strong></span> <span class='ocrx_word' id='word_1_501' title='bbox 1749 1054 1805 1074; x_wconf 90' lang='lat' dir='ltr'><strong>non</strong></span> <span class='ocrx_word' id='word_1_502' title='bbox 1829 1054 1868 1073; x_wconf 86' lang='lat' dir='ltr'><strong>re-</strong></span> 
     </span>
    </p>
   </div>
   <div class='ocr_carea' id='block_1_74' title="bbox 1076 1093 1867 1132">
    <p class='ocr_par' dir='ltr' id='par_1_74' title="bbox 1076 1093 1867 1132">
     <span class='ocr_line' id='line_1_75' title="bbox 1076 1093 1867 1132; baseline -0.005 -9"><span class='ocrx_word' id='word_1_503' title='bbox 1076 1097 1164 1132; x_wconf 85' lang='lat' dir='ltr'><strong>periet</strong></span> <span class='ocrx_word' id='word_1_504' title='bbox 1190 1095 1225 1123; x_wconf 87' lang='lat' dir='ltr'><strong>ad</strong></span> <span class='ocrx_word' id='word_1_505' title='bbox 1251 1095 1304 1122; x_wconf 89' lang='lat' dir='ltr'><strong>hoc</strong></span> <span class='ocrx_word' id='word_1_506' title='bbox 1329 1095 1454 1127; x_wconf 82' lang='lat' dir='ltr'><strong>idoneos,</strong></span> <span class='ocrx_word' id='word_1_507' title='bbox 1479 1094 1587 1121; x_wconf 85' lang='lat' dir='ltr'><strong>tametsi</strong></span> <span class='ocrx_word' id='word_1_508' title='bbox 1615 1093 1730 1129; x_wconf 83' lang='lat' dir='ltr'><strong>gratiam</strong></span> <span class='ocrx_word' id='word_1_509' title='bbox 1754 1099 1867 1127; x_wconf 85' lang='lat' dir='ltr'><strong>recepe-</strong></span> 
     </span>
    </p>
   </div>
   <div class='ocr_carea' id='block_1_75' title="bbox 1076 1137 1867 1177">
    <p class='ocr_par' dir='ltr' id='par_1_75' title="bbox 1076 1137 1867 1177">
     <span class='ocr_line' id='line_1_76' title="bbox 1076 1137 1867 1177; baseline -0.005 -8"><span class='ocrx_word' id='word_1_510' title='bbox 1076 1143 1147 1175; x_wconf 89' lang='lat' dir='ltr'><strong>ritis,</strong></span> <span class='ocrx_word' id='word_1_511' title='bbox 1166 1149 1220 1177; x_wconf 83' lang='lat' dir='ltr'><strong>qua</strong></span> <span class='ocrx_word' id='word_1_512' title='bbox 1248 1148 1356 1177; x_wconf 73' lang='lat' dir='ltr'><strong>pmnam</strong></span> <span class='ocrx_word' id='word_1_513' title='bbox 1382 1140 1511 1168; x_wconf 88' lang='lat' dir='ltr'><strong>interitus</strong></span> <span class='ocrx_word' id='word_1_514' title='bbox 1533 1144 1560 1167; x_wconf 89' lang='lat' dir='ltr'><strong>et</strong></span> <span class='ocrx_word' id='word_1_515' title='bbox 1589 1139 1773 1174; x_wconf 87' lang='lat' dir='ltr'><strong>corruptionis</strong></span> <span class='ocrx_word' id='word_1_516' title='bbox 1799 1137 1867 1166; x_wconf 76' lang='lat' dir='ltr'><strong>eﬂ‘u-</strong></span> 
     </span>
    </p>
   </div>
   <div class='ocr_carea' id='block_1_76' title="bbox 1077 1189 1189 1223">
    <p class='ocr_par' dir='ltr' id='par_1_76' title="bbox 1077 1189 1189 1223">
     <span class='ocr_line' id='line_1_77' title="bbox 1077 1189 1189 1223; baseline 0 -7"><span class='ocrx_word' id='word_1_517' title='bbox 1077 1189 1189 1223; x_wconf 78' lang='lat' dir='ltr'><strong>geretis.</strong></span> 
     </span>
    </p>
   </div>
   <div class='ocr_carea' id='block_1_77' title="bbox 1117 1231 1868 1265">
    <p class='ocr_par' dir='ltr' id='par_1_77' title="bbox 1117 1231 1868 1265">
     <span class='ocr_line' id='line_1_78' title="bbox 1117 1231 1868 1265; baseline -0.004 -5"><span class='ocrx_word' id='word_1_518' title='bbox 1117 1233 1198 1261; x_wconf 73' lang='lat' dir='ltr'><strong>Vsus.</strong></span> <span class='ocrx_word' id='word_1_519' title='bbox 1216 1233 1262 1263; x_wconf 82' lang='grc'><strong>51,</strong></span> <span class='ocrx_word' id='word_1_520' title='bbox 1280 1232 1325 1259; x_wconf 75' lang='grc'><strong>52.</strong></span> <span class='ocrx_word' id='word_1_521' title='bbox 1348 1241 1356 1258; x_wconf 83' lang='grc' dir='ltr'><strong>ι</strong></span> <span class='ocrx_word' id='word_1_522' title='bbox 1372 1231 1468 1259; x_wconf 90' lang='lat' dir='ltr'><strong>Omnis</strong></span> <span class='ocrx_word' id='word_1_523' title='bbox 1483 1231 1650 1265; x_wconf 84' lang='lat' dir='ltr'><strong>amaritudo,</strong></span> <span class='ocrx_word' id='word_1_524' title='bbox 1668 1235 1694 1258; x_wconf 89' lang='lat' dir='ltr'><strong>et</strong></span> <span class='ocrx_word' id='word_1_525' title='bbox 1716 1231 1768 1263; x_wconf 88' lang='lat' dir='ltr'><strong>ira,</strong></span> <span class='ocrx_word' id='word_1_526' title='bbox 1787 1234 1814 1258; x_wconf 91' lang='lat' dir='ltr'><strong>ct</strong></span> <span class='ocrx_word' id='word_1_527' title='bbox 1827 1231 1868 1257; x_wconf 91' lang='lat' dir='ltr'><strong>iu-</strong></span> 
     </span>
    </p>
   </div>
   <div class='ocr_carea' id='block_1_78' title="bbox 1077 1277 1868 1314">
    <p class='ocr_par' dir='ltr' id='par_1_78' title="bbox 1077 1277 1868 1314">
     <span class='ocr_line' id='line_1_79' title="bbox 1077 1277 1868 1314; baseline -0.004 -8"><span class='ocrx_word' id='word_1_528' title='bbox 1077 1279 1213 1314; x_wconf 84' lang='lat' dir='ltr'><strong>dignatio,</strong></span> <span class='ocrx_word' id='word_1_529' title='bbox 1227 1282 1256 1305; x_wconf 88' lang='lat' dir='ltr'><strong>et</strong></span> <span class='ocrx_word' id='word_1_530' title='bbox 1271 1279 1386 1310; x_wconf 85' lang='lat' dir='ltr'><strong>clamor,</strong></span> <span class='ocrx_word' id='word_1_531' title='bbox 1402 1282 1429 1305; x_wconf 92' lang='lat' dir='ltr'><strong>et</strong></span> <span class='ocrx_word' id='word_1_532' title='bbox 1442 1277 1613 1312; x_wconf 80' lang='lat' dir='ltr'><strong>blasphemia</strong></span> <span class='ocrx_word' id='word_1_533' title='bbox 1629 1277 1768 1311; x_wconf 76' lang='lat' dir='ltr'><strong>tollatura</strong></span> <span class='ocrx_word' id='word_1_534' title='bbox 1780 1277 1868 1309; x_wconf 83' lang='lat' dir='ltr'><strong>vobis,</strong></span> 
     </span>
    </p>
   </div>
   <div class='ocr_carea' id='block_1_79' title="bbox 1078 1322 1868 1357">
    <p class='ocr_par' dir='ltr' id='par_1_79' title="bbox 1078 1322 1868 1357">
     <span class='ocr_line' id='line_1_80' title="bbox 1078 1322 1868 1357; baseline -0.005 -4"><span class='ocrx_word' id='word_1_535' title='bbox 1078 1333 1139 1354; x_wconf 88' lang='lat' dir='ltr'><strong>cum</strong></span> <span class='ocrx_word' id='word_1_536' title='bbox 1154 1324 1229 1352; x_wconf 90' lang='lat' dir='ltr'><strong>omni</strong></span> <span class='ocrx_word' id='word_1_537' title='bbox 1244 1323 1358 1351; x_wconf 90' lang='lat' dir='ltr'><strong>malitia.</strong></span> <span class='ocrx_word' id='word_1_538' title='bbox 1382 1322 1477 1351; x_wconf 81' lang='lat' dir='ltr'><strong>Estote</strong></span> <span class='ocrx_word' id='word_1_539' title='bbox 1496 1328 1586 1350; x_wconf 90' lang='lat' dir='ltr'><strong>autem</strong></span> <span class='ocrx_word' id='word_1_540' title='bbox 1606 1322 1721 1350; x_wconf 85' lang='lat' dir='ltr'><strong>invicem</strong></span> <span class='ocrx_word' id='word_1_541' title='bbox 1745 1322 1868 1357; x_wconf 84' lang='lat' dir='ltr'><strong>benigni,</strong></span> 
     </span>
    </p>
   </div>
   <div class='ocr_carea' id='block_1_80' title="bbox 1079 1367 1869 1401">
    <p class='ocr_par' dir='ltr' id='par_1_80' title="bbox 1079 1367 1869 1401">
     <span class='ocr_line' id='line_1_81' title="bbox 1079 1367 1869 1401; baseline -0.004 -4"><span class='ocrx_word' id='word_1_542' title='bbox 1079 1369 1281 1400; x_wconf 81' lang='lat' dir='ltr'><strong>misericordes,</strong></span> <span class='ocrx_word' id='word_1_543' title='bbox 1302 1368 1438 1396; x_wconf 86' lang='lat' dir='ltr'><strong>donantes</strong></span> <span class='ocrx_word' id='word_1_544' title='bbox 1455 1368 1585 1401; x_wconf 83' lang='lat' dir='ltr'><strong>invicem,</strong></span> <span class='ocrx_word' id='word_1_545' title='bbox 1607 1368 1679 1395; x_wconf 85' lang='lat' dir='ltr'><strong>sicut</strong></span> <span class='ocrx_word' id='word_1_546' title='bbox 1702 1371 1729 1395; x_wconf 92' lang='lat' dir='ltr'><strong>et</strong></span> <span class='ocrx_word' id='word_1_547' title='bbox 1755 1367 1825 1395; x_wconf 84' lang='lat' dir='ltr'><strong>Deus</strong></span> <span class='ocrx_word' id='word_1_548' title='bbox 1842 1368 1869 1394; x_wconf 90' lang='lat' dir='ltr'><strong>iu</strong></span> 
     </span>
    </p>
   </div>
   <div class='ocr_carea' id='block_1_81' title="bbox 1079 1414 1455 1443">
    <p class='ocr_par' dir='ltr' id='par_1_81' title="bbox 1079 1414 1455 1443">
     <span class='ocr_line' id='line_1_82' title="bbox 1079 1414 1455 1443; baseline -0.008 0"><span class='ocrx_word' id='word_1_549' title='bbox 1079 1416 1191 1443; x_wconf 75' lang='lat' dir='ltr'><strong>Christo</strong></span> <span class='ocrx_word' id='word_1_550' title='bbox 1206 1414 1319 1442; x_wconf 87' lang='lat' dir='ltr'><strong>donavit</strong></span> <span class='ocrx_word' id='word_1_551' title='bbox 1331 1414 1421 1442; x_wconf 86' lang='lat' dir='ltr'><strong>vobis.</strong></span> <span class='ocrx_word' id='word_1_552' title='bbox 1445 1423 1455 1440; x_wconf 73' lang='grc' dir='ltr'><strong>ι</strong></span> 
     </span>
    </p>
   </div>
   <div class='ocr_carea' id='block_1_82' title="bbox 1114 1459 1885 1496">
    <p class='ocr_par' dir='ltr' id='par_1_82' title="bbox 1114 1459 1885 1496">
     <span class='ocr_line' id='line_1_83' title="bbox 1114 1459 1885 1496; baseline -0.003 -8"><span class='ocrx_word' id='word_1_553' title='bbox 1114 1461 1290 1496; x_wconf 70' lang='grc' dir='ltr'>ριιωειιηίιιιθ</span> <span class='ocrx_word' id='word_1_554' title='bbox 1313 1459 1436 1488; x_wconf 86' lang='lat' dir='ltr'><strong>carnalis</strong></span> <span class='ocrx_word' id='word_1_555' title='bbox 1463 1464 1527 1486; x_wconf 85' lang='lat' dir='ltr'><strong>sunt</strong></span> <span class='ocrx_word' id='word_1_556' title='bbox 1551 1459 1751 1495; x_wconf 82' lang='lat' dir='ltr'><strong>ignobilitatis,</strong></span> <span class='ocrx_word' id='word_1_557' title='bbox 1769 1459 1885 1495; x_wconf 40' lang='lat' dir='ltr'><strong>inquit;</strong></span> 
     </span>
    </p>
   </div>
   <div class='ocr_carea' id='block_1_83' title="bbox 1080 1505 1871 1542">
    <p class='ocr_par' dir='ltr' id='par_1_83' title="bbox 1080 1505 1871 1542">
     <span class='ocr_line' id='line_1_84' title="bbox 1080 1505 1871 1542; baseline -0.003 -8"><span class='ocrx_word' id='word_1_558' title='bbox 1080 1507 1138 1534; x_wconf 81' lang='lat' dir='ltr'><strong>haec</strong></span> <span class='ocrx_word' id='word_1_559' title='bbox 1167 1507 1316 1542; x_wconf 80' lang='lat' dir='ltr'><strong>relinquat,</strong></span> <span class='ocrx_word' id='word_1_560' title='bbox 1347 1506 1396 1542; x_wconf 88' lang='lat' dir='ltr'><strong>qui</strong></span> <span class='ocrx_word' id='word_1_561' title='bbox 1429 1505 1565 1541; x_wconf 86' lang='lat' dir='ltr'><strong>spirituali</strong></span> <span class='ocrx_word' id='word_1_562' title='bbox 1599 1513 1675 1533; x_wconf 88' lang='lat' dir='ltr'><strong>more</strong></span> <span class='ocrx_word' id='word_1_563' title='bbox 1703 1513 1763 1535; x_wconf 86' lang='lat' dir='ltr'><strong>sese</strong></span> <span class='ocrx_word' id='word_1_564' title='bbox 1792 1513 1871 1534; x_wconf 78' lang='lat' dir='ltr'><strong>cem-</strong></span> 
     </span>
    </p>
   </div>
   <div class='ocr_carea' id='block_1_84' title="bbox 1041 1542 1168 1588">
    <p class='ocr_par' dir='ltr' id='par_1_84' title="bbox 1041 1542 1168 1588">
     <span class='ocr_line' id='line_1_85' title="bbox 1041 1542 1168 1588; baseline -0.008 -8"><span class='ocrx_word' id='word_1_565' title='bbox 1041 1542 1062 1572; x_wconf 63' lang='grc' dir='ltr'><strong>(ἶ</strong></span> <span class='ocrx_word' id='word_1_566' title='bbox 1079 1556 1168 1588; x_wconf 85' lang='lat' dir='ltr'><strong>parat.</strong></span> 
     </span>
    </p>
   </div>
   <div class='ocr_carea' id='block_1_85' title="bbox 1406 1618 1539 1648">
    <p class='ocr_par' dir='ltr' id='par_1_85' title="bbox 1406 1618 1539 1648">
     <span class='ocr_line' id='line_1_86' title="bbox 1406 1618 1539 1648; baseline 0.008 -1"><span class='ocrx_word' id='word_1_567' title='bbox 1406 1618 1484 1647; x_wconf 81' lang='lat' dir='ltr'><strong>CAP.</strong></span> <span class='ocrx_word' id='word_1_568' title='bbox 1505 1619 1539 1648; x_wconf 75' lang='grc' dir='ltr'>ν.</span> 
     </span>
    </p>
   </div>
   <div class='ocr_carea' id='block_1_86' title="bbox 1114 1673 1873 1710">
    <p class='ocr_par' dir='ltr' id='par_1_86' title="bbox 1114 1673 1873 1710">
     <span class='ocr_line' id='line_1_87' title="bbox 1114 1673 1873 1710; baseline 0.003 -9"><span class='ocrx_word' id='word_1_569' title='bbox 1114 1673 1198 1702; x_wconf 75' lang='lat' dir='ltr'><strong>Vens.</strong></span> <span class='ocrx_word' id='word_1_570' title='bbox 1214 1674 1241 1706; x_wconf 82' lang='grc'>1,</span> <span class='ocrx_word' id='word_1_571' title='bbox 1260 1673 1288 1701; x_wconf 71' lang='lat'><strong>2.</strong></span> <span class='ocrx_word' id='word_1_572' title='bbox 1308 1684 1317 1700; x_wconf 82' lang='grc' dir='ltr'><strong>ι</strong></span> <span class='ocrx_word' id='word_1_573' title='bbox 1343 1673 1437 1702; x_wconf 89' lang='lat' dir='ltr'><strong>Estote</strong></span> <span class='ocrx_word' id='word_1_574' title='bbox 1460 1682 1526 1710; x_wconf 88' lang='lat' dir='ltr'><strong>ergo</strong></span> <span class='ocrx_word' id='word_1_575' title='bbox 1554 1675 1710 1703; x_wconf 84' lang='lat' dir='ltr'><strong>imitatores</strong></span> <span class='ocrx_word' id='word_1_576' title='bbox 1729 1674 1777 1703; x_wconf 88' lang='lat' dir='ltr'><strong>Dei</strong></span> <span class='ocrx_word' id='word_1_577' title='bbox 1801 1675 1873 1703; x_wconf 85' lang='lat' dir='ltr'><strong>sicut</strong></span> 
     </span>
    </p>
   </div>
   <div class='ocr_carea' id='block_1_87' title="bbox 1080 1721 1872 1755">
    <p class='ocr_par' dir='ltr' id='par_1_87' title="bbox 1080 1721 1872 1755">
     <span class='ocr_line' id='line_1_88' title="bbox 1080 1721 1872 1755; baseline 0 -7"><span class='ocrx_word' id='word_1_578' title='bbox 1080 1721 1126 1748; x_wconf 89' lang='lat' dir='ltr'><strong>lilii</strong></span> <span class='ocrx_word' id='word_1_579' title='bbox 1141 1721 1310 1753; x_wconf 84' lang='lat' dir='ltr'><strong>charissimi,</strong></span> <span class='ocrx_word' id='word_1_580' title='bbox 1332 1726 1358 1748; x_wconf 89' lang='lat' dir='ltr'><strong>et</strong></span> <span class='ocrx_word' id='word_1_581' title='bbox 1382 1721 1523 1748; x_wconf 86' lang='lat' dir='ltr'><strong>ambulate</strong></span> <span class='ocrx_word' id='word_1_582' title='bbox 1539 1721 1565 1748; x_wconf 93' lang='lat' dir='ltr'><strong>in</strong></span> <span class='ocrx_word' id='word_1_583' title='bbox 1583 1721 1742 1755; x_wconf 83' lang='lat' dir='ltr'><strong>dilectione,</strong></span> <span class='ocrx_word' id='word_1_584' title='bbox 1761 1722 1832 1750; x_wconf 84' lang='lat' dir='ltr'><strong>sicut</strong></span> <span class='ocrx_word' id='word_1_585' title='bbox 1845 1727 1872 1750; x_wconf 92' lang='lat' dir='ltr'><strong>et</strong></span> 
     </span>
    </p>
   </div>
   <div class='ocr_carea' id='block_1_88' title="bbox 1079 1767 1872 1804">
    <p class='ocr_par' dir='ltr' id='par_1_88' title="bbox 1079 1767 1872 1804">
     <span class='ocr_line' id='line_1_89' title="bbox 1079 1767 1872 1804; baseline 0.001 -10"><span class='ocrx_word' id='word_1_586' title='bbox 1079 1767 1206 1794; x_wconf 90' lang='lat' dir='ltr'><strong>Christus</strong></span> <span class='ocrx_word' id='word_1_587' title='bbox 1226 1767 1323 1794; x_wconf 87' lang='lat' dir='ltr'><strong>dilexit</strong></span> <span class='ocrx_word' id='word_1_588' title='bbox 1357 1775 1419 1799; x_wconf 89' lang='lat' dir='ltr'><strong>nos,</strong></span> <span class='ocrx_word' id='word_1_589' title='bbox 1436 1772 1463 1795; x_wconf 89' lang='lat' dir='ltr'><strong>et</strong></span> <span class='ocrx_word' id='word_1_590' title='bbox 1486 1767 1600 1795; x_wconf 86' lang='lat' dir='ltr'><strong>tradidit</strong></span> <span class='ocrx_word' id='word_1_591' title='bbox 1620 1768 1798 1803; x_wconf 87' lang='lat' dir='ltr'><strong>semetipsum</strong></span> <span class='ocrx_word' id='word_1_592' title='bbox 1823 1776 1872 1804; x_wconf 90' lang='lat' dir='ltr'><strong>pro</strong></span> 
     </span>
    </p>
   </div>
   <div class='ocr_carea' id='block_1_89' title="bbox 1080 1813 1873 1843">
    <p class='ocr_par' dir='ltr' id='par_1_89' title="bbox 1080 1813 1873 1843">
     <span class='ocr_line' id='line_1_90' title="bbox 1080 1813 1873 1843; baseline 0.001 -2"><span class='ocrx_word' id='word_1_593' title='bbox 1080 1813 1159 1841; x_wconf 89' lang='lat' dir='ltr'><strong>nobis</strong></span> <span class='ocrx_word' id='word_1_594' title='bbox 1172 1813 1339 1841; x_wconf 87' lang='lat' dir='ltr'><strong>oblationem</strong></span> <span class='ocrx_word' id='word_1_595' title='bbox 1355 1818 1382 1841; x_wconf 89' lang='lat' dir='ltr'><strong>et</strong></span> <span class='ocrx_word' id='word_1_596' title='bbox 1399 1814 1521 1842; x_wconf 86' lang='lat' dir='ltr'><strong>hostiam</strong></span> <span class='ocrx_word' id='word_1_597' title='bbox 1537 1813 1593 1842; x_wconf 90' lang='lat' dir='ltr'><strong>Deo</strong></span> <span class='ocrx_word' id='word_1_598' title='bbox 1619 1814 1647 1842; x_wconf 91' lang='lat' dir='ltr'><strong>in</strong></span> <span class='ocrx_word' id='word_1_599' title='bbox 1665 1813 1778 1843; x_wconf 85' lang='lat' dir='ltr'><strong>odorem</strong></span> <span class='ocrx_word' id='word_1_600' title='bbox 1808 1823 1873 1843; x_wconf 80' lang='lat' dir='ltr'><strong>sua-</strong></span> 
     </span>
    </p>
   </div>
   <div class='ocr_carea' id='block_1_90' title="bbox 1081 1858 1216 1886">
    <p class='ocr_par' dir='ltr' id='par_1_90' title="bbox 1081 1858 1216 1886">
     <span class='ocr_line' id='line_1_91' title="bbox 1081 1858 1216 1886; baseline -0.015 0"><span class='ocrx_word' id='word_1_601' title='bbox 1081 1858 1185 1886; x_wconf 88' lang='lat' dir='ltr'><strong>vitatis.</strong></span> <span class='ocrx_word' id='word_1_602' title='bbox 1206 1867 1216 1884; x_wconf 71' lang='grc' dir='ltr'><strong>ι</strong></span> 
     </span>
    </p>
   </div>
   <div class='ocr_carea' id='block_1_91' title="bbox 1116 1903 1873 1940">
    <p class='ocr_par' dir='ltr' id='par_1_91' title="bbox 1116 1903 1873 1940">
     <span class='ocr_line' id='line_1_92' title="bbox 1116 1903 1873 1940; baseline -0.001 -9"><span class='ocrx_word' id='word_1_603' title='bbox 1116 1904 1220 1931; x_wconf 88' lang='lat' dir='ltr'><strong>Imitari</strong></span> <span class='ocrx_word' id='word_1_604' title='bbox 1235 1903 1321 1931; x_wconf 89' lang='lat' dir='ltr'><strong>Deum</strong></span> <span class='ocrx_word' id='word_1_605' title='bbox 1337 1908 1458 1938; x_wconf 85' lang='lat' dir='ltr'><strong>oportet,</strong></span> <span class='ocrx_word' id='word_1_606' title='bbox 1486 1903 1588 1939; x_wconf 90' lang='lat' dir='ltr'><strong>inquit,</strong></span> <span class='ocrx_word' id='word_1_607' title='bbox 1603 1904 1637 1931; x_wconf 90' lang='lat' dir='ltr'><strong>iis</strong></span> <span class='ocrx_word' id='word_1_608' title='bbox 1652 1904 1699 1940; x_wconf 89' lang='lat' dir='ltr'><strong>qui</strong></span> <span class='ocrx_word' id='word_1_609' title='bbox 1727 1912 1777 1932; x_wconf 90' lang='lat' dir='ltr'><strong>nos</strong></span> <span class='ocrx_word' id='word_1_610' title='bbox 1791 1903 1873 1931; x_wconf 64' lang='lat' dir='ltr'><strong>0mm-</strong></span> 
     </span>
    </p>
   </div>
   <div class='ocr_carea' id='block_1_92' title="bbox 1081 1949 1871 1985">
    <p class='ocr_par' dir='ltr' id='par_1_92' title="bbox 1081 1949 1871 1985">
     <span class='ocr_line' id='line_1_93' title="bbox 1081 1949 1871 1985; baseline -0.001 -6"><span class='ocrx_word' id='word_1_611' title='bbox 1081 1951 1183 1979; x_wconf 88' lang='lat' dir='ltr'><strong>derunt</strong></span> <span class='ocrx_word' id='word_1_612' title='bbox 1223 1950 1403 1985; x_wconf 86' lang='lat' dir='ltr'><strong>indulgendo,</strong></span> <span class='ocrx_word' id='word_1_613' title='bbox 1430 1956 1458 1977; x_wconf 91' lang='lat' dir='ltr'><strong>ut</strong></span> <span class='ocrx_word' id='word_1_614' title='bbox 1485 1949 1534 1978; x_wconf 93' lang='lat' dir='ltr'><strong>Dei</strong></span> <span class='ocrx_word' id='word_1_615' title='bbox 1562 1951 1739 1978; x_wconf 64' lang='lat' dir='ltr'><strong>aemulatores</strong></span> <span class='ocrx_word' id='word_1_616' title='bbox 1773 1951 1871 1978; x_wconf 84' lang='lat' dir='ltr'><strong>simus.</strong></span> 
     </span>
    </p>
   </div>
   <div class='ocr_carea' id='block_1_93' title="bbox 1081 1996 1873 2031">
    <p class='ocr_par' dir='ltr' id='par_1_93' title="bbox 1081 1996 1873 2031">
     <span class='ocr_line' id='line_1_94' title="bbox 1081 1996 1873 2031; baseline -0.001 -7"><span class='ocrx_word' id='word_1_617' title='bbox 1081 1997 1163 2031; x_wconf 84' lang='lat' dir='ltr'><strong>Atqui</strong></span> <span class='ocrx_word' id='word_1_618' title='bbox 1186 1996 1289 2024; x_wconf 85' lang='lat' dir='ltr'><strong>Christi</strong></span> <span class='ocrx_word' id='word_1_619' title='bbox 1314 2000 1442 2028; x_wconf 89' lang='lat' dir='ltr'><strong>mortem,</strong></span> <span class='ocrx_word' id='word_1_620' title='bbox 1468 2004 1524 2023; x_wconf 90' lang='lat' dir='ltr'><strong>non</strong></span> <span class='ocrx_word' id='word_1_621' title='bbox 1549 2000 1668 2023; x_wconf 88' lang='lat' dir='ltr'><strong>mortem</strong></span> <span class='ocrx_word' id='word_1_622' title='bbox 1687 1997 1805 2030; x_wconf 83' lang='lat' dir='ltr'><strong>vocavit,</strong></span> <span class='ocrx_word' id='word_1_623' title='bbox 1825 1998 1873 2025; x_wconf 89' lang='lat' dir='ltr'><strong>scd</strong></span> 
     </span>
    </p>
   </div>
   <div class='ocr_carea' id='block_1_94' title="bbox 1081 2041 1874 2077">
    <p class='ocr_par' dir='ltr' id='par_1_94' title="bbox 1081 2041 1874 2077">
     <span class='ocr_line' id='line_1_95' title="bbox 1081 2041 1874 2077; baseline 0.003 -9"><span class='ocrx_word' id='word_1_624' title='bbox 1081 2042 1251 2069; x_wconf 81' lang='lat' dir='ltr'><strong>oblationem.</strong></span> <span class='ocrx_word' id='word_1_625' title='bbox 1277 2041 1336 2069; x_wconf 89' lang='lat' dir='ltr'><strong>Non</strong></span> <span class='ocrx_word' id='word_1_626' title='bbox 1372 2042 1444 2069; x_wconf 88' lang='lat' dir='ltr'><strong>enim</strong></span> <span class='ocrx_word' id='word_1_627' title='bbox 1480 2041 1612 2070; x_wconf 88' lang='lat' dir='ltr'><strong>Dominus</strong></span> <span class='ocrx_word' id='word_1_628' title='bbox 1646 2042 1737 2077; x_wconf 55' lang='lat' dir='ltr'><strong>praeda</strong></span> <span class='ocrx_word' id='word_1_629' title='bbox 1776 2044 1874 2071; x_wconf 87' lang='lat' dir='ltr'><strong>mortis</strong></span> 
     </span>
    </p>
   </div>
   <div class='ocr_carea' id='block_1_95' title="bbox 1082 2087 1873 2123">
    <p class='ocr_par' dir='ltr' id='par_1_95' title="bbox 1082 2087 1873 2123">
     <span class='ocr_line' id='line_1_96' title="bbox 1082 2087 1873 2123; baseline 0.001 -9"><span class='ocrx_word' id='word_1_630' title='bbox 1082 2087 1199 2120; x_wconf 78' lang='lat' dir='ltr'><strong>exstitit,</strong></span> <span class='ocrx_word' id='word_1_631' title='bbox 1226 2087 1274 2114; x_wconf 83' lang='lat' dir='ltr'><strong>sed</strong></span> <span class='ocrx_word' id='word_1_632' title='bbox 1298 2087 1332 2114; x_wconf 91' lang='lat' dir='ltr'><strong>ad</strong></span> <span class='ocrx_word' id='word_1_633' title='bbox 1356 2087 1439 2114; x_wconf 85' lang='lat' dir='ltr'><strong>vitam</strong></span> <span class='ocrx_word' id='word_1_634' title='bbox 1463 2087 1543 2114; x_wconf 83' lang='lat' dir='ltr'><strong>duxit</strong></span> <span class='ocrx_word' id='word_1_635' title='bbox 1563 2087 1688 2122; x_wconf 80' lang='lat' dir='ltr'><strong>captivos</strong></span> <span class='ocrx_word' id='word_1_636' title='bbox 1702 2096 1772 2123; x_wconf 89' lang='lat' dir='ltr'><strong>quos</strong></span> <span class='ocrx_word' id='word_1_637' title='bbox 1797 2096 1873 2115; x_wconf 87' lang='lat' dir='ltr'><strong>mors</strong></span> 
     </span>
    </p>
   </div>
   <div class='ocr_carea' id='block_1_96' title="bbox 1083 2133 1874 2169">
    <p class='ocr_par' dir='ltr' id='par_1_96' title="bbox 1083 2133 1874 2169">
     <span class='ocr_line' id='line_1_97' title="bbox 1083 2133 1874 2169; baseline 0 -8"><span class='ocrx_word' id='word_1_638' title='bbox 1083 2134 1207 2166; x_wconf 85' lang='lat' dir='ltr'><strong>tenebat;</strong></span> <span class='ocrx_word' id='word_1_639' title='bbox 1234 2141 1285 2161; x_wconf 91' lang='lat' dir='ltr'><strong>nec</strong></span> <span class='ocrx_word' id='word_1_640' title='bbox 1311 2141 1326 2161; x_wconf 89' lang='lat' dir='ltr'><strong>a</strong></span> <span class='ocrx_word' id='word_1_641' title='bbox 1352 2138 1442 2161; x_wconf 82' lang='lat' dir='ltr'><strong>morte</strong></span> <span class='ocrx_word' id='word_1_642' title='bbox 1467 2133 1597 2161; x_wconf 81' lang='lat' dir='ltr'><strong>detentus</strong></span> <span class='ocrx_word' id='word_1_643' title='bbox 1620 2134 1685 2167; x_wconf 81' lang='lat' dir='ltr'><strong>fuit,</strong></span> <span class='ocrx_word' id='word_1_644' title='bbox 1710 2134 1777 2169; x_wconf 80' lang='lat' dir='ltr'><strong>quiti</strong></span> <span class='ocrx_word' id='word_1_645' title='bbox 1795 2141 1874 2162; x_wconf 85' lang='lat' dir='ltr'><strong>aece-</strong></span> 
     </span>
    </p>
   </div>
   <div class='ocr_carea' id='block_1_97' title="bbox 1082 2179 1874 2215">
    <p class='ocr_par' dir='ltr' id='par_1_97' title="bbox 1082 2179 1874 2215">
     <span class='ocr_line' id='line_1_98' title="bbox 1082 2179 1874 2215; baseline 0.001 -9"><span class='ocrx_word' id='word_1_646' title='bbox 1082 2183 1145 2214; x_wconf 84' lang='lat' dir='ltr'><strong>plus</strong></span> <span class='ocrx_word' id='word_1_647' title='bbox 1161 2183 1226 2207; x_wconf 92' lang='lat' dir='ltr'><strong>tunc</strong></span> <span class='ocrx_word' id='word_1_648' title='bbox 1249 2183 1311 2207; x_wconf 83' lang='lat' dir='ltr'><strong>erat</strong></span> <span class='ocrx_word' id='word_1_649' title='bbox 1334 2179 1390 2207; x_wconf 89' lang='lat' dir='ltr'><strong>Deo</strong></span> <span class='ocrx_word' id='word_1_650' title='bbox 1406 2185 1433 2207; x_wconf 89' lang='lat' dir='ltr'><strong>et</strong></span> <span class='ocrx_word' id='word_1_651' title='bbox 1449 2179 1638 2214; x_wconf 82' lang='lat' dir='ltr'><strong>honorabilis,</strong></span> <span class='ocrx_word' id='word_1_652' title='bbox 1660 2181 1874 2215; x_wconf 73' lang='lat' dir='ltr'><strong>suavissimique</strong></span> 
     </span>
    </p>
   </div>
   <div class='ocr_carea' id='block_1_98' title="bbox 1046 2225 1874 2262">
    <p class='ocr_par' dir='ltr' id='par_1_98' title="bbox 1046 2225 1874 2262">
     <span class='ocr_line' id='line_1_99' title="bbox 1046 2225 1874 2262; baseline 0.001 -9"><span class='ocrx_word' id='word_1_653' title='bbox 1046 2225 1068 2252; x_wconf 92' lang='lat' dir='ltr'><strong>D</strong></span> <span class='ocrx_word' id='word_1_654' title='bbox 1084 2230 1196 2262; x_wconf 84' lang='lat' dir='ltr'><strong>propter</strong></span> <span class='ocrx_word' id='word_1_655' title='bbox 1220 2227 1396 2254; x_wconf 82' lang='lat' dir='ltr'><strong>sanctitatem</strong></span> <span class='ocrx_word' id='word_1_656' title='bbox 1424 2226 1644 2255; x_wconf 85' lang='lat' dir='ltr'><strong>odoris-munus</strong></span> <span class='ocrx_word' id='word_1_657' title='bbox 1670 2234 1720 2262; x_wconf 88' lang='lat' dir='ltr'><strong>pro</strong></span> <span class='ocrx_word' id='word_1_658' title='bbox 1745 2227 1874 2255; x_wconf 85' lang='lat' dir='ltr'><strong>universo</strong></span> 
     </span>
    </p>
   </div>
   <div class='ocr_carea' id='block_1_99' title="bbox 1083 2275 1193 2301">
    <p class='ocr_par' dir='ltr' id='par_1_99' title="bbox 1083 2275 1193 2301">
     <span class='ocr_line' id='line_1_100' title="bbox 1083 2275 1193 2301; baseline 0 -1"><span class='ocrx_word' id='word_1_659' title='bbox 1083 2275 1193 2301; x_wconf 89' lang='lat' dir='ltr'><strong>mundo.</strong></span> 
     </span>
    </p>
   </div>
   <div class='ocr_carea' id='block_1_100' title="bbox 1116 2319 1875 2354">
    <p class='ocr_par' dir='ltr' id='par_1_100' title="bbox 1116 2319 1875 2354">
     <span class='ocr_line' id='line_1_101' title="bbox 1116 2319 1875 2354; baseline -0.001 -7"><span class='ocrx_word' id='word_1_660' title='bbox 1116 2319 1198 2348; x_wconf 75' lang='lat' dir='ltr'><strong>Vens.</strong></span> <span class='ocrx_word' id='word_1_661' title='bbox 1219 2321 1246 2354; x_wconf 81' lang='grc'><strong>5,</strong></span> <span class='ocrx_word' id='word_1_662' title='bbox 1261 2321 1288 2348; x_wconf 65' lang='lat' dir='ltr'><strong>li.</strong></span> <span class='ocrx_word' id='word_1_663' title='bbox 1309 2329 1317 2346; x_wconf 88' lang='grc' dir='ltr'><strong>ι</strong></span> <span class='ocrx_word' id='word_1_664' title='bbox 1335 2319 1495 2348; x_wconf 82' lang='lat' dir='ltr'><strong>Fornicatio</strong></span> <span class='ocrx_word' id='word_1_665' title='bbox 1512 2324 1639 2348; x_wconf 87' lang='lat' dir='ltr'><strong>autemet</strong></span> <span class='ocrx_word' id='word_1_666' title='bbox 1654 2320 1744 2347; x_wconf 90' lang='lat' dir='ltr'><strong>omnis</strong></span> <span class='ocrx_word' id='word_1_667' title='bbox 1756 2320 1875 2347; x_wconf 90' lang='lat' dir='ltr'><strong>imumu-</strong></span> 
     </span>
    </p>
   </div>
   <div class='ocr_carea' id='block_1_101' title="bbox 1080 2366 1873 2401">
    <p class='ocr_par' dir='ltr' id='par_1_101' title="bbox 1080 2366 1873 2401">
     <span class='ocr_line' id='line_1_102' title="bbox 1080 2366 1873 2401; baseline -0.001 -7"><span class='ocrx_word' id='word_1_668' title='bbox 1080 2368 1160 2401; x_wconf 85' lang='lat' dir='ltr'><strong>ditia,</strong></span> <span class='ocrx_word' id='word_1_669' title='bbox 1178 2371 1225 2394; x_wconf 89' lang='lat' dir='ltr'><strong>aut</strong></span> <span class='ocrx_word' id='word_1_670' title='bbox 1244 2367 1372 2399; x_wconf 87' lang='lat' dir='ltr'><strong>avaritia,</strong></span> <span class='ocrx_word' id='word_1_671' title='bbox 1394 2375 1443 2394; x_wconf 91' lang='lat' dir='ltr'><strong>uec</strong></span> <span class='ocrx_word' id='word_1_672' title='bbox 1458 2367 1618 2395; x_wconf 86' lang='lat' dir='ltr'><strong>nominetur</strong></span> <span class='ocrx_word' id='word_1_673' title='bbox 1634 2366 1662 2393; x_wconf 90' lang='lat' dir='ltr'><strong>in</strong></span> <span class='ocrx_word' id='word_1_674' title='bbox 1685 2366 1774 2399; x_wconf 84' lang='lat' dir='ltr'><strong>vobis,</strong></span> <span class='ocrx_word' id='word_1_675' title='bbox 1801 2366 1873 2393; x_wconf 84' lang='lat' dir='ltr'><strong>sicut</strong></span> 
     </span>
    </p>
   </div>
   <div class='ocr_carea' id='block_1_102' title="bbox 1081 2411 1870 2448">
    <p class='ocr_par' dir='ltr' id='par_1_102' title="bbox 1081 2411 1870 2448">
     <span class='ocr_line' id='line_1_103' title="bbox 1081 2411 1870 2448; baseline -0.004 -8"><span class='ocrx_word' id='word_1_676' title='bbox 1081 2413 1159 2442; x_wconf 83' lang='lat' dir='ltr'><strong>decet</strong></span> <span class='ocrx_word' id='word_1_677' title='bbox 1176 2417 1305 2447; x_wconf 86' lang='lat' dir='ltr'><strong>sanctos;</strong></span> <span class='ocrx_word' id='word_1_678' title='bbox 1327 2420 1377 2440; x_wconf 86' lang='lat' dir='ltr'><strong>nec</strong></span> <span class='ocrx_word' id='word_1_679' title='bbox 1401 2412 1553 2448; x_wconf 85' lang='lat' dir='ltr'><strong>turpitudo,</strong></span> <span class='ocrx_word' id='word_1_680' title='bbox 1581 2416 1629 2438; x_wconf 86' lang='lat' dir='ltr'><strong>aut</strong></span> <span class='ocrx_word' id='word_1_681' title='bbox 1655 2411 1870 2445; x_wconf 83' lang='lat' dir='ltr'><strong>stultiloquium,</strong></span> 
     </span>
    </p>
   </div>
   <div class='ocr_carea' id='block_1_103' title="bbox 1083 2457 1874 2494">
    <p class='ocr_par' dir='ltr' id='par_1_103' title="bbox 1083 2457 1874 2494">
     <span class='ocr_line' id='line_1_104' title="bbox 1083 2457 1874 2494; baseline -0.005 -7"><span class='ocrx_word' id='word_1_682' title='bbox 1083 2464 1130 2488; x_wconf 89' lang='lat' dir='ltr'><strong>aut</strong></span> <span class='ocrx_word' id='word_1_683' title='bbox 1143 2459 1311 2491; x_wconf 88' lang='lat' dir='ltr'><strong>scurrilitas,</strong></span> <span class='ocrx_word' id='word_1_684' title='bbox 1328 2467 1389 2494; x_wconf 75' lang='lat' dir='ltr'><strong>qua:</strong></span> <span class='ocrx_word' id='word_1_685' title='bbox 1403 2459 1436 2486; x_wconf 89' lang='lat' dir='ltr'><strong>ad</strong></span> <span class='ocrx_word' id='word_1_686' title='bbox 1450 2466 1507 2486; x_wconf 88' lang='lat' dir='ltr'><strong>rem</strong></span> <span class='ocrx_word' id='word_1_687' title='bbox 1520 2466 1574 2486; x_wconf 89' lang='lat' dir='ltr'><strong>non</strong></span> <span class='ocrx_word' id='word_1_688' title='bbox 1587 2458 1738 2493; x_wconf 86' lang='lat' dir='ltr'><strong>pertinent,</strong></span> <span class='ocrx_word' id='word_1_689' title='bbox 1755 2457 1802 2484; x_wconf 81' lang='lat' dir='ltr'><strong>sed</strong></span> <span class='ocrx_word' id='word_1_690' title='bbox 1818 2466 1874 2484; x_wconf 85' lang='lat' dir='ltr'><strong>ma-</strong></span> 
     </span>
    </p>
   </div>
   <div class='ocr_carea' id='block_1_104' title="bbox 1083 2505 1418 2542">
    <p class='ocr_par' dir='ltr' id='par_1_104' title="bbox 1083 2505 1418 2542">
     <span class='ocr_line' id='line_1_105' title="bbox 1083 2505 1418 2542; baseline -0.006 -9"><span class='ocrx_word' id='word_1_691' title='bbox 1083 2506 1124 2542; x_wconf 88' lang='lat' dir='ltr'><strong>gis</strong></span> <span class='ocrx_word' id='word_1_692' title='bbox 1138 2506 1290 2541; x_wconf 86' lang='lat' dir='ltr'><strong>gratiarum</strong></span> <span class='ocrx_word' id='word_1_693' title='bbox 1304 2505 1386 2532; x_wconf 87' lang='lat' dir='ltr'><strong>actio.</strong></span> <span class='ocrx_word' id='word_1_694' title='bbox 1408 2514 1418 2531; x_wconf 80' lang='grc'><strong>›</strong></span> 
     </span>
    </p>
   </div>
   <div class='ocr_carea' id='block_1_105' title="bbox 1120 2550 1873 2585">
    <p class='ocr_par' dir='ltr' id='par_1_105' title="bbox 1120 2550 1873 2585">
     <span class='ocr_line' id='line_1_106' title="bbox 1120 2550 1873 2585; baseline -0.003 -7"><span class='ocrx_word' id='word_1_695' title='bbox 1120 2550 1274 2578; x_wconf 75' lang='lat' dir='ltr'><strong>Recensitis</strong></span> <span class='ocrx_word' id='word_1_696' title='bbox 1292 2558 1352 2585; x_wconf 67' lang='lat' dir='ltr'><strong>qum</strong></span> <span class='ocrx_word' id='word_1_697' title='bbox 1368 2550 1482 2578; x_wconf 91' lang='lat' dir='ltr'><strong>utilitati</strong></span> <span class='ocrx_word' id='word_1_698' title='bbox 1510 2554 1610 2578; x_wconf 65' lang='lat' dir='ltr'><strong>mutuae</strong></span> <span class='ocrx_word' id='word_1_699' title='bbox 1631 2551 1787 2583; x_wconf 76' lang='lat' dir='ltr'><strong>conferant,</strong></span> <span class='ocrx_word' id='word_1_700' title='bbox 1806 2551 1873 2579; x_wconf 62' lang='lat' dir='ltr'><strong>sui)-</strong></span> 
     </span>
    </p>
   </div>
   <div class='ocr_carea' id='block_1_106' title="bbox 1082 2596 1874 2632">
    <p class='ocr_par' dir='ltr' id='par_1_106' title="bbox 1082 2596 1874 2632">
     <span class='ocr_line' id='line_1_107' title="bbox 1082 2596 1874 2632; baseline 0 -9"><span class='ocrx_word' id='word_1_701' title='bbox 1082 2596 1173 2631; x_wconf 81' lang='lat' dir='ltr'><strong>jungit</strong></span> <span class='ocrx_word' id='word_1_702' title='bbox 1188 2596 1215 2624; x_wconf 90' lang='lat' dir='ltr'><strong>id</strong></span> <span class='ocrx_word' id='word_1_703' title='bbox 1231 2604 1286 2632; x_wconf 91' lang='lat' dir='ltr'><strong>quo</strong></span> <span class='ocrx_word' id='word_1_704' title='bbox 1303 2596 1421 2631; x_wconf 82' lang='lat' dir='ltr'><strong>quisque</strong></span> <span class='ocrx_word' id='word_1_705' title='bbox 1442 2603 1526 2631; x_wconf 88' lang='lat' dir='ltr'><strong>penes</strong></span> <span class='ocrx_word' id='word_1_706' title='bbox 1541 2604 1571 2624; x_wconf 88' lang='lat' dir='ltr'><strong>se</strong></span> <span class='ocrx_word' id='word_1_707' title='bbox 1587 2600 1684 2624; x_wconf 85' lang='lat' dir='ltr'><strong>castus</strong></span> <span class='ocrx_word' id='word_1_708' title='bbox 1705 2601 1733 2625; x_wconf 89' lang='lat' dir='ltr'><strong>et</strong></span> <span class='ocrx_word' id='word_1_709' title='bbox 1755 2597 1874 2624; x_wconf 88' lang='lat' dir='ltr'><strong>mundus</strong></span> 
     </span>
    </p>
   </div>
   <div class='ocr_carea' id='block_1_107' title="bbox 1087 2641 1875 2678">
    <p class='ocr_par' dir='ltr' id='par_1_107' title="bbox 1087 2641 1875 2678">
     <span class='ocr_line' id='line_1_108' title="bbox 1087 2641 1875 2678; baseline 0 -8"><span class='ocrx_word' id='word_1_710' title='bbox 1087 2642 1168 2677; x_wconf 83' lang='lat'><strong>189</strong></span> <span class='ocrx_word' id='word_1_711' title='bbox 1185 2642 1231 2670; x_wconf 88' lang='lat' dir='ltr'><strong>sit.</strong></span> <span class='ocrx_word' id='word_1_712' title='bbox 1261 2641 1355 2676; x_wconf 76' lang='lat' dir='ltr'><strong>Neque</strong></span> <span class='ocrx_word' id='word_1_713' title='bbox 1379 2642 1424 2669; x_wconf 89' lang='lat' dir='ltr'><strong>hic</strong></span> <span class='ocrx_word' id='word_1_714' title='bbox 1446 2642 1514 2678; x_wconf 85' lang='lat' dir='ltr'><strong>legis</strong></span> <span class='ocrx_word' id='word_1_715' title='bbox 1545 2642 1647 2678; x_wconf 79' lang='lat' dir='ltr'><strong>regulis</strong></span> <span class='ocrx_word' id='word_1_716' title='bbox 1671 2642 1796 2675; x_wconf 81' lang='lat' dir='ltr'><strong>inhaeret,</strong></span> <span class='ocrx_word' id='word_1_717' title='bbox 1826 2644 1875 2670; x_wconf 84' lang='lat' dir='ltr'><strong>sed</strong></span> 
     </span>
    </p>
   </div>
   <div class='ocr_carea' id='block_1_108' title="bbox 1085 2686 1876 2723">
    <p class='ocr_par' dir='ltr' id='par_1_108' title="bbox 1085 2686 1876 2723">
     <span class='ocr_line' id='line_1_109' title="bbox 1085 2686 1876 2723; baseline 0 -9"><span class='ocrx_word' id='word_1_718' title='bbox 1085 2689 1156 2715; x_wconf 90' lang='lat' dir='ltr'><strong>ultra</strong></span> <span class='ocrx_word' id='word_1_719' title='bbox 1187 2686 1373 2723; x_wconf 82' lang='lat' dir='ltr'><strong>progreditur.</strong></span> <span class='ocrx_word' id='word_1_720' title='bbox 1402 2686 1461 2714; x_wconf 82' lang='lat' dir='ltr'><strong>illic</strong></span> <span class='ocrx_word' id='word_1_721' title='bbox 1489 2688 1562 2715; x_wconf 86' lang='lat' dir='ltr'><strong>enim</strong></span> <span class='ocrx_word' id='word_1_722' title='bbox 1589 2688 1692 2716; x_wconf 87' lang='lat' dir='ltr'><strong>dicitur</strong></span> <span class='ocrx_word' id='word_1_723' title='bbox 1711 2697 1717 2715; x_wconf 84' lang='lat'><strong>:</strong></span> <span class='ocrx_word' id='word_1_724' title='bbox 1736 2695 1791 2716; x_wconf 92' lang='lat' dir='ltr'><strong>non</strong></span> <span class='ocrx_word' id='word_1_725' title='bbox 1823 2689 1876 2715; x_wconf 84' lang='lat' dir='ltr'><strong>crit</strong></span> 
     </span>
    </p>
   </div>
   <div class='ocr_carea' id='block_1_109' title="bbox 1085 2734 1874 2769">
    <p class='ocr_par' dir='ltr' id='par_1_109' title="bbox 1085 2734 1874 2769">
     <span class='ocr_line' id='line_1_110' title="bbox 1085 2734 1874 2769; baseline -0.001 -7"><span class='ocrx_word' id='word_1_726' title='bbox 1085 2738 1234 2767; x_wconf 86' lang='lat' dir='ltr'><strong>scortator,</strong></span> <span class='ocrx_word' id='word_1_727' title='bbox 1247 2741 1336 2768; x_wconf 86' lang='lat' dir='ltr'><strong>neque</strong></span> <span class='ocrx_word' id='word_1_728' title='bbox 1352 2734 1502 2763; x_wconf 74' lang='lat' dir='ltr'><strong>scortum”</strong></span> <span class='ocrx_word' id='word_1_729' title='bbox 1518 2745 1524 2762; x_wconf 86' lang='lat'>:</span> <span class='ocrx_word' id='word_1_730' title='bbox 1540 2735 1584 2763; x_wconf 89' lang='lat' dir='ltr'><strong>hic</strong></span> <span class='ocrx_word' id='word_1_731' title='bbox 1606 2742 1682 2769; x_wconf 85' lang='lat' dir='ltr'><strong>vero,</strong></span> <span class='ocrx_word' id='word_1_732' title='bbox 1697 2743 1742 2763; x_wconf 81' lang='lat' dir='ltr'><strong>nec</strong></span> <span class='ocrx_word' id='word_1_733' title='bbox 1755 2735 1874 2763; x_wconf 60' lang='lat' dir='ltr'><strong>nomine.</strong></span> 
     </span>
    </p>
   </div>
   <div class='ocr_carea' id='block_1_110' title="bbox 1090 2780 1374 2814">
    <p class='ocr_par' dir='ltr' id='par_1_110' title="bbox 1090 2780 1374 2814">
     <span class='ocr_line' id='line_1_111' title="bbox 1090 2780 1374 2814; baseline 0 -8"><span class='ocrx_word' id='word_1_734' title='bbox 1090 2785 1131 2807; x_wconf 80' lang='lat' dir='ltr'><strong>tur</strong></span> <span class='ocrx_word' id='word_1_735' title='bbox 1149 2802 1155 2814; x_wconf 91' lang='lat'><strong>,</strong></span> <span class='ocrx_word' id='word_1_736' title='bbox 1171 2787 1220 2808; x_wconf 85' lang='lat' dir='ltr'><strong>nec</strong></span> <span class='ocrx_word' id='word_1_737' title='bbox 1235 2780 1374 2808; x_wconf 83' lang='lat' dir='ltr'><strong>audiatur.</strong></span> 
     </span>
    </p>
   </div>
  </div>
