2077 3114
230 134 282 169 847

267 192 349 220 Vnus.
370 192 447 219 5-H.
468 202 477 216 ι

230 292 341 316 avarus,
367 284 441 318 quod
470 286 512 310 est
542 282 678 310 idolorum
705 282 836 313 servitus.
865 289 920 309 non
939 281 1019 309 habet

229 330 415 357 hereditatem
431 328 458 354 in
475 335 561 363 regno
577 327 680 356 Christi
695 331 722 355 et
739 327 797 355 Dei.
813 326 900 355 Nemo
915 334 964 354 vos
977 334 1020 354 sc-

229 375 311 402 dueat
326 374 455 401 inanibus
471 374 562 402 verbis
576 383 582 401 :
601 379 713 409 propter
729 373 786 401 haec
798 374 871 401 enim
888 373 963 401 venit
978 373 1019 400 ira

231 421 276 448 Dei
292 421 319 448 in
339 420 411 448 tllios
427 419 594 448 dillidentite.
618 419 708 447 Nolite
730 427 796 455 ergo
813 420 882 448 elIici
904 419 1019 455 partici-

230 474 276 501 pes
299 473 405 493 eorum.
424 465 513 493 Eratis
530 466 603 494 enim
626 466 778 502 aliquando
795 466 927 498 tenebrae.
946 473 1020 493 nunc

230 515 321 539 autem
349 512 395 538 lux
419 511 446 538 in
472 512 598 539 Domino.
627 512 664 540 Ut
699 512 748 539 ﬁlii
777 511 847 539 lucis
871 512 1017 539 ambulate.

229 556 347 584 Fructus
363 557 437 584 enim
451 557 523 585 lucis
538 561 581 585 est
606 557 635 585 in
652 558 728 586 omni
744 557 880 591 bonitate,
899 561 927 585 et
937 557 1020 592 justi—

229 604 278 636 tia,
292 607 319 631 et
334 603 458 636 veritate,
487 603 636 638 probantes
661 604 727 638 quid
753 604 790 632 sit
819 603 1018 639 beneplacitum

231 648 286 677 Deo
299 657 307 676 :
319 653 350 677 et
364 649 452 678 nolite
472 650 677 678 communicare
691 651 819 686 operibus
840 650 1020 678 infructuosis

229 696 423 730 tenebrarum;
440 696 527 732 magis
544 701 638 724 autem
653 697 821 732 redsrguite.
840 706 850 723 ι

264 740 362 774 Nolite,
388 742 488 777 inquit,
521 743 682 771 existimare
713 743 766 771 ﬁde
796 751 845 771 vos
876 747 1019 772 consortes

230 787 287 815 fore
303 789 378 822 regni
400 788 515 821 Christi,
536 789 610 824 quod
627 793 670 817 est
688 797 801 825 regnum
818 789 874 821 Dei.
892 790 946 817 nisi
965 790 1018 817 vita

229 831 291 860 tidei
309 833 474 868 respondeat
487 842 494 861 :
514 841 564 861 nec
578 834 726 870 quisquam
739 842 789 863 vos
805 834 881 862 inani
893 843 1019 863 sermone

229 878 357 914 decipiat,
375 879 454 914 quasi
470 887 563 908 veram
579 880 659 908 ﬁdem
675 883 788 909 teneant
803 881 842 908 illi
857 881 906 917 qui
932 881 1018 909 scele-

229 929 289 952 rate
308 925 414 958 vivunt,
437 925 550 961 haecque
570 926 645 962 ipsos
673 927 760 961 possit
791 927 882 955 salvos
910 927 1017 960 facere,

228 978 346 1005 quorum
361 978 445 999 causa
469 971 603 1000 adversus
622 973 754 1000 mundum
775 977 919 1001 succenset
933 972 1016 1002 Deus.

230 1017 386 1044 Ahsurdum
403 1018 504 1052 quippe
528 1024 579 1050 cst,
598 1024 628 1046 ut
642 1026 704 1054 qua:
726 1024 791 1047 sunt
815 1019 1018 1047 incredulitatis

228 1066 401 1097 argumenta,
419 1063 445 1090 in
460 1063 525 1091 ﬁliis
540 1063 588 1091 Dei
602 1065 788 1099 reperiantur,
805 1073 913 1100 nosque
926 1065 1018 1094 socios

228 1108 316 1135 simus
341 1108 449 1135 illorum
469 1116 541 1144 quos
565 1109 632 1137 tides
651 1110 788 1145 separavit
806 1119 813 1137 :
842 1111 890 1139 sed
910 1115 1018 1146 oportet

228 1156 258 1179 ut
276 1161 345 1180 nova
361 1154 502 1189 generatio
517 1158 611 1182 nostra
637 1155 797 1183 testimonio
812 1163 925 1190 operum
943 1163 1018 1184 com-

228 1198 369 1232 probetur,
388 1205 494 1234 nosque
509 1200 588 1227 nobis
612 1200 664 1235 ipsi
680 1201 721 1228 lex
747 1201 846 1234 simus,
866 1209 1019 1237 coarguen-

229 1247 269 1271 tes
285 1251 441 1278 perversam
458 1245 601 1272 hominum
618 1245 703 1272 vitam
727 1247 829 1282 optima
843 1251 937 1275 nostra
952 1254 1018 1275 con-

228 1289 396 1317 versatione.

264 1336 347 1364 Vsus.
368 1335 462 1363 12-15.
483 1345 493 1361 ι
516 1336 582 1369 Quae
604 1337 677 1364 enim
702 1337 730 1365 in
749 1339 861 1366 occulto
889 1339 958 1367 ﬁunt
983 1340 1018 1367 ab

228 1381 307 1416 ipsis.
322 1386 401 1417 turpe
418 1386 461 1409 est
483 1386 511 1409 et
536 1381 638 1410 dicere.
663 1383 762 1411 Omnia
786 1385 859 1412 enim
884 1393 946 1421 quae
973 1392 1018 1413 ar-

228 1431 373 1462 guuntur,
399 1433 415 1454 a
442 1427 545 1454 lmnine
575 1427 797 1456 manifestantur.
827 1429 915 1458 Omne
944 1431 1017 1458 enim

227 1472 302 1507 quod
332 1472 533 1506 manifestatur,
556 1473 646 1500 lumen
668 1478 721 1502 est.
744 1474 858 1510 Propter
883 1476 957 1511 quod
975 1476 1018 1504 di-

227 1519 265 1545 cit
291 1527 298 1545 :
319 1517 417 1553 Surge,
433 1518 479 1553 qui
505 1518 619 1551 dormis,
635 1523 662 1546 et
671 1526 786 1555 exsurge
808 1527 822 1547 a
848 1521 972 1554 mortuis,
990 1525 1018 1550 et
1031 1535 1055 1568 ο

228 1563 393 1590 illnminahit
420 1567 446 1591 te
470 1563 608 1592 Christus.
642 1563 736 1592 Videte
769 1573 846 1601 ergo,
878 1566 1016 1602 quomodo

228 1614 309 1636 caute
329 1608 484 1637 ambuletis.
501 1618 511 1634 ι

262 1658 388 1692 Ejusdem
400 1660 530 1687 momenti
553 1667 606 1687 non
624 1666 676 1693 est,
700 1661 800 1697 inquit,
814 1663 906 1691 verbis
924 1663 1017 1691 redar-

227 1711 312 1738 guere
330 1710 362 1731 ac
388 1703 478 1731 factis.
498 1704 589 1740 Turpe
609 1705 742 1741 siquidem
760 1711 802 1734 est
822 1707 864 1734 vel
889 1716 1017 1737 sermone

227 1746 334 1777 ell‘crre.
347 1754 407 1782 quae
430 1747 469 1774 illi
490 1753 593 1784 agunt;
615 1756 676 1784 quas
693 1749 743 1785 ipsi
765 1758 874 1786 quoque
893 1759 948 1787 prae
968 1760 1017 1787 pu-

227 1791 294 1818 dore
313 1795 406 1825 tegere
431 1796 570 1827 satagunt.
590 1792 638 1821 Sin
663 1800 727 1821 vero
747 1794 838 1822 lumen
863 1803 972 1829 sumus,
991 1801 1018 1824 et

229 1834 355 1862 tenebras
384 1843 530 1870 possumus
560 1835 700 1864 illustrare
733 1838 906 1872 appositione
931 1839 1016 1871 lucis,

230 1881 332 1915 optima
352 1881 409 1908 hare
425 1881 603 1916 reprehensio
625 1881 717 1909 fuerit.
733 1883 769 1909 At
786 1891 850 1910 vero
866 1884 957 1911 lumen
973 1893 1018 1912 ex-

231 1920 371 1958 sistenius,
395 1926 418 1954 si
445 1934 459 1953 a
487 1926 594 1954 letifero
616 1934 713 1955 somno
738 1933 891 1963 surgentes,
916 1930 1018 1958 Christi

228 1977 371 2000 consortes
391 1973 489 2004 simus,
514 1973 664 2000 secundum
689 1974 740 2001 hoc
762 1975 896 2002 eﬂ‘atum:
923 1976 1018 2011 Surge.

228 2018 272 2053 qui
296 2018 407 2044 dormis.
439 2016 498 2044 Non
525 2017 593 2044 dixit
619 2019 681 2053 quis
711 2019 762 2046 hoc
789 2021 1020 2055 pronuntiaverit,

229 2068 275 2090 aut
299 2071 355 2098 quo
374 2063 401 2090 in
429 2062 635 2097 Scripturnrum
662 2071 807 2092 sacrarum
834 2066 894 2093 loco
917 2066 1017 2101 jaceat.

227 2110 360 2136 tlmternm
381 2107 466 2134 multa
489 2111 557 2134 tunc
580 2109 712 2143 temporis
730 2109 836 2144 Spiritu
860 2117 957 2139 sancto
971 2119 1020 2139 an-

228 2158 303 2180 ntore
334 2151 544 2187 proferebantur
574 2160 635 2187 qua:
660 2154 770 2189 scriptis
794 2155 906 2184 minime
927 2158 1017 2185 consi-

228 2205 309 2236 gnata
323 2202 400 2227 sunt.

265 2245 333 2273 Eum
349 2245 426 2278 dicit,
442 2245 488 2280 qui
507 2245 533 2272 in
554 2246 674 2280 peccatis
690 2246 772 2274 vitam
787 2248 852 2282 agit.

268 2301 278 2317 ‹
300 2291 358 2318 Νοη
380 2290 460 2325 quasi
481 2291 653 2326 insipientes.
679 2291 773 2328 [νεεδ.
793 2293 887 2329 16-19]
911 2294 957 2321 sed
989 2299 1017 2321 ut

230 2337 386 2373 sapientes;
406 2337 573 2366 redimentes
586 2341 705 2373 tempus,
724 2339 854 2373 quoniam
871 2340 930 2367 dies
953 2340 1017 2367 mali

231 2387 319 2410 sunt:
338 2386 483 2417 propterea
504 2381 589 2410 nolite
606 2382 664 2410 ﬁeri
686 2384 884 2419 imprudentes,
904 2385 952 2412 sed
973 2385 1015 2412 in-

230 2429 383 2463 telligentes
397 2435 458 2463 qua:
472 2428 508 2456 sit
522 2428 648 2456 voluntas
661 2429 720 2457 Dei.
739 2429 772 2457 Et
787 2430 871 2458 nolite
886 2430 1016 2458 inebriari

230 2474 303 2505 vino,
324 2474 352 2501 in
368 2480 423 2509 quo
439 2476 483 2501 est
506 2473 627 2505 luxuria.
649 2474 699 2502 sed
725 2474 878 2509 implemini
900 2474 1015 2510 Spiritu,

231 2521 373 2554 loquentes
386 2519 593 2555 vobismetipsis
609 2520 637 2547 in
652 2520 776 2555 psalmis,
793 2526 822 2548 et
848 2520 967 2556 hymnis,
989 2526 1017 2550 et

231 2566 345 2593 canticis
361 2565 563 2600 spiritualibus.
583 2569 729 2594 cantantes
749 2570 777 2594 et
788 2567 947 2602 psallentes.
968 2576 978 2594 ι

266 2610 365 2642 Nolite.
381 2610 480 2646 inquit.
496 2611 570 2639 velut
587 2611 749 2646 insipientes
765 2612 896 2644 inescari.
914 2613 962 2641 sed
975 2614 1014 2640 uti
1039 2605 1045 2610 ’

231 2656 370 2689 sapientes
387 2657 456 2683 viam
474 2660 593 2685 vestram
604 2656 752 2691 custodite.
771 2665 806 2686 ne
817 2658 1014 2693 pertt'ahamini

231 2700 258 2727 in
273 2704 397 2735 tempore
409 2701 540 2736 nequitias
549 2720 558 2731 .

269 2753 280 2771 ι
303 2745 333 2772 In
347 2745 431 2773 corde
444 2750 536 2774 vestro
554 2746 681 2775 Domino.
704 2757 714 2774 ι

266 2790 325 2817 Hoc
336 2789 414 2823 dicit,
431 2795 461 2818 ut
485 2795 560 2820 totus
577 2799 676 2821 sensus
696 2796 790 2821 noster
812 2794 848 2821 sit
871 2794 906 2821 ad
921 2793 1013 2822 Domi-

233 2842 297 2863 num
313 2835 444 2871 intentus,
461 2845 512 2866 nec
525 2837 753 2875 labiisﬁuntaxat
775 2840 957 2869 modulemur.

818 131 847 162 S.
868 131 1029 162 IOANNIS
1047 131 1262 163 DAMASCENI

508 189 567 217 lloc
598 188 671 217 enim
697 178 785 217 estote
811 188 1014 224 intelligentes.

1107 198 1117 215 ι
1134 189 1219 216 Τοῦτο
1234 189 1289 225 γάρ
1301 189 1362 216 ἐστε
1378 189 1571 223 γινώσκοντες,
1585 189 1627 216 ὅτι
1644 189 1699 220 πᾶς
1713 189 1824 225 πόρνος.
1839 188 1857 224 ἢ

174 239 177 241 ’
229 239 360 274 quoniam
389 238 481 265 omnis
509 236 675 269 fornicator,
704 239 751 263 aut
774 235 944 267 immundus,
971 239 1019 263 ant

1802 131 1857 166 818

1070 235 1225 272 ἀκάθαρτος
1234 256 1241 267 ,
1257 237 1274 272 ἢ
1295 236 1462 271 πλεονέκτης
1472 256 1480 268 ,
1505 237 1535 268 ὃς
1555 236 1629 262 ἐστιν
1643 236 1840 271 εἰδωλολάτρης
1849 255 1857 267 ,

1069 283 1120 309 οὐκ
1141 282 1198 318 ἔχει
1219 283 1404 319 κληρονομίαν
1427 283 1457 310 ὲν
1475 284 1509 318 τῇ
1529 279 1654 318 βασιλεία
1672 281 1720 309 τοῦ
1739 281 1858 318 Χριστοῦ

1070 329 1118 355 καὶ
1133 328 1211 356 Θεοῦ.
1226 329 1330 364 Μηδεὶς
1345 330 1418 364 ὑμᾶς
1433 329 1566 356 ἀπατάτω
1585 329 1674 360 κενοῖς
1688 328 1789 363 λόγοις.
1808 329 1860 355 Διὰ

1069 373 1157 400 ταῦτα
1175 374 1230 409 γὰρ
1249 374 1359 410 ἔρχεται
1369 372 1391 410 ’ἡ
1411 374 1480 409 ὀργὴ
1494 373 1541 401 τοῦ
1555 373 1626 400 Θεοῦ
1640 374 1686 401 ἐπὶ
1703 374 1766 405 τοὺς
1784 374 1858 405 υἱοὺς

1069 419 1121 454 τῆς
1140 419 1293 452 ἀπειθείας.
1311 420 1357 456 Μὴ
1381 418 1428 447 οὖν
1450 420 1559 455 γίνεσθε
1577 419 1744 455 συμμέτοχοι
1758 420 1858 447 αὐτῶν.

1069 462 1139 492 Ἦτε
1159 465 1213 501 γάρ
1238 475 1304 493 ποτε
1319 466 1433 498 σκότος,
1447 465 1496 493 νῦν
1513 465 1542 492 δὲ
1561 465 1619 500 φῶς
1637 465 1667 492 ὲν
1687 465 1792 501 Κυρίῳ.
1815 465 1859 497 Ὦς

1069 511 1153 538 τέκνα
1172 512 1261 546 φωτὸς
1273 512 1460 548 περιπατεῖτε.
1483 511 1512 538 '0
1524 511 1579 546 γὰρ
1590 511 1696 547 καρπὸς
1709 511 1757 538 τοῦ
1774 511 1860 538 Πνεῦ-

1073 566 1157 593 ματος
1181 559 1212 586 ὲν
1240 559 1315 594 πάσῃ
1352 558 1508 595 ἀγαθοσύνῃ
1540 558 1589 585 καὶ
1608 558 1786 594 δικαιοσύνῃ,
1812 558 1860 585 καὶ⁵

1070 604 1196 640 ἀληθείᾳ,
1208 605 1401 641 δοκιμάζοντες
1414 605 1441 632 τί
1457 606 1532 632 ἐστιν
1543 605 1691 640 εὐάρεστον
1702 604 1742 640 τῷ
1753 604 1859 640 Κυρίῳ,

1070 651 1118 679 καὶ
1134 652 1172 687 μὴ
1188 653 1396 686 συγκοινωνεῖτε
1409 653 1466 684 τοῖς
1481 651 1573 686 ἔργοις
1584 651 1723 686 ἀκάρποις
1735 649 1782 677 τοῦ
1797 650 1860 678 σκό-

1070 706 1133 729 τους
1143 718 1150 730 ,
1168 698 1270 733 μᾶλλον
1283 698 1312 725 δὲ
1327 698 1375 725 καὶ
1387 698 1524 733 ἐλέγχετε.
1545 707 1555 723 ι

1105 742 1150 778 Μὴ
1165 742 1290 777 νομίζετε
1306 762 1313 775 ,
1336 742 1430 778 φησὶν,
1445 742 1501 769 ἀπὸ
1518 741 1566 769 τοῦ
1585 741 1643 778 βίου
1657 742 1691 777 τῇ
1713 742 1804 769 πίστει
1820 741 1859 777 μὴ

1071 787 1276 823 συμπαρόντος,
1293 788 1342 824 τὴν
1356 788 1449 815 πίστιν
1464 788 1537 823 ὑμᾶς
1550 789 1682 824 μετόχους
1699 787 1859 822 ἀποφαίνειν

1069 834 1120 870 τῆς
1134 833 1253 870 Χριστοῦ
1279 833 1439 869 βασιλείας,
1461 834 1524 869 ἥτις
1543 834 1602 860 ἐστὶ
1624 833 1673 860 τοῦ
1695 833 1764 861 Θεοῦ
1780 833 1859 868 βασι-

1070 879 1146 907 λεία·
1166 879 1235 916 μηδὲ
1253 887 1296 911 τις
1315 879 1450 906 ἀπατάτω
1472 878 1544 915 κενῷ
1567 879 1658 914 λόγῳ,
1679 878 1719 911 ὡς
1741 879 1860 911 πίστεως

1069 926 1186 962 ἀληθοῦς
1203 926 1287 961 οὔσης
1308 926 1337 952 ὲν
1352 927 1409 957 τοῖς
1423 926 1594 961 παρανόμως
1614 925 1721 960 βιοῦσι,
1737 925 1786 952 καὶ
1804 923 1860 952 σώ-

1069 972 1127 1004 ζειν
1149 972 1248 1004 αὐτοὺς
1264 971 1433 1008 δυναμένης,
1447 971 1490 1007 ἐφ’
1504 968 1545 1003 οἷς
1560 970 1702 1007 ὀργίζεται
1723 971 1795 998 κατὰ
1812 970 1860 998 τοῦ

1069 1019 1173 1054 κόσμου
1195 1018 1273 1050 Θεός.
1300 1019 1334 1044 Ἀ
1357 1017 1411 1053 γάρ
1435 1017 1492 1044 ἐστι
1515 1017 1696 1053 γνωρίσματα
1712 1019 1763 1053 τῆς
1778 1018 1861 1044 ἀπει-

1069 1065 1154 1098 θείας,
1167 1064 1268 1092 ἄτοπον
1280 1063 1368 1091 ταῦτα
1377 1064 1506 1099 παρεῖναι
1516 1065 1573 1096 τοῖς
1583 1064 1653 1096 υἱοῖς
1663 1064 1714 1099 τῆς
1728 1064 1859 1097 πίστεως,

1068 1110 1116 1137 καὶ
1131 1110 1278 1141 κοινωνοὺς
1292 1110 1367 1145 ἡμᾶς
1380 1107 1451 1136 εἶναι
1462 1109 1566 1136 τούτων
1577 1130 1584 1142 ,
1598 1106 1637 1137 ὧν
1649 1110 1666 1145 ἡ
1681 1110 1775 1143 πίστις
1789 1111 1860 1146 ὲχώ-

1069 1165 1155 1192 ρισεν.
1183 1156 1266 1183 Ἀλλὰ
1293 1157 1335 1183 δεῖ
1356 1156 1406 1192 τὴν
1419 1157 1460 1188 είς
1487 1155 1546 1191 φῶς
1571 1156 1753 1191 ἀναγέννησιν
1779 1157 1860 1192 ἡμῶν

1069 1203 1160 1239 ἔργοις
1183 1201 1396 1239 μαρτυρεῖσθαι,
1416 1202 1463 1228 καὶ
1485 1202 1566 1238 νόμον
1583 1202 1682 1234 αὐτοὺς
1699 1203 1775 1238 ἡμᾶς
1793 1203 1859 1230 ἑαυ-

1068 1250 1125 1281 τοῖς
1141 1248 1264 1284 γίνεσθαι
1281 1248 1391 1283 ἔλεγχον
1410 1247 1461 1283 τῆς
1475 1249 1598 1283 πονηρᾶς
1612 1248 1765 1284 ἀνθρώπων
1785 1249 1859 1284 ζωῆς

1069 1295 1275 1332 παρεχομένους
1285 1315 1292 1327 ,
1306 1294 1356 1330 τὴν
1371 1293 1478 1330 ἀγαθὴν
1493 1294 1571 1331 ἡμῶν
1588 1294 1739 1321 πολιτείαν.

1108 1352 1117 1368 ι
1142 1342 1182 1368 Τὰ
1198 1341 1254 1377 γὰρ
1277 1340 1372 1376 κρυφῆ
1397 1340 1527 1375 γινόμενα
1549 1339 1597 1366 ὑπ’
1620 1339 1726 1372 αὐτῶν,
1745 1340 1860 1376 αἰσχρόν

1069 1388 1127 1414 ἐστι
1150 1387 1196 1414 καὶ
1210 1386 1311 1421 λέγειν.
1329 1386 1371 1413 Τὰ
1392 1386 1422 1413 δὲ
1440 1386 1531 1413 πάντα
1547 1386 1728 1422 ἐλεγχόμενα,
1744 1386 1797 1413 ὑπὸ
1811 1386 1859 1413 τοῦ

1073 1433 1161 1468 φωτὸς
1180 1432 1356 1468 φανεροῦται.
1379 1432 1437 1460 Πᾶν
1453 1431 1508 1468 γὰρ
1520 1431 1551 1459 τὸ
1564 1431 1782 1468 φανερούμενον,
1801 1432 1859 1466 φῶς

1069 1480 1138 1507 ἐστι.
1153 1479 1199 1506 Διὸ
1215 1478 1289 1513 λέγει
1299 1486 1307 1493 ⁸
1325 1477 1629 1514 Ἐγειραιὸκαθεύδων,
1644 1478 1690 1504 καὶ
1706 1477 1810 1505 ἀνάστα
1827 1478 1860 1504 ἐκ

1070 1525 1125 1551 τῶν
1140 1524 1259 1560 νεκρῶν,
1273 1523 1320 1551 καὶ
1344 1523 1491 1558 ἐπιφαύσει
1507 1531 1548 1550 σοι
1564 1524 1578 1550 6
1597 1523 1725 1559 Χριστός.
1742 1523 1858 1550 Βλέπετε

1068 1568 1114 1597 οὖν
1128 1570 1186 1602 πῶς
1201 1569 1323 1604 ἀκριϐῶς
1339 1570 1527 1604 περιπατεῖτε.
1549 1578 1558 1596 ι

1104 1658 1142 1684 οὐ
1159 1657 1198 1692 τῷ
1211 1657 1293 1692 λόγῳ,
1317 1657 1411 1692 φησὶν,
1432 1657 1539 1691 ἐλέγξαι
1558 1656 1677 1684 τοιοῦτόν
1690 1658 1775 1690 ἐστιν,
1797 1655 1854 1684 οἷον

1067 1703 1099 1730 τὸ
1121 1703 1155 1730 δι’
1170 1703 1258 1739 ἔργων
1271 1711 1278 1717 ·
1300 1702 1373 1738 λόγῳ
1388 1703 1436 1738 μὲν
1458 1703 1512 1738 γὰρ
1534 1703 1646 1739 αίσχρὺν
1669 1703 1717 1729 καὶ
1733 1703 1823 1738 λέγειν
1841 1702 1861 1731 ἃ

1069 1749 1255 1784 πράττουσιν,
1279 1748 1351 1783 ἆπερ
1373 1748 1422 1775 καὶ
1438 1748 1515 1775 αὐτοὶ
1539 1748 1731 1784 αἰσχυνόμενοι
1754 1756 1860 1782 συγκα-

1069 1794 1225 1822 λύπτουσιν.
1246 1793 1308 1820 Ἐὰν
1323 1794 1351 1820 δὲ
1368 1793 1425 1829 φῶς
1439 1790 1526 1829 ὦμεν,
1546 1794 1593 1820 καὶ
1604 1793 1740 1829 φανεροῦν
1751 1794 1782 1820 τὸ
1795 1794 1860 1820 σκό-

1070 1849 1114 1873 τος
1125 1840 1264 1875 δυνάμεθα
1277 1841 1310 1875 τῇ
1324 1839 1371 1867 τοῦ
1389 1840 1478 1875 φωτὸς
1494 1839 1641 1873 ἀντιθέσει,
1657 1839 1768 1875 ἐλεγχος
1781 1837 1860 1872 οὗτος

1069 1888 1084 1914 ὁ
1103 1887 1255 1918 κάλλιστος.
1275 1886 1335 1918 Φῶς
1350 1886 1379 1913 δὲ
1393 1886 1514 1921 ἐσόμεθα
1532 1885 1727 1917 διαναστάντες
1743 1886 1798 1913 ἀπὸ
1811 1885 1859 1913 τοῦ

1071 1932 1156 1960 ὖπνου
1169 1932 1215 1960 τοῦ
1231 1932 1420 1967 θανατηφόρου
1431 1952 1439 1962 .
1456 1932 1503 1958 καὶ
1519 1932 1701 1967 μετασχόντες
1719 1931 1839 1967 Χριστοῦ
1849 1951 1858 1964 ,

1071 1978 1141 2005 κατὰ
1153 1978 1183 2005 τὸ
1197 1978 1358 2013 λεγόμενον·
1374 1978 1501 2012 Ἕγειίαι
1510 1976 1695 2004 όκαθεύδων.
1711 1977 1768 2004 Οὐκ
1781 1975 1859 2004 εἶπεν

1071 2025 1111 2057 τίς
1125 2025 1140 2051 ό
1154 2025 1253 2059 λέγων,
1275 2024 1291 2059 ῆ
1309 2023 1361 2050 ποῦ
1375 2023 1430 2050 τῶν
1445 2023 1529 2057 ἁγίων
1549 2023 1721 2059 Γραμμάτων
1735 2023 1860 2059 γέγραπ-

1071 2080 1134 2098 ται’
1149 2067 1204 2097 ἀλλ’
1226 2068 1260 2106 ἦν
1278 2069 1364 2097 πολλὰ
1381 2069 1412 2102 ἐξ
1425 2069 1504 2104 ἁγίου
1525 2069 1685 2106 Πνεύματος
1705 2069 1859 2105 λαλούμενα

1071 2118 1100 2144 ἑν
1114 2118 1170 2148 τοῖς
1183 2116 1259 2149 τότε,
1275 2116 1322 2143 καὶ
1336 2115 1374 2152 μὴ
1388 2115 1559 2151 γραφόμενα.

1106 2247 1157 2273 Τὸν
1174 2247 1202 2272 ὲν
1217 2246 1366 2281 ἁμαρτίαις
1381 2244 1473 2280 φησιν.

1110 2302 1118 2318 ι
1138 2292 1184 2327 Μὴ
1198 2292 1236 2324 ὡς
1253 2292 1366 2326 ἄσοφοι,
1382 2291 1440 2318 ἀλλ’
1458 2291 1496 2322 ὡς
1514 2290 1608 2325 σοφοί·
1627 2290 1856 2327 ἐξαγοραζόμενοι

1070 2339 1115 2365 τὸν
1126 2338 1236 2373 καιῴν,
1254 2338 1296 2364 ὅτι
1314 2338 1341 2363 αι
1360 2337 1464 2372 ἡμέραι
1483 2337 1600 2372 πονηραί
1616 2337 1700 2364 είσιν·
1718 2337 1762 2364 διὰ
1776 2337 1857 2364 τοῦτο

1072 2385 1109 2419 μὴ
1134 2384 1241 2418 γίνεσθε
1257 2384 1391 2418 ἄφρονες.
1416 2383 1485 2410 ἀλλὰ
1507 2383 1645 2416 συνιέντες
1661 2383 1688 2410 τί
1702 2383 1733 2410 τὸ
1751 2383 1858 2419 θέλημα

1070 2429 1116 2456 τοῦ
1142 2429 1256 2464 Κυρίου.
1286 2428 1342 2455 Καὶ
1357 2428 1394 2463 μὴ
1425 2429 1594 2464 μεθύσκεσθε
1615 2429 1680 2465 οϊνῳ
1696 2430 1725 2456 ὲν
1744 2426 1766 2464 ᾧ
1783 2430 1859 2457 ἐστιν

1070 2474 1172 2501 ἀσωτία
1186 2493 1194 2506 ,
1216 2474 1285 2500 ἀλλὰ
1299 2474 1454 2509 πληροῦσθε
1480 2475 1509 2501 ὲν
1534 2475 1689 2510 Πνεύματι,
1714 2476 1858 2508 λαλοῦντες

1071 2522 1175 2552 ἑαυτοῖς
1185 2520 1303 2555 ψαλμοῖς
1316 2521 1363 2547 καὶ
1375 2520 1481 2556 ὕμνοις,
1489 2520 1542 2548 καὶ
1551 2520 1634 2556 ᾠδαῖς
1646 2523 1857 2558 πνευματικαῖς,

1071 2567 1181 2603 ᾄδοντες
1196 2566 1243 2593 καὶ
1257 2566 1412 2601 ψάλλοντες.
1429 2576 1438 2593 ι

1105 2613 1149 2647 Μὴ
1162 2612 1200 2644 ὡς
1219 2613 1315 2646 ἄσοφοι
1325 2632 1334 2645 ,
1358 2612 1442 2648 φησὶ,
1456 2612 1615 2645 δελεάζεσθε
1625 2635 1633 2645 ,
1650 2613 1708 2641 ἀλλ’
1722 2615 1760 2647 ὡς
1781 2615 1859 2649 σοφοὶ

1069 2659 1119 2694 τὴν
1145 2657 1212 2685 ἰδίαν
1227 2658 1286 2685 ὁδὸν
1306 2658 1456 2692 φυλάσσετε
1468 2678 1476 2692 ,
1489 2658 1529 2694 τῷ
1546 2659 1584 2695 μὴ
1602 2659 1803 2696 ὲφελκυσθῆναι
1818 2659 1859 2696 τῷ
1873 2652 1877 2669 ί

1070 2704 1159 2739 καιρῷ
1174 2703 1224 2737 τῆς
1240 2703 1384 2738 πονηρίας-

1107 2759 1116 2776 ι
1143 2751 1188 2777 Ἐν
1203 2750 1237 2785 τῇ
1254 2750 1352 2786 καρδία
1366 2750 1444 2785 ὑμῶν
1456 2750 1495 2786 τῷ
1511 2751 1613 2788 Κυρίῳ.
1634 2762 1644 2778 ι

1104 2795 1190 2822 Τοῦτό
1205 2803 1302 2831 φησιν,
1323 2795 1367 2822 ἵνα
1381 2795 1440 2828 ὅλος
1457 2797 1537 2832 ἡμῶν
1555 2799 1570 2824 ό
1586 2797 1649 2830 νοῦς
1665 2798 1734 2834 πρὸς
1754 2799 1860 2834 Κύριον

1071 2842 1251 2878 συντείνηται,
1267 2841 1313 2870 καὶ
1329 2842 1368 2878 μὴ
1383 2843 1463 2878 μόνον
1479 2844 1643 2880 μελῳδῶμεν
1656 2847 1713 2878 τοῖς
1726 2846 1863 2883 χείλεσινι,
