  <div class='ocr_page' id='page_1' title='image "/cluster/home/n/w/nwhite01/storage/ocr_20150623/95/njp.32101077772844/434.png"; bbox 0 0 2077 3114; ppageno 0'>
   <div class='ocr_carea' id='block_1_1' title="bbox 201 146 253 179">
    <p class='ocr_par' dir='ltr' id='par_1_1' title="bbox 201 146 253 179">
     <span class='ocr_line' id='line_1_1' title="bbox 201 146 253 179; baseline 0 -1"><span class='ocrx_word' id='word_1_1' title='bbox 201 146 253 179; x_wconf 59' lang='lat'><strong>85&#39;}</strong></span> 
     </span>
    </p>
   </div>
   <div class='ocr_carea' id='block_1_2' title="bbox 787 142 1249 175">
    <p class='ocr_par' dir='ltr' id='par_1_2' title="bbox 787 142 1249 175">
     <span class='ocr_line' id='line_1_2' title="bbox 787 142 1249 175; baseline 0 -1"><span class='ocrx_word' id='word_1_2' title='bbox 787 143 829 175; x_wconf 83' lang='grc' dir='ltr'>ΙΝ</span> <span class='ocrx_word' id='word_1_3' title='bbox 848 142 968 174; x_wconf 86' lang='lat' dir='ltr'><strong>EPIST.</strong></span> <span class='ocrx_word' id='word_1_4' title='bbox 985 142 1035 172; x_wconf 89' lang='lat' dir='ltr'><strong>AD</strong></span> <span class='ocrx_word' id='word_1_5' title='bbox 1053 142 1249 174; x_wconf 84' lang='lat' dir='ltr'><strong>EPHESIOS.</strong></span> 
     </span>
    </p>
   </div>
   <div class='ocr_carea' id='block_1_3' title="bbox 1783 146 1836 178">
    <p class='ocr_par' dir='ltr' id='par_1_3' title="bbox 1783 146 1836 178">
     <span class='ocr_line' id='line_1_3' title="bbox 1783 146 1836 178; baseline 0.019 -1"><span class='ocrx_word' id='word_1_6' title='bbox 1783 146 1836 178; x_wconf 74' lang='lat' dir='ltr'><strong>85i</strong></span> 
     </span>
    </p>
   </div>
   <div class='ocr_carea' id='block_1_4' title="bbox 240 197 1000 236">
    <p class='ocr_par' dir='ltr' id='par_1_4' title="bbox 240 199 989 236">
     <span class='ocr_line' id='line_1_4' title="bbox 240 199 989 236; baseline 0 -9"><span class='ocrx_word' id='word_1_7' title='bbox 240 211 249 227; x_wconf 77' lang='grc' dir='ltr'><strong>ι</strong></span> <span class='ocrx_word' id='word_1_8' title='bbox 269 202 300 227; x_wconf 84' lang='lat' dir='ltr'><strong>0i.</strong></span> <span class='ocrx_word' id='word_1_9' title='bbox 321 199 421 232; x_wconf 71' lang='grc' dir='ltr'>δοῦλοι,</span> <span class='ocrx_word' id='word_1_10' title='bbox 443 200 594 226; x_wconf 69' lang='grc' dir='ltr'>ὑπακούετε</span> <span class='ocrx_word' id='word_1_11' title='bbox 607 201 662 232; x_wconf 78' lang='grc' dir='ltr'>τοῖς</span> <span class='ocrx_word' id='word_1_12' title='bbox 682 200 750 227; x_wconf 74' lang='grc' dir='ltr'>κατὰ</span> <span class='ocrx_word' id='word_1_13' title='bbox 772 201 861 236; x_wconf 79' lang='grc' dir='ltr'>σάρκα</span> <span class='ocrx_word' id='word_1_14' title='bbox 884 201 989 236; x_wconf 77' lang='grc' dir='ltr'><strong>κυρίοις</strong></span> 
     </span>
    </p>
   </div>
   <div class='ocr_carea' id='block_1_5' title="bbox 1050 197 1837 236">
    <p class='ocr_par' dir='ltr' id='par_1_5' title="bbox 1077 197 1837 232">
     <span class='ocr_line' id='line_1_5' title="bbox 1077 197 1837 232; baseline 0.007 -8"><span class='ocrx_word' id='word_1_15' title='bbox 1077 197 1161 227; x_wconf 74' lang='lat' dir='ltr'><strong>Vens.</strong></span> <span class='ocrx_word' id='word_1_16' title='bbox 1183 199 1240 226; x_wconf 83' lang='lat'><strong>5-9.</strong></span> <span class='ocrx_word' id='word_1_17' title='bbox 1257 208 1266 225; x_wconf 80' lang='grc' dir='ltr'><strong>ι</strong></span> <span class='ocrx_word' id='word_1_18' title='bbox 1285 198 1382 232; x_wconf 88' lang='lat' dir='ltr'><strong>Servi,</strong></span> <span class='ocrx_word' id='word_1_19' title='bbox 1400 199 1507 228; x_wconf 85' lang='lat' dir='ltr'><strong>obeditc</strong></span> <span class='ocrx_word' id='word_1_20' title='bbox 1532 199 1650 228; x_wconf 86' lang='lat' dir='ltr'><strong>dominis</strong></span> <span class='ocrx_word' id='word_1_21' title='bbox 1677 200 1837 229; x_wconf 78' lang='lat' dir='ltr'><strong>carnalibus</strong></span> 
     </span>
    </p>
   </div>
   <div class='ocr_carea' id='block_1_6' title="bbox 203 245 994 281">
    <p class='ocr_par' dir='ltr' id='par_1_6' title="bbox 203 245 994 281">
     <span class='ocr_line' id='line_1_6' title="bbox 203 245 994 281; baseline 0 -9"><span class='ocrx_word' id='word_1_22' title='bbox 203 246 273 281; x_wconf 76' lang='grc' dir='ltr'>μετὰ</span> <span class='ocrx_word' id='word_1_23' title='bbox 289 245 372 279; x_wconf 75' lang='grc' dir='ltr'>φόϐου</span> <span class='ocrx_word' id='word_1_24' title='bbox 390 247 436 272; x_wconf 69' lang='grc' dir='ltr'><strong>καὶ</strong></span> <span class='ocrx_word' id='word_1_25' title='bbox 461 245 578 280; x_wconf 65' lang='grc' dir='ltr'><strong>τρόμου⁷</strong></span> <span class='ocrx_word' id='word_1_26' title='bbox 602 246 630 271; x_wconf 82' lang='grc' dir='ltr'>ὲν</span> <span class='ocrx_word' id='word_1_27' title='bbox 656 245 788 280; x_wconf 70' lang='grc' dir='ltr'>ἁπλότητι</span> <span class='ocrx_word' id='word_1_28' title='bbox 810 245 859 279; x_wconf 79' lang='grc' dir='ltr'>τῆς</span> <span class='ocrx_word' id='word_1_29' title='bbox 882 245 994 281; x_wconf 80' lang='grc' dir='ltr'><strong>καρδίας</strong></span> 
     </span>
    </p>
   </div>
   <div class='ocr_carea' id='block_1_7' title="bbox 202 290 994 326">
    <p class='ocr_par' dir='ltr' id='par_1_7' title="bbox 202 290 994 326">
     <span class='ocr_line' id='line_1_7' title="bbox 202 290 994 326; baseline 0 -10"><span class='ocrx_word' id='word_1_30' title='bbox 202 292 290 326; x_wconf 83' lang='grc' dir='ltr'>ὑμῶν,</span> <span class='ocrx_word' id='word_1_31' title='bbox 304 292 342 322; x_wconf 76' lang='grc' dir='ltr'><strong>ὡς</strong></span> <span class='ocrx_word' id='word_1_32' title='bbox 358 290 397 326; x_wconf 85' lang='grc' dir='ltr'>τῷ</span> <span class='ocrx_word' id='word_1_33' title='bbox 413 290 534 326; x_wconf 79' lang='grc' dir='ltr'><strong>Χριστῷ,</strong></span> <span class='ocrx_word' id='word_1_34' title='bbox 553 291 589 325; x_wconf 85' lang='grc' dir='ltr'>μὴ</span> <span class='ocrx_word' id='word_1_35' title='bbox 603 290 663 317; x_wconf 80' lang='grc' dir='ltr'>κατ’</span> <span class='ocrx_word' id='word_1_36' title='bbox 676 290 935 325; x_wconf 69' lang='grc' dir='ltr'>ὀφθαλμοδουλείαν,</span> <span class='ocrx_word' id='word_1_37' title='bbox 956 291 994 322; x_wconf 81' lang='grc' dir='ltr'><strong>ὡς</strong></span> 
     </span>
    </p>
   </div>
   <div class='ocr_carea' id='block_1_8' title="bbox 202 335 995 372">
    <p class='ocr_par' dir='ltr' id='par_1_8' title="bbox 202 335 995 372">
     <span class='ocr_line' id='line_1_8' title="bbox 202 335 995 372; baseline -0.001 -9"><span class='ocrx_word' id='word_1_38' title='bbox 202 337 440 372; x_wconf 78' lang='grc' dir='ltr'>ἀνθρωπάρεσκοι,</span> <span class='ocrx_word' id='word_1_39' title='bbox 456 336 513 362; x_wconf 81' lang='grc' dir='ltr'>ἀλλ’</span> <span class='ocrx_word' id='word_1_40' title='bbox 525 336 562 368; x_wconf 85' lang='grc' dir='ltr'>ὡς</span> <span class='ocrx_word' id='word_1_41' title='bbox 575 336 663 363; x_wconf 89' lang='grc' dir='ltr'>δοῦλοι</span> <span class='ocrx_word' id='word_1_42' title='bbox 676 336 723 362; x_wconf 75' lang='grc' dir='ltr'><strong>τοῦ</strong></span> <span class='ocrx_word' id='word_1_43' title='bbox 741 337 871 372; x_wconf 76' lang='grc' dir='ltr'><strong>Χριστοῦ,</strong></span> <span class='ocrx_word' id='word_1_44' title='bbox 886 335 995 363; x_wconf 76' lang='grc' dir='ltr'>ποιοῦν-</span> 
     </span>
    </p>
   </div>
   <div class='ocr_carea' id='block_1_9' title="bbox 202 382 995 418">
    <p class='ocr_par' dir='ltr' id='par_1_9' title="bbox 202 382 995 418">
     <span class='ocr_line' id='line_1_9' title="bbox 202 382 995 418; baseline 0 -10"><span class='ocrx_word' id='word_1_45' title='bbox 202 391 248 414; x_wconf 81' lang='grc' dir='ltr'>τες</span> <span class='ocrx_word' id='word_1_46' title='bbox 261 383 291 409; x_wconf 73' lang='grc' dir='ltr'>τὸ</span> <span class='ocrx_word' id='word_1_47' title='bbox 309 382 416 418; x_wconf 76' lang='grc' dir='ltr'>θέλημα</span> <span class='ocrx_word' id='word_1_48' title='bbox 433 382 479 408; x_wconf 82' lang='grc' dir='ltr'><strong>τοῦ</strong></span> <span class='ocrx_word' id='word_1_49' title='bbox 495 382 562 408; x_wconf 80' lang='grc' dir='ltr'>Θεοῦ</span> <span class='ocrx_word' id='word_1_50' title='bbox 577 382 609 409; x_wconf 83' lang='grc' dir='ltr'><strong>ἐκ</strong></span> <span class='ocrx_word' id='word_1_51' title='bbox 623 382 722 417; x_wconf 80' lang='grc' dir='ltr'>ψυχῆς,</span> <span class='ocrx_word' id='word_1_52' title='bbox 741 382 800 417; x_wconf 79' lang='grc' dir='ltr'>μετ’</span> <span class='ocrx_word' id='word_1_53' title='bbox 814 383 920 414; x_wconf 82' lang='grc' dir='ltr'>εὐνοίας</span> <span class='ocrx_word' id='word_1_54' title='bbox 935 382 995 408; x_wconf 88' lang='grc' dir='ltr'>δου-</span> 
     </span>
    </p>
   </div>
   <div class='ocr_carea' id='block_1_10' title="bbox 203 427 994 463">
    <p class='ocr_par' dir='ltr' id='par_1_10' title="bbox 203 427 994 463">
     <span class='ocr_line' id='line_1_10' title="bbox 203 427 994 463; baseline -0.003 -9"><span class='ocrx_word' id='word_1_55' title='bbox 203 428 327 459; x_wconf 79' lang='grc' dir='ltr'>λεύοντες</span> <span class='ocrx_word' id='word_1_56' title='bbox 343 428 382 462; x_wconf 84' lang='grc' dir='ltr'><strong>τῷ</strong></span> <span class='ocrx_word' id='word_1_57' title='bbox 399 428 504 463; x_wconf 81' lang='grc' dir='ltr'>Κυρῐῳ,</span> <span class='ocrx_word' id='word_1_58' title='bbox 520 429 568 454; x_wconf 77' lang='grc' dir='ltr'><strong>καὶ</strong></span> <span class='ocrx_word' id='word_1_59' title='bbox 583 429 633 454; x_wconf 79' lang='grc' dir='ltr'><strong>οὐκ</strong></span> <span class='ocrx_word' id='word_1_60' title='bbox 650 429 814 463; x_wconf 82' lang='grc' dir='ltr'>ἀνθρώποις.</span> <span class='ocrx_word' id='word_1_61' title='bbox 829 427 937 458; x_wconf 69' lang='grc' dir='ltr'>Εἰδότες</span> <span class='ocrx_word' id='word_1_62' title='bbox 953 427 994 453; x_wconf 76' lang='grc' dir='ltr'><strong>ὅτι</strong></span> 
     </span>
    </p>
   </div>
   <div class='ocr_carea' id='block_1_11' title="bbox 203 473 994 508">
    <p class='ocr_par' dir='ltr' id='par_1_11' title="bbox 203 473 994 508">
     <span class='ocr_line' id='line_1_11' title="bbox 203 473 994 508; baseline -0.001 -9"><span class='ocrx_word' id='word_1_63' title='bbox 203 474 218 500; x_wconf 84' lang='grc' dir='ltr'><strong>δ</strong></span> <span class='ocrx_word' id='word_1_64' title='bbox 243 475 290 500; x_wconf 79' lang='grc' dir='ltr'>ὲάν</span> <span class='ocrx_word' id='word_1_65' title='bbox 308 481 334 499; x_wconf 85' lang='grc' dir='ltr'><strong>τι</strong></span> <span class='ocrx_word' id='word_1_66' title='bbox 352 474 466 504; x_wconf 73' lang='grc' dir='ltr'>ἕκαστος</span> <span class='ocrx_word' id='word_1_67' title='bbox 482 473 582 508; x_wconf 69' lang='grc' dir='ltr'>ποίηαῃ</span> <span class='ocrx_word' id='word_1_68' title='bbox 606 473 727 508; x_wconf 77' lang='grc' dir='ltr'>ἀγαθὸν,</span> <span class='ocrx_word' id='word_1_69' title='bbox 751 473 832 499; x_wconf 84' lang='grc' dir='ltr'>τοῦτο</span> <span class='ocrx_word' id='word_1_70' title='bbox 857 473 994 508; x_wconf 80' lang='grc' dir='ltr'><strong>κομιεῖται</strong></span> 
     </span>
    </p>
   </div>
   <div class='ocr_carea' id='block_1_12' title="bbox 204 519 996 554">
    <p class='ocr_par' dir='ltr' id='par_1_12' title="bbox 204 519 996 554">
     <span class='ocr_line' id='line_1_12' title="bbox 204 519 996 554; baseline -0.001 -8"><span class='ocrx_word' id='word_1_71' title='bbox 204 520 279 554; x_wconf 82' lang='grc' dir='ltr'>παρὰ</span> <span class='ocrx_word' id='word_1_72' title='bbox 295 519 341 546; x_wconf 88' lang='grc' dir='ltr'><strong>τοῦ</strong></span> <span class='ocrx_word' id='word_1_73' title='bbox 357 520 474 554; x_wconf 81' lang='grc' dir='ltr'><strong>Κυρίου,</strong></span> <span class='ocrx_word' id='word_1_74' title='bbox 491 519 546 545; x_wconf 80' lang='grc' dir='ltr'>εἴτε</span> <span class='ocrx_word' id='word_1_75' title='bbox 571 519 673 551; x_wconf 81' lang='grc' dir='ltr'>δοῦλος,</span> <span class='ocrx_word' id='word_1_76' title='bbox 694 519 750 545; x_wconf 79' lang='grc' dir='ltr'>εἴτε</span> <span class='ocrx_word' id='word_1_77' title='bbox 768 519 920 553; x_wconf 81' lang='grc' dir='ltr'>ἐλεύθερος.</span> <span class='ocrx_word' id='word_1_78' title='bbox 941 519 996 545; x_wconf 71' lang='grc' dir='ltr'>Καὶ</span> 
     </span>
    </p>
   </div>
   <div class='ocr_carea' id='block_1_13' title="bbox 203 564 994 600">
    <p class='ocr_par' dir='ltr' id='par_1_13' title="bbox 203 564 994 600">
     <span class='ocr_line' id='line_1_13' title="bbox 203 564 994 600; baseline -0.001 -9"><span class='ocrx_word' id='word_1_79' title='bbox 203 566 229 591; x_wconf 88' lang='grc' dir='ltr'>οι</span> <span class='ocrx_word' id='word_1_80' title='bbox 246 565 335 600; x_wconf 77' lang='grc' dir='ltr'>κύριοι</span> <span class='ocrx_word' id='word_1_81' title='bbox 348 564 382 591; x_wconf 79' lang='grc' dir='ltr'>τὰ</span> <span class='ocrx_word' id='word_1_82' title='bbox 397 565 468 592; x_wconf 81' lang='grc' dir='ltr'>αὐτὰ</span> <span class='ocrx_word' id='word_1_83' title='bbox 484 567 585 592; x_wconf 79' lang='grc' dir='ltr'><strong>ποιεῖτε</strong></span> <span class='ocrx_word' id='word_1_84' title='bbox 601 566 670 600; x_wconf 79' lang='grc' dir='ltr'>πρὸς</span> <span class='ocrx_word' id='word_1_85' title='bbox 687 566 795 597; x_wconf 77' lang='grc' dir='ltr'>αὐτοὺς,</span> <span class='ocrx_word' id='word_1_86' title='bbox 812 566 931 596; x_wconf 80' lang='grc' dir='ltr'><strong>ἀνιέντες</strong></span> <span class='ocrx_word' id='word_1_87' title='bbox 946 564 994 600; x_wconf 86' lang='grc' dir='ltr'><strong>τὴν</strong></span> 
     </span>
    </p>
   </div>
   <div class='ocr_carea' id='block_1_14' title="bbox 204 611 995 646">
    <p class='ocr_par' dir='ltr' id='par_1_14' title="bbox 204 611 995 646">
     <span class='ocr_line' id='line_1_14' title="bbox 204 611 995 646; baseline 0 -9"><span class='ocrx_word' id='word_1_88' title='bbox 204 611 320 646; x_wconf 80' lang='grc' dir='ltr'>ἀπειλὴν</span> <span class='ocrx_word' id='word_1_89' title='bbox 330 631 337 641; x_wconf 86' lang='grc'><strong>,</strong></span> <span class='ocrx_word' id='word_1_90' title='bbox 359 611 473 644; x_wconf 81' lang='grc' dir='ltr'>εἰδότες,</span> <span class='ocrx_word' id='word_1_91' title='bbox 489 613 530 638; x_wconf 83' lang='grc' dir='ltr'><strong>ὅτι</strong></span> <span class='ocrx_word' id='word_1_92' title='bbox 544 612 591 639; x_wconf 72' lang='grc' dir='ltr'>καὶ</span> <span class='ocrx_word' id='word_1_93' title='bbox 611 612 688 646; x_wconf 84' lang='grc' dir='ltr'>ὑμῶν</span> <span class='ocrx_word' id='word_1_94' title='bbox 701 611 791 638; x_wconf 80' lang='grc' dir='ltr'>αὐτῶν</span> <span class='ocrx_word' id='word_1_95' title='bbox 804 613 818 638; x_wconf 84' lang='grc' dir='ltr'>ὁ</span> <span class='ocrx_word' id='word_1_96' title='bbox 835 611 936 646; x_wconf 75' lang='grc' dir='ltr'>Κύριός</span> <span class='ocrx_word' id='word_1_97' title='bbox 949 612 995 637; x_wconf 48' lang='lat' dir='ltr'><strong>seu</strong></span> 
     </span>
    </p>
   </div>
   <div class='ocr_carea' id='block_1_15' title="bbox 204 656 994 692">
    <p class='ocr_par' dir='ltr' id='par_1_15' title="bbox 204 656 994 692">
     <span class='ocr_line' id='line_1_15' title="bbox 204 656 994 692; baseline 0.001 -11"><span class='ocrx_word' id='word_1_98' title='bbox 204 664 246 682; x_wconf 82' lang='grc' dir='ltr'><strong>τιν</strong></span> <span class='ocrx_word' id='word_1_99' title='bbox 271 657 299 682; x_wconf 81' lang='grc' dir='ltr'><strong>ἐν</strong></span> <span class='ocrx_word' id='word_1_100' title='bbox 318 656 444 690; x_wconf 76' lang='grc' dir='ltr'><strong>οὐρανοῖς</strong></span> <span class='ocrx_word' id='word_1_101' title='bbox 456 676 463 689; x_wconf 93' lang='grc'><strong>,</strong></span> <span class='ocrx_word' id='word_1_102' title='bbox 486 658 532 684; x_wconf 74' lang='grc' dir='ltr'>καὶ</span> <span class='ocrx_word' id='word_1_103' title='bbox 549 657 764 692; x_wconf 65' lang='grc' dir='ltr'>προσωποληψία</span> <span class='ocrx_word' id='word_1_104' title='bbox 781 657 830 683; x_wconf 80' lang='grc' dir='ltr'>οὐκ</span> <span class='ocrx_word' id='word_1_105' title='bbox 847 656 905 682; x_wconf 78' lang='grc' dir='ltr'>ἐστι</span> <span class='ocrx_word' id='word_1_106' title='bbox 929 656 994 691; x_wconf 69' lang='grc' dir='ltr'>παρ’</span> 
     </span>
    </p>
   </div>
   <div class='ocr_carea' id='block_1_16' title="bbox 204 701 320 736">
    <p class='ocr_par' dir='ltr' id='par_1_16' title="bbox 204 701 320 736">
     <span class='ocr_line' id='line_1_16' title="bbox 204 701 320 736; baseline -0.009 -8"><span class='ocrx_word' id='word_1_107' title='bbox 204 701 287 736; x_wconf 80' lang='grc' dir='ltr'>αὐτῷ.</span> <span class='ocrx_word' id='word_1_108' title='bbox 311 710 320 727; x_wconf 87' lang='grc' dir='ltr'><strong>ι</strong></span> 
     </span>
    </p>
   </div>
   <div class='ocr_carea' id='block_1_17' title="bbox 239 747 994 785">
    <p class='ocr_par' dir='ltr' id='par_1_17' title="bbox 239 747 994 785">
     <span class='ocr_line' id='line_1_17' title="bbox 239 747 994 785; baseline 0 -11"><span class='ocrx_word' id='word_1_109' title='bbox 239 747 323 774; x_wconf 76' lang='grc' dir='ltr'>Πάλιν</span> <span class='ocrx_word' id='word_1_110' title='bbox 350 747 380 774; x_wconf 78' lang='grc' dir='ltr'><strong>τὸ</strong></span> <span class='ocrx_word' id='word_1_111' title='bbox 407 747 528 783; x_wconf 81' lang='grc' dir='ltr'>ὑπήκοον</span> <span class='ocrx_word' id='word_1_112' title='bbox 555 748 701 775; x_wconf 78' lang='grc' dir='ltr'>ὑποτάττει</span> <span class='ocrx_word' id='word_1_113' title='bbox 729 749 855 785; x_wconf 80' lang='grc' dir='ltr'>πρῶτον,</span> <span class='ocrx_word' id='word_1_114' title='bbox 882 747 941 775; x_wconf 76' lang='grc' dir='ltr'>εἶτα</span> <span class='ocrx_word' id='word_1_115' title='bbox 964 748 994 775; x_wconf 66' lang='grc' dir='ltr'><strong>τι</strong></span> 
     </span>
    </p>
   </div>
   <div class='ocr_carea' id='block_1_18' title="bbox 204 793 995 830">
    <p class='ocr_par' dir='ltr' id='par_1_18' title="bbox 204 793 995 830">
     <span class='ocr_line' id='line_1_18' title="bbox 204 793 995 830; baseline 0.001 -11"><span class='ocrx_word' id='word_1_116' title='bbox 204 793 368 828; x_wconf 78' lang='grc' dir='ltr'>ἡγεμονικὸν</span> <span class='ocrx_word' id='word_1_117' title='bbox 386 793 508 820; x_wconf 75' lang='grc' dir='ltr'><strong>διδάσκει</strong></span> <span class='ocrx_word' id='word_1_118' title='bbox 532 794 719 829; x_wconf 86' lang='grc' dir='ltr'>χρηστότητα.</span> <span class='ocrx_word' id='word_1_119' title='bbox 735 794 855 830; x_wconf 83' lang='grc' dir='ltr'>Κυρίους</span> <span class='ocrx_word' id='word_1_120' title='bbox 871 794 899 820; x_wconf 81' lang='grc' dir='ltr'>δὲ</span> <span class='ocrx_word' id='word_1_121' title='bbox 919 793 995 820; x_wconf 81' lang='grc' dir='ltr'>κατὰ</span> 
     </span>
    </p>
   </div>
   <div class='ocr_carea' id='block_1_19' title="bbox 205 839 993 875">
    <p class='ocr_par' dir='ltr' id='par_1_19' title="bbox 205 839 993 875">
     <span class='ocr_line' id='line_1_19' title="bbox 205 839 993 875; baseline -0.001 -8"><span class='ocrx_word' id='word_1_122' title='bbox 205 839 305 874; x_wconf 80' lang='grc' dir='ltr'><strong>σάρκα</strong></span> <span class='ocrx_word' id='word_1_123' title='bbox 322 840 416 875; x_wconf 86' lang='grc' dir='ltr'>λέγει,</span> <span class='ocrx_word' id='word_1_124' title='bbox 435 841 477 867; x_wconf 70' lang='grc' dir='ltr'><strong>ὅτι</strong></span> <span class='ocrx_word' id='word_1_125' title='bbox 489 840 520 867; x_wconf 78' lang='grc' dir='ltr'><strong>οὐ</strong></span> <span class='ocrx_word' id='word_1_126' title='bbox 538 840 652 874; x_wconf 79' lang='grc' dir='ltr'>φυσικὸν</span> <span class='ocrx_word' id='word_1_127' title='bbox 665 841 680 875; x_wconf 82' lang='grc' dir='ltr'><strong>ὴ</strong></span> <span class='ocrx_word' id='word_1_128' title='bbox 693 840 852 871; x_wconf 77' lang='grc' dir='ltr'><strong>δεσποτεία,</strong></span> <span class='ocrx_word' id='word_1_129' title='bbox 870 839 930 866; x_wconf 78' lang='grc' dir='ltr'>οὐδὲ</span> <span class='ocrx_word' id='word_1_130' title='bbox 944 848 993 866; x_wconf 78' lang='grc' dir='ltr'>πε-</span> 
     </span>
    </p>
   </div>
   <div class='ocr_carea' id='block_1_20' title="bbox 1046 245 1835 280">
    <p class='ocr_par' dir='ltr' id='par_1_20' title="bbox 1046 245 1835 280">
     <span class='ocr_line' id='line_1_20' title="bbox 1046 245 1835 280; baseline 0.005 -10"><span class='ocrx_word' id='word_1_131' title='bbox 1046 250 1108 271; x_wconf 90' lang='lat' dir='ltr'><strong>cum</strong></span> <span class='ocrx_word' id='word_1_132' title='bbox 1123 245 1223 272; x_wconf 84' lang='lat' dir='ltr'><strong>timore</strong></span> <span class='ocrx_word' id='word_1_133' title='bbox 1241 249 1268 272; x_wconf 89' lang='lat' dir='ltr'><strong>et</strong></span> <span class='ocrx_word' id='word_1_134' title='bbox 1285 250 1419 278; x_wconf 90' lang='lat' dir='ltr'><strong>tremore,</strong></span> <span class='ocrx_word' id='word_1_135' title='bbox 1436 246 1462 272; x_wconf 93' lang='lat' dir='ltr'><strong>iu</strong></span> <span class='ocrx_word' id='word_1_136' title='bbox 1481 246 1660 280; x_wconf 70' lang='lat' dir='ltr'><strong>simplicitate</strong></span> <span class='ocrx_word' id='word_1_137' title='bbox 1674 245 1768 274; x_wconf 88' lang='lat' dir='ltr'><strong>cordis</strong></span> <span class='ocrx_word' id='word_1_138' title='bbox 1788 255 1835 274; x_wconf 90' lang='lat' dir='ltr'><strong>ve-</strong></span> 
     </span>
    </p>
   </div>
   <div class='ocr_carea' id='block_1_21' title="bbox 1047 289 1837 327">
    <p class='ocr_par' dir='ltr' id='par_1_21' title="bbox 1047 289 1837 327">
     <span class='ocr_line' id='line_1_21' title="bbox 1047 289 1837 327; baseline 0.004 -12"><span class='ocrx_word' id='word_1_139' title='bbox 1047 289 1097 316; x_wconf 88' lang='lat' dir='ltr'><strong>stri</strong></span> <span class='ocrx_word' id='word_1_140' title='bbox 1111 289 1183 316; x_wconf 89' lang='lat' dir='ltr'><strong>sicut</strong></span> <span class='ocrx_word' id='word_1_141' title='bbox 1194 289 1306 318; x_wconf 86' lang='lat' dir='ltr'><strong>Christo</strong></span> <span class='ocrx_word' id='word_1_142' title='bbox 1319 299 1325 318; x_wconf 90' lang='lat'><strong>:</strong></span> <span class='ocrx_word' id='word_1_143' title='bbox 1342 298 1395 318; x_wconf 91' lang='lat' dir='ltr'><strong>non</strong></span> <span class='ocrx_word' id='word_1_144' title='bbox 1409 292 1442 318; x_wconf 89' lang='lat' dir='ltr'><strong>ad</strong></span> <span class='ocrx_word' id='word_1_145' title='bbox 1458 293 1566 318; x_wconf 88' lang='lat' dir='ltr'><strong>oculum</strong></span> <span class='ocrx_word' id='word_1_146' title='bbox 1583 293 1744 327; x_wconf 78' lang='lat' dir='ltr'><strong>servientes,</strong></span> <span class='ocrx_word' id='word_1_147' title='bbox 1757 292 1837 327; x_wconf 86' lang='lat' dir='ltr'><strong>quasi</strong></span> 
     </span>
    </p>
   </div>
   <div class='ocr_carea' id='block_1_22' title="bbox 1047 334 1838 371">
    <p class='ocr_par' dir='ltr' id='par_1_22' title="bbox 1047 334 1838 371">
     <span class='ocr_line' id='line_1_22' title="bbox 1047 334 1838 371; baseline 0.006 -10"><span class='ocrx_word' id='word_1_148' title='bbox 1047 334 1208 363; x_wconf 87' lang='lat' dir='ltr'><strong>hominibus</strong></span> <span class='ocrx_word' id='word_1_149' title='bbox 1221 336 1378 371; x_wconf 81' lang='lat' dir='ltr'><strong>placentes.</strong></span> <span class='ocrx_word' id='word_1_150' title='bbox 1395 338 1442 365; x_wconf 84' lang='lat' dir='ltr'><strong>sed</strong></span> <span class='ocrx_word' id='word_1_151' title='bbox 1459 341 1488 364; x_wconf 95' lang='lat' dir='ltr'><strong>ut</strong></span> <span class='ocrx_word' id='word_1_152' title='bbox 1504 339 1575 365; x_wconf 82' lang='lat' dir='ltr'><strong>servi</strong></span> <span class='ocrx_word' id='word_1_153' title='bbox 1593 337 1697 366; x_wconf 86' lang='lat' dir='ltr'><strong>Christi</strong></span> <span class='ocrx_word' id='word_1_154' title='bbox 1711 347 1718 370; x_wconf 86' lang='lat'><strong>;</strong></span> <span class='ocrx_word' id='word_1_155' title='bbox 1736 338 1838 366; x_wconf 78' lang='lat' dir='ltr'><strong>facien-</strong></span> 
     </span>
    </p>
   </div>
   <div class='ocr_carea' id='block_1_23' title="bbox 1046 381 1832 411">
    <p class='ocr_par' dir='ltr' id='par_1_23' title="bbox 1046 381 1832 411">
     <span class='ocr_line' id='line_1_23' title="bbox 1046 381 1832 411; baseline 0.006 -5"><span class='ocrx_word' id='word_1_156' title='bbox 1046 383 1088 408; x_wconf 81' lang='lat' dir='ltr'><strong>tes</strong></span> <span class='ocrx_word' id='word_1_157' title='bbox 1103 381 1272 409; x_wconf 80' lang='lat' dir='ltr'><strong>voluntatem</strong></span> <span class='ocrx_word' id='word_1_158' title='bbox 1286 382 1335 409; x_wconf 85' lang='lat' dir='ltr'><strong>Dei</strong></span> <span class='ocrx_word' id='word_1_159' title='bbox 1352 390 1386 410; x_wconf 79' lang='lat' dir='ltr'><strong>ex</strong></span> <span class='ocrx_word' id='word_1_160' title='bbox 1402 383 1493 410; x_wconf 88' lang='lat' dir='ltr'><strong>animo</strong></span> <span class='ocrx_word' id='word_1_161' title='bbox 1513 391 1576 409; x_wconf 92' lang='lat' dir='ltr'><strong>cum</strong></span> <span class='ocrx_word' id='word_1_162' title='bbox 1595 384 1664 411; x_wconf 89' lang='lat' dir='ltr'><strong>bona</strong></span> <span class='ocrx_word' id='word_1_163' title='bbox 1689 385 1832 411; x_wconf 86' lang='lat' dir='ltr'><strong>voluntate</strong></span> 
     </span>
    </p>
   </div>
   <div class='ocr_carea' id='block_1_24' title="bbox 1046 422 1872 461">
    <p class='ocr_par' dir='ltr' id='par_1_24' title="bbox 1046 422 1872 461">
     <span class='ocr_line' id='line_1_24' title="bbox 1046 422 1872 461; baseline 0.005 -8"><span class='ocrx_word' id='word_1_164' title='bbox 1046 426 1197 455; x_wconf 81' lang='lat' dir='ltr'><strong>servientes</strong></span> <span class='ocrx_word' id='word_1_165' title='bbox 1215 427 1352 461; x_wconf 86' lang='lat' dir='ltr'><strong>Domino,</strong></span> <span class='ocrx_word' id='word_1_166' title='bbox 1379 433 1407 456; x_wconf 87' lang='lat' dir='ltr'><strong>et</strong></span> <span class='ocrx_word' id='word_1_167' title='bbox 1434 436 1489 456; x_wconf 86' lang='lat' dir='ltr'><strong>non</strong></span> <span class='ocrx_word' id='word_1_168' title='bbox 1517 429 1686 457; x_wconf 85' lang='lat' dir='ltr'><strong>hominibus.</strong></span> <span class='ocrx_word' id='word_1_169' title='bbox 1705 431 1832 458; x_wconf 83' lang='lat' dir='ltr'><strong>Scicutes</strong></span> <span class='ocrx_word' id='word_1_170' title='bbox 1866 422 1872 427; x_wconf 68' lang='grc'><em>’</em></span> 
     </span>
    </p>
   </div>
   <div class='ocr_carea' id='block_1_25' title="bbox 1046 473 1838 510">
    <p class='ocr_par' dir='ltr' id='par_1_25' title="bbox 1046 473 1838 510">
     <span class='ocr_line' id='line_1_25' title="bbox 1046 473 1838 510; baseline 0.004 -12"><span class='ocrx_word' id='word_1_171' title='bbox 1046 473 1176 507; x_wconf 86' lang='lat' dir='ltr'><strong>quoniam</strong></span> <span class='ocrx_word' id='word_1_172' title='bbox 1201 474 1412 509; x_wconf 83' lang='lat' dir='ltr'><strong>unusquisque.</strong></span> <span class='ocrx_word' id='word_1_173' title='bbox 1443 475 1631 510; x_wconf 82' lang='lat' dir='ltr'><strong>quodcunque</strong></span> <span class='ocrx_word' id='word_1_174' title='bbox 1662 475 1758 502; x_wconf 79' lang='lat' dir='ltr'><strong>fecerit</strong></span> <span class='ocrx_word' id='word_1_175' title='bbox 1787 475 1838 503; x_wconf 88' lang='lat' dir='ltr'><strong>bo-</strong></span> 
     </span>
    </p>
   </div>
   <div class='ocr_carea' id='block_1_26' title="bbox 1047 518 1839 554">
    <p class='ocr_par' dir='ltr' id='par_1_26' title="bbox 1047 518 1839 554">
     <span class='ocr_line' id='line_1_26' title="bbox 1047 518 1839 554; baseline 0.005 -10"><span class='ocrx_word' id='word_1_176' title='bbox 1047 525 1111 544; x_wconf 93' lang='lat' dir='ltr'><strong>num</strong></span> <span class='ocrx_word' id='word_1_177' title='bbox 1123 537 1130 550; x_wconf 87' lang='lat'><strong>,</strong></span> <span class='ocrx_word' id='word_1_178' title='bbox 1147 518 1198 545; x_wconf 92' lang='lat' dir='ltr'><strong>hoc</strong></span> <span class='ocrx_word' id='word_1_179' title='bbox 1212 519 1326 554; x_wconf 79' lang='lat' dir='ltr'><strong>recipiet</strong></span> <span class='ocrx_word' id='word_1_180' title='bbox 1343 526 1358 545; x_wconf 90' lang='lat' dir='ltr'><strong>a</strong></span> <span class='ocrx_word' id='word_1_181' title='bbox 1372 518 1507 552; x_wconf 88' lang='lat' dir='ltr'><strong>Domino,</strong></span> <span class='ocrx_word' id='word_1_182' title='bbox 1526 520 1586 547; x_wconf 85' lang='lat' dir='ltr'><strong>sive</strong></span> <span class='ocrx_word' id='word_1_183' title='bbox 1601 528 1698 547; x_wconf 86' lang='lat' dir='ltr'><strong>servus</strong></span> <span class='ocrx_word' id='word_1_184' title='bbox 1709 541 1715 553; x_wconf 89' lang='lat'>,</span> <span class='ocrx_word' id='word_1_185' title='bbox 1733 521 1790 548; x_wconf 87' lang='lat' dir='ltr'><strong>sive</strong></span> <span class='ocrx_word' id='word_1_186' title='bbox 1806 521 1839 547; x_wconf 90' lang='lat' dir='ltr'><strong>li-</strong></span> 
     </span>
    </p>
   </div>
   <div class='ocr_carea' id='block_1_27' title="bbox 1046 562 1838 597">
    <p class='ocr_par' dir='ltr' id='par_1_27' title="bbox 1046 562 1838 597">
     <span class='ocr_line' id='line_1_27' title="bbox 1046 562 1838 597; baseline 0.005 -8"><span class='ocrx_word' id='word_1_187' title='bbox 1046 562 1104 590; x_wconf 88' lang='lat' dir='ltr'><strong>ber.</strong></span> <span class='ocrx_word' id='word_1_188' title='bbox 1118 562 1152 589; x_wconf 90' lang='lat' dir='ltr'><strong>Et</strong></span> <span class='ocrx_word' id='word_1_189' title='bbox 1168 571 1227 595; x_wconf 90' lang='lat' dir='ltr'><strong>vos,</strong></span> <span class='ocrx_word' id='word_1_190' title='bbox 1244 564 1360 597; x_wconf 84' lang='lat' dir='ltr'><strong>domini,</strong></span> <span class='ocrx_word' id='word_1_191' title='bbox 1374 564 1469 592; x_wconf 82' lang='lat' dir='ltr'><strong>eadem</strong></span> <span class='ocrx_word' id='word_1_192' title='bbox 1485 564 1567 592; x_wconf 82' lang='lat' dir='ltr'><strong>facite</strong></span> <span class='ocrx_word' id='word_1_193' title='bbox 1583 565 1647 596; x_wconf 88' lang='lat' dir='ltr'><strong>illis,</strong></span> <span class='ocrx_word' id='word_1_194' title='bbox 1662 566 1838 593; x_wconf 83' lang='lat' dir='ltr'><strong>remittentes</strong></span> 
     </span>
    </p>
   </div>
   <div class='ocr_carea' id='block_1_28' title="bbox 1046 607 1840 645">
    <p class='ocr_par' dir='ltr' id='par_1_28' title="bbox 1046 607 1840 645">
     <span class='ocr_line' id='line_1_28' title="bbox 1046 607 1840 645; baseline 0.005 -11"><span class='ocrx_word' id='word_1_195' title='bbox 1046 607 1156 640; x_wconf 88' lang='lat' dir='ltr'><strong>minas;</strong></span> <span class='ocrx_word' id='word_1_196' title='bbox 1172 609 1291 635; x_wconf 73' lang='lat' dir='ltr'><strong>scientes</strong></span> <span class='ocrx_word' id='word_1_197' title='bbox 1305 609 1370 643; x_wconf 84' lang='lat' dir='ltr'><strong>quia</strong></span> <span class='ocrx_word' id='word_1_198' title='bbox 1384 614 1412 637; x_wconf 84' lang='lat' dir='ltr'><strong>et</strong></span> <span class='ocrx_word' id='word_1_199' title='bbox 1427 613 1549 637; x_wconf 87' lang='lat' dir='ltr'><strong>vestrum</strong></span> <span class='ocrx_word' id='word_1_200' title='bbox 1564 610 1687 645; x_wconf 88' lang='lat' dir='ltr'><strong>ipsorum</strong></span> <span class='ocrx_word' id='word_1_201' title='bbox 1707 611 1840 638; x_wconf 87' lang='lat' dir='ltr'><strong>Dominus</strong></span> 
     </span>
    </p>
   </div>
   <div class='ocr_carea' id='block_1_29' title="bbox 1045 653 1838 692">
    <p class='ocr_par' dir='ltr' id='par_1_29' title="bbox 1045 653 1838 692">
     <span class='ocr_line' id='line_1_29' title="bbox 1045 653 1838 692; baseline 0.006 -13"><span class='ocrx_word' id='word_1_202' title='bbox 1045 656 1087 680; x_wconf 88' lang='lat' dir='ltr'><strong>est</strong></span> <span class='ocrx_word' id='word_1_203' title='bbox 1102 653 1130 680; x_wconf 87' lang='lat' dir='ltr'><strong>in</strong></span> <span class='ocrx_word' id='word_1_204' title='bbox 1146 654 1226 681; x_wconf 75' lang='lat' dir='ltr'><strong>caelis</strong></span> <span class='ocrx_word' id='word_1_205' title='bbox 1237 674 1244 686; x_wconf 95' lang='lat'><strong>,</strong></span> <span class='ocrx_word' id='word_1_206' title='bbox 1258 658 1285 681; x_wconf 86' lang='lat' dir='ltr'><strong>et</strong></span> <span class='ocrx_word' id='word_1_207' title='bbox 1299 655 1425 690; x_wconf 86' lang='lat' dir='ltr'><strong>aeccptio</strong></span> <span class='ocrx_word' id='word_1_208' title='bbox 1439 663 1621 690; x_wconf 89' lang='lat' dir='ltr'><strong>personarum</strong></span> <span class='ocrx_word' id='word_1_209' title='bbox 1637 665 1690 684; x_wconf 90' lang='lat' dir='ltr'><strong>non</strong></span> <span class='ocrx_word' id='word_1_210' title='bbox 1709 661 1751 685; x_wconf 89' lang='lat' dir='ltr'><strong>est</strong></span> <span class='ocrx_word' id='word_1_211' title='bbox 1767 657 1838 692; x_wconf 77' lang='lat' dir='ltr'><strong>apud</strong></span> 
     </span>
    </p>
   </div>
   <div class='ocr_carea' id='block_1_30' title="bbox 1045 699 1172 734">
    <p class='ocr_par' dir='ltr' id='par_1_30' title="bbox 1045 699 1172 734">
     <span class='ocr_line' id='line_1_30' title="bbox 1045 699 1172 734; baseline -0.016 -8"><span class='ocrx_word' id='word_1_212' title='bbox 1045 699 1145 734; x_wconf 87' lang='lat' dir='ltr'><strong>ipsum.</strong></span> <span class='ocrx_word' id='word_1_213' title='bbox 1161 709 1172 724; x_wconf 83' lang='grc' dir='ltr'><strong>ι</strong></span> 
     </span>
    </p>
   </div>
   <div class='ocr_carea' id='block_1_31' title="bbox 1083 745 1839 782">
    <p class='ocr_par' dir='ltr' id='par_1_31' title="bbox 1083 745 1839 782">
     <span class='ocr_line' id='line_1_31' title="bbox 1083 745 1839 782; baseline 0.005 -10"><span class='ocrx_word' id='word_1_214' title='bbox 1083 745 1162 780; x_wconf 78' lang='lat'><strong>192</strong></span> <span class='ocrx_word' id='word_1_215' title='bbox 1184 745 1315 774; x_wconf 88' lang='lat' dir='ltr'><strong>Subditos</strong></span> <span class='ocrx_word' id='word_1_216' title='bbox 1335 747 1427 775; x_wconf 87' lang='lat' dir='ltr'><strong>denuo</strong></span> <span class='ocrx_word' id='word_1_217' title='bbox 1448 747 1569 782; x_wconf 91' lang='lat' dir='ltr'><strong>primum</strong></span> <span class='ocrx_word' id='word_1_218' title='bbox 1591 747 1722 782; x_wconf 72' lang='lat' dir='ltr'><strong>subiicit,</strong></span> <span class='ocrx_word' id='word_1_219' title='bbox 1739 748 1839 776; x_wconf 86' lang='lat' dir='ltr'><strong>deinde</strong></span> 
     </span>
    </p>
   </div>
   <div class='ocr_carea' id='block_1_32' title="bbox 1046 786 1839 827">
    <p class='ocr_par' dir='ltr' id='par_1_32' title="bbox 1046 786 1839 827">
     <span class='ocr_line' id='line_1_32' title="bbox 1046 786 1839 827; baseline 0.006 -11"><span class='ocrx_word' id='word_1_220' title='bbox 1046 790 1107 818; x_wconf 87' lang='lat' dir='ltr'><strong>illos</strong></span> <span class='ocrx_word' id='word_1_221' title='bbox 1123 792 1168 826; x_wconf 88' lang='lat' dir='ltr'><strong>qui</strong></span> <span class='ocrx_word' id='word_1_222' title='bbox 1184 792 1223 820; x_wconf 90' lang='lat' dir='ltr'><strong>eis</strong></span> <span class='ocrx_word' id='word_1_223' title='bbox 1239 786 1437 827; x_wconf 73' lang='lat' dir='ltr'><strong>pmﬁciuntur.</strong></span> <span class='ocrx_word' id='word_1_224' title='bbox 1455 793 1658 820; x_wconf 85' lang='lat' dir='ltr'><strong>immanitatem</strong></span> <span class='ocrx_word' id='word_1_225' title='bbox 1677 794 1768 821; x_wconf 85' lang='lat' dir='ltr'><strong>docet.</strong></span> <span class='ocrx_word' id='word_1_226' title='bbox 1786 794 1839 821; x_wconf 68' lang='lat' dir='ltr'><strong>Do~</strong></span> 
     </span>
    </p>
   </div>
   <div class='ocr_carea' id='block_1_33' title="bbox 1047 836 1838 868">
    <p class='ocr_par' dir='ltr' id='par_1_33' title="bbox 1047 836 1838 868">
     <span class='ocr_line' id='line_1_33' title="bbox 1047 836 1838 868; baseline 0.005 -5"><span class='ocrx_word' id='word_1_227' title='bbox 1047 836 1137 865; x_wconf 81' lang='lat' dir='ltr'><strong>minus</strong></span> <span class='ocrx_word' id='word_1_228' title='bbox 1155 842 1246 865; x_wconf 87' lang='lat' dir='ltr'><strong>autem</strong></span> <span class='ocrx_word' id='word_1_229' title='bbox 1277 839 1314 867; x_wconf 91' lang='lat' dir='ltr'><strong>ait</strong></span> <span class='ocrx_word' id='word_1_230' title='bbox 1348 840 1492 866; x_wconf 70' lang='lat' dir='ltr'><strong>secundant</strong></span> <span class='ocrx_word' id='word_1_231' title='bbox 1519 848 1625 867; x_wconf 84' lang='lat' dir='ltr'><strong>carnem</strong></span> <span class='ocrx_word' id='word_1_232' title='bbox 1645 848 1654 867; x_wconf 81' lang='lat'><strong>.&#39;</strong></span> <span class='ocrx_word' id='word_1_233' title='bbox 1678 840 1838 868; x_wconf 78' lang='lat' dir='ltr'><strong>dominatus</strong></span> 
     </span>
    </p>
   </div>
   <div class='ocr_carea' id='block_1_34' title="bbox 203 881 1000 922">
    <p class='ocr_par' dir='ltr' id='par_1_34' title="bbox 203 882 992 922">
     <span class='ocr_line' id='line_1_34' title="bbox 203 882 992 922; baseline 0.001 -10"><span class='ocrx_word' id='word_1_234' title='bbox 203 882 317 922; x_wconf 57' lang='grc' dir='ltr'>’ποίηταί</span> <span class='ocrx_word' id='word_1_235' title='bbox 327 895 368 917; x_wconf 83' lang='grc' dir='ltr'>τις</span> <span class='ocrx_word' id='word_1_236' title='bbox 377 886 469 917; x_wconf 79' lang='grc' dir='ltr'>δοῦλος</span> <span class='ocrx_word' id='word_1_237' title='bbox 481 886 586 921; x_wconf 75' lang='grc' dir='ltr'>ἑτέρου,</span> <span class='ocrx_word' id='word_1_238' title='bbox 599 887 650 913; x_wconf 85' lang='grc' dir='ltr'><strong>καθ</strong></span> <span class='ocrx_word' id='word_1_239' title='bbox 656 887 725 921; x_wconf 79' lang='grc' dir='ltr'>άπερ</span> <span class='ocrx_word' id='word_1_240' title='bbox 735 886 769 913; x_wconf 85' lang='grc' dir='ltr'>τὰ</span> <span class='ocrx_word' id='word_1_241' title='bbox 785 886 841 918; x_wconf 83' lang='grc' dir='ltr'>ζῶα</span> <span class='ocrx_word' id='word_1_242' title='bbox 853 886 887 913; x_wconf 82' lang='grc' dir='ltr'>τὰ</span> <span class='ocrx_word' id='word_1_243' title='bbox 898 887 992 920; x_wconf 79' lang='grc' dir='ltr'>ἄλογα.</span> 
     </span>
    </p>
   </div>
   <div class='ocr_carea' id='block_1_35' title="bbox 1050 881 1840 922">
    <p class='ocr_par' dir='ltr' id='par_1_35' title="bbox 1050 883 1840 921">
     <span class='ocr_line' id='line_1_35' title="bbox 1050 883 1840 921; baseline 0.005 -12"><span class='ocrx_word' id='word_1_244' title='bbox 1050 883 1118 910; x_wconf 79' lang='lat' dir='ltr'><strong>enim</strong></span> <span class='ocrx_word' id='word_1_245' title='bbox 1134 891 1187 910; x_wconf 91' lang='lat' dir='ltr'><strong>non</strong></span> <span class='ocrx_word' id='word_1_246' title='bbox 1206 890 1248 912; x_wconf 89' lang='lat' dir='ltr'><strong>est</strong></span> <span class='ocrx_word' id='word_1_247' title='bbox 1264 892 1279 911; x_wconf 88' lang='lat' dir='ltr'><strong>a</strong></span> <span class='ocrx_word' id='word_1_248' title='bbox 1297 890 1413 918; x_wconf 84' lang='lat' dir='ltr'><strong>natura,</strong></span> <span class='ocrx_word' id='word_1_249' title='bbox 1432 893 1482 913; x_wconf 92' lang='lat' dir='ltr'><strong>nec</strong></span> <span class='ocrx_word' id='word_1_250' title='bbox 1498 886 1644 921; x_wconf 83' lang='lat' dir='ltr'><strong>quisquam</strong></span> <span class='ocrx_word' id='word_1_251' title='bbox 1661 894 1758 914; x_wconf 87' lang='lat' dir='ltr'><strong>servus</strong></span> <span class='ocrx_word' id='word_1_252' title='bbox 1773 887 1840 913; x_wconf 83' lang='lat' dir='ltr'><strong>alte-</strong></span> 
     </span>
    </p>
   </div>
   <div class='ocr_carea' id='block_1_36' title="bbox 207 933 994 969">
    <p class='ocr_par' dir='ltr' id='par_1_36' title="bbox 207 933 994 969">
     <span class='ocr_line' id='line_1_36' title="bbox 207 933 994 969; baseline -0.001 -9"><span class='ocrx_word' id='word_1_253' title='bbox 207 933 263 968; x_wconf 82' lang='grc' dir='ltr'><strong>Τῆς</strong></span> <span class='ocrx_word' id='word_1_254' title='bbox 285 933 359 966; x_wconf 81' lang='grc' dir='ltr'><strong>θείας</strong></span> <span class='ocrx_word' id='word_1_255' title='bbox 384 933 412 959; x_wconf 79' lang='grc' dir='ltr'>δὲ</span> <span class='ocrx_word' id='word_1_256' title='bbox 436 933 578 965; x_wconf 79' lang='grc' dir='ltr'>δουλείας,</span> <span class='ocrx_word' id='word_1_257' title='bbox 595 933 628 968; x_wconf 75' lang='grc' dir='ltr'>ἦν</span> <span class='ocrx_word' id='word_1_258' title='bbox 654 933 799 969; x_wconf 79' lang='grc' dir='ltr'><strong>ὑπέμεινεν</strong></span> <span class='ocrx_word' id='word_1_259' title='bbox 816 935 829 960; x_wconf 86' lang='grc' dir='ltr'>ὁ</span> <span class='ocrx_word' id='word_1_260' title='bbox 850 934 878 959; x_wconf 83' lang='grc' dir='ltr'>ὲν</span> <span class='ocrx_word' id='word_1_261' title='bbox 901 933 994 960; x_wconf 87' lang='grc' dir='ltr'>δούλου</span> 
     </span>
    </p>
   </div>
   <div class='ocr_carea' id='block_1_37' title="bbox 209 979 996 1016">
    <p class='ocr_par' dir='ltr' id='par_1_37' title="bbox 209 979 996 1016">
     <span class='ocr_line' id='line_1_37' title="bbox 209 979 996 1016; baseline 0.001 -11"><span class='ocrx_word' id='word_1_262' title='bbox 209 980 298 1015; x_wconf 79' lang='grc' dir='ltr'>μορφῇ</span> <span class='ocrx_word' id='word_1_263' title='bbox 313 980 468 1014; x_wconf 84' lang='grc' dir='ltr'>γενόμενος,</span> <span class='ocrx_word' id='word_1_264' title='bbox 486 979 572 1010; x_wconf 83' lang='grc' dir='ltr'>τύπος</span> <span class='ocrx_word' id='word_1_265' title='bbox 591 979 694 1013; x_wconf 84' lang='grc' dir='ltr'>γίνεται</span> <span class='ocrx_word' id='word_1_266' title='bbox 717 981 733 1015; x_wconf 84' lang='grc' dir='ltr'><strong>ἡ</strong></span> <span class='ocrx_word' id='word_1_267' title='bbox 752 980 909 1015; x_wconf 78' lang='grc' dir='ltr'><strong>ἀνθρωπίνη</strong></span> <span class='ocrx_word' id='word_1_268' title='bbox 925 980 996 1016; x_wconf 83' lang='grc' dir='ltr'>ὑπη-</span> 
     </span>
    </p>
   </div>
   <div class='ocr_carea' id='block_1_38' title="bbox 209 1025 994 1064">
    <p class='ocr_par' dir='ltr' id='par_1_38' title="bbox 209 1025 994 1064">
     <span class='ocr_line' id='line_1_38' title="bbox 209 1025 994 1064; baseline 0.003 -13"><span class='ocrx_word' id='word_1_269' title='bbox 209 1026 285 1060; x_wconf 83' lang='grc' dir='ltr'>ρεσία</span> <span class='ocrx_word' id='word_1_270' title='bbox 293 1025 346 1051; x_wconf 86' lang='grc' dir='ltr'><strong>τῶν</strong></span> <span class='ocrx_word' id='word_1_271' title='bbox 358 1025 486 1061; x_wconf 77' lang='grc' dir='ltr'>καθαρῶς</span> <span class='ocrx_word' id='word_1_272' title='bbox 495 1025 675 1052; x_wconf 84' lang='grc' dir='ltr'>δουλευόντων</span> <span class='ocrx_word' id='word_1_273' title='bbox 691 1026 738 1052; x_wconf 74' lang='grc' dir='ltr'>καὶ</span> <span class='ocrx_word' id='word_1_274' title='bbox 750 1026 892 1064; x_wconf 75' lang='grc' dir='ltr'>ἑκουσίως,</span> <span class='ocrx_word' id='word_1_275' title='bbox 905 1026 943 1058; x_wconf 83' lang='grc' dir='ltr'><strong>ὡς</strong></span> <span class='ocrx_word' id='word_1_276' title='bbox 954 1027 994 1058; x_wconf 84' lang='grc' dir='ltr'><strong>εἰς</strong></span> 
     </span>
    </p>
   </div>
   <div class='ocr_carea' id='block_1_39' title="bbox 206 1070 676 1107">
    <p class='ocr_par' dir='ltr' id='par_1_39' title="bbox 206 1070 676 1107">
     <span class='ocr_line' id='line_1_39' title="bbox 206 1070 676 1107; baseline 0.004 -11"><span class='ocrx_word' id='word_1_277' title='bbox 206 1070 272 1097; x_wconf 75' lang='grc' dir='ltr'>Θεὸν</span> <span class='ocrx_word' id='word_1_278' title='bbox 292 1071 463 1107; x_wconf 81' lang='grc' dir='ltr'>άναγομένης</span> <span class='ocrx_word' id='word_1_279' title='bbox 480 1071 529 1107; x_wconf 81' lang='grc' dir='ltr'><strong>τῆς</strong></span> <span class='ocrx_word' id='word_1_280' title='bbox 546 1071 676 1103; x_wconf 78' lang='grc' dir='ltr'>δουλείας.</span> 
     </span>
    </p>
   </div>
   <div class='ocr_carea' id='block_1_40' title="bbox 245 1203 995 1243">
    <p class='ocr_par' dir='ltr' id='par_1_40' title="bbox 245 1203 995 1243">
     <span class='ocr_line' id='line_1_40' title="bbox 245 1203 995 1243; baseline 0.004 -12"><span class='ocrx_word' id='word_1_281' title='bbox 245 1215 254 1231; x_wconf 76' lang='grc' dir='ltr'><strong>ι</strong></span> <span class='ocrx_word' id='word_1_282' title='bbox 275 1203 328 1231; x_wconf 92' lang='grc' dir='ltr'>Τοῦ</span> <span class='ocrx_word' id='word_1_283' title='bbox 347 1203 442 1231; x_wconf 82' lang='grc' dir='ltr'>λοιποῦ</span> <span class='ocrx_word' id='word_1_284' title='bbox 461 1204 659 1239; x_wconf 73' lang='grc' dir='ltr'>ἐνδυναμοῦσθε</span> <span class='ocrx_word' id='word_1_285' title='bbox 675 1205 704 1231; x_wconf 77' lang='grc' dir='ltr'>ἐν</span> <span class='ocrx_word' id='word_1_286' title='bbox 722 1205 828 1241; x_wconf 81' lang='grc' dir='ltr'>Κυρίῳ,</span> <span class='ocrx_word' id='word_1_287' title='bbox 846 1207 894 1234; x_wconf 71' lang='grc' dir='ltr'><strong>καὶ</strong></span> <span class='ocrx_word' id='word_1_288' title='bbox 913 1208 942 1234; x_wconf 81' lang='grc' dir='ltr'>ὲν</span> <span class='ocrx_word' id='word_1_289' title='bbox 956 1208 995 1243; x_wconf 85' lang='grc' dir='ltr'>τῷ</span> 
     </span>
    </p>
   </div>
   <div class='ocr_carea' id='block_1_41' title="bbox 207 1251 995 1288">
    <p class='ocr_par' dir='ltr' id='par_1_41' title="bbox 207 1251 995 1288">
     <span class='ocr_line' id='line_1_41' title="bbox 207 1251 995 1288; baseline 0.005 -11"><span class='ocrx_word' id='word_1_290' title='bbox 207 1251 305 1287; x_wconf 76' lang='grc' dir='ltr'>κράτει</span> <span class='ocrx_word' id='word_1_291' title='bbox 317 1251 368 1286; x_wconf 85' lang='grc' dir='ltr'><strong>τῆς</strong></span> <span class='ocrx_word' id='word_1_292' title='bbox 385 1251 476 1287; x_wconf 73' lang='grc' dir='ltr'>ἰσχύος</span> <span class='ocrx_word' id='word_1_293' title='bbox 491 1251 584 1278; x_wconf 81' lang='grc' dir='ltr'>αὑτοῦ.</span> <span class='ocrx_word' id='word_1_294' title='bbox 607 1251 768 1279; x_wconf 78' lang='grc' dir='ltr'>Ἐνδύσασθε</span> <span class='ocrx_word' id='word_1_295' title='bbox 782 1252 831 1288; x_wconf 85' lang='grc' dir='ltr'>τὴν</span> <span class='ocrx_word' id='word_1_296' title='bbox 844 1254 995 1281; x_wconf 72' lang='grc' dir='ltr'>πανοπλίαν</span> 
     </span>
    </p>
   </div>
   <div class='ocr_carea' id='block_1_42' title="bbox 206 1296 846 1333">
    <p class='ocr_par' dir='ltr' id='par_1_42' title="bbox 206 1296 846 1333">
     <span class='ocr_line' id='line_1_42' title="bbox 206 1296 846 1333; baseline 0.002 -9"><span class='ocrx_word' id='word_1_297' title='bbox 206 1297 253 1324; x_wconf 73' lang='grc' dir='ltr'><strong>τοῦ</strong></span> <span class='ocrx_word' id='word_1_298' title='bbox 269 1297 336 1324; x_wconf 85' lang='grc' dir='ltr'>Θεοῦ</span> <span class='ocrx_word' id='word_1_299' title='bbox 352 1297 420 1333; x_wconf 83' lang='grc' dir='ltr'>πρὸς</span> <span class='ocrx_word' id='word_1_300' title='bbox 434 1296 464 1323; x_wconf 86' lang='grc' dir='ltr'><strong>τδ</strong></span> <span class='ocrx_word' id='word_1_301' title='bbox 477 1296 606 1324; x_wconf 83' lang='grc' dir='ltr'>δύνασθαι</span> <span class='ocrx_word' id='word_1_302' title='bbox 621 1297 694 1332; x_wconf 80' lang='grc' dir='ltr'><strong>ὑμᾶς</strong></span> <span class='ocrx_word' id='word_1_303' title='bbox 708 1298 814 1333; x_wconf 85' lang='grc' dir='ltr'>στῆναι.</span> <span class='ocrx_word' id='word_1_304' title='bbox 837 1308 846 1324; x_wconf 83' lang='grc' dir='ltr'><strong>ι</strong></span> 
     </span>
    </p>
   </div>
   <div class='ocr_carea' id='block_1_43' title="bbox 244 1342 997 1379">
    <p class='ocr_par' dir='ltr' id='par_1_43' title="bbox 244 1342 997 1379">
     <span class='ocr_line' id='line_1_43' title="bbox 244 1342 997 1379; baseline 0.004 -10"><span class='ocrx_word' id='word_1_305' title='bbox 244 1343 363 1377; x_wconf 86' lang='grc' dir='ltr'>Δύναμιν</span> <span class='ocrx_word' id='word_1_306' title='bbox 380 1342 578 1379; x_wconf 82' lang='grc' dir='ltr'>προσγενέσθαι</span> <span class='ocrx_word' id='word_1_307' title='bbox 589 1343 629 1370; x_wconf 81' lang='grc' dir='ltr'><strong>δεῖ</strong></span> <span class='ocrx_word' id='word_1_308' title='bbox 640 1344 690 1379; x_wconf 83' lang='grc' dir='ltr'>τὴν</span> <span class='ocrx_word' id='word_1_309' title='bbox 706 1344 781 1379; x_wconf 80' lang='grc' dir='ltr'>παρὰ</span> <span class='ocrx_word' id='word_1_310' title='bbox 793 1343 871 1376; x_wconf 85' lang='grc' dir='ltr'>Θεοῦ,</span> <span class='ocrx_word' id='word_1_311' title='bbox 885 1346 940 1377; x_wconf 81' lang='grc' dir='ltr'>τοῖς</span> <span class='ocrx_word' id='word_1_312' title='bbox 955 1347 997 1378; x_wconf 81' lang='grc' dir='ltr'>είς</span> 
     </span>
    </p>
   </div>
   <div class='ocr_carea' id='block_1_44' title="bbox 208 1388 997 1426">
    <p class='ocr_par' dir='ltr' id='par_1_44' title="bbox 208 1388 997 1426">
     <span class='ocr_line' id='line_1_44' title="bbox 208 1388 997 1426; baseline 0.004 -12"><span class='ocrx_word' id='word_1_313' title='bbox 208 1388 349 1415; x_wconf 78' lang='grc' dir='ltr'>ἀσθένειαν</span> <span class='ocrx_word' id='word_1_314' title='bbox 368 1388 571 1416; x_wconf 73' lang='grc' dir='ltr'>καταπεσοῦσιν</span> <span class='ocrx_word' id='word_1_315' title='bbox 597 1389 770 1424; x_wconf 80' lang='grc' dir='ltr'>ἀνθρώποις,</span> <span class='ocrx_word' id='word_1_316' title='bbox 787 1390 830 1416; x_wconf 75' lang='grc' dir='ltr'>ἵνα</span> <span class='ocrx_word' id='word_1_317' title='bbox 854 1389 923 1426; x_wconf 82' lang='grc' dir='ltr'>λύσῃ</span> <span class='ocrx_word' id='word_1_318' title='bbox 947 1390 997 1424; x_wconf 85' lang='grc' dir='ltr'><strong>τὴν</strong></span> 
     </span>
    </p>
   </div>
   <div class='ocr_carea' id='block_1_45' title="bbox 208 1434 997 1471">
    <p class='ocr_par' dir='ltr' id='par_1_45' title="bbox 208 1434 997 1471">
     <span class='ocr_line' id='line_1_45' title="bbox 208 1434 997 1471; baseline 0 -9"><span class='ocrx_word' id='word_1_319' title='bbox 208 1434 352 1462; x_wconf 82' lang='grc' dir='ltr'>ἀσθένειαν</span> <span class='ocrx_word' id='word_1_320' title='bbox 369 1435 386 1470; x_wconf 83' lang='grc' dir='ltr'><strong>ή</strong></span> <span class='ocrx_word' id='word_1_321' title='bbox 412 1435 461 1470; x_wconf 82' lang='grc' dir='ltr'><strong>τῆς</strong></span> <span class='ocrx_word' id='word_1_322' title='bbox 480 1435 621 1470; x_wconf 86' lang='grc' dir='ltr'>δυνάμεως</span> <span class='ocrx_word' id='word_1_323' title='bbox 640 1435 821 1470; x_wconf 77' lang='grc' dir='ltr'>ἐπανάληψις.</span> <span class='ocrx_word' id='word_1_324' title='bbox 838 1435 893 1471; x_wconf 85' lang='grc' dir='ltr'>Τὴν</span> <span class='ocrx_word' id='word_1_325' title='bbox 908 1436 936 1462; x_wconf 79' lang='grc' dir='ltr'>δὲ</span> <span class='ocrx_word' id='word_1_326' title='bbox 956 1436 997 1462; x_wconf 78' lang='grc' dir='ltr'><strong>δύ-</strong></span> 
     </span>
    </p>
   </div>
   <div class='ocr_carea' id='block_1_46' title="bbox 208 1472 997 1517">
    <p class='ocr_par' dir='ltr' id='par_1_46' title="bbox 208 1472 997 1517">
     <span class='ocr_line' id='line_1_46' title="bbox 208 1472 997 1517; baseline 0.003 -10"><span class='ocrx_word' id='word_1_327' title='bbox 208 1489 290 1516; x_wconf 89' lang='grc' dir='ltr'>ναμιν</span> <span class='ocrx_word' id='word_1_328' title='bbox 304 1480 407 1516; x_wconf 87' lang='grc' dir='ltr'>ταύτην</span> <span class='ocrx_word' id='word_1_329' title='bbox 422 1472 526 1512; x_wconf 78' lang='grc' dir='ltr'>είκάζει</span> <span class='ocrx_word' id='word_1_330' title='bbox 545 1481 700 1516; x_wconf 75' lang='grc' dir='ltr'>πανοπλίᾳ,</span> <span class='ocrx_word' id='word_1_331' title='bbox 719 1481 824 1517; x_wconf 83' lang='grc' dir='ltr'>δηλῶν,</span> <span class='ocrx_word' id='word_1_332' title='bbox 846 1481 889 1508; x_wconf 83' lang='grc' dir='ltr'>ὅτι</span> <span class='ocrx_word' id='word_1_333' title='bbox 912 1481 997 1509; x_wconf 83' lang='grc' dir='ltr'>καθά-</span> 
     </span>
    </p>
   </div>
   <div class='ocr_carea' id='block_1_47' title="bbox 208 1526 997 1563">
    <p class='ocr_par' dir='ltr' id='par_1_47' title="bbox 208 1526 997 1563">
     <span class='ocr_line' id='line_1_47' title="bbox 208 1526 997 1563; baseline 0.003 -11"><span class='ocrx_word' id='word_1_334' title='bbox 208 1534 261 1561; x_wconf 86' lang='grc' dir='ltr'><strong>περ</strong></span> <span class='ocrx_word' id='word_1_335' title='bbox 275 1527 289 1552; x_wconf 84' lang='grc' dir='ltr'><strong>ὁ</strong></span> <span class='ocrx_word' id='word_1_336' title='bbox 302 1526 403 1561; x_wconf 73' lang='grc' dir='ltr'>γυμνὸς</span> <span class='ocrx_word' id='word_1_337' title='bbox 417 1527 448 1553; x_wconf 76' lang='grc' dir='ltr'><strong>οὐ</strong></span> <span class='ocrx_word' id='word_1_338' title='bbox 469 1526 580 1558; x_wconf 81' lang='grc' dir='ltr'>δυνατός</span> <span class='ocrx_word' id='word_1_339' title='bbox 599 1527 674 1554; x_wconf 76' lang='grc' dir='ltr'>ἐστιν</span> <span class='ocrx_word' id='word_1_340' title='bbox 687 1527 726 1559; x_wconf 78' lang='grc' dir='ltr'>είς</span> <span class='ocrx_word' id='word_1_341' title='bbox 765 1529 897 1563; x_wconf 76' lang='grc' dir='ltr'>πόλεμον,</span> <span class='ocrx_word' id='word_1_342' title='bbox 911 1528 997 1560; x_wconf 77' lang='grc' dir='ltr'>οὕτως</span> 
     </span>
    </p>
   </div>
   <div class='ocr_carea' id='block_1_48' title="bbox 209 1560 1032 1611">
    <p class='ocr_par' dir='ltr' id='par_1_48' title="bbox 209 1560 1032 1611">
     <span class='ocr_line' id='line_1_48' title="bbox 209 1560 1032 1611; baseline 0.002 -12"><span class='ocrx_word' id='word_1_343' title='bbox 209 1573 224 1599; x_wconf 79' lang='grc' dir='ltr'><strong>ὁ</strong></span> <span class='ocrx_word' id='word_1_344' title='bbox 244 1560 401 1607; x_wconf 80' lang='grc' dir='ltr'>[Ινεύματος</span> <span class='ocrx_word' id='word_1_345' title='bbox 417 1573 561 1608; x_wconf 81' lang='grc' dir='ltr'>ἀμέτοχος,</span> <span class='ocrx_word' id='word_1_346' title='bbox 573 1574 603 1600; x_wconf 83' lang='grc' dir='ltr'>οὐ</span> <span class='ocrx_word' id='word_1_347' title='bbox 616 1573 730 1606; x_wconf 80' lang='grc' dir='ltr'>δυνατὸς</span> <span class='ocrx_word' id='word_1_348' title='bbox 744 1574 813 1611; x_wconf 77' lang='grc' dir='ltr'>πρὸς</span> <span class='ocrx_word' id='word_1_349' title='bbox 824 1560 870 1601; x_wconf 75' lang='grc' dir='ltr'><strong>τὸν</strong></span> <span class='ocrx_word' id='word_1_350' title='bbox 881 1573 931 1609; x_wconf 84' lang='grc' dir='ltr'><strong>τὴν</strong></span> <span class='ocrx_word' id='word_1_351' title='bbox 947 1583 997 1601; x_wconf 84' lang='grc' dir='ltr'>κα·</span> <span class='ocrx_word' id='word_1_352' title='bbox 1011 1560 1032 1589; x_wconf 74' lang='lat' dir='ltr'><strong>C&#39;</strong></span> 
     </span>
    </p>
   </div>
   <div class='ocr_carea' id='block_1_49' title="bbox 210 1617 717 1654">
    <p class='ocr_par' dir='ltr' id='par_1_49' title="bbox 210 1617 717 1654">
     <span class='ocr_line' id='line_1_49' title="bbox 210 1617 717 1654; baseline 0.006 -10"><span class='ocrx_word' id='word_1_353' title='bbox 210 1617 273 1644; x_wconf 83' lang='grc' dir='ltr'>κίαν</span> <span class='ocrx_word' id='word_1_354' title='bbox 287 1618 501 1654; x_wconf 74' lang='grc' dir='ltr'>ἐξεργαζόμενον</span> <span class='ocrx_word' id='word_1_355' title='bbox 519 1619 565 1646; x_wconf 82' lang='grc' dir='ltr'><strong>τὸν</strong></span> <span class='ocrx_word' id='word_1_356' title='bbox 584 1619 717 1648; x_wconf 80' lang='grc' dir='ltr'>διάϐολον.</span> 
     </span>
    </p>
   </div>
   <div class='ocr_carea' id='block_1_50' title="bbox 249 1708 1000 1744">
    <p class='ocr_par' dir='ltr' id='par_1_50' title="bbox 249 1708 1000 1744">
     <span class='ocr_line' id='line_1_50' title="bbox 249 1708 1000 1744; baseline 0.005 -10"><span class='ocrx_word' id='word_1_357' title='bbox 249 1717 259 1734; x_wconf 74' lang='grc' dir='ltr'><strong>ι</strong></span> <span class='ocrx_word' id='word_1_358' title='bbox 279 1708 351 1744; x_wconf 83' lang='grc' dir='ltr'><strong>Πρὸς</strong></span> <span class='ocrx_word' id='word_1_359' title='bbox 362 1709 412 1740; x_wconf 76' lang='grc' dir='ltr'><strong>τὰς</strong></span> <span class='ocrx_word' id='word_1_360' title='bbox 427 1708 568 1743; x_wconf 85' lang='grc' dir='ltr'>μεθοδείας</span> <span class='ocrx_word' id='word_1_361' title='bbox 580 1709 627 1736; x_wconf 86' lang='grc' dir='ltr'><strong>τοῦ</strong></span> <span class='ocrx_word' id='word_1_362' title='bbox 641 1709 776 1736; x_wconf 73' lang='grc' dir='ltr'>διαϐόλου.</span> <span class='ocrx_word' id='word_1_363' title='bbox 789 1710 849 1737; x_wconf 83' lang='grc' dir='ltr'>Ὀτι</span> <span class='ocrx_word' id='word_1_364' title='bbox 866 1711 915 1738; x_wconf 77' lang='grc' dir='ltr'><strong>οὐκ</strong></span> <span class='ocrx_word' id='word_1_365' title='bbox 926 1711 1000 1738; x_wconf 81' lang='grc' dir='ltr'>ἔστιν</span> 
     </span>
    </p>
   </div>
   <div class='ocr_carea' id='block_1_51' title="bbox 211 1752 1000 1791">
    <p class='ocr_par' dir='ltr' id='par_1_51' title="bbox 211 1752 1000 1791">
     <span class='ocr_line' id='line_1_51' title="bbox 211 1752 1000 1791; baseline 0.003 -11"><span class='ocrx_word' id='word_1_366' title='bbox 211 1755 278 1790; x_wconf 83' lang='grc' dir='ltr'>ἡμῖν</span> <span class='ocrx_word' id='word_1_367' title='bbox 291 1755 308 1790; x_wconf 82' lang='grc' dir='ltr'>ἡ</span> <span class='ocrx_word' id='word_1_368' title='bbox 328 1755 398 1790; x_wconf 83' lang='grc' dir='ltr'>πάλη</span> <span class='ocrx_word' id='word_1_369' title='bbox 425 1755 492 1790; x_wconf 80' lang='grc' dir='ltr'>πρὸς</span> <span class='ocrx_word' id='word_1_370' title='bbox 506 1752 576 1790; x_wconf 80' lang='grc' dir='ltr'>αἷμα</span> <span class='ocrx_word' id='word_1_371' title='bbox 593 1755 640 1781; x_wconf 76' lang='grc' dir='ltr'><strong>καί¹</strong></span> <span class='ocrx_word' id='word_1_372' title='bbox 663 1755 762 1790; x_wconf 82' lang='grc' dir='ltr'>σάρκα,</span> <span class='ocrx_word' id='word_1_373' title='bbox 781 1755 850 1782; x_wconf 80' lang='grc' dir='ltr'>ἀλλὰ</span> <span class='ocrx_word' id='word_1_374' title='bbox 868 1756 936 1791; x_wconf 74' lang='grc' dir='ltr'>πρὸς</span> <span class='ocrx_word' id='word_1_375' title='bbox 950 1756 1000 1788; x_wconf 83' lang='grc' dir='ltr'><strong>τὰς</strong></span> 
     </span>
    </p>
   </div>
   <div class='ocr_carea' id='block_1_52' title="bbox 212 1800 1000 1837">
    <p class='ocr_par' dir='ltr' id='par_1_52' title="bbox 212 1800 1000 1837">
     <span class='ocr_line' id='line_1_52' title="bbox 212 1800 1000 1837; baseline 0.003 -10"><span class='ocrx_word' id='word_1_376' title='bbox 212 1800 309 1835; x_wconf 79' lang='grc' dir='ltr'>ἀρχὰς,</span> <span class='ocrx_word' id='word_1_377' title='bbox 329 1801 396 1836; x_wconf 77' lang='grc' dir='ltr'>πρὸς</span> <span class='ocrx_word' id='word_1_378' title='bbox 419 1801 483 1833; x_wconf 74' lang='grc' dir='ltr'>τοὺς</span> <span class='ocrx_word' id='word_1_379' title='bbox 505 1802 733 1837; x_wconf 79' lang='grc' dir='ltr'>κοσμοκράτορας</span> <span class='ocrx_word' id='word_1_380' title='bbox 747 1802 795 1828; x_wconf 86' lang='grc' dir='ltr'><strong>τοῦ</strong></span> <span class='ocrx_word' id='word_1_381' title='bbox 821 1803 932 1834; x_wconf 76' lang='grc' dir='ltr'>σκότους</span> <span class='ocrx_word' id='word_1_382' title='bbox 953 1802 1000 1829; x_wconf 87' lang='grc' dir='ltr'><strong>τοῦ</strong></span> 
     </span>
    </p>
   </div>
   <div class='ocr_carea' id='block_1_53' title="bbox 212 1844 1000 1883">
    <p class='ocr_par' dir='ltr' id='par_1_53' title="bbox 212 1844 1000 1883">
     <span class='ocr_line' id='line_1_53' title="bbox 212 1844 1000 1883; baseline 0.004 -12"><span class='ocrx_word' id='word_1_383' title='bbox 212 1844 310 1877; x_wconf 81' lang='grc' dir='ltr'>αἰῶνος</span> <span class='ocrx_word' id='word_1_384' title='bbox 326 1845 433 1878; x_wconf 82' lang='grc' dir='ltr'>τούτου,</span> <span class='ocrx_word' id='word_1_385' title='bbox 452 1846 520 1881; x_wconf 74' lang='grc' dir='ltr'>πρὸς</span> <span class='ocrx_word' id='word_1_386' title='bbox 537 1846 570 1873; x_wconf 81' lang='grc' dir='ltr'>τὰ</span> <span class='ocrx_word' id='word_1_387' title='bbox 589 1846 733 1882; x_wconf 80' lang='grc' dir='ltr'>πνεύματα</span> <span class='ocrx_word' id='word_1_388' title='bbox 754 1847 804 1881; x_wconf 84' lang='grc' dir='ltr'><strong>τῆς</strong></span> <span class='ocrx_word' id='word_1_389' title='bbox 820 1848 953 1883; x_wconf 85' lang='grc' dir='ltr'>πονηρίας</span> <span class='ocrx_word' id='word_1_390' title='bbox 973 1848 1000 1875; x_wconf 86' lang='grc' dir='ltr'>ὲν</span> 
     </span>
    </p>
   </div>
   <div class='ocr_carea' id='block_1_54' title="bbox 211 1892 1001 1928">
    <p class='ocr_par' dir='ltr' id='par_1_54' title="bbox 211 1892 1001 1928">
     <span class='ocr_line' id='line_1_54' title="bbox 211 1892 1001 1928; baseline 0.001 -9"><span class='ocrx_word' id='word_1_391' title='bbox 211 1894 268 1925; x_wconf 81' lang='grc' dir='ltr'>τοῖς</span> <span class='ocrx_word' id='word_1_392' title='bbox 281 1893 462 1928; x_wconf 72' lang='grc' dir='ltr'>ἐπουρανίοις.</span> <span class='ocrx_word' id='word_1_393' title='bbox 476 1893 525 1919; x_wconf 77' lang='grc' dir='ltr'><strong>Διὰ</strong></span> <span class='ocrx_word' id='word_1_394' title='bbox 536 1892 614 1919; x_wconf 88' lang='grc' dir='ltr'>τοῦτο</span> <span class='ocrx_word' id='word_1_395' title='bbox 627 1892 776 1920; x_wconf 77' lang='grc' dir='ltr'>ἀναλάϐετε</span> <span class='ocrx_word' id='word_1_396' title='bbox 786 1893 836 1928; x_wconf 86' lang='grc' dir='ltr'><strong>τὴν</strong></span> <span class='ocrx_word' id='word_1_397' title='bbox 849 1893 1001 1920; x_wconf 78' lang='grc' dir='ltr'>πανοπλίαν</span> 
     </span>
    </p>
   </div>
   <div class='ocr_carea' id='block_1_55' title="bbox 212 1939 1000 1976">
    <p class='ocr_par' dir='ltr' id='par_1_55' title="bbox 212 1939 1000 1976">
     <span class='ocr_line' id='line_1_55' title="bbox 212 1939 1000 1976; baseline 0.003 -11"><span class='ocrx_word' id='word_1_398' title='bbox 212 1939 260 1965; x_wconf 81' lang='grc' dir='ltr'><strong>τοῦ</strong></span> <span class='ocrx_word' id='word_1_399' title='bbox 275 1939 352 1972; x_wconf 87' lang='grc' dir='ltr'>Θεοῦ,</span> <span class='ocrx_word' id='word_1_400' title='bbox 375 1939 418 1966; x_wconf 85' lang='grc' dir='ltr'>ἴνα</span> <span class='ocrx_word' id='word_1_401' title='bbox 434 1939 568 1975; x_wconf 80' lang='grc' dir='ltr'>δυνηθῆτε</span> <span class='ocrx_word' id='word_1_402' title='bbox 586 1939 746 1974; x_wconf 72' lang='grc' dir='ltr'>ἀντιστῆναι</span> <span class='ocrx_word' id='word_1_403' title='bbox 765 1940 795 1965; x_wconf 78' lang='grc' dir='ltr'>ἐν</span> <span class='ocrx_word' id='word_1_404' title='bbox 807 1941 841 1975; x_wconf 87' lang='grc' dir='ltr'>τῇ</span> <span class='ocrx_word' id='word_1_405' title='bbox 859 1940 953 1976; x_wconf 76' lang='grc' dir='ltr'>ἡμέρᾳ</span> <span class='ocrx_word' id='word_1_406' title='bbox 967 1942 1000 1976; x_wconf 85' lang='grc' dir='ltr'>τῇ</span> 
     </span>
    </p>
   </div>
   <div class='ocr_carea' id='block_1_56' title="bbox 213 1985 922 2022">
    <p class='ocr_par' dir='ltr' id='par_1_56' title="bbox 213 1985 922 2022">
     <span class='ocr_line' id='line_1_56' title="bbox 213 1985 922 2022; baseline 0 -10"><span class='ocrx_word' id='word_1_407' title='bbox 213 1986 335 2022; x_wconf 82' lang='grc' dir='ltr'>πονηρᾷ,</span> <span class='ocrx_word' id='word_1_408' title='bbox 350 1985 399 2013; x_wconf 75' lang='grc' dir='ltr'>καὶ</span> <span class='ocrx_word' id='word_1_409' title='bbox 413 1985 520 2013; x_wconf 77' lang='grc' dir='ltr'>ἅπαντα</span> <span class='ocrx_word' id='word_1_410' title='bbox 535 1986 772 2021; x_wconf 80' lang='grc' dir='ltr'>κατεργασαμένοι</span> <span class='ocrx_word' id='word_1_411' title='bbox 788 1986 893 2020; x_wconf 86' lang='grc' dir='ltr'>στῆναι.</span> <span class='ocrx_word' id='word_1_412' title='bbox 913 1995 922 2012; x_wconf 90' lang='grc' dir='ltr'><strong>ι</strong></span> 
     </span>
    </p>
   </div>
   <div class='ocr_carea' id='block_1_57' title="bbox 248 2031 1001 2067">
    <p class='ocr_par' dir='ltr' id='par_1_57' title="bbox 248 2031 1001 2067">
     <span class='ocr_line' id='line_1_57' title="bbox 248 2031 1001 2067; baseline -0.001 -8"><span class='ocrx_word' id='word_1_413' title='bbox 248 2032 413 2059; x_wconf 81' lang='grc' dir='ltr'>Μεθοδείαν</span> <span class='ocrx_word' id='word_1_414' title='bbox 426 2031 509 2067; x_wconf 76' lang='grc' dir='ltr'>αὐτὴν</span> <span class='ocrx_word' id='word_1_415' title='bbox 522 2032 609 2064; x_wconf 79' lang='grc' dir='ltr'>καλεῖ,</span> <span class='ocrx_word' id='word_1_416' title='bbox 621 2031 670 2067; x_wconf 75' lang='grc' dir='ltr'>τὴν</span> <span class='ocrx_word' id='word_1_417' title='bbox 682 2031 729 2058; x_wconf 80' lang='grc' dir='ltr'><strong>τοῦ</strong></span> <span class='ocrx_word' id='word_1_418' title='bbox 739 2031 862 2058; x_wconf 72' lang='grc' dir='ltr'>διαϐόλου</span> <span class='ocrx_word' id='word_1_419' title='bbox 879 2041 1001 2067; x_wconf 79' lang='grc' dir='ltr'>κακουρ-</span> 
     </span>
    </p>
   </div>
   <div class='ocr_carea' id='block_1_58' title="bbox 212 2076 1001 2113">
    <p class='ocr_par' dir='ltr' id='par_1_58' title="bbox 212 2076 1001 2113">
     <span class='ocr_line' id='line_1_58' title="bbox 212 2076 1001 2113; baseline 0.001 -10"><span class='ocrx_word' id='word_1_420' title='bbox 212 2078 291 2111; x_wconf 84' lang='grc' dir='ltr'>γίαν,</span> <span class='ocrx_word' id='word_1_421' title='bbox 308 2079 348 2105; x_wconf 82' lang='grc' dir='ltr'><strong>ὅτι</strong></span> <span class='ocrx_word' id='word_1_422' title='bbox 364 2079 414 2105; x_wconf 80' lang='grc' dir='ltr'>οὒκ</span> <span class='ocrx_word' id='word_1_423' title='bbox 428 2076 458 2110; x_wconf 76' lang='grc' dir='ltr'>ἐξ</span> <span class='ocrx_word' id='word_1_424' title='bbox 480 2078 588 2109; x_wconf 80' lang='grc' dir='ltr'>εὐθείας</span> <span class='ocrx_word' id='word_1_425' title='bbox 608 2078 622 2105; x_wconf 81' lang='grc' dir='ltr'><strong>δ</strong></span> <span class='ocrx_word' id='word_1_426' title='bbox 647 2078 771 2113; x_wconf 77' lang='grc' dir='ltr'>βούλεται</span> <span class='ocrx_word' id='word_1_427' title='bbox 797 2078 1001 2106; x_wconf 80' lang='grc' dir='ltr'>κατασκευάσαι</span> 
     </span>
    </p>
   </div>
   <div class='ocr_carea' id='block_1_59' title="bbox 211 2123 1002 2159">
    <p class='ocr_par' dir='ltr' id='par_1_59' title="bbox 211 2123 1002 2159">
     <span class='ocr_line' id='line_1_59' title="bbox 211 2123 1002 2159; baseline -0.001 -9"><span class='ocrx_word' id='word_1_428' title='bbox 211 2124 357 2156; x_wconf 85' lang='grc' dir='ltr'>δείκνυσιν,</span> <span class='ocrx_word' id='word_1_429' title='bbox 378 2123 449 2150; x_wconf 82' lang='grc' dir='ltr'>ὥστε</span> <span class='ocrx_word' id='word_1_430' title='bbox 469 2123 506 2159; x_wconf 81' lang='grc' dir='ltr'>μὴ</span> <span class='ocrx_word' id='word_1_431' title='bbox 529 2123 656 2157; x_wconf 82' lang='grc' dir='ltr'>γενέσθαι</span> <span class='ocrx_word' id='word_1_432' title='bbox 672 2123 835 2159; x_wconf 80' lang='grc' dir='ltr'>κατάφωρος</span> <span class='ocrx_word' id='word_1_433' title='bbox 848 2143 855 2155; x_wconf 86' lang='grc'><strong>,</strong></span> <span class='ocrx_word' id='word_1_434' title='bbox 871 2123 928 2150; x_wconf 63' lang='lat' dir='ltr'><strong>cur</strong></span> <span class='ocrx_word' id='word_1_435' title='bbox 944 2124 1002 2150; x_wconf 78' lang='grc' dir='ltr'>ἕτε-</span> 
     </span>
    </p>
   </div>
   <div class='ocr_carea' id='block_1_60' title="bbox 214 2168 999 2204">
    <p class='ocr_par' dir='ltr' id='par_1_60' title="bbox 214 2168 999 2204">
     <span class='ocr_line' id='line_1_60' title="bbox 214 2168 999 2204; baseline 0 -10"><span class='ocrx_word' id='word_1_436' title='bbox 214 2178 260 2204; x_wconf 82' lang='grc' dir='ltr'><strong>ρον</strong></span> <span class='ocrx_word' id='word_1_437' title='bbox 277 2168 366 2204; x_wconf 76' lang='grc' dir='ltr'>ἑαυτῷ</span> <span class='ocrx_word' id='word_1_438' title='bbox 387 2168 538 2203; x_wconf 78' lang='grc' dir='ltr'>περιτιθεὶς</span> <span class='ocrx_word' id='word_1_439' title='bbox 555 2169 736 2203; x_wconf 83' lang='grc' dir='ltr'>προσωπεῖον,</span> <span class='ocrx_word' id='word_1_440' title='bbox 747 2168 829 2204; x_wconf 73' lang='grc' dir='ltr'>ἔτερα</span> <span class='ocrx_word' id='word_1_441' title='bbox 845 2168 999 2195; x_wconf 78' lang='grc' dir='ltr'>τεκταίνει”</span> 
     </span>
    </p>
   </div>
   <div class='ocr_carea' id='block_1_61' title="bbox 213 2214 1040 2260">
    <p class='ocr_par' dir='ltr' id='par_1_61' title="bbox 213 2214 1040 2260">
     <span class='ocr_line' id='line_1_61' title="bbox 213 2214 1040 2260; baseline -0.001 -19"><span class='ocrx_word' id='word_1_442' title='bbox 213 2215 260 2241; x_wconf 75' lang='grc' dir='ltr'>καὶ</span> <span class='ocrx_word' id='word_1_443' title='bbox 281 2215 405 2249; x_wconf 82' lang='grc' dir='ltr'>καθάπερ</span> <span class='ocrx_word' id='word_1_444' title='bbox 423 2214 552 2249; x_wconf 81' lang='grc' dir='ltr'>πολέμιος</span> <span class='ocrx_word' id='word_1_445' title='bbox 572 2214 726 2249; x_wconf 73' lang='grc' dir='ltr'>κακουργὸς</span> <span class='ocrx_word' id='word_1_446' title='bbox 742 2214 818 2240; x_wconf 82' lang='grc' dir='ltr'>πόλει</span> <span class='ocrx_word' id='word_1_447' title='bbox 841 2214 1002 2250; x_wconf 76' lang='grc' dir='ltr'>προσϐαλὼν</span> <span class='ocrx_word' id='word_1_448' title='bbox 1018 2233 1040 2260; x_wconf 75' lang='lat' dir='ltr'><strong>D</strong></span> 
     </span>
    </p>
   </div>
   <div class='ocr_carea' id='block_1_62' title="bbox 213 2259 1002 2296">
    <p class='ocr_par' dir='ltr' id='par_1_62' title="bbox 213 2259 1002 2296">
     <span class='ocr_line' id='line_1_62' title="bbox 213 2259 1002 2296; baseline -0.001 -9"><span class='ocrx_word' id='word_1_449' title='bbox 213 2261 260 2286; x_wconf 78' lang='grc' dir='ltr'><strong>καὶ</strong></span> <span class='ocrx_word' id='word_1_450' title='bbox 281 2261 400 2296; x_wconf 81' lang='grc' dir='ltr'>τείχεσι,</span> <span class='ocrx_word' id='word_1_451' title='bbox 423 2260 549 2287; x_wconf 80' lang='grc' dir='ltr'>κάτωθεν</span> <span class='ocrx_word' id='word_1_452' title='bbox 573 2260 723 2295; x_wconf 85' lang='grc' dir='ltr'>ὑπορύττει</span> <span class='ocrx_word' id='word_1_453' title='bbox 746 2259 904 2293; x_wconf 83' lang='grc' dir='ltr'>λανθάνων,</span> <span class='ocrx_word' id='word_1_454' title='bbox 931 2260 1002 2287; x_wconf 76' lang='grc' dir='ltr'>ὥστε</span> 
     </span>
    </p>
   </div>
   <div class='ocr_carea' id='block_1_63' title="bbox 213 2305 1003 2342">
    <p class='ocr_par' dir='ltr' id='par_1_63' title="bbox 213 2305 1003 2342">
     <span class='ocr_line' id='line_1_63' title="bbox 213 2305 1003 2342; baseline 0 -10"><span class='ocrx_word' id='word_1_455' title='bbox 213 2305 299 2342; x_wconf 77' lang='grc' dir='ltr'>ταύτῃ</span> <span class='ocrx_word' id='word_1_456' title='bbox 315 2306 444 2340; x_wconf 83' lang='grc' dir='ltr'>γενέσθαι</span> <span class='ocrx_word' id='word_1_457' title='bbox 461 2305 658 2340; x_wconf 79' lang='grc' dir='ltr'>δυσφύλακτος,</span> <span class='ocrx_word' id='word_1_458' title='bbox 676 2305 725 2332; x_wconf 78' lang='grc' dir='ltr'><strong>καὶ</strong></span> <span class='ocrx_word' id='word_1_459' title='bbox 739 2305 912 2340; x_wconf 79' lang='grc' dir='ltr'>κατορθῶσαι</span> <span class='ocrx_word' id='word_1_460' title='bbox 930 2305 1003 2340; x_wconf 79' lang='grc' dir='ltr'>ἆπερ</span> 
     </span>
    </p>
   </div>
   <div class='ocr_carea' id='block_1_64' title="bbox 214 2349 390 2377">
    <p class='ocr_par' dir='ltr' id='par_1_64' title="bbox 214 2349 390 2377">
     <span class='ocr_line' id='line_1_64' title="bbox 214 2349 390 2377; baseline 0.011 -2"><span class='ocrx_word' id='word_1_461' title='bbox 214 2349 390 2377; x_wconf 75' lang='grc' dir='ltr'>ἐσπούδακεν.</span> 
     </span>
    </p>
   </div>
   <div class='ocr_carea' id='block_1_65' title="bbox 251 2392 1003 2432">
    <p class='ocr_par' dir='ltr' id='par_1_65' title="bbox 251 2392 1003 2432">
     <span class='ocr_line' id='line_1_65' title="bbox 251 2392 1003 2432; baseline 0.001 -11"><span class='ocrx_word' id='word_1_462' title='bbox 251 2405 261 2421; x_wconf 79' lang='grc' dir='ltr'><strong>ι</strong></span> <span class='ocrx_word' id='word_1_463' title='bbox 283 2395 369 2429; x_wconf 85' lang='grc' dir='ltr'>Στῆτε</span> <span class='ocrx_word' id='word_1_464' title='bbox 386 2392 433 2423; x_wconf 81' lang='grc' dir='ltr'><strong>οὖν</strong></span> <span class='ocrx_word' id='word_1_465' title='bbox 454 2396 675 2432; x_wconf 86' lang='grc' dir='ltr'>περιζωσάμενοι</span> <span class='ocrx_word' id='word_1_466' title='bbox 695 2396 744 2431; x_wconf 79' lang='grc' dir='ltr'>τὴν</span> <span class='ocrx_word' id='word_1_467' title='bbox 776 2395 863 2430; x_wconf 73' lang='grc' dir='ltr'>ὀσφὺν</span> <span class='ocrx_word' id='word_1_468' title='bbox 881 2395 959 2431; x_wconf 81' lang='grc' dir='ltr'>ὑμῶν</span> <span class='ocrx_word' id='word_1_469' title='bbox 975 2396 1003 2422; x_wconf 76' lang='grc' dir='ltr'>ἐν</span> 
     </span>
    </p>
   </div>
   <div class='ocr_carea' id='block_1_66' title="bbox 213 2440 1003 2477">
    <p class='ocr_par' dir='ltr' id='par_1_66' title="bbox 213 2440 1003 2477">
     <span class='ocr_line' id='line_1_66' title="bbox 213 2440 1003 2477; baseline 0.003 -11"><span class='ocrx_word' id='word_1_470' title='bbox 213 2440 338 2476; x_wconf 73' lang='grc' dir='ltr'>ἀληθεία,</span> <span class='ocrx_word' id='word_1_471' title='bbox 357 2441 405 2469; x_wconf 71' lang='grc' dir='ltr'><strong>καὶ</strong></span> <span class='ocrx_word' id='word_1_472' title='bbox 422 2442 598 2477; x_wconf 73' lang='grc' dir='ltr'>ἐνδυσάμενοι</span> <span class='ocrx_word' id='word_1_473' title='bbox 621 2442 667 2469; x_wconf 81' lang='grc' dir='ltr'>τὸν</span> <span class='ocrx_word' id='word_1_474' title='bbox 686 2441 799 2477; x_wconf 85' lang='grc' dir='ltr'>θώρακα</span> <span class='ocrx_word' id='word_1_475' title='bbox 822 2441 873 2476; x_wconf 74' lang='grc' dir='ltr'><strong>τῆς</strong></span> <span class='ocrx_word' id='word_1_476' title='bbox 896 2442 1003 2469; x_wconf 87' lang='grc' dir='ltr'>δικαιο-</span> 
     </span>
    </p>
   </div>
   <div class='ocr_carea' id='block_1_67' title="bbox 215 2486 1004 2524">
    <p class='ocr_par' dir='ltr' id='par_1_67' title="bbox 215 2486 1004 2524">
     <span class='ocr_line' id='line_1_67' title="bbox 215 2486 1004 2524; baseline 0.001 -11"><span class='ocrx_word' id='word_1_477' title='bbox 215 2486 314 2520; x_wconf 62' lang='grc' dir='ltr'>σύνης,</span> <span class='ocrx_word' id='word_1_478' title='bbox 329 2487 376 2514; x_wconf 68' lang='grc' dir='ltr'>καὶ</span> <span class='ocrx_word' id='word_1_479' title='bbox 391 2488 593 2523; x_wconf 84' lang='grc' dir='ltr'>ὑποδησάμενοι</span> <span class='ocrx_word' id='word_1_480' title='bbox 618 2488 682 2520; x_wconf 80' lang='grc' dir='ltr'>τοὺς</span> <span class='ocrx_word' id='word_1_481' title='bbox 699 2488 785 2519; x_wconf 84' lang='grc' dir='ltr'>πόδας</span> <span class='ocrx_word' id='word_1_482' title='bbox 804 2488 833 2514; x_wconf 85' lang='grc' dir='ltr'>ὲν</span> <span class='ocrx_word' id='word_1_483' title='bbox 859 2488 1004 2524; x_wconf 79' lang='grc' dir='ltr'>ἑτοιμασίᾳ</span> 
     </span>
    </p>
   </div>
   <div class='ocr_carea' id='block_1_68' title="bbox 213 2532 1004 2570">
    <p class='ocr_par' dir='ltr' id='par_1_68' title="bbox 213 2532 1004 2570">
     <span class='ocr_line' id='line_1_68' title="bbox 213 2532 1004 2570; baseline 0.001 -11"><span class='ocrx_word' id='word_1_484' title='bbox 213 2532 261 2559; x_wconf 82' lang='grc' dir='ltr'><strong>τοῦ</strong></span> <span class='ocrx_word' id='word_1_485' title='bbox 282 2533 449 2567; x_wconf 83' lang='grc' dir='ltr'>Εὐαγγελίου</span> <span class='ocrx_word' id='word_1_486' title='bbox 465 2534 515 2568; x_wconf 81' lang='grc' dir='ltr'><strong>τῆς</strong></span> <span class='ocrx_word' id='word_1_487' title='bbox 531 2535 653 2570; x_wconf 78' lang='grc' dir='ltr'>εἰρήνης.</span> <span class='ocrx_word' id='word_1_488' title='bbox 676 2535 737 2561; x_wconf 79' lang='grc' dir='ltr'><strong>Ἐπὶ</strong></span> <span class='ocrx_word' id='word_1_489' title='bbox 754 2536 836 2561; x_wconf 80' lang='grc' dir='ltr'>πᾶσιν</span> <span class='ocrx_word' id='word_1_490' title='bbox 856 2534 1004 2561; x_wconf 75' lang='grc' dir='ltr'>ἀναλαϐόν-</span> 
     </span>
    </p>
   </div>
   <div class='ocr_carea' id='block_1_69' title="bbox 213 2577 1005 2615">
    <p class='ocr_par' dir='ltr' id='par_1_69' title="bbox 213 2577 1005 2615">
     <span class='ocr_line' id='line_1_69' title="bbox 213 2577 1005 2615; baseline 0.003 -10"><span class='ocrx_word' id='word_1_491' title='bbox 213 2587 260 2608; x_wconf 77' lang='grc' dir='ltr'>τες</span> <span class='ocrx_word' id='word_1_492' title='bbox 274 2578 320 2605; x_wconf 73' lang='grc' dir='ltr'>τὸν</span> <span class='ocrx_word' id='word_1_493' title='bbox 336 2578 432 2614; x_wconf 75' lang='grc' dir='ltr'>θυρεὸν</span> <span class='ocrx_word' id='word_1_494' title='bbox 444 2580 495 2614; x_wconf 84' lang='grc' dir='ltr'><strong>τῆς</strong></span> <span class='ocrx_word' id='word_1_495' title='bbox 512 2580 643 2612; x_wconf 79' lang='grc' dir='ltr'>πίστεως,</span> <span class='ocrx_word' id='word_1_496' title='bbox 661 2580 690 2607; x_wconf 83' lang='grc' dir='ltr'><strong>ἐν</strong></span> <span class='ocrx_word' id='word_1_497' title='bbox 707 2577 729 2614; x_wconf 81' lang='grc' dir='ltr'>ᾧ</span> <span class='ocrx_word' id='word_1_498' title='bbox 749 2580 897 2615; x_wconf 84' lang='grc' dir='ltr'>δυνήσεσθε</span> <span class='ocrx_word' id='word_1_499' title='bbox 915 2580 1005 2607; x_wconf 88' lang='grc' dir='ltr'>πάντα</span> 
     </span>
    </p>
   </div>
   <div class='ocr_carea' id='block_1_70' title="bbox 213 2623 1005 2660">
    <p class='ocr_par' dir='ltr' id='par_1_70' title="bbox 213 2623 1005 2660">
     <span class='ocr_line' id='line_1_70' title="bbox 213 2623 1005 2660; baseline 0.004 -11"><span class='ocrx_word' id='word_1_500' title='bbox 213 2623 247 2650; x_wconf 72' lang='grc' dir='ltr'>τὰ</span> <span class='ocrx_word' id='word_1_501' title='bbox 268 2623 334 2659; x_wconf 80' lang='grc' dir='ltr'>βέλη</span> <span class='ocrx_word' id='word_1_502' title='bbox 363 2623 410 2650; x_wconf 83' lang='grc' dir='ltr'><strong>τοῦ</strong></span> <span class='ocrx_word' id='word_1_503' title='bbox 430 2624 549 2659; x_wconf 84' lang='grc' dir='ltr'>πονηροῦ</span> <span class='ocrx_word' id='word_1_504' title='bbox 576 2625 610 2651; x_wconf 84' lang='grc' dir='ltr'>τὰ</span> <span class='ocrx_word' id='word_1_505' title='bbox 627 2625 816 2660; x_wconf 77' lang='grc' dir='ltr'>πεπυρωμένα</span> <span class='ocrx_word' id='word_1_506' title='bbox 834 2625 930 2652; x_wconf 79' lang='grc' dir='ltr'>σὸἐσαι</span> <span class='ocrx_word' id='word_1_507' title='bbox 957 2627 1005 2652; x_wconf 82' lang='grc' dir='ltr'>καὶ</span> 
     </span>
    </p>
   </div>
   <div class='ocr_carea' id='block_1_71' title="bbox 213 2670 1006 2707">
    <p class='ocr_par' dir='ltr' id='par_1_71' title="bbox 213 2670 1006 2707">
     <span class='ocr_line' id='line_1_71' title="bbox 213 2670 1006 2707; baseline 0.001 -10"><span class='ocrx_word' id='word_1_508' title='bbox 213 2670 264 2705; x_wconf 82' lang='grc' dir='ltr'>τὴν</span> <span class='ocrx_word' id='word_1_509' title='bbox 281 2670 498 2705; x_wconf 78' lang='grc' dir='ltr'>περικεφαλαίαν</span> <span class='ocrx_word' id='word_1_510' title='bbox 519 2671 566 2698; x_wconf 87' lang='grc' dir='ltr'><strong>τοῦ</strong></span> <span class='ocrx_word' id='word_1_511' title='bbox 588 2672 723 2707; x_wconf 88' lang='grc' dir='ltr'>σωτηρίου</span> <span class='ocrx_word' id='word_1_512' title='bbox 744 2670 868 2704; x_wconf 77' lang='grc' dir='ltr'>δέξασθε,</span> <span class='ocrx_word' id='word_1_513' title='bbox 890 2672 937 2698; x_wconf 74' lang='grc' dir='ltr'><strong>καὶ</strong></span> <span class='ocrx_word' id='word_1_514' title='bbox 955 2671 1006 2706; x_wconf 83' lang='grc' dir='ltr'><strong>τὴν</strong></span> 
     </span>
    </p>
   </div>
   <div class='ocr_carea' id='block_1_72' title="bbox 216 2716 1006 2752">
    <p class='ocr_par' dir='ltr' id='par_1_72' title="bbox 216 2716 1006 2752">
     <span class='ocr_line' id='line_1_72' title="bbox 216 2716 1006 2752; baseline 0.003 -10"><span class='ocrx_word' id='word_1_515' title='bbox 216 2716 355 2752; x_wconf 83' lang='grc' dir='ltr'>μάχαιραν</span> <span class='ocrx_word' id='word_1_516' title='bbox 377 2716 426 2742; x_wconf 89' lang='grc' dir='ltr'><strong>τοῦ</strong></span> <span class='ocrx_word' id='word_1_517' title='bbox 451 2716 625 2751; x_wconf 77' lang='grc' dir='ltr'>πνεύματος·</span> <span class='ocrx_word' id='word_1_518' title='bbox 646 2717 660 2744; x_wconf 82' lang='grc' dir='ltr'><strong><em>ὃ</em></strong></span> <span class='ocrx_word' id='word_1_519' title='bbox 683 2718 740 2743; x_wconf 79' lang='grc' dir='ltr'>ἐστι</span> <span class='ocrx_word' id='word_1_520' title='bbox 766 2718 842 2752; x_wconf 78' lang='grc' dir='ltr'>ῥῆμα</span> <span class='ocrx_word' id='word_1_521' title='bbox 860 2716 946 2748; x_wconf 82' lang='grc' dir='ltr'>Θεοῦ,</span> <span class='ocrx_word' id='word_1_522' title='bbox 961 2717 1006 2744; x_wconf 80' lang='grc' dir='ltr'><strong>διὰ</strong></span> 
     </span>
    </p>
   </div>
   <div class='ocr_carea' id='block_1_73' title="bbox 215 2753 1005 2799">
    <p class='ocr_par' dir='ltr' id='par_1_73' title="bbox 215 2753 1005 2799">
     <span class='ocr_line' id='line_1_73' title="bbox 215 2753 1005 2799; baseline 0.003 -11"><span class='ocrx_word' id='word_1_523' title='bbox 215 2763 306 2797; x_wconf 74' lang='grc' dir='ltr'>πάσης</span> <span class='ocrx_word' id='word_1_524' title='bbox 329 2753 485 2798; x_wconf 66' lang='grc' dir='ltr'>προσευχῆς</span> <span class='ocrx_word' id='word_1_525' title='bbox 511 2764 559 2790; x_wconf 79' lang='grc' dir='ltr'><strong>καὶ</strong></span> <span class='ocrx_word' id='word_1_526' title='bbox 579 2763 716 2798; x_wconf 77' lang='grc' dir='ltr'>δεήσεως,</span> <span class='ocrx_word' id='word_1_527' title='bbox 742 2764 958 2799; x_wconf 80' lang='grc' dir='ltr'>προσευχόμενοι</span> <span class='ocrx_word' id='word_1_528' title='bbox 976 2764 1005 2790; x_wconf 81' lang='grc' dir='ltr'>ἐν</span> 
     </span>
    </p>
   </div>
   <div class='ocr_carea' id='block_1_74' title="bbox 215 2809 1006 2845">
    <p class='ocr_par' dir='ltr' id='par_1_74' title="bbox 215 2809 1006 2845">
     <span class='ocr_line' id='line_1_74' title="bbox 215 2809 1006 2845; baseline 0.001 -11"><span class='ocrx_word' id='word_1_529' title='bbox 215 2809 296 2835; x_wconf 71' lang='grc' dir='ltr'>παντὶ</span> <span class='ocrx_word' id='word_1_530' title='bbox 307 2809 395 2844; x_wconf 78' lang='grc' dir='ltr'>καιρῷ</span> <span class='ocrx_word' id='word_1_531' title='bbox 408 2810 437 2835; x_wconf 77' lang='grc' dir='ltr'>ἐν</span> <span class='ocrx_word' id='word_1_532' title='bbox 450 2809 597 2844; x_wconf 79' lang='grc' dir='ltr'>πνεύματι,</span> <span class='ocrx_word' id='word_1_533' title='bbox 612 2810 658 2835; x_wconf 71' lang='grc' dir='ltr'><strong>καὶ</strong></span> <span class='ocrx_word' id='word_1_534' title='bbox 673 2809 713 2840; x_wconf 82' lang='grc' dir='ltr'>είς</span> <span class='ocrx_word' id='word_1_535' title='bbox 728 2809 794 2836; x_wconf 85' lang='grc' dir='ltr'>αὐτὸ</span> <span class='ocrx_word' id='word_1_536' title='bbox 807 2809 886 2837; x_wconf 76' lang='grc' dir='ltr'>τοῦτο</span> <span class='ocrx_word' id='word_1_537' title='bbox 898 2810 1006 2845; x_wconf 81' lang='grc' dir='ltr'>ἀγρυπ-</span> 
     </span>
    </p>
   </div>
   <div class='ocr_carea' id='block_1_75' title="bbox 215 2855 851 2892">
    <p class='ocr_par' dir='ltr' id='par_1_75' title="bbox 215 2855 851 2892">
     <span class='ocr_line' id='line_1_75' title="bbox 215 2855 851 2892; baseline 0.002 -10"><span class='ocrx_word' id='word_1_538' title='bbox 215 2855 326 2888; x_wconf 84' lang='grc' dir='ltr'>νοῦντες</span> <span class='ocrx_word' id='word_1_539' title='bbox 340 2857 369 2884; x_wconf 77' lang='grc' dir='ltr'>ὲν</span> <span class='ocrx_word' id='word_1_540' title='bbox 385 2857 459 2892; x_wconf 79' lang='grc' dir='ltr'>πάσῃ</span> <span class='ocrx_word' id='word_1_541' title='bbox 478 2855 644 2891; x_wconf 76' lang='grc' dir='ltr'>καρτερήσει</span> <span class='ocrx_word' id='word_1_542' title='bbox 659 2856 706 2883; x_wconf 72' lang='grc' dir='ltr'><strong>καὶ</strong></span> <span class='ocrx_word' id='word_1_543' title='bbox 721 2856 822 2891; x_wconf 83' lang='grc' dir='ltr'>δεήσει.</span> <span class='ocrx_word' id='word_1_544' title='bbox 841 2866 851 2883; x_wconf 74' lang='grc' dir='ltr'><strong>ι</strong></span> 
     </span>
    </p>
   </div>
   <div class='ocr_carea' id='block_1_76' title="bbox 1050 929 1841 966">
    <p class='ocr_par' dir='ltr' id='par_1_76' title="bbox 1050 929 1841 966">
     <span class='ocr_line' id='line_1_76' title="bbox 1050 929 1841 966; baseline 0.004 -10"><span class='ocrx_word' id='word_1_545' title='bbox 1050 929 1108 957; x_wconf 91' lang='lat' dir='ltr'><strong>rius</strong></span> <span class='ocrx_word' id='word_1_546' title='bbox 1126 930 1256 958; x_wconf 87' lang='lat' dir='ltr'><strong>conditus</strong></span> <span class='ocrx_word' id='word_1_547' title='bbox 1272 930 1341 965; x_wconf 78' lang='lat' dir='ltr'><strong>fuit,</strong></span> <span class='ocrx_word' id='word_1_548' title='bbox 1360 931 1596 966; x_wconf 85' lang='lat' dir='ltr'><strong>quemadmodum</strong></span> <span class='ocrx_word' id='word_1_549' title='bbox 1613 932 1693 959; x_wconf 83' lang='lat' dir='ltr'><strong>bruta</strong></span> <span class='ocrx_word' id='word_1_550' title='bbox 1715 933 1841 960; x_wconf 84' lang='lat' dir='ltr'><strong>animan-</strong></span> 
     </span>
    </p>
   </div>
   <div class='ocr_carea' id='block_1_77' title="bbox 1049 975 1841 1013">
    <p class='ocr_par' dir='ltr' id='par_1_77' title="bbox 1049 975 1841 1013">
     <span class='ocr_line' id='line_1_77' title="bbox 1049 975 1841 1013; baseline 0.004 -11"><span class='ocrx_word' id='word_1_551' title='bbox 1049 975 1096 1002; x_wconf 87' lang='lat' dir='ltr'><strong>tia.</strong></span> <span class='ocrx_word' id='word_1_552' title='bbox 1115 975 1219 1004; x_wconf 68' lang='lat' dir='ltr'><strong>Divina:</strong></span> <span class='ocrx_word' id='word_1_553' title='bbox 1233 984 1299 1004; x_wconf 85' lang='lat' dir='ltr'><strong>vero</strong></span> <span class='ocrx_word' id='word_1_554' title='bbox 1315 978 1456 1005; x_wconf 82' lang='lat' dir='ltr'><strong>servitutis</strong></span> <span class='ocrx_word' id='word_1_555' title='bbox 1472 977 1548 1005; x_wconf 90' lang='lat' dir='ltr'><strong>illius</strong></span> <span class='ocrx_word' id='word_1_556' title='bbox 1560 997 1568 1010; x_wconf 95' lang='lat'><strong><em>,</em></strong></span> <span class='ocrx_word' id='word_1_557' title='bbox 1581 985 1666 1013; x_wconf 88' lang='lat' dir='ltr'><strong>quam</strong></span> <span class='ocrx_word' id='word_1_558' title='bbox 1685 978 1710 1006; x_wconf 88' lang='lat' dir='ltr'><strong>is</strong></span> <span class='ocrx_word' id='word_1_559' title='bbox 1730 977 1841 1006; x_wconf 84' lang='lat' dir='ltr'><strong>sustulit</strong></span> 
     </span>
    </p>
   </div>
   <div class='ocr_carea' id='block_1_78' title="bbox 1049 1022 1841 1059">
    <p class='ocr_par' dir='ltr' id='par_1_78' title="bbox 1049 1022 1841 1059">
     <span class='ocr_line' id='line_1_78' title="bbox 1049 1022 1841 1059; baseline 0.003 -11"><span class='ocrx_word' id='word_1_560' title='bbox 1049 1022 1095 1057; x_wconf 88' lang='lat' dir='ltr'><strong>qui</strong></span> <span class='ocrx_word' id='word_1_561' title='bbox 1111 1022 1138 1049; x_wconf 94' lang='lat' dir='ltr'><strong>iu</strong></span> <span class='ocrx_word' id='word_1_562' title='bbox 1159 1022 1246 1050; x_wconf 80' lang='lat' dir='ltr'><strong>forma</strong></span> <span class='ocrx_word' id='word_1_563' title='bbox 1267 1023 1358 1051; x_wconf 80' lang='lat' dir='ltr'><strong>factus</strong></span> <span class='ocrx_word' id='word_1_564' title='bbox 1377 1027 1419 1051; x_wconf 87' lang='lat' dir='ltr'><strong>est</strong></span> <span class='ocrx_word' id='word_1_565' title='bbox 1435 1024 1506 1051; x_wconf 85' lang='lat' dir='ltr'><strong>servi</strong></span> <span class='ocrx_word' id='word_1_566' title='bbox 1518 1044 1525 1058; x_wconf 89' lang='lat'>,</span> <span class='ocrx_word' id='word_1_567' title='bbox 1539 1023 1655 1059; x_wconf 83' lang='lat' dir='ltr'><strong>ﬁguram</strong></span> <span class='ocrx_word' id='word_1_568' title='bbox 1672 1024 1774 1059; x_wconf 72' lang='lat' dir='ltr'><strong>praebet</strong></span> <span class='ocrx_word' id='word_1_569' title='bbox 1788 1024 1841 1050; x_wconf 85' lang='lat' dir='ltr'><strong>mi-</strong></span> 
     </span>
    </p>
   </div>
   <div class='ocr_carea' id='block_1_79' title="bbox 1048 1068 1836 1105">
    <p class='ocr_par' dir='ltr' id='par_1_79' title="bbox 1048 1068 1836 1105">
     <span class='ocr_line' id='line_1_79' title="bbox 1048 1068 1836 1105; baseline 0.003 -10"><span class='ocrx_word' id='word_1_570' title='bbox 1048 1068 1193 1096; x_wconf 85' lang='lat' dir='ltr'><strong>nisterium</strong></span> <span class='ocrx_word' id='word_1_571' title='bbox 1214 1069 1381 1102; x_wconf 77' lang='lat' dir='ltr'><strong>humanum,</strong></span> <span class='ocrx_word' id='word_1_572' title='bbox 1401 1070 1473 1105; x_wconf 91' lang='lat' dir='ltr'><strong>quod</strong></span> <span class='ocrx_word' id='word_1_573' title='bbox 1497 1074 1628 1105; x_wconf 65' lang='lat' dir='ltr'><strong>praestant</strong></span> <span class='ocrx_word' id='word_1_574' title='bbox 1648 1070 1687 1097; x_wconf 90' lang='lat' dir='ltr'><strong>illi</strong></span> <span class='ocrx_word' id='word_1_575' title='bbox 1711 1070 1758 1104; x_wconf 93' lang='lat' dir='ltr'><strong>qui</strong></span> <span class='ocrx_word' id='word_1_576' title='bbox 1780 1070 1836 1097; x_wconf 87' lang='lat' dir='ltr'><strong>sin-</strong></span> 
     </span>
    </p>
   </div>
   <div class='ocr_carea' id='block_1_80' title="bbox 1048 1115 1843 1149">
    <p class='ocr_par' dir='ltr' id='par_1_80' title="bbox 1048 1115 1843 1149">
     <span class='ocr_line' id='line_1_80' title="bbox 1048 1115 1843 1149; baseline 0.001 -8"><span class='ocrx_word' id='word_1_577' title='bbox 1048 1121 1110 1141; x_wconf 85' lang='lat' dir='ltr'><strong>cere</strong></span> <span class='ocrx_word' id='word_1_578' title='bbox 1125 1117 1151 1142; x_wconf 88' lang='lat' dir='ltr'><strong>et</strong></span> <span class='ocrx_word' id='word_1_579' title='bbox 1167 1118 1266 1149; x_wconf 82' lang='lat' dir='ltr'><strong>sponte</strong></span> <span class='ocrx_word' id='word_1_580' title='bbox 1281 1116 1424 1149; x_wconf 85' lang='lat' dir='ltr'><strong>serviunt,</strong></span> <span class='ocrx_word' id='word_1_581' title='bbox 1442 1119 1472 1143; x_wconf 91' lang='lat' dir='ltr'><strong>ut</strong></span> <span class='ocrx_word' id='word_1_582' title='bbox 1490 1116 1523 1143; x_wconf 92' lang='lat' dir='ltr'><strong>ad</strong></span> <span class='ocrx_word' id='word_1_583' title='bbox 1548 1115 1632 1143; x_wconf 88' lang='lat' dir='ltr'><strong>Deum</strong></span> <span class='ocrx_word' id='word_1_584' title='bbox 1655 1116 1774 1143; x_wconf 85' lang='lat' dir='ltr'><strong>servitus</strong></span> <span class='ocrx_word' id='word_1_585' title='bbox 1795 1115 1843 1143; x_wconf 79' lang='lat' dir='ltr'><strong>illa</strong></span> 
     </span>
    </p>
   </div>
   <div class='ocr_carea' id='block_1_81' title="bbox 1050 1161 1199 1189">
    <p class='ocr_par' dir='ltr' id='par_1_81' title="bbox 1050 1161 1199 1189">
     <span class='ocr_line' id='line_1_81' title="bbox 1050 1161 1199 1189; baseline 0.007 -1"><span class='ocrx_word' id='word_1_586' title='bbox 1050 1161 1199 1189; x_wconf 78' lang='lat' dir='ltr'><strong>referatur.</strong></span> 
     </span>
    </p>
   </div>
   <div class='ocr_carea' id='block_1_82' title="bbox 1085 1200 1840 1242">
    <p class='ocr_par' dir='ltr' id='par_1_82' title="bbox 1085 1200 1840 1242">
     <span class='ocr_line' id='line_1_82' title="bbox 1085 1200 1840 1242; baseline 0.001 -9"><span class='ocrx_word' id='word_1_587' title='bbox 1085 1206 1167 1234; x_wconf 74' lang='lat' dir='ltr'><strong>Vsus.</strong></span> <span class='ocrx_word' id='word_1_588' title='bbox 1188 1207 1237 1240; x_wconf 84' lang='grc'>10,</span> <span class='ocrx_word' id='word_1_589' title='bbox 1260 1208 1304 1236; x_wconf 82' lang='grc' dir='ltr'><strong>Η.</strong></span> <span class='ocrx_word' id='word_1_590' title='bbox 1321 1200 1333 1234; x_wconf 53' lang='grc' dir='ltr'>ι’</span> <span class='ocrx_word' id='word_1_591' title='bbox 1348 1207 1385 1235; x_wconf 89' lang='lat' dir='ltr'><strong>De</strong></span> <span class='ocrx_word' id='word_1_592' title='bbox 1411 1212 1528 1242; x_wconf 64' lang='lat' dir='ltr'><strong>caetero,</strong></span> <span class='ocrx_word' id='word_1_593' title='bbox 1555 1208 1672 1240; x_wconf 81' lang='lat' dir='ltr'><strong>fratres,</strong></span> <span class='ocrx_word' id='word_1_594' title='bbox 1696 1208 1840 1236; x_wconf 82' lang='lat' dir='ltr'><strong>conforta-</strong></span> 
     </span>
    </p>
   </div>
   <div class='ocr_carea' id='block_1_83' title="bbox 1015 1251 1840 1288">
    <p class='ocr_par' dir='ltr' id='par_1_83' title="bbox 1015 1251 1840 1288">
     <span class='ocr_line' id='line_1_83' title="bbox 1015 1251 1840 1288; baseline 0.002 -11"><span class='ocrx_word' id='word_1_595' title='bbox 1015 1285 1017 1287; x_wconf 93' lang='lat'><em>_</em></span> <span class='ocrx_word' id='word_1_596' title='bbox 1049 1252 1117 1279; x_wconf 93' lang='lat' dir='ltr'><strong>mini</strong></span> <span class='ocrx_word' id='word_1_597' title='bbox 1132 1252 1159 1278; x_wconf 92' lang='lat' dir='ltr'><strong>in</strong></span> <span class='ocrx_word' id='word_1_598' title='bbox 1173 1251 1292 1279; x_wconf 91' lang='lat' dir='ltr'><strong>Domino</strong></span> <span class='ocrx_word' id='word_1_599' title='bbox 1304 1272 1312 1285; x_wconf 83' lang='lat'><strong>,</strong></span> <span class='ocrx_word' id='word_1_600' title='bbox 1326 1257 1353 1281; x_wconf 89' lang='lat' dir='ltr'><strong>ct</strong></span> <span class='ocrx_word' id='word_1_601' title='bbox 1377 1253 1406 1280; x_wconf 90' lang='lat' dir='ltr'><strong>in</strong></span> <span class='ocrx_word' id='word_1_602' title='bbox 1427 1252 1550 1288; x_wconf 84' lang='lat' dir='ltr'><strong>potentia</strong></span> <span class='ocrx_word' id='word_1_603' title='bbox 1573 1253 1688 1280; x_wconf 88' lang='lat' dir='ltr'><strong>virtutis</strong></span> <span class='ocrx_word' id='word_1_604' title='bbox 1712 1253 1782 1288; x_wconf 84' lang='lat' dir='ltr'><strong>ejus.</strong></span> <span class='ocrx_word' id='word_1_605' title='bbox 1799 1253 1840 1280; x_wconf 91' lang='grc' dir='ltr'>ιιι-</span> 
     </span>
    </p>
   </div>
   <div class='ocr_carea' id='block_1_84' title="bbox 1050 1298 1752 1334">
    <p class='ocr_par' dir='ltr' id='par_1_84' title="bbox 1050 1298 1752 1334">
     <span class='ocr_line' id='line_1_84' title="bbox 1050 1298 1752 1334; baseline 0.001 -10"><span class='ocrx_word' id='word_1_606' title='bbox 1050 1298 1124 1325; x_wconf 78' lang='lat' dir='ltr'><strong>duite</strong></span> <span class='ocrx_word' id='word_1_607' title='bbox 1136 1305 1185 1326; x_wconf 91' lang='lat' dir='ltr'><strong>vos</strong></span> <span class='ocrx_word' id='word_1_608' title='bbox 1199 1303 1369 1326; x_wconf 85' lang='lat' dir='ltr'><strong>armaturam</strong></span> <span class='ocrx_word' id='word_1_609' title='bbox 1383 1298 1451 1331; x_wconf 90' lang='lat' dir='ltr'><strong>Dei,</strong></span> <span class='ocrx_word' id='word_1_610' title='bbox 1466 1303 1495 1326; x_wconf 91' lang='lat' dir='ltr'><strong>ut</strong></span> <span class='ocrx_word' id='word_1_611' title='bbox 1511 1299 1627 1334; x_wconf 88' lang='lat' dir='ltr'><strong>possitis</strong></span> <span class='ocrx_word' id='word_1_612' title='bbox 1642 1303 1725 1326; x_wconf 83' lang='lat' dir='ltr'><strong>stare.</strong></span> <span class='ocrx_word' id='word_1_613' title='bbox 1743 1308 1752 1325; x_wconf 78' lang='grc' dir='ltr'><strong>ι</strong></span> 
     </span>
    </p>
   </div>
   <div class='ocr_carea' id='block_1_85' title="bbox 1086 1342 1842 1380">
    <p class='ocr_par' dir='ltr' id='par_1_85' title="bbox 1086 1342 1842 1380">
     <span class='ocr_line' id='line_1_85' title="bbox 1086 1342 1842 1380; baseline 0.001 -10"><span class='ocrx_word' id='word_1_614' title='bbox 1086 1342 1182 1371; x_wconf 85' lang='lat' dir='ltr'><strong>Virtus</strong></span> <span class='ocrx_word' id='word_1_615' title='bbox 1197 1344 1253 1372; x_wconf 87' lang='lat' dir='ltr'><strong>illis</strong></span> <span class='ocrx_word' id='word_1_616' title='bbox 1268 1344 1428 1372; x_wconf 83' lang='lat' dir='ltr'><strong>hominibus</strong></span> <span class='ocrx_word' id='word_1_617' title='bbox 1444 1345 1491 1380; x_wconf 90' lang='lat' dir='ltr'><strong>qui</strong></span> <span class='ocrx_word' id='word_1_618' title='bbox 1506 1345 1535 1372; x_wconf 91' lang='lat' dir='ltr'><strong>in</strong></span> <span class='ocrx_word' id='word_1_619' title='bbox 1547 1344 1735 1372; x_wconf 83' lang='lat' dir='ltr'><strong>inﬁrmitatem</strong></span> <span class='ocrx_word' id='word_1_620' title='bbox 1750 1345 1842 1372; x_wconf 80' lang='lat' dir='ltr'><strong>labun-</strong></span> 
     </span>
    </p>
   </div>
   <div class='ocr_carea' id='block_1_86' title="bbox 1052 1390 1845 1426">
    <p class='ocr_par' dir='ltr' id='par_1_86' title="bbox 1052 1390 1845 1426">
     <span class='ocr_line' id='line_1_86' title="bbox 1052 1390 1845 1426; baseline 0 -9"><span class='ocrx_word' id='word_1_621' title='bbox 1052 1394 1106 1421; x_wconf 85' lang='lat' dir='ltr'><strong>tur.</strong></span> <span class='ocrx_word' id='word_1_622' title='bbox 1122 1397 1136 1417; x_wconf 87' lang='lat' dir='ltr'><strong>a</strong></span> <span class='ocrx_word' id='word_1_623' title='bbox 1154 1390 1210 1418; x_wconf 86' lang='lat' dir='ltr'><strong>Deo</strong></span> <span class='ocrx_word' id='word_1_624' title='bbox 1223 1390 1338 1418; x_wconf 79' lang='lat' dir='ltr'><strong>accedat</strong></span> <span class='ocrx_word' id='word_1_625' title='bbox 1353 1399 1466 1420; x_wconf 89' lang='lat' dir='ltr'><strong>necesse</strong></span> <span class='ocrx_word' id='word_1_626' title='bbox 1479 1395 1522 1419; x_wconf 81' lang='lat' dir='ltr'><strong>est</strong></span> <span class='ocrx_word' id='word_1_627' title='bbox 1533 1413 1539 1423; x_wconf 86' lang='grc'><strong>,</strong></span> <span class='ocrx_word' id='word_1_628' title='bbox 1556 1399 1609 1426; x_wconf 89' lang='lat' dir='ltr'><strong>qua</strong></span> <span class='ocrx_word' id='word_1_629' title='bbox 1624 1391 1742 1426; x_wconf 84' lang='lat' dir='ltr'><strong>pellatur</strong></span> <span class='ocrx_word' id='word_1_630' title='bbox 1756 1390 1845 1418; x_wconf 40' lang='lat' dir='ltr'><strong>imbe‘</strong></span> 
     </span>
    </p>
   </div>
   <div class='ocr_carea' id='block_1_87' title="bbox 1052 1435 1842 1472">
    <p class='ocr_par' dir='ltr' id='par_1_87' title="bbox 1052 1435 1842 1472">
     <span class='ocr_line' id='line_1_87' title="bbox 1052 1435 1842 1472; baseline 0.003 -10"><span class='ocrx_word' id='word_1_631' title='bbox 1052 1435 1155 1463; x_wconf 83' lang='lat' dir='ltr'><strong>cillitas</strong></span> <span class='ocrx_word' id='word_1_632' title='bbox 1179 1437 1391 1472; x_wconf 87' lang='lat' dir='ltr'><strong>recuperationc</strong></span> <span class='ocrx_word' id='word_1_633' title='bbox 1416 1437 1528 1464; x_wconf 92' lang='lat' dir='ltr'><strong>virium.</strong></span> <span class='ocrx_word' id='word_1_634' title='bbox 1543 1436 1621 1464; x_wconf 84' lang='lat' dir='ltr'><strong>lianc</strong></span> <span class='ocrx_word' id='word_1_635' title='bbox 1634 1444 1700 1464; x_wconf 88' lang='lat' dir='ltr'><strong>vero</strong></span> <span class='ocrx_word' id='word_1_636' title='bbox 1714 1437 1842 1464; x_wconf 83' lang='lat' dir='ltr'><strong>virtutem</strong></span> 
     </span>
    </p>
   </div>
   <div class='ocr_carea' id='block_1_88' title="bbox 1052 1482 1841 1518">
    <p class='ocr_par' dir='ltr' id='par_1_88' title="bbox 1052 1482 1841 1518">
     <span class='ocr_line' id='line_1_88' title="bbox 1052 1482 1841 1518; baseline -0.003 -8"><span class='ocrx_word' id='word_1_637' title='bbox 1052 1490 1115 1510; x_wconf 89' lang='lat' dir='ltr'><strong>cum</strong></span> <span class='ocrx_word' id='word_1_638' title='bbox 1137 1483 1284 1517; x_wconf 76' lang='lat' dir='ltr'><strong>omnigena</strong></span> <span class='ocrx_word' id='word_1_639' title='bbox 1298 1487 1440 1510; x_wconf 83' lang='lat' dir='ltr'><strong>armatura</strong></span> <span class='ocrx_word' id='word_1_640' title='bbox 1455 1487 1612 1518; x_wconf 88' lang='lat' dir='ltr'><strong>comparat,</strong></span> <span class='ocrx_word' id='word_1_641' title='bbox 1635 1487 1665 1510; x_wconf 89' lang='lat' dir='ltr'><strong>ut</strong></span> <span class='ocrx_word' id='word_1_642' title='bbox 1691 1482 1841 1518; x_wconf 81' lang='lat' dir='ltr'><strong>signiﬁcet.</strong></span> 
     </span>
    </p>
   </div>
   <div class='ocr_carea' id='block_1_89' title="bbox 1052 1528 1839 1565">
    <p class='ocr_par' dir='ltr' id='par_1_89' title="bbox 1052 1528 1839 1565">
     <span class='ocr_line' id='line_1_89' title="bbox 1052 1528 1839 1565; baseline 0 -10"><span class='ocrx_word' id='word_1_643' title='bbox 1052 1528 1282 1562; x_wconf 83' lang='lat' dir='ltr'><strong>quemadmodum</strong></span> <span class='ocrx_word' id='word_1_644' title='bbox 1297 1530 1341 1565; x_wconf 87' lang='lat' dir='ltr'><strong>qui</strong></span> <span class='ocrx_word' id='word_1_645' title='bbox 1358 1529 1450 1557; x_wconf 90' lang='lat' dir='ltr'><strong>nudus</strong></span> <span class='ocrx_word' id='word_1_646' title='bbox 1465 1533 1508 1557; x_wconf 85' lang='lat' dir='ltr'><strong>est</strong></span> <span class='ocrx_word' id='word_1_647' title='bbox 1518 1549 1526 1562; x_wconf 83' lang='lat'><strong><em>,</em></strong></span> <span class='ocrx_word' id='word_1_648' title='bbox 1541 1529 1706 1564; x_wconf 75' lang='lat' dir='ltr'><strong>belligerare</strong></span> <span class='ocrx_word' id='word_1_649' title='bbox 1721 1536 1777 1555; x_wconf 91' lang='lat' dir='ltr'><strong>non</strong></span> <span class='ocrx_word' id='word_1_650' title='bbox 1793 1535 1839 1563; x_wconf 91' lang='lat' dir='ltr'><strong>po-</strong></span> 
     </span>
    </p>
   </div>
   <div class='ocr_carea' id='block_1_90' title="bbox 1050 1574 1842 1610">
    <p class='ocr_par' dir='ltr' id='par_1_90' title="bbox 1050 1574 1842 1610">
     <span class='ocr_line' id='line_1_90' title="bbox 1050 1574 1842 1610; baseline -0.001 -9"><span class='ocrx_word' id='word_1_651' title='bbox 1050 1578 1122 1606; x_wconf 87' lang='lat' dir='ltr'><strong>test,</strong></span> <span class='ocrx_word' id='word_1_652' title='bbox 1135 1575 1175 1602; x_wconf 88' lang='lat' dir='ltr'><strong>sic</strong></span> <span class='ocrx_word' id='word_1_653' title='bbox 1190 1583 1253 1602; x_wconf 89' lang='lat' dir='ltr'><strong>eum</strong></span> <span class='ocrx_word' id='word_1_654' title='bbox 1269 1576 1316 1610; x_wconf 91' lang='lat' dir='ltr'><strong>qui</strong></span> <span class='ocrx_word' id='word_1_655' title='bbox 1333 1576 1464 1610; x_wconf 85' lang='lat' dir='ltr'><strong>Spiritum</strong></span> <span class='ocrx_word' id='word_1_656' title='bbox 1480 1575 1657 1610; x_wconf 57' lang='lat' dir='ltr'><strong>nonjaccepit</strong></span> <span class='ocrx_word' id='word_1_657' title='bbox 1668 1594 1676 1606; x_wconf 86' lang='lat'>,</span> <span class='ocrx_word' id='word_1_658' title='bbox 1697 1574 1784 1602; x_wconf 76' lang='lat' dir='ltr'><strong>trullis</strong></span> <span class='ocrx_word' id='word_1_659' title='bbox 1800 1574 1842 1600; x_wconf 83' lang='lat' dir='ltr'><strong>in-</strong></span> 
     </span>
    </p>
   </div>
   <div class='ocr_carea' id='block_1_91' title="bbox 1051 1620 1842 1655">
    <p class='ocr_par' dir='ltr' id='par_1_91' title="bbox 1051 1620 1842 1655">
     <span class='ocr_line' id='line_1_91' title="bbox 1051 1620 1842 1655; baseline -0.001 -8"><span class='ocrx_word' id='word_1_660' title='bbox 1051 1624 1187 1647; x_wconf 87' lang='lat' dir='ltr'><strong>structum</strong></span> <span class='ocrx_word' id='word_1_661' title='bbox 1202 1621 1308 1649; x_wconf 86' lang='lat' dir='ltr'><strong>viribus</strong></span> <span class='ocrx_word' id='word_1_662' title='bbox 1323 1629 1385 1649; x_wconf 86' lang='lat' dir='ltr'><strong>esse</strong></span> <span class='ocrx_word' id='word_1_663' title='bbox 1399 1621 1531 1649; x_wconf 87' lang='lat' dir='ltr'><strong>adversus</strong></span> <span class='ocrx_word' id='word_1_664' title='bbox 1551 1620 1708 1652; x_wconf 87' lang='lat' dir='ltr'><strong>diabolum,</strong></span> <span class='ocrx_word' id='word_1_665' title='bbox 1721 1620 1767 1655; x_wconf 87' lang='lat' dir='ltr'><strong>qui</strong></span> <span class='ocrx_word' id='word_1_666' title='bbox 1784 1627 1842 1646; x_wconf 83' lang='lat' dir='ltr'><strong>ma-</strong></span> 
     </span>
    </p>
   </div>
   <div class='ocr_carea' id='block_1_92' title="bbox 1051 1666 1298 1695">
    <p class='ocr_par' dir='ltr' id='par_1_92' title="bbox 1051 1666 1298 1695">
     <span class='ocr_line' id='line_1_92' title="bbox 1051 1666 1298 1695; baseline 0 -1"><span class='ocrx_word' id='word_1_667' title='bbox 1051 1666 1117 1694; x_wconf 72' lang='lat' dir='ltr'><strong>litiae</strong></span> <span class='ocrx_word' id='word_1_668' title='bbox 1132 1671 1174 1694; x_wconf 83' lang='lat' dir='ltr'><strong>est</strong></span> <span class='ocrx_word' id='word_1_669' title='bbox 1190 1671 1298 1695; x_wconf 86' lang='lat' dir='ltr'><strong>auctor.</strong></span> 
     </span>
    </p>
   </div>
   <div class='ocr_carea' id='block_1_93' title="bbox 1090 1709 1841 1748">
    <p class='ocr_par' dir='ltr' id='par_1_93' title="bbox 1090 1709 1841 1748">
     <span class='ocr_line' id='line_1_93' title="bbox 1090 1709 1841 1748; baseline -0.001 -9"><span class='ocrx_word' id='word_1_670' title='bbox 1090 1722 1099 1739; x_wconf 82' lang='grc' dir='ltr'><strong>ι</strong></span> <span class='ocrx_word' id='word_1_671' title='bbox 1113 1713 1254 1741; x_wconf 84' lang='lat' dir='ltr'><strong>Adversus</strong></span> <span class='ocrx_word' id='word_1_672' title='bbox 1270 1713 1386 1740; x_wconf 86' lang='lat' dir='ltr'><strong>insidias</strong></span> <span class='ocrx_word' id='word_1_673' title='bbox 1403 1712 1517 1739; x_wconf 85' lang='lat' dir='ltr'><strong>diaboli.</strong></span> <span class='ocrx_word' id='word_1_674' title='bbox 1528 1710 1624 1748; x_wconf 73' lang='grc' dir='ltr'>[νειιε.</span> <span class='ocrx_word' id='word_1_675' title='bbox 1640 1711 1684 1744; x_wconf 75' lang='grc'><strong>12,</strong></span> <span class='ocrx_word' id='word_1_676' title='bbox 1698 1710 1755 1746; x_wconf 75' lang='grc'><strong>15.]</strong></span> <span class='ocrx_word' id='word_1_677' title='bbox 1767 1709 1841 1744; x_wconf 83' lang='lat' dir='ltr'><strong>Quo-</strong></span> 
     </span>
    </p>
   </div>
   <div class='ocr_carea' id='block_1_94' title="bbox 1052 1758 1844 1786">
    <p class='ocr_par' dir='ltr' id='par_1_94' title="bbox 1052 1758 1844 1786">
     <span class='ocr_line' id='line_1_94' title="bbox 1052 1758 1844 1786; baseline -0.004 0"><span class='ocrx_word' id='word_1_678' title='bbox 1052 1759 1126 1786; x_wconf 86' lang='lat' dir='ltr'><strong>niam</strong></span> <span class='ocrx_word' id='word_1_679' title='bbox 1142 1766 1196 1786; x_wconf 89' lang='lat' dir='ltr'><strong>non</strong></span> <span class='ocrx_word' id='word_1_680' title='bbox 1211 1763 1254 1786; x_wconf 86' lang='lat' dir='ltr'><strong>est</strong></span> <span class='ocrx_word' id='word_1_681' title='bbox 1271 1759 1351 1786; x_wconf 85' lang='lat' dir='ltr'><strong>nobis</strong></span> <span class='ocrx_word' id='word_1_682' title='bbox 1367 1759 1528 1786; x_wconf 84' lang='lat' dir='ltr'><strong>colluctatio</strong></span> <span class='ocrx_word' id='word_1_683' title='bbox 1542 1758 1675 1785; x_wconf 90' lang='lat' dir='ltr'><strong>adversus</strong></span> <span class='ocrx_word' id='word_1_684' title='bbox 1690 1764 1802 1784; x_wconf 86' lang='lat' dir='ltr'><strong>carnem</strong></span> <span class='ocrx_word' id='word_1_685' title='bbox 1816 1760 1844 1783; x_wconf 88' lang='lat' dir='ltr'><strong>et</strong></span> 
     </span>
    </p>
   </div>
   <div class='ocr_carea' id='block_1_95' title="bbox 1052 1802 1842 1839">
    <p class='ocr_par' dir='ltr' id='par_1_95' title="bbox 1052 1802 1842 1839">
     <span class='ocr_line' id='line_1_95' title="bbox 1052 1802 1842 1839; baseline -0.006 -7"><span class='ocrx_word' id='word_1_686' title='bbox 1052 1804 1213 1839; x_wconf 78' lang='lat' dir='ltr'><strong>sanguinem</strong></span> <span class='ocrx_word' id='word_1_687' title='bbox 1226 1825 1232 1836; x_wconf 89' lang='lat'><strong>.</strong></span> <span class='ocrx_word' id='word_1_688' title='bbox 1250 1805 1298 1832; x_wconf 86' lang='lat' dir='ltr'><strong>sed</strong></span> <span class='ocrx_word' id='word_1_689' title='bbox 1312 1804 1449 1831; x_wconf 83' lang='lat' dir='ltr'><strong>adversus</strong></span> <span class='ocrx_word' id='word_1_690' title='bbox 1464 1802 1636 1838; x_wconf 77' lang='lat' dir='ltr'><strong>principatus</strong></span> <span class='ocrx_word' id='word_1_691' title='bbox 1662 1806 1690 1830; x_wconf 84' lang='lat' dir='ltr'><strong>et</strong></span> <span class='ocrx_word' id='word_1_692' title='bbox 1719 1804 1842 1836; x_wconf 85' lang='lat' dir='ltr'><strong>potesta-</strong></span> 
     </span>
    </p>
   </div>
   <div class='ocr_carea' id='block_1_96' title="bbox 1053 1846 1845 1882">
    <p class='ocr_par' dir='ltr' id='par_1_96' title="bbox 1053 1846 1845 1882">
     <span class='ocr_line' id='line_1_96' title="bbox 1053 1846 1845 1882; baseline -0.006 -5"><span class='ocrx_word' id='word_1_693' title='bbox 1053 1854 1093 1877; x_wconf 87' lang='lat' dir='ltr'><strong>tcs</strong></span> <span class='ocrx_word' id='word_1_694' title='bbox 1111 1857 1118 1882; x_wconf 84' lang='lat'><strong>;</strong></span> <span class='ocrx_word' id='word_1_695' title='bbox 1143 1849 1276 1877; x_wconf 80' lang='lat' dir='ltr'><strong>adversus</strong></span> <span class='ocrx_word' id='word_1_696' title='bbox 1293 1853 1414 1876; x_wconf 85' lang='lat' dir='ltr'><strong>rectores</strong></span> <span class='ocrx_word' id='word_1_697' title='bbox 1430 1847 1544 1880; x_wconf 83' lang='lat' dir='ltr'><strong>muudil</strong></span> <span class='ocrx_word' id='word_1_698' title='bbox 1562 1847 1737 1875; x_wconf 80' lang='lat' dir='ltr'><strong>tenebrarum</strong></span> <span class='ocrx_word' id='word_1_699' title='bbox 1760 1846 1845 1880; x_wconf 88' lang='lat' dir='ltr'><strong>hujus</strong></span> 
     </span>
    </p>
   </div>
   <div class='ocr_carea' id='block_1_97' title="bbox 1053 1891 1842 1930">
    <p class='ocr_par' dir='ltr' id='par_1_97' title="bbox 1053 1891 1842 1930">
     <span class='ocr_line' id='line_1_97' title="bbox 1053 1891 1842 1930; baseline -0.004 -8"><span class='ocrx_word' id='word_1_700' title='bbox 1053 1896 1144 1924; x_wconf 69' lang='grc' dir='ltr'>δινευιί</span> <span class='ocrx_word' id='word_1_701' title='bbox 1158 1915 1164 1927; x_wconf 89' lang='grc'><strong>,</strong></span> <span class='ocrx_word' id='word_1_702' title='bbox 1182 1899 1280 1922; x_wconf 91' lang='lat' dir='ltr'><strong>contra</strong></span> <span class='ocrx_word' id='word_1_703' title='bbox 1308 1894 1467 1930; x_wconf 86' lang='lat' dir='ltr'><strong>spiritualia</strong></span> <span class='ocrx_word' id='word_1_704' title='bbox 1484 1892 1615 1929; x_wconf 75' lang='lat' dir='ltr'><strong>nequitia:</strong></span> <span class='ocrx_word' id='word_1_705' title='bbox 1630 1892 1657 1919; x_wconf 89' lang='lat' dir='ltr'><strong>in</strong></span> <span class='ocrx_word' id='word_1_706' title='bbox 1670 1891 1842 1920; x_wconf 84' lang='lat' dir='ltr'><strong>ccelestibus.</strong></span> 
     </span>
    </p>
   </div>
   <div class='ocr_carea' id='block_1_98' title="bbox 1052 1937 1841 1976">
    <p class='ocr_par' dir='ltr' id='par_1_98' title="bbox 1052 1937 1841 1976">
     <span class='ocr_line' id='line_1_98' title="bbox 1052 1937 1841 1976; baseline -0.004 -9"><span class='ocrx_word' id='word_1_707' title='bbox 1052 1940 1200 1976; x_wconf 82' lang='lat' dir='ltr'><strong>Propterea</strong></span> <span class='ocrx_word' id='word_1_708' title='bbox 1216 1939 1332 1974; x_wconf 83' lang='lat' dir='ltr'><strong>accipite</strong></span> <span class='ocrx_word' id='word_1_709' title='bbox 1347 1942 1516 1966; x_wconf 82' lang='lat' dir='ltr'><strong>armaturam</strong></span> <span class='ocrx_word' id='word_1_710' title='bbox 1533 1937 1582 1965; x_wconf 87' lang='lat' dir='ltr'><strong>Dei</strong></span> <span class='ocrx_word' id='word_1_711' title='bbox 1591 1941 1621 1965; x_wconf 84' lang='lat' dir='ltr'><strong>ut</strong></span> <span class='ocrx_word' id='word_1_712' title='bbox 1635 1937 1749 1972; x_wconf 82' lang='lat' dir='ltr'><strong>possitis</strong></span> <span class='ocrx_word' id='word_1_713' title='bbox 1778 1944 1841 1964; x_wconf 89' lang='lat' dir='ltr'><strong>sus-</strong></span> 
     </span>
    </p>
   </div>
   <div class='ocr_carea' id='block_1_99' title="bbox 1050 1982 1807 2017">
    <p class='ocr_par' dir='ltr' id='par_1_99' title="bbox 1050 1982 1807 2017">
     <span class='ocr_line' id='line_1_99' title="bbox 1050 1982 1807 2017; baseline -0.007 -5"><span class='ocrx_word' id='word_1_714' title='bbox 1050 1986 1138 2013; x_wconf 88' lang='lat' dir='ltr'><strong>tinere</strong></span> <span class='ocrx_word' id='word_1_715' title='bbox 1153 1986 1179 2012; x_wconf 89' lang='lat' dir='ltr'><strong>in</strong></span> <span class='ocrx_word' id='word_1_716' title='bbox 1194 1985 1239 2012; x_wconf 87' lang='lat' dir='ltr'><strong>die</strong></span> <span class='ocrx_word' id='word_1_717' title='bbox 1253 1984 1324 2010; x_wconf 84' lang='lat' dir='ltr'><strong>mala</strong></span> <span class='ocrx_word' id='word_1_718' title='bbox 1334 2003 1342 2016; x_wconf 87' lang='grc'><strong>,</strong></span> <span class='ocrx_word' id='word_1_719' title='bbox 1356 1988 1383 2010; x_wconf 87' lang='lat' dir='ltr'><strong>et</strong></span> <span class='ocrx_word' id='word_1_720' title='bbox 1398 1983 1527 2010; x_wconf 88' lang='lat' dir='ltr'><strong>omnibus</strong></span> <span class='ocrx_word' id='word_1_721' title='bbox 1544 1982 1682 2017; x_wconf 85' lang='lat' dir='ltr'><strong>superatis</strong></span> <span class='ocrx_word' id='word_1_722' title='bbox 1696 1985 1780 2009; x_wconf 88' lang='lat' dir='ltr'><strong>stare.</strong></span> <span class='ocrx_word' id='word_1_723' title='bbox 1797 1991 1807 2007; x_wconf 82' lang='grc' dir='ltr'><strong>ι</strong></span> 
     </span>
    </p>
   </div>
   <div class='ocr_carea' id='block_1_100' title="bbox 1086 2027 1846 2063">
    <p class='ocr_par' dir='ltr' id='par_1_100' title="bbox 1086 2027 1846 2063">
     <span class='ocr_line' id='line_1_100' title="bbox 1086 2027 1846 2063; baseline -0.004 -6"><span class='ocrx_word' id='word_1_724' title='bbox 1086 2031 1168 2057; x_wconf 85' lang='lat' dir='ltr'><strong>Artes</strong></span> <span class='ocrx_word' id='word_1_725' title='bbox 1181 2034 1208 2057; x_wconf 90' lang='lat' dir='ltr'><strong>ct</strong></span> <span class='ocrx_word' id='word_1_726' title='bbox 1221 2029 1334 2057; x_wconf 72' lang='lat' dir='ltr'><strong>insidias</strong></span> <span class='ocrx_word' id='word_1_727' title='bbox 1349 2032 1430 2057; x_wconf 88' lang='lat' dir='ltr'><strong>vocat</strong></span> <span class='ocrx_word' id='word_1_728' title='bbox 1442 2028 1596 2056; x_wconf 84' lang='lat' dir='ltr'><strong>versutiam</strong></span> <span class='ocrx_word' id='word_1_729' title='bbox 1610 2028 1732 2060; x_wconf 83' lang='lat' dir='ltr'><strong>diaboli,</strong></span> <span class='ocrx_word' id='word_1_730' title='bbox 1745 2027 1846 2063; x_wconf 89' lang='lat' dir='ltr'><strong>quippe</strong></span> 
     </span>
    </p>
   </div>
   <div class='ocr_carea' id='block_1_101' title="bbox 1053 2073 1845 2113">
    <p class='ocr_par' dir='ltr' id='par_1_101' title="bbox 1053 2073 1845 2113">
     <span class='ocr_line' id='line_1_101' title="bbox 1053 2073 1845 2113; baseline -0.005 -9"><span class='ocrx_word' id='word_1_731' title='bbox 1053 2077 1101 2113; x_wconf 88' lang='lat' dir='ltr'><strong>qui</strong></span> <span class='ocrx_word' id='word_1_732' title='bbox 1116 2085 1170 2104; x_wconf 92' lang='lat' dir='ltr'><strong>non</strong></span> <span class='ocrx_word' id='word_1_733' title='bbox 1186 2076 1278 2103; x_wconf 83' lang='lat' dir='ltr'><strong>statim</strong></span> <span class='ocrx_word' id='word_1_734' title='bbox 1294 2081 1320 2104; x_wconf 89' lang='lat' dir='ltr'><strong>et</strong></span> <span class='ocrx_word' id='word_1_735' title='bbox 1338 2079 1412 2103; x_wconf 89' lang='lat' dir='ltr'><strong>recta</strong></span> <span class='ocrx_word' id='word_1_736' title='bbox 1434 2078 1572 2102; x_wconf 88' lang='lat' dir='ltr'><strong>monstrat</strong></span> <span class='ocrx_word' id='word_1_737' title='bbox 1591 2074 1659 2109; x_wconf 91' lang='lat' dir='ltr'><strong>quid</strong></span> <span class='ocrx_word' id='word_1_738' title='bbox 1680 2074 1745 2101; x_wconf 86' lang='lat' dir='ltr'><strong>velit</strong></span> <span class='ocrx_word' id='word_1_739' title='bbox 1760 2073 1845 2101; x_wconf 86' lang='lat' dir='ltr'><strong>conli-</strong></span> 
     </span>
    </p>
   </div>
   <div class='ocr_carea' id='block_1_102' title="bbox 1053 2120 1844 2157">
    <p class='ocr_par' dir='ltr' id='par_1_102' title="bbox 1053 2120 1844 2157">
     <span class='ocr_line' id='line_1_102' title="bbox 1053 2120 1844 2157; baseline -0.003 -7"><span class='ocrx_word' id='word_1_740' title='bbox 1053 2129 1132 2155; x_wconf 85' lang='lat' dir='ltr'><strong>ccrc,</strong></span> <span class='ocrx_word' id='word_1_741' title='bbox 1159 2130 1194 2149; x_wconf 90' lang='lat' dir='ltr'><strong>ne</strong></span> <span class='ocrx_word' id='word_1_742' title='bbox 1220 2122 1463 2157; x_wconf 80' lang='lat' dir='ltr'><strong>deprehendatur:</strong></span> <span class='ocrx_word' id='word_1_743' title='bbox 1486 2120 1535 2149; x_wconf 85' lang='lat' dir='ltr'><strong>sed</strong></span> <span class='ocrx_word' id='word_1_744' title='bbox 1554 2127 1673 2156; x_wconf 88' lang='lat' dir='ltr'><strong>persona</strong></span> <span class='ocrx_word' id='word_1_745' title='bbox 1697 2120 1781 2148; x_wconf 86' lang='lat' dir='ltr'><strong>altera</strong></span> <span class='ocrx_word' id='word_1_746' title='bbox 1800 2128 1844 2148; x_wconf 86' lang='lat' dir='ltr'><strong>as-</strong></span> 
     </span>
    </p>
   </div>
   <div class='ocr_carea' id='block_1_103' title="bbox 1054 2167 1846 2203">
    <p class='ocr_par' dir='ltr' id='par_1_103' title="bbox 1054 2167 1846 2203">
     <span class='ocr_line' id='line_1_103' title="bbox 1054 2167 1846 2203; baseline -0.001 -8"><span class='ocrx_word' id='word_1_747' title='bbox 1054 2174 1181 2202; x_wconf 84' lang='lat' dir='ltr'><strong>sumpta,</strong></span> <span class='ocrx_word' id='word_1_748' title='bbox 1209 2168 1335 2203; x_wconf 84' lang='lat' dir='ltr'><strong>quaedam</strong></span> <span class='ocrx_word' id='word_1_749' title='bbox 1359 2168 1412 2195; x_wconf 86' lang='lat' dir='ltr'><strong>alia</strong></span> <span class='ocrx_word' id='word_1_750' title='bbox 1436 2168 1550 2194; x_wconf 87' lang='lat' dir='ltr'><strong>molitur</strong></span> <span class='ocrx_word' id='word_1_751' title='bbox 1571 2176 1578 2194; x_wconf 88' lang='lat'><strong>:</strong></span> <span class='ocrx_word' id='word_1_752' title='bbox 1605 2167 1679 2194; x_wconf 87' lang='lat' dir='ltr'><strong>haud</strong></span> <span class='ocrx_word' id='word_1_753' title='bbox 1701 2174 1784 2194; x_wconf 86' lang='lat' dir='ltr'><strong>secus</strong></span> <span class='ocrx_word' id='word_1_754' title='bbox 1813 2174 1846 2194; x_wconf 86' lang='lat' dir='ltr'><strong>ac</strong></span> 
     </span>
    </p>
   </div>
   <div class='ocr_carea' id='block_1_104' title="bbox 1054 2213 1843 2253">
    <p class='ocr_par' dir='ltr' id='par_1_104' title="bbox 1054 2213 1843 2253">
     <span class='ocr_line' id='line_1_104' title="bbox 1054 2213 1843 2253; baseline -0.001 -13"><span class='ocrx_word' id='word_1_755' title='bbox 1054 2214 1130 2241; x_wconf 82' lang='lat' dir='ltr'><strong>vafer</strong></span> <span class='ocrx_word' id='word_1_756' title='bbox 1155 2215 1244 2242; x_wconf 88' lang='lat' dir='ltr'><strong>hostis</strong></span> <span class='ocrx_word' id='word_1_757' title='bbox 1266 2216 1362 2242; x_wconf 88' lang='lat' dir='ltr'><strong>urbem</strong></span> <span class='ocrx_word' id='word_1_758' title='bbox 1382 2219 1409 2242; x_wconf 92' lang='lat' dir='ltr'><strong>et</strong></span> <span class='ocrx_word' id='word_1_759' title='bbox 1430 2222 1525 2242; x_wconf 89' lang='lat' dir='ltr'><strong>muros</strong></span> <span class='ocrx_word' id='word_1_760' title='bbox 1546 2213 1748 2253; x_wconf 75' lang='lat' dir='ltr'><strong>oppugnando,</strong></span> <span class='ocrx_word' id='word_1_761' title='bbox 1767 2213 1809 2240; x_wconf 89' lang='lat' dir='ltr'><strong>cla</strong></span> <span class='ocrx_word' id='word_1_762' title='bbox 1819 2221 1843 2240; x_wconf 91' lang='grc' dir='ltr'><strong>ιιι</strong></span> 
     </span>
    </p>
   </div>
   <div class='ocr_carea' id='block_1_105' title="bbox 1054 2260 1839 2295">
    <p class='ocr_par' dir='ltr' id='par_1_105' title="bbox 1054 2260 1839 2295">
     <span class='ocr_line' id='line_1_105' title="bbox 1054 2260 1839 2295; baseline -0.001 -8"><span class='ocrx_word' id='word_1_763' title='bbox 1054 2260 1126 2288; x_wconf 83' lang='lat' dir='ltr'><strong>inl‘ra</strong></span> <span class='ocrx_word' id='word_1_764' title='bbox 1142 2260 1272 2292; x_wconf 73' lang='lat' dir='ltr'><strong>suffodit,</strong></span> <span class='ocrx_word' id='word_1_765' title='bbox 1288 2266 1317 2288; x_wconf 87' lang='grc' dir='ltr'><strong>ιιι</strong></span> <span class='ocrx_word' id='word_1_766' title='bbox 1332 2261 1437 2288; x_wconf 86' lang='lat' dir='ltr'><strong>civitati</strong></span> <span class='ocrx_word' id='word_1_767' title='bbox 1480 2268 1552 2295; x_wconf 76' lang='lat' dir='ltr'><strong>teng</strong></span> <span class='ocrx_word' id='word_1_768' title='bbox 1569 2269 1582 2287; x_wconf 88' lang='lat' dir='ltr'><strong>a</strong></span> <span class='ocrx_word' id='word_1_769' title='bbox 1601 2268 1631 2288; x_wconf 88' lang='lat' dir='ltr'><strong>se</strong></span> <span class='ocrx_word' id='word_1_770' title='bbox 1653 2264 1794 2293; x_wconf 82' lang='lat' dir='ltr'><strong>caveatur,</strong></span> <span class='ocrx_word' id='word_1_771' title='bbox 1811 2263 1839 2286; x_wconf 88' lang='lat' dir='ltr'><strong>et</strong></span> 
     </span>
    </p>
   </div>
   <div class='ocr_carea' id='block_1_106' title="bbox 1054 2307 1568 2343">
    <p class='ocr_par' dir='ltr' id='par_1_106' title="bbox 1054 2307 1568 2343">
     <span class='ocr_line' id='line_1_106' title="bbox 1054 2307 1568 2343; baseline 0 -9"><span class='ocrx_word' id='word_1_772' title='bbox 1054 2307 1113 2343; x_wconf 84' lang='lat' dir='ltr'><strong>ipse</strong></span> <span class='ocrx_word' id='word_1_773' title='bbox 1126 2307 1192 2335; x_wconf 89' lang='lat' dir='ltr'><strong>illud</strong></span> <span class='ocrx_word' id='word_1_774' title='bbox 1208 2312 1297 2343; x_wconf 84' lang='lat' dir='ltr'><strong>patret</strong></span> <span class='ocrx_word' id='word_1_775' title='bbox 1312 2308 1339 2335; x_wconf 92' lang='lat' dir='ltr'><strong>in</strong></span> <span class='ocrx_word' id='word_1_776' title='bbox 1355 2307 1429 2343; x_wconf 86' lang='lat' dir='ltr'><strong>quod</strong></span> <span class='ocrx_word' id='word_1_777' title='bbox 1444 2316 1477 2335; x_wconf 86' lang='lat' dir='ltr'><strong>en</strong></span> <span class='ocrx_word' id='word_1_778' title='bbox 1491 2309 1568 2334; x_wconf 86' lang='lat' dir='ltr'><strong>titur.</strong></span> 
     </span>
    </p>
   </div>
   <div class='ocr_carea' id='block_1_107' title="bbox 1093 2394 1846 2431">
    <p class='ocr_par' dir='ltr' id='par_1_107' title="bbox 1093 2394 1846 2431">
     <span class='ocr_line' id='line_1_107' title="bbox 1093 2394 1846 2431; baseline -0.004 -9"><span class='ocrx_word' id='word_1_779' title='bbox 1093 2395 1175 2423; x_wconf 75' lang='lat' dir='ltr'><strong>Vnus.</strong></span> <span class='ocrx_word' id='word_1_780' title='bbox 1199 2395 1291 2423; x_wconf 75' lang='grc'><strong>14-18.</strong></span> <span class='ocrx_word' id='word_1_781' title='bbox 1308 2405 1317 2421; x_wconf 82' lang='grc' dir='ltr'><strong>ι</strong></span> <span class='ocrx_word' id='word_1_782' title='bbox 1333 2395 1409 2424; x_wconf 87' lang='lat' dir='ltr'><strong>State</strong></span> <span class='ocrx_word' id='word_1_783' title='bbox 1424 2402 1491 2431; x_wconf 80' lang='lat' dir='ltr'><strong>ergo</strong></span> <span class='ocrx_word' id='word_1_784' title='bbox 1507 2394 1645 2423; x_wconf 87' lang='lat' dir='ltr'><strong>succincti</strong></span> <span class='ocrx_word' id='word_1_785' title='bbox 1669 2394 1779 2421; x_wconf 85' lang='lat' dir='ltr'><strong>lumbos</strong></span> <span class='ocrx_word' id='word_1_786' title='bbox 1799 2401 1846 2419; x_wconf 81' lang='lat' dir='ltr'><strong>vc.-</strong></span> 
     </span>
    </p>
   </div>
   <div class='ocr_carea' id='block_1_108' title="bbox 1056 2439 1847 2475">
    <p class='ocr_par' dir='ltr' id='par_1_108' title="bbox 1056 2439 1847 2475">
     <span class='ocr_line' id='line_1_108' title="bbox 1056 2439 1847 2475; baseline -0.005 -6"><span class='ocrx_word' id='word_1_787' title='bbox 1056 2447 1129 2470; x_wconf 88' lang='lat' dir='ltr'><strong>slros</strong></span> <span class='ocrx_word' id='word_1_788' title='bbox 1143 2443 1170 2469; x_wconf 92' lang='lat' dir='ltr'><strong>in</strong></span> <span class='ocrx_word' id='word_1_789' title='bbox 1185 2443 1298 2469; x_wconf 84' lang='lat' dir='ltr'><strong>veritate</strong></span> <span class='ocrx_word' id='word_1_790' title='bbox 1309 2461 1317 2475; x_wconf 87' lang='lat'><strong><em>,</em></strong></span> <span class='ocrx_word' id='word_1_791' title='bbox 1332 2446 1360 2469; x_wconf 91' lang='lat' dir='ltr'><strong>et</strong></span> <span class='ocrx_word' id='word_1_792' title='bbox 1375 2441 1462 2469; x_wconf 90' lang='lat' dir='ltr'><strong>induti</strong></span> <span class='ocrx_word' id='word_1_793' title='bbox 1478 2441 1592 2469; x_wconf 85' lang='lat' dir='ltr'><strong>loricam</strong></span> <span class='ocrx_word' id='word_1_794' title='bbox 1604 2440 1733 2474; x_wconf 74' lang='lat' dir='ltr'><strong>justitire,</strong></span> <span class='ocrx_word' id='word_1_795' title='bbox 1749 2444 1776 2466; x_wconf 87' lang='lat' dir='ltr'><strong>et</strong></span> <span class='ocrx_word' id='word_1_796' title='bbox 1789 2439 1847 2465; x_wconf 88' lang='lat' dir='ltr'><strong>cal-</strong></span> 
     </span>
    </p>
   </div>
   <div class='ocr_carea' id='block_1_109' title="bbox 1056 2483 1847 2522">
    <p class='ocr_par' dir='ltr' id='par_1_109' title="bbox 1056 2483 1847 2522">
     <span class='ocr_line' id='line_1_109' title="bbox 1056 2483 1847 2522; baseline -0.008 -7"><span class='ocrx_word' id='word_1_797' title='bbox 1056 2488 1127 2515; x_wconf 77' lang='lat' dir='ltr'><strong>ccali</strong></span> <span class='ocrx_word' id='word_1_798' title='bbox 1145 2488 1227 2522; x_wconf 84' lang='lat' dir='ltr'><strong>pedes</strong></span> <span class='ocrx_word' id='word_1_799' title='bbox 1245 2487 1273 2514; x_wconf 89' lang='lat' dir='ltr'><strong>in</strong></span> <span class='ocrx_word' id='word_1_800' title='bbox 1291 2486 1519 2522; x_wconf 60' lang='lat' dir='ltr'><strong>praeparationem</strong></span> <span class='ocrx_word' id='word_1_801' title='bbox 1540 2484 1682 2519; x_wconf 82' lang='lat' dir='ltr'><strong>Evangelii</strong></span> <span class='ocrx_word' id='word_1_802' title='bbox 1705 2484 1792 2519; x_wconf 85' lang='lat' dir='ltr'><strong>pacis.</strong></span> <span class='ocrx_word' id='word_1_803' title='bbox 1818 2483 1847 2510; x_wconf 92' lang='lat' dir='ltr'><strong>ln</strong></span> 
     </span>
    </p>
   </div>
   <div class='ocr_carea' id='block_1_110' title="bbox 1057 2529 1847 2565">
    <p class='ocr_par' dir='ltr' id='par_1_110' title="bbox 1057 2529 1847 2565">
     <span class='ocr_line' id='line_1_110' title="bbox 1057 2529 1847 2565; baseline -0.004 -5"><span class='ocrx_word' id='word_1_804' title='bbox 1057 2535 1188 2561; x_wconf 84' lang='lat' dir='ltr'><strong>munibus</strong></span> <span class='ocrx_word' id='word_1_805' title='bbox 1203 2537 1343 2561; x_wconf 84' lang='lat' dir='ltr'><strong>sumentes</strong></span> <span class='ocrx_word' id='word_1_806' title='bbox 1357 2537 1466 2560; x_wconf 86' lang='lat' dir='ltr'><strong>scutum</strong></span> <span class='ocrx_word' id='word_1_807' title='bbox 1493 2531 1572 2564; x_wconf 85' lang='lat' dir='ltr'><strong>ﬁdei,</strong></span> <span class='ocrx_word' id='word_1_808' title='bbox 1598 2532 1625 2557; x_wconf 91' lang='lat' dir='ltr'><strong>in</strong></span> <span class='ocrx_word' id='word_1_809' title='bbox 1651 2538 1707 2565; x_wconf 91' lang='lat' dir='ltr'><strong>quo</strong></span> <span class='ocrx_word' id='word_1_810' title='bbox 1734 2529 1847 2565; x_wconf 85' lang='lat' dir='ltr'><strong>possitis</strong></span> 
     </span>
    </p>
   </div>
   <div class='ocr_carea' id='block_1_111' title="bbox 1057 2576 1846 2615">
    <p class='ocr_par' dir='ltr' id='par_1_111' title="bbox 1057 2576 1846 2615">
     <span class='ocr_line' id='line_1_111' title="bbox 1057 2576 1846 2615; baseline -0.006 -8"><span class='ocrx_word' id='word_1_811' title='bbox 1057 2581 1149 2607; x_wconf 89' lang='lat' dir='ltr'><strong>omnia</strong></span> <span class='ocrx_word' id='word_1_812' title='bbox 1165 2582 1216 2607; x_wconf 85' lang='lat' dir='ltr'><strong>tela</strong></span> <span class='ocrx_word' id='word_1_813' title='bbox 1228 2579 1392 2615; x_wconf 87' lang='lat' dir='ltr'><strong>nequissimi</strong></span> <span class='ocrx_word' id='word_1_814' title='bbox 1406 2579 1485 2614; x_wconf 79' lang='lat' dir='ltr'><strong>ignea</strong></span> <span class='ocrx_word' id='word_1_815' title='bbox 1499 2578 1687 2612; x_wconf 80' lang='lat' dir='ltr'><strong>exstinguere.</strong></span> <span class='ocrx_word' id='word_1_816' title='bbox 1702 2576 1846 2610; x_wconf 78' lang='lat' dir='ltr'><strong>Etgaleam</strong></span> 
     </span>
    </p>
   </div>
   <div class='ocr_carea' id='block_1_112' title="bbox 1057 2622 1847 2660">
    <p class='ocr_par' dir='ltr' id='par_1_112' title="bbox 1057 2622 1847 2660">
     <span class='ocr_line' id='line_1_112' title="bbox 1057 2622 1847 2660; baseline -0.006 -7"><span class='ocrx_word' id='word_1_817' title='bbox 1057 2627 1157 2654; x_wconf 87' lang='lat' dir='ltr'><strong>salutis</strong></span> <span class='ocrx_word' id='word_1_818' title='bbox 1184 2626 1334 2658; x_wconf 83' lang='lat' dir='ltr'><strong>assutnitc,</strong></span> <span class='ocrx_word' id='word_1_819' title='bbox 1360 2630 1387 2652; x_wconf 91' lang='lat' dir='ltr'><strong>et</strong></span> <span class='ocrx_word' id='word_1_820' title='bbox 1409 2624 1531 2660; x_wconf 80' lang='lat' dir='ltr'><strong>gladium</strong></span> <span class='ocrx_word' id='word_1_821' title='bbox 1555 2624 1672 2658; x_wconf 89' lang='lat' dir='ltr'><strong>spiritus</strong></span> <span class='ocrx_word' id='word_1_822' title='bbox 1693 2622 1788 2658; x_wconf 85' lang='lat' dir='ltr'><strong>(quod</strong></span> <span class='ocrx_word' id='word_1_823' title='bbox 1806 2627 1847 2649; x_wconf 85' lang='lat' dir='ltr'><strong>est</strong></span> 
     </span>
    </p>
   </div>
   <div class='ocr_carea' id='block_1_113' title="bbox 1058 2668 1848 2706">
    <p class='ocr_par' dir='ltr' id='par_1_113' title="bbox 1058 2668 1848 2706">
     <span class='ocr_line' id='line_1_113' title="bbox 1058 2668 1848 2706; baseline -0.009 -6"><span class='ocrx_word' id='word_1_824' title='bbox 1058 2672 1170 2700; x_wconf 83' lang='lat' dir='ltr'><strong>verbum</strong></span> <span class='ocrx_word' id='word_1_825' title='bbox 1188 2671 1253 2705; x_wconf 81' lang='lat' dir='ltr'><strong>Dei)</strong></span> <span class='ocrx_word' id='word_1_826' title='bbox 1269 2679 1317 2706; x_wconf 88' lang='lat' dir='ltr'><strong>per</strong></span> <span class='ocrx_word' id='word_1_827' title='bbox 1331 2679 1442 2698; x_wconf 88' lang='lat' dir='ltr'><strong>omnem</strong></span> <span class='ocrx_word' id='word_1_828' title='bbox 1459 2670 1615 2698; x_wconf 87' lang='lat' dir='ltr'><strong>oralionem</strong></span> <span class='ocrx_word' id='word_1_829' title='bbox 1631 2675 1658 2696; x_wconf 89' lang='lat' dir='ltr'><strong>et</strong></span> <span class='ocrx_word' id='word_1_830' title='bbox 1678 2668 1848 2696; x_wconf 80' lang='lat' dir='ltr'><strong>obsecratio-</strong></span> 
     </span>
    </p>
   </div>
   <div class='ocr_carea' id='block_1_114' title="bbox 1058 2714 1849 2752">
    <p class='ocr_par' dir='ltr' id='par_1_114' title="bbox 1058 2714 1849 2752">
     <span class='ocr_line' id='line_1_114' title="bbox 1058 2714 1849 2752; baseline -0.008 -6"><span class='ocrx_word' id='word_1_831' title='bbox 1058 2727 1138 2751; x_wconf 82' lang='lat' dir='ltr'><strong>nem,</strong></span> <span class='ocrx_word' id='word_1_832' title='bbox 1157 2723 1271 2746; x_wconf 87' lang='lat' dir='ltr'><strong>orantes</strong></span> <span class='ocrx_word' id='word_1_833' title='bbox 1289 2717 1363 2745; x_wconf 92' lang='lat' dir='ltr'><strong>omni</strong></span> <span class='ocrx_word' id='word_1_834' title='bbox 1384 2721 1508 2752; x_wconf 87' lang='lat' dir='ltr'><strong>tempore</strong></span> <span class='ocrx_word' id='word_1_835' title='bbox 1529 2717 1556 2744; x_wconf 91' lang='lat' dir='ltr'><strong>in</strong></span> <span class='ocrx_word' id='word_1_836' title='bbox 1577 2715 1695 2750; x_wconf 84' lang='lat' dir='ltr'><strong>spiritu,</strong></span> <span class='ocrx_word' id='word_1_837' title='bbox 1711 2719 1739 2742; x_wconf 88' lang='lat' dir='ltr'><strong>et</strong></span> <span class='ocrx_word' id='word_1_838' title='bbox 1759 2716 1785 2741; x_wconf 93' lang='lat' dir='ltr'><strong>in</strong></span> <span class='ocrx_word' id='word_1_839' title='bbox 1808 2714 1849 2741; x_wconf 44' lang='lat' dir='ltr'><strong>id.</strong></span> 
     </span>
    </p>
   </div>
   <div class='ocr_carea' id='block_1_115' title="bbox 1057 2759 1848 2800">
    <p class='ocr_par' dir='ltr' id='par_1_115' title="bbox 1057 2759 1848 2800">
     <span class='ocr_line' id='line_1_115' title="bbox 1057 2759 1848 2800; baseline -0.008 -8"><span class='ocrx_word' id='word_1_840' title='bbox 1057 2765 1146 2800; x_wconf 89' lang='lat' dir='ltr'><strong>ipsum</strong></span> <span class='ocrx_word' id='word_1_841' title='bbox 1168 2764 1310 2800; x_wconf 76' lang='lat' dir='ltr'><strong>vigilantes</strong></span> <span class='ocrx_word' id='word_1_842' title='bbox 1343 2763 1370 2791; x_wconf 90' lang='lat' dir='ltr'><strong>in</strong></span> <span class='ocrx_word' id='word_1_843' title='bbox 1395 2762 1468 2790; x_wconf 88' lang='lat' dir='ltr'><strong>omni</strong></span> <span class='ocrx_word' id='word_1_844' title='bbox 1505 2761 1635 2789; x_wconf 86' lang='lat' dir='ltr'><strong>instantia</strong></span> <span class='ocrx_word' id='word_1_845' title='bbox 1668 2764 1694 2788; x_wconf 90' lang='lat' dir='ltr'><strong>et</strong></span> <span class='ocrx_word' id='word_1_846' title='bbox 1722 2759 1848 2787; x_wconf 81' lang='lat' dir='ltr'><strong>obsecra-</strong></span> 
     </span>
    </p>
   </div>
   <div class='ocr_carea' id='block_1_116' title="bbox 1057 2812 1166 2840">
    <p class='ocr_par' dir='ltr' id='par_1_116' title="bbox 1057 2812 1166 2840">
     <span class='ocr_line' id='line_1_116' title="bbox 1057 2812 1166 2840; baseline -0.009 -2"><span class='ocrx_word' id='word_1_847' title='bbox 1057 2812 1142 2840; x_wconf 89' lang='lat' dir='ltr'><strong>tione.</strong></span> <span class='ocrx_word' id='word_1_848' title='bbox 1157 2821 1166 2837; x_wconf 77' lang='grc' dir='ltr'><strong>ι</strong></span> 
     </span>
    </p>
   </div>
  </div>
