2077 3114
241 123 293 151 855

851 127 881 158 S.
896 128 1057 160 JOANNIS
1078 130 1293 163 DAMASCENI

1821 135 1876 168 856

277 184 369 218 Quare
385 192 464 218 vero,
487 185 514 212 in
535 185 645 212 veritate
657 184 670 211 Ρ
685 184 780 211 illusio
798 185 1029 221 mendaciumque

1118 189 1167 216 Διὰ
1186 189 1225 221 τί,
1242 189 1278 217 ὲν
1291 190 1435 224 ἁληθείᾳ;
1455 192 1613 227 ὲμπαιγμὸς
1631 192 1671 226 δὲ,
1684 193 1731 220 καὶ
1743 193 1841 228 ψεῦδος
1856 196 1872 230 ἡ

241 237 284 261 est
304 233 407 266 libido,
429 241 462 260 ac
478 239 650 267 nequaquam
675 240 740 260 vera
760 232 887 267 voluptas
905 236 965 264 est,
984 233 1032 260 sed

243 279 340 307 umbra
355 278 515 313 voluptatis.
532 278 600 305 Illud
621 285 687 314 ergo
705 286 775 306 verae
791 277 941 312 voluptatis
965 285 1032 305 con-

241 325 333 362 venit,
346 324 465 352 castitati
480 324 622 352 nimirum.
656 333 660 337 ·

280 379 290 395 ι
305 369 356 397 Pro
372 369 502 397 omnibus
516 370 631 403 sanctis,
643 368 739 406 [Vt-ms.
757 369 849 406 19-21]
860 373 887 397 et
913 377 963 405 pro
976 376 1031 401 me,

242 421 272 444 ut
289 417 370 444 detur
384 417 452 445 mihi
470 425 563 446 sermo
578 417 607 444 in
621 417 764 452 apertione
779 417 837 444 oris
852 416 906 444 mei
920 423 983 443 cum
1002 416 1033 442 tt-

241 462 344 496 ducia,
360 468 456 490 nolunt
482 463 573 491 facere
600 463 762 499 mysterium
791 462 955 498 Evangelii;
982 469 1033 498 pro

240 516 299 544 quo
314 509 450 545 legatione
465 509 562 544 iungor
577 510 604 537 in
620 514 717 537 catena
727 531 735 543 ,
750 510 787 537 ita
801 514 831 537 ut
851 510 878 536 in
900 509 961 544 ipso
980 516 1032 536 au-

241 556 341 590 deam,
355 559 439 592 prout
453 561 562 592 oportet
579 565 622 585 me
646 557 731 592 l0qui.
761 556 797 585 Ut
818 561 912 584 autem
935 560 963 584 et
982 563 1033 584 vos

242 603 339 631 sciatis
353 611 414 638 quat
428 603 504 631 circa
520 611 563 631 me
577 608 654 631 sunt.
670 613 681 630 ι

277 648 338 684 Ipse
360 657 469 685 quoque
494 649 626 676 Dominus
649 648 842 677 indesinenter
861 647 1033 676 orationibus

242 694 346 722 instare
362 695 487 730 praecipit
501 695 535 727 ⁸⁸,
552 699 579 722 et
600 694 703 723 Paulus
718 695 817 730 spiritu
835 694 969 722 orandum
983 694 1032 722 do-

241 744 286 767 cct
309 740 344 772 ",
368 740 420 768 hoc
441 744 484 768 est
507 745 615 774 mente,
644 748 694 769 nec
715 748 764 768 ore
787 745 871 768 tenus
885 740 1031 768 duntaxat.

243 785 341 814 Multas
355 791 448 814 autem
463 788 607 816 orationes
621 788 704 821 dicit,
719 789 783 823 quia
800 794 849 823 pro
866 786 960 815 multis
975 787 1034 814 fun-

241 833 335 860 dentia:
348 838 426 861 erant
435 855 442 865 ,
455 837 520 868 puta
535 841 584 869 pro
599 835 704 862 sanctis
719 834 860 866 omnibus,
873 837 899 861 et
918 841 968 869 pro
979 842 1009 861 se
1021 843 1029 861 :

242 879 307 913 quia
325 883 469 906 strcnuutn
486 879 538 914 ipsi
555 887 624 915 opus
641 880 818 907 incumbebat
829 899 837 912 ,
852 879 889 906 ita
909 883 938 907 ut
955 879 1030 906 illius

242 933 327 952 causa
344 925 455 953 vinctus
474 925 587 952 Romam
607 925 708 954 missus
723 929 806 954 esset.

253 997 261 1001 ,
281 970 358 1005 193
374 980 382 996 ο
403 970 503 998 Omnia
521 971 599 999 vobis
622 975 686 999 nota
707 970 789 999 faciet
802 970 941 1007 Tychicns
957 970 1026 997 cha-

242 1017 373 1044 rissimus
407 1016 504 1049 frater,
530 1020 556 1044 et
574 1016 662 1044 fidelis
691 1017 820 1045 minister
843 1015 870 1043 in
894 1015 1029 1048 Domino,

242 1061 338 1098 [Vr-:33.
357 1061 402 1095 22,
420 1061 468 1098 25]
494 1069 576 1098 quem
600 1062 663 1090 misi
688 1063 721 1090 ad
742 1070 793 1090 vos
809 1062 836 1089 itt
860 1061 913 1089 hoc
929 1061 1029 1096 ipsum.

242 1114 271 1134 ut.
282 1107 460 1142 cognoscatis
473 1115 533 1142 quae
550 1108 625 1135 circa
653 1115 703 1136 nos
718 1111 794 1141 sunt,
821 1111 849 1135 et
872 1106 1032 1134 consoletur

241 1154 326 1182 corda
342 1158 444 1181 vestra.
463 1153 519 1181 Pax
542 1154 688 1187 fratribus,
705 1158 733 1182 et
753 1155 879 1182 charitas
894 1161 957 1181 cum
978 1153 1032 1181 fide

243 1209 256 1226 a
274 1200 329 1228 Deo
359 1199 442 1227 Patre
466 1203 492 1228 et
510 1199 624 1227 Domino
638 1200 703 1228 Jesu
720 1200 845 1228 Christo.
861 1199 953 1227 Gratia
967 1207 1029 1227 cum

240 1245 370 1272 omnibus
388 1245 434 1280 qui
451 1246 571 1280 diligunt
600 1245 746 1273 Dominum
773 1250 901 1274 nostrum
935 1245 1029 1273 Jesum

239 1291 382 1318 Christum
399 1291 426 1317 in
445 1290 774 1325 incorruptione.Amen.
791 1300 801 1317 ι

276 1335 371 1362 Sancti
388 1335 528 1368 laetantur,
545 1335 656 1370 quando
669 1343 740 1370 opus
750 1340 878 1364 sanctum
897 1344 1030 1372 prospere

241 1380 378 1409 succedit.
398 1380 504 1408 Idcirco
525 1381 656 1409 Ecclesiis
671 1381 809 1418 signiﬁcat
822 1389 885 1418 quae
910 1382 964 1410 sibi
981 1390 1028 1410 ac-

240 1426 368 1454 ciderint.

278 1471 399 1506 Epistula
412 1471 447 1498 ad
458 1471 584 1506 Ephesios
601 1471 684 1499 Roma
703 1472 805 1506 scripta
816 1478 855 1500 est
869 1481 914 1508 per
930 1473 1027 1509 Tychi-

241 1528 309 1547 cum.
331 1519 428 1546 Versus
438 1518 500 1547 512.

282 1608 305 1624 ⁸⁸
319 1607 385 1636 Luc.
408 1616 483 1642 xvnl,
501 1608 527 1641 1,
566 1607 589 1624 δ’
602 1607 612 1634 l
625 1607 689 1635 Cor.
709 1616 765 1641 xtv,
783 1607 830 1634 15.

473 1801 561 1846 ΕΙΣ
624 1799 949 1845 ΕΠΙΣΤΟΛΗΝ

1010 1797 1155 1842 ΠΡΟΣ

1083 235 1232 271 ἐπιθυμία·
1249 236 1300 263 οὐκ
1322 237 1398 263 ἔστιν
1411 237 1493 273 ἡδονὴ
1516 237 1548 264 τὺ
1570 238 1699 274 πρᾶγμα,
1719 239 1789 266 ἀλλὰ
1810 244 1876 269 σκιά

1082 282 1180 318 ⁴ἡδονῆς
1191 290 1198 298 ·
1215 283 1341 310 τουτέστι
1355 285 1389 319 τῇ
1403 283 1498 319 ἀληθεί
1511 284 1593 320 ηδονῇ
1606 285 1640 321 τῇ
1654 285 1830 321 σωφροσύνῃ.

1120 381 1129 397 ι
1148 371 1217 407 Περὶ
1230 371 1340 398 πάντων
1352 372 1408 398 τῶν
1416 371 1513 406 ἁγίων,
1528 370 1577 397 καὶ
1589 371 1662 407 ὑπὲρ
1675 371 1756 407 ἐμοῦ,
1769 372 1813 398 ἵνα
1828 381 1873 407 μοι

1081 418 1144 454 δοθῇ
1163 419 1243 453 λόγος
1257 419 1286 446 ὲν
1300 416 1402 451 ἀνοίξει
1416 418 1463 445 τοῦ
1481 418 1615 454 στόματός
1636 427 1704 454 μου,
1718 418 1748 445 ὲν
1763 419 1875 454 παρρη-

1083 465 1130 501 σίᾳ
1143 464 1278 500 γνωρίσαι
1293 465 1324 491 τὸ
1337 465 1485 500 μυστήριον
1496 464 1543 491 τοῦ
1561 463 1742 498 Εὑαγγελίου,
1758 464 1830 498 ὑπὲρ
1841 461 1873 490 οὗ

1082 511 1227 546 πρεσϐεύω
1243 511 1272 538 ὲν
1287 509 1382 538 ἁλύσει
1392 530 1399 542 ,
1421 510 1465 537 ἵνα
1477 511 1507 537 ἐν
1525 509 1600 544 αὐτῷ
1617 509 1872 545 παρρησιάσωμαι,

1082 558 1120 590 ὡς
1137 558 1178 584 δεῖ
1195 566 1230 592 με
1242 557 1368 592 λαλῆσαι.
1385 557 1445 584 Ἵνα
1457 556 1486 583 δὲ
1504 556 1578 593 ῐδητε
1596 556 1644 583 καὶ
1661 556 1740 592 ὑμεῖς
1757 555 1792 582 τὰ
1811 555 1872 581 κατ’

1082 601 1132 638 ἐμὲ
1141 621 1149 635 ,
1162 602 1189 629 τι
1205 601 1330 638 πράσσω.

1117 649 1218 685 Εὑχαῖς
1238 649 1421 680 ἀδιαλείπτοις
1441 648 1659 685 προσκαρτερεῖν
1674 647 1722 674 καὶ
1736 647 1750 673 ό
1769 645 1872 682 Κύριος

1082 696 1205 729 κελεύει,
1225 696 1274 723 καὶ
1289 696 1303 722 ό
1319 695 1426 727 Παῦλος
1436 716 1443 728 ,
1461 696 1489 721 ὲν
1507 693 1644 729 πνεύματι
1658 693 1687 719 δὲ
1700 692 1751 724 τὰς
1775 691 1870 736 εὐχὰς,

1081 741 1220 769 τουτέστιν
1233 742 1263 768 ὲν
1278 741 1326 777 νῷ,
1343 740 1380 777 μὴ
1394 740 1424 767 ὲν
1441 740 1555 776 στόματι
1580 739 1672 774 μόνον.
1687 738 1787 765 Πολλαὶ
1799 738 1827 765 δὲ
1842 739 1871 765 αἱ

1082 787 1172 823 εὐχαὶ,
1191 788 1233 815 ὅτι
1244 788 1291 815 καὶ
1305 787 1370 822 περὶ
1385 785 1503 818 πολλῶν,
1517 785 1588 821 ὑπὲρ
1606 784 1715 812 πάντων
1730 784 1758 811 δὲ
1772 784 1868 818 ἁγίων.

1083 834 1130 860 καὶ
1158 833 1229 869 ὑπὲρ
1255 833 1356 860 αὐτοῦ’
1382 831 1476 868 ἐπειδὴ
1499 831 1547 858 καὶ
1573 829 1721 865 ἐναγώνιον
1742 829 1817 865 αὑτῷ
1839 829 1871 856 τὸ

1082 881 1163 916 ἔργον
1175 902 1184 915 ,
1204 881 1241 913 ὡς
1258 880 1306 908 καὶ
1321 880 1464 916 δεσμώτην
1485 879 1569 906 αὐτὸν
1586 879 1656 915 ὑπὲρ
1671 878 1754 905 αὑτοῦ
1778 886 1870 914 παρα-

1081 926 1252 963 πεπέμφθαι.
1771 935 1777 939 ’

1119 983 1129 999 ι
1150 973 1242 1000 Πάντα
1256 973 1320 1007 ὑμῖν
1331 973 1461 1008 γνωρίσει
1476 971 1594 1008 Τυχικὸς
1605 973 1618 998 ὁ
1629 970 1772 1006 ἀγαπητὸς
1786 970 1847 997 ἀδελ
1855 984 1868 991 -

1082 1019 1143 1053 φὺς,
1159 1019 1205 1046 καὶ
1216 1019 1312 1050 πιστὸς
1325 1018 1448 1050 διάκονος
1464 1019 1494 1045 ἐν
1513 1017 1621 1053 Κυρίῳ,
1634 1016 1663 1043 ὃν
1676 1015 1789 1051 ἔπεμψα
1801 1014 1870 1050 πρδς

1081 1064 1153 1100 ὑμᾶς
1166 1064 1206 1096 εἰς
1222 1064 1287 1091 αὐτὸ
1305 1062 1391 1095 τοῦ-ιο,
1407 1063 1451 1090 ἵνα
1465 1062 1552 1097 γνῶτε
1576 1061 1612 1089 τὰ
1636 1061 1701 1096 περ).
1714 1060 1803 1095 ἡμῶν,
1821 1059 1871 1086 καὶ

1081 1109 1260 1145 παρακαλέσῃ
1275 1109 1325 1141 τὰς
1347 1109 1461 1145 καρδίας
1486 1108 1576 1143 ὑμῶν.
1600 1107 1704 1143 Εἰρήνη
1721 1107 1778 1137 τοῖς
1798 1105 1871 1132 ἀδελ-

1081 1155 1152 1189 φοῖς,
1176 1155 1224 1181 καὶ
1247 1155 1341 1190 ἀγάπη
1367 1154 1438 1190 μετὰ
1457 1154 1578 1186 πίστεως
1606 1153 1660 1180 ἀπὸ
1674 1152 1742 1179 Θεοῦ
1763 1151 1870 1186 Πατρδς

1081 1200 1127 1227 καὶ
1138 1200 1242 1236 Κυρίου
1262 1199 1348 1234 Ἰησοῦ
1362 1199 1492 1235 Χριστοῦ.
1512 1199 1545 1226 Ἦ
1570 1199 1650 1235 χάρις
1665 1198 1734 1232 μετὰ
1760 1197 1870 1224 πάντων

1080 1246 1134 1274 τῶν
1147 1246 1318 1281 ἀγαπώντων
1331 1245 1378 1273 τὸν
1399 1245 1502 1280 Κύριον
1517 1245 1596 1281 ἡμῶν
1617 1243 1722 1280 Ἰησοῦν
1748 1242 1868 1278 Χριστὸν

1080 1293 1110 1320 ὲν
1122 1293 1274 1329 ἀφθαρσίᾳ.
1295 1292 1391 1328 Ἀμήν.
1591 1318 1600 1327 ,

1114 1340 1248 1376 Χαίρουσι
1264 1339 1319 1375 γὰρ
1329 1340 1354 1366 οἱ
1373 1339 1448 1373 ἅγιοι
1461 1337 1508 1365 τοῦ
1532 1337 1612 1372 ἁγίου
1635 1333 1868 1370 κατευθυνομέιωυ

1081 1386 1174 1423 ἔργου.
1191 1386 1237 1413 Διδ
1250 1385 1348 1422 μηνύει
1357 1385 1393 1412 τὰ
1403 1384 1466 1412 καθ’
1480 1384 1578 1411 ἂαυτδν
1602 1383 1663 1414 ταῖς
1683 1381 1867 1416 Ἐκκλησίαις.

1114 1474 1193 1509 Πρὸς
1210 1473 1366 1507 Ἐφεσίους
1378 1472 1492 1509 ἐτράφη
1506 1471 1565 1500 ἀπὸ
1584 1471 1699 1506 Ῥώμης
1718 1469 1768 1498 διὰ
1782 1468 1870 1504 Τυχι-

1041 1528 1063 1560 c
1080 1521 1147 1554 κοῦ,
1166 1521 1280 1555 στίχων
1300 1518 1369 1552 νβ’.

1209 1797 1634 1842 ΦΙΛΙΠΠΗΣΙΟΥΣ.

525 1978 587 2022 ΙΝ
637 1975 977 2023 EPISTOLAM
1015 1975 1090 2020 AD
1128 1972 1584 2019 PHILIPPENSES.

487 2145 601 2173 CAPUT
614 2144 765 2173 PRIMUM.

1344 2142 1543 2170 ΚΕΦΑΛΔΙΟΝ
1565 2143 1605 2170 Δ’.

277 2202 352 2228 Vens
380 2203 407 2233 Ι,
423 2200 452 2228 2.
477 2210 486 2226 ι
501 2200 604 2229 Paulus
614 2205 641 2228 et
661 2201 824 2230 Timotheus
840 2210 938 2231 servus
962 2201 1026 2230 Iesu

1118 2213 1128 2230 ‹
1144 2202 1250 2234 Παῦλος
1271 2201 1318 2228 καὶ
1345 2201 1479 2236 Τιμόθεος
1509 2200 1602 2233 δοῦλος
1629 2200 1717 2237 Ἰησοῦ
1746 2201 1870 2236 Χριστοῦ

241 2245 359 2279 Christi,
375 2247 504 2274 onmibus
521 2247 629 2276 sanctis
645 2248 671 2275 in
680 2248 792 2276 Christo
805 2248 882 2280 Jesu,
899 2249 945 2284 qui
962 2252 1028 2277 sunt

241 2290 389 2327 Philippis,
410 2300 473 2320 cum
482 2293 622 2329 episcopis
637 2297 664 2322 et
677 2294 814 2322 diaconis.
841 2294 936 2322 Gratia
948 2295 1028 2323 vobis

241 2340 269 2365 et
282 2345 333 2373 pax
346 2346 360 2365 a
375 2338 430 2366 Deo
445 2338 527 2367 Patre
552 2343 648 2368 nostro
668 2344 695 2368 et
720 2340 836 2369 Domino
857 2340 923 2369 Jesu
944 2341 1027 2368 Chri-

242 2387 297 2411 sto.
318 2392 328 2408 ι

277 2428 428 2464 Epistulam
462 2429 533 2456 hanc
559 2430 658 2457 scribit
685 2430 719 2457 ad
735 2430 861 2457 homines
874 2430 922 2464 qui
937 2430 964 2457 in
976 2430 1027 2457 do-

241 2474 332 2501 ctrina
368 2472 554 2508 profecerant.
594 2473 779 2506 Quamobrem
814 2474 944 2510 dogmata
973 2482 1028 2502 non

243 2519 342 2553 tangit,
361 2526 479 2552 quorum
494 2519 613 2546 scicntia
633 2520 702 2547 satis
713 2524 791 2548 erant
805 2520 944 2553 instructi,
964 2528 1027 2548 cum

245 2562 346 2591 affatim
363 2573 395 2591 ea
417 2565 451 2592 ah
481 2566 614 2600 Apostolo
627 2566 687 2601 ipso
701 2566 886 2602 aocepissent.
904 2567 1027 2595 Duorum

242 2617 309 2636 Vero
338 2617 386 2644 per
407 2614 491 2637 totam
519 2611 585 2643 fore,
606 2617 635 2639 ut
653 2612 690 2639 ita
705 2612 805 2645 dicam,
820 2613 966 2648 epistolam
980 2621 1028 2641 eos

243 2654 372 2681 admonet
393 2663 399 2680 :
418 2663 452 2681 nc
462 2656 649 2690 extollantur;
666 2658 766 2692 quippe
782 2665 844 2685 cum
864 2658 917 2686 hoc
934 2664 1029 2687 nosset

243 2699 377 2733 subsequi
398 2701 488 2728 solere
515 2709 564 2729 cos
587 2703 635 2737 qui
653 2709 710 2730 rem
734 2704 936 2738 propemodum
952 2709 1030 2732 recto

244 2749 373 2779 gererent
388 2755 395 2772 :
410 2751 466 2772 tum
495 2748 579 2774 etiam
598 2749 637 2774 uti
659 2756 766 2784 semper
782 2750 930 2785 gaudeant.
945 2749 1028 2778 Gravi

245 2789 382 2822 siquidem
395 2798 513 2818 maerore
534 2793 765 2827 conficiebantur,
788 2803 820 2822 ex
840 2803 896 2831 quo
911 2796 1029 2831 Aposto-

247 2834 300 2861 ltnn
333 2834 453 2863 vinctum
482 2838 852 2876 audierant,diccndamque
878 2842 954 2870 brevi
965 2850 1028 2869 sca-

1080 2250 1148 2276 πᾶσι
1163 2249 1219 2280 τοῖς
1237 2248 1326 2282 ἁγίοις
1348 2248 1377 2274 ὲν
1405 2246 1520 2282 Χριστῷ
1540 2246 1639 2282 Ἰησοῦ,
1668 2248 1724 2279 τοῖς
1742 2245 1820 2274 οὖσιν
1838 2248 1869 2274 ὲν

1079 2294 1232 2325 Φιλίπποις,
1258 2293 1306 2319 σὺν
1330 2292 1491 2323 ἐπισκόποις
1524 2292 1572 2319 καὶ
1602 2291 1754 2323 διακόνοις’
1787 2291 1869 2327 χάρις

1081 2342 1144 2375 ὑμῖν
1160 2339 1311 2374 καὶείρήνη
1327 2338 1381 2365 ἀπὸ
1397 2337 1466 2364 Θεοῦ
1484 2337 1591 2373 Πατρὸς
1607 2338 1686 2373 ἡμῶν
1704 2338 1752 2365 καὶ
1763 2337 1870 2373 Κυρίου

1087 2385 1174 2422 Ἰησοῦ
1187 2385 1317 2420 Χριστοῦ.
1334 2393 1343 2410 ι
1526 2378 1529 2380 ’

1116 2431 1224 2466 Ταύτην
1247 2430 1347 2465 γράφει
1359 2429 1409 2466 τὴν
1436 2429 1581 2464 ἐπιστολὴν
1593 2429 1722 2465 ἀνδράσιν
1737 2429 1767 2456 ὲν
1779 2430 1812 2464 τῇ
1827 2429 1868 2455 δι-

1080 2476 1215 2512 δασκαλίᾳ
1247 2475 1414 2511 προκόψασι.
1444 2475 1489 2501 Διὸ
1509 2476 1556 2502 καὶ
1582 2475 1727 2510 δογμάτων
1752 2475 1802 2510 μὲν
1820 2474 1872 2509 οὐχ

1081 2522 1208 2552 ἅπτεται,
1228 2521 1323 2555 ἐπειδὴ
1349 2520 1396 2547 καὶ
1413 2520 1513 2551 ἱκανῶς
1528 2518 1601 2555 εἶχον
1614 2521 1664 2555 τῆς
1684 2521 1749 2556 περὶ
1767 2520 1872 2546 τούτων

1081 2567 1218 2601 γνώσεως,
1247 2567 1295 2593 ἆτε
1307 2566 1441 2599 πλουσίως
1453 2567 1518 2601 παρ’
1532 2565 1620 2592 αὑτοῦ
1637 2566 1684 2593 τοῦ
1705 2566 1869 2592 Ἀποστόλου

1081 2613 1134 2640 τῶν
1149 2613 1277 2639 τοιούτων
1306 2611 1519 2642 ἀπολαύσαντες.
1545 2611 1597 2638 Δύο
1612 2612 1640 2638 δὲ
1655 2613 1747 2643 αὐτοῖς
1764 2611 1869 2646 σχεδὸν.

1083 2659 1121 2689 ὼς
1137 2659 1237 2690 εἰπεῖν,
1253 2658 1287 2685 δι’
1299 2658 1364 2693 ὅλης
1393 2658 1443 2692 τῆς
1458 2659 1605 2692 ἐπιστολῆς
1629 2659 1769 2694 παραινεῖ,
1787 2658 1818 2684 τὸ
1833 2657 1873 2692 μὴ

1083 2704 1227 2739 ὑψοῦσοαι,
1240 2704 1334 2740 ἐπειδὴ
1362 2704 1410 2731 καὶ
1424 2704 1504 2731 τοῦτο
1526 2703 1597 2732 οἶδεν
1612 2705 1708 2740 ὥσπερ
1724 2704 1873 2732 ἀκόλουθον

1082 2752 1138 2782 τοῖς
1153 2751 1236 2784 ἐγγὺς
1250 2751 1297 2777 τοῦ
1314 2751 1518 2785 χατορθωκέναι
1527 2750 1696 2786 γενομένοις,
1710 2751 1798 2777 καὶτὸ
1810 2750 1873 2785 χαί-

1085 2805 1141 2831 ρειν
1153 2796 1197 2822 διὰ
1211 2798 1321 2828 παντός.
1333 2796 1440 2832 Σφόδρα
1456 2796 1511 2832 γὰρ
1525 2797 1659 2832 ἠθύμουν,
1675 2798 1710 2824 τὰ
1724 2797 1811 2832 δεσμὰ
1822 2797 1872 2823 τοῦ

1091 2842 1251 2869 Ἀποςτόλου
1276 2843 1431 2875 ἀκούοντες.
1460 2843 1506 2870 καὶ
1527 2843 1578 2879 τὴν
1594 2843 1746 2879 μέλλουσαν
1767 2843 1874 2879 κρίσιν,
