2077 3114
226 122 276 154 857

767 121 815 155 IN
833 125 955 157 EPIST.
974 126 1025 156 AD
1043 125 1326 158 PHILIPPENSES.

1807 130 1860 163 858

228 178 332 205 καὶτὸν
355 176 580 212 πφσδώιώμενον
609 177 692 205 αὑτοῦ
717 178 844 207 θάνατον.
867 180 938 208 Οὔτε
962 180 1017 217 γὰρ

1074 182 1194 214 tentiam.
1213 189 1247 210 ac
1262 186 1381 210 mortem
1402 182 1467 217 ejus
1483 181 1673 217 exspectando
1693 186 1785 211 erant.
1804 183 1870 232 Nr‘

228 224 342 259 ἧλπιξον
349 222 430 251 αὐτὸν
443 224 493 255 τὰς
505 223 600 259 χεῖρας
620 223 801 259 ἐκφεύξεσθαι
815 225 863 253 τοῦ
882 226 1021 263 Νέρωνος,

229 269 326 306 ἀνδρὸς
340 269 405 296 τάτε
420 268 490 295 ἄλλα
505 269 658 305 μεμηνότος
673 271 723 298 καὶ
730 271 795 307 περὶ
809 271 908 307 φόνους
922 273 1023 308 ἐπτοη-

230 316 324 351 μένου.
339 315 386 341 Διὸ
398 316 447 342 καὶ
460 314 570 342 λέοντα
595 316 677 343 αὐτὸν
693 317 723 344 ἐν
749 319 782 354 τῇ
800 317 869 353 πρὸς
887 318 1023 354 Τιμόθεον

234 361 377 397 Ἐπιστολῇ
389 361 474 388 καλεῖ.
484 361 515 389 '0
525 362 632 396 Κύριος
643 362 699 398 γάρ
714 372 764 397 μοι
772 363 919 399 παρέστη,
928 364 1022 400 φησὶν,

229 409 278 436 καὶ
292 408 444 443 ὲρῤὐσθην
460 407 668 447 ἐπι-στόματος
685 409 822 442 λέοντος.
842 410 883 437 Τά
903 410 932 438 δὲ
954 410 1023 438 ἄλλα

231 455 320 481 πάντα
331 453 349 480 ἃ
366 454 493 488 παραινεῖ
517 454 620 486 αὐτοῖς,
641 454 680 487 ὡς
694 455 724 482 ὲν
743 455 879 492 ἐπιδρομῇ
894 457 1024 492 παραινεῖ

230 500 332 531 αὐτοῖς.
365 499 525 536 ἐπειδήπερ,
554 499 593 532 ὡς
614 500 694 536 ἔφην.
724 501 809 529 πολὺν
835 502 903 538 παρ’
925 502 1020 536 αὐτοῖς

229 545 372 581 διατρίψας
384 545 489 582 χρόνον,
504 545 616 573 πλεῖστα
629 546 721 579 αὐτοῖς
737 547 883 583 ὠφελήσας
901 545 946 584 ἦν.

272 631 381 666 Ἐπειδὴ
397 630 493 658 τοῦτον
511 631 601 663 αὐτοῖς
614 632 660 658 τὸν
676 630 810 668 Τιμόθεον
827 634 857 660 ὲν
873 633 942 671 αὐτῇ
954 633 1017 661 htt-

231 677 312 713 στολῇ
328 673 527 711 ἐπαγγέλλεται
545 677 644 713 μικρὸν
658 676 772 714 ὕστερον
789 678 907 715 πέμψαι,
925 680 1021 707 τούτου

230 722 312 758 χάριν
326 723 474 750 κοινοποιετ
495 722 545 758 τὴν
573 724 729 759 επιστολὴν,
754 725 911 757 προεθίζων
923 726 1023 758 αὐτοὺς

230 767 391 795 διδάσκαλον
405 768 488 795 αὐτὸν
502 768 639 804 δέχεσθαι.
658 770 689 796 Εί
710 770 766 806 γὰρ
778 770 828 806 τῆς
844 770 892 798 νῦν
911 780 1022 807 πεμποο

233 813 317 848 μένης
329 813 422 845 αὐτοῖς
433 812 611 846 διδασκαλίας
640 815 768 842 κοινωνὸν
787 816 870 843 αὐτὸν
886 817 900 843 ὁ
916 816 1021 849 Παῦλος

231 858 388 894 ἐποιήσατο,
413 858 472 890 πῶς
482 858 542 893 οὐχὶ
560 859 609 885 καὶ
624 861 811 896 παρεσόμενον
826 861 926 897 μικρδν
940 862 1021 889 ﬁcte-
1036 853 1058 881 Β

233 912 280 939 ρον
291 903 409 936 δέξονται
425 904 530 936 τοῦτον,
542 903 573 931 οὒ
585 905 635 941 ἠδη
651 905 702 941 τῆς
718 906 832 942 διδαχῆς
848 908 1020 943 άκηκόασιν;

237 949 336 977 ’ἰστέον
352 950 381 977 δὲ
392 949 428 982 ὼς
442 950 490 986 ὅλῃ
505 950 581 986 χώρᾳ.
599 951 647 978 καὶ
662 951 714 987 ὅλῳ
730 952 801 980 ἔθνει
813 953 953 989 ἐκπέμπει
967 954 1018 990 τὴν

231 995 376 1031 ἐπιστολήν
389 1004 397 1013 ·
410 997 458 1023 καὶ
477 995 556 1023 τοῦτο
570 996 649 1033 δῆλον
664 998 697 1025 ἐκ
712 998 770 1031 τοῦ,
787 999 947 1034 σύμπασιν
957 1000 1021 1028 ἑπι-

231 1043 368 1077 σκόποις,
382 1042 480 1070 εἰπεῖν.

269 1137 280 1154 ‹
300 1128 463 1165 Εὐχαριστῶ
490 1129 530 1166 τῷ
546 1129 606 1163 Θεῷ
626 1139 678 1166 μου
707 1131 755 1157 ἐπὶ
782 1131 858 1167 πάσῃ
877 1133 909 1168 τῇ
941 1133 1023 1168 μνείᾳ

233 1173 319 1209 ὑμῶν,
350 1174 468 1202 πάντοτε
490 1176 519 1202 ὲν
534 1176 610 1212 πάσῃ
637 1174 728 1212 δεήσει
754 1185 805 1212 μου
819 1177 889 1213 ὑπὲρ
913 1178 1023 1206 πάντων

232 1219 320 1255 ὑμῶν,
336 1220 404 1256 μετὰ
416 1222 517 1257 χαρᾶς,
541 1222 591 1257 τὴν
619 1221 712 1257 δέηᾰιν
741 1226 915 1258 ποιούμενος,
927 1223 975 1250 ἐπὶ
988 1225 1022 1260 τῇ

233 1266 361 1301 κοινωνίᾳ
374 1267 450 1302 ὑμῶν
469 1268 509 1299 εἰς
520 1267 551 1294 τὸ
566 1268 743 1302 Εὑαγγέλιον,
759 1269 813 1295 ἀπὸ
827 1268 938 1305 πρώτης
952 1269 1023 1305 ἡμέ-

234 1320 284 1348 ρας
296 1312 362 1348 ἄχρι
382 1313 429 1339 τοῦ
442 1312 500 1346 νῦν,
515 1313 656 1346 πεποιθὼς
667 1315 742 1350 αὺτῷ
757 1314 845 1348 τοῦτο,
859 1315 900 1342 ὅτι
917 1316 930 1342 ὁ
941 1316 1023 1351 ἐργα-

234 1358 352 1394 σάμενος
380 1359 409 1385 ὲν
439 1359 503 1395 ὑμῖν
527 1358 608 1396 ἔργον
634 1360 747 1396 ἀγαθὸν,
772 1361 924 1388 ἑπιτελέσει
944 1361 1024 1398 ἄχρις

233 1405 341 1440 ἡμέρας
350 1404 482 1441 Χριστοῦ.
499 1414 510 1431 ι

267 1451 414 1487 Προκοπὴν
446 1451 537 1484 αὐτοῖς
566 1451 668 1488 πολλὴν
707 1454 858 1489 μαρτυρεῖ,
895 1452 963 1480 ὅπου
991 1461 1024 1487 γε

235 1496 410 1532 μεμνημένος
421 1497 522 1531 αὐτῶν,
535 1498 567 1524 οὺ
588 1498 658 1534 μετὰ
673 1498 800 1535 δακρύων
817 1499 834 1535 ἢ
853 1499 1022 1535 στεναγμῶν,

232 1528 390 1579 ὧσῆερἰπι
402 1543 458 1571 τῶν
477 1528 668 1580 σαλευομένων
693 1528 846 1580 μέμνηταί,
871 1528 1025 1581 anthera;
1037 1528 1058 1558 ο

233 1588 335 1624 πολλῆς
350 1587 536 1624 εὐχαριστίας,
563 1589 632 1625 ὅπερ
650 1589 716 1617 ῐδιον
740 1590 796 1617 τῶν
818 1589 1025 1626 κατορθούντων

233 1634 303 1662 ἐστί.
318 1634 399 1662 Ποῖον
410 1634 439 1661 δὲ
453 1633 546 1662 αὐτῶν
567 1635 597 1662 τὺ
620 1634 798 1671 κατόρθωμα,
825 1635 842 1671 ἢ
866 1635 907 1663 δτι
924 1644 1023 1663 κοινω-

208 1681 213 1683 “
234 1680 365 1716 νήσαντες
376 1680 451 1716 αὐτῷ
461 1680 509 1707 τοῦ
522 1681 703 1716 Εὐαγγελίου,
714 1681 769 1708 ἀπὸ
782 1681 833 1716 τῆς
843 1681 931 1717 ἀρχῆς
943 1681 1024 1718 μέχρι

233 1726 282 1754 καὶ
296 1726 345 1753 νῦν
357 1727 529 1762 μεμενήκασι
542 1728 677 1760 κοινωνοὶ,
691 1728 721 1754 ὲν
737 1727 833 1763 μηδενὶ
843 1727 874 1754 τὸ
890 1729 1024 1764 παράπαν

233 1773 506 1808 παρασαλευόμενοι;
529 1774 599 1809 ὅπερ
621 1773 696 1808 αὑτῷ
709 1774 757 1800 καῖ
785 1773 835 1810 τὴν
858 1773 964 1810 ἀγαθὴν
977 1774 1024 1801 τοῦ

237 1818 380 1854 μέλλοντος
391 1819 490 1846 ἐλπίδα
505 1819 632 1856 παρέχει.
648 1818 714 1847 Οἶδα
724 1820 789 1855 γὰρ,
805 1820 900 1855 φησιν,
917 1820 955 1852 ὡς
969 1821 1025 1847 επι-

234 1864 359 1890 τελέσετε
374 1863 456 1890 τοῦτο
467 1863 497 1891 τδ
505 1863 655 1900 ἔργον,ἓως
666 1863 700 1891 ἂν
716 1864 790 1900 αὐτῷ
799 1865 828 1892 ὲν
843 1865 876 1901 τῇ
890 1865 1025 1900 παρουσίᾳ

234 1908 282 1936 τοῦ
294 1909 395 1945 Κυρίου
411 1908 615 1945 προσενέγκητε
627 1909 708 1939 σῶον.

273 2058 284 2076 ε
300 2049 400 2082 Καθὼς
423 2050 482 2077 ἐστι
500 2050 604 2077 δίκαιον
636 2050 700 2086 ἐμοὶ
722 2048 802 2077 τοῦτό
825 2050 935 2085 φρονεῖν
953 2049 1025 2086 ὑπὲρ

235 2096 345 2124 πάντων
361 2096 449 2132 ὑμῶν,
466 2096 510 2123 διὰ
526 2096 557 2123 τὸ
570 2095 645 2132 ἔχειν
673 2105 708 2132 με
725 2097 755 2123 ὲν
778 2097 811 2132 τῇ
825 2095 925 2132 καρδίᾳ
942 2096 1025 2131 ὑμᾶς,

235 2142 265 2170 ἐν
277 2152 307 2170 τε
319 2144 376 2175 τοῖς
388 2143 500 2179 δεσμοῖς
513 2151 576 2179 μου.
593 2144 641 2171 καὶ
654 2144 684 2170 ὲν
695 2144 729 2179 τῇ
742 2142 888 2178 ἀπολογίᾳ,
914 2142 963 2170 καὶ
981 2141 1026 2178 βε-

1072 234 1126 262 que
1151 227 1226 255 enim
1250 234 1399 254 evasurum
1426 228 1576 262 sperabant
1600 236 1701 256 manus
1720 228 1861 262 Neronis,

1071 271 1125 299 viri
1140 280 1202 299 cum
1217 272 1287 300 alias
1317 272 1429 307 quidem
1451 273 1630 306 insanientis,
1662 277 1720 301 tum
1744 275 1862 302 cmdium

1073 316 1240 344 avidissimi.
1255 315 1393 350 Quocirca
1409 316 1482 344 hunc
1501 325 1612 352 quoque
1628 317 1727 345 leonem
1743 319 1861 353 appellat

1072 361 1102 389 in
1125 360 1250 397 Epistola
1282 362 1316 389 ad
1340 361 1538 390 Timotheum:
1555 362 1683 391 Dominus
1711 364 1781 391 enim
1796 364 1861 390 mihi

1073 407 1170 440 astitit,
1192 408 1300 442 inquit,
1326 412 1351 435 et
1372 407 1500 435 liberatus
1531 416 1590 436 sum
1612 409 1644 436 de
1676 418 1720 437 ore
1734 411 1816 438 leonis
1825 411 1860 438 ’°.

1072 452 1179 481 Cetera
1189 460 1256 481 vero
1266 452 1301 481 de
1318 453 1420 488 quibus
1433 460 1481 481 eos
1491 453 1632 487 admonet,
1646 455 1739 482 obiter
1750 460 1777 482 et
1787 456 1862 483 velut

1074 506 1123 535 per
1137 502 1317 526 transennam
1346 499 1456 531 suadet,
1488 499 1554 534 quia
1572 507 1635 527 cum
1660 500 1777 527 multum
1794 505 1863 528 tem-

1072 543 1160 579 poris,
1176 547 1233 570 uta
1243 551 1287 572 me
1300 543 1406 572 dictum
1423 548 1477 578 est,
1492 544 1566 580 apud
1586 552 1635 574 eos
1650 546 1862 582 egisset,pluri-

1073 596 1148 616 mum
1162 588 1231 624 ipsis
1249 588 1401 623 profuerat.

1109 635 1179 668 Quia
1209 634 1382 663 Timotheum
1412 635 1487 664 hunc
1502 636 1578 665 brevi
1606 635 1673 664 a‘se
1695 636 1862 663 mittendum

1073 679 1102 708 in
1119 679 1172 707 hac
1183 679 1300 715 epistola
1331 680 1490 716 pollicetur,
1514 681 1622 709 idcirco
1640 682 1783 709 communi
1805 688 1864 708 am-

1073 726 1172 754 borum
1199 727 1310 754 nomine
1334 727 1479 762 epistolam
1506 728 1616 760 scribit,
1637 732 1669 754 ut
1693 726 1864 755 assuefaciat

1074 772 1136 800 illos
1155 772 1190 800 ad
1213 772 1354 800 doctorem
1374 773 1449 800 hunc
1474 773 1679 809 excipiendum.
1696 773 1765 800 Cum
1787 773 1862 800 enim

1075 817 1176 846 Paulus
1186 817 1320 846 doctrina:
1335 826 1418 853 quam
1435 818 1503 853 ipsis
1515 819 1651 850 mittebat,
1665 819 1771 846 socium
1783 819 1861 845 illum

1072 865 1242 897 admisisset,
1255 864 1394 900 quomodo
1408 865 1500 900 ipsum
1512 865 1609 900 paucis
1622 868 1685 899 post
1696 864 1796 892 diebus
1813 864 1863 891 ad-

1071 911 1229 938 venientem
1243 918 1297 937 non
1318 914 1413 937 essent
1429 911 1598 945 suscepturi,
1613 911 1693 945 cujus
1705 911 1762 945 jam
1775 910 1864 938 docu-

1073 960 1166 984 menta
1182 955 1381 991 accepissent?
1409 956 1468 983 Hoc
1482 963 1548 984 vero
1570 956 1644 984 scire
1668 956 1779 988 attinet,
1791 955 1864 982 Pau-

1073 1003 1129 1030 lum
1145 1001 1178 1030 ad
1195 1009 1304 1029 omnem
1320 1002 1462 1037 regionem
1482 1009 1652 1037 omnemque
1666 1006 1775 1037 gentem
1791 1002 1862 1030 scri-

1072 1049 1139 1077 bere
1160 1049 1256 1084 :quod
1285 1047 1461 1076 manifestum
1488 1048 1565 1083 facit,
1591 1048 1718 1081 dicendo,
1742 1047 1862 1075 omnibus

1072 1094 1208 1129 episcopis.

1110 1137 1194 1166 Vens.
1207 1138 1267 1165 5-6.
1283 1147 1292 1163 ‹
1311 1137 1422 1166 Gratias
1436 1143 1489 1173 ago
1517 1135 1574 1164 Deo
1591 1143 1652 1164 meo
1668 1136 1696 1163 in
1711 1135 1785 1163 omni
1804 1142 1863 1162 me-

1073 1184 1161 1211 moria
1176 1184 1273 1217 vestri,
1302 1191 1412 1218 semper
1428 1183 1456 1210 in
1476 1182 1586 1210 cunctis
1603 1180 1778 1208 orationibus
1795 1181 1864 1207 meis

1073 1237 1124 1265 pro
1151 1230 1282 1258 omnibus
1302 1230 1394 1262 vobis,
1415 1236 1478 1256 cum
1505 1227 1607 1263 gaudio
1640 1226 1864 1262 deprecationem

1074 1276 1192 1308 faciens,
1217 1283 1301 1310 super
1324 1274 1578 1303 communicatione
1595 1277 1687 1301 vestra
1718 1272 1746 1299 in
1763 1272 1865 1299 Evan-

1074 1323 1157 1358 gelio,
1170 1329 1185 1348 a
1205 1323 1293 1357 prima
1308 1321 1353 1349 die
1372 1327 1462 1356 usque
1477 1327 1562 1346 nunc.
1585 1318 1735 1346 Confidens
1747 1317 1799 1344 hoc
1823 1317 1866 1351 ip-

1075 1375 1147 1400 sum,
1164 1367 1229 1402 quia
1244 1367 1290 1402 qui
1305 1366 1390 1401 coepit
1405 1366 1433 1392 in
1441 1365 1520 1392 vobis
1531 1371 1601 1399 opus
1613 1364 1728 1396 bonum,
1741 1361 1866 1398 perﬁciet

1074 1421 1162 1448 usque
1180 1413 1207 1440 in
1226 1412 1298 1440 diem
1316 1412 1420 1439 Christi
1440 1410 1517 1439 Jesu.
1533 1419 1542 1436 ι

1111 1458 1288 1487 Testiﬁcatur
1313 1465 1361 1486 eos
1372 1457 1524 1485 admodum
1545 1454 1708 1491 profecisse.
1723 1453 1782 1489 qui,
1798 1453 1864 1481 dum

1075 1504 1199 1540 ipsorum
1217 1503 1427 1535 recordabatur,
1438 1509 1494 1529 non
1511 1500 1644 1535 gemitus,
1659 1507 1714 1526 non
1728 1499 1866 1534 lacrymas

1075 1549 1266 1584 exprimeret,
1297 1547 1532 1584 quemadmodum
1575 1551 1687 1581 propter
1723 1545 1785 1572 illos
1817 1543 1865 1578 qui

1074 1595 1253 1628 fluctuarent,
1272 1594 1321 1623 sed
1338 1595 1439 1622 multas
1459 1596 1552 1630 grates
1580 1596 1672 1627 ageret
1690 1590 1769 1626 19‘
1783 1590 1839 1618 Deo
1855 1597 1865 1616 :

1075 1640 1102 1668 id
1119 1640 1193 1675 quod
1211 1639 1354 1674 proprium
1370 1643 1414 1667 est
1427 1645 1523 1666 eorum
1536 1637 1639 1672 quibus
1651 1644 1696 1664 res
1715 1636 1785 1663 bene
1801 1641 1865 1663 suc-

1075 1685 1187 1712 cedunt.
1214 1683 1328 1719 Ecquod
1353 1691 1419 1712 vero
1440 1682 1493 1710 hoc
1514 1681 1623 1710 facinus
1653 1681 1776 1716 ipsorum
1792 1683 1865 1712 erat,

1075 1730 1128 1758 nisi
1140 1729 1218 1765 quia,
1234 1737 1297 1757 cum
1313 1737 1344 1757 se
1362 1729 1457 1758 socios
1480 1728 1555 1756 illius
1576 1728 1605 1755 in
1629 1726 1781 1762 Evangelio
1796 1732 1867 1760 pra:-

1074 1776 1224 1808 stitissent,
1237 1775 1271 1803 ab
1283 1775 1366 1802 initio
1382 1782 1471 1810 usque
1482 1773 1516 1801 ad
1528 1774 1695 1808 hoctempus
1705 1773 1731 1799 in
1744 1779 1869 1799 commu-

1075 1821 1157 1849 nione
1169 1824 1379 1856 permanserant
1390 1842 1397 1854 ,
1406 1820 1443 1848 ita
1457 1825 1486 1848 ut
1496 1819 1566 1847 nihil
1579 1819 1655 1854 ipsos
1664 1817 1868 1845 concussisset?

1075 1867 1102 1895 id
1113 1867 1188 1903 quod
1199 1867 1278 1902 plane
1294 1874 1369 1903 spem
1389 1867 1490 1894 bonam
1509 1865 1596 1894 futuri
1618 1864 1769 1900 praebebat.
1797 1861 1867 1889 Novi

1076 1914 1213 1949 siquidem
1240 1912 1311 1944 fore,
1339 1912 1441 1947 inquit,
1472 1915 1502 1938 ut
1524 1911 1579 1938 hoc
1611 1917 1682 1945 Opus
1705 1907 1866 1944 perficiatis,

1075 1960 1163 1988 donec
1189 1959 1326 1992 integrum
1357 1957 1425 1984 illud
1455 1957 1579 1984 offeratis
1604 1955 1633 1983 in
1665 1955 1783 1983 adventu
1814 1953 1868 1981 Do-

1076 2005 1157 2032 mini.

1112 2049 1196 2077 Vatis.
1221 2048 1247 2076 7.
1267 2057 1278 2073 ι
1298 2047 1377 2075 Sicut
1401 2052 1444 2075 est
1468 2047 1536 2074 mihi
1559 2046 1668 2082 justum
1694 2046 1749 2073 hoc
1764 2043 1869 2073 sentire

1077 2104 1125 2132 pro
1140 2094 1271 2123 omnibus
1287 2094 1386 2128 vobis;
1403 2101 1436 2121 eo
1451 2093 1525 2128 quod
1542 2093 1657 2120 habeam
1670 2099 1720 2119 vos
1732 2091 1759 2118 in
1774 2089 1868 2123 corde,

1076 2146 1104 2170 et
1120 2142 1148 2169 in
1171 2141 1292 2170 vinculis
1313 2139 1394 2173 meis,
1419 2143 1447 2168 et
1472 2140 1500 2167 in
1523 2138 1696 2170 defensione,
1713 2141 1742 2164 et
1759 2137 1787 2164 in
1801 2143 1869 2163 eon<

237 2188 348 2216 δαιώσει
364 2188 411 2215 τοῦ
429 2188 610 2223 Εὑαγγελίου,
625 2188 827 2223 συγκοινωνούς
847 2196 894 2223 μοι
910 2187 959 2223 τῆς
974 2187 1024 2223 χά-

1079 2188 1244 2221 firmatione,
1273 2186 1367 2215 socios
1386 2185 1480 2222 gaudii
1509 2186 1563 2213 mei
1581 2192 1678 2213 omnes
1697 2191 1747 2212 vos
1763 2190 1835 2211 esse.
1855 2190 1866 2208 ι

238 2243 310 2272 ριτος
321 2234 426 2266 πάντας
440 2235 512 2270 ὑμᾶς
528 2235 619 2267 ὄντας.
640 2244 650 2261 ι

278 2279 387 2316 Ἐπειδὴ
420 2279 584 2316 πεποίθησιν
610 2278 689 2308 εἷπεν
709 2279 782 2316 ἔχειν
801 2280 845 2307 ἐπ’
865 2279 968 2311 αὐτοῖς,
984 2279 1024 2307 δι-

237 2325 316 2353 καίαν
335 2325 410 2361 λέγει
429 2325 532 2362 ταύτην
547 2325 618 2362 ἔχειν
632 2325 681 2362 τὴν
708 2325 883 2361 πεποίθησιν.
908 2325 1026 2362 Θαῤῥεῖν

235 2371 291 2406 γάρ
303 2379 396 2406 φησιν,
411 2370 449 2402 ὡς
474 2371 585 2399 πάντων
600 2371 676 2407 αὐτῷ
690 2371 799 2398 ἔσονται
823 2371 958 2405 κοινωνοὶ,
971 2371 1026 2398 τῶν

236 2417 356 2453 δεσμῶν,
370 2418 419 2454 τῆς
436 2417 595 2452 ἀπολογίας,
617 2417 668 2453 τῆς
684 2418 805 2453 χάριτος,
825 2417 862 2444 Τὸ
877 2417 948 2444 οὕτω
962 2417 1027 2452 περὶ

237 2463 292 2491 τῶν
303 2463 506 2491 πιστευσάντων
518 2464 642 2500 θαρρεῖν,
660 2463 768 2499 μεγάλη
782 2464 858 2491 ἐστὶν
871 2463 963 2491 αὐτῶν
982 2463 1028 2499 βε-

237 2509 383 2544 σαιότητος
396 2509 541 2545 μαρτυρία.

276 2564 287 2581 ι
303 2555 417 2591 Μάρτυς
444 2555 497 2591 γάρ
516 2555 566 2591 μού
592 2555 667 2582 ἔστιν
687 2555 702 2582 ὁ
727 2554 806 2588 Θεὸς,
835 2556 873 2588 ὼς
902 2555 1028 2584 ἐπιποθῶ

238 2601 343 2632 πάντας
359 2600 432 2634 ὑμᾶς
456 2601 486 2626 ὲν
502 2601 667 2637 σπλάγχνοις
698 2601 787 2636 Ἰησοῦ
815 2601 947 2637 Χριστοῦ.
972 2602 1027 2628 Καὶ

237 2648 316 2676 τοῦτο
330 2646 527 2683 προσεύχομαι,
545 2647 589 2674 ἴνα
602 2648 619 2683 ὴ
642 2647 737 2683 ἀγάπη
758 2647 836 2682 ὑμῶν
858 2647 899 2674 ἔτι
924 2647 1027 2683 μᾶλλον

237 2693 390 2730 περισσεύῃ
401 2693 430 2720 ἐν
449 2693 597 2728 ἐπιγνώσει
616 2695 664 2721 καὶ
693 2693 767 2729 πάσῃ
791 2693 928 2729 αἰσθήσει,
942 2694 983 2726 εἰς
997 2693 1028 2720 τὸ

237 2737 394 2774 δοκιμάζειν
409 2738 482 2773 ὑμᾶς
495 2738 530 2765 τὰ
546 2739 724 2774 διαφέροντα,
743 2739 786 2766 ἵνα
802 2736 852 2775 ἦτε
870 2739 1028 2776 εἰλικρινεῖς

265 2820 289 2836 ’⁵
307 2828 330 2858 ll
346 2828 419 2858 Tim.
432 2838 470 2865 tv,
485 2830 530 2859 t6.

1112 2277 1183 2312 Quin
1211 2276 1283 2305 dixit
1303 2276 1330 2304 in
1362 2275 1404 2304 eis
1436 2283 1467 2303 se
1487 2275 1635 2307 confidere,
1649 2277 1708 2301 tum
1739 2272 1868 2300 fiduciam

1077 2325 1150 2353 hanc
1160 2324 1268 2360 justam
1278 2327 1305 2351 et
1319 2323 1472 2358 legitimam
1488 2329 1551 2349 esse
1571 2321 1682 2348 asserit.
1695 2319 1778 2347 Jubet
1794 2318 1869 2346 enim

1077 2372 1152 2399 bono
1165 2370 1259 2398 animo
1273 2377 1347 2401 esse,
1366 2377 1417 2396 ceu
1434 2373 1580 2396 consortes
1600 2367 1724 2394 omnium
1747 2365 1869 2396 futuros.

1077 2417 1263 2448 vinculorum,
1277 2415 1462 2447 defensionis,
1485 2415 1593 2450 gratiae.
1621 2412 1705 2448 Atqui
1722 2412 1774 2439 hoc
1788 2410 1870 2438 modo

1077 2462 1161 2490 fidere
1176 2461 1234 2489 illis
1250 2460 1296 2497 qui
1313 2459 1506 2492 crediderunt,
1529 2465 1659 2493 magnum
1680 2456 1869 2484 testimonium

1076 2513 1119 2537 est
1134 2508 1274 2536 firmitatis
1289 2507 1426 2542 ipsorum.

1113 2554 1199 2582 Vens.
1217 2553 1294 2582 8-H.
1310 2562 1320 2579 ι
1341 2552 1434 2580 Testis
1452 2551 1526 2579 enim
1544 2550 1611 2577 mihi
1636 2554 1679 2583 est
1698 2549 1781 2579 Deus.
1795 2548 1869 2583 quod

1077 2609 1128 2637 ego
1142 2601 1253 2636 cupiam
1265 2606 1362 2626 omnes
1389 2606 1439 2625 vos
1456 2590 1653 2625 in'visccribus
1674 2594 1739 2623 Jesu
1754 2593 1868 2622 Christi.

1080 2647 1113 2674 Et
1144 2648 1196 2674 hoc
1215 2653 1276 2679 oro,
1302 2649 1332 2672 ut
1359 2644 1480 2672 charitas
1508 2648 1597 2670 vestra
1622 2641 1710 2676 magis
1728 2647 1760 2667 ac
1783 2638 1872 2673 magis

1081 2694 1204 2722 abundet
1224 2692 1250 2720 in
1265 2691 1384 2720 scientia
1401 2695 1430 2718 et
1452 2691 1480 2718 in
1500 2689 1575 2716 omni
1589 2696 1685 2720 sensu,
1698 2692 1727 2714 ut
1748 2684 1871 2722 probetis

1082 2741 1204 2777 potiora,
1215 2744 1246 2767 ut
1261 2738 1324 2768 sitis
1343 2737 1449 2768 sinceri
1472 2741 1498 2765 et
1530 2735 1590 2764 sine
1617 2734 1722 2764 offensa
1744 2733 1770 2761 in
1798 2732 1870 2760 diem
