2077 3114
219 135 274 168 8'.)

817 135 846 165 S.
865 135 1025 166 JOANNIS
1044 137 1260 169 DAMASCENI

1794 135 1849 169 8:50

217 190 330 224 Christi,
347 190 443 224 repleti
468 183 560 216 fructu
584 189 708 224 justitize,
725 188 772 223 qui
789 193 832 216 est
856 189 1006 224 perJesum

1061 191 1105 218 καὶ
1117 191 1288 228 ἀπρόσκοποι
1301 192 1341 223 είς
1355 191 1463 228 ἡμέραν
1489 190 1619 226 Χριστοῦ,
1635 191 1848 227 πεπληρωμένοι

218 239 358 267 Christum
377 238 405 266 in
420 237 534 273 gloriam
546 241 574 264 et
589 236 696 263 laudem
709 236 767 264 Dei.
786 245 794 261 ι

254 325 323 357 Quia
337 324 423 351 multo
435 323 545 349 illorum
575 329 671 349 amore
685 322 831 357 ﬂagrabat.
847 323 883 349 ita
900 327 929 350 ut
947 330 1010 350 nus-

219 377 301 404 quam
317 370 440 403 ipsorum
457 368 681 400 oblivisceretur,
691 368 749 395 sive
762 367 788 394 in
801 368 917 396 vinculis
924 373 1008 402 esset,

219 417 277 443 sive
290 423 320 442 se
334 415 493 442 defenderet
509 422 516 439 :
534 422 593 441 eam
605 414 640 440 ob
657 421 715 455 rem
728 413 844 448 hujusce
860 414 898 441 rei
911 419 1008 442 testem

217 461 337 496 appellat
347 461 443 487 Deum.
461 460 500 488 Ne
510 468 573 487 vero
581 460 716 494 quispiam
731 460 919 494 suspicaretur
935 469 1008 493 eum,

217 507 379 535 assentandi
396 507 489 534 animo
511 511 623 541 propter
640 506 824 533 ministerium
841 506 915 541 quod
931 507 964 533 ad
980 514 1010 534 se

218 554 363 584 miserant,
385 553 520 588 ejusmodi
551 553 652 580 habere
677 560 833 583 sermones,
851 552 1009 586 subjunxit,

219 600 249 626 in
267 600 409 627 visceribus
425 599 524 626 Christi
538 598 623 630 Jesu;
637 606 693 634 quo
709 598 877 632 signiﬁcaret
897 606 928 626 se
950 599 1010 626 illos

218 653 323 677 amare,
335 653 390 680 qua
424 645 558 672 charitate
579 644 718 671 Christum
744 644 852 671 sincere
867 644 1008 680 diligebat.

218 691 289 718 Tum
316 691 367 718 hoc
393 695 569 726 apprecatur,
595 695 625 717 ut
658 690 686 717 in
701 691 859 726 cognitione
882 696 909 718 et
926 699 1010 718 sensu

218 744 381 771 progressus
396 735 511 766 faciant.
531 735 734 771 diligentesque
750 737 936 770 pensitatores
952 737 1010 764 sint

217 782 351 809 bonorum
370 791 376 809 :
396 782 433 808 ita
460 782 563 816 quippe
595 781 656 808 sine
677 782 830 809 offensione
856 782 965 810 futuros
980 783 1009 810 in

219 826 367 854 adventum
397 827 521 859 Christi;
558 827 610 854 hoc
637 830 679 854 est
705 827 780 853 nullo
813 827 894 854 modo
910 827 1007 862 pedem

1057 238 1165 273 καρπὸν
1192 237 1368 273 δικαιοσύνης
1395 238 1441 264 τὸν
1467 237 1510 264 διὰ
1539 237 1626 272 Ἰησοῦ
1649 237 1778 272 Χριστοῦ,
1807 240 1847 271 είς

1057 283 1136 316 δόξαν
1153 284 1201 311 καὶ
1209 284 1319 312 ἔπαινον
1332 283 1411 310 Θεοῦ.
1430 293 1440 310 ›

1101 329 1212 365 Ἐπειδὴ
1226 329 1329 365 πολλὴν
1351 326 1432 356 εἴπεν
1462 329 1536 364 ἔχειν
1552 329 1591 360 είς
1607 328 1705 360 αὐτοὺς
1725 328 1844 363 ἀγάπην,

1059 376 1096 408 ὡς
1114 375 1240 412 μηδαμοῦ
1256 376 1356 406 αὐτοὺς
1368 374 1547 410 παραλιπεῖν,
1559 373 1597 409 μὴ
1611 374 1640 400 ἐν
1653 373 1762 407 δεσμοῖς
1771 372 1846 404 ὄντα.

1062 422 1100 457 μὴ
1114 423 1143 448 ἐν
1160 421 1304 457 ἀπολογίᾳ,
1317 420 1413 448 τούτου
1430 420 1510 456 χάριν
1528 420 1656 455 μάρτυρα
1667 419 1715 445 ἐπὶ
1728 419 1846 454 τοσούτῳ

1061 467 1205 502 πράγματι
1233 466 1406 493 ἐπικαλεῖται
1432 466 1477 492 τὸν
1502 465 1578 493 Θεόν,
1605 465 1664 492 Ἵνα
1688 465 1716 491 δέ
1746 466 1782 501 μὴ
1807 474 1848 497 τις

1061 513 1203 546 ὑπολάϐοι,
1216 513 1254 544 ὡς
1268 512 1312 539 διὰ
1328 511 1378 548 τὴν
1393 512 1533 538 διακονίαν
1543 512 1576 546 ἣν
1586 510 1752 538 ἀπέστελλον
1762 511 1847 545 αὐτῷ,

1060 558 1217 586 κολακεύων
1229 559 1264 585 τὰ
1271 557 1384 586 τοιαῦτα
1399 558 1486 592 λέγει,
1504 558 1655 592 ἐπήγαγεν,
1682 556 1717 583 ὲν
1729 556 1847 591 σπλάγ-

1061 612 1147 638 χνοις
1159 603 1289 638 Χριστοῦ
1306 603 1415 638 Ἰησοῦ,
1430 603 1538 634 δεικνὺς
1561 603 1601 629 ὅτι
1619 603 1636 637 ὴ
1664 602 1758 637 ἀγάπη
1775 602 1848 636 αὐτῷ

1061 649 1144 676 διὰτὸ
1154 651 1194 681 εἰς
1213 649 1332 685 Χριστὸν
1346 649 1459 685 γνήσιόν
1471 650 1556 680 ἐστιν,
1574 648 1621 675 καὶ
1634 647 1714 675 τοῦτο
1727 647 1848 683 εὔχεται,

1062 695 1109 722 τοῦ
1125 696 1293 731 προκόπτειν
1308 696 1408 728 αὐτοὺς
1431 696 1460 723 ἐν
1486 693 1634 729 ἐπιγνώσει
1648 694 1696 721 καὶ
1712 693 1847 728 absentis;

1063 740 1110 767 καὶ
1129 740 1300 775 δοκιμαστὰς
1313 741 1439 777 ἀκριϐεῖς
1452 740 1580 774 γενέσθαι
1591 740 1646 767 τῶν
1655 739 1745 766 καλῶν
1757 747 1763 754 ·
1779 739 1850 766 οὓτω

1061 787 1115 822 γὰρ
1131 786 1239 814 ἔσονται
1258 788 1431 822 ἀπρόσκοποι
1443 788 1482 819 είς
1494 786 1544 822 τὴν
1559 785 1768 822 παρουσίαντοῦ
1783 786 1850 820 Χρι-

1062 832 1138 863 στοῦ,
1158 833 1281 859 τουτέστι
1305 833 1379 860 κατὰ
1388 832 1489 868 μηδένα
1503 831 1605 868 τρόπον
1620 831 1849 867 προσκόπτοντες.

213 872 384 900 oileusuros.
398 872 465 900 Nam
479 873 526 908 qui
560 873 601 900 sic
620 877 701 900 erunt
717 873 883 908 comparati,
909 874 1008 908 inquit,

1062 879 1093 905 Οἱ
1104 877 1159 913 γὰρ
1170 878 1296 911 τοιοῦτοι,
1313 867 1393 914 φησὶ,
1406 867 1526 914 πλήρεις
1538 877 1733 914 εὑρεθήσονται
1749 877 1850 904 δικαιο-

218 918 290 952 pleni
306 918 478 953 reperientur
504 919 622 953 justitite
651 918 789 946 fructibus
807 919 953 953 :justitim,
967 920 1011 947 in—

219 971 313 998 quam,
326 972 380 991 non
404 972 464 999 qua:
479 971 527 999 per
540 965 626 999 legem
643 964 778 991 habeatur
795 964 878 999 (hanc
892 966 964 992 enim
981 966 1010 992 iu

217 1010 338 1044 epistolae
358 1011 429 1037 serie
450 1011 520 1037 tollit
550 1018 566 1038 e
593 1010 706 1044 medio),
735 1009 784 1038 sed
802 1019 883 1045 quam
899 1017 1011 1046 praestet

218 1055 363 1089 Christus;
379 1064 440 1091 quae
457 1057 568 1091 quidem
582 1057 667 1084 etiam
686 1057 713 1083 in
728 1056 775 1084 Dei
791 1057 907 1092 gloriam
926 1058 1009 1085 cedit.

219 1100 342 1129 Vivendo
370 1103 471 1137 quippe
499 1103 654 1130 secundum
683 1103 779 1138 Deum,
802 1104 919 1139 gloriam
935 1105 1010 1132 Patri

218 1147 264 1181 qui
279 1147 306 1174 in
319 1147 397 1175 caelis
414 1152 467 1180 est,
488 1149 651 1177 tribuimus.

257 1187 338 1220 Vtilis.
354 1193 448 1221 1244.
465 1203 474 1220 ι
495 1193 575 1221 Scire
602 1199 694 1222 autem
723 1203 774 1223 vos
796 1196 870 1228 volo,
899 1196 1009 1230 fratres,

218 1239 284 1274 quia
297 1247 360 1275 quze
375 1240 449 1267 circa
466 1248 512 1268 me
541 1246 617 1272 sunt.
641 1242 729 1277 magis
743 1242 776 1269 ad
793 1243 945 1277 profectum
962 1252 1010 1271 ve-

219 1291 321 1313 nerunt
338 1286 492 1321 Evangelii.
506 1285 544 1313 ita
559 1288 708 1315 utvincula
720 1295 781 1316 mea
796 1288 944 1317 manifesta
962 1289 1009 1316 tie-

219 1335 280 1358 rent
295 1331 322 1358 in
335 1330 446 1359 Christo
464 1332 491 1359 in
522 1333 598 1360 omni
624 1334 765 1368 praetorio,
799 1339 825 1361 et
849 1334 877 1362 in
903 1336 1010 1363 caeteris

218 1376 359 1409 omnibus,
378 1380 404 1404 et
421 1378 514 1411 plures
535 1386 550 1405 e
575 1378 709 1406 fratribus
723 1379 750 1406 in
775 1378 904 1413 Domino,
922 1381 1009 1408 conti-

219 1421 316 1449 dentes
335 1422 454 1450 vinculis
482 1423 561 1456 meis,
589 1424 780 1453 abundantius
798 1425 935 1453 auderent
951 1427 1010 1454 sine

220 1468 320 1495 timore
334 1469 447 1495 verbum
464 1469 552 1504 loqui.
569 1479 579 1495 ι

1062 925 1145 961 σύνης
1158 925 1262 961 καρποί
1274 934 1281 942 ·
1304 926 1352 953 καὶ
1376 924 1559 960 δικαιοσύνης,
1590 925 1620 951 οὐ
1643 925 1691 960 τῆς
1707 926 1735 951 ἐν
1753 924 1828 959 νόμῳ
1842 932 1849 938 ·

1060 970 1163 1006 ταύτην
1185 972 1240 1007 γὰρ
1251 971 1299 998 καὶ
1318 972 1347 998 ἐν
1361 972 1419 1003 τοῖς
1433 971 1497 1006 ἑξῆς
1513 971 1622 1006 ἀναιρεῖ
1637 978 1644 985 ·
1663 969 1732 997 ἀλλά
1741 969 1792 1003 τῆς
1806 969 1851 996 διὰ

1061 1016 1193 1052 Χριστοῦ,
1209 1017 1226 1052 ἦ
1241 1025 1282 1048 τις
1300 1017 1346 1044 καὶ
1369 1017 1409 1048 εἰς
1432 1016 1522 1048 δόξαν,
1554 1017 1600 1043 καὶ
1623 1015 1733 1042 ἔπαινον
1746 1015 1851 1049 γίνεται

1061 1062 1140 1089 Θεοῦ.
1163 1062 1196 1088 Ἡ
1207 1062 1262 1097 γὰρ
1269 1062 1340 1089 κατὰ
1351 1062 1419 1089 Θεὸν
1429 1062 1550 1089 πολιτεία
1560 1061 1666 1094 δοξάζει
1682 1062 1726 1088 τὸν
1743 1061 1850 1096 Πατέρα

1061 1108 1106 1134 τὸν
1121 1108 1149 1135 ἐν
1157 1109 1213 1140 τοῖς
1225 1109 1360 1144 οὐρανοῖς.

1103 1205 1113 1222 ι
1133 1196 1280 1224 Γινώσκειν
1299 1196 1328 1224 δὲ
1361 1196 1433 1232 ὑμᾶς
1456 1196 1595 1232 βούλομαι,
1629 1196 1749 1230 ἀδελφοὶ,
1762 1196 1803 1222 ὅτι
1817 1195 1852 1222 τά

1062 1244 1122 1270 κατ’
1133 1244 1194 1279 ἐμὲ,
1211 1244 1312 1278 μᾶλλον
1326 1244 1367 1275 είς
1379 1243 1524 1279 προκοπὴν
1538 1242 1585 1270 τοῦ
1601 1242 1770 1277 Εὑαγγελίου
1788 1241 1852 1281 ἐλή-

1061 1289 1150 1322 λυθεν,
1171 1289 1241 1316 ὥστε
1251 1289 1315 1322 τοὺς
1330 1289 1447 1325 δεσμούς
1467 1298 1519 1325 μου
1533 1289 1667 1325 φανεροὺς
1682 1287 1808 1323 γενέσθαι
1821 1288 1852 1315 ἐν

1061 1335 1114 1371 ὅλῳ
1125 1335 1163 1371 τῷ
1175 1336 1328 1372 πραιτορίῳ
1355 1336 1404 1363 καὶ
1417 1337 1474 1367 τοῖς
1489 1335 1592 1367 λοιποῖς
1619 1336 1713 1365 πᾶσιν,
1730 1335 1778 1361 καὶ
1789 1335 1853 1367 τοὺς

1062 1380 1187 1413 πλείονας
1222 1381 1277 1408 τῶν
1303 1381 1426 1416 ἀδελφῶν
1450 1381 1481 1417 ἐν
1499 1381 1594 1417 Κυρίῳ
1615 1381 1780 1413 πεποιθότας
1795 1381 1852 1412 τοῖς

1062 1425 1173 1461 δεσμοῖς
1189 1435 1252 1462 μου,
1268 1413 1585 1463 περισσοτέρωςῘτολμίᾷν
1598 1427 1707 1462 ἀφόϐως
1719 1426 1763 1453 τὴν
1774 1426 1852 1460 λόγον

1063 1471 1165 1498 λαλεῖν.

255 1514 340 1541 Roma
353 1515 386 1542 ad
401 1516 464 1543 illos
492 1517 638 1551 epistolam
656 1517 765 1550 scribit,
789 1526 850 1545 cum
871 1519 1009 1547 anvietale

1099 1518 1202 1552 Γράφει
1221 1518 1269 1553 μὲν
1285 1519 1377 1550 αὐτοῖς
1389 1518 1438 1554 τὴν
1467 1518 1611 1554 ἐπιστολὴν
1628 1518 1682 1545 ἀπὸ
1700 1517 1810 1553 Ῥώμης
1823 1517 1853 1544 ἐν

219 1566 384 1590 etlnmrore
408 1563 484 1598 gravi
521 1568 714 1599 premerentur
748 1569 861 1599 propter
899 1566 1011 1592 vincula

219 1608 320 1644 ipsius.
339 1607 376 1636 De
400 1609 503 1644 quibus
526 1609 648 1638 vinculis
681 1617 715 1638 ne
728 1611 833 1638 luctum
849 1615 933 1647 agant
949 1616 1011 1639 tan-

220 1655 343 1682 tumdem
363 1655 539 1686 dehortatur.
555 1660 585 1683 ut
602 1656 686 1683 etiam
712 1657 811 1685 doceat
836 1665 896 1690 eos,
914 1657 1012 1692 ingens

219 1704 332 1735 propter
351 1701 398 1727 illa
415 1701 545 1736 gaudium
576 1701 706 1736 praeferre
725 1711 733 1729 :
749 1704 854 1738 quippe
871 1711 935 1730 cum
953 1704 1012 1731 haec

219 1746 247 1773 in
264 1754 349 1774 causa
363 1752 468 1779 essent,
487 1751 516 1774 ut
530 1748 693 1782 praedicatio
718 1749 908 1778 abundantius
926 1758 1013 1785 auge-

220 1795 319 1825 sceret,
334 1796 361 1820 et
377 1800 456 1821 EI‘I'OI'
472 1794 680 1823 amandaretur.

256 1837 341 1866 Vsus.
359 1838 403 1866 15.
422 1848 432 1864 ι
449 1838 568 1871 Quidam
587 1839 698 1874 quidem
713 1843 740 1868 et
752 1844 866 1876 propter
881 1840 1012 1870 invidiam

220 1889 245 1911 et
261 1884 466 1911 contentionem
481 1892 488 1916 ;
504 1883 616 1918 quidam
631 1887 724 1911 autem
739 1888 767 1912 et
783 1888 896 1920 propter
913 1885 1012 1912 bonam

220 1930 392 1957 voluntatem
408 1929 550 1957 Christum
569 1929 730 1965 pradicant.
752 1939 762 1956 ι

259 1975 339 2010 195
353 1975 562 2003 Praedicationis
572 1975 668 2010 utique
681 1975 786 2008 hostes,
802 1975 849 2011 qui
863 1983 926 2004 cum
943 1976 1013 2004 Pan-

221 2021 264 2048 lus
282 2021 394 2049 vinctus
413 2026 566 2055 teneretur,
584 2021 648 2056 quia
667 2021 760 2048 .Iesum
781 2021 1015 2054 annuntiabat,ut

223 2067 312 2102 magis
324 2066 461 2095 Neronem
478 2068 640 2100 incitarent,
653 2067 706 2102 ipsi
719 2075 829 2103 quoque
841 2067 935 2095 Jesum
948 2076 1014 2103 prae-

222 2113 354 2141 dicabant
369 2123 376 2141 ι
398 2122 443 2141 res
458 2121 523 2141 vero
539 2118 635 2142 contra
649 2121 732 2148 quam
764 2117 899 2148 pnestare
918 2115 1015 2142 volue-

223 2161 294 2189 rant,
311 2159 454 2186 succeasit.
469 2160 538 2186 Cum
553 2159 626 2186 enim
643 2159 868 2194 praedicationem
886 2158 1014 2187 funditus

222 2203 497 2241 proﬂigarevellent.
528 2204 586 2232 hac
603 2205 691 2239 magis
717 2204 881 2240 augebatur,
902 2206 1014 2233 tametsi

222 2251 340 2282 sincere,
366 2251 424 2278 sive
455 2258 489 2277 ex
519 2251 609 2278 animo
641 2258 694 2278 non
707 2249 1016 2287 praadicarent,neque

224 2304 337 2331 operam
355 2297 383 2323 in
401 2297 453 2323 hoc
482 2296 661 2328 collocarent,
678 2300 709 2324 nt
729 2297 853 2325 homines
870 2298 1014 2325 veritatem

223 2342 400 2374 docerentur,
419 2341 467 2369 sed
487 2345 515 2368 ut
532 2340 688 2368 molestiam
714 2341 847 2376 Apostolo
873 2345 1013 2369 crearent.

258 2387 341 2415 Vsus.
360 2387 452 2414 16-18.
473 2396 482 2413 ι
496 2386 615 2420 Quidam
645 2387 757 2422 quidem
786 2394 819 2414 ex
838 2388 1015 2416 contentione

221 2434 363 2462 Christum
392 2433 568 2465 annuntiant,
592 2441 646 2461 non
673 2433 791 2466 sincere,
822 2434 1015 2462 existimantes

223 2488 382 2516 pressuram
401 2488 430 2508 se
444 2480 583 2508 suscitare
606 2480 727 2507 vinculis
744 2480 812 2507 meis
825 2486 831 2505 ε
843 2480 1015 2514 quidamau-

222 2532 275 2554 tem
287 2535 318 2554 ex
331 2527 478 2558 charitatc,
493 2527 614 2554 scientes
634 2526 766 2561 quoniam
779 2525 806 2552 in
826 2525 1014 2553 defensionem

223 2573 362 2608 Evangelii
389 2574 500 2609 positus
526 2581 599 2601 sum.
624 2573 703 2606 ,Quid
729 2571 909 2600 euim?dum
939 2572 1014 2599 omni

222 2620 317 2653 modo,
348 2620 407 2647 sive
434 2627 483 2654 per
507 2619 696 2652 occasionem,
722 2619 780 2646 sive
805 2625 853 2653 per
869 2618 1014 2646 veritatem

222 2666 351 2694 Christus
364 2667 555 2694 annuntietur.
576 2675 586 2692 ι

258 2711 312 2744 Qui
329 2713 438 2739 sincere
450 2712 614 2746 praedicant,
630 2711 732 2746 inquit,
751 2712 803 2738 hoc
820 2711 934 2745 faciunt,
951 2713 1015 2747 quia

224 2764 257 2784 ex
274 2764 335 2784 mea
350 2757 511 2786 defensione
524 2758 686 2786 audaciores
701 2763 857 2785 evaserunt.
876 2757 1017 2785 Noverunt

226 2802 299 2831 uim
312 2809 372 2830 eam
396 2804 534 2831 communi
553 2804 674 2838 ipsorum
691 2803 837 2832 commodo
859 2810 1016 2837 cessuram,

223 2857 305 2885 quam
322 2849 473 2885 Apostolus
485 2850 657 2879 instituebat.

1063 1563 1146 1599 πολλῇ
1162 1562 1237 1591 οὖσιν
1252 1564 1357 1600 ἀθυμίᾳ.
1370 1564 1415 1591 διὰ
1441 1564 1475 1591 τὰ
1490 1565 1589 1600 δεσμά.
1616 1565 1674 1599 Ἐφ’
1687 1562 1728 1596 οἷς
1743 1564 1852 1598 δεσμοῖς

1061 1609 1189 1636 τοσοῦτον
1204 1610 1356 1646 ἀποτρέπει
1384 1610 1430 1637 τοῦ
1456 1610 1611 1643 λυπεῖσθαι,
1635 1610 1674 1642 ὡς
1695 1610 1742 1637 καὶ
1766 1609 1854 1645 χαράν

1064 1655 1188 1691 μεγάλην
1217 1657 1317 1688 αὐτοὺς
1345 1656 1440 1691 ἔχειν,
1469 1656 1608 1684 διδάσκειν
1637 1657 1672 1683 δι’
1698 1657 1785 1688 αὐτὰ,
1811 1655 1853 1682 ὅτι

1062 1701 1095 1728 δι’
1106 1702 1197 1729 αὐτῶν
1217 1702 1360 1735 πλεονάζει
1371 1702 1403 1729 τδ
1415 1703 1557 1738 κήρυγμα,
1575 1703 1622 1730 καὶ
1635 1703 1652 1738 ή
1665 1702 1752 1738 πλάνη
1765 1701 1855 1737 ἐξορίι-

1064 1747 1152 1780 ζεται.

1102 1847 1112 1864 ι
1131 1838 1211 1870 Τινὲς
1223 1837 1275 1874 μὲν
1298 1838 1346 1865 καὶ
1369 1836 1413 1864 διὰ
1428 1836 1526 1872 φθόνον
1545 1836 1593 1864 καὶ
1614 1836 1683 1872 ἐριν,
1697 1836 1770 1868 τινές
1781 1836 1810 1863 δέ
1819 1835 1855 1864 δι’

1064 1885 1188 1912 εὐδοκίαν
1204 1885 1249 1912 τὸν
1263 1884 1382 1921 Χριστὸν
1397 1883 1594 1920 κηρύσσουσιν.
1616 1893 1626 1910 ›

1094 1974 1125 2000 Ol
1136 1972 1228 2009 ἐχθροὶ
1237 1971 1284 1999 τοῦ
1294 1972 1482 2008 κηρύγματος,
1495 1971 1618 2003 δεθέντος
1628 1970 1676 1998 τοῦ
1690 1970 1756 1997 Ἀπο
1761 1971 1855 1998 στόλου

1064 2019 1107 2047 διὰ
1121 2019 1152 2046 τὸ
1167 2018 1318 2055 κηρύσσειν
1332 2018 1378 2045 τὸν
1400 2018 1516 2054 Ἰησοῦν,
1535 2018 1694 2053 βουλόμενοι
1711 2017 1793 2043 πλέον
1811 2027 1856 2045 κι-

1064 2066 1145 2100 νῆσαι
1158 2064 1203 2092 τὸν
1218 2063 1345 2100 Νέρωνα,
1356 2063 1404 2090 καὶ
1422 2063 1502 2090 αὐτοὶ
1515 2064 1664 2098 ἐκήρυττον
1679 2063 1724 2089 τὸν
1739 2063 1854 2098 Ἰησοῦν,

1065 2112 1112 2139 καὶ
1137 2110 1294 2138 συνέϐαινεν
1325 2110 1418 2142 αὐτοῖς
1445 2109 1476 2137 τὸ
1509 2109 1631 2136 ἐναντίον
1653 2106 1684 2136 οἶ)
1711 2109 1857 2136 ἐϐούλοντο

1064 2158 1161 2183 ποιεῖν.
1175 2155 1304 2186 Θέλοντες
1318 2155 1372 2191 γὰρ
1385 2154 1536 2182 καταλύσαι
1546 2155 1576 2181 τὺ
1592 2153 1857 2189 κήρυγμα,ηὖξανον

1031 2199 1053 2229 Ι)
1068 2201 1177 2237 μᾶλλον,
1197 2202 1221 2228 εἰ
1234 2202 1280 2228 καὶ
1294 2201 1344 2237 οὐχ
1357 2200 1449 2235 ἁγνῶς
1465 2201 1629 2237 ἐκήρυσσον,
1647 2199 1787 2226 τουτέστιν
1803 2199 1857 2226 ἀπὸ

1065 2248 1191 2284 καρδίας,
1207 2248 1255 2274 καὶ
1273 2247 1341 2274 αὐτὸ
1356 2249 1437 2274 τοῦτο
1453 2247 1662 2280 σπουδάζοντες,
1670 2247 1700 2272 οὐ
1716 2246 1746 2272 τὺ
1759 2245 1857 2281 μαθεῖν

1064 2293 1225 2330 ἀνθρώπους
1239 2293 1288 2330 τὴν
1302 2293 1442 2330 ἀλήθειαν,
1452 2293 1520 2321 ἀλλά
1532 2293 1576 2320 διὰ
1591 2293 1620 2320 τὸ
1632 2292 1751 2328 ἐγείρειν
1766 2291 1856 2326 θλίψιν

1064 2340 1103 2376 τῷ
1122 2341 1286 2376 ’Δποστόλῳ.

1108 2396 1117 2413 ι
1135 2388 1166 2413 Ol
1184 2387 1234 2422 μὲν
1246 2387 1275 2420 ἐξ
1291 2386 1412 2423 ἐριθείας
1423 2385 1470 2413 τὸν
1484 2385 1601 2422 Χριστὸν
1615 2385 1857 2419 καταγγέλλουσιν,

1064 2434 1114 2469 οὐχ
1130 2433 1230 2468 ἀγνῶς,
1250 2433 1276 2460 οἱ
1308 2433 1428 2468 οἰόμενοι
1457 2432 1546 2467 θλίψιν
1573 2431 1716 2467 ἐπιφέρειν
1745 2433 1801 2463 τοῖς
1816 2431 1858 2458 δε-

1066 2481 1145 2514 σμοῖς
1166 2489 1218 2515 μου
1234 2487 1241 2494 ·
1257 2480 1281 2506 οἱ
1308 2479 1337 2506 δὲ
1365 2478 1395 2511 ἐξ
1413 2479 1534 2513 ἀγάπης,
1551 2478 1652 2509 εἰδότες
1672 2478 1714 2504 ὅτι
1734 2478 1774 2509 εἰς
1790 2478 1857 2504 ἀπο-

1065 2525 1159 2560 λογίαν
1173 2525 1221 2552 τοῦ
1233 2524 1402 2559 Εὑαγγελίου
1416 2526 1524 2560 κεῖμαι.
1541 2523 1574 2550 Τί
1589 2523 1664 2558 γάρ;
1682 2523 1755 2559 Πλὴν
1775 2523 1857 2549 παντὶ

1066 2571 1171 2606 τρόπῳ,
1183 2571 1239 2598 εἴτε
1257 2571 1405 2606 προφάσει,
1426 2571 1482 2598 εἴτε
1497 2569 1611 2606 ἀληθείᾳ
1622 2569 1742 2606 Χριστὸς
1753 2577 1843 2603 καταγ

1066 2618 1200 2653 γέλλεται.
1218 2627 1228 2643 ι

1104 2705 1182 2732 Ὅσοι
1199 2704 1299 2738 ἁγνῶς,
1323 2703 1401 2738 φησὶ,
1433 2701 1610 2737 κηρύττουσι,
1640 2699 1804 2735 θαρροῦντες
1825 2699 1858 2733 τῇ

1067 2754 1121 2788 ἐμῇ
1135 2751 1269 2786 ἀπολογίᾳ.
1284 2750 1363 2777 τοῦτο
1373 2748 1506 2776 ποιοῦσιν.
1522 2748 1640 2783 ᾝδεσαν
1660 2747 1715 2781 γὰρ
1729 2745 1766 2777 ὡς
1781 2747 1858 2781 κοινὴ

1068 2799 1143 2825 ἔσται
1161 2798 1230 2833 ὺπέρ
1248 2796 1338 2825 αὐτῶν
1354 2794 1488 2829 ἀπολογία
1505 2795 1522 2830 ὴ
1536 2793 1610 2830 παρά
1628 2792 1676 2820 τοῦ
1697 2790 1859 2818 ’Λποστόλου

1067 2844 1206 2881 γιιομένη.
