2077 3114
223 153 272 191 881

764 150 805 181 ΙΝ
825 151 944 182 EPIST.
966 150 1016 181 AD
1034 151 1318 183 PHILIPPENSES.

1801 151 1855 184 862

265 222 273 236 ς
289 209 384 246 Χαίρω
397 217 404 224 ·
419 209 448 235 ἐν
462 208 549 243 τούτῳ
576 208 673 244 χαίρω.
692 207 761 234 ἀλλὰ
780 209 828 235 καὶ
847 208 1014 243 χαρήσομαι.

1107 219 1115 234 ι
1133 209 1265 243 Gaudeo;
1295 211 1322 237 in
1364 211 1414 237 hoc
1444 210 1564 246 gaudeo.
1593 210 1639 238 sed
1663 214 1690 237 et
1719 209 1852 245 gaudebo.

225 255 290 285 Οῐδα
317 257 372 291 γὰρ
398 256 440 283 ὅτι
463 254 542 282 τοῦτό
574 263 618 290 μοι
631 253 803 289 ἀποϐήσεται
823 255 863 286 είς
877 253 1015 289 σωτηρίαν

225 303 270 329 διὰ
282 302 331 337 τῆς
349 301 427 337 ὑμῶν
440 301 568 336 δεήσεως,
590 300 638 327 καὶ
659 299 839 335 ἐπιχορηγίας
863 299 910 326 τοῦ
925 298 995 325 [Iusti

228 357 313 384 ματος
334 346 423 383 Ἰησοῦ
435 346 566 381 Χριστοῦ,
582 346 654 372 κατὰ
674 346 723 381 τὴν
734 345 956 381 ἀποκαραδοκίαν
967 345 1016 372 καὶ

228 394 324 421 ἐλπίδα
343 402 403 430 μου.
426 403 435 420 ι

264 440 397 466 Τοσοῦτον
425 439 529 474 ἀπέχω,
557 439 634 474 φησὶ,
656 438 703 465 τοῦ
719 437 811 472 ἀλγεῖν
827 438 873 464 ἐπὶ
898 439 953 469 τοὶς
970 437 1014 464 δε-

229 487 307 521 σμοῖς
322 486 368 513 ml
380 486 412 521 τῇ
436 484 568 520 μελλούσῃ
591 484 733 519 ἀπολογίᾳ,
755 484 785 510 οὐ
801 483 880 519 μόνον
897 484 929 519 τῇ
945 483 1016 518 ὑπὲρ

230 529 268 560 ὧν
279 532 334 567 ἐγὼ
342 531 482 567 κηρύσσω,
508 530 576 558 ἀλλὰ
603 530 650 558 καὶ
673 530 746 566 ὑπὲρ
764 527 802 557 ὧν
818 530 928 562 ἐκεῖνοι,
945 529 1016 556 ὥστε

230 578 277 605 καὶ
291 577 378 613 χαρὰν
395 577 515 613 ἡγοῦμαι
542 575 573 603 τὸ
599 577 727 611 πρᾶγμα.
756 575 936 611 Ἀποϐήσεται
963 575 1018 610 γὰρ

230 626 297 660 ἡμῖν
308 624 348 656 είς
376 623 512 659 σωτηρίαν
525 631 532 638 ·
562 623 611 650 καὶ
627 622 728 655 εὐθέως
740 623 847 657 εἰσάγει
864 622 895 649 τὺ
908 622 1018 658 μέτριον

230 671 275 698 διὰ
287 670 336 706 τῆς
349 670 438 697 αὐτῶν
451 670 569 704 δεήσεως
582 670 629 696 καὶ⁹
644 669 775 705 χορηγίας
785 669 831 696 τοῦ
847 669 1017 704 Πνεὺματος,

231 717 333 753 ταύτην
348 715 423 752 αὑτῷ
439 715 561 751 γίνεσθαι
569 715 656 750 λέγων
671 715 723 751 τὴν
739 714 886 750 σωτηρίαν.

270 806 356 832 (Ὅτι
385 806 414 832 ὲν
443 805 530 832 οὐδενὶ
554 804 782 840 αἰσχυνθήσομαι,
809 804 866 831 ἀλλ’
890 804 919 831 ὲν
946 803 1021 840 πάσᾳ

232 851 384 887 παρρησίᾳ,
401 851 438 883 ὡς
452 851 569 878 πάντοτε
584 851 633 878 καὶ
644 851 691 877 νῦν
702 850 938 886 μεγαλυνθήσεται
953 851 1022 886 Χρι-

233 898 293 929 στὸς
307 899 336 924 ὲν
350 897 388 933 τῷ
402 896 507 933 σώματί
528 905 588 932 μου.
606 906 614 922 i

268 943 422 975 Τουτὲστιν,
448 944 477 970 οὐ
497 943 573 979 φόϐῳ
595 943 650 970 τῶν
664 943 783 978 δεσμῶν,
808 943 838 970 οὗ
853 942 905 977 τῆς
920 942 1021 969 ἀπολο-

233 993 307 1024 γίας,
323 991 373 1017 οὐκ
390 990 472 1017 αὑτοῦ
486 989 533 1017 τοῦ
551 989 679 1023 θανάτου,
691 989 823 1025 προδώσω
833 990 863 1016 τὸ
877 990 1019 1026 κήρυγμα.

272 1082 282 1098 ι
301 1073 363 1099 Εἴτε
378 1072 423 1099 διὰ
437 1073 519 1107 ζωῆς,
533 1072 588 1099 εἴτε
601 1072 646 1098 διὰ
665 1071 793 1099 θανάτου.
814 1080 823 1095 ι

269 1119 328 1146 Κᾶν
355 1118 409 1152 ζῶ,
434 1118 512 1153 φησὶ,
542 1118 684 1145 πλεονάσω
712 1117 753 1153 τῷ
778 1117 948 1154 κηρύγματι,
969 1117 1023 1145 κᾶν

235 1163 375 1196 ἀποθάνω,
405 1164 486 1190 πάλιν
514 1161 656 1195 δοξάζεται
670 1162 800 1198 Χριστὸς,
819 1162 861 1189 ὅτι
884 1161 1023 1193 τοιούτους

236 1208 298 1244 ἔσχε
317 1209 380 1240 τοὺς
394 1207 532 1243 ὑπηρέτας
544 1206 575 1234 τδ
587 1206 669 1234 αὐτοῦ
682 1207 823 1243 κήρυγμα,
836 1206 873 1239 ὡς
883 1207 930 1234 καὶ
939 1206 1021 1233 αὐτοῦ

237 1254 441 1289 καταφρονῆσαι
454 1253 501 1280 τοῦ
514 1253 641 1280 θανάτου.

274 1310 284 1326 ‹
303 1300 380 1335 Ἐμοὶ
398 1299 452 1335 γὰρ
466 1299 496 1325 τὸ
509 1299 559 1334 ζῇν
573 1298 700 1334 Χριστός.
712 1308 721 1325 ι

272 1346 358 1373 Βλέπε
371 1346 414 1373 διὰ
428 1346 518 1372 πόσων
529 1345 631 1380 ἀπάγει
645 1345 744 1376 αὐτοὺς
761 1345 811 1380 τῆς
826 1344 914 1380 λύπης
923 1353 933 1363 ι
947 1343 1023 1380 πρώ-

236 1401 283 1419 του
298 1392 357 1427 μὲν,
371 1391 417 1418 τοῦ
433 1391 471 1427 μὴ
490 1391 683 1426 αἰσχύνεσθαι·
718 1390 856 1426 δευτέρου,
869 1390 916 1417 τοῦ
936 1399 1024 1426 μεγαι

238 1437 364 1464 λύνεσθαι
397 1437 463 1473 [διὰ]
477 1437 523 1463 τὸν
554 1437 688 1472 Χριστόν·
713 1436 817 1471 τρίτου,
834 1436 882 1463 τοῦ
899 1436 944 1463 διὰ
956 1437 1024 1471 Χρι-

238 1484 300 1510 στὸν
315 1483 394 1519 μόνον
403 1483 538 1518 αἱρεῖσθαι
550 1483 580 1510 τὸ
593 1483 653 1519 ζῇν,
669 1482 712 1509 ῖνα
724 1482 772 1517 τὴν
783 1482 921 1509 διακονίαν
941 1482 1024 1509 αὐτοῦ

237 1529 377 1566 πληρώσῃ.

276 1595 286 1613 ι
301 1587 356 1614 Καὶ
368 1586 399 1612 τδ
412 1585 558 1613 ἀποθανεῖν
573 1585 678 1622 κέρδος.
696 1594 706 1611 ι

271 1633 319 1668 Μὴ
343 1632 463 1666 ἁλγεῖτε,
489 1633 583 1667 φησιν,
615 1631 662 1659 ἐπὶ
687 1633 742 1663 τοῖς
763 1632 872 1666 δεσμοῖς
892 1639 950 1666 μου.
970 1632 1026 1658 Καὶ

239 1678 305 1705 αὐτὸ
318 1678 374 1713 γὰρ
398 1677 429 1705 τδ
453 1677 599 1705 ἀποθανεῖν
628 1677 698 1714 ὑπὲρ
725 1677 772 1704 τοῦ
796 1677 916 1712 Χριστοῦ
930 1677 1026 1712 κέρδος

241 1724 376 1760 μέγιστον.

276 1780 286 1796 ι
311 1769 341 1797 El
353 1769 381 1797 δὲ
396 1768 426 1796 τὸ
437 1768 486 1805 ζῇν
497 1769 525 1795 ὲν
543 1769 638 1805 σαρκὶ.
654 1768 734 1796 τοῦτό
751 1777 796 1804 μοι
807 1767 915 1802 καρπὸς
931 1767 1025 1804 ἔργου.

239 1817 295 1844 Καὶ
311 1817 337 1843 τί
348 1817 499 1852 αἱρήσομαι
509 1816 539 1843 οὐ
556 1815 692 1852 γνωρίζω.
718 1815 871 1852 Συνέχομαι
887 1815 914 1842 δὲ
929 1816 961 1842 ἐκ
973 1815 1028 1842 τῶν

239 1862 295 1894 δύο,
310 1861 360 1898 τὴν
374 1861 520 1897 ἐπιθυμίαν
535 1861 603 1897 ἔχων
622 1871 631 1888 ι

280 1907 509 1942 Ἐπεξεργάζεται
534 1908 568 1935 τὰ
586 1907 783 1944 προειρημένα,
806 1908 853 1935 καὶ
874 1905 929 1935 οἷον
941 1909 1028 1944 ἑρμη-

240 1953 321 1987 vsust,
335 1953 349 1980 ὃ
363 1962 389 1980 τι
407 1953 466 1980 ἐστὶ
480 1953 521 1986 τὸ,
537 1953 602 1988 ἐμοὶ
620 1951 675 1987 ζῇν
689 1954 706 1981 ὁ
721 1954 865 1987 Χριστός·
882 1954 957 1988 λέγει
969 1953 1026 1988 οὖν,

240 1999 278 2030 ὼς
297 2000 327 2026 τδ
354 1999 404 2034 ζῇν
423 1999 539 2034 Χριστὸς
562 1999 663 2034 ταύτην
688 1999 738 2035 τὴν
761 1999 845 2035 ζωὴν.
868 2000 945 2027 οὐδὲν
963 2000 1028 2027 ἄλλο

241 2045 326 2083 ἐστὶν,
346 2044 364 2081 ἢ
392 2045 507 2080 ἐργασία
531 2046 715 2081 πνευματικὴ,
745 2043 779 2081 ἧς
814 2046 954 2080 ὀφείλεταί
983 2055 1028 2082 μοι

241 2091 358 2126 καρπός.

278 2146 288 2163 ι
305 2138 354 2170 Et;
367 2137 397 2164 τὺ
406 2138 548 2170 ἀναλῦσαι,
566 2139 614 2166 καὶ
629 2138 678 2166 σὺν
697 2138 811 2174 Χριστῷ
831 2137 915 2171 εἶναι,
937 2137 1028 2174 πολλῷ

243 2183 343 2218 μᾶλλον
366 2185 511 2220 κρεῖσσον⁸
534 2185 565 2211 τὸ
592 2184 621 2211 δὲ
644 2185 786 2220 ἐπιμένειν
798 2186 827 2212 ὲν
859 2186 891 2220 τῇ
921 2186 1025 2221 σαρκὶ,

1065 254 1162 290 (Vens.
1179 255 1223 288 19,
1238 255 1298 292 ‘20.]
1310 256 1374 283 Scio
1390 255 1462 283 enim
1481 256 1547 291 quia
1559 256 1610 283 hoc
1627 256 1698 282 mihi
1712 256 1854 290 proveniet

1066 301 1099 328 ad
1116 301 1232 329 salutem
1255 310 1304 336 per
1335 306 1454 329 vestram
1481 302 1646 335 oralionem,
1676 307 1703 329 ct
1720 302 1854 330 submini-

1066 347 1231 375 strationem
1248 347 1369 382 Spiritus
1382 347 1448 374 .lesu
1457 348 1570 381 Chrisli,
1580 349 1731 376 secundum
1753 356 1853 383 cxspe--

1066 393 1216 420 ctationem
1233 396 1260 419 et
1274 400 1350 427 spem
1366 400 1464 420 meam.
1483 402 1492 419 ι

1103 437 1222 465 Tantum
1238 438 1327 468 abest,
1346 427 1445 472 idquit,
1462 442 1491 464 ut
1506 437 1625 466 vinculis
1644 439 1713 465 meis
1733 438 1853 469 doleam,

1067 484 1142 519 quod
1163 485 1298 512 rationem
1315 484 1475 511 redditurus
1502 484 1564 516 sim,
1588 492 1645 511 non
1662 485 1748 511 solum
1759 492 1853 511 eorum

1068 538 1129 565 qua!
1143 531 1233 566 palam
1261 531 1408 562 annuntio,
1428 537 1524 557 verum
1550 530 1634 557 etiam
1652 530 1855 564 praedicationis

1069 575 1197 608 illorum;
1215 579 1245 602 ut
1272 575 1366 609 potius
1396 574 1572 610 gaudendum
1608 573 1787 600 existimem:
1813 579 1858 600 res

1069 622 1168 656 quippe
1187 621 1266 648 nobis
1281 621 1310 648 in
1334 621 1450 648 salutem
1479 619 1620 647 succedet.
1637 619 1772 647 Caeterum
1801 622 1857 645 sta-

1070 665 1116 690 tim
1134 663 1295 692 modestiam
1311 663 1431 698 praefert,
1445 671 1508 691 cum
1524 663 1563 690 ait
1583 664 1654 690 hanc
1667 663 1719 691 sibi
1739 663 1856 690 salutem

1071 710 1197 744 precibus
1214 709 1338 744 ipsorum
1352 715 1379 738 et
1392 709 1655 738 subministratione
1671 709 1788 744 Spiritus
1806 708 1857 735 ob—

1071 761 1223 783 venturam.

1111 814 1120 830 ι
1134 804 1203 837 Quia
1222 805 1249 832 in
1263 805 1341 832 nullo
1361 804 1536 836 confundar',
1554 803 1600 831 sed
1619 803 1646 830 in
1660 802 1734 829 omni
1748 800 1855 831 ﬁd'uria,

1073 851 1145 878 sicut
1163 855 1308 885 semperct
1322 859 1406 882 nunc,
1424 849 1646 885 magniﬁcabilur
1676 847 1802 874 Christus
1829 846 1857 871 in

1037 889 1059 917 Β
1073 903 1189 931 corpore
1205 904 1277 924 meo.
1299 905 1309 922 ι

1109 942 1168 970 Hoc
1184 947 1235 975 est,
1250 942 1362 969 vincula
1385 949 1440 969 non
1471 939 1656 975 pertimesco;
1674 945 1728 965 non
1747 944 1797 972 pro
1811 935 1860 963 de-

1072 988 1197 1016 fensione
1212 996 1271 1016 mea
1292 989 1394 1019 dicere,
1414 995 1467 1014 non
1489 991 1603 1015 mortem
1622 986 1720 1021 ipsam,
1741 989 1770 1011 ut
1790 990 1857 1018 prae-

1072 1035 1219 1063 dicationis
1236 1034 1354 1062 ofﬁcium
1371 1034 1508 1062 deseram.

1111 1091 1120 1108 ι
1143 1081 1206 1110 Sive
1223 1089 1272 1117 per
1284 1082 1378 1114 vitam,
1392 1082 1451 1109 sive
1468 1088 1516 1115 per
1536 1084 1660 1108 mortem.
1682 1088 1691 1104 ›

1109 1127 1172 1155 Sive
1184 1128 1290 1160 vixero,
1319 1127 1431 1161 inquit,
1462 1126 1580 1162 amplius
1604 1123 1773 1160 praedicabo,
1802 1121 1860 1148 sive

1074 1173 1188 1206 moriar,
1205 1172 1318 1208 perinde
1332 1171 1461 1200 Christus
1478 1170 1675 1201 celebrabitur,
1693 1167 1772 1202 cujus
1791 1174 1861 1201 prte-

1074 1219 1176 1247 dicatio
1191 1219 1334 1246 ministros
1350 1218 1418 1245 tales
1432 1217 1543 1250 habeat,
1565 1216 1612 1252 qui
1639 1218 1756 1242 mortem
1774 1212 1860 1247 ipsam

1075 1269 1267 1300 aspernentur.

1110 1309 1193 1336 Vens.
1209 1309 1254 1336 2|.
1275 1317 1284 1334 ι
1302 1307 1366 1335 Mihi
1382 1307 1454 1334 enim
1470 1306 1562 1333 vivere
1576 1304 1713 1333 Christus.
1732 1312 1742 1329 ι

1108 1354 1177 1384 Vide
1193 1358 1260 1390 quot
1275 1353 1424 1381 momentis
1432 1360 1480 1380 eos
1490 1359 1505 1378 a
1516 1351 1630 1379 tristitia
1643 1353 1762 1377 revocet.
1770 1347 1862 1375 Primo

1074 1402 1197 1438 quidem,
1224 1401 1288 1436 quia
1314 1399 1420 1435 pudore
1452 1405 1505 1425 non
1525 1397 1709 1428 suﬁ‘undilur;
1729 1394 1861 1426 secundo,

1075 1449 1139 1483 quia
1163 1447 1291 1475 Christus
1321 1445 1516 1481 magniﬁcatur
1533 1451 1542 1477 ;
1562 1442 1656 1473 tertio,
1680 1441 1745 1476 quia
1771 1440 1863 1466 vivere

1076 1501 1130 1521 non
1148 1493 1234 1528 cupit,
1249 1492 1303 1519 nisi
1321 1495 1434 1527 propter
1448 1489 1588 1518 Christum
1616 1488 1716 1519 solum,
1734 1492 1764 1514 ut
1783 1486 1864 1514 mini-

1038 1558 1060 1587 ο
1077 1541 1190 1568 sterium
1201 1540 1282 1567 obeat
1297 1546 1389 1566 Suum.

1115 1595 1125 1612 ε
1147 1585 1179 1613 Et
1195 1585 1264 1613 mori
1281 1585 1400 1612 lucrum.
1412 1593 1421 1609 )

1111 1632 1170 1660 Non
1202 1639 1250 1659 vos
1286 1631 1378 1658 doleat
1401 1628 1575 1656 vinculorum
1606 1635 1740 1660 meorum,
1764 1626 1863 1661 inquit.

1078 1677 1218 1711 Qmestum
1232 1675 1333 1712 quippe
1358 1681 1488 1710 magnum
1510 1672 1616 1706 fecero.
1640 1673 1664 1701 si
1688 1681 1738 1708 pro
1751 1672 1886 1700 Christo‘

1066 1749 1068 1751 .
1078 1724 1191 1751 moriar.

1114 1767 1255 1800 Vaas.22.
1277 1767 1349 1795 23.1
1370 1766 1450 1800 Quod
1479 1767 1503 1795 si
1526 1766 1620 1794 vivere
1640 1764 1668 1792 in
1694 1770 1789 1794 carne.
1820 1761 1865 1789 hic

1078 1815 1144 1843 mihi
1160 1814 1267 1842 fructus
1296 1813 1388 1849 operis
1417 1816 1471 1841 est.
1496 1812 1529 1840 Et
1543 1811 1608 1847 quid
1639 1810 1738 1848 eligam
1754 1808 1864 1847 ignoro.

1077 1860 1210 1890 Coarctor
1220 1863 1310 1887 autem
1321 1867 1338 1887 e
1350 1859 1469 1892 duobus,
1481 1857 1647 1888 desiderium
1659 1859 1762 1886 habens
1782 1867 1791 1884 )

1113 1907 1238 1944 Explicat
1256 1917 1316 1944 quae
1329 1906 1503 1943 prmdixerat,
1519 1911 1546 1935 ct
1559 1907 1634 1935 velut
1655 1906 1863 1940 interpretatur.

1078 1954 1149 1988 Quid
1166 1956 1217 1982 hoc
1229 1960 1281 1985 est.
1299 1955 1490 1989 mihi?quidve
1509 1953 1594 1986 istud,
1609 1953 1691 1979 vivere
1715 1951 1835 1978 Christus
1853 1950 1866 1977 .’

1078 2002 1117 2029 ait
1132 2009 1198 2036 ergo
1214 2011 1220 2028 :
1240 2000 1336 2028 Vivere
1350 2001 1489 2027 Christum
1514 2000 1584 2026 hanc
1596 1999 1690 2030 vitam,
1708 1997 1774 2024 nihil
1790 1996 1865 2022 aliud

1077 2053 1120 2075 est
1136 2048 1189 2074 nisi
1209 2052 1330 2082 quaestus
1355 2046 1519 2081 spiritualis,
1546 2045 1627 2080 cujus
1658 2043 1725 2070 mihi
1758 2042 1866 2070 fruetus

1079 2093 1204 2121 debetur.

1115 2137 1195 2173 196
1222 2146 1232 2164 ‹
1264 2136 1380 2164 Dissolvi
1403 2141 1430 2164 et
1459 2143 1521 2164 esse
1542 2142 1604 2162 cum
1628 2133 1750 2164 Christo,
1778 2132 1866 2159 multo

1079 2184 1166 2219 magis
1182 2183 1280 2210 melius
1309 2191 1315 2209 :
1338 2181 1436 2218 [νεεδ.
1459 2181 1557 2218 24-26]
1590 2186 1749 2216 permanere
1774 2182 1864 2206 autem

241 2229 455 2266 ἀναγκαιότερον
467 2230 502 2257 δι’
513 2230 598 2266 ὑμᾶς.
624 2230 681 2257 Καὶ
707 2229 786 2257 τοῦτο
801 2230 940 2263 πεποιθὼς
955 2229 1023 2264 οῐδα¹

1080 2229 1108 2257 in
1137 2236 1232 2262 carne,
1260 2229 1446 2257 necessarium
1471 2233 1584 2262 propter
1606 2234 1666 2254 vos.
1688 2225 1721 2252 Et
1732 2225 1785 2252 hoc
1799 2232 1867 2252 con—

242 2275 282 2301 δτι
296 2276 370 2311 μενῶ
380 2276 429 2303 καὶ
442 2276 651 2313 συμπαραμενῶ
664 2277 748 2304 πᾶσιν
765 2276 840 2312 ὑμῖν.
862 2286 871 2303 ι

275 2362 332 2390 Καὶ
343 2361 390 2389 νῦν
404 2361 454 2397 μὲν
466 2359 500 2396 ἦν
510 2361 577 2395 μετὰ
592 2361 723 2396 Χριστοῦ,
739 2360 811 2388 κατὰ
829 2361 869 2394 τὺ,
890 2362 926 2389 El
940 2361 1026 2390 δοκι-

243 2406 304 2445 μὴγ
315 2407 425 2440 ζητεῖτε
438 2406 491 2433 τοῦ
499 2407 533 2433 ὲν
546 2406 611 2441 ἐμοὶ
625 2406 796 2440 λαλοῦντος
809 2407 948 2441 Χριστοῦ.
958 2407 1028 2434 ’Λλλ’

243 2452 292 2487 οὐχ
307 2451 392 2483 οὕτως
404 2452 442 2484 ὡς
461 2452 533 2480 τότε.
552 2452 620 2479 Νῦν
638 2452 697 2486 μὲν
711 2451 777 2487 γὰρ,
804 2453 897 2487 φησὶν,
914 2453 1028 2487 ὁρῶμεν

243 2496 281 2522 δι’
295 2497 444 2529 ἐσόπτρου
457 2497 507 2524 καί
518 2497 701 2532 αινιγματος,
730 2498 797 2525 τότε
819 2497 853 2524 δὲ
866 2499 1030 2532 πρόσωπον

244 2541 319 2576 πρὸς
332 2542 505 2576 πρόσωπον.

282 2599 291 2614 ι
311 2589 358 2620 Εἰς
376 2589 424 2623 τὴν
435 2589 512 2624 ὑμῶν
528 2588 669 2624 προκοπὴν
681 2588 728 2615 καὶ
740 2588 827 2624 χαρὰν
838 2589 887 2624 τῆς
901 2590 1028 2625 πίστεως,

245 2635 288 2661 ἵνα
305 2635 335 2661 τὸ
352 2633 482 2670 καύχημα
495 2634 572 2670 ὑμῶν
595 2633 746 2669 περισσεύῃ
763 2634 792 2660 ὲν
807 2634 920 2670 Χριστῷ
942 2636 1030 2670 Ἰησοῦ

243 2683 273 2709 ἐν
291 2682 362 2717 ἐμοὶ,
378 2682 421 2708 διὰ
435 2682 485 2717 τῆς
500 2682 569 2717 ἐμῆς
582 2681 732 2716 παρουσίας
743 2681 823 2709 πάλιν
838 2683 906 2717 πρὸς
921 2683 1001 2717 ὑμᾶς.
1018 2693 1028 2710 ›

281 2728 352 2763 Ὅρα
376 2728 456 2755 πάλιν
485 2728 572 2762 πόσην
599 2727 689 2759 αὐτοῖς
726 2728 862 2763 μαρτυρεῖ
899 2727 1032 2764 ἐργασίαν

246 2773 338 2799 καλοῦ.
372 2773 401 2800 '0
430 2773 484 2809 νίιρ
512 2772 684 2808 προκόπτων,
719 2771 834 2806 βαδίζων
869 2774 1029 2809 προκόπτει.

263 2862 285 2880 ιι
309 2863 331 2890 ll
348 2862 411 2891 Cor;
428 2871 486 2898 ml,
505 2863 531 2890 5.
581 2864 604 2879 ⁵³
621 2862 705 2892 lCor.
723 2869 784 2895 xm,
802 2865 845 2892 12.

1077 2276 1165 2304 ﬁdens
1175 2275 1246 2309 scio,
1276 2275 1340 2310 quia
1373 2274 1491 2301 manebo
1514 2277 1541 2301 et
1552 2272 1720 2308 permanebo
1735 2271 1865 2299 omnibus

1076 2321 1164 2350 vobis.
1185 2331 1195 2348 ι

1108 2367 1148 2395 Ac
1161 2371 1228 2395 tunc
1255 2365 1367 2402 quidem
1397 2370 1457 2393 erat
1477 2373 1540 2392 cum
1565 2364 1689 2394 Christo,
1711 2362 1864 2391 secundum

1078 2413 1152 2441 illud
1167 2422 1174 2441 :
1191 2413 1221 2440 Si
1234 2413 1440 2447 experimentum
1452 2412 1549 2448 quam's
1576 2411 1633 2444 ejus
1660 2409 1704 2445 qui
1720 2409 1748 2434 in
1771 2416 1811 2441 ηψ
1825 2407 1866 2434 lo-

1080 2460 1167 2487 )uitur
1192 2457 1294 2486 Christi
1345 2459 1379 2485 δι.
1400 2459 1435 2484 At
1457 2465 1509 2484 non
1541 2461 1572 2484 ut
1603 2452 1866 2490 aliquandé:Nnnc

1079 2512 1158 2536 enim,
1177 2504 1276 2538 inquit,
1296 2503 1411 2530 videmus
1424 2510 1470 2537 per
1481 2501 1616 2536 speculum
1626 2506 1649 2527 et
1668 2500 1695 2526 in
1708 2499 1866 2534 wnigmale;

1080 2554 1141 2577 tunc
1155 2554 1242 2576 autem
1255 2549 1324 2583 facie
1334 2548 1367 2575 ad
1384 2548 1480 2582 facient
1497 2548 1532 2574 δ’.

1117 2604 1127 2621 ι
1144 2594 1184 2622 Ad
1195 2594 1348 2630 profectum
1377 2598 1499 2621 vestrum
1522 2596 1548 2620 ct
1579 2591 1707 2626 gaudium
1735 2589 1808 2621 ﬁdei,
1836 2593 1868 2616 ut

1084 2639 1232 2676 gratulatio
1256 2643 1347 2665 vestra
1366 2637 1487 2665 abundet
1514 2637 1540 2664 in
1564 2637 1674 2663 Christo
1687 2635 1751 2662 Jesu
1773 2635 1802 2661 in
1824 2641 1867 2662 me

1085 2694 1134 2722 per
1150 2693 1240 2713 meum
1257 2685 1403 2713 adventum
1421 2685 1520 2711 iterum
1534 2683 1565 2710 ad
1580 2690 1637 2710 vos.
1650 2692 1659 2708 ι

1119 2731 1188 2760 Vide
1198 2739 1307 2759 rursum
1323 2734 1456 2766 quantum
1484 2729 1547 2757 boni
1564 2733 1698 2764 qnmstum
1717 2735 1764 2755 eos
1779 2729 1869 2754 facere

1086 2776 1262 2806 testiﬁcatur.
1277 2775 1345 2803 Nam
1356 2775 1402 2811 qui
1419 2781 1594 2811 progressum
1623 2773 1700 2807 facit,
1716 2772 1869 2808 gradiendo
