2077 3114
206 149 260 183 863

792 143 823 174 S.
837 141 998 174 JOANNIS
1013 141 1230 173 DAMASCENI

1783 139 1836 173 864

208 204 327 243 prolicit.
345 203 406 237 Quo
433 209 499 230 vero
526 206 703 236 progressum
733 198 846 230 faciant,
880 196 935 225 nisi
959 196 994 224 ad

1056 195 1102 224 ἰοῦ
1128 196 1158 224 δι
1172 196 1384 232 προκόπτουσιν,
1397 197 1414 232 ἢ
1425 197 1464 228 είς
1475 196 1524 232 τὴν
1537 196 1624 231 χαρὰν
1635 197 1685 232 τῆς
1699 196 1834 229 πίστεωςς

208 251 338 288 gaudium
354 249 436 277 ﬁdei?
449 247 501 280 Qui
514 250 605 273 autem
617 245 644 272 in
659 244 760 281 gaudio
775 244 829 272 hoc
837 243 996 279 profecerit,

209 298 310 332 inquit,
324 296 348 323 is
361 294 527 330 gloriabitur
543 294 570 320 itt
582 292 705 319 Christo.

244 342 328 369 Vsus.
344 341 391 368 27.
407 349 416 365 ι
430 338 549 366 Tantum
563 337 643 372 digne
655 336 804 372 Evangelia
817 335 919 363 Christi
930 342 994 362 con-

208 387 367 419 versatnini,
385 391 414 412 ut
427 385 485 412 sive
498 391 560 411 cunt
582 391 692 414 reuero.
707 389 734 410 et.
747 382 842 409 videro
861 389 922 414 vos,
940 381 999 408 sive

209 434 315 465 abiens.
333 431 443 458 audiam
452 438 514 465 quae
529 430 562 457 de
575 430 653 456 vobis
666 433 742 462 sunt,
755 437 765 454 ι

244 477 393 512 Postquam
409 475 575 503 testiﬁcatus
590 479 632 502 est
647 474 761 500 multum
772 480 820 500 eos
835 472 998 507 profecisse,

209 525 313 553 sensim
326 524 402 558 ipsos
421 522 557 558 reprimit.
589 529 624 548 ne
640 520 769 555 superbia
787 519 929 550 inﬂentur.
948 526 1000 545 att-

210 569 318 597 dientes
349 575 379 596 se
408 574 585 602 progressu-tt
616 566 727 593 fecisse.
760 563 900 599 Reprintit
922 571 998 596 vero,

211 614 335 643 suadens
350 618 380 640 ut
393 614 503 648 dignam
518 612 666 647 Evangelio
690 611 752 638 vita
771 610 906 637 rationem
929 609 1000 637 inire

211 661 350 690 studeant.

250 716 260 733 ι
280 706 351 740 Quia
366 706 444 733 statis
459 705 485 732 iu
511 712 567 731 uno
580 704 679 739 spiritu
700 704 857 736 unanimes,
879 702 998 730 collabo-

211 756 305 779 nnles
320 750 381 778 lidei
407 749 671 785 Evangelii:[Vsas.
691 747 739 784 28]
758 754 786 776 et
808 749 835 775 itt
854 748 930 774 nullo
949 751 1002 774 ter-

212 795 328 824 reamini
344 795 380 823 ab
393 795 585 829 adversariis;
600 802 662 830 qua:
678 795 732 822 illis
748 799 790 822 est
803 802 890 822 causa
908 793 1002 829 perdi-

212 841 307 870 tionis.
327 852 338 869 ι

249 891 318 918 Cum
335 896 383 917 eos
397 888 536 917 monuerit
560 892 591 916 ut
613 888 697 924 digne
716 887 864 923 Evangelio
884 895 1003 914 conver-

215 939 322 967 sentur,
347 935 568 979 coqversationis
599 942 710 970 quoque
744 933 874 962 edisserit
902 941 1000 968 genus.

213 981 283 1009 illud
297 984 388 1009 autem
405 984 448 1009 est
466 981 615 1009 sinceritas
635 980 662 1008 in
689 979 752 1007 ilde.
766 979 835 1007 Nam
847 979 905 1006 alio
921 979 1004 1006 modo

214 1035 269 1055 non
281 1027 408 1062 potestis,
417 1027 518 1062 inquit,
527 1035 601 1054 unus
610 1026 725 1062 spiritus
733 1033 805 1058 esse.
821 1031 1003 1061 praaterquam

214 1072 279 1101 isto.
315 1071 428 1104 Deinde,
458 1072 481 1100 si
499 1072 621 1099 animam
643 1079 728 1099 unam
762 1072 881 1099 habeant
902 1081 908 1099 :
930 1071 1004 1106 quod

213 1119 323 1147 eximite
335 1119 482 1146 charitatis
508 1122 702 1154 argumentum
717 1122 770 1146 est.
790 1118 928 1146 Caeterum
945 1126 1004 1145 ma-

214 1173 298 1201 gnqu
314 1164 414 1193 exinde
425 1169 564 1192 certamen
577 1165 615 1191 ait
625 1165 850 1192 subsecuturutn.
858 1163 1003 1196 Quodnam

214 1218 281 1239 vero
295 1210 375 1244 illud,
394 1211 447 1239 nisi
469 1214 499 1238 ut
522 1209 665 1244 Evangelii
685 1209 792 1245 pugiles
811 1209 897 1236 (iant?
910 1209 1004 1236 Enim-

214 1264 281 1284 vero
297 1256 457 1291 complures
476 1262 557 1283 erant
574 1256 743 1288 adversarii;
761 1255 798 1282 illi
817 1255 946 1282 nimirum
957 1255 1003 1290 qui

215 1309 248 1330 el
260 1302 485 1330 circumcisione.

253 1356 263 1373 I
283 1346 368 1374 Nobis
383 1351 474 1374 autent
488 1347 596 1377 salutis.
613 1352 639 1373 et
656 1347 707 1373 hoc
725 1354 739 1372 a
752 1346 806 1372 Deo
821 1345 934 1381 :[Vetts.
947 1345 992 1382 ‘29]

216 1392 281 1427 quia
301 1393 380 1420 vobis
403 1392 536 1420 donatutn
561 1396 604 1420 est
624 1400 673 1426 pro
698 1392 822 1423 Christo.
844 1399 899 1418 non
915 1392 1004 1419 solum

217 1438 287 1465 utin
301 1445 363 1465 eum
379 1437 511 1470 credatis,
536 1436 585 1465 sed
614 1441 644 1463 ut
673 1437 755 1464 etiatn
777 1444 827 1471 pro
846 1437 894 1464 illo
919 1438 1006 1472 patia-

257 1527 379 1556 Observa
393 1528 535 1563 quomodo
546 1528 631 1555 tacite
658 1528 759 1556 itcrum
787 1529 850 1556 illos
866 1529 1004 1564 reprimit.
1021 1549 1042 1578 ο

217 1573 286 1601 Nam
297 1579 443 1609 postquam
459 1573 577 1601 athletas
587 1579 615 1601 et
633 1574 738 1609 pugiles
745 1581 793 1602 eos
802 1575 872 1602 dixit
884 1574 1006 1611 Evange-

218 1619 259 1651 lii,
270 1618 425 1654 subjunxit,
438 1619 489 1646 hoc
506 1619 596 1654 ipsum
617 1627 633 1646 a
651 1619 706 1647 Deo
717 1620 862 1655 praestari;
884 1620 952 1655 quin
978 1625 1007 1648 et

218 1663 287 1698 ipsis
299 1670 464 1691 concessum
496 1671 558 1691 esse
590 1667 621 1691 ut
648 1671 698 1698 pro
722 1672 756 1691 eo
773 1665 923 1699 patiantur.
948 1665 1007 1693 Hoc

218 1713 311 1736 autem
328 1709 376 1741 ait,
393 1716 447 1736 non
463 1713 492 1735 ul
506 1708 590 1736 animi
621 1708 760 1742 allectum,
778 1717 833 1737 non
855 1715 885 1737 ut
903 1717 1007 1745 propo-

219 1755 302 1782 situm
321 1754 454 1782 dissolvat
466 1754 544 1789 (mihi
557 1753 693 1789 siquidctn
705 1756 852 1788 incumbit,
864 1760 894 1783 ut
908 1763 1007 1792 propo-

219 1800 304 1829 situm
322 1801 425 1828 bonqu
436 1800 575 1835 habeam),
592 1800 642 1827 sed
655 1804 684 1828 ut
699 1802 790 1828 omnia
818 1803 890 1830 bona
911 1810 927 1830 a
951 1802 1008 1831 Deo

218 1853 280 1874 esse
295 1850 441 1874 censeant.
471 1845 535 1872 Non
552 1845 621 1873 enim
651 1854 709 1881 ego.
728 1846 830 1882 inquit,
847 1848 892 1875 sed
917 1850 1009 1883 gratia

219 1890 271 1919 Dei
284 1899 385 1918 mecum
396 1891 429 1918 ".

256 1936 340 1965 Vsus.
358 1936 402 1965 30.
421 1945 431 1963 ι
451 1937 522 1965 ldetn
539 1942 678 1965 certamen
706 1937 849 1971 habentes,
866 1939 949 1974 quale
968 1940 1009 1967 vi-

220 1982 301 2011 distis
313 1983 342 2011 in
358 1990 412 2016 me,
431 1987 460 2011 et
472 1991 547 2010 nunc
561 1984 678 2011 audistis
699 1984 726 2011 in
740 1992 793 2012 tite.
810 1993 820 2010 ι

254 2028 312 2057 Hoc
327 2029 355 2057 in
374 2028 437 2057 loco
451 2029 507 2057 duo
520 2030 601 2057 utilia
614 2031 749 2066 suggerit.
773 2032 895 2066 primum
912 2039 946 2060 ne
959 2040 1009 2060 ex-

220 2076 366 2109 tollantur,
380 2083 430 2103 ceu
443 2076 496 2111 ipsi
513 2076 566 2104 soli
578 2077 685 2112 pugiles
706 2077 774 2109 sint,
790 2078 903 2112 quando
915 2086 1010 2106 exent-

219 2122 266 2158 pio
276 2122 364 2158 ipsius
375 2121 531 2150 decertant.
560 2122 698 2156 Alterum,
711 2131 748 2151 ne
766 2124 809 2151 vel
823 2124 946 2157 vincula,
966 2124 1009 2152 vel

220 2168 392 2204 exspectatio
408 2169 506 2197 mortis
529 2169 607 2204 ipsos
622 2172 762 2196 exterreat
781 2178 788 2197 :
810 2169 885 2198 unde
895 2170 961 2198 illos
975 2171 1009 2198 ad

1053 241 1084 268 '0
1095 241 1123 268 δὲ
1137 242 1177 274 εἰς
1185 241 1288 278 ταύτην
1303 242 1478 278 προκόπτων,
1494 243 1678 278 καυχήσεται,
1695 243 1788 278 φησιν,
1805 245 1836 270 ὲν

1047 287 1170 323 Χριστῷ.

1087 343 1097 360 ‹
1113 334 1203 361 Μόνον
1222 333 1305 368 ἀξίως
1320 333 1368 361 τοῦ
1381 335 1550 369 Εὑαγγελίου
1568 335 1615 361 τοῦ
1629 334 1748 370 Χριστοῦ
1760 335 1836 362 πολι-

1048 381 1169 413 τεύεσθε,
1183 381 1226 408 ἵνα
1242 381 1297 408 εἴτε
1314 380 1400 408 ἐλθὼν
1419 381 1467 408 καὶ
1491 380 1553 408 ίδὼν
1579 381 1663 416 ὑμᾶς,
1681 381 1736 407 εἴτε
1749 380 1836 414 ἀπὼν,

1049 427 1159 454 ἀκούσω
1176 426 1212 453 τὰ
1228 427 1294 463 περὶ
1304 426 1392 462 ὑμῶν.
1404 435 1414 453 ι

1086 473 1271 508 Μαρωρήσας
1295 473 1388 505 αὐτοῖς
1420 472 1524 508 πολλὴν
1554 472 1699 508 προκοπὴν
1713 492 1721 504 ,
1748 472 1839 508 ἠρέμα

1049 517 1227 544 καταστέλλει
1239 518 1348 550 αὐτοὺς,
1364 517 1409 545 ἵνα
1431 517 1469 554 μὴ
1483 516 1641 552 φυσηοῶσιν
1659 516 1838 550 ἀκούσαντες,

1049 563 1086 595 ὡς
1101 563 1270 598 προέκοψαν.
1294 563 1480 591 Καταστιλλει
1512 563 1552 596 δὶ,
1582 562 1662 597 ἀξίαν
1679 563 1777 595 αὐτοὺς
1790 562 1838 589 τοῦ

1051 609 1220 644 Εὑαγγελίου
1234 610 1373 638 πολιτείαν
1383 609 1558 646 ἐπιτηδεύειν
1568 608 1720 645 παραινῶν.

1090 715 1099 730 ι
1115 705 1178 731 Ὀτι
1191 705 1305 740 στήκετε
1330 705 1359 732 ὲν
1389 706 1430 732 ἐνὶ
1453 705 1599 741 πνεύματι,
1618 705 1668 741 μιᾷ
1683 704 1754 740 ψυχῇ
1778 713 1840 731 συν-

1051 751 1200 782 αθλοῦντες
1216 753 1248 786 τῇ
1264 751 1355 778 πίστει
1370 751 1418 778 τοῦ
1441 751 1619 785 Εὐαγγελιου,
1633 751 1729 786 καὶμὴ
1740 751 1842 786 πτυρό-

1053 805 1129 832 μενοι
1142 799 1171 824 ὲν
1181 798 1275 832 μηδενὶ
1293 798 1345 824 ὑπὸ
1357 798 1411 825 τῶν
1429 798 1636 833 ἀντικειμένων,
1651 797 1668 832 ἢ
1686 805 1727 829 τις
1745 798 1835 829 αὐτῆς

1057 843 1105 878 μέν
1121 844 1195 869 ἐστιν
1211 843 1323 876 ἔνδειξις
1339 844 1487 877 ἀπωλείας,
1504 853 1513 870 ι

1092 889 1184 916 Εἰπὼν
1198 890 1290 922 αὐτοῖς
1301 891 1393 924 ἀξίους
1402 890 1449 917 τοῦ
1461 890 1628 926 Εὑαγγελίου
1640 890 1843 923 πολιτεύεσθαι,

1055 935 1129 970 λέγει
1143 937 1189 962 καὶ
1202 937 1232 963 τὸ
1260 934 1330 968 εἶδος
1355 937 1405 972 τῆς
1432 937 1582 969 πολιτείας.
1598 937 1684 964 Τοῦτο
1697 937 1725 963 δέ
1739 938 1798 963 ἑστι
1813 936 1843 963 τὸ

1056 983 1120 1019 περὶ
1139 983 1188 1019 τὴν
1205 983 1297 1010 πίστιν
1312 984 1434 1018 γνήσιον.
1451 983 1558 1014 uno;
1568 983 1623 1018 γὰρ
1636 984 1666 1009 οὺ
1682 983 1797 1009 δύνασθε
1814 982 1843 1009 ἓν

1056 1029 1164 1064 πνεῦμα
1179 1028 1318 1062 γενέσθαι,
1335 1030 1352 1064 ἢ
1369 1028 1455 1060 οὕτως
1468 1036 1477 1044 ·
1490 1028 1584 1055 ἔπειτα
1595 1028 1625 1054 τὸ
1638 1028 1684 1055 καὶ
1700 1028 1764 1062 μίαν
1773 1029 1844 1062 ἔχειν

1055 1073 1154 1108 ψυχήν.
1168 1073 1254 1100 Τοῦτο
1264 1074 1292 1101 δὲ
1320 1073 1545 1110 ὑπερϐαλλούσης
1566 1074 1676 1108 ἀγάπης
1695 1071 1842 1104 ἀπόδειξις.

1055 1119 1151 1153 Μέγαν
1166 1119 1195 1146 δὲ
1212 1119 1285 1154 λέγει
1299 1117 1367 1146 εἶναι
1382 1120 1428 1146 τὸν
1441 1120 1473 1146 ἐκ
1483 1119 1585 1147 τούτων
1593 1118 1684 1146 ἆθλον.
1698 1118 1753 1145 Καὶ
1770 1118 1844 1144 ποῖον

1055 1165 1144 1197 τοῦτο,
1174 1165 1190 1200 ἥ
1219 1165 1250 1192 τὸ
1279 1165 1398 1201 ἀθλητὰς
1427 1166 1525 1198 αὐτοὺς
1548 1165 1676 1199 γενέσθαι
1699 1164 1769 1199 ὑπὲρ
1795 1162 1844 1190 τοῦ

1056 1211 1222 1245 Εὑαγγελίου
1236 1220 1244 1244 ;
1262 1209 1353 1238 Ἶισαν
1365 1212 1419 1248 γὰρ
1432 1211 1523 1238 πολλοὶ
1532 1213 1556 1239 οι
1567 1211 1749 1247 ἀντικείμενοι
1759 1210 1844 1245 nisi};

1056 1257 1218 1292 περιτομῆς.

1094 1355 1104 1370 ι
1124 1345 1204 1379 Ἡμῖν
1229 1344 1257 1370 δὲ
1290 1343 1436 1379 σωτηρίας,
1449 1344 1496 1370 καὶ
1524 1343 1604 1370 τοῦτο
1627 1342 1680 1369 ἀπὸ
1698 1342 1783 1369 Θεοῦ¹
1802 1343 1843 1369 ὅτι

1057 1391 1121 1426 ὑμῖν
1133 1390 1263 1426 ἐχαρίσθη
1276 1390 1306 1416 τὺ
1318 1390 1388 1424 ὑπὲρ
1401 1388 1531 1425 Χριστοῦ,
1549 1389 1579 1415 οὐ
1594 1389 1675 1424 μόνον
1692 1388 1721 1414 τὸ
1739 1389 1779 1419 είς
1793 1387 1843 1414 αύ-

1056 1437 1102 1464 τὸν
1120 1435 1270 1468 πιστεύειν,
1288 1436 1357 1463 ἀλλά
1383 1436 1430 1463 xat
1450 1435 1481 1462 τὸ
1497 1435 1567 1470 ὑπὲρ
1585 1434 1667 1462 αὑτοῦ
1689 1435 1815 1470 πάσχειν.
1830 1442 1840 1460 ι

1095 1529 1166 1565 Ὅρα
1178 1528 1259 1555 πάλιν
1288 1528 1325 1559 ὡς
1355 1527 1448 1563 ἡρέμα
1469 1527 1657 1554 καταστέλλει.
1681 1527 1774 1554 Εἰπὼν
1790 1527 1844 1562 γὰρ

1058 1575 1100 1602 ὅτι
1124 1574 1239 1609 ἀθληταί
1259 1574 1322 1600 ἐστε
1347 1574 1418 1609 ὑπὲρ
1442 1573 1490 1601 τοῦ
1513 1573 1691 1608 Εὑαγγελίου,
1704 1573 1845 1608 ἐπήγαγεν

1057 1621 1099 1646 ὅτι
1112 1619 1178 1646 αὐτὸ
1194 1618 1274 1645 τοῦτο
1289 1618 1344 1646 ἀπὺ
1373 1618 1441 1645 Θεοῦ
1459 1618 1586 1654 ἔρχεται·
1615 1619 1663 1646 καὶ
1685 1618 1766 1646 τοῦτο
1782 1609 1846 1654 ύμῖν

1058 1665 1191 1701 ἕχαρίσϐη
1201 1665 1232 1691 τὸ
1247 1664 1364 1700 πάσχειν
1384 1664 1454 1701 ὑπὲρ
1473 1664 1566 1691 αὐτοῦ.
1585 1664 1672 1691 Τοῦτο
1693 1664 1733 1696 δὲ,
1751 1665 1843 1700 φησὶν,

1058 1711 1088 1738 ού
1102 1710 1137 1737 τὰ
1150 1710 1196 1737 τοῦ
1221 1710 1396 1746 φρονήματος
1420 1710 1548 1743 διαλύων,
1570 1710 1600 1737 οὺ
1622 1710 1657 1736 τά
1680 1711 1730 1744 τῆς
1749 1710 1847 1745 προϐέ-

1059 1766 1129 1789 σεως
1143 1765 1150 1772 '
1180 1757 1220 1784 δεῖ
1245 1757 1301 1792 γὰρ
1323 1757 1432 1792 ἀγαθήν
1447 1765 1482 1791 με
1503 1756 1577 1792 ἔχειν
1601 1757 1740 1792 πρόθεσιν,
1757 1757 1846 1783 πάντα

1058 1804 1086 1831 δὲ
1101 1804 1192 1838 ἀγαθά
1208 1803 1335 1839 ἡγεῖσθαι
1351 1803 1383 1830 ὲκ
1402 1803 1480 1831 Θιοῦ.
1508 1804 1569 1831 οὐκ
1585 1803 1642 1838 divi)
1655 1803 1720 1838 γὰρ,
1739 1802 1807 1830 ἀλλ’
1825 1803 1846 1838 ἡ

1059 1850 1145 1885 χάρις
1157 1851 1176 1885 ἠ
1191 1850 1249 1877 σὺν
1264 1850 1339 1885 ἐμοί.

1098 1951 1108 1968 ι
1125 1940 1178 1968 Τὸν
1189 1940 1270 1968 αὐτὸν
1293 1940 1387 1975 ἀγῶνα
1404 1939 1524 1976 ἔχοντες,
1552 1936 1609 1967 οἷον
1632 1939 1716 1966 εἴδετε
1729 1939 1759 1966 ὲν
1773 1939 1846 1974 ἐμοὶ,

1061 1988 1108 2016 καὶ
1123 1987 1292 2016 νῦνάκούετε
1310 1987 1339 2014 ὲν
1356 1986 1428 2022 ἐμοι.
1443 1996 1453 2013 ι

1095 2033 1148 2060 Δύο
1160 2034 1285 2069 χρήσιμα
1311 2031 1432 2060 ἐνταῦθά
1450 2031 1520 2064 ἔστι,
1546 2031 1594 2058 καὶ
1608 2030 1690 2067 τὸ-μὴ
1715 2030 1847 2065 aeoliae“

1059 2079 1098 2111 ὼς
1116 2079 1214 2115 μόνους
1237 2078 1369 2113 ἀθλητὰς,
1391 2077 1459 2103 ὅπου
1477 2085 1511 2110 γε
1536 2075 1607 2103 κατὰ
1625 2075 1742 2111 μίμησιν
1761 2074 1846 2102 αὑτοῦ

1061 2125 1183 2153 ἀθλοῦσι.
1198 2125 1253 2151 Καὶ
1278 2123 1326 2151 τοῦ
1345 2123 1383 2158 μὴ
1405 2123 1508 2158 δειλιᾷν
1524 2121 1571 2148 ἐπὶ
1590 2123 1646 2154 τοῖς
1662 2122 1783 2156 δεσμοῖς,
1801 2121 1848 2147 καὶ

1060 2172 1093 2206 τῇ
1109 2170 1260 2206 προσδοκίᾳ
1277 2169 1325 2196 τοῦ
1350 2168 1474 2200 θανάτου,
1501 2167 1568 2193 ὅπου
1588 2174 1621 2200 γε
1639 2165 1688 2193 καὶ
1706 2165 1848 2201 μιμεῖσθαι

221 2213 265 2242 sui
282 2213 487 2242 aemulationem
506 2215 680 2242 adhortatur.
709 2214 817 2244 Videsis
842 2224 909 2244 vero
923 2224 1006 2252 quam

1061 2215 1160 2246 αὐτοὺς
1177 2215 1272 2242 ἑαυτὺν
1286 2213 1514 2249 παρακελεύεται.
1525 2212 1596 2246 Ὅρα
1613 2211 1642 2238 δὲ
1653 2211 1724 2245 πόση
1744 2211 1847 2244 ἀγωνία

220 2259 302 2288 anxie
313 2258 416 2286 Paulus
431 2259 632 2295 discipulorum
661 2260 698 2288 sit
728 2261 877 2294 sollicitus,
897 2267 937 2294 ut.
949 2262 1012 2290 sive

220 2304 292 2333 bene
307 2309 431 2340 agerent.
463 2305 522 2333 sive
542 2310 706 2339 metuerent,
733 2313 904 2343 angeretur:
925 2316 957 2336 ac
973 2309 1013 2336 si-

220 2351 333 2386 quidem
360 2359 417 2379 rem
452 2356 529 2380 recte
547 2356 688 2388 gererent,
708 2361 742 2381 ne
755 2353 938 2386 eli'crrcnlur;
964 2355 1008 2382 sin

220 2401 311 2444 autem
331 2397 511 2431 trepidarent,
530 2404 565 2424 ne
579 2402 690 2433 propter
703 2403 819 2432 metum,
845 2404 875 2427 ut
896 2400 1009 2433 assolet,

220 2441 426 2478 desponderent
438 2442 573 2471 animum.

503 2512 583 2549 197
597 2512 675 2541 CAP.
697 2512 730 2541 tt.

257 2578 342 2608 Vens.
358 2580 384 2612 ί,
399 2580 429 2609 2.
449 2590 459 2608 α
478 2581 507 2609 Si
526 2590 580 2617 qua
595 2590 663 2618 ergo
673 2582 829 2611 consolatio
843 2582 871 2610 in
886 2581 1010 2616 Christo,

221 2625 244 2652 si
264 2625 338 2660 quod
356 2627 486 2655 solatium
501 2628 657 2661 charitatis,
678 2629 701 2656 si
719 2635 773 2663 qua
790 2628 910 2656 societas
924 2628 1008 2663 spiri-

222 2675 278 2703 tus.
292 2672 315 2699 si
337 2680 391 2709 qua
408 2674 516 2702 viscera
532 2674 731 2706 miserationis.
747 2674 860 2709 implete
878 2674 1008 2709 gaudium

223 2723 324 2748 meum,
339 2723 369 2745 ut
388 2719 459 2747 idem
484 2720 610 2755 sapiatis,
629 2720 756 2748 eamdem
774 2720 940 2749 cbaritatem
961 2720 1009 2748 ba-

221 2763 328 2796 bcntes.
342 2765 497 2800 unanimes,
512 2766 632 2802 idipsum
647 2767 810 2796 sentientes.
829 2775 839 2793 ι

252 2853 302 2883 ⁵³1
322 2853 387 2883 Cor.
409 2861 454 2888 sv.
473 2855 500 2884 l.

1059 2261 1098 2297 τῷ
1111 2260 1210 2296 Παύλῳ
1222 2261 1289 2296 περὶ
1302 2260 1357 2287 τῶν
1373 2259 1514 2295 μαθητῶν,
1530 2257 1568 2290 ὡς
1580 2258 1626 2284 καὶ
1642 2256 1848 2292 κατορθοὺντων

1058 2307 1160 2340 αὐτῶν,
1181 2307 1230 2333 καὶ
1257 2306 1392 2338 δεδιότων,
1418 2305 1555 2340 ἀγωνιᾷνο
1573 2303 1779 2339 κατορθούντων
1799 2302 1849 2336 μὶν

1058 2353 1102 2380 διά
1118 2353 1148 2379 τὸ
1160 2352 1270 2388 ὕψωμα,
1283 2351 1407 2379 δεδῐοτων
1418 2351 1457 2384 δὲ,
1470 2350 1515 2378 διὰ
1526 2350 1576 2386 τὴν
1592 2349 1642 2385 τῆς
1653 2349 1754 2380 δειλίας
1772 2356 1848 2383 γενο-

1061 2398 1145 2435 μένην
1160 2397 1324 2433 ὑποστολὴν.

1371 2507 1496 2534 ΚΕΦᾹΛ.
1515 2506 1553 2535 Β’.

1099 2589 1109 2606 ι
1129 2579 1162 2607 El
1174 2587 1217 2610 τις
1227 2578 1274 2606 οὖν
1290 2577 1463 2613 παράκλησιν
1480 2577 1509 2603 ὲν
1526 2575 1648 2611 Χριστῷ,
1666 2574 1696 2603 ιι
1709 2583 1737 2602 τι
1759 2583 1848 2610 παρα-

1064 2625 1158 2662 μύθιον
1174 2625 1296 2659 ἀγάπης,
1317 2623 1402 2655 εἴτις
1429 2622 1557 2649 κοινωνία
1579 2622 1745 2657 πνεύματος,
1766 2623 1792 2648 et
1806 2630 1848 2652 τις

1064 2671 1207 2706 σπλάγχνα
1221 2670 1270 2697 καὶ
1284 2668 1431 2704 οἰκτιρμολ,
1446 2667 1608 2703 πληρώσατέ
1620 2676 1671 2702 μου
1688 2667 1737 2703 τὴν
1750 2664 1849 2702 χαρὰν,

1063 2718 1108 2745 ἵνα
1127 2717 1159 2743 τὸ
1177 2716 1245 2744 αὐτὸ
1268 2716 1397 2752 φρονῆτε,
1419 2715 1469 2750 τὴν
1493 2714 1576 2750 αὐτὴν
1593 2714 1704 2749 ἀγάπην
1730 2713 1847 2750 ἔχοντες,

1065 2762 1213 2799 σύμψυχοι,
1228 2761 1258 2788 τὸ
1273 2761 1303 2788 ἓν
1318 2759 1490 2796 φρονοῦντες.
1508 2769 1518 2785 ι
