2077 3114
192 142 246 176 865

727 140 769 171 IN
788 139 908 171 EPIST.
929 139 979 171 AD
1000 139 1289 173 PHILIPPENSES.

1777 143 1832 178 860

227 198 343 227 Μέλλων
366 197 460 229 αὐτοῖς
477 197 623 233 παραινεῖν
652 196 814 232 ὁμοπίστοις
842 194 913 223 εἷναι
938 196 982 223 καῖ

1072 195 1237 232 Priusquam
1252 204 1302 225 eos
1318 196 1482 226 sdhortetur
1493 197 1529 227 ad
1543 198 1624 227 [idem
1636 207 1719 228 unam
1729 204 1757 228 et
1771 203 1831 230 ani-

192 244 353 280 ὸμοψύχοις,
382 243 478 278 ῶσπερ
508 243 583 278 ὅρκῳ
608 242 699 270 αὐτῶν
728 242 987 278 προκαταλαμϐάνει

192 289 242 321 τὰς
254 289 354 324 ψυχὰς,
369 288 512 324 μονονουχὶ
524 288 613 322 λέγων
625 297 633 304 ·
651 288 720 324 πρὸς
734 288 821 324 αὐτῆς
835 288 885 323 τῆς
895 296 986 323 παρα·

192 335 316 371 κλήσεως
345 335 418 370 ὑμᾶς
446 333 560 369 ὁρκίζω,
584 331 619 370 ἧς
645 333 836 369 παρεκάλεσεν
869 334 944 370 ἡμᾶς
972 333 987 360 ὁ

192 381 321 417 Χριστὸς.
348 381 396 408 καὶ
418 381 469 414 τῆς
491 380 614 415 ἀγάπης,
627 379 676 407 καὶ
694 380 744 415 τῆς
769 380 914 411 κοινωνίας
937 379 985 406 τοῦ

192 426 363 462 Πνεύματος,
374 426 443 462 πρὸς
456 426 547 453 αὐτῶν
558 425 614 453 τῶν
629 425 802 461 σπλάγχνων,
815 425 884 462 πρὸς
895 425 986 454 αὐτῶν

192 473 247 500 τῶν
254 473 403 509 οἰκτιρμῶν
412 472 459 499 τοῦ
470 471 549 503 Θεοῦ,
559 472 740 507 πληρώσατέ
744 481 803 507 μου
813 473 870 506 τὴν
878 472 984 507 χαράν.

146 543 149 547 ,
192 518 266 554 Αὕτη
282 518 311 545 δέ
325 518 383 544 ἔστι
396 517 437 552 τδ,
453 517 618 553 ὀμοπίστους
635 517 708 553 ὑμᾶς
727 515 796 545 εἶναι
818 519 865 545 καὶ
879 517 985 554 ὁμοφύ-

209 572 266 595 ους.

192 573 354 642 χοϊςλῐηδὲν
375 607 447 635 κατὰ
476 606 595 643 ἐριθείαν
618 607 636 642 ἢ
662 607 826 640 κενοδοξίαν,
855 608 923 636 ἀλλὰ
949 609 983 644 τῇ

193 655 426 689 ταπεινοφροσύνῃ
439 673 448 686 ,
472 651 604 688 ἀλλήλους
632 653 779 689 ἡγούμενοι
802 654 984 690 ὑπερέχοντας

191 700 307 728 ἑαυτῶν.
325 709 335 726 ι

227 744 312 772 Τοῦτο
328 744 383 781 γάρ
407 745 466 771 ἔστι
482 744 600 780 μάλιστα
620 744 651 772 τὸ
669 744 719 777 τὰς
740 746 861 781 αἱρέσεις
877 747 982 781 ποιοῦν,

192 792 250 828 ἔρις
260 792 310 819 καὶ
323 791 473 825 κενοδοξία.

228 845 239 862 ί
259 836 305 871 Μὴ
321 835 357 862 τὰ
377 835 483 863 ἑαυτῶν
503 835 621 869 ἕκαστος
641 837 780 870 σκοπεῖτε,
798 837 867 865 ἀλλὰ
889 839 937 865 καὶ
948 839 983 866 τὰ

191 881 293 918 ἐτέρων
302 881 428 914 ἕκαστος.
441 890 451 908 ι

226 929 273 964 Μὴ
295 928 375 956 τοῦτο
395 930 504 961 σκόπει,
529 929 622 965 φησιν,
650 930 724 962 me
749 929 912 962 διδάσκαλος
935 930 983 957 καὶ

192 974 279 1010 μέγας
289 983 332 1007 τις
346 975 512 1011 6νομασθῇς,
528 975 586 1002 ἀλλ’
595 975 670 1008 ὅπως
687 975 725 1013 μὴ
741 976 922 1012 σκανδαλίαῃς
936 976 982 1003 τὸν

190 1020 315 1055 ἀδελφόν.

228 1076 239 1093 ι
256 1067 341 1094 Τοῦτο
356 1066 411 1103 γὰρ
432 1067 586 1103 φρονείσθω
600 1069 630 1096 ὲν
642 1069 718 1104 ὑμῖν,
733 1068 748 1096 ὃ
762 1069 809 1096 καὶ
826 1069 856 1095 ἐν
871 1068 981 1105 Χριστῷ

197 1112 295 1148 Ἰησοῦ,
313 1112 342 1144 ὃς
357 1114 387 1140 ὲν
411 1115 505 1150 μορφῇ
522 1114 592 1141 Θεοῦ
606 1115 749 1150 ὑπάρχων,
769 1115 818 1150 οὐχ
834 1114 981 1150 ἁρπαγμὸν

189 1158 314 1194 ἡγήσατο
340 1155 371 1185 τὸ
393 1156 464 1186 εἶναι
482 1157 528 1186 ἶσα
552 1159 623 1196 Θεῷ,
649 1160 707 1187 ἀλλ’
730 1161 826 1187 ἑαυτὸν
851 1162 979 1194 ὲκένωσε,

192 1205 299 1240 μορφὴν
314 1204 408 1232 δούλου
425 1204 524 1239 λαϐὼν,
542 1207 571 1233 ὲν
592 1207 745 1243 ὁμοιώματι
768 1207 919 1243 ἀνθρώπιον
932 1217 980 1242 γε-

191 1251 316 1286 νόμενος,
332 1251 380 1277 καὶ
394 1252 514 1287 σχήματι
537 1251 660 1287 εὑρεθεὶς
673 1252 710 1285 ὡς
727 1253 881 1289 ἄνθρωπος,
902 1255 980 1282 Ἑτα-

190 1297 324 1323 πείνωσεν
340 1297 447 1329 ἑαυτὸν,
459 1298 605 1333 γενόμενος
620 1299 740 1334 ὑπήκοος
755 1300 836 1335 μέχρι
852 1300 979 1333 θανάτου,

191 1341 307 1369 θανάτου
331 1342 360 1369 δὲ
387 1342 517 1379 σταυροῦ.
536 1344 582 1371 Διὸ
603 1344 651 1371 καὶ
671 1345 686 1371 ὸ
708 1345 774 1375 Θεὸς
796 1345 877 1373 αὐτὸν
897 1346 981 1382 ὑπερ-

191 1387 293 1422 ύψωσε,
305 1389 352 1415 καὶ
363 1389 508 1425 ἐχαρίσατο
518 1390 592 1425 αὐτῷ
600 1390 686 1425 ὄνομα
698 1390 728 1417 τὸ
737 1390 808 1426 ὑπὲρ
820 1392 874 1418 πᾶν
881 1391 978 1427 ὄνομα,

191 1434 234 1460 ἴνα
250 1435 278 1460 ὲν
288 1434 326 1470 τῷ
337 1434 449 1470 ὀνόματι
475 1435 562 1470 Ἰησοῦ
580 1435 700 1470 Χριστοῦ
718 1436 773 1463 πᾶν
785 1437 850 1470 γόνυ
869 1437 978 1473 κάμψῃ,

189 1480 244 1507 τῶν
265 1481 444 1517 ἐπουρανίων,
474 1482 520 1508 καὶ
544 1483 683 1515 ἐπιγείων,
714 1483 762 1509 καὶ
782 1483 978 1518 καταχθονίων,

189 1525 236 1552 καὶ
252 1526 326 1552 πᾶσα
345 1526 457 1560 γλῶσσα
473 1527 716 1563 ἐξομολογήσηται,
739 1528 781 1554 ὅτι
805 1529 908 1564 Κύριος
928 1527 979 1563 Ἰη-
993 1545 1015 1574 c

189 1571 253 1603 σοῦς
268 1573 396 1608 Χριστός.
403 1582 412 1598 ι

226 1616 294 1652 Περὶ
318 1617 571 1654 ταπεινοφροσύνης
595 1614 630 1654 ἦν
653 1617 728 1653 αὐτῷ
748 1619 762 1645 ὁ
782 1618 871 1653 λόγος,
888 1620 912 1646 εἰ
933 1619 979 1646 καὶ

188 1663 324 1698 δόγματος
342 1662 467 1690 ἅπτεται.
482 1663 554 1699 Ὅρα
569 1663 597 1690 δὲ
611 1664 681 1700 πόση
706 1665 833 1700 ἀκρίϐεια
855 1665 902 1691 τοῦ
919 1665 980 1700 δόγ-

190 1717 285 1744 ματος.
299 1709 359 1736 ὀτι
373 1710 421 1736 καὶ
439 1710 496 1742 ἶσος
516 1709 556 1745 τῷ
576 1711 664 1746 Πατρὶ
688 1711 702 1737 ὁ
720 1711 848 1746 Χριστὸς,
867 1711 914 1738 καὶ
939 1711 979 1738 δτι

189 1754 286 1781 ἑαυτὸν
306 1754 434 1786 ὲκένωσε,
451 1755 499 1781 καὶ
517 1755 558 1782 ὅτι
579 1755 724 1791 ἄνθρωπος
744 1756 850 1790 γέγονε,
873 1757 919 1783 καὶ
939 1758 979 1784 ὅτι

189 1800 271 1827 ἑκών.
285 1801 343 1827 Ἵνα
357 1801 412 1836 γὰρ
435 1801 472 1836 μή
495 1810 538 1833 τις
560 1801 682 1834 ἀκούσας
695 1803 734 1834 ὡς
753 1803 872 1838 ὑπήκοος
884 1803 979 1837 γέγονε

189 1845 229 1881 τῷ
246 1846 343 1882 Πατρὶ,
359 1847 484 1882 ἀνάγκην
496 1847 595 1883 νομίσῃ
609 1848 754 1883 ὲπενέχθαι
766 1848 851 1884 αὐτῷ,
869 1849 907 1880 ὼς
924 1849 979 1876 ἀπὸ

192 1892 316 1926 μείζονος
329 1893 398 1929 πρὸς
411 1893 551 1927 ἐλάττονα,
569 1895 665 1921 τούτου
684 1894 765 1930 χάριν
787 1893 923 1930 πολλαχοῦ
937 1895 978 1927 τὺ,

190 1938 310 1971 ἑαυτὸν,
333 1940 498 1975 προσάπτει,
521 1940 631 1968 ἑαυτὸν
655 1941 786 1968 exerceas
811 1939 908 1974 λέγων,
930 1941 979 1968 καὶ

188 1983 391 2011 ἐταπείνωσεν
413 1984 535 2017 ἑαυτὸν,
548 1985 709 2020 γενόμενος
732 1985 876 2020 ὑπήκοος.
894 1985 979 2013 Τοῦτο

189 2028 218 2054 δὲ
232 2027 316 2062 λέγει,
333 2028 362 2055 ἓν
375 2029 405 2056 τὸ
420 2028 526 2065 Θέλημα
541 2029 589 2056 τοῦ
604 2030 711 2064 Πατρὸς
730 2029 779 2057 καὶ
788 2030 835 2057 τοῦ
851 2030 916 2057 ’1⁷ίοῦ
930 2031 978 2066 δη-

189 2073 254 2101 λῶν.
271 2075 325 2101 Καὶ
349 2075 379 2102 οὐ
405 2075 486 2111 μόνον
508 2075 595 2103 ταῦτα
610 2075 644 2102 τὰ
665 2075 788 2111 δόγματα
814 2076 899 2112 δηλοῖ,
919 2076 978 2104 ἀλλ’

188 2120 230 2146 ὅτι
241 2120 288 2147 καὶ
302 2120 434 2157 ὑπέμεινε
448 2121 573 2154 θάνατον,
587 2121 734 2156 γενόμενος
749 2122 903 2158 ἄνθρωπος,
920 2124 934 2150 ὁ
949 2123 978 2150 ἐν

191 2167 294 2202 ἰσότητι
318 2167 364 2194 τοῦ
388 2167 495 2203 Πατρός
505 2175 512 2182 ³
528 2168 576 2194 καὶ
590 2168 639 2203 οὐχ
657 2168 751 2200 ἁπλῶς
767 2168 892 2201 θάνατον,
907 2169 977 2197 ἀλλὰ

190 2211 314 2244 θάνατον,
326 2212 372 2239 τὸν
384 2212 428 2240 διὰ
439 2214 566 2248 σταυροῦ.
581 2213 637 2239 Καὶ
647 2213 686 2240 ὅτι
699 2213 759 2249 οὐχ).
773 2214 911 2251 ἐκρατήθη
927 2214 976 2242 θα·
991 2217 1013 2246 D

190 2258 273 2293 νάτῳ.
289 2259 408 2293 ’Υψωσε
426 2259 481 2293 γὰρ
492 2259 596 2292 ἀύτὸν,
610 2259 703 2295 φησὶν,
717 2261 733 2287 ὀ
754 2260 836 2293 Θεός.
853 2260 938 2288 Ὅταν
948 2261 977 2288 δὲ

189 2302 230 2334 τὸ,
246 2302 353 2337 ὕψωσε
366 2303 413 2330 καὶ
423 2303 533 2338 ἤγειρε,
548 2304 596 2331 καὶ
608 2304 644 2330 τὰ
657 2304 770 2331 τοιαῦτα
784 2305 916 2341 ἀκούσῃς,
928 2305 978 2342 τὴν

188 2349 346 2384 οἰκονομίαν
361 2350 446 2376 ἐννόει
460 2358 467 2365 ·
488 2349 526 2385 μὴ
543 2351 597 2386 γὰρ
616 2350 649 2385 δὴ
664 2351 702 2382 ὠς
719 2351 916 2386 ἐλαττούμενον
930 2352 977 2380 δυ-

188 2395 298 2429 νάμεως
309 2396 391 2422 αὑτὸν
406 2396 538 2433 ἐννοήσῃς
549 2404 556 2412 ·
577 2397 659 2428 αὐτὸς
672 2397 727 2432 γάρ
742 2397 816 2424 ἐστιν
832 2398 848 2433 ὴ
864 2397 978 2433 δύναμις

188 2440 235 2467 τοῦ
250 2441 367 2477 Πατρός.
380 2443 509 2477 Χριστὸς
529 2442 584 2478 γὰρ
599 2442 674 2470 Θεοῦ
690 2443 816 2479 δύναμις
836 2443 886 2470 καί
904 2444 979 2472 Θεοῦ

188 2487 291 2521 σοφία.

226 2583 236 2600 ι
256 2575 304 2607 Εἰς
325 2575 406 2609 δόξαν
427 2576 495 2604 Θεοῦ
511 2578 630 2614 Πατρός.
649 2579 741 2612 Ὥστε,
752 2579 892 2615 ἀγαπητοί
907 2589 976 2616 μου,

188 2621 280 2653 καθὼς
295 2622 411 2649 πάντοτε
427 2623 612 2658 ὑπηκούσατε.
631 2634 650 2651 »-

224 2667 282 2694 Ἰνα
303 2667 376 2695 οὕτω
402 2669 557 2705 δοξάζηται,
577 2672 670 2708 φησὶν,
696 2671 735 2704 ὡς
760 2673 807 2699 καὶ
829 2673 843 2699 ὁ
868 2672 974 2708 Πατὴρ,

189 2713 245 2745 ἶσος
255 2722 285 2740 τε
300 2714 346 2741 καὶ
359 2714 450 2750 ὅμοιος
465 2716 550 2753 αὐτῷ,

226 2769 236 2786 ι
255 2760 302 2796 Μὴ
314 2761 352 2793 ὡς
371 2762 402 2789 ὲν
422 2763 457 2798 τῇ
475 2764 611 2799 παρουσίᾳ
639 2773 691 2800 μου
715 2764 806 2800 μόνον,
833 2765 902 2792 ἀλλὰ
927 2764 975 2793 νῦν

187 2805 277 2841 πολλῷ
289 2807 390 2842 μᾶλλον
403 2808 432 2835 ὲν
448 2809 481 2844 τῇ
499 2809 618 2846 ἀπουσίᾳ
630 2818 691 2845 μου.
708 2819 718 2836 ι

221 2861 266 2889 ⁸⁵1
282 2863 345 2891 Cor.
373 2872 393 2896 ι.
404 2864 450 2891 24.

1038 250 1112 270 mum
1138 251 1225 271 unum
1242 243 1413 278 habendum,
1436 245 1511 273 velut
1531 250 1708 274 sacramento
1724 251 1833 276 mentes

1038 288 1161 324 ipsorum
1177 294 1306 325 occupat,
1323 289 1368 317 his
1395 291 1482 318 ferme
1499 292 1592 320 verbis
1607 302 1614 319 :
1632 292 1683 320 Per
1704 294 1831 321 consola-

1037 334 1140 362 tionem
1157 334 1231 362 illam
1247 343 1303 370 qua
1314 334 1442 363 Christus
1457 344 1510 364 nos
1523 338 1682 366 consolatus
1696 343 1748 372 est.
1767 346 1830 374 per-

1037 387 1091 415 que
1101 380 1266 408 charitatem
1284 385 1314 409 et
1336 382 1618 410 communicationem
1632 384 1765 419 Spiritus.
1781 392 1831 420 per

1036 425 1154 461 ipsamet
1180 426 1300 460 viscera,
1330 434 1380 462 per
1396 427 1471 462 ipsas
1486 428 1680 458 miserationes
1698 430 1756 462 Dei.
1779 438 1831 458 vos

1035 473 1135 508 adjuro
1151 483 1158 502 :
1179 474 1286 509 implete
1312 475 1441 510 gaudium
1455 483 1555 502 meum.
1573 475 1632 504 Hoc
1645 481 1736 505 autem
1752 478 1780 506 in
1794 485 1831 506 eo

1036 520 1176 554 consistit,
1196 520 1270 556 quod
1285 520 1370 549 unius
1385 521 1448 549 ﬁdei
1470 526 1553 557 atque
1568 522 1652 549 animi
1666 523 1739 552 sitis.

1072 608 1153 638 Vens.
1181 610 1208 637 5.
1240 618 1251 636 ι
1266 608 1341 637 Nihil
1364 617 1414 645 per
1433 612 1655 649 contentionem.
1686 613 1755 642 nihil
1780 621 1832 650 per

1035 654 1147 683 inanem
1163 655 1291 690 gloriam.
1307 655 1355 683 sed
1366 655 1523 684 humilitate
1543 659 1701 693 superiores
1715 659 1768 688 sibi
1784 660 1829 688 in-

1034 700 1122 728 vicem
1139 700 1318 728 arbitrantes.
1337 710 1347 728 ι

1074 745 1131 773 Hoc
1151 745 1225 774 enim
1256 749 1299 774 est
1321 746 1394 782 quod
1422 748 1575 782 praesertim
1602 748 1721 778 haereses
1747 750 1826 785 iacit.

1033 791 1176 819 contentio
1195 792 1303 820 scilicet
1319 796 1347 820 et
1362 800 1432 820 vana
1444 793 1546 828 gloria.

1070 836 1153 865 Vens.
1170 837 1198 865 ι.
1233 847 1243 863 ι
1263 837 1321 865 Non
1338 845 1399 873 quae
1424 847 1474 867 sua
1498 846 1562 868 sunt
1580 841 1680 877 singuli
1700 842 1827 871 conside-

1034 888 1136 915 rantes,
1159 883 1206 911 sed
1222 890 1253 911 es
1268 891 1331 919 quae
1344 884 1475 912 aliorum.
1495 894 1506 912 ι

1068 928 1108 956 Ne
1124 929 1176 957 hoc
1191 929 1338 965 dispicias.
1357 930 1460 966 inquit.
1481 939 1536 966 quo
1556 938 1636 967 pacto
1652 933 1760 966 doctor,
1777 938 1826 961 aut

1034 981 1149 1009 magnus
1163 973 1274 1009 quidam
1286 974 1446 1009 appelleris,
1461 975 1511 1004 sed
1530 976 1671 1010 Quomodo
1684 976 1765 1004 fratri
1774 982 1828 1005 tuo

1032 1014 1197 1046 offendicula
1214 1027 1268 1047 non
1284 1019 1334 1057 sis.

1069 1064 1152 1093 Vens.
1180 1065 1258 1093 5-H.
1289 1075 1299 1091 ι
1319 1065 1378 1093 Hoc
1402 1070 1494 1093 autem
1518 1067 1656 1094 sentiatur
1675 1067 1703 1095 in
1732 1069 1824 1102 Vobi.

1032 1110 1104 1145 quod
1133 1114 1161 1138 et
1181 1110 1209 1138 in
1237 1111 1350 1139 Christo
1366 1110 1431 1139 Jesu
1450 1112 1520 1147 :qui
1537 1120 1599 1140 cum
1619 1113 1648 1140 in
1670 1113 1760 1142 forma
1776 1114 1826 1142 Dei

1031 1160 1115 1187 esset.
1134 1164 1187 1183 non
1206 1157 1495 1190 rapinanLarbitrntus
1509 1162 1552 1186 est
1564 1166 1627 1187 esse
1642 1167 1672 1187 se
1689 1161 1824 1195 aqualem

1031 1201 1108 1236 Deo;
1123 1203 1170 1230 sed
1187 1204 1365 1238 semetipsum
1381 1204 1535 1232 exinanivit
1551 1204 1668 1232 formam
1681 1206 1754 1234 servi
1775 1213 1823 1234 sc-

1031 1248 1146 1282 cipiens.
1161 1248 1189 1275 in
1207 1248 1419 1276 similitudinem
1444 1249 1586 1277 hominum
1603 1250 1705 1284 factus,
1730 1255 1758 1280 et
1772 1251 1824 1279 ha-

1032 1294 1089 1321 bitu
1116 1293 1245 1322 inventus
1269 1299 1299 1322 ut
1323 1295 1417 1322 homo.
1451 1295 1612 1324 Humiliavit
1640 1297 1822 1334 semetipsum

1032 1338 1121 1367 iactus
1143 1340 1274 1368 obediens
1298 1348 1387 1376 usque
1406 1341 1440 1369 ad
1455 1347 1583 1375 mortem.
1598 1348 1714 1371 mortem
1731 1348 1823 1372 autem

1031 1386 1132 1414 crucis.
1145 1385 1262 1422 Propter
1278 1387 1351 1422 quod
1362 1391 1390 1415 et
1405 1386 1478 1415 Deus
1491 1388 1623 1416 exultavit
1633 1389 1719 1422 illum,
1733 1394 1761 1420 et
1773 1390 1826 1417 do-

1032 1432 1107 1459 navit
1124 1432 1162 1459 illi
1176 1439 1276 1460 nomen
1297 1433 1370 1467 quod
1392 1437 1436 1461 est
1465 1440 1549 1468 super
1563 1441 1646 1462 omne
1659 1442 1777 1468 nomen;
1793 1441 1825 1463 nt

1031 1477 1059 1504 in
1075 1477 1186 1505 nomine
1205 1477 1270 1506 Jesu
1296 1486 1379 1506 onme
1406 1486 1478 1513 genu
1497 1479 1635 1511 ﬂectatur,
1655 1480 1822 1515 ecelestium,

1031 1528 1058 1550 et
1070 1524 1257 1556 terrestrium.
1271 1530 1298 1552 et
1313 1525 1532 1559 infernorum,et
1543 1526 1634 1554 omnis
1650 1526 1743 1562 lingua
1756 1534 1824 1555 con-

1032 1570 1153 1602 ﬁteatur.
1171 1571 1236 1605 quia
1257 1570 1391 1599 Dominus
1409 1570 1490 1599 Jesus
1506 1571 1648 1600 Christus.
1668 1582 1678 1599 ι

1065 1615 1103 1643 De
1131 1615 1289 1644 humilitate
1319 1617 1358 1643 illi
1383 1623 1477 1645 sermo
1496 1620 1567 1650 erat,
1593 1618 1703 1646 tametsi
1723 1618 1824 1653 dogma

1030 1661 1200 1697 perstringit.
1217 1661 1323 1697 inspice
1334 1669 1400 1690 vero
1412 1670 1495 1698 quam
1514 1663 1678 1691 accurateid
1692 1665 1821 1699 explicet.

1030 1707 1108 1740 Quod
1140 1715 1237 1742 nempe
1265 1707 1396 1736 Christus
1421 1709 1536 1744 aequalis
1569 1709 1605 1737 sit
1627 1709 1719 1743 Patri,
1748 1712 1822 1745 quod

1032 1753 1211 1788 semetipsum
1237 1754 1434 1786 exinaniverit.
1453 1756 1524 1790 quod
1550 1755 1638 1782 {actus
1663 1756 1700 1783 sit
1727 1756 1822 1790 homo,

1030 1799 1104 1835 quod
1123 1803 1220 1834 sponte
1237 1799 1264 1826 id
1284 1801 1382 1836 egerit.
1413 1800 1454 1828 Ne
1482 1799 1556 1828 enim
1583 1800 1684 1835 aliquis
1708 1801 1821 1829 audiens

1030 1853 1093 1873 eum
1110 1844 1214 1872 factum
1226 1851 1289 1873 esse
1309 1845 1483 1872 obedientem
1499 1844 1586 1877 Patri,
1606 1846 1660 1872 vim
1676 1846 1700 1872 ei
1717 1846 1821 1873 illatam

1033 1895 1145 1926 putaret
1161 1891 1245 1918 veluti
1262 1890 1386 1918 inferiori
1402 1898 1417 1918 a
1437 1891 1593 1926 superiore,
1606 1894 1749 1926 propterea
1765 1891 1822 1919 ire-

1029 1939 1147 1970 quenter
1164 1935 1298 1967 inculcat,
1318 1936 1498 1969 semetipsum.
1518 1934 1704 1969 Semetipsum,
1721 1936 1821 1970 inquit.

1029 1981 1186 2012 exinanivit.
1201 1985 1228 2008 et
1242 1980 1391 2008 humiliavit
1406 1981 1576 2015 semetipsum
1589 1981 1676 2014 {actus
1685 1981 1820 2009 obedienc.

1030 2027 1076 2055 Sic
1095 2034 1180 2062 porro
1197 2026 1331 2060 loquitur.
1349 2030 1378 2053 ut
1392 2033 1475 2053 unam
1487 2025 1576 2053 Patris
1590 2025 1706 2061 Filiique
1720 2027 1821 2054 volun-

1029 2076 1113 2101 tatem
1137 2071 1285 2108 signiﬁcet.
1301 2071 1360 2099 Non
1382 2071 1471 2099 solum
1490 2076 1584 2098 autem
1604 2071 1662 2098 haec
1688 2071 1822 2100 doctrinae

1028 2119 1120 2154 capita
1139 2118 1276 2153 explicat;
1296 2124 1390 2145 verum
1411 2117 1495 2144 etiam
1511 2116 1584 2152 quod
1602 2121 1719 2145 mortem
1737 2118 1820 2146 homo

1029 2165 1120 2193 factus
1137 2163 1291 2200 pertulerit,
1318 2170 1381 2191 cum
1400 2162 1514 2198 aequalis
1528 2166 1602 2191 esset
1622 2162 1714 2197 Patri;
1732 2172 1820 2200 neque

1028 2215 1143 2238 mortem
1161 2210 1308 2244 duntaxat,
1330 2210 1378 2238 sed
1403 2213 1519 2237 mortem
1542 2217 1625 2245 quam
1646 2217 1694 2246 per
1708 2218 1819 2239 crucem

1026 2257 1135 2285 obierit.
1149 2256 1190 2284 Ad
1210 2256 1269 2284 haec
1283 2256 1357 2292 quod
1371 2260 1461 2283 morte
1471 2263 1528 2284 non
1545 2256 1581 2284 sit
1594 2256 1734 2285 detentus.
1751 2257 1819 2284 Deus

1026 2303 1108 2336 enim,
1127 2302 1371 2338 inquit.ezaltauit
1397 2301 1487 2329 illum.
1511 2300 1628 2334 Quando
1654 2305 1744 2329 autem
1769 2308 1820 2328 au-

1026 2348 1122 2382 dieris,
1144 2348 1284 2380 exultauit.
1300 2348 1450 2381 suscitavit,
1472 2351 1499 2375 et
1510 2347 1622 2379 similia.
1636 2347 1821 2382 dispensatio-

1027 2403 1110 2428 nem.
1138 2394 1395 2423 incarnationemve
1423 2393 1525 2429 cogita.
1555 2392 1649 2428 Neque
1676 2393 1820 2421 arbitreris

1028 2441 1173 2470 debilioris
1201 2448 1264 2468 eum
1288 2447 1350 2468 esse
1372 2440 1485 2467 virtutis
1502 2449 1510 2467 :
1527 2439 1630 2475 quippe
1651 2446 1713 2466 cum
1731 2438 1819 2466 virtus

1028 2489 1065 2517 sit
1081 2487 1184 2515 Patris.
1201 2486 1324 2515 Christus
1341 2485 1390 2513 Dei
1411 2486 1505 2518 uirtus.
1531 2490 1556 2513 at
1576 2484 1626 2512 Dei
1640 2484 1772 2519 sapientia
1783 2484 1818 2518 “,

1027 2533 1128 2569 inquit.

1066 2588 1076 2606 ι
1092 2579 1122 2607 ln
1143 2577 1232 2614 gloria
1257 2576 1303 2604 Dei
1319 2576 1420 2605 Patris.
1442 2575 1537 2612 ﬁsus.
1555 2575 1612 2610 ιε]
1631 2574 1733 2612 Itaque,
1750 2574 1818 2603 cha-

1026 2625 1134 2654 rissimi
1151 2623 1215 2655 mei.
1230 2623 1302 2651 sicut
1315 2629 1424 2658 semper
1436 2621 1580 2650 obedistis.
1597 2631 1607 2648 ι
1680 2616 1683 2620 ’

1065 2670 1100 2698 Ut
1115 2677 1148 2698 eo
1168 2669 1250 2697 modo
1269 2668 1452 2701 collaudetur,
1474 2668 1574 2703 inquit,
1603 2675 1658 2703 quo
1674 2671 1702 2696 et
1726 2666 1817 2701 Pater,

1029 2718 1093 2754 quia
1109 2715 1223 2751 aequalis
1240 2718 1268 2742 et
1286 2714 1386 2742 similis
1403 2718 1445 2741 est
1462 2714 1546 2741 illius.

1067 2762 1149 2798 193
1181 2770 1191 2787 ο
1211 2760 1270 2787 Νοιι
1298 2763 1328 2787 ιιι
1352 2759 1379 2787 in
1403 2760 1547 2796 praesentia
1563 2759 1616 2787 mei
1635 2762 1753 2792 tantum,
1770 2756 1816 2789 sed

1033 2809 1121 2838 multo
1134 2806 1221 2843 magis
1238 2813 1312 2834 nunc
1330 2806 1356 2833 in
1371 2804 1498 2834 absentia
1518 2812 1589 2847 mea.
1610 2817 1620 2832 ι
