2077 3114
240 126 291 154 867

808 130 810 132 '
826 126 854 155 S.
871 125 1031 156 JOANNIS
1051 125 1267 155 DAMASCENI

1819 124 1872 158 868

271 182 398 218 Amplius
424 182 498 211 enim
524 189 646 210 amorem
671 189 752 209 suum
777 189 842 217 erga
860 181 1021 216 magistrum

1109 179 1218 206 Μᾶλλον
1243 180 1298 215 γὰρ
1324 179 1374 215 τὴν
1399 178 1512 213 ἀγάπην
1542 179 1712 206 ἐνδείκνυται
1730 178 1780 214 τὴν
1803 180 1872 215 πρὸς

238 230 350 264 promit,
369 230 415 264 qui
430 229 507 255 illum
523 228 605 255 etiam
623 229 765 254 absentem
789 227 877 254 audit.
891 225 959 252 Nam
978 226 1026 260 qui

239 275 367 310 praesenti
383 275 532 306 auscultat,
545 273 573 300 id
588 273 681 300 forsan
697 273 802 306 pudore
816 272 883 299 facit
896 279 903 298 :
917 272 963 307 qui
977 279 1027 298 au-

239 321 381 354 tem,dum
403 321 425 347 is
447 324 490 348 est
513 320 624 351 absens,
652 319 740 350 audit.
763 325 888 353 magnam
918 317 1029 353 praefert

240 375 297 395 suae
329 366 463 394 adversus
495 367 660 402 magistrum
691 365 852 393 dilectionis
880 364 1028 393 sincerita-

240 417 306 440 tem.

277 468 287 484 4
305 459 375 486 Cum
401 459 499 486 timore
509 461 538 486 et
553 463 675 485 tremore
694 457 811 485 salutem
824 461 947 484 vestram
961 462 1028 490 ope-

240 505 352 532 ramini.
369 514 378 530 ι

275 550 329 577 Eos
344 551 442 577 iterum
459 549 556 576 anxios
582 549 682 581 reddit,
699 547 936 583 supereiliumque
954 546 1029 581 ipso-

240 603 300 624 rum
317 596 387 623 adeo
406 595 551 630 deprimit,
573 602 608 622 ne
623 594 658 622 ob
673 593 781 630 egregia
799 592 921 620 facinora
934 599 1031 627 super-

240 641 326 669 biant.

277 686 358 714 Vens.
371 686 415 713 15.
434 695 443 711 ι
461 685 533 712 Deus
559 685 632 712 enim
649 688 693 712 est
705 684 751 719 qui
767 687 898 718 operatur
914 682 941 710 in
952 680 1031 709 vobis

239 731 308 759 velle
324 736 352 758 et
370 730 502 766 perficere
516 737 568 765 pro
581 729 654 757 bona
671 729 824 756 voluntate.
844 737 854 754 ›

276 776 334 804 Hoc
360 783 444 811 porro
474 776 524 808 ait,
550 782 605 802 non
629 779 661 802 ut
679 774 799 802 libertati
816 774 968 801 voluntatis
983 772 1033 800 de-

240 822 347 855 trahat;
366 822 413 850 sed
431 822 504 858 quod
529 829 639 849 rursum
656 819 786 848 formidet
803 827 837 848 ne
851 819 1031 847 extollantur.

1077 226 1123 252 τὸν
1149 226 1319 258 διδάσκαλον,
1342 227 1356 252 6
1373 226 1448 261 παρὰ
1461 226 1511 260 τὴν
1525 225 1661 252 ἀπουσίαν
1690 225 1797 252 ἀκούων
1821 227 1872 252 αὑ-

1077 271 1135 298 τοῦ.
1151 272 1181 298 ’0
1194 272 1244 308 μὲν
1257 272 1311 307 γὰρ
1322 272 1434 308 παρόντι
1450 272 1621 306 πειθόμενος,
1635 271 1700 303 ἴσως
1716 272 1762 298 καὶ
1775 272 1873 306 αίσχυ-

1078 319 1191 352 νόμενος
1219 319 1299 345 τοῦτο
1330 319 1422 345 ποιεῖ’
1452 320 1466 345 ὁ
1493 318 1522 345 δὲ
1557 318 1633 353 παρὰ
1663 318 1712 354 τὴν
1738 318 1873 345 ἀπουσίαν

1086 364 1206 397 ἁκούων,
1221 364 1293 400 μέγα
1309 364 1429 392 δείκνυσι
1442 365 1492 400 τῆς
1511 365 1551 396 είς
1563 365 1609 392 τὸν
1624 364 1782 391 διδάσκαλον
1802 364 1872 399 ἀγά-

1079 419 1134 446 πης
1148 410 1179 438 τὸ
1191 411 1313 446 γνήσιον.

1117 466 1127 482 ‹
1148 456 1226 484 Μετὰ
1254 457 1340 491 φόϐου
1365 457 1413 485 καὶ
1428 457 1533 493 τρόμου
1548 457 1598 492 τὴν
1613 456 1718 484 ἑαυτῶν
1735 456 1874 493 σωτηρίαν

1079 502 1296 538 κατεργάζεσθε.
1317 512 1328 529 ι

1115 547 1201 574 Πάλιν
1216 548 1339 584 ἀγωνιᾷν
1353 548 1456 580 αὐτοὺς
1471 550 1546 575 ⁸νιοιεῖ
1555 557 1563 564 ·
1574 548 1702 578 τοσοῦτον
1721 551 1812 580 αὐτῶν
1825 552 1876 589 τὴν

1080 592 1113 619 ἐκ
1125 593 1173 620 τοῦ
1190 593 1342 630 κατορθοῦν
1355 595 1485 631 κατασπᾷ
1494 594 1592 630 ὀφρύν.

1119 693 1128 710 ι
1144 683 1211 715 Θεὸς
1225 683 1279 718 γάρ
1293 683 1366 710 ἐστιν
1380 684 1394 710 ό
1409 683 1529 719 ἐνεργῶν
1545 684 1575 710 ὲν
1587 684 1663 719 ὑμῖν,
1679 684 1766 713 καὶτὸ
1776 685 1875 720 θέλειν,

1081 729 1129 756 καὶ
1141 728 1173 755 τὺ
1190 729 1313 763 ἐνεργεῖν
1329 728 1400 764 ὑπὲρ
1413 729 1464 764 τῆς
1476 728 1612 761 εὐδοκίας.
1631 739 1641 756 ι

1117 775 1172 801 Καὶ
1185 773 1266 800 τοῦτό
1281 782 1376 809 φησιν,
1401 775 1450 810 οὐχ
1475 775 1514 807 ὡς
1537 775 1588 810 τῆς
1605 777 1793 812 προαιρέσεως
1807 778 1877 806 καθ-

1083 820 1230 856 αιρετικὸν,
1245 820 1304 847 ἀλλ’
1316 820 1355 852 ὡς
1383 821 1553 857 φοὸούμενος
1565 822 1647 849 πάλιν
1657 823 1696 859 μὴ
1708 824 1875 860 ὲπαρθῶσιν.

240 867 307 895 Nam
331 868 404 903 quod
432 868 516 895 animi
532 867 705 902 propositum
721 867 749 894 in
776 873 861 894 causa
875 865 923 899 sit,
941 870 971 892 ut
990 866 1032 892 vel

1090 868 1146 894 Ὀτι
1163 867 1218 902 γὰρ
1230 869 1247 902 ἡ
1263 866 1361 903 γνώμη
1378 867 1453 894 αίτία
1473 867 1520 895 τοῦ
1544 869 1665 903 ἀγαθοὺς
1682 871 1757 906 ἡμᾶς
1776 869 1846 898 εἶναι
1859 872 1876 906 ἢ

241 915 316 947 boni,
328 915 369 942 vel
383 914 445 942 mali
464 915 562 946 simus,
578 913 756 941 manifestum
782 912 846 940 fecit
861 912 1032 940 exhortando

242 964 272 988 ιιι
287 968 350 987 cum
363 960 461 988 timore
477 959 594 988 salutem
611 967 689 987 suam
701 963 894 994 operarentur.

276 1005 363 1034 Vsus.
384 1005 427 1037 l4,
444 1005 488 1032 15.
512 1015 521 1030 (
540 1004 638 1032 Omnia
657 1008 748 1031 autem
775 1003 858 1031 facite
879 1004 939 1031 sine
955 1011 1033 1031 mur-

242 1050 409 1082 muratione,
430 1054 458 1076 et
479 1049 708 1082 cogitationibus,
720 1053 751 1076 ut
764 1049 825 1076 sitis
838 1049 898 1076 sine
910 1049 1032 1083 querela,

242 1100 270 1124 et
289 1096 431 1131 simplices
450 1095 497 1122 lilii
518 1094 565 1122 Dei
585 1095 646 1123 sine
662 1095 885 1130 reprehensione.
905 1105 914 1121 ι

277 1139 345 1167 Nam
364 1140 410 1175 qui
427 1139 557 1167 mandata
585 1139 784 1166 murmurando
803 1141 921 1174 peragit,
950 1139 1034 1175 quasi

242 1186 337 1222 gravia
357 1186 403 1213 illa
426 1186 492 1216 sint.
511 1185 666 1213 mercedem
687 1193 769 1220 quam
785 1193 818 1212 ex
839 1185 883 1212 his
899 1192 1036 1212 consecu-

243 1236 323 1259 turus
339 1235 410 1264 erat,
426 1231 538 1259 amittit.
553 1231 632 1264 Quod
652 1235 742 1258 autem
754 1231 802 1263 ail,
829 1235 853 1258 et
867 1231 1034 1265 cogitationi-

244 1278 303 1310 bus,
324 1277 395 1305 idem
410 1282 453 1305 est
478 1284 511 1304 ac
531 1277 553 1304 si
570 1277 685 1307 diceret,
717 1276 779 1303 sine
806 1276 984 1311 ambiguitate
1009 1279 1037 1303 et

244 1322 428 1354 dubitatione,
460 1327 486 1349 et
516 1321 585 1348 nihil
612 1320 777 1348 haesitando.
813 1319 881 1346 Nam
911 1319 959 1354 qui
984 1319 1037 1346 hoc

246 1372 328 1403 pacto
351 1374 384 1394 ea
410 1367 591 1402 exsequitur,
620 1365 802 1400 inquit,‘ille
826 1364 1037 1400 irreprehensus

245 1413 309 1440 erit.

282 1459 350 1486 Cum
367 1458 511 1490 charitate,
527 1457 623 1484 libenti
638 1457 741 1484 animo.

285 1513 295 1529 ι
315 1502 342 1529 In
356 1503 447 1530 medio
459 1502 644 1537 generationis
657 1510 752 1542 pravae
765 1505 792 1529 et
810 1508 955 1537 perversa}.
972 1511 982 1528 ι

282 1549 397 1575 Ρνουαηι
419 1547 629 1583 generationem.
650 1545 760 1574 Judmos
778 1547 863 1579 dicit,
885 1546 1038 1574 secundum

249 1595 325 1622 illum
347 1594 456 1621 Domini
477 1594 510 1622 ad
530 1601 577 1622 eos
592 1601 748 1621 sermonem
765 1604 771 1622 :
795 1593 934 1621 Generatio
956 1601 1039 1628 prava

247 1646 272 1668 et
291 1649 413 1676 perversa
424 1640 458 1667 “.

287 1696 297 1712 ι
318 1686 390 1713 Inter
409 1693 480 1721 quos
500 1685 596 1713 lucetis
611 1685 684 1713 sicut
707 1685 857 1712 luminaria
879 1686 905 1712 in
924 1685 1038 1718 mundo,

250 1732 345 1769 [Vsus
359 1731 404 1768 l6]
420 1731 533 1760 verbum
550 1732 610 1759 vine
624 1732 807 1760 continentes.
831 1743 840 1758 ι
910 1759 912 1762 ,

288 1780 354 1808 Nam
369 1782 415 1815 qui
427 1780 524 1808 dicere
544 1785 672 1815 possunt,
695 1780 836 1814 Signatum
847 1785 885 1806 est
899 1787 976 1814 super
993 1788 1041 1807 nos

250 1827 337 1854 lumen
353 1826 438 1853 vultus
456 1827 505 1860 tui,
521 1825 632 1853 Domine
643 1826 677 1860 ",
699 1826 725 1852 hi
743 1830 858 1860 possunt
880 1833 942 1853 esse
962 1826 1041 1854 lumi-

251 1873 340 1901 naria.
360 1872 471 1899 Verbum
482 1873 553 1906 vita’,
571 1872 746 1907 Evangelium
762 1875 852 1898 vocat.

290 1973 300 1990 ‹
318 1963 360 1990 Ad
388 1963 503 1998 gloriam
528 1970 627 1994 meam,
657 1967 685 1989 et
710 1962 737 1988 in
768 1961 812 1988 die
831 1961 934 1988 Christi
952 1969 959 1988 :
977 1961 1042 1996 quia

251 2009 352 2037 nonin
375 2016 492 2036 vacuum
515 2009 644 2041 cucurri,
672 2015 762 2042 neque
788 2008 815 2034 in
842 2015 943 2034 vanum
967 2007 1044 2034 labo-

251 2057 322 2083 ravi.
344 2065 354 2081 ι

292 2101 388 2135 Magna
418 2100 555 2135 siquidem
582 2099 667 2135 gloria
697 2099 896 2134 magistrorum
919 2104 963 2127 est
981 2107 1044 2134 pro-

252 2154 366 2183 gressus
384 2146 596 2180 discipulorum.
615 2145 766 2179 Quousque
778 2149 869 2173 autem
890 2147 1045 2180 pertingere

1084 913 1231 948 πονηροὺς,
1253 912 1373 948 ἐδήλωσε
1398 913 1442 940 διὰ
1465 913 1512 940 τοῦ
1529 914 1690 949 παραινέσαι
1707 916 1776 951 μετὰ
1795 916 1878 951 φόϐου

1083 957 1133 994 τὴν
1145 958 1249 986 ἑαυτῶν
1267 959 1406 994 σωτηρίαν
1419 959 1598 995 ἐργάξεσθαι.

1121 1013 1132 1030 ‹
1154 1004 1248 1032 Πάντα
1281 1005 1384 1031 ποιεῖτε
1410 1005 1495 1041 χωρὶς
1524 1006 1685 1041 γογγυσμοῦ
1715 1007 1762 1034 καὶ
1787 1007 1878 1035 διαλο-

1084 1049 1202 1085 γισμῶν,
1215 1050 1258 1078 ἴνα
1276 1050 1392 1086 γένησθε
1408 1051 1548 1087 ἄμεμπτοι
1568 1052 1617 1079 καὶ
1637 1052 1773 1089 ἀκέραιοι,
1797 1054 1880 1081 τέκνα

1084 1096 1154 1123 Θεοῦ
1173 1096 1326 1132 ἀμώμητα,
1344 1106 1354 1123 ι

1126 1143 1155 1170 '0
1170 1143 1225 1179 γὰρ
1239 1144 1289 1175 τὰς
1305 1143 1416 1175 ἐντολὰς
1428 1143 1612 1180 ἐργαζόμενος
1625 1144 1695 1179 μετὰ
1706 1144 1879 1180 γογγυσμοῦ,

1086 1189 1124 1221 ὡς
1137 1189 1255 1225 βαρείων
1272 1189 1371 1222 οὐσῶν,
1391 1189 1524 1217 ἀπόλλυσι
1554 1190 1600 1217 τδν
1624 1191 1671 1217 ἐπὶ
1696 1190 1808 1222 ταύταις
1833 1199 1872 1226 μι-

1088 1235 1161 1263 σοόν.
1187 1235 1223 1262 Τὸ
1233 1235 1271 1268 δὲ,
1300 1235 1350 1263 καὶ
1384 1235 1597 1270 διαλογισμῶν,
1623 1235 1703 1262 τοῦτο
1731 1236 1817 1270 δηλοῖ,
1849 1235 1881 1261 τὸ

1087 1281 1256 1313 ἀδιστὰκτως
1278 1282 1326 1308 καὶ
1346 1281 1538 1312 ἁνενδοιάστως
1550 1301 1558 1314 ,
1574 1281 1621 1308 καὶ
1645 1281 1727 1316 μηδὲν
1742 1282 1879 1316 διακρινο-

1089 1328 1197 1364 μένους.
1232 1327 1261 1354 '0
1290 1327 1346 1362 γὰρ
1371 1327 1458 1359 οὕτως
1484 1327 1569 1359 αὐτὰς
1594 1327 1777 1363 ἐργαζόμενος
1790 1327 1878 1359 ἔσται,

1088 1373 1181 1409 φησιν,
1198 1372 1354 1408 ἄμεμπτος.

1124 1459 1174 1487 Διὰ
1191 1459 1241 1496 τὴν
1255 1459 1376 1495 ἀγάπην,
1387 1460 1431 1487 διὰ
1446 1460 1496 1496 τὴν
1510 1460 1671 1497 ἀρέσκειαν.

1128 1515 1138 1532 ι
1159 1506 1204 1533 Ἐν
1220 1506 1295 1541 μέσῳ
1307 1507 1404 1540 γενεᾶς
1420 1506 1531 1538 σκολιᾶς
1548 1507 1595 1534 καὶ
1614 1507 1845 1542 διεστραμμένης.
1868 1517 1880 1534 ι

1126 1551 1241 1578 Γενεὰν
1254 1552 1395 1585 σκολιὰν,
1417 1553 1467 1587 τὴν
1488 1552 1542 1579 τῶν
1565 1552 1698 1579 Ἰουδαίων
1715 1553 1792 1589 φησι,
1813 1554 1884 1580 κατὰ

1090 1596 1120 1622 τὸ
1135 1596 1279 1632 εἰρημένον
1306 1596 1376 1631 πρὸς
1397 1597 1500 1628 αὐτοὺς
1521 1597 1573 1624 ὑπὸ
1587 1598 1633 1624 τοῦ
1649 1598 1753 1634 Κυρίου
1765 1607 1772 1613 ·
1787 1599 1883 1626 Γενεὰ

1091 1641 1200 1668 σκολιὰ
1215 1641 1264 1668 καὶ
1281 1641 1510 1677 διεστραμμένη.

1132 1697 1141 1713 α
1166 1688 1211 1714 Ἐν
1228 1685 1268 1719 οἷς
1286 1688 1424 1722 φαίνεσθε,
1436 1689 1474 1721 ὡς
1491 1690 1633 1725 φωστῆρες
1650 1691 1679 1718 ἐν
1690 1690 1794 1726 κόσμῳ,
1806 1691 1885 1726 λόγον

1092 1733 1165 1768 ζωῆς
1179 1733 1332 1768 ἐπέχοντες.
1355 1743 1364 1759 ι

1127 1780 1159 1806 Οί
1176 1779 1230 1815 γὰρ
1249 1779 1394 1815 δυνὰμενοι
1418 1780 1521 1815 λέγειν,
1542 1782 1723 1817 Ἐσημειώθη
1744 1783 1791 1817 ἐφ
1808 1783 1884 1818 ὑμᾶς

1091 1825 1124 1852 τὸ
1135 1824 1199 1859 φῶς
1220 1825 1274 1852 τοῦ
1289 1825 1452 1860 προσώπου
1465 1834 1538 1858 σου,
1556 1829 1653 1862 Κύριε,
1669 1826 1741 1855 οὗτοι
1758 1829 1885 1856 δύνανται

1091 1873 1235 1907 φωστῆρες
1251 1871 1389 1912 γενέσθαι.
1403 1872 1500 1907 Λόγον
1527 1872 1555 1899 δὲ
1574 1872 1660 1907 ζωῆς,
1673 1873 1719 1900 τδν
1738 1874 1884 1908 εὐαγγελι-

1093 1917 1140 1943 κόν
1154 1926 1246 1952 φησιν.

1129 1964 1176 1995 Εἰς
1185 1964 1317 1999 καύχημα
1333 1964 1404 1999 ἐμοὶ,
1423 1964 1469 1990 καὶ
1496 1964 1536 1995 είς
1558 1965 1664 1999 ἡμέραν
1687 1965 1808 2000 Χριστοῦ
1821 1973 1828 1980 ·
1844 1965 1886 1991 ὅτι

1092 2010 1142 2036 οὐκ
1157 2011 1196 2042 είς
1209 2011 1287 2038 κενὸν
1299 2011 1427 2046 ἔδραμον,
1439 2010 1499 2037 οὐδὲ
1507 2011 1548 2041 είς
1560 2011 1637 2036 κενὸν
1652 2010 1797 2038 ἐκοπίασα.
1820 2020 1829 2037 ι

1506 2071 1524 2084 /

1129 2101 1209 2134 Μέγα
1236 2099 1291 2136 γὰρ
1316 2100 1400 2132 ὅντως
1425 2099 1594 2126 διδασκάλων
1628 2100 1757 2135 καύχημα
1786 2102 1802 2135 ὴ
1830 2101 1886 2128 τῶν

1097 2145 1225 2181 μαθητῶν
1250 2146 1389 2181 προκοπή.
1420 2145 1508 2181 Μέχρι
1535 2147 1606 2177 τίνος
1625 2146 1654 2172 δὲ
1675 2147 1724 2181 τὴν
1745 2147 1886 2182 προκοπὴν

255 2200 430 2228 progressum
447 2196 565 2226 oportet.
582 2192 636 2217 nisi
652 2190 685 2217 ad
701 2191 848 2218 adventum
863 2191 985 2218 Christi?
997 2191 1038 2218 Sic

1096 2191 1196 2226 φθάσαι
1213 2191 1263 2223 δεῖ,
1284 2191 1300 2225 ἢ
1321 2191 1401 2226 μέχρι
1423 2191 1474 2226 τῆς
1495 2191 1644 2226 παρουσίας
1659 2191 1793 2226 Χριστοῦ;
1808 2192 1887 2218 τοῦτο

255 2246 320 2264 vero
347 2237 480 2271 loquitur,
505 2241 535 2262 ut
557 2236 585 2262 in
608 2236 726 2270 ipsomct
751 2244 910 2271 progressu,
934 2237 1002 2263 nihil
1021 2238 1053 2271 ei,

254 2283 431 2311 detrahentes
446 2282 662 2310 moriamur.Sic
675 2282 748 2310 enim
760 2283 896 2318 integrum
907 2288 934 2310 et
949 2291 1046 2311 sanum

254 2338 316 2359 eum
333 2330 534 2358 exhibebimus.

296 2375 378 2402 Vsus.
397 2374 441 2406 17,
459 2374 502 2401 18.
522 2383 531 2400 ι
551 2372 606 2402 Sed
621 2373 672 2401 etsi
689 2373 815 2400 immolor
834 2381 921 2408 supra
942 2373 1048 2401 sacriﬁ-

256 2422 329 2449 cium
347 2426 373 2448 et
394 2421 558 2455 obsequium
572 2419 633 2447 ﬁdei
647 2423 756 2451 vestrm,
772 2419 878 2455 gaudeo
891 2423 919 2447 et
929 2427 1047 2455 congra-

257 2469 331 2496 tulor
340 2467 468 2494 munibus
476 2467 564 2494 vobis.
580 2465 702 2500 ldipsum
715 2469 805 2492 autem
816 2469 845 2492 et
856 2473 904 2493 vos
920 2465 1046 2499 gaudete,

257 2519 284 2543 et
302 2513 531 2549 congratulamiui
550 2512 627 2540 mihi.
643 2521 652 2538 υ

296 2558 411 2586 Mortem
429 2565 519 2590 suam,
536 2556 704 2584 sacriﬁcium
718 2561 746 2584 et
762 2556 923 2584 libationem
938 2565 1048 2591 semper

258 2607 399 2638 nuncupat
415 2613 422 2630 :
439 2602 606 2637 perindeque
623 2602 743 2636 loquitur
760 2602 787 2629 in
801 2601 924 2636 Epistula
941 2602 974 2628 ad
999 2601 1047 2629 Ti-

259 2650 396 2678 motheum
412 2658 417 2675 :
437 2649 490 2683 Ego
501 2649 571 2676 enim
580 2649 639 2683 jam
653 2648 765 2681 delibor,
791 2649 888 2683 inquitI
907 2654 930 2675 οι
946 2654 1045 2683 tempus

259 2695 426 2721 resolutionis
443 2702 506 2721 mea:
528 2694 609 2720 instat
621 2693 656 2720 ⁸⁷.
674 2693 719 2720 Ait
738 2693 831 2728 igitur,
851 2693 917 2720 Ecce
934 2694 1045 2725 morior,

262 2739 381 2773 mihique
406 2744 521 2767 mortem
546 2739 700 2766 decernunt
730 2739 824 2766 hostes
855 2739 979 2767 veritatis
1011 2739 1045 2766 ob

302 2830 325 2844 "'
339 2828 451 2860 buunt,
470 2828 506 2854 ii.
549 2830 570 2844 αθ
590 2828 661 2855 Psal.
681 2837 717 2861 iv,
735 2829 761 2856 Τ,
808 2831 828 2845 ετ
847 2829 867 2856 ll
885 2829 956 2856 Tim.
971 2839 1007 2861 ιν,
1031 2831 1056 2858 (ἰ.

1095 2237 1123 2264 δὲ
1138 2236 1225 2270 λέγει,
1243 2236 1287 2262 ἴνα
1303 2236 1387 2269 αὐτὴν
1410 2236 1517 2271 ἔχοντες
1531 2236 1723 2270 ἀποθάνωμεν,
1741 2237 1822 2271 μηδὲν
1838 2238 1887 2262 αὖε

1096 2281 1147 2316 τῆς
1162 2280 1428 2316 παρασαλεύσαντες.
1448 2280 1526 2307 Οὕτω
1550 2281 1604 2315 γὰρ
1620 2281 1706 2316 αὐτὴν
1728 2282 1800 2308 σώαν
1826 2282 1887 2307 ἑπι-

1097 2327 1250 2362 δειξόμεθα.

1136 2383 1145 2400 ι
1172 2373 1241 2400 Ἀλλ’
1257 2375 1280 2400 εἰ
1306 2374 1353 2400 καὶ
1376 2373 1525 2407 σπένδομαι
1547 2373 1593 2400 ἐπὶ
1612 2373 1645 2407 τῇ
1666 2372 1746 2408 Θυσίςι
1765 2371 1812 2398 καὶ
1830 2371 1885 2398 λει-

1097 2420 1212 2455 τουργίᾳ
1235 2420 1283 2454 τῆς
1308 2420 1426 2451 πίστεως
1454 2419 1543 2455 ὑμῶν,
1569 2419 1657 2454 χαίρω
1676 2418 1724 2444 καὶ
1746 2417 1887 2452 συγχαίρω

1096 2467 1180 2492 πᾶσιν
1194 2466 1269 2500 ὑμῖν.
1285 2465 1321 2492 Τὸ
1340 2465 1368 2491 δὲ
1383 2465 1450 2492 αὐτὸ
1467 2466 1513 2491 καὶ
1527 2466 1605 2500 ὑμεῖς
1622 2465 1742 2500 χαίρετε,
1758 2463 1806 2492 καὶ
1820 2471 1888 2497 συγ--

1096 2511 1205 2547 χαίρετέ
1226 2520 1281 2546 μοι.
1305 2521 1316 2536 ι

1132 2557 1252 2592 Σπονδὴν
1271 2557 1315 2584 ἀεὶ
1329 2556 1374 2583 τὸν
1392 2557 1507 2584 θάνατον
1523 2556 1622 2583 ἑαυτοῦ
1643 2565 1737 2591 φησιν,
1749 2557 1794 2583 καὶ
1811 2556 1840 2582 ὲν
1852 2554 1888 2590 τῇ

1101 2601 1168 2637 πρὸς
1184 2601 1318 2637 Τιμόθεον
1330 2602 1445 2636 ὁμοίως·
1468 2601 1539 2637 Ἐγὼ
1559 2601 1613 2637 γὰρ
1635 2602 1692 2636 ἤδη
1709 2601 1886 2635 σπένδομαι,

1100 2649 1149 2675 καὶ
1165 2650 1181 2676 ό
1196 2648 1298 2683 καιρὸς
1317 2648 1371 2682 τῆς
1387 2648 1563 2681 ἀπἀιιῖύσεώς
1580 2657 1639 2683 μου
1654 2648 1789 2683 πάρεστι.
1806 2647 1888 2678 Λέγει

1099 2686 1156 2725 οὖν,
1173 2693 1212 2719 ὅτι
1229 2693 1281 2720 Καὶ
1302 2694 1496 2728 ἀποθνήσκω,
1508 2695 1554 2720 καὶ
1570 2693 1684 2721 Θάνατόν
1701 2701 1752 2728 μου
1767 2691 1889 2725 καταψη-

1101 2740 1224 2775 φίζονται
1241 2741 1265 2766 οἱ
1290 2741 1336 2775 τῆς
1365 2740 1493 2776 ἀληθείας
1520 2740 1612 2775 ἐχθροὶ
1628 2738 1672 2766 διὰ
1690 2738 1719 2765 τὸ
1744 2737 1887 2773 κήρυγμα.
