2077 3114
211 136 263 166 869

763 135 803 164 IN
823 133 942 163 EPIST.
965 133 1014 162 AD
1029 132 1312 162 PllfLi‘I‘PENSES.

1783 131 1834 162 870

209 195 258 229 οὐχ
276 194 317 221 ὅτι
331 193 481 229 λυποῦμαι.
499 192 566 220 ἀλλὰ
585 191 672 228 χαίρω
692 191 804 227 σφόδρα.
826 191 930 219 Οὐκοῦν
953 191 998 217 καὶ

1056 189 1190 224 Evangelii
1220 190 1452 225 prmdicationem.
1486 188 1580 224 Neque
1620 188 1701 224 199
1732 188 1833 216 idcirco

210 240 288 268 αὐτοὶ
306 239 411 275 χαίρειν
425 238 557 273 ὀφείλετε.

250 337 259 353 ι
282 327 400 359 Ἐλπίζω
419 327 448 354 δὲ
467 328 495 353 ἐν
520 326 614 361 Κυρίῳ
633 326 732 361 Ἰησοῦ,
749 325 881 361 Τιμόθεον
895 325 999 361 ταχέως

214 373 319 408 πέμψαι
348 373 422 408 ὑμῖν,
448 373 491 399 ἴνα
518 371 595 406 κάγὼ
621 371 740 407 εὐψυχῶ,
767 373 847 407 γνοὺς
871 371 905 399 τὰ
934 372 998 407 περὶ

215 419 300 454 ὑμῶν.
320 429 330 445 ι

250 467 365 501 Πὲμπω,
395 464 487 500 φησὶν,
517 464 581 500 ὑμῖν
604 464 747 499 Τιμόθεον,
766 464 808 491 ἵνα
833 463 940 491 ἀκούων
965 464 1000 490 τὸ.

215 512 279 546 περὶ
294 511 379 546 ὑμῶν,
400 510 498 546 χαίρω.
515 510 570 544 Οὐχ
590 510 631 536 ὅτι
645 510 753 544 ἠγνόει·
769 510 849 542 αὐτὸς
866 511 919 545 γὰρ
941 509 999 536 ἔλε-

214 566 262 592 γεν
280 557 448 592 εὐχαριστεῖν
470 555 540 590 ὑπὲρ
560 555 648 582 αὐτῶν
671 555 733 582 καθ’
753 552 885 591 ὲκάστηιΐ
895 556 999 591 διἠσιν.

218 603 250 628 Τί
267 602 312 629 οὖν
326 603 385 628 ἐστι
400 602 430 628 τὸ
448 602 553 636 χαίρειν
570 602 632 636 περὶ
647 601 792 636 Τιμοθέου,
806 601 822 636 ἢ
841 602 882 628 ὅτι
903 602 1000 628 πεποί-

215 648 277 675 οασι
299 648 345 674 καὶ
363 648 504 683 χα¹ρουσιν
522 647 568 673 ἐπὶ
582 648 637 679 τοῖς
651 647 759 682 δεσμοῖς
780 648 835 679 τοῖς
849 647 892 674 διὰ
905 647 935 674 τὸ
950 647 1001 683 κή-

215 702 326 730 ρυγμα;
340 693 419 721 τοῦτο
434 694 488 729 γὰρ
504 694 595 726 αὐτοῖς
608 693 657 721 καὶ
668 694 806 729 παραινεῖ.

253 837 264 854 ι
283 827 386 855 Οὐδένα
407 827 462 862 γὰρ
485 827 540 862 ἔχω
561 827 698 863 ἰσόψυχον,
723 828 797 860 ὅστις
823 828 942 864 γνησίως
967 829 1002 856 τὰ

216 873 280 909 περὶ
299 872 376 908 ὑμῶν
397 860 573 907 μίεριμνῆσει.
590 860 622 899 Οἰ
641 860 742 904 πάντες
767 860 880 908 γὰρ-τᾶ
899 874 1002 901 ἑαυτῶν
1018 860 1039 889 Β

216 918 355 955 ζητοῦσιν,
370 918 400 944 οὐ
425 917 460 944 τὰ.
482 917 570 952 Ἰησοῦ
593 917 723 953 Χριστοῦ.
750 918 807 952 Τὴν
830 919 860 945 δὲ
887 919 1003 955 δοκιμὴν

215 963 297 990 αὐτοῦ
311 962 458 996 γινώσκετε
468 981 475 993 ,
495 962 535 989 ὅτι
547 962 584 993 ὡς
596 963 679 998 πατρὶ
694 963 787 990 τέκνον
800 964 848 990 σὺν
862 964 923 999 ἐμοὶ
934 964 1005 991 ἐδού-

215 1009 310 1035 λευσεν
327 1009 366 1040 εἰς
393 1007 424 1035 τὸ
450 1007 623 1042 Εὖαγγέλιον.
644 1007 743 1035 Τοῦτον
767 1009 816 1045 μὲν
841 1007 887 1037 οὖν
903 1009 1004 1043 ἐλπίζω

216 1054 333 1089 πέμψαι.
361 1063 370 1080 ν

251 1099 336 1126 Τοῦτο
360 1099 487 1135 μέγιστον
508 1100 646 1136 ἐγκώμιον
668 1101 813 1136 Τιμοθέου,
829 1102 860 1128 τὸ
879 1102 1003 1138 ἰσόψυχον

217 1145 285 1173 εῐναι
311 1145 351 1181 τῷ
373 1145 544 1181 διδασκάλῳ·
561 1146 620 1182 ἅμα
639 1146 668 1172 δὲ
691 1147 740 1174 καὶ
758 1148 917 1183 προτροπῆς
933 1148 1002 1181 ἐστι,

216 1191 263 1217 τὸν
277 1190 357 1217 αὑτὸν
369 1191 440 1226 μετὰ
450 1193 537 1228 χαρᾶς
549 1191 760 1227 προσδέξασθαι,
774 1193 812 1225 ὠς
825 1193 907 1220 αὐτὸν
920 1193 1004 1229 ὁρῶν-

216 1243 265 1267 τας
281 1234 325 1261 τὸν
347 1235 375 1261 'A
380 1235 521 1263 πόστολον.

254 1289 264 1306 ι
287 1280 331 1311 Ὠς
345 1280 378 1307 ἂν
391 1280 480 1307 ἀπίδω
492 1280 527 1308 τὰ
541 1281 608 1317 περὶ
625 1281 675 1317 ἐμὲ
685 1282 715 1315 ἐξ
728 1281 824 1317 αὐτῆς.
841 1281 963 1310 Πέποιθα
975 1282 1005 1309 δὲ

217 1326 247 1352 ὲν
259 1325 366 1360 Κυρίῳ.

257 1370 304 1404 Ἐξ
322 1371 407 1406 αὐτῆς
427 1372 486 1406 μὲν,
512 1372 563 1407 τῆς
584 1373 701 1407 κρίσεως
727 1373 810 1408 λέγει,
840 1374 869 1401 '0
891 1374 920 1400 δὲ
943 1374 1005 1406 νοῦς

218 1414 311 1449 οὗτος·
327 1418 435 1451 Σκοπῶ,
451 1419 543 1453 φησὶν,
566 1416 612 1445 οἷά
637 1428 682 1454 μοι
703 1420 737 1446 τὰ
762 1420 825 1455 περὶ
849 1420 898 1456 τὴν
914 1420 1005 1456 κρίσιν

219 1463 373 1498 γενήσεται,
389 1463 437 1490 καὶ
452 1462 538 1495 οὕτως
555 1463 619 1498 ὑμῖν
633 1464 715 1491 αὐτὸν
730 1464 897 1492 ἀποστέλλω.

257 1518 266 1534 ι
285 1508 346 1535 Ὅτι
362 1508 410 1535 καὶ
422 1508 503 1540 αὐτὸς
517 1509 623 1544 ταχέως
633 1509 808 1544 ἐλεύσομαι.»

255 1551 332 1580 Οἶδεν
343 1554 388 1580 διὰ
400 1554 446 1580 τοῦ
460 1554 629 1590 Πνεύματος,
646 1555 687 1582 ὃτι
705 1555 739 1582 τὰ
752 1555 815 1590 περὶ
831 1554 879 1590 τὴν
893 1555 1004 1591 πρώτην

219 1598 301 1626 αὐτοῦ
323 1599 471 1633 ἀπολογίαν
488 1599 565 1626 ἔσται
587 1600 674 1636 ῥᾴδια,
699 1600 746 1626 καὶ
766 1599 942 1634 διελεύσεται,
958 1600 1005 1627 καὶ

220 1646 266 1673 τὸν
280 1646 404 1678 θάνατον,
423 1647 470 1674 καὶ
486 1646 521 1673 τὰ
531 1647 636 1682 δεσμά·
653 1647 699 1674 καὶ
717 1648 759 1673 ὅτι
779 1647 865 1679 οὕτως
886 1647 1004 1682 ἐγένετο,

219 1691 353 1726 ἐδήλωσεν
367 1693 396 1718 ἐν
409 1693 443 1728 τῇ
458 1692 526 1728 πρὸς
536 1692 667 1728 Τιμόθεον
677 1692 772 1726 εἰπὼν,
789 1694 840 1721 Ἐν
853 1693 891 1728 τῇ
905 1693 1005 1728 πρώτῃ

218 1747 278 1772 μου
293 1738 440 1773 ἀπολογίᾳ
457 1739 556 1773 οὐδείς
569 1745 621 1774 μοι
636 1740 781 1775 παρέστη,
793 1740 874 1768 ἀλλὰ
895 1740 1007 1773 πάντες

218 1793 257 1819 με
271 1784 478 1820 ἐγκατέλιπον,
507 1786 539 1813 '0
558 1786 592 1812 δὲ
604 1787 713 1821 Κύριός
728 1795 780 1821 μοι
797 1785 942 1821 παρέστη,
957 1786 1006 1814 καὶ

221 1830 372 1865 ἑρῤὐσθην
385 1831 419 1858 ἐκ
433 1831 581 1866 στόματος
597 1832 727 1865 λέοντος.

260 1884 270 1901 ε
303 1876 464 1910 Ἀναγκαῖον
490 1876 519 1903 δὲ
545 1877 693 1912 ἡγησάμην
728 1877 921 1912 Ἐπαφρόδιτον
959 1878 1004 1904 τὸν

222 1913 344 1955 ἀδελφὸν,
363 1922 409 1947 καὶ
425 1922 565 1957 συνεργὸν,
578 1922 624 1948 καὶ
637 1923 843 1958 συστρατιώτην
856 1932 918 1959 μου,
930 1923 944 1950 ὑ
949 1924 1007 1959 μῶν

223 1969 251 1995 δὲ
267 1970 425 2002 ἀπόστολον,
443 1970 489 1997 καὶ
502 1970 657 2006 λειτουργὸν
669 1971 719 2006 τῆς
737 1971 831 2006 χρείας
850 1980 914 2006 μου,
933 1972 1005 2007 πέμ-

223 2013 272 2048 ψαι
289 2015 357 2050 πρὸς
374 2015 446 2050 ὑμᾶς
457 2034 464 2048 ,
482 2015 576 2048 ἐπειδὴ
598 2015 738 2043 ἐπιποθῶν
759 2014 794 2052 ἦν
819 2017 921 2048 πάντας
936 2017 1008 2052 ὑμᾶς

225 2061 298 2088 ἰδεῖν.
319 2070 327 2088 ι

260 2107 373 2142 Μεγάλη
398 2107 528 2140 σύστασις
558 2109 623 2144 περὶ
646 2108 761 2136 ἑκάστου
787 2107 842 2135 τῶν
868 2107 1006 2144 μαθητῶν,

223 2152 290 2178 ὅπου
314 2161 345 2187 γε
365 2153 558 2189 Ἐπαφρόδιτον
583 2154 632 2188 μὲν
649 2155 799 2189 συνεργὸν
813 2153 862 2180 καὶ
877 2161 1009 2187 συστρα-

224 2199 331 2232 τιώτην
345 2199 430 2234 λέγει,
444 2199 577 2235 Τιμόθεον
587 2200 615 2226 δὲ
629 2200 796 2234 (τμόψυχον.

261 2287 315 2314 Καὶ
326 2287 477 2323 ἀδημονῶν,
495 2287 560 2314 διότι
577 2287 711 2322 ἠκούσατε
732 2288 772 2314 ὅτι
794 2288 937 2324 ἠσθένησε.
955 2289 1010 2315 Καὶ

224 2334 278 2368 γὰρ
295 2333 427 2369 ἠσθένησε
438 2334 628 2369 παραπλήσιον
641 2334 759 2369 οανάτῳ,
771 2334 838 2361 ἀλλὰ
851 2333 916 2366 Θεὸς
928 2335 1010 2362 αὑτὸν

225 2379 340 2414 ἠλέησεν
355 2388 362 2395 ·
377 2380 427 2406 οὐκ
438 2380 519 2407 αὑτὸν
532 2379 560 2406 δὲ
580 2379 671 2414 μόνον,
687 2379 754 2407 ἀλλὰ
767 2381 813 2406 καὶ
825 2380 886 2416 ἐμέ.
910 2391 920 2407 ι

269 2515 298 2543 Ὀ
320 2515 512 2552 Ἐπαφρόδιτος
535 2517 623 2552 Ολὶψιν
643 2517 677 2553 ἢν
695 2507 846 2554 ὑπομείνας
868 2521 897 2546 ἐν
921 2520 1011 2547 Φιλίπ-

229 2571 290 2593 ποις
298 2562 341 2590 διὰ
355 2563 384 2589 τὸ
398 2564 537 2598 κήρυγμα,
552 2565 600 2590 καὶ
614 2565 758 2600 τοσαύτην,
776 2566 814 2597 ὡς
828 2565 874 2592 καὶ
889 2565 942 2593 ἀπὸ
957 2567 1011 2593 τῶν

230 2607 324 2634 παθῶν
345 2604 382 2633 ὧν
399 2609 494 2640 ἔπαθε,
516 2610 626 2644 νοσῆσαι
640 2611 689 2646 τὴν
715 2611 755 2642 εὶς
780 2610 894 2637 Θάνατον
918 2612 1011 2638 νόσον·

229 2653 266 2679 Οὐ
287 2653 366 2688 μόνος
382 2654 409 2679 δὲ
425 2654 503 2685 αὐτὸς
514 2655 652 2690 ὲλιθάσϐη,
666 2656 733 2683 ἀλλὰ
748 2657 795 2683 καὶ
810 2658 823 2683 ὁ
845 2657 1011 2689 mnia-rom;

230 2700 283 2726 Καὶ
296 2699 374 2726 τοῦτο
397 2700 514 2735 ἐδήλωσε
536 2703 649 2736 γράφων
669 2702 912 2730 θεσσα).ονικεῦσι·
927 2704 1013 2730 Αὐτοὶ

229 2745 284 2780 γὰρ
309 2745 419 2779 οἴδατε,
444 2748 536 2782 φησὶν.
562 2748 705 2783 ἀγαπητοὶ
726 2749 780 2783 τὴν
801 2749 921 2777 εἴσοδον
934 2750 1015 2786 ὑμῶν

269 2836 290 2851 ³⁴²
307 2835 325 2862 fl
343 2835 410 2863 Tini.
433 2846 468 2868 ιγ,
484 2838 526 2864 l6.

1050 236 1137 269 doli-0,
1155 237 1201 263 sed
1219 238 1362 263 admodum
1380 238 1493 271 gaudeo.
1507 235 1589 271 Igitur
1602 243 1651 262 vos
1664 243 1772 270 quoque
1785 235 1835 262 de-

1050 283 1120 310 betis
1139 283 1236 310 laetari.

1088 327 1168 354 Vens.
1187 327 1228 354 l9.
1249 335 1258 352 t
1276 327 1362 362 Spero
1376 332 1464 354 autent
1478 328 1504 354 in
1525 327 1639 355 Domino
1653 326 1728 359 Jesu,
1742 326 1836 353 Timo-

1050 372 1142 399 theum
1164 379 1207 399 me
1228 372 1284 399 cito
1305 371 1413 399 mittere
1436 371 1471 398 ad
1498 380 1558 404 vos,
1590 376 1619 399 ut
1647 377 1673 400 et
1693 379 1742 407 ego
1764 372 1836 399 bono

1050 418 1143 445 animo
1159 419 1220 451 sim,
1235 418 1353 454 cognitis
1365 425 1425 452 quia),
1437 418 1510 445 circa
1523 425 1571 445 vos
1588 422 1662 445 sunt.
1683 427 1692 444 ι

1086 463 1164 491 Mitto
1184 464 1217 491 ad
1233 472 1283 491 vos
1297 463 1484 496 Timotheum,
1504 463 1604 498 inquit,
1625 469 1655 491 ut
1674 464 1790 491 audiens
1803 472 1836 491 ex

1050 517 1084 537 eo
1100 517 1161 544 quae
1176 510 1249 537 circa
1266 517 1315 536 vos
1332 513 1483 544 geruntur,
1514 509 1658 544 gaudeam.
1681 509 1741 536 Non
1763 509 1837 543 quod

1051 555 1108 588 ipse
1125 555 1256 587 nesciret,
1280 555 1328 590 qui
1351 555 1378 581 in
1403 554 1529 589 qualibet
1553 554 1679 581 oratiOne
1705 561 1756 582 sua
1784 555 1838 581 Deo

1050 607 1100 635 pro
1118 600 1171 628 illis
1186 600 1290 635 gratias
1304 607 1386 635 agere
1406 608 1436 628 se
1457 600 1576 628 dixerat.
1597 599 1669 632 Quid
1688 607 1754 634 ergo
1771 599 1836 627 illud

1051 651 1102 677 est.
1112 646 1183 681 quod
1201 646 1234 673 de
1246 645 1390 673 Timotheo
1407 646 1534 679 loquens.
1546 652 1575 673 se
1587 646 1744 680 gavisurum
1760 645 1838 677 dicit,

1051 692 1103 720 nisi
1116 692 1182 727 quia
1200 697 1364 727 accepturus
1378 698 1449 725 erat,
1466 692 1501 719 ob
1517 699 1567 720 sua
1583 692 1693 720 vincula
1710 692 1838 720 fiduciam

1050 740 1079 764 et
1096 738 1261 773 voluptatem
1285 744 1333 766 eos
1356 737 1488 766 sumere?
1515 737 1557 764 Ad
1584 738 1636 766 hoc
1661 738 1735 765 enim
1766 737 1839 773 ipsos

1051 784 1189 812 hortatur.

1086 830 1169 858 Vens.
1183 829 1278 858 20-25.
1301 839 1310 856 ι
1327 830 1471 858 Neminem
1485 834 1576 858 autem
1594 829 1682 858 habeo
1696 834 1750 856 tam
1768 836 1837 856 una-

1055 875 1166 909 nimem,
1181 876 1229 912 qui
1246 877 1353 904 sincera
1379 876 1524 904 affectione
1540 884 1589 911 pro
1606 876 1685 904 vobis
1701 876 1839 904 sollicitus

1054 921 1101 949 sit.
1118 920 1218 949 Omnes
1231 922 1304 949 enim
1324 929 1386 956 qua:
1400 929 1447 949 sua
1461 927 1525 949 sunt
1540 926 1680 957 quaerunt,
1704 928 1758 948 non
1778 929 1840 956 quae

1054 967 1118 995 Jesu
1135 967 1249 995 Christi.
1270 967 1493 1002 Experimentum
1509 967 1570 1002 ejus
1586 967 1754 1002 cognoscite,
1777 968 1840 1001 quia

1055 1013 1128 1041 sicut
1147 1013 1216 1048 patri
1245 1013 1332 1046 ﬁlius,
1357 1021 1464 1041 mecum
1490 1013 1604 1041 servivit
1630 1013 1657 1040 in
1681 1012 1840 1048 Evangelia.

1054 1049 1132 1087 Hunc
1144 1059 1228 1095 igitur
1244 1066 1326 1093 spero
1337 1066 1380 1086 me
1395 1059 1517 1086 mittere.
1535 1068 1545 1085 ι

1089 1105 1186 1139 Magna
1202 1105 1263 1132 laus
1288 1103 1436 1136 Timothei,
1461 1103 1535 1138 quod
1563 1102 1702 1130 unanimis
1726 1102 1764 1129 sit
1784 1109 1842 1128 ma-

1054 1149 1142 1185 gistro
1158 1157 1164 1175 :
1182 1148 1231 1177 sed
1250 1149 1364 1184 insuper
1378 1147 1429 1175 hac
1444 1155 1493 1175 eos
1512 1147 1620 1174 ratione
1640 1147 1747 1179 invitat,
1763 1151 1792 1172 ut
1809 1146 1843 1172 il-

1054 1195 1110 1222 lum
1123 1201 1185 1221 cum
1197 1193 1297 1229 gaudio
1306 1193 1460 1228 excipiant,
1472 1199 1505 1220 ae
1520 1193 1543 1219 si
1560 1191 1711 1227 ipsuunnet
1725 1191 1843 1226 Aposloo

1054 1239 1109 1268 lum
1122 1243 1277 1266 cernerent.

1092 1292 1102 1310 ι
1122 1283 1183 1311 Mox
1207 1288 1237 1310 ut
1255 1283 1350 1310 videro
1372 1290 1433 1318 quae
1452 1282 1526 1310 circa
1545 1289 1587 1309 me
1615 1285 1681 1309 sunt
1711 1289 1745 1309 ex
1770 1282 1841 1317 ipsa.

1055 1329 1151 1366 [νεεδ.
1165 1328 1223 1366 24.]
1241 1329 1355 1357 Confido
1371 1334 1462 1356 autem
1484 1329 1511 1356 in
1531 1329 1655 1355 Domino.
1672 1337 1681 1354 ι

1091 1375 1128 1402 Ex
1142 1376 1201 1410 ipsa
1218 1375 1327 1410 quidem
1343 1374 1491 1408 sententia,
1517 1375 1618 1409 inquit.
1638 1374 1728 1408 Atque
1742 1373 1787 1401 hic
1800 1377 1844 1401 es:

1055 1429 1153 1449 sensus
1177 1430 1184 1449 :
1206 1421 1343 1456 Exspecto
1362 1429 1422 1456 quae
1449 1421 1516 1448 mihi
1543 1421 1598 1449 sint
1625 1429 1657 1448 eo
1686 1422 1714 1448 in
1736 1420 1844 1456 judicio

1055 1473 1198 1498 eventura,
1214 1472 1327 1501 tumque
1345 1467 1420 1494 illiilli
1439 1466 1473 1493 ad
1485 1474 1534 1494 vos
1549 1467 1666 1494 mittam.

1094 1521 1103 1538 (
1125 1512 1259 1548 Quoniam
1276 1517 1302 1540 et
1321 1513 1378 1547 ipse
1393 1511 1500 1539 veniam
1517 1512 1584 1539 cito.
1602 1522 1612 1538 ι

1093 1557 1144 1586 Per
1156 1558 1289 1593 Spiritum
1305 1562 1419 1585 noverat
1432 1561 1532 1584 cuncta
1548 1557 1600 1585 sibi
1625 1557 1685 1585 fore
1712 1557 1805 1593 pervia
1818 1561 1846 1584 et

1059 1602 1149 1631 facilia
1165 1602 1191 1630 in
1204 1602 1299 1637 priore
1312 1602 1358 1629 illa
1370 1601 1532 1630 defensione
1547 1609 1609 1635 sua,
1629 1610 1713 1637 seque
1726 1610 1740 1629 a
1757 1607 1845 1630 morte

1058 1653 1086 1677 et
1098 1648 1212 1676 vinculis
1230 1649 1416 1676 liberandum.-
1429 1649 1518 1684 Atque
1545 1656 1602 1676 rem
1628 1648 1666 1675 ita
1683 1649 1843 1685 contigisse,

1059 1695 1117 1730 ipse
1133 1695 1282 1722 declaravit
1295 1694 1323 1722 in
1341 1694 1465 1730 Epistola
1479 1694 1513 1721 ad
1526 1694 1701 1722 Timotheum
1720 1695 1763 1723 his
1780 1703 1845 1723 ver-

1059 1741 1102 1768 bis
1118 1749 1125 1767 :
1142 1739 1175 1766 In
1189 1740 1274 1774 prima
1290 1747 1348 1766 mea
1363 1739 1512 1774 defensione
1528 1748 1603 1766 nemo
1616 1740 1680 1766 mihi
1690 1734 1788 1774 adfuit,
1800 1741 1845 1767 sed

1059 1794 1146 1813 omne:
1162 1793 1202 1812 me
1218 1785 1422 1820 dereliquerunt.
1437 1785 1564 1812 Dominus
1576 1790 1663 1812 autem
1675 1786 1844 1818 mihienim,

1059 1837 1083 1860 et
1098 1831 1223 1859 liberatus
1235 1839 1293 1859 sum
1303 1833 1333 1858 de
1347 1839 1391 1858 ore
1407 1831 1488 1858 leonis
1499 1831 1532 1858 °'.

1095 1877 1176 1905 Vens.
1192 1877 1237 1910 25,
1255 1877 1300 1904 26.
1321 1887 1330 1903 ι
1350 1877 1544 1905 Necessarium
1573 1881 1664 1904 autem
1688 1877 1845 1905 existimavi

1060 1923 1279 1958 Epaphroditum
1298 1924 1423 1955 fratrem,
1441 1928 1468 1950 et
1489 1928 1707 1957 cooperator-cm,
1724 1927 1751 1951 et
1771 1931 1847 1950 com-

1060 1969 1213 1996 militonem
1241 1976 1350 2002 meum;
1378 1973 1500 1995 vestrum
1524 1973 1616 1996 autem
1633 1969 1800 2004 apostolum,
1819 1973 1846 1996 et

1061 2014 1217 2042 ministrum
1247 2014 1423 2041 necessitatis
1451 2021 1535 2047 meae,
1566 2014 1675 2041 mittere
1706 2014 1740 2040 ad
1769 2022 1845 2041 vos:

1060 2061 1189 2095 quoniam
1205 2059 1315 2094 quidem
1333 2067 1429 2086 omnes
1450 2067 1497 2087 vos
1520 2060 1693 2087 desiderabat
1708 2059 1811 2087 videre.
1833 2069 1843 2086 ι

1096 2103 1192 2139 Magna
1222 2104 1280 2131 haec
1318 2104 1520 2132 commendatio
1552 2108 1596 2132 est
1626 2104 1847 2140 uniuscujusque

1061 2149 1271 2184 discipulorum,
1286 2151 1349 2177 dum
1365 2149 1582 2185 Epaphroditum
1596 2149 1705 2183 quidem
1718 2158 1847 2185 coopera-

1024 2203 1046 2230 ι)
1064 2201 1146 2221 torem
1161 2200 1184 2222 et
1200 2195 1401 2222 commilitonem
1415 2200 1504 2230 vocat,
1518 2194 1690 2222 Timotheum
1705 2203 1771 2223 vero
1779 2195 1847 2222 uim-

1058 2250 1165 2270 mmem.

1098 2298 1107 2313 ι
1123 2287 1156 2315 Et
1172 2293 1286 2316 mmstus
1300 2291 1370 2319 erat,
1391 2292 1534 2322 propterea
1556 2286 1629 2321 quod
1650 2286 1800 2315 audieratis
1817 2287 1846 2314 ii-

1060 2334 1115 2361 lum
1133 2334 1312 2361 infirmatam.
1341 2333 1436 2370 [Vens
1459 2333 1520 2369 27.]
1549 2332 1618 2361 Nam
1645 2337 1672 2360 et
1693 2333 1848 2360 infirmatus

1063 2383 1105 2406 cst
1134 2386 1221 2414 usque
1250 2379 1282 2405 ad
1313 2383 1448 2411 mortem;
1479 2379 1526 2406 sed
1553 2378 1626 2406 Deus
1648 2380 1780 2406 misertus
1808 2383 1848 2405 est

1061 2427 1120 2462 ejus
1144 2436 1150 2454 ε
1177 2435 1232 2454 non
1261 2427 1350 2454 solum
1379 2433 1469 2454 autent
1490 2426 1572 2462 ejus,
1597 2434 1692 2454 verum
1715 2427 1796 2453 etiam
1822 2430 1850 2452 et

1060 2474 1123 2502 mei.
1140 2483 1149 2499 ›

1097 2517 1299 2554 Epaphroditus
1312 2518 1378 2545 dure
1392 2517 1523 2552 Philippis
1541 2517 1652 2546 habitus
1661 2522 1719 2545 erat
1731 2523 1842 2553 propter

1061 2564 1248 2599 Evangelium,
1277 2567 1437 2598 tantumque
1454 2564 1541 2590 fuerat
1559 2567 1684 2595 vexatus,
1702 2569 1731 2590 ut
1754 2571 1787 2590 ex
1804 2563 1851 2589 ιΙο-

1061 2611 1166 2638 toribus
1182 2616 1250 2643 quos
1265 2608 1422 2644 pertulerat,
1435 2608 1468 2635 ad
1484 2615 1597 2635 mortem
1614 2616 1701 2643 uSque
1716 2612 1848 2643 aegrotas-

1065 2661 1115 2683 set.
1136 2654 1229 2689 Neque
1244 2660 1308 2680 vero
1322 2652 1366 2680 ille
1383 2654 1459 2681 solus
1482 2654 1617 2687 lapidibus
1634 2654 1733 2689 petitus
1749 2654 1849 2687 fuerat,

1067 2702 1113 2730 sed
1128 2701 1210 2728 etiam
1226 2699 1384 2734 Apostolus.
1401 2699 1427 2727 Id
1443 2700 1514 2733 quod
1529 2700 1693 2735 significavit
1709 2699 1742 2727 ad
1758 2699 1846 2727 Thcs-

1066 2749 1252 2777 salouiceuscs
1269 2746 1306 2773 ita
1323 2747 1446 2775 scribens
1462 2757 1468 2774 :
1488 2747 1554 2774 Nam
1566 2747 1616 2782 ipsi
1632 2747 1718 2779 scitis,
1737 2746 1846 2781 fratres.
