2077 3114
203 163 255 197 839
731 156 771 185 ΙΝ
791 154 910 185 EPlST.
931 153 982 183 AD
997 150 1265 182 COLOSSENSES.
1776 139 1828 171 890

186 223 306 263 _xﬁoat,
329 217 378 246 καὶ
390 218 424 245 δι’
445 215 528 244 αὑτοῦ
548 213 772 246 ἀποκαταλλάξαι
792 212 826 239 τὰ
846 212 934 239 πάντα
950 211 1007 242 εἰς,

1059 207 1239 236 lenitudinem
1268 204 1434 236 inhabitare,
1450 206 1478 231 et
1491 209 1540 238 per
1566 207 1628 228 cum
1649 197 1829 226 reconciliare

1066 254 1128 263 "'1‘
1145 253 1171 263 ’-
1189 253 1278 263 ’*--‘—
1318 249 1466 263 ---”h-m-
1492 254 1541 263 Mn
1560 245 1720 263 annm-uinum
1737 242 1829 263 prunis

204 242 526 302 αῦτδν,γείρηνοποιήσαξ
541 261 586 288 διὰ
601 259 650 287 τοῦ
673 242 789 294 αῐμιίτος
803 257 851 285 τοῦ
873 254 990 291 σταυροῦ

1057 254 1131 281 ηηιιιιο
1145 253 1174 281 in
1189 253 1290 287 ipsum,
1318 249 1467 285 paciﬁcans
1492 254 1541 284 per
1560 245 1720 280 sanguinem
1737 242 1829 270 crucis

205 290 295 341 aurai,
317 290 473 342 ademi,-
485 290 540 335 εἴτε
562 307 596 335 τὰ
617 306 664 334 ἐπὶ
679 290 729 341 cii;
758 305 821 341 γῆς,
841 303 897 331 εἴτε
912 290 949 330 τα
963 303 992 329 ἐν

1057 299 1113 334 jus,
1137 305 1184 333 per
1209 297 1309 332 ipsum,
1338 295 1396 323 sive
1422 301 1483 329 qua
1502 294 1531 320 in
1559 292 1652 324 terris,
1682 290 1740 318 sive
1768 294 1831 323 quae

205 360 262 391 τοῖς
276 357 411 393 οὐρανοῖς.
432 365 442 382 ι

243 405 305 431 Ὅτι
323 405 352 430 ἐν
368 401 441 437 αὑτῷ
463 400 614 437 ηὐδόκησεν
636 395 933 433 ἀνακεφαλαιώσασθαι
958 393 994 422 τὰ

208 451 297 479 πάντα
313 449 347 476 τὰ
359 449 388 476 ἐν
404 448 460 479 τοῖς
475 447 610 482 οὐρανοῖς,
624 444 714 473 καὶτὰ
725 444 772 470 ἐπὶ
785 444 835 479 τῆς
847 442 909 478 γῆς.
923 441 995 468 οὕτω

209 495 258 523 καὶ
274 493 389 521 ἐνταῦθα
400 492 481 520 πάλιν
489 491 565 526 λέγει
588 490 622 517 δι’
645 490 746 525 ἐτέρων
760 487 871 520 λέξεων.
896 485 925 513 Ὀ
941 485 995 520 γὰρ

210 541 325 572 θάνατος
338 538 386 566 τοῦ
405 537 525 574 Χριστοῦ
536 556 543 569 ,
562 536 610 564 καὶ
624 535 669 562 τὸν
688 534 831 570 ἄνθρωπον
845 532 995 562 ἀνέσωσεν,

210 586 258 613 καὶ
266 583 484 619 ἀνεστοιχείωσε,
494 582 541 609 καὶ
552 581 615 613 τοὺς
625 580 757 615 ἀγγέλους
771 580 811 611 είς
822 578 872 614 τὴν
880 576 997 613 ἀρχαίαν

211 632 299 667 ήγαγε
311 629 399 666 χαρὰν
414 628 574 664 σωζομένων
592 625 758 662 ἀνθρώπων,
775 625 823 652 καὶ
838 623 942 658 συνῆψε
963 621 999 648 τὰ

213 677 289 704 κάτω
304 677 362 707 τοῖς
376 675 432 702 ἄνω
441 682 448 690 ⁸
461 674 510 701 καὶ
526 672 604 700 τοῦτό
618 673 677 698 ἐστι
690 671 720 698 τὸ
730 691 737 704 ,
751 667 1000 700 ἀποκαταλλάξαι

212 722 248 749 τὰ
272 721 381 749 πάντα,
406 719 534 754 Ἐποίησε
556 721 611 754 γὰρ
631 717 752 753 εἰρήνην,
769 716 817 743 καὶ
833 715 883 750 τὴν
900 714 1000 749 ἔχθραν

213 765 281 803 ἦρεν
294 767 326 793 ἐκ
338 765 385 793 τοῦ
407 766 502 801 μέσου.
518 764 564 791 Διὺ
575 764 623 791 καὶ
634 763 726 797 ἐλεγον
741 762 765 789 οἱ
780 760 891 795 ἄγγελοι
900 781 907 793 ,
924 758 1001 791 Δόξα

215 814 250 841 ἐν
262 813 402 847 ὑψίστοις
415 810 488 843 Θεῷ,
505 810 553 837 καὶ
567 808 616 837 ἐπὶ
625 806 683 844 γῆς
694 807 808 842 ειρήνη.

255 868 264 884 ι
288 858 344 885 Καὶ
365 857 437 892 ὑμᾶς
461 856 527 882 ποτὲ
555 855 636 886 ὄντας
658 851 933 889 ἀπηλλοτριωμένους
955 848 1003 876 καὶ

216 903 332 939 ἐχθροὺς
348 903 381 938 τῇ
403 901 509 936 διανοίᾳ
519 921 527 934 ,
543 901 573 926 ἐν
589 900 647 931 τοῖς
665 898 756 934 ἔργοις
779 898 835 928 τοῖς
861 895 1001 931 πονηροῖς,

216 950 275 977 νυνὶ
291 949 320 976 δέ
345 947 568 983 ἀποκατήλλαξεν
585 946 614 972 ἐν
634 945 673 981 τῷ
698 944 803 979 σώματι
828 943 877 974 τῆς
901 941 1002 976 σαρκὸς

217 995 300 1022 αὑτοῦ
314 994 359 1020 διὰ
379 993 425 1020 τοῦ
450 992 583 1027 θανάτου,
609 989 788 1026 παραστῆσαι
815 988 888 1023 ὑμᾶς
908 987 1003 1020 ἁγίους

217 1040 265 1068 καὶ
281 1039 426 1074 ἀμώμους,
441 1039 489 1065 καὶ
505 1035 687 1072 ἀνεγκλήτουξ
702 1033 870 1063 κατενώπιον
883 1031 976 1060 αὐτοῦ.
992 1041 1001 1058 ι

264 1084 373 1120 Ἐχθροὶ
403 1081 474 1119 ἦσαν
498 1084 532 1119 τῇ
555 1082 661 1118 διανοίᾳ
684 1082 710 1108 οί
730 1079 930 1116 κεχωρισμένοι
956 1077 1005 1104 τοῦ

225 1131 334 1166 Ἰσραὴλ
349 1130 392 1157 διὰ
416 1130 446 1156 τὸ
466 1130 495 1157 ἐν
517 1129 610 1165 ἔργοις
630 1126 701 1154 εἶναι
719 1127 860 1162 πονηροῖς.
884 1123 940 1159 Τὴν
957 1123 1005 1158 μὲν

219 1177 450 1213 προϋπάρχουσαν
465 1175 574 1211 ἔχθραν,
587 1174 632 1201 διὰ
654 1174 704 1209 τὴν
718 1172 819 1200 κακίαν
831 1171 879 1198 καὶ
889 1169 1006 1205 ἀνομίαν

219 1225 261 1255 είς
280 1223 371 1258 φιλίαν
386 1221 545 1258 ἐληλυθέναι
569 1220 647 1256 φησὶ,
663 1219 707 1246 διὰ
726 1219 757 1245 τὺ
775 1216 947 1253 νεκρωθῆναι
961 1215 1007 1242 τὸν

219 1268 272 1303 τῆς
284 1267 385 1303 σαρκὸς
403 1266 471 1302 βίον,
492 1265 538 1293 τὸν
559 1266 588 1292 ἐν
603 1265 670 1300 ἡμῖν
688 1263 737 1299 μέν
755 1261 962 1299 ἐρῤυπωμένον,
978 1260 1008 1286 ἐν

220 1312 333 1350 Χριστῷ
344 1313 373 1340 δέ
387 1312 508 1348 καθαρὸν
520 1333 527 1346 ,
551 1310 664 1338 δοθέντα
678 1309 708 1336 δέ
723 1309 798 1344 ὅμως
813 1307 854 1338 εις
874 1306 1009 1341 νέκρωσιν

222 1359 293 1395 ὑπὲρ
311 1358 361 1386 τοῦ
378 1358 427 1394 τὴν
442 1359 472 1385 ἐν
484 1356 523 1392 τῷ
535 1356 586 1392 βίῳ
607 1354 694 1390 τούτῳ
705 1354 770 1389 παρ⁹
792 1353 859 1389 ήμϊν
872 1359 1010 1387 κεκρατη-

222 1406 301 1433 κυϊαν
315 1403 454 1440 ἁμαρτίαν
468 1404 500 1430 ἐκ
520 1402 629 1438 βάθρων
643 1398 833 1436 ἀναιρεθῆναι,
850 1397 921 1425 ὥστε
936 1396 1010 1432 ἡμᾶς

221 1451 284 1478 καθ’
302 1450 399 1486 ἑτέραν
416 1449 490 1484 ζωὴν
502 1448 553 1484 τήν
569 1448 602 1474 ἐκ
619 1445 725 1481 νεκρῶν
740 1444 915 1480 παραστῆναι
929 1442 990 1477 Θεῷ
1000 1461 1009 1476 ,

223 1494 322 1529 μηκέτι
336 1493 445 1528 ἐνόχους
456 1493 513 1524 τοῖς
526 1491 685 1526 ἐγ-κλήμασι
699 1490 750 1525 τῆς
761 1488 901 1524 προτέρας
915 1486 989 1521 ζωῆς
1002 1505 1010 1517 .

222 1539 280 1566 ὅσοι
293 1538 393 1575 δηλαδὴ
406 1535 644 1573 συμμορφούμεθα
655 1535 696 1571 τῷ
707 1534 816 1569 θανάτῳ
828 1533 876 1560 καὶ
892 1533 925 1568 τῇ
945 1532 1012 1559 ἀνα-

224 1585 318 1612 στάσει
332 1584 380 1612 τοῦ
391 1582 524 1620 Χριστοῦ.

263 1684 274 1701 ι
293 1673 328 1702 Εἰ
342 1682 374 1709 γε
389 1672 534 1709 ἐπιμένετε
551 1672 585 1707 τῇ
604 1670 695 1698 πίστει
717 1667 948 1704 τεθεμελιωμένοι
967 1667 1015 1694 καὶ

226 1720 348 1756 ἑδραῖοι,
371 1719 420 1746 καὶ
446 1718 484 1754 μή
508 1716 734 1753 μετακινούμενοι
747 1714 812 1749 ,ἀπὺ
824 1714 886 1749 ίτῆς
906 1713 1016 1745 ἐλπίδος

226 1766 274 1794 τοῦ
291 1764 461 1800 Εὐαγγιλίου
476 1783 483 1796 ,
499 1760 531 1791 οὗ
546 1761 694 1798 ἠκούσατε,
711 1760 758 1788 τοῦ
783 1759 970 1796 κηρυχθέντος
987 1759 1016 1785 ἐν

227 1812 302 1848 πάσῃ
316 1812 349 1847 τῇ
364 1811 452 1837 κτίσει
466 1810 500 1845 τῇ
516 1808 570 1836 ὑπὸ
581 1808 627 1835 τὸν
637 1806 763 1844 οὐρανὸν,
771 1803 803 1834 οὗ
815 1805 950 1848 ἐγενόμην
960 1803 1016 1839 ἐγὼ

227 1845 477 1888 Παῦλοςδιάκονος.
495 1863 506 1881 ›
835 1845 838 1848 ’

268 1901 379 1937 Ἐπειδὴ
401 1902 471 1936 ἀκοῇ
488 1900 522 1928 τὰ
540 1899 602 1928 κατ’
618 1899 719 1931 αὐτοὺς
737 1895 810 1926 οἶδεν
823 1917 831 1930 ,
854 1895 1017 1932 ἀμφιϐόλως

228 1949 349 1984 εἴρηκεν,
371 1947 407 1974 El
420 1955 453 1981 re
468 1945 632 1981 ἐπιμένετε.
652 1944 780 1980 Δηλονότι
797 1943 847 1979 τῆς
864 1942 984 1974 πίστεως
999 1942 1016 1977 ἡ

228 1993 346 2030 ἐπιμονὴ
362 1993 467 2029 βεϐαιοῖ
479 1992 529 2028 τὴν
544 1991 613 2028 πρὸς
627 1991 695 2018 Θεὸν
708 1989 857 2018 οῑκείωσιν.

268 2091 277 2108 ι
295 2081 352 2109 Νῦν
364 2080 453 2117 χαίρω
463 2080 492 2107 έν
502 2081 559 2112 τοῖς
571 2079 733 2115 παθήμασιν
745 2079 816 2115 ὑπὲρ
832 2078 919 2114 ὑμῶν.
933 2087 945 2104 ι

272 2166 436 2202 Ἐναγὼνιον
450 2166 481 2193 τὺ
494 2166 575 2202 ἔργον
588 2165 637 2193 τοῦ
658 2166 835 2193 Ἀποστόλου.
854 2165 910 2193 Καὶ
924 2165 1019 2200 ἐπειδὴ

1043 345 1071 373 in
1093 343 1170 372 caelis
1184 346 1259 370 sunt.
1281 350 1291 367 ι

1078 390 1108 418 in
1123 390 1177 418 hoc
1190 394 1301 424 quoque
1324 386 1387 414 loco
1400 384 1493 413 verbis
1514 383 1577 411 aliis
1589 381 1729 413 enuntiat,
1748 378 1832 414 ωε

1045 437 1101 464 Deo
1118 434 1314 471 complacitum
1329 432 1428 465 fuisse,
1448 434 1479 458 ut
1492 430 1520 457 in
1537 429 1649 456 Christo
1663 428 1830 454 instauraret

1046 484 1175 511 universa
1203 481 1264 515 quae
1289 480 1317 506 in
1346 478 1436 510 cmiis,
1463 480 1492 504 et
1523 482 1586 510 qua;
1613 474 1640 500 in
1661 472 1745 499 terris
1757 475 1830 498 sunt.

1046 528 1113 556 Nam
1130 526 1235 555 Christi
1251 533 1337 558 mors,
1357 531 1420 551 cum
1434 521 1574 550 hominem
1588 520 1694 547 salvum
1711 517 1776 544 fecit
1791 523 1834 543 re-

1047 572 1279 608 dintegravitque.
1295 575 1354 598 tum
1371 568 1477 603 angelis
1492 565 1620 602 gaudium
1640 562 1758 591 reddidit
1776 561 1836 596 pri-

1049 607 1152 649 stinum
1182 621 1296 653 propter
1324 615 1442 644 salutem
1471 612 1627 642 hominum,
1651 614 1679 637 et
1702 607 1836 636 inferiora

1050 651 1243 700 superioribus
1274 659 1432 696 copulavit:
1460 661 1544 692 atque
1571 656 1624 682 hoc
1653 657 1707 685 est,
1725 651 1838 680 reconci-

1052 711 1120 738 liare
1144 707 1245 736 omnia.
1274 706 1381 733 Etenim
1401 710 1497 740 pacem
1515 701 1592 733 fecit,
1620 697 1839 731 inimicitiasque

1052 754 1167 792 sustulit
1197 761 1213 781 e
1238 751 1340 779 medio.
1366 749 1541 784 Quapropter
1569 745 1658 780 angeli
1687 742 1837 770 dicebant:

1054 789 1147 827 Gloria
1165 798 1194 825 in
1207 795 1318 825 excelsis
1334 794 1399 828 Deo,
1413 797 1438 820 et
1452 793 1481 819 in
1496 796 1566 818 terra
1579 796 1633 825 pas:
1649 789 1684 816 "°.

1092 847 1176 874 Vens.
1189 844 1237 877 2|,
1266 842 1313 870 Ἡ.
1333 851 1342 867 ι
1360 840 1394 868 Et
1416 846 1466 867 vos
1491 845 1554 866 cum
1575 834 1674 864 essetis
1692 831 1840 868 aliquando

1018 878 1041 906 Β
1056 888 1179 921 alienati,
1194 892 1223 914 et
1240 884 1345 913 inimici
1367 889 1451 911 sensu
1467 881 1496 908 in
1512 879 1642 915 operibus
1658 877 1750 908 malis,
1766 880 1842 902 nunc

1057 939 1148 964 autem
1175 930 1364 961 reconciliavit
1392 929 1420 956 in
1447 932 1565 962 corpore
1588 923 1680 952 carnis
1706 921 1767 956 eius
1793 926 1842 955 per

1057 985 1184 1012 mortem,
1206 978 1338 1007 exhibere
1351 983 1401 1003 vos
1412 977 1535 1006 sanctos,
1551 974 1579 999 et
1596 967 1798 998 inmaculatos,
1815 967 1843 992 et

1057 1022 1318 1060 irreprehensibiles
1333 1026 1428 1047 coram
1448 1017 1519 1053 ipso.
1536 1024 1545 1041 ι

1094 1053 1179 1097 sému
1209 1070 1290 1096 erant
1315 1064 1443 1095 inimici,
1482 1061 1530 1097 qui
1562 1057 1779 1095 segregabantur
1809 1053 1844 1082 ab

1058 1115 1154 1147 Israel,
1173 1121 1234 1142 cum
1257 1117 1370 1148 operam
1396 1108 1477 1136 malis
1504 1105 1635 1141 operibus
1659 1103 1767 1131 darent.
1782 1100 1844 1127 Pri-

1060 1164 1148 1192 stinas
1161 1161 1272 1197 quidem
1300 1156 1472 1188 inimicitias,
1499 1161 1569 1190 quas
1584 1151 1688 1180 malitia
1703 1153 1729 1177 et
1741 1147 1846 1182 iniqui-

1060 1214 1103 1237 tas
1119 1192 1294 1245 pepererant,
1315 1206 1345 1232 in
1372 1201 1523 1230 amicitiam
1546 1205 1611 1228 esse
1626 1199 1748 1224 mutatas
1764 1192 1845 1225 dicit,

1061 1256 1116 1283 vita
1132 1253 1225 1282 carnis
1247 1251 1397 1281 exstincta,
1423 1254 1485 1283 quae
1498 1245 1621 1281 quidem,
1632 1250 1695 1270 cum
1711 1241 1739 1268 in
1766 1239 1847 1268 nobis

1062 1300 1231 1332 sorduisset,
1259 1298 1288 1325 in
1306 1296 1417 1324 Christo
1439 1291 1542 1321 munda
1563 1290 1634 1317 facta
1657 1291 1700 1316 est
1719 1295 1726 1313 :
1745 1285 1847 1321 quippe

1062 1352 1124 1381 qua
1146 1344 1209 1372 data
1236 1341 1290 1370 fuit
1309 1340 1344 1368 ad
1362 1336 1616 1368 mortiﬁcationem,
1637 1337 1668 1360 ut
1692 1334 1850 1368 peccatum,

1063 1377 1136 1426 quod
1151 1390 1180 1417 in
1194 1388 1248 1415 hac
1264 1386 1321 1414 vita
1337 1384 1510 1413 dominatum
1534 1381 1563 1408 in
1578 1379 1659 1407 nobis
1682 1377 1780 1408 fuerat,
1802 1381 1849 1401 ra-

1064 1420 1166 1464 dicitus
1179 1433 1335 1464 tolleretur,
1350 1437 1404 1465 quo
1420 1435 1472 1456 nos
1487 1429 1520 1455 ex
1543 1424 1663 1454 mortuis
1680 1423 1764 1450 vitam
1781 1420 1851 1447 alte-

1065 1488 1124 1508 ram
1142 1482 1257 1513 agentes
1283 1477 1552 1511 representaremur
1577 1469 1644 1502 Deo,
1661 1474 1713 1495 nec
1727 1471 1851 1493 essemus

1038 1551 1047 1561 ,
1066 1511 1198 1559 deinceps
1219 1520 1371 1550 anterioris
1388 1519 1453 1546 vita;
1475 1515 1623 1544 criminum
1645 1511 1853 1546 rei;quotquot

1038 1551 1047 1561 ι
1068 1551 1194 1559 ντί-κρυ

1026 1551 1048 1580 (⁸
1065 1570 1197 1599 nimirum
1214 1566 1382 1596 conformati
1398 1570 1497 1593 sumus
1517 1561 1552 1589 ad
1568 1562 1687 1588 mortem
1712 1560 1740 1584 et
1756 1561 1853 1583 resur-

1065 1617 1217 1644 rectionem
1230 1612 1345 1641 Christi.

1100 1660 1187 1689 Vsns.
1199 1660 1246 1687 25.
1261 1667 1271 1685 ι
1290 1657 1318 1685 Si
1332 1661 1424 1685 tamen
1440 1651 1610 1690 permanetis
1624 1650 1653 1677 in
1669 1649 1721 1676 [ide
1736 1645 1853 1678 fundali,

1065 1710 1094 1736 et
1113 1706 1236 1738 stabiles,
1261 1708 1290 1733 et
1320 1701 1507 1731 immobilesa
1535 1705 1584 1733 spe
1611 1693 1764 1730 Evangelii,
1779 1691 1854 1728 quod

1067 1752 1196 1784 audistis,
1225 1749 1299 1786 quod
1322 1747 1503 1784 praedicatum
1522 1747 1566 1772 est
1582 1743 1609 1770 in
1632 1742 1761 1769 universa
1776 1744 1854 1766 crea-

1067 1801 1140 1830 tura,
1172 1785 1242 1831 (μιαί
1259 1793 1312 1821 sub
1339 1792 1411 1820 cmlo
1436 1793 1497 1822 est;
1526 1786 1606 1822 cujus
1621 1785 1710 1812 factus
1731 1789 1791 1811 sum
1806 1788 1857 1816 ego

1067 1843 1206 1872 minister.
1222 1846 1236 1866 γ

1104 1887 1242 1922 Quoniam
1259 1884 1357 1913 auditu
1373 1883 1511 1910 duntaxat
1539 1880 1683 1913 acceperat
1701 1882 1763 1911 qua;
1783 1873 1856 1909 apud

1068 1921 1126 1964 eos,
1143 1935 1323 1969 gererentur,
1347 1928 1428 1963 quasi
1451 1927 1576 1954 incertus
1604 1922 1686 1954 dixit,
1716 1921 1740 1948 si
1770 1923 1858 1946 tamn

1067 1966 1239 2016 permanetis.
1262 1975 1396 2004 Nimirum
1423 1971 1486 2000 fidei
1514 1968 1669 1997 constantia
1687 1966 1793 1993 ﬁrmius
1807 1971 1860 1992 nos

1070 2027 1129 2056 Deo
1142 2023 1284 2053 conciliat.

1107 2071 1190 2099 γειτο-
1220 2068 1267 2096 24.
1287 2066 1393 2094 «Nunc
1418 2063 1526 2100 gaudeo
1556 2061 1584 2089 in
1613 2057 1790 2096 passionihus
1810 2062 1861 2090 pro

1072 2119 1161 2147 vobis.
1182 2126 1192 2142 )

1109 2162 1235 2198 Apostoli
1252 2167 1354 2188 munus
1367 2157 1401 2185 ad
1415 2154 1568 2184 certamina
1585 2153 1773 2186 comparatum
1789 2150 1861 2175 erat.

230 2214 295 2248 περὶ
312 2193 349 2239 τὺ.
363 2213 443 2247 ἔργον
462 2193 521 2239 ἐστὶ
533 2193 682 2247 ’πρόθυμος
695 2230 702 2243 ,
719 2211 810 2247 χαίρει
835 2211 883 2237 καὶ
909 2211 939 2237 ἐν
962 2211 1007 2238 τοῖη

1057 2227 1058 2231 η
1073 2208 1208 2244 Quocirca
1224 2214 1288 2234 cum
1306 2204 1394 2232 alacri
1411 2202 1505 2230 animo
1522 2198 1664 2227 incumbat
1683 2196 1779 2231 operi;
1801 2193 1864 2221 ideo

1513 2245 1529 2248 .-
1666 2242 1687 2248 .-
1723 2241 1729 2248 .
1763 2240 1783 2248 ,ν
1820 2238 1848 2248 ι-

230 2259 422 2332 ἀῖωνίσμασιν
448 2256 490 2290 οἷς
517 2257 684 2293 ἀγωνίζεται
711 2257 783 2293 ὑπὲρ
811 2257 863 2292 τῆς
902 2256 1020 2292 Ἐκκλη-

233 2314 250 2332 σ
262 2313 305 2332 ας.
325 2314 335 2331 ι

233 2313 305 2337 σιας.
325 2314 335 2331 ι

269 2330 293 2378 ι’
307 2351 363 2378 Καὶ
382 2349 582 2386 ἀνταναπληρῶ
596 2349 631 2376 τὰ
641 2348 820 2384 ὑστερήματα
837 2347 891 2374 τῶν
903 2330 1021 2383 θλίψεων

230 2396 279 2424 τοῦ
293 2396 414 2433 Χριστοῦ
429 2397 458 2423 ἐν
470 2397 503 2432 τῇ
515 2395 597 2431 σαρκί
614 2403 665 2431 μου
681 2394 751 2430 ὑπὲρ
763 2393 812 2422 τοῦ
832 2393 958 2429 σώματος
970 2393 1021 2421 αὑ-

231 2442 280 2470 τοῦ
291 2463 298 2476 ,
312 2443 326 2469 ὃ
339 2443 413 2469 ἐστιν
432 2443 449 2478 ή
468 2442 617 2478 Ἐκκλησία
627 2450 633 2457 ·
647 2438 682 2477 ἦς
704 2440 839 2476 ἐγενόμην
853 2440 909 2475 ἐγὼ
930 2439 1023 2468 διάκο-

233 2496 279 2520 νος
293 2488 364 2515 κατὰ
375 2487 425 2523 τὴν
437 2487 594 2524 οἰκονομίαν
610 2486 659 2514 τοῦ
677 2486 756 2521 Θεοῦ,
772 2486 823 2521 τὴν
837 2485 962 2513 δοθεῖσάν
978 2494 1025 2520 μοι

235 2535 276 2566 εἰς
291 2533 392 2569 ὑμᾶς.»

271 2581 401 2608 Τουτέστι
425 2582 475 2617 τῆς
499 2581 665 2616 Ἐκκλησίας
678 2588 685 2595 ·
714 2579 783 2608 καθὸ
803 2578 813 2599 ι
833 2578 887 2615 γὰρ
909 2577 992 2606 αὐτοῦ
1010 2577 1027 2614 ἡ

242 2625 391 2661 Ἐκκλησία
396 2646 402 2653 .

270 2672 420 2708 Πληρῶσαι
443 2672 489 2699 τὸν
507 2671 587 2707 λόγον
604 2672 651 2700 τοῦ
665 2671 732 2699 Θεοῦ
745 2691 753 2704 ,
775 2670 805 2698 τὺ
822 2670 971 2706 μυστήριον
994 2669 1023 2696 τὸ

269 2763 294 2782 ⁷⁸
308 2762 377 2790 Luc.
399 2769 430 2795 ιι,
452 2761 495 2789 is.

1075 2238 1103 2282 ἧι
1118 2251 1316 2282 certaminibus
1330 2250 1449 2280 letatur,
1472 2245 1574 2282 quibus
1593 2250 1645 2279 pro
1666 2240 1790 2269 Ecclesia
1816 2238 1865 2266 de-

1076 2299 1205 2329 sudabat.

1114 2355 1124 2372 ι
1143 2345 1177 2373 Et
1199 2344 1337 2378 adimpleo
1363 2347 1425 2376 quae
1448 2339 1550 2367 desunt
1569 2336 1730 2372 passionum
1751 2330 1865 2364 Christi,

1076 2393 1104 2421 in
1122 2398 1208 2419 carne
1225 2397 1296 2421 mea,
1313 2395 1365 2424 pro
1385 2393 1503 2422 corpore
1520 2385 1592 2420 ejus,
1617 2382 1690 2418 quod
1715 2384 1757 2408 est
1772 2378 1866 2406 Eccle-

1076 2439 1129 2471 sia,
1156 2436 1254 2473 [Vsas.
1276 2435 1328 2471 25]
1362 2433 1442 2469 cujus
1469 2432 1561 2459 factus
1578 2434 1640 2458 sum
1664 2433 1717 2462 ego
1740 2424 1870 2452 minister

1076 2467 1229 2514 secundum
1242 2467 1480 2516 dispensationem
1503 2475 1565 2509 Dei,
1581 2480 1643 2509 quae
1659 2471 1724 2499 data
1743 2473 1786 2497 est
1798 2467 1867 2495 ιιιῆιί

1076 2537 1103 2559 ΠΙ
1119 2537 1178 2558 VOS.
1195 2539 1205 2555 Ι

1113 2576 1173 2603 Hoc
1196 2579 1239 2602 est
1265 2580 1320 2608 pro
1335 2569 1481 2602 Ecclesia;
1516 2572 1618 2601 corpus
1637 2563 1712 2592 enim
1739 2560 1801 2596 ejus
1824 2561 1867 2586 est

1078 2620 1214 2649 Ecclesia.

1119 2676 1128 2692 ι
1147 2666 1183 2694 Ut
1205 2664 1333 2700 impleam
1355 2661 1470 2690 verbum
1499 2658 1559 2691 Dei,
1573 2655 1670 2694 ﬂans.
1693 2649 1794 2689 26-90}
1808 2656 1870 2686 tay-

871 2801 992 2831 VARIIE
1013 2799 1159 2828 LECTION
1165 2798 1217 2826 ES.

295 2853 306 2876 ι
322 2854 456 2891 Logerim,
470 2854 550 2889 σῶμα
563 2852 667 2888 potius.
688 2850 739 2879 Sed
761 2854 851 2879 textus
868 2849 982 2877 nimium
1001 2847 1044 2875 hic
1063 2847 1173 2874 luxatus
1190 2843 1358 2879 mutilusque
1375 2845 1427 2870 cst.
