2077 3114
219 143 268 176 891

809 142 840 173 S.
855 141 1016 173 JOANNIS
1030 140 1247 172 DAMASCENI

1788 135 1841 168 892

220 196 347 228 sterium.
360 195 433 231 quod
444 193 638 223 absconditum
655 193 707 222 fuit
721 200 737 221 a
753 194 862 223 saeculis
875 198 902 222 et
917 202 932 221 a
957 201 1003 229 ge-

1062 192 1304 228 ἱιποκεκρυμμένον
1314 190 1374 218 ἀπδ
1384 189 1439 217 τῶν
1455 188 1574 230 αἰώνων,
1593 188 1642 216 καὶ
1655 188 1710 216 ἀπὸ
1725 189 1779 216 τῶν
1796 197 1842 224 γε-

220 240 430 272 nerationibus;
446 246 518 266 nunc
535 242 627 265 autem
658 237 866 266 manifestatum
887 242 929 266 est
940 245 1004 265 san-

220 285 273 312 ctis
299 286 369 318 ejus,
394 283 496 318 quibus
520 282 606 310 voluit
630 283 701 310 Deus
725 288 807 310 notas
828 283 921 310 facere
944 289 1005 318 quas

221 330 277 357 sint
295 329 397 356 divitiae
410 329 506 363 gloriae
521 329 687 356 sacramenti
715 328 798 362 hujus
821 329 848 355 in
865 328 1003 363 gentibus,

220 376 268 411 qui
282 378 323 403 est
338 374 484 408 Christus;
500 375 529 402 in
554 375 632 402 vobis
654 381 718 409 spes
737 373 841 409 gloriae,
856 381 939 409 quem
954 380 1005 401 nos

221 421 431 452 annuntiamus.
452 420 635 455 corripientes
663 427 773 448 omnem
799 419 950 452 hominem,
978 421 1006 446 et

221 466 353 494 docentes
380 473 490 494 omnem
510 466 648 494 hominem
665 466 694 493 in
717 465 795 493 omni
810 465 958 500 sapientia,
976 467 1006 492 ut

221 511 400 539 exbibeamus
415 518 523 539 omnem
539 511 677 539 hominem
705 509 859 546 perfectum
881 510 909 537 in
924 510 1007 537 Chri-

195 577 204 579 _
222 560 266 584 sto
280 555 356 589 Jesu,
384 557 412 583 in
435 556 509 591 quod
531 560 559 584 et
576 556 683 588 laboro,
699 555 833 583 certando
852 555 1006 583 secundum

222 601 411 636 operationem
434 600 506 636 ejus,
536 608 598 636 qua
623 603 756 635 operatur
787 599 815 627 in
842 607 887 628 me
901 600 929 627 in
951 599 1007 627 vir-

222 651 291 674 tute.
305 655 315 673 )

553 691 632 720 CAP.
652 691 684 719 ll.

261 737 343 765 Vsus.
362 738 419 765 1-5.
438 747 447 764 ι
464 736 535 765 Volo
550 738 626 766 enim
643 746 692 766 vos
711 738 784 766 scire
806 738 915 773 qualem
931 738 1008 766 solli-

223 783 374 811 citudinem
389 783 504 810 habeam
519 791 570 818 pro
585 783 676 816 vobis,
696 788 723 811 et
743 784 778 812 iis
795 784 843 819 qui
858 787 924 812 sunt
937 783 1008 811 Lao-

224 829 319 861 (ἥσω,
347 833 375 856 et
402 829 561 864 quicunque
585 837 640 867 non
665 829 792 857 viderunt
812 829 909 858 faciem
921 836 1007 857 meam

224 875 307 909 309
321 875 348 902 in
364 882 460 907 carne,
481 880 510 902 ut
528 875 695 910 impleantur
712 875 796 903 corda
810 876 947 911 ipsorum,
964 875 1008 902 in-

225 920 328 947 structi
343 919 370 946 in
389 919 533 953 charitale,
552 924 579 948 et
593 920 621 947 in
638 927 734 948 omnes
755 920 864 948 divitias
887 920 1008 955 plenitu—

225 965 300 992 dinis
327 965 486 993 intellectus
508 965 537 992 in
559 965 727 1000 agnitionem
750 966 875 1001 mysterii
899 965 959 998 Dei.
980 969 1009 994 ct

226 1009 325 1043 Patris,
353 1015 380 1038 et
405 1010 521 1042 Christi,
552 1010 578 1038 in
594 1018 650 1046 quo
674 1014 740 1039 sunt
763 1019 861 1040 omnes
885 1011 1008 1040 thesauri

225 1055 370 1090 sapientiai
385 1059 412 1082 et
431 1055 555 1083 scientia!
573 1056 743 1084 absconditi.
761 1065 771 1082 ›

259 1101 385 1136 Apostoli
413 1101 596 1129 ministerium
613 1102 640 1128 in
658 1102 733 1130 verbi
761 1102 891 1130 doctrina
915 1101 1009 1130 consi-

225 1146 284 1174 Stit.
328 1145 449 1174 Verbum
475 1150 567 1174 autem
592 1146 627 1173 de
659 1146 754 1174 mundi
784 1147 872 1174 salute
899 1151 1008 1179 tractat,

225 1198 306 1226 quam
321 1191 387 1218 olim
412 1191 521 1226 quidem
539 1191 574 1218 ab
589 1191 745 1218 aeternitate
774 1191 848 1219 Deus
866 1191 1009 1226 proposuit

224 1241 254 1264 ct
267 1236 411 1270 deﬁnivit;
428 1244 502 1264 nunc
520 1240 611 1264 autem
626 1237 716 1272 palam
734 1240 841 1272 patrata
858 1241 912 1269 est,
927 1241 1010 1271 atque

228 1282 264 1309 ah
278 1282 333 1310 illis
353 1282 532 1317 cognoscitur
549 1281 596 1317 qui
620 1282 737 1310 scientia
768 1282 843 1318 digni
862 1286 936 1314 suntI
955 1289 1009 1309 non

225 1336 275 1363 per
297 1327 465 1362 sapientiam
482 1327 590 1360 carnis,
612 1327 661 1356 sed
683 1335 731 1363 per
745 1335 806 1356 eam
826 1335 889 1363 qua:
902 1335 1010 1363 semper

226 1373 389 1401 abscondita
406 1377 448 1401 est
464 1373 537 1408 apud
562 1373 660 1406 Deum,
682 1381 748 1401 cum
764 1374 867 1401 mundo
881 1374 1011 1409 superior

226 1418 353 1451 exsistat,
368 1422 397 1445 et
421 1425 436 1444 a
455 1416 561 1453 Spiritu
589 1422 687 1445 sancto
710 1418 837 1453 pendeat.
863 1418 920 1446 Hac
940 1425 1010 1454 opus

227 1464 347 1496 habent,
364 1468 421 1490 tum
444 1463 492 1498 qui
517 1471 550 1491 ex
576 1463 696 1491 humana
720 1463 855 1498 sapientia
874 1464 1006 1497 veniunt,

1054 239 1122 267 νεῶν
1136 247 1142 255 ·
1159 239 1217 265 νυνὶ
1229 238 1257 264 δὲ
1272 235 1432 272 ἐφανερώθη
1449 236 1505 267 τοῖς
1520 228 1609 269 ἁγίοις
1622 234 1716 267 αὑτοῦ,
1725 231 1766 266 οἷς
1780 234 1842 269 ἠθέ-

1054 285 1163 320 λησενό
1184 284 1250 315 Θεὸς
1275 283 1424 318 γνωρίσαι,
1445 282 1488 313 τίς
1513 281 1528 307 ὸ
1552 280 1665 312 πλοῦτος
1686 281 1736 315 τῆς
1760 280 1840 316 δόξης

1054 330 1102 357 τοῦ
1118 329 1269 366 μυστηρίου
1287 329 1384 355 τούτου
1397 329 1427 355 ὲν
1441 329 1497 359 τοῖς
1515 327 1632 358 ἔθνεσιν,
1646 326 1676 358 ὃς
1697 327 1755 359 ἔστι
1775 326 1843 361 Χρι-

1056 375 1127 407 στὸς,
1142 376 1172 402 έν
1186 376 1251 410 ὑμῖν
1267 375 1284 408 ἡ
1299 374 1379 405 ἐλπὶς
1390 375 1439 409 τῆς
1455 373 1550 409 δόξης,
1560 372 1590 399 ὃν
1601 373 1682 407 ἡμεῖς
1693 372 1844 406 καταγγέλ-

1055 421 1148 457 λομεν,
1155 420 1344 451 νουθετοῦντες
1351 419 1441 447 πάντα
1451 418 1603 454 ἄνθρωπον,
1616 418 1661 445 καὶ
1670 418 1848 449 διδάσκοντες

1055 468 1146 495 πάντα
1158 466 1302 502 ἄνθρωπον
1317 466 1346 492 ὲν
1362 465 1437 501 πάσῃ
1449 464 1541 500 σοφίᾳ,
1559 464 1602 491 ἵνα
1619 464 1848 499 παραστήσωμεν

1057 514 1147 541 πάντα
1165 512 1308 547 ἄνθρωπον
1329 511 1434 538 τέλειον
1451 511 1483 537 ὲν
1499 509 1611 546 Χριστῷ
1636 509 1725 545 Ἰησοῦ
1737 528 1745 541 ,
1767 510 1808 540 είς
1830 509 1844 535 δ

1057 559 1105 586 καὶ
1119 559 1207 586 κοπιῶ
1221 557 1423 593 ἀγωνιζόμενος
1436 556 1508 583 κατά
1518 556 1569 591 τὴν
1591 556 1732 592 ἐνέργειαν
1746 553 1842 588 αὐτοῦ,

1055 603 1105 639 τὴν
1121 603 1320 639 ἐνεργουμένην
1329 604 1359 629 ὲν
1375 602 1437 638 ἐμοὶ
1453 603 1482 629 ἐν
1491 602 1616 637 δυνάμει.
1633 611 1643 627 ι

1356 694 1482 722 ΚΕΦΔΛ.
1508 694 1547 722 Β.

1097 752 1107 768 ι
1126 742 1202 770 Θέλω
1214 741 1243 768 δὲ
1258 741 1331 776 ὑμᾶς
1354 740 1453 768 ειδέναι
1471 740 1565 775 ἡλίκον
1588 738 1683 774 ἀγῶνα
1704 739 1759 775 ἔχω
1780 739 1843 775 περὶ

1059 787 1137 823 ὑμῶν
1154 786 1201 813 καὶ
1213 786 1267 812 τῶν
1284 787 1313 812 ὲν
1335 785 1491 820 Λαοδικείᾳ,
1505 783 1552 811 καὶ
1563 784 1625 811 ὅσοι
1637 784 1687 819 οὐχ
1702 784 1842 819 ἑωράκασι

1058 833 1090 859 τὺ
1109 831 1255 866 πρόσωπόν
1268 839 1319 866 μου
1335 831 1364 857 έν
1375 830 1470 865 σαρκὶ,
1485 830 1528 857 ἵνα
1539 829 1720 865 πληρωθῶσιν
1736 831 1764 856 αἱ
1778 838 1845 865 καρ-

1059 878 1113 905 δίαι
1123 877 1213 905 αὐτῶν
1224 875 1464 912 συμϐιϐασθέντων
1481 875 1511 902 έν
1524 875 1630 912 ἀγάπῃ,
1645 875 1693 902 καὶ
1703 876 1742 907 είς
1756 875 1846 903 πάντα

1059 923 1173 951 πλοῦτον
1191 922 1240 958 τῆς
1261 920 1446 958 πληροφορίας
1468 921 1519 956 τῆς
1546 921 1703 954 συνέσεως,
1718 921 1758 952 είς
1786 920 1844 947 ὲπί-

1059 976 1160 1004 γνωσιν
1174 967 1222 995 τοῦ
1247 967 1398 1002 μυστηρίου
1423 966 1472 994 τοῦ
1486 966 1568 1000 Θεοῦ,
1583 967 1630 993 καὶ
1650 966 1778 1002 Πατρδς,
1798 967 1846 993 καὶ

1059 1013 1106 1040 τοῦ
1123 1010 1259 1048 Χριστοῦ,
1272 1012 1303 1038 ἑν
1325 1008 1348 1045 ᾦ
1362 1011 1416 1039 εἰσι
1430 1011 1531 1042 πάντες
1541 1011 1565 1037 οἱ
1581 1011 1713 1047 θησαυροὶ
1727 1011 1777 1046 τῆς
1798 1019 1845 1037 σοι

1059 1058 1138 1094 φίας,
1156 1058 1204 1085 καὶ
1214 1057 1265 1092 τῆς
1277 1057 1407 1092 γνώσεως
1420 1056 1586 1091 ἀπόκρυφοι.
1606 1065 1616 1082 ι

1099 1103 1133 1131 Ἡ
1146 1103 1269 1130 διακονία
1284 1102 1332 1130 τοῦ
1354 1102 1516 1130 Ἀποστόλου
1531 1103 1604 1130 ἐστὶν
1615 1102 1645 1131 ὲν
1660 1103 1693 1138 τῇ
1709 1102 1790 1136 λόγου
1807 1102 1848 1128 δι-

1059 1149 1203 1184 δασκαλίᾳ.
1226 1148 1255 1176 Ὁ
1272 1149 1300 1176 δὲ
1321 1148 1400 1183 λόγος
1423 1148 1482 1175 ἐστὶ
1497 1148 1562 1183 περὶ
1588 1147 1639 1182 τῆς
1665 1147 1713 1174 τοῦ
1742 1148 1846 1183 κόσμου

1061 1194 1215 1230 σωτηρίας,
1226 1193 1275 1228 τῆς
1289 1193 1373 1220 πάλαι
1390 1193 1439 1228 μὲν
1451 1193 1481 1226 ἐξ
1488 1193 1573 1219 ἀϊδίου
1582 1192 1657 1228 παρὰ
1672 1192 1732 1227 Θεῷ
1751 1192 1846 1227 βεϐου-

1059 1241 1191 1276 λευμένης
1205 1241 1251 1267 καὶ
1266 1239 1437 1275 ὁρισθείσης,
1452 1238 1582 1274 ἐμφανῶς
1602 1238 1630 1265 δὲ
1643 1238 1691 1265 νῦν
1710 1246 1848 1273 καταστη-

1060 1287 1145 1322 σάσης
1156 1305 1164 1318 ,
1181 1286 1229 1312 καὶ
1243 1283 1449 1319 γινωσκομένης
1458 1283 1535 1319 παρά
1546 1283 1602 1315 τοῖς
1617 1282 1703 1315 ἀξίοις
1714 1282 1764 1317 τῆς
1778 1281 1849 1316 γνώ-

1061 1340 1140 1363 σεως,
1154 1331 1185 1357 οὐ
1199 1330 1243 1357 διὰ
1256 1330 1352 1364 σοφίας
1368 1329 1515 1364 σαρκικῆς,
1539 1328 1608 1356 ἀλλὰ
1621 1328 1665 1355 διά
1683 1328 1732 1364 τῆς
1746 1329 1847 1356 ἀποκε-

1060 1376 1221 1412 κρυμμένης
1231 1375 1275 1402 ἀεὶ
1283 1374 1359 1410 παρά
1367 1374 1437 1409 Θεῷ,
1450 1373 1638 1409 ύπερκοσμίου
1647 1373 1846 1409 τυγχανούσης,

1061 1422 1110 1448 καὶ
1136 1421 1165 1448 ὲν
1190 1420 1333 1455 Πνεύματι
1355 1419 1426 1454 ἁγίῳ
1450 1419 1603 1454 κειμένης,
1621 1416 1654 1455 ἧς
1674 1419 1780 1445 δέονται
1800 1419 1849 1446 καὶ

1061 1468 1087 1494 οἱ
1102 1467 1134 1494 ὲκ
1156 1467 1204 1501 τῆς
1221 1465 1396 1502 ἀνθρωπίνης
1417 1464 1690 1500 σοφίαςεὲρχόμενοι,
1707 1465 1754 1492 καὶ
1772 1465 1799 1491 οἱ
1815 1466 1848 1492 ὲκ

224 1513 284 1535 tum
297 1508 345 1543 qui
357 1515 389 1536 ex
403 1508 479 1544 lege;
496 1509 562 1544 quia
577 1516 667 1544 neque
679 1508 721 1537 lex
735 1513 831 1544 aperte
845 1509 1005 1545 mysterium

1062 1512 1150 1548 νόμου,
1164 1512 1205 1539 ὅτι
1215 1512 1285 1547 μήτε
1297 1511 1379 1546 νόμος
1391 1510 1522 1545 ἐξέφηνεν
1534 1509 1628 1545 ἀργῶς
1641 1509 1672 1537 τὸ
1684 1510 1846 1545 μυστήριον,

227 1554 366 1590 promisit,
385 1561 475 1589 neque
498 1554 618 1582 mundus
639 1562 701 1582 eam
720 1554 941 1590 comprehendit.

263 1599 347 1628 Vsus.
363 1600 391 1634 4,
405 1600 431 1627 5.
451 1609 461 1626 ι
479 1600 538 1627 Hoc
550 1603 643 1628 autem
665 1600 740 1632 dico,
757 1605 786 1627 ut
802 1607 883 1629 nemo
896 1607 948 1628 vos
963 1599 1013 1628 de-

226 1646 314 1681 cipiat
330 1645 358 1672 in
374 1645 545 1672 sublimitate
557 1652 727 1673 sermonum.
745 1645 813 1672 Nam
828 1644 881 1673 etsi
898 1646 1013 1679 corpore

229 1691 332 1719 absens
349 1697 423 1723 sum.
447 1689 497 1718 sed
517 1689 619 1725 spiritu
642 1689 787 1718 vobiscum
803 1697 875 1722 sum,
888 1689 1013 1725 gaudens

227 1741 256 1764 et
270 1735 368 1764 videns
384 1735 509 1764 ordinem
527 1739 652 1764 vestrum
668 1738 697 1763 et
720 1735 925 1764 ﬁrmamentum
940 1735 1013 1770 ejus,

227 1789 291 1818 quae
304 1782 332 1809 in
347 1781 459 1809 Christo
474 1785 526 1815 cst,
542 1781 605 1809 ﬁdei
624 1784 732 1808 vestras.
747 1789 758 1806 ι

264 1827 338 1861 ideo,
364 1827 464 1863 inquit,
492 1827 520 1854 in
548 1826 660 1854 Christo
682 1826 829 1854 thesauros
859 1832 956 1853 omnes
970 1833 1015 1853 sa-

230 1872 340 1908 pientiae
349 1879 413 1900 esse
427 1872 497 1905 dixi,
507 1879 542 1900 ne
553 1872 702 1900 extrariam
714 1871 876 1907 sapientiam
893 1871 1016 1907 inquira-

230 1919 279 1947 tis.
297 1918 524 1954 Quandoquidem
549 1919 602 1947 etsi
627 1925 745 1954 corpore
773 1919 853 1947 vobis
875 1926 929 1946 non
954 1926 1014 1947 sum

230 1972 363 2000 prasens,
382 1964 480 1992 adsum
511 1967 605 1991 tamen
625 1964 727 1999 spiritu
744 1975 750 1992 :
775 1964 937 2000 gandeoque
951 1972 1014 1999 pro-

231 2015 291 2045 pter
307 2010 386 2038 ﬁdem
397 2013 424 2038 et
436 2015 540 2039 rectum
556 2010 686 2050 Ecclesiae
697 2011 834 2039 ordinem.
849 2010 1015 2045 Quanquam

230 2055 299 2084 illud
313 2063 423 2091 quoque
437 2056 512 2091 quod
532 2056 613 2084 deest
635 2056 725 2090 vobis,
750 2056 841 2088 video,
859 2059 887 2084 et
904 2063 966 2091 quae
980 2056 1016 2084 sit

230 2100 364 2128 doctrinae
379 2102 543 2130 necessitas.
558 2101 626 2130 Nam
641 2103 675 2130 ad
694 2102 774 2129 ﬁdem
792 2101 906 2129 scientia
926 2109 1016 2130 neces-

231 2147 306 2175 saria
320 2151 374 2175 est.

1063 1559 1132 1593 μήτε
1147 1558 1249 1592 κόσμος
1265 1556 1427 1584 κατέλαϐεν.

1100 1614 1110 1632 ι
1129 1603 1215 1631 Τοῦτο
1230 1603 1258 1631 δὲ
1271 1603 1353 1638 λέγω,
1374 1602 1418 1629 ι’να
1430 1602 1467 1636 μή
1481 1609 1524 1633 τις
1544 1601 1615 1637 ὑμᾶς
1631 1600 1850 1637 παραλογίζηται

1061 1651 1092 1678 ὲν
1105 1649 1294 1685 πιθανολογίᾳ.
1311 1649 1343 1675 Εί
1357 1648 1412 1684 γάρ
1431 1647 1481 1675 καὶ
1496 1648 1530 1683 τῇ
1547 1647 1629 1682 σαρκὶ
1646 1647 1758 1682 ἄπειμι,
1781 1646 1849 1673 ἀλλά

1061 1695 1101 1731 τῷ
1119 1694 1256 1729 πνεύματι
1279 1693 1328 1720 σὺν
1355 1693 1420 1728 ὑμῖν
1442 1692 1523 1726 ειμι,
1548 1691 1652 1726 χαίρων
1672 1691 1719 1719 καὶ
1742 1690 1849 1725 βλέπων

1063 1740 1141 1776 ὑμῶν
1157 1738 1206 1775 τὴν
1219 1737 1314 1772 τάξιν,
1331 1731 1379 1764 alui.
1395 1736 1427 1764 τὸ
1445 1735 1590 1772 στερέωμα
1607 1735 1660 1770 τῆς
1678 1736 1718 1768 είς
1732 1734 1850 1771 Χριστδν

1064 1784 1183 1815 πίστεως
1199 1782 1288 1818 ὑμῶν.
1305 1790 1316 1807 ι

1099 1829 1150 1856 Διά
1161 1828 1251 1861 τοῦτο,
1270 1826 1364 1862 φησὶν,
1378 1827 1479 1862 εἴρηκα
1496 1827 1568 1859 τοὺς.
1579 1826 1683 1859 πάντας
1697 1826 1851 1862 θησαυροὺς

1064 1876 1114 1911 τῆς
1126 1874 1222 1910 σοφίας
1239 1874 1268 1900 ὲν
1282 1873 1393 1909 Χριστῷ
1405 1873 1565 1909 τυγχάνειν,
1578 1872 1622 1900 ἴνα
1637 1872 1674 1908 μὴ
1687 1873 1738 1908 τὴν
1751 1871 1851 1904 ἔξωθεν

1067 1921 1164 1956 σοφίαν
1178 1919 1337 1955 ὲπιζητῆτε.
1361 1919 1473 1954 Ἐπειδὴ
1493 1919 1541 1946 καὶ
1552 1920 1582 1946 οὐ
1601 1919 1699 1955 παρὼν
1715 1919 1781 1954 ὑμῖν
1797 1927 1850 1945 σω-

1068 1966 1191 2002 ματικῶς
1204 1985 1212 1998 ,
1230 1965 1346 2001 πάρειμι
1360 1964 1571 1999 πνευματικῶς,
1589 1964 1637 1991 καὶ
1651 1964 1740 2000 χαίρω
1756 1964 1802 1991 ἐπὶ
1817 1965 1850 1999 τῇ

1066 2012 1175 2043 πίστει,
1193 2011 1242 2038 καὶ
1256 2011 1369 2046 εὐταξίᾳ
1393 2010 1444 2046 τῆς
1461 2010 1636 2045 Ἐκκλησίας.
1651 2010 1747 2037 Βλέπω
1762 2010 1789 2036 δὲ
1804 2009 1852 2036 καὶ

1066 2056 1096 2083 τδ
1111 2056 1200 2087 ἐνδεὲς
1220 2054 1317 2090 ὑμῶν,
1332 2054 1380 2081 καὶ
1399 2054 1430 2081 τὺ
1450 2054 1480 2081 ὲν
1503 2054 1583 2090 χρείᾳ
1602 2055 1650 2090 τῆς
1665 2053 1850 2083 διδάσκαλίας.

1073 2100 1135 2127 Ἐπὶ
1148 2099 1202 2135 γὰρ
1221 2099 1312 2126 πίστει
1332 2097 1431 2134 γνῶσις
1444 2098 1591 2132 ἀναγκαία.

268 2193 355 2221 νειι.
370 2192 398 2220 6.
414 2192 441 2220 'l.
459 2201 470 2219 ι
488 2191 568 2220 Sicut
581 2198 648 2227 ergo
667 2191 816 2226 accepistis
827 2180 921 2220 Iesum
935 2192 1011 2220 Chri-

1107 2197 1117 2215 ι
1144 2188 1188 2221 Ὦς
1206 2184 1253 2216 οὖν
1273 2186 1444 2224 παρελάϐετε
1465 2186 1511 2214 τὸν
1533 2186 1651 2222 Χριστὸν
1683 2186 1786 2222 Ἰησοῦν
1806 2186 1853 2214 τὸν

233 2244 308 2267 stum
323 2238 484 2270 Dominum.
499 2238 528 2265 in
544 2238 606 2273 ipso
622 2237 773 2270 ambulate,
790 2237 908 2265 radicati
924 2242 951 2265 et
969 2245 1018 2266 su-

234 2283 409 2320 peraediticati
435 2283 465 2311 in
494 2283 566 2319 ipso.
590 2286 618 2310 et
640 2282 797 2310 conﬁrmati
826 2281 888 2314 ﬁde,
906 2282 1019 2311 sicutet

234 2330 385 2364 didicistis,
423 2329 600 2359 abundantes
644 2328 673 2357 in
711 2328 758 2357 illo
797 2328 825 2357 iu
867 2329 1017 2364 gratiarum

234 2377 353 2406 actione.
371 2385 381 2404 ι

262 2423 341 2459 ρροίι
355 2426 472 2451 noverat
483 2421 630 2458 epistolica
646 2419 774 2449 doctrina
791 2427 846 2448 non
861 2427 943 2456 posse
957 2420 1020 2449 illos

228 2468 350 2506 ,asscqaﬁ
379 2468 525 2506 sapientia:
544 2467 730 2500 altitudinem,
753 2466 806 2494 bos
828 2466 958 2494 consulto
970 2466 1020 2493 ad-

230 2513 376 2550 ;iiortando
392 2509 552 2545 antevertit,
578 2512 679 2540 bonam
704 2518 767 2539 esse
780 2510 876 2538 dicens
892 2510 1020 2538 traditio-

231 2568 302 2594 ,ηοω
329 2566 412 2595 quam
436 2561 614 2594 acceperant,
636 2563 754 2592 eamque
775 2555 910 2584 duntaxat
926 2563 1019 2583 veram

237 2613 303 2636 esse
328 2613 411 2641 quam
437 2604 580 2640 Epaphras
606 2602 758 2634 tradiderat
778 2611 786 2630 :
814 2601 945 2637 quocirca
962 2608 1021 2630 ere

235 2651 363 2686 ipsorum
385 2657 459 2684 esse,
473 2654 504 2678 ut
519 2649 599 2678 ﬁdem
620 2652 782 2680 constanter
811 2650 934 2678 teneant,
956 2647 1022 2674 cha-

238 2695 387 2730 ritatisque
408 2700 576 2724 structuram
606 2694 750 2729 adiiciant,
778 2697 860 2729 atque
884 2692 911 2720 in
943 2691 1023 2720 bonis

235 2748 351 2779 semper
364 2741 496 2777 operibus
511 2740 692 2776 proﬁciendo,
710 2739 872 2769 aﬁlictiones
893 2745 948 2766 non
964 2739 1023 2767 sine

236 2786 394 2825 gratiarum
410 2786 520 2821 actione
531 2786 655 2815 tolerent.

1068 2233 1183 2270 Κύριον,
1212 2235 1241 2260 ὲν
1265 2233 1340 2268 αὐτῷ
1366 2233 1556 2268 περιπατεῖτε,
1585 2231 1777 2268 ἐρριζωμένοι,
1806 2233 1854 2260 καὶ

1068 2279 1328 2314 ἔποικοδομοὺμενοι
1349 2280 1379 2306 ὲν
1394 2279 1467 2314 αὐτῷ
1477 2298 1485 2312 ,
1505 2278 1554 2305 καὶ
1575 2277 1764 2313 βεϐαιούμενοι
1777 2278 1807 2304 ὲν
1819 2279 1853 2314 τῇ

1069 2325 1172 2359 πίστει,
1188 2324 1281 2357 καθὼς
1296 2324 1454 2360 δδιδάχθητι
1469 2323 1678 2360 περισσεύοντες
1697 2323 1726 2351 ιν
1739 2323 1822 2358 αὐτῇ.
1842 2334 1852 2349 ο

1111 2415 1221 2451 Ἐπειδὴ
1238 2415 1323 2451 μήπω
1337 2415 1382 2442 διὰ
1394 2416 1443 2451 τῆς
1457 2413 1664 2450 επιστολιμαίου
1679 2412 1856 2444 διδασκαλίας

1069 2460 1141 2490 οἶδεν
1157 2461 1257 2493 αὐτοὺς
1276 2460 1444 2496 δυναμένους
1459 2459 1573 2495 φθάνειν
1591 2459 1631 2491 είς
1647 2459 1679 2486 τὸ
1691 2459 1739 2494 τῆς
1759 2458 1856 2492 σοφίας

1071 2506 1169 2544 βάθος,
1182 2506 1249 2542 πρὸς
1268 2505 1422 2541 ἀσφάλειαν
1434 2504 1649 2540 παραγγέλματι
1671 2504 1770 2536 αὐτοὺς
1787 2511 1857 2538 προ-

1071 2552 1292 2588 καταλαμϐάνει,
1312 2552 1401 2587 λέγων
1422 2550 1528 2586 ἀγαθὴν
1547 2547 1618 2577 εἶναι
1632 2549 1682 2585 τὴν
1708 2549 1858 2585 παράδοσιν

1070 2599 1105 2635 ἦν
1121 2598 1322 2634 παρειλήφασι,
1337 2597 1385 2625 καὶ
1397 2597 1482 2632 μόνην
1496 2595 1585 2631 ἀληθῆ
1596 2596 1647 2630 τὴν
1663 2595 1727 2630 περὶ
1738 2593 1857 2630 Χριστοῦ

1071 2643 1258 2675 διδασκαλίαν,
1278 2642 1312 2678 ἢν
1327 2642 1342 2669 ὸ
1364 2641 1506 2677 Ἐπαφρᾶς
1522 2639 1730 2675 παραδέδωκεν,
1744 2639 1791 2666 καὶ
1802 2638 1858 2664 δεῖν

1071 2689 1103 2716 τὸ
1120 2688 1227 2724 βέϐαιον
1247 2688 1295 2715 ἐπὶ
1311 2689 1344 2724 τῇ
1362 2687 1455 2714 πίστει
1479 2686 1596 2720 φυλάξαι
1609 2706 1617 2719 ,
1637 2685 1684 2712 καὶ
1698 2683 1858 2720 προσθεῖναι

1073 2735 1122 2770 τὴν
1137 2734 1188 2770 τῆς
1204 2733 1316 2768 ἀγάπης
1332 2732 1557 2768 ὲποικοδόμησιν,
1584 2731 1632 2758 καὶ
1651 2730 1816 2767 προκόπτειν
1828 2729 1858 2756 ἐν

1075 2781 1165 2816 Εργοις
1181 2779 1295 2814 ἀγαθοῖς
1309 2779 1364 2813 ἀεὶ,
1379 2778 1426 2806 καὶ
1439 2778 1473 2806 τὰ
1484 2777 1539 2804 τῶν
1554 2777 1672 2811 θλίψεων
1691 2775 1720 2802 ὲν
1735 2775 1858 2810 ὑπομονῇ

1078 2826 1136 2862 μετ’
1151 2824 1336 2861 εὐχαριστίας.
