  <div class='ocr_page' id='page_1' title='image "/cluster/home/n/w/nwhite01/storage/ocr_20150623/95/njp.32101077772844/454.png"; bbox 0 0 2077 3114; ppageno 0'>
   <div class='ocr_carea' id='block_1_1' title="bbox 169 148 222 181">
    <p class='ocr_par' dir='ltr' id='par_1_1' title="bbox 169 148 222 181">
     <span class='ocr_line' id='line_1_1' title="bbox 169 148 222 181; baseline 0 0"><span class='ocrx_word' id='word_1_1' title='bbox 169 148 222 181; x_wconf 79' lang='lat'><strong>893</strong></span> 
     </span>
    </p>
   </div>
   <div class='ocr_carea' id='block_1_2' title="bbox 712 146 1236 180">
    <p class='ocr_par' dir='ltr' id='par_1_2' title="bbox 712 146 1236 180">
     <span class='ocr_line' id='line_1_2' title="bbox 712 146 1236 180; baseline -0.004 -1"><span class='ocrx_word' id='word_1_2' title='bbox 712 149 752 180; x_wconf 85' lang='lat' dir='ltr'><strong>IN</strong></span> <span class='ocrx_word' id='word_1_3' title='bbox 773 149 890 180; x_wconf 78' lang='lat' dir='ltr'><strong>EPIST.</strong></span> <span class='ocrx_word' id='word_1_4' title='bbox 911 150 961 180; x_wconf 80' lang='lat' dir='ltr'><strong>AD</strong></span> <span class='ocrx_word' id='word_1_5' title='bbox 979 146 1236 180; x_wconf 82' lang='lat' dir='ltr'><strong>COLOSSENSES</strong></span> 
     </span>
    </p>
   </div>
   <div class='ocr_carea' id='block_1_3' title="bbox 1735 145 1787 180">
    <p class='ocr_par' dir='ltr' id='par_1_3' title="bbox 1735 145 1787 180">
     <span class='ocr_line' id='line_1_3' title="bbox 1735 145 1787 180; baseline 0 0"><span class='ocrx_word' id='word_1_6' title='bbox 1735 145 1787 180; x_wconf 64' lang='grc'><strong>896</strong></span> 
     </span>
    </p>
   </div>
   <div class='ocr_carea' id='block_1_4' title="bbox 207 203 955 241">
    <p class='ocr_par' dir='ltr' id='par_1_4' title="bbox 207 203 953 241">
     <span class='ocr_line' id='line_1_4' title="bbox 207 203 953 241; baseline 0.004 -10"><span class='ocrx_word' id='word_1_7' title='bbox 207 214 219 231; x_wconf 76' lang='grc' dir='ltr'><strong>ε</strong></span> <span class='ocrx_word' id='word_1_8' title='bbox 241 203 357 232; x_wconf 64' lang='grc' dir='ltr'>Βλέπετε</span> <span class='ocrx_word' id='word_1_9' title='bbox 379 203 419 240; x_wconf 79' lang='grc' dir='ltr'>μή</span> <span class='ocrx_word' id='word_1_10' title='bbox 439 212 482 237; x_wconf 76' lang='grc' dir='ltr'><strong>τις</strong></span> <span class='ocrx_word' id='word_1_11' title='bbox 505 203 578 241; x_wconf 69' lang='grc' dir='ltr'>ὑμᾶς</span> <span class='ocrx_word' id='word_1_12' title='bbox 599 204 675 232; x_wconf 70' lang='grc' dir='ltr'>ἔσται</span> <span class='ocrx_word' id='word_1_13' title='bbox 689 206 703 233; x_wconf 83' lang='grc' dir='ltr'><strong><em>ὁ</em></strong></span> <span class='ocrx_word' id='word_1_14' title='bbox 723 206 890 241; x_wconf 75' lang='grc' dir='ltr'>συλαγωγῶν</span> <span class='ocrx_word' id='word_1_15' title='bbox 907 206 953 234; x_wconf 81' lang='grc' dir='ltr'><strong>διὰ</strong></span> 
     </span>
    </p>
   </div>
   <div class='ocr_carea' id='block_1_5' title="bbox 1006 203 1787 241">
    <p class='ocr_par' dir='ltr' id='par_1_5' title="bbox 1036 204 1787 240">
     <span class='ocr_line' id='line_1_5' title="bbox 1036 204 1787 240; baseline -0.003 -5"><span class='ocrx_word' id='word_1_16' title='bbox 1036 205 1122 235; x_wconf 72' lang='lat' dir='ltr'><strong>Vm.</strong></span> <span class='ocrx_word' id='word_1_17' title='bbox 1137 206 1164 234; x_wconf 85' lang='lat'><strong>8.</strong></span> <span class='ocrx_word' id='word_1_18' title='bbox 1184 215 1194 233; x_wconf 85' lang='grc' dir='ltr'><strong>ι</strong></span> <span class='ocrx_word' id='word_1_19' title='bbox 1209 204 1309 233; x_wconf 77' lang='lat' dir='ltr'><strong>Videte</strong></span> <span class='ocrx_word' id='word_1_20' title='bbox 1322 212 1356 233; x_wconf 85' lang='lat' dir='ltr'><strong>ne</strong></span> <span class='ocrx_word' id='word_1_21' title='bbox 1370 204 1434 240; x_wconf 81' lang='lat' dir='ltr'><strong>quis</strong></span> <span class='ocrx_word' id='word_1_22' title='bbox 1457 212 1508 233; x_wconf 89' lang='lat' dir='ltr'><strong>vos</strong></span> <span class='ocrx_word' id='word_1_23' title='bbox 1530 204 1648 240; x_wconf 76' lang='lat' dir='ltr'><strong>decipiat</strong></span> <span class='ocrx_word' id='word_1_24' title='bbox 1662 212 1711 240; x_wconf 87' lang='lat' dir='ltr'><strong>per</strong></span> <span class='ocrx_word' id='word_1_25' title='bbox 1724 205 1787 240; x_wconf 80' lang='lat' dir='ltr'><strong>pht-</strong></span> 
     </span>
    </p>
   </div>
   <div class='ocr_carea' id='block_1_6' title="bbox 170 250 956 287">
    <p class='ocr_par' dir='ltr' id='par_1_6' title="bbox 170 250 956 287">
     <span class='ocr_line' id='line_1_6' title="bbox 170 250 956 287; baseline 0.001 -10"><span class='ocrx_word' id='word_1_26' title='bbox 170 252 221 286; x_wconf 80' lang='grc' dir='ltr'><strong>τῆς</strong></span> <span class='ocrx_word' id='word_1_27' title='bbox 238 250 398 286; x_wconf 75' lang='grc' dir='ltr'>φιλοσοφίας</span> <span class='ocrx_word' id='word_1_28' title='bbox 413 250 461 276; x_wconf 82' lang='grc' dir='ltr'>καὶ</span> <span class='ocrx_word' id='word_1_29' title='bbox 477 250 561 285; x_wconf 79' lang='grc' dir='ltr'>κενῆς</span> <span class='ocrx_word' id='word_1_30' title='bbox 574 250 694 286; x_wconf 67' lang='grc' dir='ltr'>ἀπάτης,</span> <span class='ocrx_word' id='word_1_31' title='bbox 715 251 785 279; x_wconf 85' lang='grc' dir='ltr'><strong>κατά</strong></span> <span class='ocrx_word' id='word_1_32' title='bbox 799 251 849 286; x_wconf 84' lang='grc' dir='ltr'><strong>τὴν</strong></span> <span class='ocrx_word' id='word_1_33' title='bbox 865 251 956 287; x_wconf 81' lang='grc' dir='ltr'>παρά-</span> 
     </span>
    </p>
   </div>
   <div class='ocr_carea' id='block_1_7' title="bbox 158 293 955 333">
    <p class='ocr_par' dir='ltr' id='par_1_7' title="bbox 158 293 955 333">
     <span class='ocr_line' id='line_1_7' title="bbox 158 293 955 333; baseline 0.001 -10"><span class='ocrx_word' id='word_1_34' title='bbox 158 293 244 323; x_wconf 73' lang='grc' dir='ltr'><strong>¹δοσιν</strong></span> <span class='ocrx_word' id='word_1_35' title='bbox 258 295 314 322; x_wconf 86' lang='grc' dir='ltr'>τῶν</span> <span class='ocrx_word' id='word_1_36' title='bbox 327 294 497 332; x_wconf 86' lang='grc' dir='ltr'>ἀνθρώπων,</span> <span class='ocrx_word' id='word_1_37' title='bbox 513 295 585 323; x_wconf 84' lang='grc' dir='ltr'><strong>κατά</strong></span> <span class='ocrx_word' id='word_1_38' title='bbox 598 296 632 324; x_wconf 87' lang='grc' dir='ltr'><strong>τά</strong></span> <span class='ocrx_word' id='word_1_39' title='bbox 646 298 767 332; x_wconf 85' lang='grc' dir='ltr'>στοιχεῖα</span> <span class='ocrx_word' id='word_1_40' title='bbox 781 296 828 324; x_wconf 80' lang='grc' dir='ltr'>τοῦ</span> <span class='ocrx_word' id='word_1_41' title='bbox 841 298 955 333; x_wconf 84' lang='grc' dir='ltr'>κόσμου,</span> 
     </span>
    </p>
   </div>
   <div class='ocr_carea' id='block_1_8' title="bbox 171 341 535 378">
    <p class='ocr_par' dir='ltr' id='par_1_8' title="bbox 171 341 535 378">
     <span class='ocr_line' id='line_1_8' title="bbox 171 341 535 378; baseline 0.003 -9"><span class='ocrx_word' id='word_1_42' title='bbox 171 341 220 369; x_wconf 76' lang='grc' dir='ltr'>καὶ</span> <span class='ocrx_word' id='word_1_43' title='bbox 233 342 263 369; x_wconf 87' lang='grc' dir='ltr'>οὺ</span> <span class='ocrx_word' id='word_1_44' title='bbox 282 341 354 369; x_wconf 87' lang='grc' dir='ltr'><strong>κατά</strong></span> <span class='ocrx_word' id='word_1_45' title='bbox 370 341 498 378; x_wconf 72' lang='grc' dir='ltr'>Χριστόν.</span> <span class='ocrx_word' id='word_1_46' title='bbox 523 351 535 369; x_wconf 69' lang='grc' dir='ltr'><strong>ι</strong></span> 
     </span>
    </p>
   </div>
   <div class='ocr_carea' id='block_1_9' title="bbox 208 385 956 424">
    <p class='ocr_par' dir='ltr' id='par_1_9' title="bbox 208 385 956 424">
     <span class='ocr_line' id='line_1_9' title="bbox 208 385 956 424; baseline 0.001 -11"><span class='ocrx_word' id='word_1_47' title='bbox 208 385 354 418; x_wconf 78' lang='grc' dir='ltr'>Πλεονάζει</span> <span class='ocrx_word' id='word_1_48' title='bbox 371 386 444 413; x_wconf 84' lang='grc' dir='ltr'><strong>κατά</strong></span> <span class='ocrx_word' id='word_1_49' title='bbox 456 386 561 420; x_wconf 78' lang='grc' dir='ltr'>ταύτην</span> <span class='ocrx_word' id='word_1_50' title='bbox 572 386 622 423; x_wconf 81' lang='grc' dir='ltr'><strong>τὴν</strong></span> <span class='ocrx_word' id='word_1_51' title='bbox 637 387 784 423; x_wconf 66' lang='grc' dir='ltr'>ἐπιστολὴν</span> <span class='ocrx_word' id='word_1_52' title='bbox 799 388 868 424; x_wconf 75' lang='grc' dir='ltr'>προς</span> <span class='ocrx_word' id='word_1_53' title='bbox 889 388 956 415; x_wconf 83' lang='grc' dir='ltr'>Ἔλ-</span> 
     </span>
    </p>
   </div>
   <div class='ocr_carea' id='block_1_10' title="bbox 171 430 957 469">
    <p class='ocr_par' dir='ltr' id='par_1_10' title="bbox 171 430 957 469">
     <span class='ocr_line' id='line_1_10' title="bbox 171 430 957 469; baseline 0.003 -11"><span class='ocrx_word' id='word_1_54' title='bbox 171 430 255 466; x_wconf 80' lang='grc' dir='ltr'>ληνας</span> <span class='ocrx_word' id='word_1_55' title='bbox 267 431 316 458; x_wconf 77' lang='grc' dir='ltr'>καὶ</span> <span class='ocrx_word' id='word_1_56' title='bbox 336 430 478 463; x_wconf 72' lang='grc' dir='ltr'><strong>Ἰουδαίους</strong></span> <span class='ocrx_word' id='word_1_57' title='bbox 497 431 698 467; x_wconf 81' lang='grc' dir='ltr'>διαλεγόμενος,</span> <span class='ocrx_word' id='word_1_58' title='bbox 713 433 847 469; x_wconf 74' lang='grc' dir='ltr'><strong>ἑκατέρας</strong></span> <span class='ocrx_word' id='word_1_59' title='bbox 862 433 957 468; x_wconf 61' lang='grc' dir='ltr'>ἔκτρο-</span> 
     </span>
    </p>
   </div>
   <div class='ocr_carea' id='block_1_11' title="bbox 173 475 957 514">
    <p class='ocr_par' dir='ltr' id='par_1_11' title="bbox 173 475 957 514">
     <span class='ocr_line' id='line_1_11' title="bbox 173 475 957 514; baseline 0.004 -12"><span class='ocrx_word' id='word_1_60' title='bbox 173 476 228 510; x_wconf 79' lang='grc' dir='ltr'>πῆς</span> <span class='ocrx_word' id='word_1_61' title='bbox 241 475 366 512; x_wconf 82' lang='grc' dir='ltr'>ἀφαιρῶν</span> <span class='ocrx_word' id='word_1_62' title='bbox 381 477 444 508; x_wconf 70' lang='grc' dir='ltr'>τοὺς</span> <span class='ocrx_word' id='word_1_63' title='bbox 467 477 693 509; x_wconf 78' lang='grc' dir='ltr'>πεπιστευκότας.</span> <span class='ocrx_word' id='word_1_64' title='bbox 709 478 822 513; x_wconf 66' lang='grc' dir='ltr'>Πρῶτον</span> <span class='ocrx_word' id='word_1_65' title='bbox 849 478 900 514; x_wconf 70' lang='grc' dir='ltr'>μὲν</span> <span class='ocrx_word' id='word_1_66' title='bbox 910 475 957 505; x_wconf 82' lang='grc' dir='ltr'><strong>οὗν</strong></span> 
     </span>
    </p>
   </div>
   <div class='ocr_carea' id='block_1_12' title="bbox 173 520 955 556">
    <p class='ocr_par' dir='ltr' id='par_1_12' title="bbox 173 520 955 556">
     <span class='ocr_line' id='line_1_12' title="bbox 173 520 955 556; baseline 0.004 -9"><span class='ocrx_word' id='word_1_67' title='bbox 173 520 224 556; x_wconf 73' lang='grc' dir='ltr'>τὴν</span> <span class='ocrx_word' id='word_1_68' title='bbox 249 521 281 547; x_wconf 76' lang='grc' dir='ltr'>ὲκ</span> <span class='ocrx_word' id='word_1_69' title='bbox 295 520 457 555; x_wconf 71' lang='grc' dir='ltr'><strong>φιλοσοφίας</strong></span> <span class='ocrx_word' id='word_1_70' title='bbox 469 520 640 556; x_wconf 81' lang='grc' dir='ltr'>ἀποσύλησιν</span> <span class='ocrx_word' id='word_1_71' title='bbox 660 521 844 556; x_wconf 77' lang='grc' dir='ltr'>φυλάττεται,</span> <span class='ocrx_word' id='word_1_72' title='bbox 860 522 955 556; x_wconf 74' lang='grc' dir='ltr'>κενὴν</span> 
     </span>
    </p>
   </div>
   <div class='ocr_carea' id='block_1_13' title="bbox 173 563 956 603">
    <p class='ocr_par' dir='ltr' id='par_1_13' title="bbox 173 563 956 603">
     <span class='ocr_line' id='line_1_13' title="bbox 173 563 956 603; baseline 0.003 -11"><span class='ocrx_word' id='word_1_73' title='bbox 173 565 294 599; x_wconf 67' lang='grc' dir='ltr'>ἀπάτην</span> <span class='ocrx_word' id='word_1_74' title='bbox 312 565 400 600; x_wconf 78' lang='grc' dir='ltr'>λέγων</span> <span class='ocrx_word' id='word_1_75' title='bbox 415 563 487 594; x_wconf 65' lang='grc' dir='ltr'>εἶναι</span> <span class='ocrx_word' id='word_1_76' title='bbox 508 566 559 602; x_wconf 78' lang='grc' dir='ltr'>τὴν</span> <span class='ocrx_word' id='word_1_77' title='bbox 580 566 757 602; x_wconf 68' lang='grc' dir='ltr'>φιλοσοφίαν,</span> <span class='ocrx_word' id='word_1_78' title='bbox 772 568 814 595; x_wconf 86' lang='grc' dir='ltr'>ὃτι</span> <span class='ocrx_word' id='word_1_79' title='bbox 834 568 956 603; x_wconf 81' lang='grc' dir='ltr'>σχήματι</span> 
     </span>
    </p>
   </div>
   <div class='ocr_carea' id='block_1_14' title="bbox 173 610 956 648">
    <p class='ocr_par' dir='ltr' id='par_1_14' title="bbox 173 610 956 648">
     <span class='ocr_line' id='line_1_14' title="bbox 173 610 956 648; baseline 0.001 -11"><span class='ocrx_word' id='word_1_80' title='bbox 173 610 357 645; x_wconf 77' lang='grc' dir='ltr'>καταπλήττει</span> <span class='ocrx_word' id='word_1_81' title='bbox 369 630 378 643; x_wconf 82' lang='lat'><strong>,</strong></span> <span class='ocrx_word' id='word_1_82' title='bbox 402 610 450 638; x_wconf 76' lang='grc' dir='ltr'>καὶ</span> <span class='ocrx_word' id='word_1_83' title='bbox 470 610 632 645; x_wconf 76' lang='grc' dir='ltr'><strong>πιθανότητι</strong></span> <span class='ocrx_word' id='word_1_84' title='bbox 649 611 737 645; x_wconf 79' lang='grc' dir='ltr'>λόγων</span> <span class='ocrx_word' id='word_1_85' title='bbox 762 612 812 647; x_wconf 78' lang='grc' dir='ltr'>τῆς</span> <span class='ocrx_word' id='word_1_86' title='bbox 827 612 956 648; x_wconf 75' lang='grc' dir='ltr'><strong>ἀληθείας</strong></span> 
     </span>
    </p>
   </div>
   <div class='ocr_carea' id='block_1_15' title="bbox 173 656 953 693">
    <p class='ocr_par' dir='ltr' id='par_1_15' title="bbox 173 656 953 693">
     <span class='ocr_line' id='line_1_15' title="bbox 173 656 953 693; baseline 0.001 -11"><span class='ocrx_word' id='word_1_87' title='bbox 173 656 355 691; x_wconf 74' lang='grc' dir='ltr'>ἀφεστηκυῖα.</span> <span class='ocrx_word' id='word_1_88' title='bbox 371 656 410 683; x_wconf 80' lang='grc' dir='ltr'><strong>οὐ</strong></span> <span class='ocrx_word' id='word_1_89' title='bbox 425 657 480 691; x_wconf 73' lang='grc' dir='ltr'>γὰρ</span> <span class='ocrx_word' id='word_1_90' title='bbox 492 656 573 683; x_wconf 76' lang='grc' dir='ltr'>ίκανά</span> <span class='ocrx_word' id='word_1_91' title='bbox 586 656 649 692; x_wconf 80' lang='grc' dir='ltr'>περὶ</span> <span class='ocrx_word' id='word_1_92' title='bbox 665 657 733 684; x_wconf 82' lang='grc' dir='ltr'><strong>Θεοῦ</strong></span> <span class='ocrx_word' id='word_1_93' title='bbox 748 657 783 685; x_wconf 78' lang='grc' dir='ltr'><strong>τά</strong></span> <span class='ocrx_word' id='word_1_94' title='bbox 798 657 828 691; x_wconf 64' lang='grc' dir='ltr'><strong>ἑξ</strong></span> <span class='ocrx_word' id='word_1_95' title='bbox 846 656 953 693; x_wconf 79' lang='grc' dir='ltr'>ἀνθρώ-</span> 
     </span>
    </p>
   </div>
   <div class='ocr_carea' id='block_1_16' title="bbox 173 702 958 739">
    <p class='ocr_par' dir='ltr' id='par_1_16' title="bbox 173 702 958 739">
     <span class='ocr_line' id='line_1_16' title="bbox 173 702 958 739; baseline 0.001 -11"><span class='ocrx_word' id='word_1_96' title='bbox 173 709 232 728; x_wconf 85' lang='grc' dir='ltr'><strong>πων</strong></span> <span class='ocrx_word' id='word_1_97' title='bbox 246 702 382 737; x_wconf 80' lang='grc' dir='ltr'>νοήματα,</span> <span class='ocrx_word' id='word_1_98' title='bbox 402 702 499 738; x_wconf 72' lang='grc' dir='ltr'>ιπειδὴ</span> <span class='ocrx_word' id='word_1_99' title='bbox 511 703 597 729; x_wconf 80' lang='grc' dir='ltr'>πᾶσαι</span> <span class='ocrx_word' id='word_1_100' title='bbox 614 704 642 730; x_wconf 84' lang='grc' dir='ltr'>αι</span> <span class='ocrx_word' id='word_1_101' title='bbox 657 703 828 739; x_wconf 82' lang='grc' dir='ltr'>ἀνθρώπιναι</span> <span class='ocrx_word' id='word_1_102' title='bbox 842 703 958 738; x_wconf 81' lang='grc' dir='ltr'>καταλή-</span> 
     </span>
    </p>
   </div>
   <div class='ocr_carea' id='block_1_17' title="bbox 172 745 957 784">
    <p class='ocr_par' dir='ltr' id='par_1_17' title="bbox 172 745 957 784">
     <span class='ocr_line' id='line_1_17' title="bbox 172 745 957 784; baseline 0.005 -12"><span class='ocrx_word' id='word_1_103' title='bbox 172 746 235 781; x_wconf 75' lang='grc' dir='ltr'>ψεις</span> <span class='ocrx_word' id='word_1_104' title='bbox 251 747 283 773; x_wconf 68' lang='grc' dir='ltr'>ἐκ</span> <span class='ocrx_word' id='word_1_105' title='bbox 304 747 360 775; x_wconf 77' lang='grc' dir='ltr'><strong>τῶν</strong></span> <span class='ocrx_word' id='word_1_106' title='bbox 377 747 486 783; x_wconf 80' lang='grc' dir='ltr'>ὁρατῶν</span> <span class='ocrx_word' id='word_1_107' title='bbox 501 745 580 776; x_wconf 79' lang='grc' dir='ltr'>οὖσαι</span> <span class='ocrx_word' id='word_1_108' title='bbox 590 767 599 781; x_wconf 87' lang='lat'><strong>,</strong></span> <span class='ocrx_word' id='word_1_109' title='bbox 614 748 662 775; x_wconf 83' lang='grc' dir='ltr'>καὶ</span> <span class='ocrx_word' id='word_1_110' title='bbox 673 749 706 776; x_wconf 80' lang='grc' dir='ltr'>ὲκ</span> <span class='ocrx_word' id='word_1_111' title='bbox 720 749 774 776; x_wconf 88' lang='grc' dir='ltr'><strong>τῶν</strong></span> <span class='ocrx_word' id='word_1_112' title='bbox 788 749 836 776; x_wconf 85' lang='grc' dir='ltr'>τοῦ</span> <span class='ocrx_word' id='word_1_113' title='bbox 854 749 957 784; x_wconf 87' lang='grc' dir='ltr'>κόσμου</span> 
     </span>
    </p>
   </div>
   <div class='ocr_carea' id='block_1_18' title="bbox 174 791 958 830">
    <p class='ocr_par' dir='ltr' id='par_1_18' title="bbox 174 791 958 830">
     <span class='ocr_line' id='line_1_18' title="bbox 174 791 958 830; baseline 0.004 -12"><span class='ocrx_word' id='word_1_114' title='bbox 174 791 325 826; x_wconf 81' lang='grc' dir='ltr'>στοιχείων,</span> <span class='ocrx_word' id='word_1_115' title='bbox 342 792 392 819; x_wconf 80' lang='grc' dir='ltr'>οὐκ</span> <span class='ocrx_word' id='word_1_116' title='bbox 407 792 463 820; x_wconf 70' lang='grc' dir='ltr'>εισι</span> <span class='ocrx_word' id='word_1_117' title='bbox 478 792 585 828; x_wconf 70' lang='grc' dir='ltr'>βάϐαιαι</span> <span class='ocrx_word' id='word_1_118' title='bbox 602 793 670 830; x_wconf 75' lang='grc' dir='ltr'>πρὸς</span> <span class='ocrx_word' id='word_1_119' title='bbox 683 794 733 830; x_wconf 79' lang='grc' dir='ltr'>τὴν</span> <span class='ocrx_word' id='word_1_120' title='bbox 751 794 804 821; x_wconf 75' lang='grc' dir='ltr'><strong>τῶν</strong></span> <span class='ocrx_word' id='word_1_121' title='bbox 824 794 958 830; x_wconf 80' lang='grc' dir='ltr'>ζητουμέ-</span> 
     </span>
    </p>
   </div>
   <div class='ocr_carea' id='block_1_19' title="bbox 172 838 884 876">
    <p class='ocr_par' dir='ltr' id='par_1_19' title="bbox 172 838 884 876">
     <span class='ocr_line' id='line_1_19' title="bbox 172 838 884 876; baseline 0.004 -12"><span class='ocrx_word' id='word_1_122' title='bbox 172 845 227 864; x_wconf 89' lang='grc' dir='ltr'><strong>νων</strong></span> <span class='ocrx_word' id='word_1_123' title='bbox 238 838 402 874; x_wconf 81' lang='grc' dir='ltr'>κατάληψιν,</span> <span class='ocrx_word' id='word_1_124' title='bbox 417 839 472 866; x_wconf 85' lang='grc' dir='ltr'><strong>τῶν</strong></span> <span class='ocrx_word' id='word_1_125' title='bbox 488 840 614 876; x_wconf 78' lang='grc' dir='ltr'>ἀοράτων</span> <span class='ocrx_word' id='word_1_126' title='bbox 627 839 683 868; x_wconf 81' lang='grc' dir='ltr'><strong>τῶν</strong></span> <span class='ocrx_word' id='word_1_127' title='bbox 698 840 884 876; x_wconf 78' lang='grc' dir='ltr'>ζητουμένων.</span> 
     </span>
    </p>
   </div>
   <div class='ocr_carea' id='block_1_20' title="bbox 211 928 957 966">
    <p class='ocr_par' dir='ltr' id='par_1_20' title="bbox 211 928 957 966">
     <span class='ocr_line' id='line_1_20' title="bbox 211 928 957 966; baseline 0.001 -11"><span class='ocrx_word' id='word_1_128' title='bbox 211 935 222 954; x_wconf 77' lang='grc' dir='ltr'><strong>ε</strong></span> <span class='ocrx_word' id='word_1_129' title='bbox 241 928 302 956; x_wconf 83' lang='grc' dir='ltr'>ὀτι</span> <span class='ocrx_word' id='word_1_130' title='bbox 329 929 359 956; x_wconf 73' lang='grc' dir='ltr'>ἑν</span> <span class='ocrx_word' id='word_1_131' title='bbox 374 928 458 964; x_wconf 80' lang='grc' dir='ltr'>ἀὐτῷ</span> <span class='ocrx_word' id='word_1_132' title='bbox 482 930 607 957; x_wconf 75' lang='grc' dir='ltr'>κατοικεῖ</span> <span class='ocrx_word' id='word_1_133' title='bbox 626 930 680 958; x_wconf 75' lang='grc' dir='ltr'><strong>πᾶν</strong></span> <span class='ocrx_word' id='word_1_134' title='bbox 696 929 727 957; x_wconf 76' lang='grc' dir='ltr'>τὸ</span> <span class='ocrx_word' id='word_1_135' title='bbox 747 929 885 966; x_wconf 84' lang='grc' dir='ltr'>πλήρωμα</span> <span class='ocrx_word' id='word_1_136' title='bbox 906 929 957 964; x_wconf 86' lang='grc' dir='ltr'>τῆς</span> 
     </span>
    </p>
   </div>
   <div class='ocr_carea' id='block_1_21' title="bbox 175 973 516 1009">
    <p class='ocr_par' dir='ltr' id='par_1_21' title="bbox 175 973 516 1009">
     <span class='ocr_line' id='line_1_21' title="bbox 175 973 516 1009; baseline 0 -9"><span class='ocrx_word' id='word_1_137' title='bbox 175 973 300 1008; x_wconf 68' lang='grc' dir='ltr'>θεότητος</span> <span class='ocrx_word' id='word_1_138' title='bbox 313 973 488 1009; x_wconf 83' lang='grc' dir='ltr'>σωματικῶς.</span> <span class='ocrx_word' id='word_1_139' title='bbox 506 983 516 1000; x_wconf 76' lang='grc' dir='ltr'><strong>ι</strong></span> 
     </span>
    </p>
   </div>
   <div class='ocr_carea' id='block_1_22' title="bbox 217 1018 956 1056">
    <p class='ocr_par' dir='ltr' id='par_1_22' title="bbox 217 1018 956 1056">
     <span class='ocr_line' id='line_1_22' title="bbox 217 1018 956 1056; baseline 0 -10"><span class='ocrx_word' id='word_1_140' title='bbox 217 1019 260 1046; x_wconf 85' lang='lat' dir='ltr'><strong>&#39;Ev</strong></span> <span class='ocrx_word' id='word_1_141' title='bbox 276 1018 397 1055; x_wconf 81' lang='grc' dir='ltr'>Χριστῷ,</span> <span class='ocrx_word' id='word_1_142' title='bbox 412 1020 490 1055; x_wconf 72' lang='grc' dir='ltr'>φησὶ,</span> <span class='ocrx_word' id='word_1_143' title='bbox 504 1020 552 1047; x_wconf 78' lang='grc' dir='ltr'>καὶ</span> <span class='ocrx_word' id='word_1_144' title='bbox 562 1021 576 1047; x_wconf 82' lang='lat'><strong><em>6</em></strong></span> <span class='ocrx_word' id='word_1_145' title='bbox 589 1020 684 1056; x_wconf 88' lang='grc' dir='ltr'>Πατήρ</span> <span class='ocrx_word' id='word_1_146' title='bbox 697 1020 756 1047; x_wconf 66' lang='grc' dir='ltr'>ἑστι</span> <span class='ocrx_word' id='word_1_147' title='bbox 770 1020 817 1046; x_wconf 75' lang='grc' dir='ltr'>καὶ</span> <span class='ocrx_word' id='word_1_148' title='bbox 830 1019 862 1046; x_wconf 83' lang='grc' dir='ltr'><strong>τὺ</strong></span> <span class='ocrx_word' id='word_1_149' title='bbox 875 1019 956 1054; x_wconf 74' lang='grc' dir='ltr'>ἅγιον</span> 
     </span>
    </p>
   </div>
   <div class='ocr_carea' id='block_1_23' title="bbox 175 1063 957 1102">
    <p class='ocr_par' dir='ltr' id='par_1_23' title="bbox 175 1063 957 1102">
     <span class='ocr_line' id='line_1_23' title="bbox 175 1063 957 1102; baseline 0 -10"><span class='ocrx_word' id='word_1_150' title='bbox 175 1064 298 1100; x_wconf 83' lang='grc' dir='ltr'>Πνεῦμα.</span> <span class='ocrx_word' id='word_1_151' title='bbox 315 1065 371 1092; x_wconf 76' lang='grc' dir='ltr'>Καὶ</span> <span class='ocrx_word' id='word_1_152' title='bbox 386 1065 432 1092; x_wconf 83' lang='grc' dir='ltr'><strong>ἴνα</strong></span> <span class='ocrx_word' id='word_1_153' title='bbox 450 1065 488 1100; x_wconf 83' lang='grc' dir='ltr'>μή</span> <span class='ocrx_word' id='word_1_154' title='bbox 501 1073 544 1096; x_wconf 87' lang='grc' dir='ltr'><strong>τις</strong></span> <span class='ocrx_word' id='word_1_155' title='bbox 559 1065 660 1102; x_wconf 77' lang='grc' dir='ltr'>νομίσῃ</span> <span class='ocrx_word' id='word_1_156' title='bbox 674 1065 801 1101; x_wconf 79' lang='grc' dir='ltr'>σχετικὴν</span> <span class='ocrx_word' id='word_1_157' title='bbox 815 1063 884 1092; x_wconf 70' lang='grc' dir='ltr'>εἶναι</span> <span class='ocrx_word' id='word_1_158' title='bbox 907 1066 957 1100; x_wconf 85' lang='grc' dir='ltr'>τὴν</span> 
     </span>
    </p>
   </div>
   <div class='ocr_carea' id='block_1_24' title="bbox 175 1109 955 1147">
    <p class='ocr_par' dir='ltr' id='par_1_24' title="bbox 175 1109 955 1147">
     <span class='ocr_line' id='line_1_24' title="bbox 175 1109 955 1147; baseline 0 -9"><span class='ocrx_word' id='word_1_159' title='bbox 175 1111 348 1146; x_wconf 77' lang='grc' dir='ltr'>κατοίκησιν,</span> <span class='ocrx_word' id='word_1_160' title='bbox 360 1110 377 1146; x_wconf 76' lang='grc' dir='ltr'>ἢ</span> <span class='ocrx_word' id='word_1_161' title='bbox 391 1110 560 1146; x_wconf 82' lang='grc' dir='ltr'>συναπτικὴν</span> <span class='ocrx_word' id='word_1_162' title='bbox 574 1111 677 1144; x_wconf 80' lang='grc' dir='ltr'>ἁπλῶς,</span> <span class='ocrx_word' id='word_1_163' title='bbox 690 1111 784 1138; x_wconf 81' lang='grc' dir='ltr'>τούτου</span> <span class='ocrx_word' id='word_1_164' title='bbox 796 1111 876 1147; x_wconf 82' lang='grc' dir='ltr'>χάριν</span> <span class='ocrx_word' id='word_1_165' title='bbox 885 1109 955 1143; x_wconf 78' lang='grc' dir='ltr'>εἷπε,</span> 
     </span>
    </p>
   </div>
   <div class='ocr_carea' id='block_1_25' title="bbox 175 1152 957 1192">
    <p class='ocr_par' dir='ltr' id='par_1_25' title="bbox 175 1152 957 1192">
     <span class='ocr_line' id='line_1_25' title="bbox 175 1152 957 1192; baseline -0.001 -9"><span class='ocrx_word' id='word_1_166' title='bbox 175 1155 357 1192; x_wconf 78' lang='grc' dir='ltr'>σωματικῶς,</span> <span class='ocrx_word' id='word_1_167' title='bbox 370 1157 429 1184; x_wconf 78' lang='grc' dir='ltr'>ἀντὶ</span> <span class='ocrx_word' id='word_1_168' title='bbox 440 1156 498 1189; x_wconf 80' lang='grc' dir='ltr'>τοῦ,</span> <span class='ocrx_word' id='word_1_169' title='bbox 507 1156 651 1188; x_wconf 80' lang='grc' dir='ltr'>οὐσιωδῶς.</span> <span class='ocrx_word' id='word_1_170' title='bbox 665 1157 745 1190; x_wconf 80' lang='grc' dir='ltr'>Λέγει</span> <span class='ocrx_word' id='word_1_171' title='bbox 761 1155 818 1189; x_wconf 78' lang='grc' dir='ltr'>οὖν,</span> <span class='ocrx_word' id='word_1_172' title='bbox 831 1157 868 1188; x_wconf 81' lang='grc' dir='ltr'>ὡς</span> <span class='ocrx_word' id='word_1_173' title='bbox 879 1152 957 1187; x_wconf 71' lang='grc' dir='ltr'>οὗτος</span> 
     </span>
    </p>
   </div>
   <div class='ocr_carea' id='block_1_26' title="bbox 175 1199 956 1235">
    <p class='ocr_par' dir='ltr' id='par_1_26' title="bbox 175 1199 956 1235">
     <span class='ocr_line' id='line_1_26' title="bbox 175 1199 956 1235; baseline 0 -8"><span class='ocrx_word' id='word_1_174' title='bbox 175 1201 190 1227; x_wconf 83' lang='grc' dir='ltr'><strong>ὁ</strong></span> <span class='ocrx_word' id='word_1_175' title='bbox 217 1199 364 1235; x_wconf 76' lang='grc' dir='ltr'>γενόμενος</span> <span class='ocrx_word' id='word_1_176' title='bbox 390 1200 533 1235; x_wconf 81' lang='grc' dir='ltr'>ἄνθρωπός</span> <span class='ocrx_word' id='word_1_177' title='bbox 554 1201 628 1227; x_wconf 68' lang='grc' dir='ltr'>ἐστιν</span> <span class='ocrx_word' id='word_1_178' title='bbox 647 1201 661 1227; x_wconf 84' lang='grc' dir='ltr'><strong>ὁ</strong></span> <span class='ocrx_word' id='word_1_179' title='bbox 682 1201 745 1233; x_wconf 82' lang='grc' dir='ltr'>Υίὺς</span> <span class='ocrx_word' id='word_1_180' title='bbox 770 1200 819 1227; x_wconf 84' lang='grc' dir='ltr'>τοῦ</span> <span class='ocrx_word' id='word_1_181' title='bbox 839 1200 918 1232; x_wconf 84' lang='grc' dir='ltr'>Θεοῦ,</span> <span class='ocrx_word' id='word_1_182' title='bbox 942 1201 956 1227; x_wconf 82' lang='grc' dir='ltr'><strong>δ</strong></span> 
     </span>
    </p>
   </div>
   <div class='ocr_carea' id='block_1_27' title="bbox 174 1245 815 1282">
    <p class='ocr_par' dir='ltr' id='par_1_27' title="bbox 174 1245 815 1282">
     <span class='ocr_line' id='line_1_27' title="bbox 174 1245 815 1282; baseline 0.003 -10"><span class='ocrx_word' id='word_1_183' title='bbox 174 1245 318 1282; x_wconf 83' lang='grc' dir='ltr'>ὸμοούσιος</span> <span class='ocrx_word' id='word_1_184' title='bbox 335 1245 408 1280; x_wconf 80' lang='grc' dir='ltr'>αὐτῷ</span> <span class='ocrx_word' id='word_1_185' title='bbox 421 1254 451 1272; x_wconf 88' lang='grc' dir='ltr'><strong>τε</strong></span> <span class='ocrx_word' id='word_1_186' title='bbox 463 1246 512 1273; x_wconf 84' lang='grc' dir='ltr'>καὶ</span> <span class='ocrx_word' id='word_1_187' title='bbox 524 1246 563 1281; x_wconf 86' lang='grc' dir='ltr'><strong>τῷ</strong></span> <span class='ocrx_word' id='word_1_188' title='bbox 580 1246 650 1282; x_wconf 84' lang='grc' dir='ltr'>ἁγίῳ</span> <span class='ocrx_word' id='word_1_189' title='bbox 667 1246 815 1282; x_wconf 86' lang='grc' dir='ltr'>Πνεὺματι.</span> 
     </span>
    </p>
   </div>
   <div class='ocr_carea' id='block_1_28' title="bbox 213 1336 764 1373">
    <p class='ocr_par' dir='ltr' id='par_1_28' title="bbox 213 1336 764 1373">
     <span class='ocr_line' id='line_1_28' title="bbox 213 1336 764 1373; baseline -0.004 -8"><span class='ocrx_word' id='word_1_190' title='bbox 213 1346 223 1364; x_wconf 79' lang='grc' dir='ltr'><strong>ι</strong></span> <span class='ocrx_word' id='word_1_191' title='bbox 239 1337 295 1365; x_wconf 79' lang='grc' dir='ltr'><strong>Καὶ</strong></span> <span class='ocrx_word' id='word_1_192' title='bbox 309 1336 372 1364; x_wconf 76' lang='grc' dir='ltr'>ἐστὲ</span> <span class='ocrx_word' id='word_1_193' title='bbox 385 1338 413 1364; x_wconf 72' lang='grc' dir='ltr'>ἐν</span> <span class='ocrx_word' id='word_1_194' title='bbox 426 1336 501 1373; x_wconf 75' lang='grc' dir='ltr'>αὐτῷ</span> <span class='ocrx_word' id='word_1_195' title='bbox 514 1336 736 1373; x_wconf 83' lang='grc' dir='ltr'>πεπληρωμένοι.</span> <span class='ocrx_word' id='word_1_196' title='bbox 754 1346 764 1363; x_wconf 74' lang='lat' dir='ltr'><strong>s</strong></span> 
     </span>
    </p>
   </div>
   <div class='ocr_carea' id='block_1_29' title="bbox 215 1381 955 1418">
    <p class='ocr_par' dir='ltr' id='par_1_29' title="bbox 215 1381 955 1418">
     <span class='ocr_line' id='line_1_29' title="bbox 215 1381 955 1418; baseline -0.001 -9"><span class='ocrx_word' id='word_1_197' title='bbox 215 1383 323 1418; x_wconf 79' lang='grc' dir='ltr'>Ἐπειδὴ</span> <span class='ocrx_word' id='word_1_198' title='bbox 339 1382 407 1418; x_wconf 79' lang='grc' dir='ltr'>σὰρξ</span> <span class='ocrx_word' id='word_1_199' title='bbox 427 1382 509 1409; x_wconf 81' lang='grc' dir='ltr'>αὐτοῦ</span> <span class='ocrx_word' id='word_1_200' title='bbox 530 1382 578 1410; x_wconf 80' lang='grc' dir='ltr'>καὶ</span> <span class='ocrx_word' id='word_1_201' title='bbox 599 1382 668 1418; x_wconf 77' lang='grc' dir='ltr'>μέλη</span> <span class='ocrx_word' id='word_1_202' title='bbox 685 1382 828 1416; x_wconf 82' lang='grc' dir='ltr'>γεγόνατε,</span> <span class='ocrx_word' id='word_1_203' title='bbox 845 1381 894 1408; x_wconf 78' lang='grc' dir='ltr'>καὶ</span> <span class='ocrx_word' id='word_1_204' title='bbox 909 1390 955 1408; x_wconf 85' lang='grc' dir='ltr'>κε-</span> 
     </span>
    </p>
   </div>
   <div class='ocr_carea' id='block_1_30' title="bbox 173 1428 955 1465">
    <p class='ocr_par' dir='ltr' id='par_1_30' title="bbox 173 1428 955 1465">
     <span class='ocr_line' id='line_1_30' title="bbox 173 1428 955 1465; baseline -0.004 -9"><span class='ocrx_word' id='word_1_205' title='bbox 173 1429 261 1465; x_wconf 78' lang='grc' dir='ltr'>φαλὴν</span> <span class='ocrx_word' id='word_1_206' title='bbox 275 1429 356 1456; x_wconf 79' lang='grc' dir='ltr'>αὑτὸν</span> <span class='ocrx_word' id='word_1_207' title='bbox 371 1429 464 1464; x_wconf 77' lang='grc' dir='ltr'>ἔχετε,</span> <span class='ocrx_word' id='word_1_208' title='bbox 478 1428 573 1456; x_wconf 84' lang='grc' dir='ltr'>τούτου</span> <span class='ocrx_word' id='word_1_209' title='bbox 598 1428 678 1464; x_wconf 83' lang='grc' dir='ltr'>χάριν</span> <span class='ocrx_word' id='word_1_210' title='bbox 699 1428 858 1463; x_wconf 84' lang='grc' dir='ltr'>Πνεύματος</span> <span class='ocrx_word' id='word_1_211' title='bbox 877 1428 955 1462; x_wconf 81' lang='grc' dir='ltr'>ἁγίου</span> 
     </span>
    </p>
   </div>
   <div class='ocr_carea' id='block_1_31' title="bbox 173 1467 855 1509">
    <p class='ocr_par' dir='ltr' id='par_1_31' title="bbox 173 1467 855 1509">
     <span class='ocr_line' id='line_1_31' title="bbox 173 1467 855 1509; baseline -0.001 -9"><span class='ocrx_word' id='word_1_212' title='bbox 173 1473 237 1504; x_wconf 65' lang='grc' dir='ltr'>ἐστὶ</span> <span class='ocrx_word' id='word_1_213' title='bbox 251 1473 472 1509; x_wconf 74' lang='grc' dir='ltr'>πεπληρωμένοι.</span> <span class='ocrx_word' id='word_1_214' title='bbox 850 1467 855 1471; x_wconf 77' lang='grc'><strong>’</strong></span> 
     </span>
    </p>
   </div>
   <div class='ocr_carea' id='block_1_32' title="bbox 1006 250 1789 288">
    <p class='ocr_par' dir='ltr' id='par_1_32' title="bbox 1006 250 1789 288">
     <span class='ocr_line' id='line_1_32' title="bbox 1006 250 1789 288; baseline -0.003 -8"><span class='ocrx_word' id='word_1_215' title='bbox 1006 252 1173 288; x_wconf 81' lang='lat' dir='ltr'><strong>losophiam.</strong></span> <span class='ocrx_word' id='word_1_216' title='bbox 1185 255 1211 280; x_wconf 86' lang='lat' dir='ltr'><strong>et</strong></span> <span class='ocrx_word' id='word_1_217' title='bbox 1229 251 1339 279; x_wconf 84' lang='lat' dir='ltr'><strong>inanem</strong></span> <span class='ocrx_word' id='word_1_218' title='bbox 1365 250 1517 284; x_wconf 74' lang='lat' dir='ltr'><strong>fallaciam.</strong></span> <span class='ocrx_word' id='word_1_219' title='bbox 1532 251 1684 280; x_wconf 87' lang='lat' dir='ltr'><strong>secundum</strong></span> <span class='ocrx_word' id='word_1_220' title='bbox 1704 251 1789 278; x_wconf 83' lang='lat' dir='ltr'><strong>tradi-</strong></span> 
     </span>
    </p>
   </div>
   <div class='ocr_carea' id='block_1_33' title="bbox 1007 296 1788 329">
    <p class='ocr_par' dir='ltr' id='par_1_33' title="bbox 1007 296 1788 329">
     <span class='ocr_line' id='line_1_33' title="bbox 1007 296 1788 329; baseline -0.001 -4"><span class='ocrx_word' id='word_1_221' title='bbox 1007 297 1110 325; x_wconf 88' lang='lat' dir='ltr'><strong>tionem</strong></span> <span class='ocrx_word' id='word_1_222' title='bbox 1133 297 1289 328; x_wconf 87' lang='lat' dir='ltr'><strong>hominum.</strong></span> <span class='ocrx_word' id='word_1_223' title='bbox 1311 296 1465 323; x_wconf 82' lang='lat' dir='ltr'><strong>secundum</strong></span> <span class='ocrx_word' id='word_1_224' title='bbox 1480 297 1618 324; x_wconf 89' lang='lat' dir='ltr'><strong>elementa</strong></span> <span class='ocrx_word' id='word_1_225' title='bbox 1635 296 1742 329; x_wconf 83' lang='lat' dir='ltr'><strong>mundi,</strong></span> <span class='ocrx_word' id='word_1_226' title='bbox 1760 301 1788 323; x_wconf 86' lang='lat' dir='ltr'><strong>et</strong></span> 
     </span>
    </p>
   </div>
   <div class='ocr_carea' id='block_1_34' title="bbox 1007 341 1421 372">
    <p class='ocr_par' dir='ltr' id='par_1_34' title="bbox 1007 341 1421 372">
     <span class='ocr_line' id='line_1_34' title="bbox 1007 341 1421 372; baseline -0.007 0"><span class='ocrx_word' id='word_1_227' title='bbox 1007 351 1063 371; x_wconf 80' lang='lat' dir='ltr'><strong>non</strong></span> <span class='ocrx_word' id='word_1_228' title='bbox 1074 342 1227 372; x_wconf 77' lang='lat' dir='ltr'><strong>secundum</strong></span> <span class='ocrx_word' id='word_1_229' title='bbox 1240 341 1394 370; x_wconf 82' lang='lat' dir='ltr'><strong>Christum.</strong></span> <span class='ocrx_word' id='word_1_230' title='bbox 1412 350 1421 367; x_wconf 76' lang='grc' dir='ltr'><strong>ι</strong></span> 
     </span>
    </p>
   </div>
   <div class='ocr_carea' id='block_1_35' title="bbox 1042 387 1787 422">
    <p class='ocr_par' dir='ltr' id='par_1_35' title="bbox 1042 387 1787 422">
     <span class='ocr_line' id='line_1_35' title="bbox 1042 387 1787 422; baseline 0.001 -7"><span class='ocrx_word' id='word_1_231' title='bbox 1042 387 1101 416; x_wconf 74' lang='lat' dir='ltr'><strong>Hoc</strong></span> <span class='ocrx_word' id='word_1_232' title='bbox 1124 387 1152 415; x_wconf 90' lang='lat' dir='ltr'><strong>in</strong></span> <span class='ocrx_word' id='word_1_233' title='bbox 1172 387 1289 422; x_wconf 83' lang='lat' dir='ltr'><strong>epistola</strong></span> <span class='ocrx_word' id='word_1_234' title='bbox 1313 387 1430 414; x_wconf 89' lang='lat' dir='ltr'><strong>multum</strong></span> <span class='ocrx_word' id='word_1_235' title='bbox 1454 392 1608 415; x_wconf 82' lang='lat' dir='ltr'><strong>sermouem</strong></span> <span class='ocrx_word' id='word_1_236' title='bbox 1631 388 1714 416; x_wconf 86' lang='lat' dir='ltr'><strong>habet</strong></span> <span class='ocrx_word' id='word_1_237' title='bbox 1740 388 1787 416; x_wconf 80' lang='lat' dir='ltr'><strong>ad-</strong></span> 
     </span>
    </p>
   </div>
   <div class='ocr_carea' id='block_1_36' title="bbox 1006 430 1791 468">
    <p class='ocr_par' dir='ltr' id='par_1_36' title="bbox 1006 430 1791 468">
     <span class='ocr_line' id='line_1_36' title="bbox 1006 430 1791 468; baseline -0.003 -6"><span class='ocrx_word' id='word_1_238' title='bbox 1006 440 1107 462; x_wconf 78' lang='lat' dir='ltr'><strong>versus</strong></span> <span class='ocrx_word' id='word_1_239' title='bbox 1131 432 1242 461; x_wconf 65' lang='lat' dir='ltr'><strong>Graecos</strong></span> <span class='ocrx_word' id='word_1_240' title='bbox 1265 435 1293 460; x_wconf 86' lang='lat' dir='ltr'><strong>et</strong></span> <span class='ocrx_word' id='word_1_241' title='bbox 1322 430 1442 464; x_wconf 73' lang='lat' dir='ltr'><strong>Iudaeos,</strong></span> <span class='ocrx_word' id='word_1_242' title='bbox 1469 439 1525 467; x_wconf 88' lang='lat' dir='ltr'><strong>quo</strong></span> <span class='ocrx_word' id='word_1_243' title='bbox 1549 433 1584 460; x_wconf 83' lang='lat' dir='ltr'><strong>ab</strong></span> <span class='ocrx_word' id='word_1_244' title='bbox 1612 437 1791 468; x_wconf 84' lang='lat' dir='ltr'><strong>utrorumque</strong></span> 
     </span>
    </p>
   </div>
   <div class='ocr_carea' id='block_1_37' title="bbox 1007 475 1791 514">
    <p class='ocr_par' dir='ltr' id='par_1_37' title="bbox 1007 475 1791 514">
     <span class='ocr_line' id='line_1_37' title="bbox 1007 475 1791 514; baseline -0.004 -8"><span class='ocrx_word' id='word_1_245' title='bbox 1007 478 1144 514; x_wconf 74' lang='lat' dir='ltr'><strong>pravitate</strong></span> <span class='ocrx_word' id='word_1_246' title='bbox 1172 477 1268 506; x_wconf 83' lang='lat' dir='ltr'><strong>ﬁdeles</strong></span> <span class='ocrx_word' id='word_1_247' title='bbox 1287 477 1436 505; x_wconf 84' lang='lat' dir='ltr'><strong>deterreat.</strong></span> <span class='ocrx_word' id='word_1_248' title='bbox 1463 475 1587 503; x_wconf 82' lang='lat' dir='ltr'><strong>Primum</strong></span> <span class='ocrx_word' id='word_1_249' title='bbox 1603 476 1687 512; x_wconf 72' lang='lat' dir='ltr'><strong>igitur</strong></span> <span class='ocrx_word' id='word_1_250' title='bbox 1702 477 1791 512; x_wconf 87' lang='lat' dir='ltr'><strong>philo-</strong></span> 
     </span>
    </p>
   </div>
   <div class='ocr_carea' id='block_1_38' title="bbox 1008 521 1791 559">
    <p class='ocr_par' dir='ltr' id='par_1_38' title="bbox 1008 521 1791 559">
     <span class='ocr_line' id='line_1_38' title="bbox 1008 521 1791 559; baseline -0.006 -6"><span class='ocrx_word' id='word_1_251' title='bbox 1008 523 1114 559; x_wconf 68' lang='lat' dir='ltr'><strong>sophias</strong></span> <span class='ocrx_word' id='word_1_252' title='bbox 1129 522 1319 558; x_wconf 83' lang='lat' dir='ltr'><strong>deceptionem</strong></span> <span class='ocrx_word' id='word_1_253' title='bbox 1342 525 1432 552; x_wconf 83' lang='lat' dir='ltr'><strong>cavet.</strong></span> <span class='ocrx_word' id='word_1_254' title='bbox 1451 521 1497 549; x_wconf 88' lang='lat' dir='ltr'><strong>ubi</strong></span> <span class='ocrx_word' id='word_1_255' title='bbox 1512 521 1716 557; x_wconf 77' lang='lat' dir='ltr'><strong>philosophiam</strong></span> <span class='ocrx_word' id='word_1_256' title='bbox 1731 523 1791 548; x_wconf 79' lang='lat' dir='ltr'><strong>ina-</strong></span> 
     </span>
    </p>
   </div>
   <div class='ocr_carea' id='block_1_39' title="bbox 1008 567 1791 604">
    <p class='ocr_par' dir='ltr' id='par_1_39' title="bbox 1008 567 1791 604">
     <span class='ocr_line' id='line_1_39' title="bbox 1008 567 1791 604; baseline -0.004 -7"><span class='ocrx_word' id='word_1_257' title='bbox 1008 568 1220 604; x_wconf 71' lang='lat' dir='ltr'><strong>mfatlaeiam</strong></span> <span class='ocrx_word' id='word_1_258' title='bbox 1235 570 1337 596; x_wconf 79' lang='lat' dir='ltr'><strong>vocat:</strong></span> <span class='ocrx_word' id='word_1_259' title='bbox 1360 567 1464 602; x_wconf 81' lang='lat' dir='ltr'><strong>quippe</strong></span> <span class='ocrx_word' id='word_1_260' title='bbox 1483 574 1545 602; x_wconf 69' lang='lat' dir='ltr'><strong>quas</strong></span> <span class='ocrx_word' id='word_1_261' title='bbox 1571 567 1663 602; x_wconf 82' lang='lat' dir='ltr'><strong>specie</strong></span> <span class='ocrx_word' id='word_1_262' title='bbox 1687 567 1791 602; x_wconf 87' lang='lat' dir='ltr'><strong>percel-</strong></span> 
     </span>
    </p>
   </div>
   <div class='ocr_carea' id='block_1_40' title="bbox 1007 612 1791 650">
    <p class='ocr_par' dir='ltr' id='par_1_40' title="bbox 1007 612 1791 650">
     <span class='ocr_line' id='line_1_40' title="bbox 1007 612 1791 650; baseline -0.003 -7"><span class='ocrx_word' id='word_1_263' title='bbox 1007 615 1056 648; x_wconf 89' lang='lat' dir='ltr'><strong>lat,</strong></span> <span class='ocrx_word' id='word_1_264' title='bbox 1070 617 1099 642; x_wconf 89' lang='lat' dir='ltr'><strong>et</strong></span> <span class='ocrx_word' id='word_1_265' title='bbox 1115 613 1311 650; x_wconf 69' lang='lat' dir='ltr'><strong>probabilitate</strong></span> <span class='ocrx_word' id='word_1_266' title='bbox 1325 613 1465 640; x_wconf 80' lang='lat' dir='ltr'><strong>rationum</strong></span> <span class='ocrx_word' id='word_1_267' title='bbox 1488 613 1612 640; x_wconf 85' lang='lat' dir='ltr'><strong>retrahat</strong></span> <span class='ocrx_word' id='word_1_268' title='bbox 1628 620 1643 640; x_wconf 89' lang='lat' dir='ltr'><strong>a</strong></span> <span class='ocrx_word' id='word_1_269' title='bbox 1664 612 1791 641; x_wconf 84' lang='lat' dir='ltr'><strong>veritate.</strong></span> 
     </span>
    </p>
   </div>
   <div class='ocr_carea' id='block_1_41' title="bbox 1008 655 1793 694">
    <p class='ocr_par' dir='ltr' id='par_1_41' title="bbox 1008 655 1793 694">
     <span class='ocr_line' id='line_1_41' title="bbox 1008 655 1793 694; baseline -0.006 -7"><span class='ocrx_word' id='word_1_270' title='bbox 1008 659 1102 694; x_wconf 78' lang='lat' dir='ltr'><strong>Neque</strong></span> <span class='ocrx_word' id='word_1_271' title='bbox 1117 659 1192 686; x_wconf 86' lang='lat' dir='ltr'><strong>enim</strong></span> <span class='ocrx_word' id='word_1_272' title='bbox 1209 657 1354 685; x_wconf 77' lang='lat' dir='ltr'><strong>hominum</strong></span> <span class='ocrx_word' id='word_1_273' title='bbox 1372 663 1454 684; x_wconf 82' lang='lat' dir='ltr'><strong>sensa</strong></span> <span class='ocrx_word' id='word_1_274' title='bbox 1475 655 1573 684; x_wconf 88' lang='lat' dir='ltr'><strong>idonea</strong></span> <span class='ocrx_word' id='word_1_275' title='bbox 1589 659 1664 688; x_wconf 90' lang='lat' dir='ltr'><strong>sunt,</strong></span> <span class='ocrx_word' id='word_1_276' title='bbox 1682 659 1711 682; x_wconf 91' lang='lat' dir='ltr'><strong>ut</strong></span> <span class='ocrx_word' id='word_1_277' title='bbox 1730 663 1793 690; x_wconf 79' lang='lat' dir='ltr'><strong>per-</strong></span> 
     </span>
    </p>
   </div>
   <div class='ocr_carea' id='block_1_42' title="bbox 1008 700 1791 740">
    <p class='ocr_par' dir='ltr' id='par_1_42' title="bbox 1008 700 1791 740">
     <span class='ocr_line' id='line_1_42' title="bbox 1008 700 1791 740; baseline -0.009 -8"><span class='ocrx_word' id='word_1_278' title='bbox 1008 704 1113 740; x_wconf 86' lang='lat' dir='ltr'><strong>cipiant</strong></span> <span class='ocrx_word' id='word_1_279' title='bbox 1127 710 1159 731; x_wconf 75' lang='lat' dir='ltr'><strong>ea</strong></span> <span class='ocrx_word' id='word_1_280' title='bbox 1174 710 1234 737; x_wconf 67' lang='lat' dir='ltr'><strong>qua:</strong></span> <span class='ocrx_word' id='word_1_281' title='bbox 1248 701 1296 729; x_wconf 90' lang='lat' dir='ltr'><strong>Dei</strong></span> <span class='ocrx_word' id='word_1_282' title='bbox 1313 705 1379 729; x_wconf 80' lang='lat' dir='ltr'><strong>sunt</strong></span> <span class='ocrx_word' id='word_1_283' title='bbox 1392 709 1399 728; x_wconf 87' lang='lat'><strong>:</strong></span> <span class='ocrx_word' id='word_1_284' title='bbox 1419 701 1550 736; x_wconf 91' lang='lat' dir='ltr'><strong>quoniam</strong></span> <span class='ocrx_word' id='word_1_285' title='bbox 1575 700 1713 727; x_wconf 75' lang='lat' dir='ltr'><strong>universa:</strong></span> <span class='ocrx_word' id='word_1_286' title='bbox 1729 706 1791 734; x_wconf 88' lang='lat' dir='ltr'><strong>per-</strong></span> 
     </span>
    </p>
   </div>
   <div class='ocr_carea' id='block_1_43' title="bbox 1007 745 1791 784">
    <p class='ocr_par' dir='ltr' id='par_1_43' title="bbox 1007 745 1791 784">
     <span class='ocr_line' id='line_1_43' title="bbox 1007 745 1791 784; baseline -0.008 -7"><span class='ocrx_word' id='word_1_287' title='bbox 1007 749 1148 784; x_wconf 81' lang='lat' dir='ltr'><strong>ceptiones</strong></span> <span class='ocrx_word' id='word_1_288' title='bbox 1167 747 1305 779; x_wconf 71' lang='lat' dir='ltr'><strong>humanae,</strong></span> <span class='ocrx_word' id='word_1_289' title='bbox 1320 753 1384 774; x_wconf 91' lang='lat' dir='ltr'><strong>cum</strong></span> <span class='ocrx_word' id='word_1_290' title='bbox 1403 753 1419 773; x_wconf 91' lang='lat' dir='ltr'><strong>a</strong></span> <span class='ocrx_word' id='word_1_291' title='bbox 1445 745 1603 774; x_wconf 81' lang='lat' dir='ltr'><strong>visibilibus</strong></span> <span class='ocrx_word' id='word_1_292' title='bbox 1621 745 1705 772; x_wconf 81' lang='lat' dir='ltr'><strong>rebus</strong></span> <span class='ocrx_word' id='word_1_293' title='bbox 1720 745 1791 771; x_wconf 90' lang='lat' dir='ltr'><strong>inci-</strong></span> 
     </span>
    </p>
   </div>
   <div class='ocr_carea' id='block_1_44' title="bbox 1009 790 1793 830">
    <p class='ocr_par' dir='ltr' id='par_1_44' title="bbox 1009 790 1793 830">
     <span class='ocr_line' id='line_1_44' title="bbox 1009 790 1793 830; baseline -0.005 -8"><span class='ocrx_word' id='word_1_294' title='bbox 1009 794 1096 830; x_wconf 83' lang='lat' dir='ltr'><strong>piant,</strong></span> <span class='ocrx_word' id='word_1_295' title='bbox 1111 800 1218 822; x_wconf 81' lang='lat' dir='ltr'><strong>aecnon</strong></span> <span class='ocrx_word' id='word_1_296' title='bbox 1235 792 1270 820; x_wconf 88' lang='lat' dir='ltr'><strong>ab</strong></span> <span class='ocrx_word' id='word_1_297' title='bbox 1283 792 1428 820; x_wconf 84' lang='lat' dir='ltr'><strong>elementis</strong></span> <span class='ocrx_word' id='word_1_298' title='bbox 1446 791 1552 823; x_wconf 89' lang='lat' dir='ltr'><strong>mundi,</strong></span> <span class='ocrx_word' id='word_1_299' title='bbox 1572 791 1640 819; x_wconf 84' lang='lat' dir='ltr'><strong>nihil</strong></span> <span class='ocrx_word' id='word_1_300' title='bbox 1655 790 1793 818; x_wconf 83' lang='lat' dir='ltr'><strong>ﬁrmitatis</strong></span> 
     </span>
    </p>
   </div>
   <div class='ocr_carea' id='block_1_45' title="bbox 1010 834 1794 873">
    <p class='ocr_par' dir='ltr' id='par_1_45' title="bbox 1010 834 1794 873">
     <span class='ocr_line' id='line_1_45' title="bbox 1010 834 1794 873; baseline -0.008 -6"><span class='ocrx_word' id='word_1_301' title='bbox 1010 839 1112 867; x_wconf 89' lang='lat' dir='ltr'><strong>habent</strong></span> <span class='ocrx_word' id='word_1_302' title='bbox 1127 837 1161 867; x_wconf 89' lang='lat' dir='ltr'><strong>ad</strong></span> <span class='ocrx_word' id='word_1_303' title='bbox 1175 845 1207 865; x_wconf 87' lang='lat' dir='ltr'><strong>ea</strong></span> <span class='ocrx_word' id='word_1_304' title='bbox 1224 845 1285 873; x_wconf 62' lang='lat' dir='ltr'><strong>quae</strong></span> <span class='ocrx_word' id='word_1_305' title='bbox 1298 841 1462 872; x_wconf 85' lang='lat' dir='ltr'><strong>quaeruntur</strong></span> <span class='ocrx_word' id='word_1_306' title='bbox 1479 835 1673 871; x_wconf 73' lang='lat' dir='ltr'><strong>intelligenda,</strong></span> <span class='ocrx_word' id='word_1_307' title='bbox 1691 834 1794 870; x_wconf 90' lang='lat' dir='ltr'><strong>quippe</strong></span> 
     </span>
    </p>
   </div>
   <div class='ocr_carea' id='block_1_46' title="bbox 1009 883 1581 918">
    <p class='ocr_par' dir='ltr' id='par_1_46' title="bbox 1009 883 1581 918">
     <span class='ocr_line' id='line_1_46' title="bbox 1009 883 1581 918; baseline -0.007 -6"><span class='ocrx_word' id='word_1_308' title='bbox 1009 891 1071 912; x_wconf 87' lang='lat' dir='ltr'><strong>cum</strong></span> <span class='ocrx_word' id='word_1_309' title='bbox 1087 883 1238 911; x_wconf 80' lang='lat' dir='ltr'><strong>invisibilia</strong></span> <span class='ocrx_word' id='word_1_310' title='bbox 1258 883 1315 911; x_wconf 89' lang='lat' dir='ltr'><strong>sint</strong></span> <span class='ocrx_word' id='word_1_311' title='bbox 1328 890 1390 918; x_wconf 63' lang='lat' dir='ltr'><strong>quae</strong></span> <span class='ocrx_word' id='word_1_312' title='bbox 1409 885 1581 917; x_wconf 54' lang='lat' dir='ltr'><strong>quaruntur.</strong></span> 
     </span>
    </p>
   </div>
   <div class='ocr_carea' id='block_1_47' title="bbox 1045 924 1794 965">
    <p class='ocr_par' dir='ltr' id='par_1_47' title="bbox 1045 924 1794 965">
     <span class='ocr_line' id='line_1_47' title="bbox 1045 924 1794 965; baseline -0.007 -8"><span class='ocrx_word' id='word_1_313' title='bbox 1045 929 1128 965; x_wconf 59' lang='grc' dir='ltr'><strong>κιο</strong></span> <span class='ocrx_word' id='word_1_314' title='bbox 1143 929 1226 958; x_wconf 70' lang='lat' dir='ltr'><strong>Vna.</strong></span> <span class='ocrx_word' id='word_1_315' title='bbox 1250 928 1278 956; x_wconf 88' lang='lat'><strong>9.</strong></span> <span class='ocrx_word' id='word_1_316' title='bbox 1293 937 1303 954; x_wconf 77' lang='grc' dir='ltr'><strong>ι</strong></span> <span class='ocrx_word' id='word_1_317' title='bbox 1333 928 1402 961; x_wconf 83' lang='lat' dir='ltr'><strong>Quia</strong></span> <span class='ocrx_word' id='word_1_318' title='bbox 1429 927 1457 955; x_wconf 90' lang='lat' dir='ltr'><strong>in</strong></span> <span class='ocrx_word' id='word_1_319' title='bbox 1472 927 1532 962; x_wconf 83' lang='lat' dir='ltr'><strong>ipso</strong></span> <span class='ocrx_word' id='word_1_320' title='bbox 1552 926 1688 954; x_wconf 82' lang='lat' dir='ltr'><strong>inhabitat</strong></span> <span class='ocrx_word' id='word_1_321' title='bbox 1703 924 1794 953; x_wconf 83' lang='lat' dir='ltr'><strong>omnis</strong></span> 
     </span>
    </p>
   </div>
   <div class='ocr_carea' id='block_1_48' title="bbox 1009 973 1697 1012">
    <p class='ocr_par' dir='ltr' id='par_1_48' title="bbox 1009 973 1697 1012">
     <span class='ocr_line' id='line_1_48' title="bbox 1009 973 1697 1012; baseline -0.012 -8"><span class='ocrx_word' id='word_1_322' title='bbox 1009 975 1151 1012; x_wconf 87' lang='lat' dir='ltr'><strong>plenitudo</strong></span> <span class='ocrx_word' id='word_1_323' title='bbox 1167 974 1319 1003; x_wconf 87' lang='lat' dir='ltr'><strong>divinitatis</strong></span> <span class='ocrx_word' id='word_1_324' title='bbox 1333 973 1523 1009; x_wconf 86' lang='lat' dir='ltr'><strong>corporaliter.</strong></span> <span class='ocrx_word' id='word_1_325' title='bbox 1541 982 1550 998; x_wconf 75' lang='grc' dir='ltr'><strong>ι</strong></span> <span class='ocrx_word' id='word_1_326' title='bbox 1694 1000 1697 1006; x_wconf 54' lang='grc'><strong>,</strong></span> 
     </span>
    </p>
   </div>
   <div class='ocr_carea' id='block_1_49' title="bbox 1043 1014 1794 1056">
    <p class='ocr_par' dir='ltr' id='par_1_49' title="bbox 1043 1014 1794 1056">
     <span class='ocr_line' id='line_1_49' title="bbox 1043 1014 1794 1056; baseline -0.008 -6"><span class='ocrx_word' id='word_1_327' title='bbox 1043 1022 1075 1050; x_wconf 89' lang='lat' dir='ltr'><strong>In</strong></span> <span class='ocrx_word' id='word_1_328' title='bbox 1089 1022 1212 1054; x_wconf 85' lang='lat' dir='ltr'><strong>Christo,</strong></span> <span class='ocrx_word' id='word_1_329' title='bbox 1225 1014 1327 1056; x_wconf 76' lang='lat' dir='ltr'><strong>inquit,</strong></span> <span class='ocrx_word' id='word_1_330' title='bbox 1340 1019 1449 1048; x_wconf 80' lang='lat' dir='ltr'><strong>exsistit</strong></span> <span class='ocrx_word' id='word_1_331' title='bbox 1461 1018 1543 1046; x_wconf 88' lang='lat' dir='ltr'><strong>Pater</strong></span> <span class='ocrx_word' id='word_1_332' title='bbox 1558 1026 1590 1046; x_wconf 87' lang='lat' dir='ltr'><strong>ac</strong></span> <span class='ocrx_word' id='word_1_333' title='bbox 1599 1018 1718 1053; x_wconf 85' lang='lat' dir='ltr'><strong>Spiritus</strong></span> <span class='ocrx_word' id='word_1_334' title='bbox 1729 1025 1794 1045; x_wconf 85' lang='lat' dir='ltr'><strong>san—</strong></span> 
     </span>
    </p>
   </div>
   <div class='ocr_carea' id='block_1_50' title="bbox 1009 1063 1793 1102">
    <p class='ocr_par' dir='ltr' id='par_1_50' title="bbox 1009 1063 1793 1102">
     <span class='ocr_line' id='line_1_50' title="bbox 1009 1063 1793 1102; baseline -0.008 -6"><span class='ocrx_word' id='word_1_335' title='bbox 1009 1072 1083 1096; x_wconf 89' lang='lat' dir='ltr'><strong>ctus.</strong></span> <span class='ocrx_word' id='word_1_336' title='bbox 1098 1067 1151 1096; x_wconf 89' lang='lat' dir='ltr'><strong>Sed</strong></span> <span class='ocrx_word' id='word_1_337' title='bbox 1176 1075 1210 1096; x_wconf 92' lang='lat' dir='ltr'><strong>ne</strong></span> <span class='ocrx_word' id='word_1_338' title='bbox 1224 1067 1286 1102; x_wconf 84' lang='lat' dir='ltr'><strong>quis</strong></span> <span class='ocrx_word' id='word_1_339' title='bbox 1303 1065 1445 1094; x_wconf 75' lang='lat' dir='ltr'><strong>existimet</strong></span> <span class='ocrx_word' id='word_1_340' title='bbox 1468 1064 1568 1092; x_wconf 79' lang='lat' dir='ltr'><strong>ail‘ectu</strong></span> <span class='ocrx_word' id='word_1_341' title='bbox 1585 1069 1612 1091; x_wconf 88' lang='lat' dir='ltr'><strong>et</strong></span> <span class='ocrx_word' id='word_1_342' title='bbox 1630 1063 1793 1091; x_wconf 87' lang='lat' dir='ltr'><strong>habitudine</strong></span> 
     </span>
    </p>
   </div>
   <div class='ocr_carea' id='block_1_51' title="bbox 1009 1110 1793 1145">
    <p class='ocr_par' dir='ltr' id='par_1_51' title="bbox 1009 1110 1793 1145">
     <span class='ocr_line' id='line_1_51' title="bbox 1009 1110 1793 1145; baseline -0.005 -4"><span class='ocrx_word' id='word_1_343' title='bbox 1009 1116 1116 1142; x_wconf 89' lang='lat' dir='ltr'><strong>tantum</strong></span> <span class='ocrx_word' id='word_1_344' title='bbox 1134 1111 1361 1140; x_wconf 83' lang='lat' dir='ltr'><strong>inhabitationem</strong></span> <span class='ocrx_word' id='word_1_345' title='bbox 1387 1118 1450 1139; x_wconf 85' lang='lat' dir='ltr'><strong>esse</strong></span> <span class='ocrx_word' id='word_1_346' title='bbox 1468 1110 1588 1142; x_wconf 88' lang='lat' dir='ltr'><strong>deitatis,</strong></span> <span class='ocrx_word' id='word_1_347' title='bbox 1613 1113 1660 1137; x_wconf 92' lang='lat' dir='ltr'><strong>aut</strong></span> <span class='ocrx_word' id='word_1_348' title='bbox 1676 1110 1793 1145; x_wconf 87' lang='lat' dir='ltr'><strong>simplici</strong></span> 
     </span>
    </p>
   </div>
   <div class='ocr_carea' id='block_1_52' title="bbox 1008 1155 1794 1194">
    <p class='ocr_par' dir='ltr' id='par_1_52' title="bbox 1008 1155 1794 1194">
     <span class='ocr_line' id='line_1_52' title="bbox 1008 1155 1794 1194; baseline -0.006 -8"><span class='ocrx_word' id='word_1_349' title='bbox 1008 1158 1221 1194; x_wconf 79' lang='lat' dir='ltr'><strong>conjunctione;</strong></span> <span class='ocrx_word' id='word_1_350' title='bbox 1243 1157 1347 1185; x_wconf 87' lang='lat' dir='ltr'><strong>idcirco</strong></span> <span class='ocrx_word' id='word_1_351' title='bbox 1370 1155 1450 1188; x_wconf 74' lang='lat' dir='ltr'><strong>dixit,</strong></span> <span class='ocrx_word' id='word_1_352' title='bbox 1474 1155 1662 1190; x_wconf 80' lang='lat' dir='ltr'><strong>corporaliter,</strong></span> <span class='ocrx_word' id='word_1_353' title='bbox 1686 1155 1738 1182; x_wconf 90' lang='lat' dir='ltr'><strong>hoc</strong></span> <span class='ocrx_word' id='word_1_354' title='bbox 1751 1159 1794 1182; x_wconf 91' lang='lat' dir='ltr'><strong>est</strong></span> 
     </span>
    </p>
   </div>
   <div class='ocr_carea' id='block_1_53' title="bbox 1009 1199 1793 1238">
    <p class='ocr_par' dir='ltr' id='par_1_53' title="bbox 1009 1199 1793 1238">
     <span class='ocr_line' id='line_1_53' title="bbox 1009 1199 1793 1238; baseline -0.01 -4"><span class='ocrx_word' id='word_1_355' title='bbox 1009 1205 1186 1234; x_wconf 79' lang='lat' dir='ltr'><strong>substantiali</strong></span> <span class='ocrx_word' id='word_1_356' title='bbox 1200 1204 1292 1232; x_wconf 88' lang='lat' dir='ltr'><strong>modo.</strong></span> <span class='ocrx_word' id='word_1_357' title='bbox 1306 1204 1351 1231; x_wconf 85' lang='lat' dir='ltr'><strong>Ait</strong></span> <span class='ocrx_word' id='word_1_358' title='bbox 1364 1210 1443 1238; x_wconf 78' lang='lat' dir='ltr'><strong>ergo,</strong></span> <span class='ocrx_word' id='word_1_359' title='bbox 1457 1203 1508 1230; x_wconf 88' lang='lat' dir='ltr'><strong>hac</strong></span> <span class='ocrx_word' id='word_1_360' title='bbox 1522 1203 1631 1229; x_wconf 88' lang='lat' dir='ltr'><strong>ratione</strong></span> <span class='ocrx_word' id='word_1_361' title='bbox 1647 1201 1725 1228; x_wconf 89' lang='lat' dir='ltr'><strong>illum</strong></span> <span class='ocrx_word' id='word_1_362' title='bbox 1745 1199 1793 1235; x_wconf 88' lang='lat' dir='ltr'><strong>qui</strong></span> 
     </span>
    </p>
   </div>
   <div class='ocr_carea' id='block_1_54' title="bbox 1009 1245 1794 1282">
    <p class='ocr_par' dir='ltr' id='par_1_54' title="bbox 1009 1245 1794 1282">
     <span class='ocr_line' id='line_1_54' title="bbox 1009 1245 1794 1282; baseline -0.008 -4"><span class='ocrx_word' id='word_1_363' title='bbox 1009 1249 1098 1278; x_wconf 82' lang='lat' dir='ltr'><strong>factus</strong></span> <span class='ocrx_word' id='word_1_364' title='bbox 1110 1254 1153 1278; x_wconf 86' lang='lat' dir='ltr'><strong>est</strong></span> <span class='ocrx_word' id='word_1_365' title='bbox 1179 1249 1272 1282; x_wconf 87' lang='lat' dir='ltr'><strong>homo,</strong></span> <span class='ocrx_word' id='word_1_366' title='bbox 1301 1248 1352 1278; x_wconf 87' lang='lat' dir='ltr'><strong>Dei</strong></span> <span class='ocrx_word' id='word_1_367' title='bbox 1381 1249 1482 1276; x_wconf 85' lang='lat' dir='ltr'><strong>Filium</strong></span> <span class='ocrx_word' id='word_1_368' title='bbox 1499 1255 1570 1279; x_wconf 88' lang='lat' dir='ltr'><strong>esse,</strong></span> <span class='ocrx_word' id='word_1_369' title='bbox 1589 1247 1657 1282; x_wconf 88' lang='lat' dir='ltr'><strong>quia</strong></span> <span class='ocrx_word' id='word_1_370' title='bbox 1672 1245 1794 1273; x_wconf 86' lang='lat' dir='ltr'><strong>consub-</strong></span> 
     </span>
    </p>
   </div>
   <div class='ocr_carea' id='block_1_55' title="bbox 1008 1294 1548 1329">
    <p class='ocr_par' dir='ltr' id='par_1_55' title="bbox 1008 1294 1548 1329">
     <span class='ocr_line' id='line_1_55' title="bbox 1008 1294 1548 1329; baseline -0.006 -6"><span class='ocrx_word' id='word_1_371' title='bbox 1008 1295 1145 1324; x_wconf 80' lang='lat' dir='ltr'><strong>stantialis</strong></span> <span class='ocrx_word' id='word_1_372' title='bbox 1159 1300 1203 1323; x_wconf 86' lang='lat' dir='ltr'><strong>est</strong></span> <span class='ocrx_word' id='word_1_373' title='bbox 1216 1295 1252 1327; x_wconf 82' lang='lat' dir='ltr'><strong>ei.</strong></span> <span class='ocrx_word' id='word_1_374' title='bbox 1265 1302 1298 1322; x_wconf 85' lang='lat' dir='ltr'><strong>ac</strong></span> <span class='ocrx_word' id='word_1_375' title='bbox 1311 1294 1426 1329; x_wconf 90' lang='lat' dir='ltr'><strong>Spiritui</strong></span> <span class='ocrx_word' id='word_1_376' title='bbox 1439 1297 1548 1321; x_wconf 83' lang='lat' dir='ltr'><strong>sancto.</strong></span> 
     </span>
    </p>
   </div>
   <div class='ocr_carea' id='block_1_56' title="bbox 1044 1338 1597 1373">
    <p class='ocr_par' dir='ltr' id='par_1_56' title="bbox 1044 1338 1597 1373">
     <span class='ocr_line' id='line_1_56' title="bbox 1044 1338 1597 1373; baseline -0.007 -5"><span class='ocrx_word' id='word_1_377' title='bbox 1044 1340 1128 1369; x_wconf 70' lang='lat' dir='ltr'><strong>Vens.</strong></span> <span class='ocrx_word' id='word_1_378' title='bbox 1145 1341 1188 1368; x_wconf 89' lang='lat'><strong>10.</strong></span> <span class='ocrx_word' id='word_1_379' title='bbox 1207 1350 1216 1366; x_wconf 83' lang='grc' dir='ltr'><strong>ι</strong></span> <span class='ocrx_word' id='word_1_380' title='bbox 1233 1340 1265 1367; x_wconf 87' lang='lat' dir='ltr'><strong>Et</strong></span> <span class='ocrx_word' id='word_1_381' title='bbox 1281 1341 1348 1367; x_wconf 86' lang='lat' dir='ltr'><strong>estis</strong></span> <span class='ocrx_word' id='word_1_382' title='bbox 1360 1339 1389 1367; x_wconf 90' lang='lat' dir='ltr'><strong>in</strong></span> <span class='ocrx_word' id='word_1_383' title='bbox 1404 1339 1452 1366; x_wconf 89' lang='lat' dir='ltr'><strong>illo</strong></span> <span class='ocrx_word' id='word_1_384' title='bbox 1466 1338 1571 1373; x_wconf 85' lang='lat' dir='ltr'><strong>repleti.</strong></span> <span class='ocrx_word' id='word_1_385' title='bbox 1588 1347 1597 1363; x_wconf 73' lang='grc' dir='ltr'><strong>ι</strong></span> 
     </span>
    </p>
   </div>
   <div class='ocr_carea' id='block_1_57' title="bbox 1043 1379 1794 1421">
    <p class='ocr_par' dir='ltr' id='par_1_57' title="bbox 1043 1379 1794 1421">
     <span class='ocr_line' id='line_1_57' title="bbox 1043 1379 1794 1421; baseline -0.009 -8"><span class='ocrx_word' id='word_1_386' title='bbox 1043 1386 1271 1421; x_wconf 81' lang='lat' dir='ltr'><strong>Quandoquidem</strong></span> <span class='ocrx_word' id='word_1_387' title='bbox 1299 1392 1365 1413; x_wconf 88' lang='lat' dir='ltr'><strong>caro</strong></span> <span class='ocrx_word' id='word_1_388' title='bbox 1393 1385 1482 1420; x_wconf 83' lang='lat' dir='ltr'><strong>ipsius</strong></span> <span class='ocrx_word' id='word_1_389' title='bbox 1515 1387 1542 1411; x_wconf 89' lang='lat' dir='ltr'><strong>et</strong></span> <span class='ocrx_word' id='word_1_390' title='bbox 1575 1381 1698 1409; x_wconf 87' lang='lat' dir='ltr'><strong>membra</strong></span> <span class='ocrx_word' id='word_1_391' title='bbox 1729 1379 1794 1407; x_wconf 81' lang='lat' dir='ltr'><strong>facti</strong></span> 
     </span>
    </p>
   </div>
   <div class='ocr_carea' id='block_1_58' title="bbox 1007 1426 1790 1465">
    <p class='ocr_par' dir='ltr' id='par_1_58' title="bbox 1007 1426 1790 1465">
     <span class='ocr_line' id='line_1_58' title="bbox 1007 1426 1790 1465; baseline -0.008 -7"><span class='ocrx_word' id='word_1_392' title='bbox 1007 1432 1087 1465; x_wconf 84' lang='lat' dir='ltr'><strong>estis,</strong></span> <span class='ocrx_word' id='word_1_393' title='bbox 1113 1435 1140 1460; x_wconf 91' lang='lat' dir='ltr'><strong>et</strong></span> <span class='ocrx_word' id='word_1_394' title='bbox 1157 1438 1219 1458; x_wconf 92' lang='lat' dir='ltr'><strong>eum</strong></span> <span class='ocrx_word' id='word_1_395' title='bbox 1243 1430 1350 1458; x_wconf 86' lang='lat' dir='ltr'><strong>habetis</strong></span> <span class='ocrx_word' id='word_1_396' title='bbox 1374 1434 1468 1465; x_wconf 91' lang='lat' dir='ltr'><strong>caput,</strong></span> <span class='ocrx_word' id='word_1_397' title='bbox 1484 1435 1543 1456; x_wconf 86' lang='lat' dir='ltr'><strong>eam</strong></span> <span class='ocrx_word' id='word_1_398' title='bbox 1559 1428 1594 1456; x_wconf 91' lang='lat' dir='ltr'><strong>ob</strong></span> <span class='ocrx_word' id='word_1_399' title='bbox 1609 1435 1665 1455; x_wconf 83' lang='lat' dir='ltr'><strong>rem</strong></span> <span class='ocrx_word' id='word_1_400' title='bbox 1684 1426 1790 1462; x_wconf 89' lang='lat' dir='ltr'><strong>Spiritu</strong></span> 
     </span>
    </p>
   </div>
   <div class='ocr_carea' id='block_1_59' title="bbox 1008 1475 1311 1514">
    <p class='ocr_par' dir='ltr' id='par_1_59' title="bbox 1008 1475 1311 1514">
     <span class='ocr_line' id='line_1_59' title="bbox 1008 1475 1311 1514; baseline -0.003 -9"><span class='ocrx_word' id='word_1_401' title='bbox 1008 1481 1107 1514; x_wconf 82' lang='lat' dir='ltr'><strong>sancto</strong></span> <span class='ocrx_word' id='word_1_402' title='bbox 1120 1477 1188 1505; x_wconf 87' lang='lat' dir='ltr'><strong>estis</strong></span> <span class='ocrx_word' id='word_1_403' title='bbox 1203 1475 1311 1511; x_wconf 86' lang='lat' dir='ltr'><strong>repleti.</strong></span> 
     </span>
    </p>
   </div>
   <div class='ocr_carea' id='block_1_60' title="bbox 211 1517 955 1564">
    <p class='ocr_par' dir='ltr' id='par_1_60' title="bbox 211 1517 955 1554">
     <span class='ocr_line' id='line_1_60' title="bbox 211 1517 955 1554; baseline -0.003 -8"><span class='ocrx_word' id='word_1_404' title='bbox 211 1528 222 1546; x_wconf 73' lang='grc' dir='ltr'><strong><em>ι</em></strong></span> <span class='ocrx_word' id='word_1_405' title='bbox 242 1519 292 1550; x_wconf 86' lang='grc' dir='ltr'><strong>’ος</strong></span> <span class='ocrx_word' id='word_1_406' title='bbox 314 1519 388 1546; x_wconf 75' lang='grc' dir='ltr'>εστιν</span> <span class='ocrx_word' id='word_1_407' title='bbox 415 1518 432 1554; x_wconf 86' lang='grc' dir='ltr'><strong>ή</strong></span> <span class='ocrx_word' id='word_1_408' title='bbox 460 1517 566 1554; x_wconf 78' lang='grc' dir='ltr'>κεφαλὴ</span> <span class='ocrx_word' id='word_1_409' title='bbox 589 1517 680 1553; x_wconf 83' lang='grc' dir='ltr'>πάσης</span> <span class='ocrx_word' id='word_1_410' title='bbox 697 1518 786 1554; x_wconf 81' lang='grc' dir='ltr'>ἀρχῆς</span> <span class='ocrx_word' id='word_1_411' title='bbox 808 1517 854 1545; x_wconf 76' lang='grc' dir='ltr'>καὶ</span> <span class='ocrx_word' id='word_1_412' title='bbox 879 1517 955 1550; x_wconf 73' lang='grc' dir='ltr'>ἐξου-</span> 
     </span>
    </p>
   </div>
   <div class='ocr_carea' id='block_1_61' title="bbox 1006 1517 1789 1564">
    <p class='ocr_par' dir='ltr' id='par_1_61' title="bbox 1047 1520 1789 1558">
     <span class='ocr_line' id='line_1_61' title="bbox 1047 1520 1789 1558; baseline -0.008 -8"><span class='ocrx_word' id='word_1_413' title='bbox 1047 1532 1058 1550; x_wconf 88' lang='grc' dir='ltr'><strong>ι</strong></span> <span class='ocrx_word' id='word_1_414' title='bbox 1074 1522 1127 1556; x_wconf 83' lang='lat' dir='ltr'><strong>Qui</strong></span> <span class='ocrx_word' id='word_1_415' title='bbox 1155 1526 1198 1551; x_wconf 89' lang='lat' dir='ltr'><strong>est</strong></span> <span class='ocrx_word' id='word_1_416' title='bbox 1225 1525 1309 1558; x_wconf 86' lang='lat' dir='ltr'><strong>caput</strong></span> <span class='ocrx_word' id='word_1_417' title='bbox 1332 1521 1426 1550; x_wconf 85' lang='lat' dir='ltr'><strong>omnis</strong></span> <span class='ocrx_word' id='word_1_418' title='bbox 1458 1520 1631 1556; x_wconf 82' lang='lat' dir='ltr'><strong>principatus</strong></span> <span class='ocrx_word' id='word_1_419' title='bbox 1659 1521 1686 1546; x_wconf 85' lang='lat' dir='ltr'><strong>et</strong></span> <span class='ocrx_word' id='word_1_420' title='bbox 1712 1521 1789 1553; x_wconf 84' lang='lat' dir='ltr'><strong>pote-</strong></span> 
     </span>
    </p>
   </div>
   <div class='ocr_carea' id='block_1_62' title="bbox 173 1564 276 1596">
    <p class='ocr_par' dir='ltr' id='par_1_62' title="bbox 173 1564 276 1596">
     <span class='ocr_line' id='line_1_62' title="bbox 173 1564 276 1596; baseline -0.039 -2"><span class='ocrx_word' id='word_1_421' title='bbox 173 1564 246 1596; x_wconf 77' lang='grc' dir='ltr'>σίας.</span> <span class='ocrx_word' id='word_1_422' title='bbox 264 1572 276 1590; x_wconf 80' lang='lat' dir='ltr'><strong>s</strong></span> 
     </span>
    </p>
   </div>
   <div class='ocr_carea' id='block_1_63' title="bbox 209 1609 956 1646">
    <p class='ocr_par' dir='ltr' id='par_1_63' title="bbox 209 1609 956 1646">
     <span class='ocr_line' id='line_1_63' title="bbox 209 1609 956 1646; baseline -0.004 -8"><span class='ocrx_word' id='word_1_423' title='bbox 209 1609 242 1638; x_wconf 82' lang='lat' dir='ltr'><strong>Et</strong></span> <span class='ocrx_word' id='word_1_424' title='bbox 255 1609 303 1638; x_wconf 76' lang='grc' dir='ltr'>καὶ</span> <span class='ocrx_word' id='word_1_425' title='bbox 317 1609 462 1646; x_wconf 74' lang='grc' dir='ltr'>ὃμοούσιος</span> <span class='ocrx_word' id='word_1_426' title='bbox 475 1627 484 1642; x_wconf 85' lang='grc'><strong>,</strong></span> <span class='ocrx_word' id='word_1_427' title='bbox 501 1609 588 1644; x_wconf 81' lang='grc' dir='ltr'>φησὶ,</span> <span class='ocrx_word' id='word_1_428' title='bbox 604 1609 717 1644; x_wconf 76' lang='grc' dir='ltr'>γέγονεν</span> <span class='ocrx_word' id='word_1_429' title='bbox 731 1609 797 1645; x_wconf 74' lang='grc' dir='ltr'>ἡμῖν</span> <span class='ocrx_word' id='word_1_430' title='bbox 816 1609 887 1637; x_wconf 88' lang='grc' dir='ltr'><strong>κατά</strong></span> <span class='ocrx_word' id='word_1_431' title='bbox 907 1609 956 1645; x_wconf 78' lang='grc' dir='ltr'>τὴν</span> 
     </span>
    </p>
   </div>
   <div class='ocr_carea' id='block_1_64' title="bbox 173 1652 957 1691">
    <p class='ocr_par' dir='ltr' id='par_1_64' title="bbox 173 1652 957 1691">
     <span class='ocr_line' id='line_1_64' title="bbox 173 1652 957 1691; baseline 0 -8"><span class='ocrx_word' id='word_1_432' title='bbox 173 1655 275 1690; x_wconf 75' lang='grc' dir='ltr'>σάρκα,</span> <span class='ocrx_word' id='word_1_433' title='bbox 294 1655 355 1691; x_wconf 71' lang='grc' dir='ltr'>ῆτοι</span> <span class='ocrx_word' id='word_1_434' title='bbox 367 1656 418 1691; x_wconf 82' lang='grc' dir='ltr'>τὴν</span> <span class='ocrx_word' id='word_1_435' title='bbox 433 1655 630 1691; x_wconf 72' lang='grc' dir='ltr'>ἀνθρωπότητα</span> <span class='ocrx_word' id='word_1_436' title='bbox 643 1676 651 1688; x_wconf 89' lang='grc'><strong>,</strong></span> <span class='ocrx_word' id='word_1_437' title='bbox 676 1655 735 1683; x_wconf 80' lang='grc' dir='ltr'>ἀλλ’</span> <span class='ocrx_word' id='word_1_438' title='bbox 750 1652 798 1683; x_wconf 75' lang='grc' dir='ltr'>οὖν</span> <span class='ocrx_word' id='word_1_439' title='bbox 817 1655 865 1684; x_wconf 73' lang='grc' dir='ltr'>καὶ</span> <span class='ocrx_word' id='word_1_440' title='bbox 878 1652 957 1688; x_wconf 74' lang='grc' dir='ltr'>οὗτός</span> 
     </span>
    </p>
   </div>
   <div class='ocr_carea' id='block_1_65' title="bbox 172 1698 709 1735">
    <p class='ocr_par' dir='ltr' id='par_1_65' title="bbox 172 1698 709 1735">
     <span class='ocr_line' id='line_1_65' title="bbox 172 1698 709 1735; baseline -0.007 -5"><span class='ocrx_word' id='word_1_441' title='bbox 172 1700 232 1730; x_wconf 65' lang='lat' dir='ltr'><strong>tm</strong></span> <span class='ocrx_word' id='word_1_442' title='bbox 247 1698 465 1732; x_wconf 74' lang='grc' dir='ltr'>κατεξουσιάζων</span> <span class='ocrx_word' id='word_1_443' title='bbox 481 1698 535 1726; x_wconf 82' lang='grc' dir='ltr'>τῶν</span> <span class='ocrx_word' id='word_1_444' title='bbox 547 1699 709 1735; x_wconf 82' lang='grc' dir='ltr'>ἀνθρώπων.</span> 
     </span>
    </p>
   </div>
   <div class='ocr_carea' id='block_1_66' title="bbox 211 1735 955 1781">
    <p class='ocr_par' dir='ltr' id='par_1_66' title="bbox 211 1735 955 1781">
     <span class='ocr_line' id='line_1_66' title="bbox 211 1735 955 1781; baseline -0.001 -9"><span class='ocrx_word' id='word_1_445' title='bbox 211 1753 222 1772; x_wconf 82' lang='grc' dir='ltr'><strong>ε</strong></span> <span class='ocrx_word' id='word_1_446' title='bbox 252 1744 297 1772; x_wconf 78' lang='grc' dir='ltr'><strong>Ἐν</strong></span> <span class='ocrx_word' id='word_1_447' title='bbox 325 1739 348 1779; x_wconf 75' lang='grc' dir='ltr'>ᾦ</span> <span class='ocrx_word' id='word_1_448' title='bbox 377 1744 426 1771; x_wconf 82' lang='grc' dir='ltr'>καὶ</span> <span class='ocrx_word' id='word_1_449' title='bbox 462 1735 665 1781; x_wconf 59' lang='grc' dir='ltr'>περιετμήθητε</span> <span class='ocrx_word' id='word_1_450' title='bbox 691 1746 825 1781; x_wconf 80' lang='grc' dir='ltr'>περιτομῇ</span> <span class='ocrx_word' id='word_1_451' title='bbox 847 1745 955 1780; x_wconf 84' lang='grc' dir='ltr'>ἀχειρο-</span> 
     </span>
    </p>
   </div>
   <div class='ocr_carea' id='block_1_67' title="bbox 171 1789 955 1827">
    <p class='ocr_par' dir='ltr' id='par_1_67' title="bbox 171 1789 955 1827">
     <span class='ocr_line' id='line_1_67' title="bbox 171 1789 955 1827; baseline -0.001 -9"><span class='ocrx_word' id='word_1_452' title='bbox 171 1790 288 1826; x_wconf 81' lang='grc' dir='ltr'>ποιήτῳ,</span> <span class='ocrx_word' id='word_1_453' title='bbox 302 1790 332 1817; x_wconf 71' lang='grc' dir='ltr'>ἔν</span> <span class='ocrx_word' id='word_1_454' title='bbox 342 1790 375 1826; x_wconf 77' lang='grc' dir='ltr'>τῇ</span> <span class='ocrx_word' id='word_1_455' title='bbox 388 1789 535 1817; x_wconf 72' lang='grc' dir='ltr'>ἀπεκδύσει</span> <span class='ocrx_word' id='word_1_456' title='bbox 547 1790 596 1817; x_wconf 79' lang='grc' dir='ltr'><strong>τοῦ</strong></span> <span class='ocrx_word' id='word_1_457' title='bbox 611 1789 736 1825; x_wconf 82' lang='grc' dir='ltr'>σώματος</span> <span class='ocrx_word' id='word_1_458' title='bbox 748 1791 802 1817; x_wconf 84' lang='grc' dir='ltr'><strong>τῶν</strong></span> <span class='ocrx_word' id='word_1_459' title='bbox 813 1790 955 1827; x_wconf 80' lang='grc' dir='ltr'>ἁμαρτιῶν</span> 
     </span>
    </p>
   </div>
   <div class='ocr_carea' id='block_1_68' title="bbox 171 1833 957 1871">
    <p class='ocr_par' dir='ltr' id='par_1_68' title="bbox 171 1833 957 1871">
     <span class='ocr_line' id='line_1_68' title="bbox 171 1833 957 1871; baseline -0.001 -9"><span class='ocrx_word' id='word_1_460' title='bbox 171 1834 222 1871; x_wconf 80' lang='grc' dir='ltr'>τῆς</span> <span class='ocrx_word' id='word_1_461' title='bbox 237 1834 350 1871; x_wconf 78' lang='grc' dir='ltr'>σαρκδς,</span> <span class='ocrx_word' id='word_1_462' title='bbox 364 1834 394 1860; x_wconf 69' lang='grc' dir='ltr'>ἓν</span> <span class='ocrx_word' id='word_1_463' title='bbox 405 1835 439 1869; x_wconf 78' lang='grc' dir='ltr'>τῇ</span> <span class='ocrx_word' id='word_1_464' title='bbox 452 1835 587 1870; x_wconf 72' lang='grc' dir='ltr'>περιτομῇ</span> <span class='ocrx_word' id='word_1_465' title='bbox 602 1833 649 1860; x_wconf 79' lang='grc' dir='ltr'>τοῦ</span> <span class='ocrx_word' id='word_1_466' title='bbox 666 1834 795 1870; x_wconf 83' lang='grc' dir='ltr'>Χριστοῦ,</span> <span class='ocrx_word' id='word_1_467' title='bbox 812 1834 957 1869; x_wconf 81' lang='grc' dir='ltr'>συνταφέν-</span> 
     </span>
    </p>
   </div>
   <div class='ocr_carea' id='block_1_69' title="bbox 171 1873 955 1916">
    <p class='ocr_par' dir='ltr' id='par_1_69' title="bbox 171 1873 955 1916">
     <span class='ocr_line' id='line_1_69' title="bbox 171 1873 955 1916; baseline 0 -9"><span class='ocrx_word' id='word_1_468' title='bbox 171 1887 218 1911; x_wconf 79' lang='grc' dir='ltr'><strong>τες</strong></span> <span class='ocrx_word' id='word_1_469' title='bbox 234 1878 309 1915; x_wconf 81' lang='grc' dir='ltr'><strong>αὑτῷ</strong></span> <span class='ocrx_word' id='word_1_470' title='bbox 321 1880 351 1906; x_wconf 73' lang='grc' dir='ltr'>ὲν</span> <span class='ocrx_word' id='word_1_471' title='bbox 363 1879 402 1915; x_wconf 84' lang='grc' dir='ltr'><strong>τῷ</strong></span> <span class='ocrx_word' id='word_1_472' title='bbox 417 1879 601 1914; x_wconf 83' lang='grc' dir='ltr'>βαπτίσματι,</span> <span class='ocrx_word' id='word_1_473' title='bbox 622 1880 651 1906; x_wconf 75' lang='grc' dir='ltr'>ὲν</span> <span class='ocrx_word' id='word_1_474' title='bbox 670 1876 692 1914; x_wconf 79' lang='grc' dir='ltr'>ᾧ</span> <span class='ocrx_word' id='word_1_475' title='bbox 708 1880 757 1908; x_wconf 76' lang='grc' dir='ltr'>καὶ</span> <span class='ocrx_word' id='word_1_476' title='bbox 771 1873 955 1916; x_wconf 80' lang='grc' dir='ltr'>συνηγέρθητε</span> 
     </span>
    </p>
   </div>
   <div class='ocr_carea' id='block_1_70' title="bbox 172 1923 954 1962">
    <p class='ocr_par' dir='ltr' id='par_1_70' title="bbox 172 1923 954 1962">
     <span class='ocr_line' id='line_1_70' title="bbox 172 1923 954 1962; baseline 0 -10"><span class='ocrx_word' id='word_1_477' title='bbox 172 1923 216 1952; x_wconf 77' lang='grc' dir='ltr'><strong>διὰ</strong></span> <span class='ocrx_word' id='word_1_478' title='bbox 234 1925 286 1960; x_wconf 81' lang='grc' dir='ltr'>τῆς</span> <span class='ocrx_word' id='word_1_479' title='bbox 301 1925 420 1962; x_wconf 77' lang='grc' dir='ltr'>πίστεως</span> <span class='ocrx_word' id='word_1_480' title='bbox 433 1925 484 1960; x_wconf 81' lang='grc' dir='ltr'>τῆς</span> <span class='ocrx_word' id='word_1_481' title='bbox 497 1924 639 1960; x_wconf 76' lang='grc' dir='ltr'>ἐνεργείας</span> <span class='ocrx_word' id='word_1_482' title='bbox 652 1925 699 1952; x_wconf 78' lang='grc' dir='ltr'><strong>τοῦ</strong></span> <span class='ocrx_word' id='word_1_483' title='bbox 714 1925 798 1959; x_wconf 83' lang='grc' dir='ltr'>Θεοῦ,</span> <span class='ocrx_word' id='word_1_484' title='bbox 815 1926 863 1956; x_wconf 76' lang='grc' dir='ltr'><strong>τοῦ</strong></span> <span class='ocrx_word' id='word_1_485' title='bbox 881 1926 954 1961; x_wconf 75' lang='grc' dir='ltr'>ἐγεί-</span> 
     </span>
    </p>
   </div>
   <div class='ocr_carea' id='block_1_71' title="bbox 171 1968 955 2006">
    <p class='ocr_par' dir='ltr' id='par_1_71' title="bbox 171 1968 955 2006">
     <span class='ocr_line' id='line_1_71' title="bbox 171 1968 955 2006; baseline 0.001 -10"><span class='ocrx_word' id='word_1_486' title='bbox 171 1976 272 2005; x_wconf 82' lang='grc' dir='ltr'>ραντος</span> <span class='ocrx_word' id='word_1_487' title='bbox 291 1968 374 1996; x_wconf 73' lang='grc' dir='ltr'>αὐτὸν</span> <span class='ocrx_word' id='word_1_488' title='bbox 389 1969 422 1995; x_wconf 73' lang='grc' dir='ltr'>ὲκ</span> <span class='ocrx_word' id='word_1_489' title='bbox 444 1968 499 1998; x_wconf 83' lang='grc' dir='ltr'>τῶν</span> <span class='ocrx_word' id='word_1_490' title='bbox 519 1969 635 2004; x_wconf 83' lang='grc' dir='ltr'>νεκρῶν.</span> <span class='ocrx_word' id='word_1_491' title='bbox 659 1970 715 1996; x_wconf 78' lang='grc' dir='ltr'><strong>Καὶ</strong></span> <span class='ocrx_word' id='word_1_492' title='bbox 744 1970 817 2005; x_wconf 76' lang='grc' dir='ltr'>ὑμᾶς</span> <span class='ocrx_word' id='word_1_493' title='bbox 842 1971 955 2006; x_wconf 70' lang='grc' dir='ltr'>νεκροὺς</span> 
     </span>
    </p>
   </div>
   <div class='ocr_carea' id='block_1_72' title="bbox 171 2013 955 2050">
    <p class='ocr_par' dir='ltr' id='par_1_72' title="bbox 171 2013 955 2050">
     <span class='ocr_line' id='line_1_72' title="bbox 171 2013 955 2050; baseline 0.001 -10"><span class='ocrx_word' id='word_1_494' title='bbox 171 2013 254 2046; x_wconf 75' lang='grc' dir='ltr'>δντας</span> <span class='ocrx_word' id='word_1_495' title='bbox 271 2013 301 2041; x_wconf 70' lang='grc' dir='ltr'>ιν</span> <span class='ocrx_word' id='word_1_496' title='bbox 313 2014 369 2045; x_wconf 80' lang='grc' dir='ltr'>τοῖς</span> <span class='ocrx_word' id='word_1_497' title='bbox 385 2013 602 2049; x_wconf 87' lang='grc' dir='ltr'>παραπτώμασι,</span> <span class='ocrx_word' id='word_1_498' title='bbox 621 2014 668 2041; x_wconf 79' lang='grc' dir='ltr'>καὶ</span> <span class='ocrx_word' id='word_1_499' title='bbox 681 2015 714 2049; x_wconf 77' lang='grc' dir='ltr'>τῇ</span> <span class='ocrx_word' id='word_1_500' title='bbox 729 2014 897 2050; x_wconf 77' lang='grc' dir='ltr'>ἀκροϐυστίᾳ</span> <span class='ocrx_word' id='word_1_501' title='bbox 905 2015 955 2049; x_wconf 82' lang='grc' dir='ltr'>τῆς</span> 
     </span>
    </p>
   </div>
   <div class='ocr_carea' id='block_1_73' title="bbox 172 2058 953 2095">
    <p class='ocr_par' dir='ltr' id='par_1_73' title="bbox 172 2058 953 2095">
     <span class='ocr_line' id='line_1_73' title="bbox 172 2058 953 2095; baseline 0 -9"><span class='ocrx_word' id='word_1_502' title='bbox 172 2058 276 2095; x_wconf 67' lang='grc' dir='ltr'>σαρκὸς</span> <span class='ocrx_word' id='word_1_503' title='bbox 302 2058 389 2094; x_wconf 80' lang='grc' dir='ltr'>ὑμῶν,</span> <span class='ocrx_word' id='word_1_504' title='bbox 420 2059 652 2094; x_wconf 79' lang='grc' dir='ltr'>συνεζωοποίησεν</span> <span class='ocrx_word' id='word_1_505' title='bbox 682 2059 755 2094; x_wconf 82' lang='grc' dir='ltr'><strong>ὑμᾶς</strong></span> <span class='ocrx_word' id='word_1_506' title='bbox 783 2060 832 2086; x_wconf 79' lang='grc' dir='ltr'>σὺν</span> <span class='ocrx_word' id='word_1_507' title='bbox 861 2059 953 2095; x_wconf 76' lang='grc' dir='ltr'>αὐτῷ,</span> 
     </span>
    </p>
   </div>
   <div class='ocr_carea' id='block_1_74' title="bbox 171 2101 847 2138">
    <p class='ocr_par' dir='ltr' id='par_1_74' title="bbox 171 2101 847 2138">
     <span class='ocr_line' id='line_1_74' title="bbox 171 2101 847 2138; baseline 0 -9"><span class='ocrx_word' id='word_1_508' title='bbox 171 2101 355 2138; x_wconf 73' lang='grc' dir='ltr'>χαρισάμενος</span> <span class='ocrx_word' id='word_1_509' title='bbox 370 2101 433 2137; x_wconf 75' lang='grc' dir='ltr'>ὑμῖν</span> <span class='ocrx_word' id='word_1_510' title='bbox 442 2102 531 2129; x_wconf 85' lang='grc' dir='ltr'>πάντα</span> <span class='ocrx_word' id='word_1_511' title='bbox 545 2102 579 2129; x_wconf 84' lang='grc' dir='ltr'><strong>τὰ</strong></span> <span class='ocrx_word' id='word_1_512' title='bbox 594 2102 817 2138; x_wconf 82' lang='grc' dir='ltr'>παραπτώματα.</span> <span class='ocrx_word' id='word_1_513' title='bbox 837 2113 847 2129; x_wconf 76' lang='grc' dir='ltr'><strong>ι</strong></span> 
     </span>
    </p>
   </div>
   <div class='ocr_carea' id='block_1_75' title="bbox 212 2147 954 2184">
    <p class='ocr_par' dir='ltr' id='par_1_75' title="bbox 212 2147 954 2184">
     <span class='ocr_line' id='line_1_75' title="bbox 212 2147 954 2184; baseline 0.004 -10"><span class='ocrx_word' id='word_1_514' title='bbox 212 2147 406 2175; x_wconf 70' lang='grc' dir='ltr'>Ἐπισυνάπτει</span> <span class='ocrx_word' id='word_1_515' title='bbox 420 2149 476 2179; x_wconf 84' lang='grc' dir='ltr'>τοῖς</span> <span class='ocrx_word' id='word_1_516' title='bbox 500 2148 653 2180; x_wconf 83' lang='grc' dir='ltr'>Ἰουδαϊκοῖς</span> <span class='ocrx_word' id='word_1_517' title='bbox 673 2149 707 2175; x_wconf 83' lang='grc' dir='ltr'><strong>τὰ</strong></span> <span class='ocrx_word' id='word_1_518' title='bbox 727 2148 888 2184; x_wconf 78' lang='grc' dir='ltr'>Ἑλληνικὰ,</span> <span class='ocrx_word' id='word_1_519' title='bbox 904 2150 954 2177; x_wconf 79' lang='grc' dir='ltr'><strong>οὐκ</strong></span> 
     </span>
    </p>
   </div>
   <div class='ocr_carea' id='block_1_76' title="bbox 1038 1569 1129 1597">
    <p class='ocr_par' dir='ltr' id='par_1_76' title="bbox 1038 1569 1129 1597">
     <span class='ocr_line' id='line_1_76' title="bbox 1038 1569 1129 1597; baseline -0.022 0"><span class='ocrx_word' id='word_1_520' title='bbox 1038 1569 1103 1597; x_wconf 83' lang='lat' dir='ltr'><strong>atis.</strong></span> <span class='ocrx_word' id='word_1_521' title='bbox 1119 1578 1129 1595; x_wconf 76' lang='grc' dir='ltr'><strong>ε</strong></span> 
     </span>
    </p>
   </div>
   <div class='ocr_carea' id='block_1_77' title="bbox 1010 1573 1792 1648">
    <p class='ocr_par' dir='ltr' id='par_1_77' title="bbox 1010 1573 1792 1648">
     <span class='ocr_line' id='line_1_77' title="bbox 1038 1573 1129 1597; baseline -0.022 0"><span class='ocrx_word' id='word_1_522' title='bbox 1038 1573 1077 1597; x_wconf 85' lang='lat' dir='ltr'><strong>att</strong></span> <span class='ocrx_word' id='word_1_523' title='bbox 1095 1588 1103 1597; x_wconf 87' lang='lat'><em>.</em></span> <span class='ocrx_word' id='word_1_524' title='bbox 1119 1578 1129 1595; x_wconf 76' lang='grc' dir='ltr'><strong>ε</strong></span> 
     </span>
     <span class='ocr_line' id='line_1_78' title="bbox 1010 1573 1792 1648; baseline -0.009 -6"><span class='ocrx_word' id='word_1_525' title='bbox 1010 1573 1177 1646; x_wconf 59' lang='lat' dir='ltr'><strong>stTasmetni,</strong></span> <span class='ocrx_word' id='word_1_526' title='bbox 1202 1612 1302 1648; x_wconf 85' lang='lat' dir='ltr'><strong>inquit,</strong></span> <span class='ocrx_word' id='word_1_527' title='bbox 1324 1611 1564 1640; x_wconf 83' lang='lat' dir='ltr'><strong>consubstantialis</strong></span> <span class='ocrx_word' id='word_1_528' title='bbox 1592 1608 1672 1638; x_wconf 87' lang='lat' dir='ltr'><strong>nobis</strong></span> <span class='ocrx_word' id='word_1_529' title='bbox 1701 1607 1792 1636; x_wconf 75' lang='lat' dir='ltr'><strong>factus</strong></span> 
     </span>
    </p>
   </div>
   <div class='ocr_carea' id='block_1_78' title="bbox 1008 1653 1795 1690">
    <p class='ocr_par' dir='ltr' id='par_1_78' title="bbox 1008 1653 1795 1690">
     <span class='ocr_line' id='line_1_79' title="bbox 1008 1653 1795 1690; baseline -0.01 -2"><span class='ocrx_word' id='word_1_530' title='bbox 1008 1662 1052 1688; x_wconf 86' lang='lat' dir='ltr'><strong>est</strong></span> <span class='ocrx_word' id='word_1_531' title='bbox 1070 1657 1219 1687; x_wconf 87' lang='lat' dir='ltr'><strong>secundum</strong></span> <span class='ocrx_word' id='word_1_532' title='bbox 1243 1664 1368 1690; x_wconf 86' lang='lat' dir='ltr'><strong>carnem,</strong></span> <span class='ocrx_word' id='word_1_533' title='bbox 1385 1662 1546 1684; x_wconf 83' lang='lat' dir='ltr'><strong>naturamve</strong></span> <span class='ocrx_word' id='word_1_534' title='bbox 1567 1655 1727 1687; x_wconf 88' lang='lat' dir='ltr'><strong>humanam,</strong></span> <span class='ocrx_word' id='word_1_535' title='bbox 1756 1653 1795 1680; x_wconf 80' lang='lat' dir='ltr'><strong>ni-</strong></span> 
     </span>
    </p>
   </div>
   <div class='ocr_carea' id='block_1_79' title="bbox 1011 1700 1720 1739">
    <p class='ocr_par' dir='ltr' id='par_1_79' title="bbox 1011 1700 1720 1739">
     <span class='ocr_line' id='line_1_80' title="bbox 1011 1700 1720 1739; baseline -0.01 -6"><span class='ocrx_word' id='word_1_536' title='bbox 1011 1703 1160 1733; x_wconf 79' lang='lat' dir='ltr'><strong>hilominus</strong></span> <span class='ocrx_word' id='word_1_537' title='bbox 1177 1703 1238 1739; x_wconf 87' lang='lat' dir='ltr'><strong>ipse</strong></span> <span class='ocrx_word' id='word_1_538' title='bbox 1258 1710 1369 1739; x_wconf 87' lang='lat' dir='ltr'><strong>quoque</strong></span> <span class='ocrx_word' id='word_1_539' title='bbox 1385 1702 1546 1730; x_wconf 89' lang='lat' dir='ltr'><strong>hominibus</strong></span> <span class='ocrx_word' id='word_1_540' title='bbox 1562 1700 1720 1728; x_wconf 83' lang='lat' dir='ltr'><strong>dominatur</strong></span> 
     </span>
    </p>
   </div>
   <div class='ocr_carea' id='block_1_80' title="bbox 1043 1741 1793 1780">
    <p class='ocr_par' dir='ltr' id='par_1_80' title="bbox 1043 1741 1793 1780">
     <span class='ocr_line' id='line_1_81' title="bbox 1043 1741 1793 1780; baseline -0.008 -5"><span class='ocrx_word' id='word_1_541' title='bbox 1043 1747 1128 1775; x_wconf 77' lang='lat' dir='ltr'><strong>Vus.</strong></span> <span class='ocrx_word' id='word_1_542' title='bbox 1146 1746 1240 1774; x_wconf 82' lang='lat'><strong>11-15.</strong></span> <span class='ocrx_word' id='word_1_543' title='bbox 1264 1755 1274 1772; x_wconf 74' lang='grc' dir='ltr'><strong>ι</strong></span> <span class='ocrx_word' id='word_1_544' title='bbox 1294 1745 1323 1773; x_wconf 89' lang='lat' dir='ltr'><strong>In</strong></span> <span class='ocrx_word' id='word_1_545' title='bbox 1338 1752 1394 1780; x_wconf 86' lang='lat' dir='ltr'><strong>quo</strong></span> <span class='ocrx_word' id='word_1_546' title='bbox 1416 1749 1442 1773; x_wconf 89' lang='lat' dir='ltr'><strong>et</strong></span> <span class='ocrx_word' id='word_1_547' title='bbox 1468 1744 1624 1772; x_wconf 86' lang='lat' dir='ltr'><strong>circumcisi</strong></span> <span class='ocrx_word' id='word_1_548' title='bbox 1641 1744 1721 1775; x_wconf 85' lang='lat' dir='ltr'><strong>estis,</strong></span> <span class='ocrx_word' id='word_1_549' title='bbox 1738 1741 1793 1769; x_wconf 90' lang='lat' dir='ltr'><strong>cir-</strong></span> 
     </span>
    </p>
   </div>
   <div class='ocr_carea' id='block_1_81' title="bbox 1009 1788 1794 1824">
    <p class='ocr_par' dir='ltr' id='par_1_81' title="bbox 1009 1788 1794 1824">
     <span class='ocr_line' id='line_1_82' title="bbox 1009 1788 1794 1824; baseline -0.01 -3"><span class='ocrx_word' id='word_1_550' title='bbox 1009 1792 1179 1821; x_wconf 88' lang='lat' dir='ltr'><strong>cumcisione</strong></span> <span class='ocrx_word' id='word_1_551' title='bbox 1193 1799 1248 1819; x_wconf 88' lang='lat' dir='ltr'><strong>non</strong></span> <span class='ocrx_word' id='word_1_552' title='bbox 1262 1789 1420 1818; x_wconf 78' lang='lat' dir='ltr'><strong>manufacta</strong></span> <span class='ocrx_word' id='word_1_553' title='bbox 1436 1790 1465 1817; x_wconf 90' lang='lat' dir='ltr'><strong>in</strong></span> <span class='ocrx_word' id='word_1_554' title='bbox 1478 1788 1680 1824; x_wconf 76' lang='lat' dir='ltr'><strong>exspoliatione</strong></span> <span class='ocrx_word' id='word_1_555' title='bbox 1695 1794 1794 1821; x_wconf 86' lang='lat' dir='ltr'><strong>corpo-</strong></span> 
     </span>
    </p>
   </div>
   <div class='ocr_carea' id='block_1_82' title="bbox 1008 1831 1794 1873">
    <p class='ocr_par' dir='ltr' id='par_1_82' title="bbox 1008 1831 1794 1873">
     <span class='ocr_line' id='line_1_83' title="bbox 1008 1831 1794 1873; baseline -0.011 -7"><span class='ocrx_word' id='word_1_556' title='bbox 1008 1838 1050 1866; x_wconf 87' lang='lat' dir='ltr'><strong>ris</strong></span> <span class='ocrx_word' id='word_1_557' title='bbox 1062 1841 1238 1873; x_wconf 83' lang='lat' dir='ltr'><strong>peccatorum</strong></span> <span class='ocrx_word' id='word_1_558' title='bbox 1253 1836 1357 1870; x_wconf 85' lang='lat' dir='ltr'><strong>carnis,</strong></span> <span class='ocrx_word' id='word_1_559' title='bbox 1373 1835 1420 1863; x_wconf 88' lang='lat' dir='ltr'><strong>sed</strong></span> <span class='ocrx_word' id='word_1_560' title='bbox 1439 1835 1467 1862; x_wconf 93' lang='lat' dir='ltr'><strong>in</strong></span> <span class='ocrx_word' id='word_1_561' title='bbox 1482 1833 1694 1862; x_wconf 87' lang='lat' dir='ltr'><strong>circumcisione</strong></span> <span class='ocrx_word' id='word_1_562' title='bbox 1713 1831 1794 1858; x_wconf 90' lang='lat' dir='ltr'><strong>Chri-</strong></span> 
     </span>
    </p>
   </div>
   <div class='ocr_carea' id='block_1_83' title="bbox 1008 1875 1794 1918">
    <p class='ocr_par' dir='ltr' id='par_1_83' title="bbox 1008 1875 1794 1918">
     <span class='ocr_line' id='line_1_84' title="bbox 1008 1875 1794 1918; baseline -0.009 -7"><span class='ocrx_word' id='word_1_563' title='bbox 1008 1883 1055 1917; x_wconf 84' lang='lat' dir='ltr'><strong>sti,</strong></span> <span class='ocrx_word' id='word_1_564' title='bbox 1086 1882 1241 1918; x_wconf 89' lang='lat' dir='ltr'><strong>consepulti</strong></span> <span class='ocrx_word' id='word_1_565' title='bbox 1269 1882 1294 1910; x_wconf 90' lang='lat' dir='ltr'><strong>ei</strong></span> <span class='ocrx_word' id='word_1_566' title='bbox 1320 1881 1346 1909; x_wconf 90' lang='lat' dir='ltr'><strong>in</strong></span> <span class='ocrx_word' id='word_1_567' title='bbox 1366 1881 1513 1916; x_wconf 87' lang='lat' dir='ltr'><strong>baptismo,</strong></span> <span class='ocrx_word' id='word_1_568' title='bbox 1537 1880 1565 1907; x_wconf 93' lang='lat' dir='ltr'><strong>in</strong></span> <span class='ocrx_word' id='word_1_569' title='bbox 1588 1886 1643 1914; x_wconf 91' lang='lat' dir='ltr'><strong>quo</strong></span> <span class='ocrx_word' id='word_1_570' title='bbox 1665 1882 1693 1906; x_wconf 92' lang='lat' dir='ltr'><strong>et</strong></span> <span class='ocrx_word' id='word_1_571' title='bbox 1709 1875 1794 1906; x_wconf 89' lang='lat' dir='ltr'><strong>simul</strong></span> 
     </span>
    </p>
   </div>
   <div class='ocr_carea' id='block_1_84' title="bbox 1009 1921 1790 1961">
    <p class='ocr_par' dir='ltr' id='par_1_84' title="bbox 1009 1921 1790 1961">
     <span class='ocr_line' id='line_1_85' title="bbox 1009 1921 1790 1961; baseline -0.008 -6"><span class='ocrx_word' id='word_1_572' title='bbox 1009 1927 1199 1955; x_wconf 84' lang='lat' dir='ltr'><strong>resurrexistis</strong></span> <span class='ocrx_word' id='word_1_573' title='bbox 1216 1933 1264 1961; x_wconf 90' lang='lat' dir='ltr'><strong>per</strong></span> <span class='ocrx_word' id='word_1_574' title='bbox 1285 1925 1363 1953; x_wconf 81' lang='lat' dir='ltr'><strong>ﬁdem</strong></span> <span class='ocrx_word' id='word_1_575' title='bbox 1379 1924 1547 1960; x_wconf 84' lang='lat' dir='ltr'><strong>operationis</strong></span> <span class='ocrx_word' id='word_1_576' title='bbox 1571 1923 1630 1957; x_wconf 89' lang='lat' dir='ltr'><strong>Dei,</strong></span> <span class='ocrx_word' id='word_1_577' title='bbox 1650 1921 1696 1958; x_wconf 91' lang='lat' dir='ltr'><strong>qui</strong></span> <span class='ocrx_word' id='word_1_578' title='bbox 1724 1928 1790 1950; x_wconf 82' lang='lat' dir='ltr'><strong>sus-</strong></span> 
     </span>
    </p>
   </div>
   <div class='ocr_carea' id='block_1_85' title="bbox 1007 1968 1788 2001">
    <p class='ocr_par' dir='ltr' id='par_1_85' title="bbox 1007 1968 1788 2001">
     <span class='ocr_line' id='line_1_86' title="bbox 1007 1968 1788 2001; baseline -0.008 -1"><span class='ocrx_word' id='word_1_579' title='bbox 1007 1972 1102 2000; x_wconf 84' lang='lat' dir='ltr'><strong>citavit</strong></span> <span class='ocrx_word' id='word_1_580' title='bbox 1128 1979 1190 2000; x_wconf 88' lang='lat' dir='ltr'><strong>eum</strong></span> <span class='ocrx_word' id='word_1_581' title='bbox 1204 1978 1237 1998; x_wconf 76' lang='lat' dir='ltr'><strong>ex</strong></span> <span class='ocrx_word' id='word_1_582' title='bbox 1253 1969 1379 1998; x_wconf 86' lang='lat' dir='ltr'><strong>mortuis.</strong></span> <span class='ocrx_word' id='word_1_583' title='bbox 1400 1970 1434 2001; x_wconf 80' lang='lat' dir='ltr'><strong>Et</strong></span> <span class='ocrx_word' id='word_1_584' title='bbox 1455 1977 1503 1997; x_wconf 91' lang='lat' dir='ltr'><strong>vos</strong></span> <span class='ocrx_word' id='word_1_585' title='bbox 1517 1976 1578 1997; x_wconf 88' lang='lat' dir='ltr'><strong>cum</strong></span> <span class='ocrx_word' id='word_1_586' title='bbox 1592 1968 1690 1996; x_wconf 79' lang='lat' dir='ltr'><strong>essetis</strong></span> <span class='ocrx_word' id='word_1_587' title='bbox 1715 1974 1788 1994; x_wconf 82' lang='lat' dir='ltr'><strong>mor-</strong></span> 
     </span>
    </p>
   </div>
   <div class='ocr_carea' id='block_1_86' title="bbox 1007 2010 1792 2051">
    <p class='ocr_par' dir='ltr' id='par_1_86' title="bbox 1007 2010 1792 2051">
     <span class='ocr_line' id='line_1_87' title="bbox 1007 2010 1792 2051; baseline -0.009 -5"><span class='ocrx_word' id='word_1_588' title='bbox 1007 2017 1047 2048; x_wconf 89' lang='lat' dir='ltr'><strong>tui</strong></span> <span class='ocrx_word' id='word_1_589' title='bbox 1072 2017 1101 2045; x_wconf 90' lang='lat' dir='ltr'><strong>in</strong></span> <span class='ocrx_word' id='word_1_590' title='bbox 1126 2016 1234 2044; x_wconf 83' lang='lat' dir='ltr'><strong>delictis</strong></span> <span class='ocrx_word' id='word_1_591' title='bbox 1248 2019 1276 2043; x_wconf 91' lang='lat' dir='ltr'><strong>et</strong></span> <span class='ocrx_word' id='word_1_592' title='bbox 1288 2014 1423 2051; x_wconf 66' lang='lat' dir='ltr'><strong>praeputio</strong></span> <span class='ocrx_word' id='word_1_593' title='bbox 1438 2021 1470 2041; x_wconf 84' lang='lat' dir='ltr'><strong>ca</strong></span> <span class='ocrx_word' id='word_1_594' title='bbox 1479 2015 1536 2042; x_wconf 87' lang='lat' dir='ltr'><strong>rnls</strong></span> <span class='ocrx_word' id='word_1_595' title='bbox 1548 2010 1550 2012; x_wconf 79' lang='grc'><em>’</em></span> <span class='ocrx_word' id='word_1_596' title='bbox 1564 2018 1672 2046; x_wconf 62' lang='lat' dir='ltr'><strong>rostra,</strong></span> <span class='ocrx_word' id='word_1_597' title='bbox 1697 2012 1792 2045; x_wconf 57' lang='lat' dir='ltr'><strong>convi,</strong></span> 
     </span>
    </p>
   </div>
   <div class='ocr_carea' id='block_1_87' title="bbox 1007 2057 1788 2093">
    <p class='ocr_par' dir='ltr' id='par_1_87' title="bbox 1007 2057 1788 2093">
     <span class='ocr_line' id='line_1_88' title="bbox 1007 2057 1788 2093; baseline -0.009 -3"><span class='ocrx_word' id='word_1_598' title='bbox 1007 2062 1127 2090; x_wconf 82' lang='lat' dir='ltr'><strong>viticavit</strong></span> <span class='ocrx_word' id='word_1_599' title='bbox 1154 2068 1214 2090; x_wconf 86' lang='lat' dir='ltr'><strong>cum</strong></span> <span class='ocrx_word' id='word_1_600' title='bbox 1231 2060 1288 2093; x_wconf 86' lang='lat' dir='ltr'><strong>illo,</strong></span> <span class='ocrx_word' id='word_1_601' title='bbox 1315 2059 1421 2087; x_wconf 87' lang='lat' dir='ltr'><strong>donans</strong></span> <span class='ocrx_word' id='word_1_602' title='bbox 1445 2057 1521 2087; x_wconf 83' lang='lat' dir='ltr'><strong>vobis</strong></span> <span class='ocrx_word' id='word_1_603' title='bbox 1537 2059 1628 2086; x_wconf 83' lang='lat' dir='ltr'><strong>omnia</strong></span> <span class='ocrx_word' id='word_1_604' title='bbox 1645 2057 1756 2086; x_wconf 83' lang='lat' dir='ltr'><strong>delicta.</strong></span> <span class='ocrx_word' id='word_1_605' title='bbox 1778 2066 1788 2092; x_wconf 61' lang='grc' dir='ltr'>ῃ</span> 
     </span>
    </p>
   </div>
   <div class='ocr_carea' id='block_1_88' title="bbox 1043 2147 1791 2183">
    <p class='ocr_par' dir='ltr' id='par_1_88' title="bbox 1043 2147 1791 2183">
     <span class='ocr_line' id='line_1_89' title="bbox 1043 2147 1791 2183; baseline -0.007 -5"><span class='ocrx_word' id='word_1_606' title='bbox 1043 2151 1097 2179; x_wconf 77' lang='lat' dir='ltr'><strong>Res</strong></span> <span class='ocrx_word' id='word_1_607' title='bbox 1110 2149 1281 2178; x_wconf 67' lang='lat' dir='ltr'><strong>Graecanicas</strong></span> <span class='ocrx_word' id='word_1_608' title='bbox 1303 2156 1366 2176; x_wconf 92' lang='lat' dir='ltr'><strong>cum</strong></span> <span class='ocrx_word' id='word_1_609' title='bbox 1383 2147 1510 2176; x_wconf 84' lang='lat' dir='ltr'><strong>Judaicis</strong></span> <span class='ocrx_word' id='word_1_610' title='bbox 1534 2147 1687 2183; x_wconf 68' lang='lat' dir='ltr'><strong>coniungit,</strong></span> <span class='ocrx_word' id='word_1_611' title='bbox 1708 2151 1738 2174; x_wconf 90' lang='lat' dir='ltr'><strong>ut</strong></span> <span class='ocrx_word' id='word_1_612' title='bbox 1754 2151 1791 2178; x_wconf 59' lang='lat' dir='ltr'><strong>ta:</strong></span> 
     </span>
    </p>
   </div>
   <div class='ocr_carea' id='block_1_89' title="bbox 170 2191 955 2233">
    <p class='ocr_par' dir='ltr' id='par_1_89' title="bbox 170 2192 952 2230">
     <span class='ocr_line' id='line_1_90' title="bbox 170 2192 952 2230; baseline 0.004 -11"><span class='ocrx_word' id='word_1_613' title='bbox 170 2192 310 2220; x_wconf 66' lang='grc' dir='ltr'>ἐκϐάλλων</span> <span class='ocrx_word' id='word_1_614' title='bbox 323 2193 394 2220; x_wconf 85' lang='grc' dir='ltr'>αὐτά</span> <span class='ocrx_word' id='word_1_615' title='bbox 405 2192 498 2228; x_wconf 82' lang='grc' dir='ltr'>ὥσπερ</span> <span class='ocrx_word' id='word_1_616' title='bbox 514 2193 617 2226; x_wconf 69' lang='grc' dir='ltr'>ἐκεῖνα,</span> <span class='ocrx_word' id='word_1_617' title='bbox 640 2194 698 2220; x_wconf 82' lang='grc' dir='ltr'>ἀλλ’</span> <span class='ocrx_word' id='word_1_618' title='bbox 713 2194 952 2230; x_wconf 76' lang='grc' dir='ltr'>ὑπεραναὸαίνων,</span> 
     </span>
    </p>
   </div>
   <div class='ocr_carea' id='block_1_90' title="bbox 1006 2191 1790 2233">
    <p class='ocr_par' dir='ltr' id='par_1_90' title="bbox 1008 2191 1790 2226">
     <span class='ocr_line' id='line_1_91' title="bbox 1008 2191 1790 2226; baseline -0.009 -2"><span class='ocrx_word' id='word_1_619' title='bbox 1008 2203 1069 2224; x_wconf 88' lang='lat' dir='ltr'><strong>men</strong></span> <span class='ocrx_word' id='word_1_620' title='bbox 1093 2196 1161 2223; x_wconf 84' lang='lat' dir='ltr'><strong>istas</strong></span> <span class='ocrx_word' id='word_1_621' title='bbox 1187 2193 1263 2222; x_wconf 86' lang='lat' dir='ltr'><strong>velut</strong></span> <span class='ocrx_word' id='word_1_622' title='bbox 1292 2193 1355 2221; x_wconf 86' lang='lat' dir='ltr'><strong>illas</strong></span> <span class='ocrx_word' id='word_1_623' title='bbox 1378 2199 1433 2220; x_wconf 92' lang='lat' dir='ltr'><strong>non</strong></span> <span class='ocrx_word' id='word_1_624' title='bbox 1457 2191 1576 2226; x_wconf 81' lang='lat' dir='ltr'><strong>rejiciat,</strong></span> <span class='ocrx_word' id='word_1_625' title='bbox 1594 2191 1642 2218; x_wconf 86' lang='lat' dir='ltr'><strong>sed</strong></span> <span class='ocrx_word' id='word_1_626' title='bbox 1661 2191 1790 2225; x_wconf 74' lang='lat' dir='ltr'><strong>superius</strong></span> 
     </span>
    </p>
   </div>
   <div class='ocr_carea' id='block_1_91' title="bbox 171 2237 954 2274">
    <p class='ocr_par' dir='ltr' id='par_1_91' title="bbox 171 2237 954 2274">
     <span class='ocr_line' id='line_1_92' title="bbox 171 2237 954 2274; baseline 0.005 -11"><span class='ocrx_word' id='word_1_627' title='bbox 171 2237 218 2264; x_wconf 78' lang='grc' dir='ltr'>καὶ</span> <span class='ocrx_word' id='word_1_628' title='bbox 243 2237 337 2269; x_wconf 80' lang='grc' dir='ltr'>σώζων</span> <span class='ocrx_word' id='word_1_629' title='bbox 351 2238 381 2264; x_wconf 79' lang='grc' dir='ltr'>ὲν</span> <span class='ocrx_word' id='word_1_630' title='bbox 395 2238 452 2270; x_wconf 73' lang='grc' dir='ltr'>τοῖς</span> <span class='ocrx_word' id='word_1_631' title='bbox 473 2239 670 2273; x_wconf 74' lang='grc' dir='ltr'>πνευματικοῖς</span> <span class='ocrx_word' id='word_1_632' title='bbox 691 2239 725 2265; x_wconf 76' lang='grc' dir='ltr'><strong>τά</strong></span> <span class='ocrx_word' id='word_1_633' title='bbox 744 2241 899 2274; x_wconf 81' lang='grc' dir='ltr'>σωματικά.</span> <span class='ocrx_word' id='word_1_634' title='bbox 917 2240 954 2268; x_wconf 70' lang='lat' dir='ltr'><strong>To</strong></span> 
     </span>
    </p>
   </div>
   <div class='ocr_carea' id='block_1_92' title="bbox 171 2279 955 2320">
    <p class='ocr_par' dir='ltr' id='par_1_92' title="bbox 171 2279 955 2320">
     <span class='ocr_line' id='line_1_93' title="bbox 171 2279 955 2320; baseline 0.005 -12"><span class='ocrx_word' id='word_1_635' title='bbox 171 2281 279 2316; x_wconf 84' lang='grc' dir='ltr'>πρῶτον</span> <span class='ocrx_word' id='word_1_636' title='bbox 296 2279 342 2309; x_wconf 80' lang='grc' dir='ltr'>οὖν</span> <span class='ocrx_word' id='word_1_637' title='bbox 367 2281 513 2318; x_wconf 87' lang='grc' dir='ltr'>γνώρισμα</span> <span class='ocrx_word' id='word_1_638' title='bbox 526 2281 573 2309; x_wconf 74' lang='grc' dir='ltr'><strong>τοῦ</strong></span> <span class='ocrx_word' id='word_1_639' title='bbox 593 2282 758 2318; x_wconf 82' lang='grc' dir='ltr'>Ἰουδαϊσμοῦ</span> <span class='ocrx_word' id='word_1_640' title='bbox 773 2284 823 2318; x_wconf 74' lang='grc' dir='ltr'><strong>τὴν</strong></span> <span class='ocrx_word' id='word_1_641' title='bbox 842 2293 955 2320; x_wconf 84' lang='grc' dir='ltr'>περιτο-</span> 
     </span>
    </p>
   </div>
   <div class='ocr_carea' id='block_1_93' title="bbox 172 2326 955 2366">
    <p class='ocr_par' dir='ltr' id='par_1_93' title="bbox 172 2326 955 2366">
     <span class='ocr_line' id='line_1_94' title="bbox 172 2326 955 2366; baseline 0.005 -13"><span class='ocrx_word' id='word_1_642' title='bbox 172 2326 226 2362; x_wconf 83' lang='grc' dir='ltr'>μὴν</span> <span class='ocrx_word' id='word_1_643' title='bbox 238 2326 319 2362; x_wconf 75' lang='grc' dir='ltr'>ἔχων,</span> <span class='ocrx_word' id='word_1_644' title='bbox 332 2328 418 2363; x_wconf 76' lang='grc' dir='ltr'>ἡμᾶς,</span> <span class='ocrx_word' id='word_1_645' title='bbox 430 2328 513 2363; x_wconf 78' lang='grc' dir='ltr'>φησὶ,</span> <span class='ocrx_word' id='word_1_646' title='bbox 529 2327 707 2360; x_wconf 81' lang='grc' dir='ltr'>πιστεύοντας</span> <span class='ocrx_word' id='word_1_647' title='bbox 719 2330 753 2364; x_wconf 71' lang='grc' dir='ltr'>τῇ</span> <span class='ocrx_word' id='word_1_648' title='bbox 766 2329 862 2360; x_wconf 80' lang='grc' dir='ltr'>ἀληθεῖ</span> <span class='ocrx_word' id='word_1_649' title='bbox 879 2339 955 2366; x_wconf 78' lang='grc' dir='ltr'>περι-</span> 
     </span>
    </p>
   </div>
   <div class='ocr_carea' id='block_1_94' title="bbox 169 2373 955 2410">
    <p class='ocr_par' dir='ltr' id='par_1_94' title="bbox 169 2373 955 2410">
     <span class='ocr_line' id='line_1_95' title="bbox 169 2373 955 2410; baseline 0.005 -11"><span class='ocrx_word' id='word_1_650' title='bbox 169 2373 241 2408; x_wconf 75' lang='grc' dir='ltr'>τομῇ</span> <span class='ocrx_word' id='word_1_651' title='bbox 255 2373 388 2409; x_wconf 77' lang='grc' dir='ltr'>Χριστοῦ,</span> <span class='ocrx_word' id='word_1_652' title='bbox 400 2375 447 2401; x_wconf 78' lang='grc' dir='ltr'>καὶ</span> <span class='ocrx_word' id='word_1_653' title='bbox 459 2374 624 2410; x_wconf 70' lang='grc' dir='ltr'>μετέχοντας</span> <span class='ocrx_word' id='word_1_654' title='bbox 638 2374 723 2410; x_wconf 80' lang='grc' dir='ltr'>αὐτῆς</span> <span class='ocrx_word' id='word_1_655' title='bbox 732 2383 739 2390; x_wconf 93' lang='grc'>·</span> <span class='ocrx_word' id='word_1_656' title='bbox 752 2374 819 2410; x_wconf 76' lang='grc' dir='ltr'>αὕτη</span> <span class='ocrx_word' id='word_1_657' title='bbox 830 2375 858 2402; x_wconf 72' lang='grc' dir='ltr'>δέ</span> <span class='ocrx_word' id='word_1_658' title='bbox 881 2377 955 2404; x_wconf 77' lang='grc' dir='ltr'>ἐστιν</span> 
     </span>
    </p>
   </div>
   <div class='ocr_carea' id='block_1_95' title="bbox 170 2416 955 2454">
    <p class='ocr_par' dir='ltr' id='par_1_95' title="bbox 170 2416 955 2454">
     <span class='ocr_line' id='line_1_96' title="bbox 170 2416 955 2454; baseline 0.008 -12"><span class='ocrx_word' id='word_1_659' title='bbox 170 2416 202 2442; x_wconf 77' lang='grc' dir='ltr'>οὐ</span> <span class='ocrx_word' id='word_1_660' title='bbox 224 2416 269 2443; x_wconf 86' lang='grc' dir='ltr'><strong>διά</strong></span> <span class='ocrx_word' id='word_1_661' title='bbox 284 2417 460 2453; x_wconf 82' lang='grc' dir='ltr'>χειρουργίας</span> <span class='ocrx_word' id='word_1_662' title='bbox 474 2418 649 2453; x_wconf 82' lang='grc' dir='ltr'>ἀνθρωπίνης</span> <span class='ocrx_word' id='word_1_663' title='bbox 661 2419 792 2454; x_wconf 83' lang='grc' dir='ltr'>γινομένη</span> <span class='ocrx_word' id='word_1_664' title='bbox 804 2439 812 2452; x_wconf 88' lang='grc'><strong>,</strong></span> <span class='ocrx_word' id='word_1_665' title='bbox 828 2420 896 2447; x_wconf 80' lang='grc' dir='ltr'>ἀλλὰ</span> <span class='ocrx_word' id='word_1_666' title='bbox 911 2420 955 2449; x_wconf 80' lang='grc' dir='ltr'>διὰ</span> 
     </span>
    </p>
   </div>
   <div class='ocr_carea' id='block_1_96' title="bbox 169 2461 952 2500">
    <p class='ocr_par' dir='ltr' id='par_1_96' title="bbox 169 2461 952 2500">
     <span class='ocr_line' id='line_1_97' title="bbox 169 2461 952 2500; baseline 0.006 -12"><span class='ocrx_word' id='word_1_667' title='bbox 169 2461 221 2497; x_wconf 80' lang='grc' dir='ltr'>τῆς</span> <span class='ocrx_word' id='word_1_668' title='bbox 242 2461 290 2489; x_wconf 73' lang='grc' dir='ltr'>τοῦ</span> <span class='ocrx_word' id='word_1_669' title='bbox 310 2462 435 2498; x_wconf 82' lang='grc' dir='ltr'>σώματος</span> <span class='ocrx_word' id='word_1_670' title='bbox 453 2463 577 2491; x_wconf 69' lang='grc' dir='ltr'>ἑκουσίου</span> <span class='ocrx_word' id='word_1_671' title='bbox 600 2465 756 2497; x_wconf 82' lang='grc' dir='ltr'>ἀποδύσεως</span> <span class='ocrx_word' id='word_1_672' title='bbox 767 2486 775 2498; x_wconf 86' lang='grc'><strong>,</strong></span> <span class='ocrx_word' id='word_1_673' title='bbox 790 2466 837 2492; x_wconf 86' lang='grc' dir='ltr'>τοῦ</span> <span class='ocrx_word' id='word_1_674' title='bbox 854 2467 952 2500; x_wconf 86' lang='grc' dir='ltr'>γηῖνου</span> 
     </span>
    </p>
   </div>
   <div class='ocr_carea' id='block_1_97' title="bbox 141 2507 953 2546">
    <p class='ocr_par' dir='ltr' id='par_1_97' title="bbox 141 2507 953 2546">
     <span class='ocr_line' id='line_1_98' title="bbox 141 2507 953 2546; baseline 0.006 -13"><span class='ocrx_word' id='word_1_675' title='bbox 141 2531 143 2533; x_wconf 43' lang='grc' dir='ltr'><strong>τ</strong></span> <span class='ocrx_word' id='word_1_676' title='bbox 171 2507 232 2543; x_wconf 75' lang='grc' dir='ltr'>βίου</span> <span class='ocrx_word' id='word_1_677' title='bbox 254 2507 450 2543; x_wconf 78' lang='grc' dir='ltr'>ἀποτιθεμένου</span> <span class='ocrx_word' id='word_1_678' title='bbox 464 2509 505 2541; x_wconf 85' lang='grc' dir='ltr'><strong>είς</strong></span> <span class='ocrx_word' id='word_1_679' title='bbox 525 2509 658 2545; x_wconf 74' lang='grc' dir='ltr'>ἀνάληψιν</span> <span class='ocrx_word' id='word_1_680' title='bbox 672 2509 719 2536; x_wconf 85' lang='grc' dir='ltr'>τοῦ</span> <span class='ocrx_word' id='word_1_681' title='bbox 737 2510 863 2546; x_wconf 84' lang='grc' dir='ltr'>οὐρανίου</span> <span class='ocrx_word' id='word_1_682' title='bbox 876 2531 883 2543; x_wconf 87' lang='grc'><strong>,</strong></span> <span class='ocrx_word' id='word_1_683' title='bbox 905 2510 953 2538; x_wconf 78' lang='grc' dir='ltr'><strong>τοῦ</strong></span> 
     </span>
    </p>
   </div>
   <div class='ocr_carea' id='block_1_98' title="bbox 169 2552 954 2590">
    <p class='ocr_par' dir='ltr' id='par_1_98' title="bbox 169 2552 954 2590">
     <span class='ocr_line' id='line_1_99' title="bbox 169 2552 954 2590; baseline 0.006 -11"><span class='ocrx_word' id='word_1_684' title='bbox 169 2552 206 2580; x_wconf 84' lang='grc' dir='ltr'>δι’</span> <span class='ocrx_word' id='word_1_685' title='bbox 223 2552 400 2585; x_wconf 75' lang='grc' dir='ltr'>ἀναστάσεως</span> <span class='ocrx_word' id='word_1_686' title='bbox 418 2553 485 2589; x_wconf 80' lang='grc' dir='ltr'>ἡμῖν</span> <span class='ocrx_word' id='word_1_687' title='bbox 498 2554 707 2590; x_wconf 77' lang='grc' dir='ltr'>ἀποδιδομένου·</span> <span class='ocrx_word' id='word_1_688' title='bbox 721 2555 817 2590; x_wconf 81' lang='grc' dir='ltr'>ἥντινα</span> <span class='ocrx_word' id='word_1_689' title='bbox 835 2556 954 2584; x_wconf 80' lang='grc' dir='ltr'>ἀνάστα-</span> 
     </span>
    </p>
   </div>
   <div class='ocr_carea' id='block_1_99' title="bbox 170 2597 953 2638">
    <p class='ocr_par' dir='ltr' id='par_1_99' title="bbox 170 2597 953 2638">
     <span class='ocr_line' id='line_1_100' title="bbox 170 2597 953 2638; baseline 0.006 -14"><span class='ocrx_word' id='word_1_690' title='bbox 170 2607 214 2625; x_wconf 90' lang='grc' dir='ltr'><strong>σιν</strong></span> <span class='ocrx_word' id='word_1_691' title='bbox 237 2597 289 2635; x_wconf 69' lang='grc' dir='ltr'>ἧδη</span> <span class='ocrx_word' id='word_1_692' title='bbox 313 2598 364 2634; x_wconf 79' lang='grc' dir='ltr'>μὲν</span> <span class='ocrx_word' id='word_1_693' title='bbox 379 2598 478 2635; x_wconf 77' lang='grc' dir='ltr'>Ιχομεν</span> <span class='ocrx_word' id='word_1_694' title='bbox 492 2599 606 2636; x_wconf 83' lang='grc' dir='ltr'>δυνάμει</span> <span class='ocrx_word' id='word_1_695' title='bbox 616 2619 624 2632; x_wconf 94' lang='grc'><em>,</em></span> <span class='ocrx_word' id='word_1_696' title='bbox 639 2601 815 2633; x_wconf 82' lang='grc' dir='ltr'>πιστεύοντες</span> <span class='ocrx_word' id='word_1_697' title='bbox 828 2601 866 2637; x_wconf 85' lang='grc' dir='ltr'><strong>τῷ</strong></span> <span class='ocrx_word' id='word_1_698' title='bbox 883 2602 953 2638; x_wconf 86' lang='grc' dir='ltr'>ὑπὲρ</span> 
     </span>
    </p>
   </div>
   <div class='ocr_carea' id='block_1_100' title="bbox 169 2643 953 2684">
    <p class='ocr_par' dir='ltr' id='par_1_100' title="bbox 169 2643 953 2684">
     <span class='ocr_line' id='line_1_101' title="bbox 169 2643 953 2684; baseline 0.008 -15"><span class='ocrx_word' id='word_1_699' title='bbox 169 2643 248 2678; x_wconf 69' lang='grc' dir='ltr'>ἡμῶν</span> <span class='ocrx_word' id='word_1_700' title='bbox 261 2643 416 2677; x_wconf 81' lang='grc' dir='ltr'>ἀναστάντι,</span> <span class='ocrx_word' id='word_1_701' title='bbox 429 2645 600 2681; x_wconf 80' lang='grc' dir='ltr'>κομιούμεθα</span> <span class='ocrx_word' id='word_1_702' title='bbox 610 2645 639 2673; x_wconf 74' lang='grc' dir='ltr'>δὲ</span> <span class='ocrx_word' id='word_1_703' title='bbox 656 2648 704 2674; x_wconf 82' lang='grc' dir='ltr'>καὶ</span> <span class='ocrx_word' id='word_1_704' title='bbox 727 2647 800 2684; x_wconf 77' lang='grc' dir='ltr'>ἔργῳ</span> <span class='ocrx_word' id='word_1_705' title='bbox 814 2647 862 2683; x_wconf 81' lang='grc' dir='ltr'>τὴν</span> <span class='ocrx_word' id='word_1_706' title='bbox 887 2649 953 2676; x_wconf 82' lang='grc' dir='ltr'>ἀνά-</span> 
     </span>
    </p>
   </div>
   <div class='ocr_carea' id='block_1_101' title="bbox 171 2689 551 2726">
    <p class='ocr_par' dir='ltr' id='par_1_101' title="bbox 171 2689 551 2726">
     <span class='ocr_line' id='line_1_102' title="bbox 171 2689 551 2726; baseline 0.003 -12"><span class='ocrx_word' id='word_1_707' title='bbox 171 2692 267 2715; x_wconf 76' lang='grc' dir='ltr'>στασιν</span> <span class='ocrx_word' id='word_1_708' title='bbox 284 2689 314 2715; x_wconf 79' lang='lat' dir='ltr'><strong>tv</strong></span> <span class='ocrx_word' id='word_1_709' title='bbox 326 2689 365 2724; x_wconf 85' lang='grc' dir='ltr'>τῷ</span> <span class='ocrx_word' id='word_1_710' title='bbox 381 2689 439 2723; x_wconf 70' lang='grc' dir='ltr'>ἰδίῳ</span> <span class='ocrx_word' id='word_1_711' title='bbox 453 2690 551 2726; x_wconf 84' lang='grc' dir='ltr'>καιρῷ,</span> 
     </span>
    </p>
   </div>
   <div class='ocr_carea' id='block_1_102' title="bbox 207 2732 951 2774">
    <p class='ocr_par' dir='ltr' id='par_1_102' title="bbox 207 2732 951 2774">
     <span class='ocr_line' id='line_1_103' title="bbox 207 2732 951 2774; baseline 0.009 -15"><span class='ocrx_word' id='word_1_712' title='bbox 207 2741 218 2758; x_wconf 74' lang='grc' dir='ltr'><strong>ι</strong></span> <span class='ocrx_word' id='word_1_713' title='bbox 241 2732 401 2769; x_wconf 76' lang='grc' dir='ltr'>Ἐξαλειψας</span> <span class='ocrx_word' id='word_1_714' title='bbox 412 2735 444 2761; x_wconf 83' lang='grc' dir='ltr'><strong>τὺ</strong></span> <span class='ocrx_word' id='word_1_715' title='bbox 458 2735 518 2762; x_wconf 83' lang='grc' dir='ltr'>καθ’</span> <span class='ocrx_word' id='word_1_716' title='bbox 533 2736 611 2772; x_wconf 74' lang='grc' dir='ltr'>ἡμῶν</span> <span class='ocrx_word' id='word_1_717' title='bbox 629 2736 811 2773; x_wconf 85' lang='grc' dir='ltr'>χειρόγραφον</span> <span class='ocrx_word' id='word_1_718' title='bbox 826 2740 881 2770; x_wconf 87' lang='grc' dir='ltr'>τοῖς</span> <span class='ocrx_word' id='word_1_719' title='bbox 892 2739 951 2774; x_wconf 83' lang='grc' dir='ltr'>δόγ-</span> 
     </span>
    </p>
   </div>
   <div class='ocr_carea' id='block_1_103' title="bbox 172 2777 951 2819">
    <p class='ocr_par' dir='ltr' id='par_1_103' title="bbox 172 2777 951 2819">
     <span class='ocr_line' id='line_1_104' title="bbox 172 2777 951 2819; baseline 0.012 -15"><span class='ocrx_word' id='word_1_720' title='bbox 172 2786 266 2812; x_wconf 84' lang='grc' dir='ltr'>μασιν,</span> <span class='ocrx_word' id='word_1_721' title='bbox 281 2779 297 2805; x_wconf 84' lang='grc' dir='ltr'><strong>ὃ</strong></span> <span class='ocrx_word' id='word_1_722' title='bbox 306 2777 341 2815; x_wconf 79' lang='grc' dir='ltr'>ἦν</span> <span class='ocrx_word' id='word_1_723' title='bbox 355 2779 516 2807; x_wconf 77' lang='grc' dir='ltr'>ὑπεναντίον</span> <span class='ocrx_word' id='word_1_724' title='bbox 533 2782 614 2816; x_wconf 80' lang='grc' dir='ltr'>ἡμῖν,</span> <span class='ocrx_word' id='word_1_725' title='bbox 629 2783 677 2809; x_wconf 75' lang='grc' dir='ltr'>καὶ</span> <span class='ocrx_word' id='word_1_726' title='bbox 690 2781 849 2819; x_wconf 82' lang='grc' dir='ltr'>αὺτὺῆρκεν</span> <span class='ocrx_word' id='word_1_727' title='bbox 862 2785 894 2812; x_wconf 79' lang='grc' dir='ltr'>ἐκ</span> <span class='ocrx_word' id='word_1_728' title='bbox 905 2786 951 2813; x_wconf 85' lang='grc' dir='ltr'>τοῦ</span> 
     </span>
    </p>
   </div>
   <div class='ocr_carea' id='block_1_104' title="bbox 171 2821 948 2866">
    <p class='ocr_par' dir='ltr' id='par_1_104' title="bbox 171 2821 948 2866">
     <span class='ocr_line' id='line_1_105' title="bbox 171 2821 948 2866; baseline 0.01 -16"><span class='ocrx_word' id='word_1_729' title='bbox 171 2821 254 2863; x_wconf 63' lang='grc' dir='ltr'>μέσον</span> <span class='ocrx_word' id='word_1_730' title='bbox 263 2844 271 2859; x_wconf 87' lang='grc'><strong>,</strong></span> <span class='ocrx_word' id='word_1_731' title='bbox 286 2825 465 2866; x_wconf 72' lang='grc' dir='ltr'>προσηλώσας</span> <span class='ocrx_word' id='word_1_732' title='bbox 483 2825 558 2863; x_wconf 87' lang='grc' dir='ltr'>αὑτῷ</span> <span class='ocrx_word' id='word_1_733' title='bbox 571 2827 610 2863; x_wconf 86' lang='grc' dir='ltr'><strong>τῷ</strong></span> <span class='ocrx_word' id='word_1_734' title='bbox 624 2827 743 2864; x_wconf 81' lang='grc' dir='ltr'>σταυρῷ,</span> <span class='ocrx_word' id='word_1_735' title='bbox 757 2828 948 2866; x_wconf 78' lang='grc' dir='ltr'>ἀπεκδυσάμε-</span> 
     </span>
    </p>
   </div>
   <div class='ocr_carea' id='block_1_105' title="bbox 1005 2237 1789 2276">
    <p class='ocr_par' dir='ltr' id='par_1_105' title="bbox 1005 2237 1789 2276">
     <span class='ocr_line' id='line_1_106' title="bbox 1005 2237 1789 2276; baseline -0.008 -7"><span class='ocrx_word' id='word_1_736' title='bbox 1005 2241 1145 2274; x_wconf 88' lang='lat' dir='ltr'><strong>ascendat,</strong></span> <span class='ocrx_word' id='word_1_737' title='bbox 1166 2243 1194 2268; x_wconf 90' lang='lat' dir='ltr'><strong>et</strong></span> <span class='ocrx_word' id='word_1_738' title='bbox 1208 2240 1236 2267; x_wconf 91' lang='lat' dir='ltr'><strong>in</strong></span> <span class='ocrx_word' id='word_1_739' title='bbox 1253 2238 1444 2274; x_wconf 87' lang='lat' dir='ltr'><strong>spirituallbus</strong></span> <span class='ocrx_word' id='word_1_740' title='bbox 1459 2237 1617 2272; x_wconf 82' lang='lat' dir='ltr'><strong>corporalia</strong></span> <span class='ocrx_word' id='word_1_741' title='bbox 1633 2240 1789 2276; x_wconf 54' lang='lat' dir='ltr'><strong>conservet,</strong></span> 
     </span>
    </p>
   </div>
   <div class='ocr_carea' id='block_1_106' title="bbox 1004 2282 1791 2320">
    <p class='ocr_par' dir='ltr' id='par_1_106' title="bbox 1004 2282 1791 2320">
     <span class='ocr_line' id='line_1_107' title="bbox 1004 2282 1791 2320; baseline -0.004 -8"><span class='ocrx_word' id='word_1_742' title='bbox 1004 2285 1149 2320; x_wconf 87' lang='lat' dir='ltr'><strong>Quocirca,</strong></span> <span class='ocrx_word' id='word_1_743' title='bbox 1172 2284 1296 2312; x_wconf 87' lang='lat' dir='ltr'><strong>admisso</strong></span> <span class='ocrx_word' id='word_1_744' title='bbox 1321 2283 1414 2312; x_wconf 89' lang='lat' dir='ltr'><strong>statim</strong></span> <span class='ocrx_word' id='word_1_745' title='bbox 1444 2282 1580 2311; x_wconf 81' lang='lat' dir='ltr'><strong>Judalsmi</strong></span> <span class='ocrx_word' id='word_1_746' title='bbox 1607 2282 1791 2315; x_wconf 87' lang='lat' dir='ltr'><strong>indicio,cir-</strong></span> 
     </span>
    </p>
   </div>
   <div class='ocr_carea' id='block_1_107' title="bbox 1003 2328 1791 2364">
    <p class='ocr_par' dir='ltr' id='par_1_107' title="bbox 1003 2328 1791 2364">
     <span class='ocr_line' id='line_1_108' title="bbox 1003 2328 1791 2364; baseline -0.005 -5"><span class='ocrx_word' id='word_1_747' title='bbox 1003 2331 1172 2359; x_wconf 90' lang='lat' dir='ltr'><strong>cumcisione</strong></span> <span class='ocrx_word' id='word_1_748' title='bbox 1186 2329 1305 2362; x_wconf 88' lang='lat' dir='ltr'><strong>scilicet,</strong></span> <span class='ocrx_word' id='word_1_749' title='bbox 1319 2336 1370 2357; x_wconf 89' lang='lat' dir='ltr'><strong>nos</strong></span> <span class='ocrx_word' id='word_1_750' title='bbox 1383 2329 1430 2364; x_wconf 88' lang='lat' dir='ltr'><strong>qui</strong></span> <span class='ocrx_word' id='word_1_751' title='bbox 1444 2335 1517 2357; x_wconf 60' lang='lat' dir='ltr'><strong>verae</strong></span> <span class='ocrx_word' id='word_1_752' title='bbox 1531 2328 1636 2356; x_wconf 86' lang='lat' dir='ltr'><strong>Christi</strong></span> <span class='ocrx_word' id='word_1_753' title='bbox 1670 2328 1791 2356; x_wconf 90' lang='lat' dir='ltr'><strong>circum-</strong></span> 
     </span>
    </p>
   </div>
   <div class='ocr_carea' id='block_1_108' title="bbox 1003 2372 1789 2410">
    <p class='ocr_par' dir='ltr' id='par_1_108' title="bbox 1003 2372 1789 2410">
     <span class='ocr_line' id='line_1_109' title="bbox 1003 2372 1789 2410; baseline -0.004 -5"><span class='ocrx_word' id='word_1_754' title='bbox 1003 2376 1099 2405; x_wconf 84' lang='lat' dir='ltr'><strong>cisi0ni</strong></span> <span class='ocrx_word' id='word_1_755' title='bbox 1134 2375 1291 2408; x_wconf 86' lang='lat' dir='ltr'><strong>credimus,</strong></span> <span class='ocrx_word' id='word_1_756' title='bbox 1315 2375 1375 2410; x_wconf 86' lang='lat' dir='ltr'><strong>ejus</strong></span> <span class='ocrx_word' id='word_1_757' title='bbox 1413 2381 1523 2410; x_wconf 87' lang='lat' dir='ltr'><strong>quoque</strong></span> <span class='ocrx_word' id='word_1_758' title='bbox 1551 2377 1696 2401; x_wconf 84' lang='lat' dir='ltr'><strong>consortes</strong></span> <span class='ocrx_word' id='word_1_759' title='bbox 1719 2372 1789 2402; x_wconf 81' lang='lat' dir='ltr'><strong>eiiicl</strong></span> 
     </span>
    </p>
   </div>
   <div class='ocr_carea' id='block_1_109' title="bbox 1003 2411 1787 2456">
    <p class='ocr_par' dir='ltr' id='par_1_109' title="bbox 1003 2411 1787 2456">
     <span class='ocr_line' id='line_1_110' title="bbox 1003 2411 1787 2456; baseline -0.006 -7"><span class='ocrx_word' id='word_1_760' title='bbox 1003 2422 1053 2449; x_wconf 87' lang='lat' dir='ltr'><strong>ait.</strong></span> <span class='ocrx_word' id='word_1_761' title='bbox 1073 2421 1136 2449; x_wconf 68' lang='lat' dir='ltr'><strong>llaec</strong></span> <span class='ocrx_word' id='word_1_762' title='bbox 1150 2427 1233 2456; x_wconf 85' lang='lat' dir='ltr'><strong>porro</strong></span> <span class='ocrx_word' id='word_1_763' title='bbox 1250 2427 1305 2448; x_wconf 91' lang='lat' dir='ltr'><strong>non</strong></span> <span class='ocrx_word' id='word_1_764' title='bbox 1323 2419 1444 2447; x_wconf 91' lang='lat' dir='ltr'><strong>humana</strong></span> <span class='ocrx_word' id='word_1_765' title='bbox 1468 2427 1550 2446; x_wconf 86' lang='lat' dir='ltr'><strong>manu</strong></span> <span class='ocrx_word' id='word_1_766' title='bbox 1575 2418 1724 2454; x_wconf 70' lang='lat' dir='ltr'><strong>peragitur,</strong></span> 
     </span>
    </p>
   </div>
   <div class='ocr_carea' id='block_1_110' title="bbox 1003 2463 1787 2501">
    <p class='ocr_par' dir='ltr' id='par_1_110' title="bbox 1003 2463 1787 2501">
     <span class='ocr_line' id='line_1_111' title="bbox 1003 2463 1787 2501; baseline -0.001 -7"><span class='ocrx_word' id='word_1_767' title='bbox 1003 2471 1154 2501; x_wconf 82' lang='lat' dir='ltr'><strong>spontanea</strong></span> <span class='ocrx_word' id='word_1_768' title='bbox 1182 2465 1305 2499; x_wconf 88' lang='lat' dir='ltr'><strong>corporis</strong></span> <span class='ocrx_word' id='word_1_769' title='bbox 1338 2464 1489 2492; x_wconf 80' lang='lat' dir='ltr'><strong>aﬂ‘ectunrn</strong></span> <span class='ocrx_word' id='word_1_770' title='bbox 1516 2463 1701 2497; x_wconf 83' lang='lat' dir='ltr'><strong>abdicatione,</strong></span> <span class='ocrx_word' id='word_1_771' title='bbox 1733 2466 1787 2498; x_wconf 69' lang='lat' dir='ltr'><strong>qua</strong></span> 
     </span>
    </p>
   </div>
   <div class='ocr_carea' id='block_1_111' title="bbox 1003 2509 1787 2547">
    <p class='ocr_par' dir='ltr' id='par_1_111' title="bbox 1003 2509 1787 2547">
     <span class='ocr_line' id='line_1_112' title="bbox 1003 2509 1787 2547; baseline -0.005 -8"><span class='ocrx_word' id='word_1_772' title='bbox 1003 2511 1126 2547; x_wconf 79' lang='lat' dir='ltr'><strong>deposita</strong></span> <span class='ocrx_word' id='word_1_773' title='bbox 1143 2510 1269 2539; x_wconf 83' lang='lat' dir='ltr'><strong>terrestri</strong></span> <span class='ocrx_word' id='word_1_774' title='bbox 1291 2509 1359 2542; x_wconf 84' lang='lat' dir='ltr'><strong>vita,</strong></span> <span class='ocrx_word' id='word_1_775' title='bbox 1371 2510 1512 2538; x_wconf 78' lang='lat' dir='ltr'><strong>omlestem</strong></span> <span class='ocrx_word' id='word_1_776' title='bbox 1532 2509 1712 2541; x_wconf 79' lang='lat' dir='ltr'><strong>assumimus,</strong></span> <span class='ocrx_word' id='word_1_777' title='bbox 1726 2515 1787 2544; x_wconf 50' lang='lat' dir='ltr'><strong>quae</strong></span> 
     </span>
    </p>
   </div>
   <div class='ocr_carea' id='block_1_112' title="bbox 1003 2553 1786 2591">
    <p class='ocr_par' dir='ltr' id='par_1_112' title="bbox 1003 2553 1786 2591">
     <span class='ocr_line' id='line_1_113' title="bbox 1003 2553 1786 2591; baseline -0.005 -7"><span class='ocrx_word' id='word_1_778' title='bbox 1003 2556 1082 2584; x_wconf 87' lang='lat' dir='ltr'><strong>nobis</strong></span> <span class='ocrx_word' id='word_1_779' title='bbox 1104 2563 1154 2591; x_wconf 91' lang='lat' dir='ltr'><strong>per</strong></span> <span class='ocrx_word' id='word_1_780' title='bbox 1176 2554 1410 2583; x_wconf 86' lang='lat' dir='ltr'><strong>resurrectionem</strong></span> <span class='ocrx_word' id='word_1_781' title='bbox 1433 2553 1537 2582; x_wconf 83' lang='lat' dir='ltr'><strong>Christi</strong></span> <span class='ocrx_word' id='word_1_782' title='bbox 1549 2553 1687 2581; x_wconf 88' lang='lat' dir='ltr'><strong>redditur.</strong></span> <span class='ocrx_word' id='word_1_783' title='bbox 1703 2553 1786 2589; x_wconf 74' lang='lat' dir='ltr'><strong>Atqui</strong></span> 
     </span>
    </p>
   </div>
   <div class='ocr_carea' id='block_1_113' title="bbox 1003 2598 1786 2635">
    <p class='ocr_par' dir='ltr' id='par_1_113' title="bbox 1003 2598 1786 2635">
     <span class='ocr_line' id='line_1_114' title="bbox 1003 2598 1786 2635; baseline -0.005 -6"><span class='ocrx_word' id='word_1_784' title='bbox 1003 2601 1230 2630; x_wconf 88' lang='lat' dir='ltr'><strong>resurrectionem</strong></span> <span class='ocrx_word' id='word_1_785' title='bbox 1256 2601 1328 2627; x_wconf 89' lang='lat' dir='ltr'><strong>hanc</strong></span> <span class='ocrx_word' id='word_1_786' title='bbox 1340 2599 1397 2635; x_wconf 90' lang='lat' dir='ltr'><strong>jam</strong></span> <span class='ocrx_word' id='word_1_787' title='bbox 1413 2602 1551 2635; x_wconf 84' lang='lat' dir='ltr'><strong>potestate</strong></span> <span class='ocrx_word' id='word_1_788' title='bbox 1575 2598 1686 2634; x_wconf 83' lang='lat' dir='ltr'><strong>quidem</strong></span> <span class='ocrx_word' id='word_1_789' title='bbox 1702 2599 1786 2629; x_wconf 42' lang='lat' dir='ltr'><strong>halica</strong></span> 
     </span>
    </p>
   </div>
   <div class='ocr_carea' id='block_1_114' title="bbox 1002 2645 1785 2681">
    <p class='ocr_par' dir='ltr' id='par_1_114' title="bbox 1002 2645 1785 2681">
     <span class='ocr_line' id='line_1_115' title="bbox 1002 2645 1785 2681; baseline -0.003 -5"><span class='ocrx_word' id='word_1_790' title='bbox 1002 2655 1076 2680; x_wconf 90' lang='lat' dir='ltr'><strong>mus,</strong></span> <span class='ocrx_word' id='word_1_791' title='bbox 1090 2646 1234 2675; x_wconf 83' lang='lat' dir='ltr'><strong>credentes</strong></span> <span class='ocrx_word' id='word_1_792' title='bbox 1250 2646 1276 2673; x_wconf 94' lang='lat' dir='ltr'><strong>in</strong></span> <span class='ocrx_word' id='word_1_793' title='bbox 1294 2645 1370 2673; x_wconf 91' lang='lat' dir='ltr'><strong>illum</strong></span> <span class='ocrx_word' id='word_1_794' title='bbox 1388 2645 1435 2681; x_wconf 91' lang='lat' dir='ltr'><strong>qui</strong></span> <span class='ocrx_word' id='word_1_795' title='bbox 1450 2645 1542 2673; x_wconf 87' lang='lat' dir='ltr'><strong>nostri</strong></span> <span class='ocrx_word' id='word_1_796' title='bbox 1558 2652 1642 2672; x_wconf 74' lang='lat' dir='ltr'><strong>causa</strong></span> <span class='ocrx_word' id='word_1_797' title='bbox 1658 2651 1785 2674; x_wconf 54' lang='lat' dir='ltr'><strong>resurrev</strong></span> 
     </span>
    </p>
   </div>
   <div class='ocr_carea' id='block_1_115' title="bbox 1002 2691 1724 2728">
    <p class='ocr_par' dir='ltr' id='par_1_115' title="bbox 1002 2691 1724 2728">
     <span class='ocr_line' id='line_1_116' title="bbox 1002 2691 1724 2728; baseline -0.007 -5"><span class='ocrx_word' id='word_1_798' title='bbox 1002 2695 1053 2728; x_wconf 77' lang='lat' dir='ltr'><strong>xit,</strong></span> <span class='ocrx_word' id='word_1_799' title='bbox 1070 2703 1099 2723; x_wconf 89' lang='lat' dir='ltr'><strong>re</strong></span> <span class='ocrx_word' id='word_1_800' title='bbox 1115 2701 1180 2722; x_wconf 86' lang='lat' dir='ltr'><strong>vero</strong></span> <span class='ocrx_word' id='word_1_801' title='bbox 1198 2697 1321 2728; x_wconf 88' lang='lat' dir='ltr'><strong>tempore</strong></span> <span class='ocrx_word' id='word_1_802' title='bbox 1335 2693 1445 2720; x_wconf 78' lang='lat' dir='ltr'><strong>tandem</strong></span> <span class='ocrx_word' id='word_1_803' title='bbox 1461 2700 1513 2720; x_wconf 84' lang='lat' dir='ltr'><strong>suo</strong></span> <span class='ocrx_word' id='word_1_804' title='bbox 1526 2691 1724 2720; x_wconf 78' lang='lat' dir='ltr'><strong>obtinebimus.</strong></span> 
     </span>
    </p>
   </div>
   <div class='ocr_carea' id='block_1_116' title="bbox 1038 2737 1786 2773">
    <p class='ocr_par' dir='ltr' id='par_1_116' title="bbox 1038 2737 1786 2773">
     <span class='ocr_line' id='line_1_117' title="bbox 1038 2737 1786 2773; baseline -0.004 -6"><span class='ocrx_word' id='word_1_805' title='bbox 1038 2740 1120 2768; x_wconf 75' lang='lat' dir='ltr'><strong>Vsus.</strong></span> <span class='ocrx_word' id='word_1_806' title='bbox 1137 2739 1181 2772; x_wconf 74' lang='grc' dir='ltr'>Η,</span> <span class='ocrx_word' id='word_1_807' title='bbox 1200 2738 1242 2766; x_wconf 87' lang='lat'><strong>15.</strong></span> <span class='ocrx_word' id='word_1_808' title='bbox 1269 2747 1279 2764; x_wconf 75' lang='grc' dir='ltr'><strong>ι</strong></span> <span class='ocrx_word' id='word_1_809' title='bbox 1303 2737 1403 2766; x_wconf 77' lang='lat' dir='ltr'><strong>Dolens</strong></span> <span class='ocrx_word' id='word_1_810' title='bbox 1422 2737 1494 2773; x_wconf 85' lang='lat' dir='ltr'><strong>quod</strong></span> <span class='ocrx_word' id='word_1_811' title='bbox 1511 2737 1645 2770; x_wconf 59' lang='lat' dir='ltr'><strong>adversus</strong></span> <span class='ocrx_word' id='word_1_812' title='bbox 1661 2744 1713 2765; x_wconf 88' lang='lat' dir='ltr'><strong>nos</strong></span> <span class='ocrx_word' id='word_1_813' title='bbox 1726 2737 1786 2767; x_wconf 71' lang='lat' dir='ltr'><strong>erat</strong></span> 
     </span>
    </p>
   </div>
   <div class='ocr_carea' id='block_1_117' title="bbox 1002 2783 1781 2820">
    <p class='ocr_par' dir='ltr' id='par_1_117' title="bbox 1002 2783 1781 2820">
     <span class='ocr_line' id='line_1_118' title="bbox 1002 2783 1781 2820; baseline -0.006 -6"><span class='ocrx_word' id='word_1_814' title='bbox 1002 2785 1214 2820; x_wconf 67' lang='lat' dir='ltr'><strong>chirographum</strong></span> <span class='ocrx_word' id='word_1_815' title='bbox 1237 2783 1352 2815; x_wconf 86' lang='lat' dir='ltr'><strong>decreti,</strong></span> <span class='ocrx_word' id='word_1_816' title='bbox 1374 2783 1450 2818; x_wconf 89' lang='lat' dir='ltr'><strong>quod</strong></span> <span class='ocrx_word' id='word_1_817' title='bbox 1475 2787 1535 2812; x_wconf 85' lang='lat' dir='ltr'><strong>erat</strong></span> <span class='ocrx_word' id='word_1_818' title='bbox 1547 2783 1716 2811; x_wconf 77' lang='lat' dir='ltr'><strong>contrarium</strong></span> <span class='ocrx_word' id='word_1_819' title='bbox 1731 2789 1781 2809; x_wconf 84' lang='lat' dir='ltr'><strong>no-</strong></span> 
     </span>
    </p>
   </div>
   <div class='ocr_carea' id='block_1_118' title="bbox 1002 2827 1781 2867">
    <p class='ocr_par' dir='ltr' id='par_1_118' title="bbox 1002 2827 1781 2867">
     <span class='ocr_line' id='line_1_119' title="bbox 1002 2827 1781 2867; baseline -0.006 -7"><span class='ocrx_word' id='word_1_820' title='bbox 1002 2832 1044 2860; x_wconf 86' lang='lat' dir='ltr'><strong>bis</strong></span> <span class='ocrx_word' id='word_1_821' title='bbox 1058 2836 1086 2860; x_wconf 87' lang='lat' dir='ltr'><strong>et</strong></span> <span class='ocrx_word' id='word_1_822' title='bbox 1100 2831 1188 2867; x_wconf 88' lang='lat' dir='ltr'><strong>ipsuttt</strong></span> <span class='ocrx_word' id='word_1_823' title='bbox 1213 2832 1278 2860; x_wconf 90' lang='lat' dir='ltr'><strong>tulit</strong></span> <span class='ocrx_word' id='word_1_824' title='bbox 1300 2830 1333 2860; x_wconf 90' lang='lat' dir='ltr'><strong>de</strong></span> <span class='ocrx_word' id='word_1_825' title='bbox 1352 2830 1453 2864; x_wconf 87' lang='lat' dir='ltr'><strong>medio,</strong></span> <span class='ocrx_word' id='word_1_826' title='bbox 1467 2828 1580 2865; x_wconf 76' lang='lat' dir='ltr'><strong>aﬂigens</strong></span> <span class='ocrx_word' id='word_1_827' title='bbox 1595 2828 1663 2857; x_wconf 88' lang='lat' dir='ltr'><strong>illud</strong></span> <span class='ocrx_word' id='word_1_828' title='bbox 1685 2827 1781 2862; x_wconf 78' lang='lat' dir='ltr'><strong>cruci;</strong></span> 
     </span>
    </p>
   </div>
  </div>
