2077 3114
180 109 279 142 897.

708 107 748 138 ΙΝ
764 105 882 137 EPIST.
903 104 953 135 AD
972 104 1239 136 COLOSSENSES.

1751 109 1804 140 898

215 164 246 192 Et
264 163 435 200 ὲνεκρώθητε
459 163 557 199 ταύτῃ,
575 162 652 198 φησὶ,
669 164 702 198 τῇ
718 163 785 198 ζωῇ,
813 163 861 190 καὶ
885 161 968 189 παντὶ

1056 160 1084 189 Si
1112 162 1267 189 mertiticati
1281 161 1359 194 estis,
1377 161 1477 197 inquit,
1506 162 1570 190 huic
1595 162 1668 196 vitae,
1685 167 1712 191 et
1728 165 1804 193 omni

178 211 309 246 δρωμένῳ
329 210 376 236 καὶ
403 209 540 246 σαρκικῷ.
569 209 621 235 Τὸν
635 209 690 244 γὰρ
712 209 834 244 παρόντα
850 208 907 243 βίον
920 208 965 234 διὰ

178 256 237 282 τῶν
255 255 414 290 στοιχείων
426 254 567 290 σημαίνει.
580 253 613 280 Et
626 253 777 281 ἀπεθάνετε
805 252 863 286 οὖν,
886 252 964 287 φησι,

177 300 217 336 τῷ
232 300 311 327 αἰῶνι
339 299 437 334 τούτῳ,
450 298 477 325 τί
493 299 575 326 πάλιν
603 298 669 334 περὶ
698 298 779 325 αὑτὸν
802 296 964 333 στρέφεσθε,

178 346 243 382 περὶ
269 344 413 382 βρώματα,
430 344 477 372 καὶ
492 344 527 371 τὰ
541 344 653 371 τοιαῦτα
677 343 873 380 στρεφόμενοις
901 342 966 370 ταῦ-

178 401 212 419 τα
226 392 382 428 γὰρίφησὶ,
406 390 508 427 γαστρὶ
536 390 654 424 δέδοται,
671 390 721 418 καὶ
742 390 783 422 είς
795 389 899 426 φθορὰν
911 398 965 425 χω-

197 447 232 465 ει.

179 447 232 510 put.
247 483 326 511 Κατὰ
339 482 375 510 τὰ
392 483 550 518 ἐντάλματα
572 482 621 509 καὶ
647 481 823 514 διδασκαλίας
846 481 902 508 τῶν
920 482 966 508 ἀν-

179 528 297 564 θρώπων
314 538 321 545 ·
332 529 413 556 ἅτινά
427 529 486 556 ὲστι
514 528 594 565 λόγον
622 528 671 563 μὲν
698 527 794 563 ἔχοντα
814 528 921 562 σοφίας,
937 528 966 554 ὲν

179 573 405 608 ὲθελοθρησκείᾳ,
429 573 478 599 καὶ
503 573 750 608 ταπεινοφροσύνῃ,
780 572 829 599 καὶ
857 572 967 607 ἀφειδίᾳ

179 618 315 653 σώματος,
339 619 390 645 οὐκ
406 619 436 645 ὲν
448 619 514 653 τιμῇ
545 627 610 651 τινι,
640 618 707 654 πρὸς
733 618 891 654 πλησμονὴν
917 618 967 653 τῆς

180 665 290 701 σαρκός.
306 673 316 690 ι

221 710 361 744 Ἐντολὰς
370 710 544 745 ἀνθρώπων,
575 711 624 742 τὰς
650 709 768 746 μυθικὰς
791 710 967 742 διδασκαλίας

179 755 233 782 τῶν
256 755 393 783 Ἰουδαίων
415 755 504 789 λέγει,
519 754 595 790 ἢκαὶ
603 754 712 786 ἐντολὰς
726 755 860 790 σαρκικὰς
883 754 968 786 αὑτὰς

179 801 265 835 λέγει,
296 801 381 837 μηδὲν
409 800 526 836 ἑκούσας
549 801 742 837 πνευματικόν.
757 800 844 827 Τοῦτο
858 800 912 835 γὰρ
922 800 970 834 δη-

1016 207 1089 241 quod
1121 207 1229 236 visibtle
1246 211 1274 234 et
1297 207 1408 235 carnale
1433 213 1488 236 est.
1508 208 1676 237 Praesentem
1701 209 1805 245 quippe

1015 252 1109 284 vitam,
1137 253 1267 279 elementa
1299 252 1417 281 dicendo
1446 253 1594 288 signiﬁcat.
1611 254 1639 282 Si
1655 262 1721 289 ergo
1739 255 1804 282 huic

1015 297 1116 325 saeculo
1140 297 1240 325 mortui
1266 298 1345 331 estis,
1363 298 1463 334 inquit,
1481 307 1530 326 cur
1554 307 1620 336 ergo
1643 301 1719 328 circa
1736 301 1803 328 illud

1015 342 1164 370 versamini
1192 343 1303 376 iterum,
1328 345 1403 371 circa
1423 351 1512 377 escas,
1537 350 1562 373 et
1577 346 1630 373 alia
1650 347 1804 382 ejusmodi?

1016 387 1111 415 iubaac
1132 387 1206 415 enim
1226 387 1290 415 data
1310 391 1376 416 sunt
1395 388 1498 422 ventri,
1513 392 1541 416 et
1555 389 1583 416 in
1598 391 1804 426 corruptionem

1016 432 1126 460 abeunt.

1054 487 1064 504 ι
1083 478 1241 507 Secundum
1271 483 1409 515 praecepta
1426 483 1453 508 et
1472 479 1616 510 doctrinas
1633 481 1775 511 hominum
1795 493 1802 511 :

1018 522 1118 559 [Vens
1129 523 1178 559 25]
1192 531 1252 558 quae
1265 528 1330 552 sunt
1350 525 1484 565 rationem
1507 525 1637 553 habentia
1653 527 1804 562 sapientiae,

1017 569 1044 596 in
1059 569 1255 604 superstitione
1269 575 1295 597 et
1307 570 1474 603 humilitate,
1486 575 1510 597 et
1525 571 1558 597 ad
1571 578 1625 598 non
1637 573 1804 606 parcendum

1017 614 1139 649 corpori,
1157 622 1212 642 non
1229 615 1256 642 in
1274 615 1380 643 honore
1391 616 1494 651 aliquo,
1512 615 1545 642 ad
1555 616 1729 644 saturitatem
1742 625 1806 645 car-

1054 706 1192 740 Pra-cepta
1206 705 1353 738 hominum,
1370 706 1510 734 fabularcs
1525 704 1685 734 Iudaeorum
1696 707 1803 735 doctri-

1019 759 1068 780 nas
1085 756 1175 783 vocat.
1199 759 1269 786 quas
1292 752 1405 786 perinde
1421 752 1549 779 mandata
1563 753 1656 781 carnis
1673 754 1804 788 appellat,

1022 800 1050 823 ut
1068 804 1129 832 quae
1148 797 1216 824 nihil
1236 797 1351 831 spiritus
1369 797 1497 825 habeant.
1518 797 1574 826 [loc
1598 807 1683 835 porro
1698 801 1805 834 signiﬁ-

179 833 222 873 λοέ
239 846 269 874 τὸ
371 833 447 874 κατα
461 846 548 874 ’Θεόν
555 851 582 874 ιι.
607 833 759 881 ’Ᾰφειδιαν
773 845 807 873 δὲ
821 833 968 881 σώματος,

1022 846 1066 870 cat
1082 842 1146 870 dum
1160 842 1208 874 ait,
1226 850 1278 869 non
1292 843 1435 870 secundum
1449 843 1544 872 Deum.
1561 833 1684 873 Dicenda
1700 851 1805 879 autem,

181 891 230 928 τὴν
246 891 398 927 περιτομὴν
414 891 502 927 λέγει.

493 981 622 1009 ΚΕΦΔΛ.
637 981 675 1009 Γ’.

218 1036 228 1053 ι
246 1027 278 1054 Et
310 1027 501 1064 συνηγέρθητε
515 1028 554 1063 τῷ
576 1027 704 1063 Χριστῷ.
718 1027 753 1055 τὰ
764 1027 821 1055 ἄνω
851 1027 969 1062 ζητεῖτε,

182 1071 214 1101 οἵ)
240 1074 255 1100 ὁ
271 1074 388 1109 Χριστός
413 1075 487 1101 ἐστιν
502 1074 532 1101 ὲν
546 1073 621 1109 δεξιᾷ
639 1073 685 1100 τοῦ
715 1073 783 1101 Θεοῦ
806 1073 968 1108 καθήμενος,

180 1119 215 1146 τὰ
231 1119 286 1146 ἄνω
315 1120 452 1154 φρονεῖτε,
466 1120 505 1155 μὴ
520 1119 556 1148 τὰ
570 1120 617 1147 ἐπὶ
645 1119 696 1155 τῆς
723 1119 785 1154 γῆς.
807 1119 969 1146 ’Δπεθάνετε

180 1166 235 1201 γὰρ
248 1185 256 1198 ,
285 1166 333 1193 καὶ
347 1167 364 1201 ἡ
381 1165 438 1201 ζωὴ
460 1166 537 1202 ὑμῶν
561 1166 716 1201 κέκρυπται
746 1166 794 1192 σὺν
805 1165 845 1200 τῷ
859 1165 970 1201 Χριστῷ

180 1213 209 1238 ὲν
219 1212 258 1246 τῷ
268 1211 339 1247 Θεῷ.
360 1212 443 1239 Ὅταν
458 1214 472 1239 6
484 1211 601 1248 Χριστὸς
615 1211 760 1247 φανερωθῇ
774 1212 791 1247 ἡ
807 1211 863 1247 ζωὴ
881 1211 968 1246 ὑμῶν,

180 1257 240 1284 τότε
257 1257 305 1285 καὶ
322 1257 401 1293 ὑμεῖς
420 1257 469 1285 σὺν
481 1257 556 1293 αὐτῷ
583 1257 810 1293 φανερωθήσεσθε
826 1258 856 1284 ἐν
872 1255 963 1292 δόξῃ.»

222 1346 299 1373 Ἐπεὶ
309 1343 366 1379 οὖν,
383 1346 477 1382 φησὶν,
489 1347 530 1378 είς
549 1346 645 1382 ἑτέραν
671 1346 744 1382 ζωὴν
770 1346 902 1382 ἀνέστητε
920 1346 970 1382 τὴν

181 1392 306 1427 οὐράνιον
320 1411 329 1424 ,
357 1391 412 1419 τῶν
448 1392 520 1419 κατὰ
542 1392 595 1428 γῆν
621 1392 750 1420 ἁπάντων
773 1393 969 1428 δικαιωμάτων

180 1436 238 1464 ἄνω
254 1437 373 1471 γίνεσθε.
392 1437 430 1464 οὐ
447 1437 502 1472 γὰρ
528 1437 650 1470 δυνατὸν,
676 1437 794 1472 ἀλλαχοῦ
826 1438 877 1473 μὲν
896 1438 969 1473 ἔχειν

180 1481 231 1518 τὴν
243 1481 326 1518 ζωὴν,
341 1481 429 1517 τῆςδὲ
447 1482 563 1518 ἑτέρωθι
592 1483 722 1518 κειμένης
748 1483 826 1518 ἔχειν
836 1483 871 1510 τὰ
885 1492 967 1518 νομο-

181 1511 341 1562 θέτήῇιαὲσί·
360 1511 428 1555 ἀλλὰ
449 1511 572 1563 ἀργείτω,
595 1511 644 1564 μὲν
664 1511 785 1563 τάμπεῶ
815 1511 967 1564 σῶμα,.ὡς
981 1511 1005 1543 c

180 1571 352 1607 τεθνηκότων
366 1571 456 1607 ήμῷν,
474 1571 639 1608 ὲνεργεὶσθω
658 1572 687 1598 δὲ
698 1571 733 1598 τὰ
741 1571 885 1607 πνεύματα
900 1571 968 1599 καθὸ

184 1615 262 1652 ζῆτε,
276 1616 323 1643 καὶ
337 1616 498 1652 ἀναμενέτω
513 1616 544 1643 τὸ
560 1616 639 1652 σῶμα
649 1617 699 1653 τὴν
715 1617 761 1645 καὶ
785 1617 859 1653 αὒτῷ
888 1617 968 1652 δοθη-

182 1662 300 1698 σομένην
324 1662 408 1698 ζωὴν,
432 1662 542 1689 ἐπειδὰν
558 1664 572 1689 ὀ
587 1663 637 1698 τῆς
666 1663 738 1698 ζωῆς
764 1664 830 1698 ἡμῖν
851 1662 969 1699 χορηγὸς

182 1707 302 1744 ἐπιφανῇ
323 1709 452 1744 Χριστὸς,
469 1708 552 1744 ,ἔχων
573 1708 624 1744 μὲν
652 1708 737 1743 αὐτὴν
750 1709 780 1735 ἐν
794 1708 832 1744 τῷ
846 1708 904 1744 ιδίῳ
915 1707 968 1734 σώ-

183 1760 259 1788 ματι,
276 1753 441 1789 μεταδώσων
453 1754 481 1780 δὲ
494 1754 580 1790 αὐτῆς
593 1754 640 1781 καὶ
653 1755 709 1790 τοῖς
721 1754 867 1790 ἡμετέροις
877 1761 884 1768 ·
896 1754 970 1780 ὲπει-

181 1799 230 1827 δὰν
260 1800 308 1827 καὶ
340 1799 410 1826 αὐτὰ
437 1800 478 1831 είς
510 1799 582 1835 ζωὴν
612 1799 781 1835 προαχθῆναι
806 1799 864 1835 δέῃ,
895 1799 968 1834 ζωὴν

181 1845 232 1882 τὴν
246 1845 362 1878 ἔνδοξον,
378 1844 450 1881 ζωὴν
464 1845 514 1880 τὴν
524 1845 681 1881 μακαρίαν,
705 1845 775 1881 πρὸς
793 1845 828 1881 ἢν
846 1845 914 1872 ἰδίαν
924 1845 969 1872 οὒ-

182 1899 235 1918 σαν
247 1890 377 1927 Χριστοῦ,
391 1890 438 1918 καὶ
452 1890 532 1926 ἡμεῖς
543 1889 814 1927 συσχηματιζόμεθα.

217 1985 227 2004 ι
244 1977 411 2014 Νεκρὼσατε
427 1977 474 2005 οὖν
492 1978 527 2006 τὰ
541 1977 609 2014 μέλη
630 1978 707 2014 ὑμῶν
721 1978 755 2006 τὰ
770 1979 816 2005 επὶ
832 1979 882 2015 τῆς
904 1981 967 2014 γῆς,

183 2022 325 2058 πορνείαν,
350 2021 541 2058 ἀκαθαρσίαν,
568 2022 673 2056 πάθος,
696 2023 845 2059 ἐπιθυμίαν
868 2024 967 2060 κακὴν,

182 2068 229 2095 καὶ
239 2067 288 2104 τὴν
301 2067 471 2101 πλεονεξίαν,
493 2069 554 2104 ἣτις
574 2068 649 2095 ἐστὶν
665 2068 885 2106 εἰδωλολατρεὶα,
902 2070 934 2097 δι’
949 2070 968 2098 ἃ

182 2113 320 2150 ἔρχεταιὴ
333 2114 402 2150 ὀργὴ
417 2114 466 2142 τοῦ
479 2114 547 2141 Θεοῦ
567 2113 614 2141 hri
638 2114 702 2146 τοὺς
730 2115 806 2148 υῑοὺς
819 2115 870 2151 τῆς
890 2115 968 2143 ἀπει-

183 2158 260 2190 θείας
272 2166 279 2173 ’
292 2159 321 2186 ὲν
336 2156 377 2191 οἷς
392 2159 441 2186 καὶ
469 2159 548 2194 ὑμεῖς
578 2159 798 2195 περιεπατήσατέ
825 2168 905 2192 ποτε,
923 2161 966 2187 ἅτε

184 2188 265 2238 ἐζῆτε
284 2203 314 2230 ὲν
334 2188 426 2235 αὐτοῖς
442 2211 451 2220 ⁵
480 2188 544 2231 νυνί
559 2203 587 2230 δὲ
601 2188 736 2230 ἀπόθεσθε
763 2203 811 2231 καὶ
838 2188 917 2240 ὐμείς
933 2204 968 2232 τὰ
983 2188 1004 2215 D

183 2248 284 2280 πάντα,
313 2247 408 2284 ὀργὴν,
434 2247 531 2284 θυμὸν,
557 2248 669 2280 κακίαν,
696 2248 885 2284 βλασφημίαν,
911 2250 967 2276 αισ-

183 2293 327 2328 χρολογίαν
338 2295 370 2321 ἐκ
383 2292 431 2320 τοῦ
454 2294 589 2329 στόματος
614 2293 700 2329 ὑμῶν.
711 2293 758 2329 Μὴ
781 2293 911 2328 ψεύδεσθε
928 2294 968 2325 εις

182 2338 324 2374 ἀλλήλους.
337 2348 347 2365 ι

225 2385 318 2412 Ἦτοῦ
340 2384 447 2414 Παύλου
473 2384 646 2420 παραίνεσις,
667 2383 817 2420 νεκρότητα
835 2383 885 2419 μὲν
911 2384 968 2411 εισ-

183 2430 300 2464 ηγεῖταιε
314 2430 382 2465 πρὸς
405 2430 455 2465 τὴν
482 2429 618 2464 κοσμικὴν
639 2428 712 2464 ζωὴν
736 2428 787 2465 τὴν
808 2429 970 2465 παρεφθαρ-

185 2475 284 2510 μένην,
309 2474 381 2510 ζωὴν
397 2475 426 2502 δὲ
438 2475 500 2502 ἀντὶ
519 2474 623 2510 ταύτης
648 2474 754 2512 εἰσάγει
777 2474 827 2510 τὴν
845 2475 970 2510 οὐράνιον

184 2519 234 2547 καὶ
249 2520 454 2556 πνευματικήν
475 2521 523 2548 καὶ
537 2520 676 2556 νεκρῶσαι
686 2520 735 2556 μὲν
745 2520 780 2547 τὰ
796 2520 865 2556 μέλη
886 2528 972 2556 προσ-

183 2564 277 2591 τάττει
300 2564 335 2591 τὰ
350 2564 396 2590 ἐπὶ
427 2564 477 2600 τῆς
493 2564 545 2600 γῆς
556 2584 564 2597 ,
579 2565 617 2596 ὼς
630 2564 664 2592 ἂν
671 2564 719 2600 ,τῷ
733 2563 868 2599 πνεύματι
891 2564 970 2600 ήμῶν

184 2609 258 2646 ζωὴν
275 2609 433 2637 καταλιπὼν
449 2611 519 2638 κατὰ
532 2610 581 2646 τὴν
593 2611 622 2637 ιν
634 2610 706 2645 ἁγίῳ
731 2609 870 2645 Πνεύματι
892 2610 970 2637 πολι-

184 2656 271 2690 τιίαν,
288 2656 442 2691 ἀναγκαίαν
452 2655 538 2692 δὲτὴν
566 2656 698 2692 νέκρωσιν
731 2656 781 2692 τῆς
804 2656 878 2692 ζωῆς
901 2657 970 2684 ἀπο-

1019 887 1054 914 ad
1081 895 1133 915 non
1160 889 1323 922 parcendum
1348 890 1461 924 corpori,
1490 890 1731 919 circumcisionem
1764 892 1806 919 in-

1019 933 1088 961 nuit.

1336 979 1413 1008 CAP.
1428 980 1477 1008 III.

1053 1024 1136 1052 Vens.
1150 1024 1208 1052 1-4.
1229 1033 1238 1051 ι
1256 1024 1342 1060 Igitur
1369 1026 1393 1054 si
1421 1028 1639 1057 consurrexistis
1653 1037 1716 1057 cum
1727 1029 1805 1057 Chri-

1018 1073 1072 1102 sto,
1090 1077 1150 1105 qua:
1170 1070 1251 1105 212
1268 1078 1378 1098 sursum
1391 1076 1457 1099 sunt
1474 1073 1598 1108 quaerite,
1612 1074 1658 1101 ubi
1672 1074 1801 1103 Christus

1018 1119 1060 1142 est
1070 1115 1097 1142 in
1111 1115 1226 1143 dextera
1238 1116 1284 1143 Dei
1299 1116 1409 1148 sedens,
1421 1125 1482 1152 quae
1495 1126 1608 1146 sursum
1625 1124 1690 1147 sunt
1702 1121 1803 1156 sapite,

1018 1167 1072 1187 non
1091 1167 1151 1196 quae
1175 1168 1261 1196 super
1274 1165 1387 1189 terram.
1404 1162 1504 1190 Mortui
1521 1165 1595 1191 enim
1610 1165 1689 1199 estis,
1701 1171 1730 1193 et
1748 1167 1804 1194 vita

1017 1210 1110 1233 vestra
1135 1207 1296 1234 abscondita
1315 1212 1357 1235 est
1381 1216 1442 1235 cum
1472 1208 1584 1237 Christo
1600 1211 1627 1238 in
1648 1211 1713 1239 Deo.
1734 1212 1802 1240 Cum

1018 1250 1145 1280 Christus
1158 1253 1327 1287 apparuerit,
1341 1253 1397 1281 vita
1411 1257 1513 1287 vestra,
1533 1260 1597 1282 tunc
1613 1260 1640 1284 et
1655 1264 1704 1285 vos
1719 1264 1804 1293 appa-

1019 1296 1115 1324 rebitis
1132 1303 1194 1324 cum
1210 1297 1270 1332 ipso
1288 1298 1315 1325 in
1327 1298 1425 1333 gloria.
1449 1308 1457 1324 I

1049 1341 1185 1374 Quoniam
1205 1343 1238 1370 ad
1251 1343 1334 1371 vitam
1363 1344 1488 1378 alteram,
1505 1345 1647 1374 caelestem
1662 1347 1804 1382 nimirum,

1023 1390 1230 1421 resurrexistis,
1251 1391 1409 1426 superiores
1434 1391 1589 1420 etiiciamini
1605 1394 1724 1422 terrenis
1745 1403 1806 1421 om-

1018 1434 1099 1461 nibus
1127 1434 1273 1463 institutis.
1300 1434 1360 1463 Non
1381 1437 1455 1464 enim
1473 1437 1529 1464 ﬁeri
1547 1442 1638 1473 potest
1658 1444 1686 1466 ut
1705 1440 1759 1467 alio
1776 1441 1804 1468 in

1019 1480 1080 1507 loco
1109 1481 1191 1507 vitam
1218 1488 1345 1515 agamus,
1362 1485 1389 1509 et
1416 1483 1476 1510 vita:
1504 1483 1619 1512 alterius
1644 1486 1804 1515 sanctiones

1019 1525 1234 1553 sectemurzsed
1263 1533 1325 1560 quae
1353 1527 1387 1554 ad
1413 1535 1514 1562 corpus
1545 1529 1673 1563 attinent,
1693 1539 1805 1560 cessare

1022 1570 1141 1601 oportet,
1173 1573 1205 1593 ac
1219 1567 1243 1594 si
1261 1567 1362 1594 mortui
1395 1570 1514 1602 essetis;
1535 1574 1683 1604 operentur
1712 1577 1804 1600 autem

1017 1618 1079 1646 quae
1094 1617 1160 1639 sunt
1170 1610 1288 1646 Spiritus
1303 1613 1454 1640 secundum
1473 1622 1554 1649 quem
1572 1615 1675 1644 vivitis.
1693 1616 1805 1646 Interim

1019 1663 1122 1692 corpus
1137 1661 1277 1692 exspectet
1291 1658 1387 1690 vitam,
1404 1666 1466 1694 quae
1489 1660 1542 1694 ipsi
1557 1660 1678 1694 dabitur,
1694 1663 1805 1697 quando

1018 1702 1064 1730 ille
1096 1703 1143 1737 qui
1155 1703 1219 1730 vita:
1234 1707 1278 1731 est
1295 1707 1400 1736 auctor,
1416 1705 1581 1734 manifestus
1605 1707 1662 1740 lict,
1674 1713 1704 1735 ut
1720 1709 1805 1737 vitam

1018 1754 1073 1782 qua
1089 1755 1168 1776 suum
1183 1755 1284 1782 corpus
1301 1749 1443 1784 praeditum
1465 1754 1517 1782 est,
1534 1752 1637 1779 nostris
1652 1753 1735 1780 etiam
1751 1754 1806 1781 im-

1018 1793 1161 1828 pertiatur,
1186 1793 1296 1829 quando
1310 1794 1407 1822 isthmc
1420 1803 1530 1831 quoque
1553 1796 1586 1824 ad
1600 1797 1685 1825 vitam
1703 1800 1805 1828 adduci

1017 1846 1131 1867 necesse
1141 1839 1203 1872 erit,
1219 1840 1253 1867 ad
1267 1840 1361 1873 vitam,
1373 1840 1495 1876 inquam,
1505 1842 1661 1878 gloriosam,
1673 1844 1707 1872 ad
1721 1846 1806 1874 vitam

1018 1885 1137 1918 felicem,
1152 1886 1209 1919 cui,
1224 1887 1353 1922 quoniam
1367 1887 1479 1923 propria
1492 1893 1535 1916 est
1548 1889 1664 1925 Christi,
1675 1899 1726 1921 nos
1734 1900 1806 1928 quo-

1019 1937 1074 1966 que
1085 1930 1189 1959 similes
1205 1931 1365 1960 evademus.

1052 1975 1136 2004 Vsus.
1159 1976 1220 2004 5-9.
1247 1986 1256 2002 ι
1275 1975 1438 2005 Mortiﬁcate
1461 1986 1526 2014 ergo
1550 1981 1673 2010 membra
1703 1988 1804 2018 vestra,

1018 2027 1081 2056 qua:
1100 2024 1164 2048 sunt
1188 2027 1271 2055 super
1295 2025 1417 2049 terram:
1435 2021 1658 2058 fornicationem,
1685 2025 1806 2054 immun-

1018 2067 1125 2101 ditiam,
1165 2067 1317 2101 libidinem,
1346 2069 1603 2104 concupiscentiam
1635 2072 1754 2107 malam,
1778 2079 1807 2102 et

1018 2112 1174 2145 avaritiam,
1189 2116 1300 2148 quaeest
1316 2112 1529 2142 simulacrorum
1542 2116 1673 2150 servitus,
1692 2123 1806 2154 propter

1017 2163 1080 2193 quae
1096 2158 1170 2185 venit
1183 2158 1225 2185 ira
1237 2157 1286 2186 Dei
1299 2158 1328 2186 in
1346 2159 1418 2187 ﬁlios
1433 2159 1644 2190 ihcredulitatis.
1661 2162 1689 2191 in
1704 2165 1805 2200 quibus

1019 2207 1046 2232 et
1060 2211 1109 2232 vos
1127 2203 1276 2239 aliquando
1288 2205 1450 2234 ambulastis
1463 2213 1525 2234 cum
1539 2207 1668 2237 viveretis
1688 2210 1714 2237 in
1729 2211 1803 2239 illis:

1019 2256 1092 2276 nunc
1107 2254 1197 2277 autem
1218 2249 1347 2285 deponite
1362 2254 1390 2278 et
1406 2258 1455 2279 vos
1470 2253 1575 2287 omnia,
1585 2248 1666 2288 i’ram,
1677 2255 1806 2293 indigna-

1020 2295 1133 2328 tionem,
1148 2296 1291 2328 malitiam,
1303 2297 1515 2332 blasphemiam,
1532 2304 1639 2335 turpem
1649 2309 1805 2332 sermonem

1019 2340 1054 2368 de
1072 2347 1121 2368 ore
1138 2344 1240 2368 vestro.
1252 2340 1342 2369 Nolite
1361 2343 1473 2370 mentiri
1489 2343 1620 2373 invicem.
1642 2356 1653 2373 ›

1047 2385 1112 2413 Haec
1137 2386 1295 2414 exhortatio
1321 2386 1410 2421 Pauli,
1435 2390 1581 2418 mundana:
1601 2398 1649 2419 seu
1668 2398 1807 2428 corruptae

1020 2430 1083 2458 vitae
1110 2431 1350 2466 interemptionem
1381 2432 1488 2466 suadet,
1505 2434 1532 2461 in
1552 2435 1633 2470 cujus
1644 2435 1736 2464 locum
1749 2445 1807 2465 eoe-

1022 2476 1117 2504 lestem
1143 2481 1170 2504 et
1193 2477 1366 2512 spiritualem
1387 2478 1472 2506 vitam
1488 2479 1612 2515 subjicit.
1633 2481 1673 2509 Ac
1682 2483 1808 2512 membra

1024 2521 1145 2557 quidem,
1161 2529 1221 2556 quae
1237 2525 1400 2558 sunt'super
1412 2527 1528 2558 terram,
1541 2526 1620 2561 jubet
1633 2528 1807 2564 mortiﬁcari,

1024 2572 1056 2596 ut
1070 2572 1163 2596 tamen
1179 2569 1287 2604 spiritui
1313 2573 1410 2597 nostro
1425 2571 1546 2606 supersit
1560 2572 1616 2600 vita
1634 2581 1695 2610 qua:
1708 2583 1808 2605 secun.

1025 2614 1090 2642 dum
1109 2612 1243 2649 Spiritum
1269 2619 1396 2642 sanctum
1427 2616 1599 2646 instituatur.
1615 2618 1808 2650 Necessariam

1031 2664 1121 2688 autem
1140 2667 1202 2688 esse
1230 2660 1350 2688 ostendit
1369 2661 1430 2689 vitae
1447 2661 1528 2698 hujus
1553 2665 1807 2702 mortiﬁcationem,

822 2711 937 2741 vanus
957 2708 1162 2745 LECTIONES.

823 2715 937 2741 VARUS
957 2715 969 2741 Ι

221 2758 287 2803 ιςΔΤὸ
321 2760 358 2788 οὐ
387 2760 464 2788 κατὰ
499 2759 582 2788 θοόν.
614 2758 727 2789 Videtur
758 2763 853 2789 auctor
882 2759 910 2788 in
925 2759 969 2796 Δρ

1018 2716 1022 2742 ι
1083 2716 1128 2743 NE
1154 2735 1162 2745 .

1018 2716 1150 2792 )rlrilaixtus
1165 2762 1275 2800 legisse,
1302 2763 1475 2799 διδασκαλίας
1494 2766 1658 2803 ἀνθρώπων,
1683 2770 1715 2796 οὐ
1739 2771 1807 2798 κατὰ

187 2790 265 2822 Θεόν,
827 2804 831 2810 ι
