2077 3114
277 115 330 147 899

877 108 906 137 S.
923 107 1082 138 JOANNIS
1095 105 1311 137 DAMASCENI

1844 106 1897 139 900

279 171 327 200 ubi
337 169 434 198 sordes
443 169 503 204 ejus
512 167 711 203 spurcitiasque
719 165 845 194 edisserit
854 173 863 198 ;
876 172 921 196 ne,
931 164 1064 199 quemad-

1125 163 1244 197 ἱείκνυσι,
1259 164 1290 190 τὸ
1302 163 1507 198 μεμολυσμένον
1525 162 1610 198 αὐτῆς
1634 162 1828 198 ἐξηγούμενος,
1855 164 1898 191 ῖνα

280 214 391 242 modum
411 213 537 249 gentiles,
565 211 649 238 vitam
674 217 736 245 quae
760 211 789 238 in
808 216 925 243 corpore
954 208 1058 243 agitur,

280 259 379 286 malam
404 263 465 284 esse
479 255 663 290 suspicemur,
679 254 728 282 sed
751 255 815 281 vitae
830 253 966 281 duntaxat
975 251 1063 280 deﬁe-

279 303 390 330 xionem
410 300 444 328 ad
461 300 628 335 voluptates,
655 300 684 327 in
705 298 806 334 quibus
819 297 957 327 seortatio
968 301 1022 330 est,
1035 300 1064 324 et

281 344 482 380 omniaquaevis
497 344 625 379 nequitiae
635 351 737 380 genera
754 352 760 371 :
774 342 977 371 immunditiam
990 349 1063 376 quo-

281 397 335 425 que
348 394 374 417 et
385 389 593 425 impudicitiam,
608 388 761 421 libidinem,
773 391 801 416 et
810 385 1063 422 concupiscentiam

283 436 380 463 malam
405 435 546 468 nominat;
564 434 664 469 quibus
690 438 719 462 et
749 432 894 461 avaritiam
928 430 1064 466 adjungit,

281 481 384 516 quippe
400 487 461 515 qua:
477 479 588 514 sequela
600 479 638 506 sit
654 478 838 513 voluptatum,
850 483 912 511 quae
926 475 1064 511 pecunia-

283 534 343 553 rum
355 525 602 561 suppeditationem
610 525 733 560 exigunt.
744 522 892 551 Avaritiam
902 529 978 555 vero,
985 520 1068 548 serui-

284 575 366 598 tulem
394 571 527 597 idolorum
550 569 678 604 appellat,
708 569 838 603 quoniam
858 567 947 599 avari,
969 566 1066 594 relicto

283 615 331 643 Dei
356 616 430 643 cuitu
450 619 477 643 et
499 615 623 647 servitio,
644 614 692 642 Dci
704 614 763 641 vice
783 612 911 647 pecuniis
930 611 1066 640 serviunt.

284 660 320 689 Ut
331 669 397 696 ergo
428 660 546 688 suadeat
561 659 696 694 ejusmodi
712 659 787 687 vitiis
799 665 856 686 non
866 657 1065 688 adhaerescere,

284 707 354 735 iram
366 706 412 734 Dei
431 710 541 741 propter
560 705 607 733 illa
621 705 764 733 imminere
777 704 815 731 ait
828 703 930 736 inillos
943 702 991 738 qui
1007 708 1068 730 ere.

283 751 349 780 dere
374 751 537 779 detrectant.
550 750 571 778 E
583 758 613 778 re
636 757 690 778 non
704 749 786 777 fuerit
800 748 895 784 igitur,
915 747 1018 782 inquit,
1035 742 1078 774 ut'

283 802 311 825 et
334 797 437 830 ﬁdeles,
465 796 512 831 qui
528 797 599 823 iram
621 795 787 831 effugerunt,
804 795 832 822 in
859 793 923 822 istis
936 792 1065 828 operibus

1114 209 1152 244 μὴ
1179 209 1229 244 τὴν
1256 209 1286 236 ἐν
1316 209 1424 244 σώματι
1455 207 1528 243 ζωὴν
1554 209 1677 243 πονηρὰν
1708 208 1899 243 ὑπολάδωμεν,

1111 254 1207 290 ὥσπερ
1234 254 1365 290 Ἕλληνες
1391 254 1544 289 ἡγοῦνται,
1575 254 1643 281 ἀλλὰ
1671 253 1720 289 τὴν
1749 254 1798 289 τῆς
1826 254 1900 290 ζωῆς

1112 301 1294 336 παρατροπὴν
1307 320 1315 332 ,
1339 300 1393 335 ’τὴν
1412 301 1441 327 ἐν
1465 300 1582 336 ἡδοναῖς,
1602 299 1631 326 ὲν
1657 296 1701 331 αἷς
1718 300 1745 326 αἱ
1761 301 1898 335 πορνεῖαι,

1114 345 1161 372 καὶ
1173 346 1234 376 ὅσαι
1248 345 1318 372 ἰδέαι
1326 346 1496 380 κακουργίας
1507 353 1515 362 ·
1531 344 1713 380 ἀκαθαρσίαν,
1741 345 1790 371 καὶ
1819 345 1901 372 ἀσέλ-

1113 399 1199 426 γειαν¹
1212 391 1261 418 καὶ
1285 391 1380 423 πάθος,
1397 392 1445 418 καὶ
1467 390 1615 425 ἐπιθυμίαν
1645 389 1735 425 κακὴν
1759 390 1900 426 ὀνομάζει,

1114 437 1162 462 καὶ
1191 435 1242 471 τὴν
1271 436 1428 469 πλεονεξίαν
1453 436 1653 468 ὲπισυνάπτων,
1680 435 1722 462 δτι
1737 435 1770 470 δὴ
1792 435 1902 462 ἀκολού-

1115 479 1191 515 Θημα
1219 480 1275 507 τῶν
1302 480 1404 516 ἡδονῶν
1433 480 1462 507 αι
1476 480 1639 513 πλεονεξίαι,
1665 479 1815 516 χρημάτων
1841 485 1903 516 χορ.

1116 526 1199 562 ηγίαν
1237 526 1424 561 ὲπιζητουσῶν
1456 525 1567 561 ἡδονῶν.
1594 525 1850 559 Ειδωλολατρείαν
1872 525 1902 552 δὲ

1115 573 1193 599 καλεί
1205 572 1255 607 τὴν
1280 572 1448 605 πλεονεξίαν,
1477 572 1518 599 δτι
1534 571 1573 607 τῷ
1585 571 1644 606 Θεῷ
1665 571 1801 598 δουλεύειν
1818 579 1902 597 κατα-

1116 617 1249 650 λιπόντες,
1263 617 1325 644 ἀντὶ
1341 617 1408 644 Θεοῦ
1425 618 1480 649 τοὶς
1504 618 1629 652 χρήμασι
1657 616 1822 643 δουλεύουσι.
1837 616 1901 642 Πεί-

1117 663 1171 690 θων
1199 660 1245 689 οὖν
1265 663 1303 698 μὴ
1327 662 1474 697 διατρίϐειν
1499 663 1555 693 τοῖς
1577 661 1727 693 τοιούτοις.
1743 661 1792 697 τὴν
1818 661 1902 696 όργὴν

1117 708 1281 745 ἐπέρχεσθαι
1308 717 1375 744 φησι
1399 708 1432 735 δι’
1458 707 1529 735 αὐτὰ
1549 709 1581 735 ὲκ
1606 707 1673 735 Θεοῦ
1700 709 1756 739 τοῖς
1774 707 1902 734 ἀπειθοῦ-

1118 761 1171 781 σιν.
1190 754 1228 780 Οΰ
1251 753 1310 780 δέον
1339 753 1396 785 οῦν,
1429 753 1508 789 φησι,
1541 753 1588 780 καὶ
1611 753 1674 784 τοὺς
1701 753 1815 785 πιστοὺς
1840 753 1903 785 τοὺς

1118 801 1164 826 καὶ
1193 799 1243 835 τὴν
1274 799 1360 836 ὀργὴν
1390 799 1652 834 ὰποφευξαμένους,
1670 800 1700 826 ὲν
1713 799 1819 832 τούτοις
1848 801 1903 832 τοῖς

284 846 438 874 versentur,
464 841 492 869 in
502 841 605 881 quibus
616 848 666 869 vos
694 841 761 868 olim
775 838 973 871 versabamini,
1001 837 1066 865 dum

1125 844 1208 880 ἔργοις
1220 832 1384 880 ’διατρίδειν
1396 862 1404 877 ,
1423 832 1457 872 ὲν.
1468 842 1516 879 [eis
1535 832 1571 871 is
1596 844 1710 872 παλαιὸν
1736 844 1882 881 διετρίσετε
1893 866 1903 878 ,

284 887 369 915 vitam
393 887 467 913 illam
489 879 624 922 agebatis,
642 893 725 921 quam
739 893 789 914 vos
807 892 842 913 ex
856 887 914 911 toto
930 882 1067 918 deponere

286 939 506 960 commonemus.

322 987 332 1004 ε
351 976 543 1012 Exspoliantes
563 982 614 1004 vos
627 977 747 1002 veterem
766 972 906 1001 hominem
921 979 984 1000 cum
1000 971 1070 999 acti-

286 1024 339 1052 bus
354 1023 422 1051 suis.
439 1031 449 1048 ι

318 1067 474 1096 Generatim
499 1066 569 1094 etin
596 1072 704 1094 summa
717 1057 796 1098 dicit,
811 1067 936 1093 veterum
963 1070 1069 1092 morum

286 1113 465 1141 mutationem
489 1119 550 1139 esse
571 1112 767 1140 necessariam.
789 1110 930 1138 Hominem
943 1109 1016 1137 enim
1031 1117 1072 1136 ικ-

288 1164 367 1187 (eram
394 1163 546 1192 nuncupat,
568 1157 719 1192 ingenitam
748 1155 857 1184 vivendi
872 1155 1019 1187 rationem,
1037 1161 1071 1182 ex

287 1211 343 1240 quo
362 1204 455 1239 lapsus
473 1208 514 1230 est
526 1202 622 1230 homo.
980 1225 983 1229 ,

316 1249 400 1277 Vsus.
419 1248 511 1277 lO-M.
530 1247 585 1274 «Et
620 1247 766 1275 induentes
797 1255 910 1282 novum,
939 1255 1002 1277 eum
1025 1250 1072 1283 qui

287 1298 438 1323 renovatur
454 1295 482 1322 in
498 1293 677 1329 agnitionem,
689 1293 841 1321 secundum
851 1293 1002 1330 imaginem
1014 1296 1075 1330 ejus

288 1341 336 1377 qui
351 1341 455 1368 creavit
475 1340 561 1367 illum.
585 1339 638 1367 Ubi
657 1346 711 1367 non
729 1343 771 1367 est
789 1340 900 1375 gentilis
911 1344 939 1368 at
949 1340 1074 1374 Iudaeus,

291 1387 469 1416 circumcisio
482 1391 509 1414 et
527 1386 702 1422 praputium,
719 1385 867 1419 Barbarus,
881 1385 996 1423 Scytha,
1017 1396 1076 1416 ser-

288 1441 351 1463 vus.
367 1432 446 1465 liber,
459 1430 539 1467 213
554 1430 601 1458 sed
613 1430 705 1457 omnia
721 1430 786 1458 etin
795 1431 922 1459 omnibus
938 1431 1074 1460 Christus.

290 1477 396 1504 lnduite
411 1483 476 1511 ergo
496 1483 545 1503 vos
559 1475 633 1503 sicut
645 1475 725 1503 electi
750 1475 810 1508 Dei,
824 1476 910 1503 sancti
925 1482 953 1504 et
971 1477 1073 1510 dilecti,
1088 1494 1110 1524 ο

290 1523 398 1551 viscera
419 1521 625 1554 misericordiae,
646 1521 860 1557 benignitatem,
877 1522 1072 1553 humilitatem,

292 1567 466 1598 modestiam,
484 1566 663 1602 patientiam;
689 1569 884 1601 supportantes
899 1567 1027 1599 invicem,
1047 1571 1075 1595 et

292 1613 427 1640 donantes
449 1611 668 1646 vobismetipsis,
689 1611 713 1638 si
728 1611 793 1646 quis
808 1611 942 1640 adversus
956 1612 1076 1647 aliquem

293 1660 375 1688 habet
401 1658 553 1694 querelam,
569 1657 644 1686 sicut
664 1661 692 1686 et
706 1656 835 1686 Christus
850 1658 965 1686 donavit
980 1658 1072 1689 nobis.

294 1707 332 1733 ita
350 1710 378 1733 et
390 1713 449 1733 vos.
464 1704 552 1739 Super
563 1704 655 1731 omnia
669 1707 760 1732 autem
774 1704 831 1732 haee
843 1704 1005 1732 charitatem
1023 1703 1073 1731 ha-

295 1751 367 1784 bete,
383 1757 444 1785 quae
462 1752 505 1777 est
515 1749 655 1776 vinculum
669 1748 860 1784 pertectionis.
876 1757 887 1775 ι

328 1794 563 1829 Quemadmodum
579 1797 691 1821 ueterem
716 1793 846 1820 hominem
861 1793 938 1825 dicit,
955 1793 1078 1828 pravita-

295 1845 350 1869 tem
367 1847 427 1876 quae
441 1840 520 1867 nobis
534 1846 568 1867 ex
591 1839 670 1874 lapsu
685 1838 797 1870 accidit,
810 1838 852 1866 sic
866 1844 893 1867 et
909 1845 1012 1867 novum
1027 1846 1077 1867 vo-

297 1889 353 1917 cat,
373 1892 434 1912 eam
457 1884 520 1911 vitae
536 1882 684 1923 rationem,
697 1889 760 1916 quae
781 1883 818 1910 sit
836 1882 989 1910 secundum
1000 1882 1080 1910 Chri-

298 1935 389 1964 stum;
404 1937 457 1964 qua
472 1928 503 1956 ﬁt
518 1932 547 1956 ut
563 1935 658 1955 omnes
683 1927 787 1955 Christi
809 1928 865 1955 sint
894 1928 1079 1961 aemulatores,

299 1976 357 2004 sive
371 1975 434 2010 quis
447 1973 558 2002 Iudaeus
572 1973 699 2007 exsistat,
726 1973 785 2001 sive
800 1973 923 2005 Graecus.
935 1973 994 2000 sive
1011 1973 1080 2000 Bar-

297 2021 395 2053 barus,
417 2020 477 2049 sive
493 2020 564 2047 liber
581 2027 588 2047 :
602 2026 675 2055 quos
687 2026 785 2048 omnes
794 2018 855 2054 ejus
866 2018 1076 2048 similitudinem

298 2067 357 2094 vult
367 2066 531 2102 exprimere.

336 2110 420 2138 Vens.
445 2109 537 2137 lii-25.
553 2118 563 2135 ι
577 2109 617 2137 Ex
633 2117 684 2145 pax
701 2108 750 2137 Dei
767 2108 884 2136 exsultet
905 2108 933 2136 in
948 2107 1082 2136 cordibus

1117 892 1162 919 ὅτε
1180 891 1228 926 τὴν
1242 890 1314 926 ζωὴν
1329 890 1417 926 εἴχετε
1432 890 1544 926 ταύτην,
1558 891 1593 926 ἡν
1608 891 1757 919 ἀποθέσθαι
1785 891 1904 927 συμϐου-

1118 937 1244 972 λεὺομεν.

1158 992 1168 1007 ι
1190 980 1421 1017 Ἀπεκδυσάμενοι
1431 979 1478 1007 τὸν
1493 980 1609 1009 παλαιὸν
1621 981 1765 1018 ἄνθρωπον
1781 983 1829 1009 σὺν
1844 983 1906 1013 ταῖς

1121 1027 1254 1063 πράξεσιν
1269 1026 1363 1054 αὐτοῦ.
1379 1035 1390 1053 ι

1156 1072 1280 1100 Καθόλου
1306 1072 1381 1108 λέγει
1399 1073 1523 1102 συνελὼν
1554 1072 1706 1108 μεταϐολὴν
1718 1071 1771 1099 τῶν
1783 1071 1906 1099 παλαιῶν

1120 1117 1230 1153 τρόπων
1254 1118 1311 1144 δεῖν
1335 1117 1474 1153 γενεσθαι.
1496 1118 1673 1152 Ἄνθρωπον
1690 1117 1744 1153 γὰρ
1762 1117 1836 1151 λέγει
1851 1125 1906 1144 πα-

1120 1162 1219 1194 λαιὸν,
1232 1162 1279 1189 τὸν
1289 1163 1389 1198 τρόπον
1412 1162 1459 1189 τὺν
1476 1162 1571 1194 πάλαι,
1586 1162 1633 1189 τὸν
1647 1162 1701 1189 ἀπὸ
1715 1162 1764 1197 τῆς
1774 1161 1907 1194 πτώσεως

1123 1208 1270 1241 δπιγεγενη
1274 1207 1365 1241 μόνον.

1162 1262 1171 1278 ι
1187 1253 1241 1279 Καὶ
1255 1252 1431 1287 ινδυσάμενοι
1444 1252 1491 1280 τδν
1505 1252 1577 1285 νέον,
1600 1252 1648 1279 τὸν
1675 1253 1908 1288 ἀνακαινούμενον

1123 1296 1164 1327 εις
1180 1295 1338 1329 ιπίγνωσιν,
1359 1297 1424 1323 κατ’
1443 1295 1537 1323 εἰκόνα
1560 1295 1607 1323 τοῦ
1637 1296 1788 1329 κτίσαντος
1815 1298 1906 1329 αὑτὸν,

1124 1341 1192 1368 ὅπου
1204 1341 1255 1368 οὐκ
1274 1341 1314 1368 ενι
1327 1341 1428 1377 Ἕλλην
1459 1342 1508 1368 καὶ
1529 1341 1667 1375 Ἰουδαῖος,
1693 1343 1830 1379 περιτομὴ
1861 1345 1909 1370 καὶ

1124 1385 1309 1420 ὰκροθυστία,
1328 1385 1476 1421 βάρδαρος,
1502 1385 1621 1420 Σκύθης,
1631 1385 1733 1418 δοῦλος,
1756 1387 1907 1421 ελεύθερος,

1125 1431 1195 1459 ἀλλὰ
1210 1431 1245 1458 τὰ
1269 1431 1359 1458 πάντα
1383 1431 1431 1458 καὶ
1451 1431 1481 1457 εν
1505 1431 1573 1457 πᾶσι
1603 1431 1729 1468 Χριστός.
1748 1431 1909 1459 Ἐνδύσασθε

1126 1477 1173 1504 οὖν
1186 1477 1223 1509 ὡς
1251 1477 1376 1504 ἐκλεκτοὶ
1396 1476 1445 1504 τοῦ
1462 1476 1542 1510 Θεοῦ,
1573 1477 1646 1511 ἅγιοι
1665 1478 1713 1505 καὶ
1737 1478 1910 1514 ἠγαπημένοι

1126 1521 1269 1557 σπλάγχνα
1281 1521 1436 1558 οἰκτιρμοῦ,
1447 1522 1632 1558 χρηστότητα,
1642 1523 1909 1559 ταπεινοφροσύνην,

1125 1567 1276 1602 πραότητα,
1292 1567 1492 1603 μακροθυμίαν,
1520 1567 1682 1603 ἀνεχόμενοι
1715 1567 1851 1604 ἀλλήλων,
1862 1569 1910 1596 καὶ

1125 1613 1299 1649 χαριζόμενοι
1317 1614 1434 1646 ἑαυτοῖς,
1453 1614 1501 1640 δάν
1519 1622 1563 1645 τις
1589 1614 1658 1650 πρός
1678 1622 1739 1640 τινα
1765 1613 1815 1650 ἔχῃ
1840 1622 1910 1649 μομ-

1126 1658 1190 1694 φὴν.
1205 1658 1296 1690 καθὼς
1325 1659 1399 1685 καὶὸ
1415 1658 1533 1693 Χριστὸς
1564 1659 1710 1695 ἐχαρίσατο
1736 1659 1812 1694 ὑμῖν,
1840 1659 1911 1686 οὕτω

1127 1705 1175 1732 καὶ
1187 1705 1276 1740 ὑμεῖς.
1295 1705 1355 1731 Ἐπὶ
1385 1704 1490 1731 «amat
1502 1705 1607 1737 τούτοις
1631 1705 1682 1741 τὴν
1706 1705 1827 1741 ἀγάπην,
1850 1705 1911 1741 ἡτις

1127 1750 1185 1776 ἐστὶ
1202 1749 1351 1784 σύνδεσμος
1365 1749 1414 1784 τῆς
1427 1749 1608 1784 τελειότητος.
1621 1758 1631 1775 ι

1165 1795 1269 1830 Ὥσπερ
1283 1794 1410 1822 παλαιὸν
1423 1794 1590 1829 ἄνθρωπον,
1606 1795 1657 1830 τὴν
1676 1795 1808 1830 πονηρίαν
1821 1796 1912 1822 ἔπεισ-

1127 1840 1259 1868 ελθοῦσαν
1273 1841 1338 1875 ἡμῖν
1357 1841 1390 1867 ὲκ
1405 1840 1456 1875 τῆς
1470 1839 1601 1872 πτώσεως
1619 1840 1704 1874 λέγει,
1718 1841 1790 1868 οὕτω
1808 1841 1911 1873 καινὸν,

1128 1885 1179 1919 τὴν
1193 1884 1265 1911 κατὰ
1287 1883 1404 1919 Χριστὸν
1426 1883 1576 1916 πολιτείαν,
1588 1884 1625 1915 ὡς
1642 1884 1746 1915 πάντας
1769 1882 1839 1911 εἶναι
1869 1893 1913 1920 μι-

1134 1929 1222 1965 μητὰς
1237 1928 1367 1965 Χριστοῦ,
1379 1928 1448 1955 καθὸ
1460 1929 1507 1955 καὶ
1520 1930 1549 1955 ὲν
1556 1929 1673 1964 Ἰουδαίῳ
1681 1949 1689 1962 ,
1705 1929 1752 1956 καὶ
1763 1929 1792 1956 ὲν
1802 1929 1912 1964 Ἕλληνι

1132 1976 1181 2003 xui.
1195 1974 1342 2010 Βαρὸάρῳ,
1364 1974 1412 2000 καὶ
1432 1973 1567 2010 ενδούλῳ,
1581 1973 1628 2006 οῦς
1648 1973 1807 2010 ὁμοιώματα
1830 1974 1912 2002 αὐτοῦ

1130 2021 1237 2052 πάντας
1248 2019 1319 2047 θέλει
1332 2019 1469 2054 γενέσθαι.

1181 2119 1192 2136 ι
1211 2111 1266 2138 Καὶ
1282 2110 1299 2146 ἡ
1314 2110 1408 2145 εἰρήνη
1419 2108 1466 2136 τοῦ
1478 2107 1545 2136 Θεοῦ
1560 2108 1718 2144 βραϐευέτω
1728 2109 1758 2137 ἐν
1766 2110 1827 2142 ταῖς
1849 2117 1915 2146 καρ-

301 2156 412 2188 vestris,
439 2156 468 2183 in
484 2163 538 2191 qua
555 2159 582 2183 et
597 2155 688 2182 vocati
696 2155 763 2182 estis
779 2155 807 2182 in
822 2161 879 2182 uno
890 2162 1024 2190 corpore,
1051 2158 1076 2182 el

1131 2156 1201 2188 δίαις
1225 2155 1314 2191 ὑμῶν,
1340 2155 1383 2187 εις
1400 2156 1435 2191 ἡν
1456 2154 1590 2190 ἐκλήθητε
1607 2155 1637 2181 ὲν
1651 2155 1693 2182 ἑνὶ
1724 2154 1840 2190 σώματι,
1868 2155 1916 2182 καὶ

303 2201 372 2236 grati
405 2203 503 2227 estote.
530 2198 652 2226 Verbum
676 2198 781 2226 Christi
811 2198 919 2226 habitet
951 2199 980 2226 in
1005 2198 1083 2226 vobis

304 2244 477 2271 abundanter
490 2244 517 2271 in
526 2244 601 2271 omni
617 2243 761 2278 sapientia,
779 2243 914 2272 docentes
922 2248 951 2271 et
960 2251 1082 2271 commo-

304 2293 402 2317 n'entes
419 2289 614 2324 vosmetipsos,
645 2288 773 2324 psalmis,
786 2288 908 2324 hymnis.
923 2292 951 2316 et
964 2288 1082 2316 canticis

305 2333 506 2369 spiritualibus,
525 2333 553 2360 in
570 2333 660 2368 gratia
679 2336 823 2361 cantantes
849 2333 876 2360 in
890 2333 974 2360 corde
989 2337 1085 2361 vestro

305 2379 432 2407 Domino.
446 2377 479 2406 Et
497 2385 577 2406 omne
590 2379 775 2414 quodcunque
790 2378 883 2406 facitis
902 2378 930 2405 in
945 2378 1043 2410 verbo,
1057 2382 1086 2406 et

306 2427 334 2455 in
366 2433 458 2462 opere,
484 2425 576 2453 omnia
599 2425 628 2452 in
645 2425 757 2453 nomine
775 2425 885 2452 Domini
893 2424 972 2457 Jesu.
984 2425 1086 2460 gratias

306 2475 419 2508 agentes
443 2470 498 2499 Deo
507 2466 535 2498 'et
550 2470 623 2498 Patri
636 2478 683 2505 per
697 2471 798 2506 ipsum.
812 2469 951 2502 Mulieres.
971 2469 1088 2497 subdita:

307 2521 395 2545 estote
406 2517 473 2544 viris
488 2516 603 2549 vestris,
615 2516 687 2544 sicut
699 2519 819 2550 oportet,
835 2515 864 2542 in
880 2515 1005 2543 Domino.
1013 2513 1086 2549 Viri,

308 2563 416 2598 diligite
437 2569 539 2589 uxores
565 2565 681 2594 vestras,
692 2565 720 2588 et
735 2561 821 2588 nolite
840 2560 927 2588 amari
945 2568 1008 2589 esse
1022 2560 1087 2589 illis.

310 2608 382 2641 Filii,
413 2607 525 2634 obcdite
552 2606 719 2640 parentibus
744 2613 792 2641 per
814 2606 917 2633 omnia.
933 2604 991 2633 Hoc
1017 2606 1090 2634 enim

310 2652 440 2687 placitum
456 2655 498 2678 est
513 2651 538 2677 in
552 2649 677 2678 Domino.
687 2649 799 2681 Patres,
815 2649 900 2677 nolite
916 2649 949 2676 ad
966 2649 1092 2685 indigna-

311 2697 413 2725 tionem
443 2703 592 2731 provocare
618 2695 689 2723 ﬁlios
703 2699 823 2726 vestros.
856 2699 887 2722 ut
913 2702 968 2722 non
990 2694 1092 2730 pusillo

313 2743 404 2770 animo
427 2741 501 2770 ﬁant.
528 2741 618 2775 Servi,
649 2740 758 2769 obedite
771 2748 821 2776 per
849 2741 942 2768 omnia
969 2739 1092 2769 dominis

314 2787 483 2819 carnalibus.
499 2793 556 2816 non
572 2787 607 2816 ad
629 2786 742 2818 oculum
769 2786 931 2821 servientes,
947 2785 1028 2822 quasi
1042 2785 1093 2814 ho-

1133 2199 1288 2234 εὐχάριστοι
1304 2198 1422 2232 γίνεσθε.
1446 2197 1475 2225 '0
1483 2198 1562 2232 λόγος
1581 2197 1628 2224 τοῦ
1644 2198 1764 2235 Χριστοῦ
1778 2199 1916 2226 ἐνοικείτω

1133 2244 1163 2271 ὲν
1174 2244 1239 2279 ὑμῖν
1252 2243 1387 2276 πλουσίως
1396 2244 1425 2270 ιν
1438 2243 1513 2280 πάσῃ
1539 2243 1631 2279 σοφίᾳ,
1658 2244 1839 2278 διδάσκοντες,
1869 2246 1917 2272 καὶ

1134 2288 1327 2322 νουθετοῦντες
1341 2289 1465 2322 ἑαυτοὺς,
1485 2289 1613 2325 ψαλμοῖς,
1638 2287 1686 2316 καὶ
1703 2290 1808 2325 ὕμνοις,
1824 2290 1871 2317 καὶ
1880 2291 1918 2326 dt-

1134 2335 1192 2367 δαῖς
1205 2335 1415 2370 πνευματικαῖς,
1442 2335 1471 2362 ὲν
1490 2335 1583 2371 χάριτι
1602 2335 1709 2371 ᾄδοντες
1723 2337 1752 2363 ὲν
1768 2337 1802 2372 τῇ
1820 2336 1918 2372 καρδίᾳ

1136 2380 1212 2415 ὑμῶν
1226 2379 1265 2415 τῷ
1278 2380 1384 2416 Κυρίῳ.
1394 2379 1450 2406 Καὶ
1472 2380 1526 2406 πᾶν
1546 2380 1563 2406 δ
1579 2388 1605 2406 τι
1630 2379 1664 2406 ἃν
1682 2380 1778 2414 ποιῆτε
1791 2381 1820 2406 ὲν
1833 2379 1916 2415 λόγῳ,

1136 2426 1154 2462 ἡ
1166 2426 1196 2453 εν
1206 2425 1291 2461 ἔργῳ,
1315 2425 1406 2453 πάντα
1420 2426 1449 2452 ὲν
1461 2425 1574 2462 ὀνόματι
1599 2426 1703 2461 Κυρίου
1725 2425 1824 2461 Ἰησοῦ,
1839 2426 1918 2460 nixa-

1138 2470 1293 2506 ριστοῦντες
1301 2470 1340 2505 τῷ
1350 2469 1410 2507 Θεῷ
1423 2470 1473 2497 καὶ
1484 2470 1572 2505 Πατρὶ
1586 2470 1619 2497 δι’
1633 2471 1725 2498 αὐτοῦ.
1736 2471 1769 2498 Δί
1780 2472 1918 2506 γυναῖκες,

1138 2516 1322 2544 ὑποτάσσεσθε
1339 2517 1397 2548 τοῖς
1410 2517 1485 2549 ἰδίοις
1506 2517 1630 2554 ἀνδράσι,
1646 2518 1685 2549 ὡς
1698 2517 1809 2553 ἀνῆκεν,
1821 2517 1850 2543 ἐν
1865 2518 1921 2543 Κυ-

1141 2562 1200 2598 ρίῳ.
1212 2563 1244 2589 οι
1258 2562 1365 2598 ἄνδρες,
1380 2564 1505 2597 ἀγαπᾶτε
1528 2563 1578 2596 τὰς
1604 2564 1747 2597 γυναῖκας,
1766 2563 1812 2590 καὶ
1827 2561 1865 2598 μὴ
1876 2570 1922 2589 πι-

1140 2606 1285 2642 κραίνεσθε
1309 2607 1378 2642 πρὸς
1394 2607 1490 2638 αὑτάς.
1519 2607 1560 2634 Τὰ
1585 2607 1678 2640 τέκνα,
1694 2606 1845 2634 ὑπακούετε
1866 2607 1923 2638 τοῖς

1140 2651 1248 2686 γονεῦσι
1274 2651 1344 2678 κατὰ
1375 2652 1475 2680 πάντα.
1497 2652 1583 2680 Τοῦτο
1602 2652 1656 2688 γάρ
1677 2653 1753 2679 ἐστιν
1777 2651 1924 2686 εὐάρεστον

1142 2698 1171 2724 ἐν
1187 2697 1292 2733 Κυρίῳ.
1307 2698 1338 2724 υἱ
1355 2697 1483 2734 πατέρες,
1498 2698 1536 2734 μὴ
1547 2698 1684 2734 ἐρεθίζετε
1698 2697 1733 2725 τά
1742 2697 1825 2724 τέκνα
1835 2696 1923 2732 ὑμῶν,

1142 2741 1185 2769 ἵνα
1199 2741 1237 2778 μὴ
1249 2742 1400 2777 ἀθυμῶσιν.
1416 2743 1449 2771 Oi
1470 2743 1568 2777 δοῦλοι,
1579 2743 1731 2771 ὑπακούετε
1752 2742 1821 2770 κατὰ
1836 2741 1926 2768 πάντα

1142 2789 1199 2819 τοῖς
1214 2787 1285 2816 κατὰ
1295 2788 1388 2824 σάρκα
1404 2789 1519 2824 κυρίοις,
1534 2789 1572 2825 μὴ
1594 2790 1622 2817 εν
1635 2787 1874 2824 ὀφθαλμοδουλείᾳ,
1886 2787 1926 2818 ὡς
