2077 3114
202 105 253 138 901

723 100 764 131 ΙΝ
785 100 904 131 EPIST.
925 99 975 129 AD
992 98 1257 132 COLOSSENSES.

1777 101 1830 135 902

202 159 442 196 ἀνθρωπάρεσκοι,
457 157 516 186 ἀλλ’
528 157 558 185 ὲν
573 158 708 192 ἁπλότητι
719 157 842 192 καρδίας,
860 153 996 190 φοὸοὐμεο

1051 154 1169 182 minibus
1193 155 1342 190 placentes,
1358 155 1408 184 sed
1420 155 1450 184 in
1474 156 1655 192 simplicitate
1674 157 1780 192 cordis,
1795 160 1832 187 ti-

202 215 244 234 vot
256 205 302 233 τὸν
322 205 400 232 Θεόν.
422 204 477 232 Καὶ
493 204 547 231 πᾶν
574 204 588 230 ὃ
604 211 640 243 ,τι
665 203 713 229 ἐὰν
727 203 835 236 ποιῆτε,
853 201 886 227 ὲκ
905 199 995 235 ψυχῆς

203 251 363 287 ἐργάζεσθε,
378 249 417 282 ὡς
430 249 470 284 τῷ
485 249 592 285 Κυρίῳ,
618 248 664 275 καὶ
689 247 739 274 οὐκ
764 245 931 282 ἀνθρώποις,
955 245 994 272 ει-

202 298 278 329 δότες
291 297 331 323 ὃτι
351 295 406 322 ἀπὸ
428 294 533 330 Κυρίου
547 293 666 328 λήψεσθε
683 292 733 328 τὴν
751 290 930 319 ἀνταπόδοσιν
945 289 995 325 τῆς

203 341 406 379 κληρονομίας·
431 340 472 376 τῷ
491 339 547 376 γὰρ
577 339 674 374 Κυρίῳ
700 338 812 374 Χριστῷ
842 336 992 365 δουλεύετε.

209 389 240 415 '0
261 387 290 414 δὲ
314 385 427 418 ἀδικῶν,
450 386 587 422 κομιεῖται
610 384 625 411 ὃ
641 384 766 420 ἠδίκησε,
790 383 838 411 καὶ
858 382 908 410 οὐκ
935 381 994 409 ἐστι

206 430 432 469 προσωποληψία.
445 439 456 457 ›

507 496 635 524 ΚΕΦΔΛ.
652 496 690 523 Δ¹.

240 565 272 593 οι
285 564 386 600 κύριοι,
398 563 429 590 τὸ
445 563 551 590 δίκαιον
565 562 613 589 καὶ
631 562 680 597 τὴν
697 561 807 596 ἰσότητα
822 560 879 591 τοῖς
889 558 994 591 δούλοις

205 611 376 646 παρέχεσθε,
391 609 503 642 ειδότες,
517 609 558 635 ὅτι
576 607 625 635 καὶ
648 608 731 643 ὑμεῖς
754 606 832 642 ἔχετε
844 605 949 641 Κύριον
963 605 993 632 ἃν

205 657 343 693 οὐρανοῖς.
377 656 417 691 Τῇ
445 656 587 692 προσευχῇ
617 654 861 690 προσκαρτερεῖτε,
891 659 994 687 γρηγο-

208 703 316 739 ροῦντες
332 703 361 729 ὲν
378 702 449 738 αὐτῇ
463 703 492 728 ὲν
506 701 681 737 εὐχαριστίᾳ,
694 700 914 735 προσευχόμενοι
936 699 994 734 ἅμα

206 751 254 777 καὶ
271 748 434 785 περὶὴμῶν,
449 747 495 775 ἵνα
505 749 519 774 ὁ
532 748 599 780 Θεὸς
630 747 726 784 ἀνοίξῃ
756 748 824 783 ἡμῖν
839 746 924 782 θύραν
945 744 994 774 τοῦ

206 796 297 828 λόγου,
317 795 432 829 λαλῆσαι
445 794 475 820 τὸ
492 794 643 829 μυστήριον
673 793 720 820 τοῦ
744 792 876 830 Χριστοῦ,
893 792 933 819 διδ
949 791 996 819 καὶ

206 840 326 875 δέδεμαι,
343 839 388 866 ἵνα
411 838 567 874 φανερὼσωι
583 838 659 871 αὺτδ,
683 838 721 870 ὡς
738 838 780 865 δεῖ
795 847 830 874 με
840 837 969 873 λαλῆσαι.
981 846 990 863 ι

244 927 300 954 Καὶ
319 926 350 953 τὸ
362 927 509 962 εῑρηναϊον,
536 925 628 962 φησὶν,
649 926 681 952 ὲκ
701 925 816 961 καρδίας
840 925 919 958 ἔστω,
947 925 995 952 καὶ

208 975 241 1000 ὲκ
268 972 381 1008 καρδίας
403 972 551 1008 κρατείτω,
567 971 605 1007 μὴ
631 971 717 1006 λόγων
742 971 862 1004 ἀπάταις
887 970 996 998 δοκούν-

207 1027 261 1046 των
273 1017 467 1045 ἐπιτελεῖσθαι.
484 1017 611 1043 Ἂπαιτεῖ
623 1016 678 1053 γὰρ
695 1016 744 1052 τὴν
765 1016 809 1043 διὰ
819 1016 870 1051 τῆς
881 1017 995 1052 εἰρήνης

208 1064 304 1091 Ξνωσιν
330 1063 378 1090 τοῦ
403 1062 463 1095 ὲνδς
491 1062 617 1099 σώματος
648 1062 762 1097 ἑνότης,
793 1062 834 1094 είς
857 1062 871 1088 ὃ
894 1062 996 1094 πάντες

208 1109 397 1146 ἀνειλήμμεθα
420 1108 547 1145 δυνάμει,
575 1109 644 1144 ὅπερ
670 1108 730 1135 ἐστὶ
756 1107 835 1144 σῶμα
863 1107 910 1135 τοῦ
930 1108 997 1144 Χρι-

209 1155 285 1183 στοῦ.

286 1200 331 1227 Ἐν
347 1200 429 1235 σοφίᾳ
443 1200 621 1236 περιπατεῖτε
632 1199 700 1235 πρὸς
713 1200 778 1231 τοὺς
799 1198 863 1234 ἔξω,
874 1198 919 1226 τὸν
934 1208 996 1226 και-

212 1245 257 1281 ρὸν
285 1244 526 1280 ἐξαγοραζόμενοι.
553 1244 584 1272 '0
603 1244 683 1279 λόγος
715 1244 792 1279 ὑμῶν
826 1245 943 1272 πάντοτε
967 1245 998 1272 ὲν

211 1290 302 1326 χάριτι
316 1309 324 1322 ,
346 1289 427 1316 ἅλατι
454 1289 622 1325 ἠρτυμένος,
651 1289 749 1316 εἰδέναι
780 1289 840 1321 πῶς
861 1289 903 1316 δεῖ
926 1289 998 1324 ὑμᾶς

211 1335 252 1362 ἑνὶ
262 1334 369 1370 ἑκάστῳ
381 1334 588 1370 ἀποκρίνεσθαι.
603 1333 645 1362 Τὰ
665 1335 727 1361 κατ’
751 1333 803 1369 ἐμὲ
822 1334 914 1361 πάντα
926 1342 998 1368 γνω-

213 1379 283 1415 ρίσει
303 1380 378 1415 ὑμῖν.
393 1389 403 1406 r

250 1425 305 1460 Τὴν
333 1423 523 1460 συνδιατριϐὴν
554 1423 610 1450 τῶν
641 1422 765 1450 ἀπίστων
790 1422 902 1457 φιλικὴν
928 1419 999 1450 εἶναι

213 1469 336 1506 βούλεται
350 1469 432 1505 μέχρι
449 1469 499 1505 τῆς
510 1469 603 1505 κοινῆς
618 1467 722 1504 ταύτης
737 1467 841 1502 φιλίας.
857 1468 931 1500 Ἕως
944 1467 1000 1504 γὰρ

214 1516 347 1551 σύνεσμεν
374 1516 431 1546 τοῖς
459 1514 606 1547 τοιούτοις,
629 1513 775 1550 εἰρηνικῶς
805 1515 924 1541 συνεῖναι
944 1514 999 1548 δεῖ,

214 1562 307 1598 ἐπειδὴ
315 1561 385 1597 μετὰ
396 1560 476 1592 τοῦτο
489 1560 566 1587 ἔσται
580 1559 612 1586 τό
621 1568 628 1575 ·
638 1559 719 1588 Κατὰ
731 1559 828 1594 μόνας
839 1559 889 1587 ἐπ’
901 1559 1002 1587 ἐλπίδι

214 1607 392 1641 ωτῴκησάς
402 1615 451 1642 με.

250 1661 262 1679 t
280 1653 407 1688 Τυχικδς,
424 1653 438 1679 ὸ
456 1652 597 1688 ἀγαπητὸς
615 1652 740 1687 ἁδελφὸς,
757 1653 804 1680 καὶ
823 1653 917 1685 πιστὸς
942 1652 1001 1680 διά-

215 1706 310 1730 κονος,
336 1698 383 1725 καὶ
401 1697 543 1730 σύνδουλος
571 1699 599 1725 ἐν
620 1698 732 1734 Κυρίῳ,
753 1698 783 1725 ὃν
796 1698 910 1734 ἔπεμψα
933 1699 1002 1733 πρὸς

215 1744 289 1780 ὑμᾶς
302 1743 353 1776 ἰείς
381 1743 448 1770 αὐτὸ
474 1742 564 1776 τοῦτο,
595 1743 640 1770 ἵνα
660 1744 717 1779 γνῷ
734 1753 764 1770 τε
783 1744 817 1771 τὰ
832 1745 896 1779 περὶ
913 1743 1001 1779 ὑμῶν,

215 1790 265 1818 καὶ
279 1789 458 1826 παρακαλέσῃ
481 1788 531 1821 τὰς
550 1789 664 1825 καρδίας
684 1790 761 1826 ὑμῶν
791 1791 840 1818 σὺν
862 1790 1002 1826 Ὀνησίμῳ

216 1834 255 1869 τῷ
274 1834 361 1870 πιστῷ
385 1835 432 1862 καὶ
455 1835 593 1871 ἀγαπητῷ
620 1835 738 1871 ἀδελφῷ,
748 1837 777 1868 ὅς
789 1836 863 1864 ἐστιν
874 1836 904 1869 ἐξ
914 1837 1002 1872 ὑμῶν.

218 1879 311 1906 Πάντα
324 1879 389 1915 ὑμῖν
405 1880 611 1915 γνωρίσουσιτὰ
622 1877 685 1909 ὦδε.
703 1881 869 1914 ’Δσπάζεται
883 1882 968 1917 ὑμᾶς.
990 1891 1000 1908 ι

260 1965 385 1998 ’Δσιανδς
400 1966 471 2002 ἀνὴρ
484 1966 627 1994 ἀπολιπὼν
653 1967 704 2004 τὴν
723 1968 852 2004 πατρίδα,
881 1969 927 1996 καὶ
943 1970 1004 1996 ἀκο-

159 2007 166 2013 .
217 2013 321 2041 λουθῶν
335 2014 374 2050 τῷ
389 2014 554 2051 ’Λποστόλῳ.
571 2015 617 2042 Διὺ
629 2015 675 2042 καὶ
688 2016 844 2050 ἀγαπητὸν
856 2016 1003 2051 ἀδελφὸν.

217 2061 267 2088 καὶ
280 2061 389 2088 πιστὸν
406 2060 560 2094 διάκονον,
593 2061 642 2088 καὶ
667 2061 842 2089 σύνδουλον
856 2058 891 2089 ἐν
905 2062 1004 2097 Κυρίῳ

218 2106 307 2140 καλεῖ,
323 2107 370 2134 καὶ
380 2106 574 2142 διδασκαλικῆς
601 2106 713 2142 χάριτος
737 2108 915 2143 τετυχηκότα.
945 2109 1004 2134 Δει-

1048 202 1156 227 mentes
1174 199 1271 227 Deum.
1288 200 1482 237 Quodcunque
1499 201 1603 235 facitis,
1614 203 1752 232 exanimo
1767 211 1831 239 ope~

1046 245 1159 276 ramini.
1176 245 1250 273 sicut
1262 244 1388 280 Domino,
1405 251 1433 274 et
1448 255 1504 276 non
1516 248 1694 282 hominibus;
1710 249 1831 278 scientes

1046 291 1119 325 quod
1137 298 1153 318 a
1167 290 1284 318 Domino
1297 293 1441 327 accipietis
1455 293 1666 322 retributionem
1682 294 1828 322 haeredita-

1035 337 1082 365 ,tis
1099 345 1106 363 :
1126 344 1190 364 nam
1219 336 1337 365 Domino
1351 337 1463 366 Christo
1474 339 1595 367 servitis.
1610 339 1664 373 Qui
1674 344 1765 367 autem
1778 340 1833 367 ini-

1047 389 1120 418 quus
1131 385 1184 415 est,
1199 383 1314 418 recipiet
1325 383 1352 410 id
1370 383 1443 418 quod
1458 384 1550 419 inique
1561 385 1664 420 gessit:
1678 389 1705 414 et
1720 392 1775 413 non
1790 389 1834 414 est

1048 435 1231 463 personarum
1245 428 1371 464 acceptio
1382 428 1456 464 apud
1470 429 1566 458 Deum.
1587 439 1598 456 ι

1365 496 1442 524 CAP.
1458 494 1504 525 IV.

1084 562 1167 592 Vsus.
1188 565 1214 596 1,
1226 564 1253 591 4.
1279 575 1288 591 ι
1303 564 1422 597 Domini,
1432 563 1670 599 quodjusttlmest
1685 568 1712 592 et
1725 572 1834 600 aequum

1047 611 1136 639 servis
1163 613 1310 645 praestate;
1329 610 1450 638 scientes
1477 609 1552 644 quod
1582 613 1611 637 et
1624 617 1673 638 vos
1687 609 1835 638 Dominum

1047 655 1155 683 habetis
1172 655 1199 682 in
1216 655 1305 684 culis.
1321 655 1449 682 Orationi
1465 654 1579 686 instate,
1596 655 1743 690 vigilantes
1763 655 1790 682 in
1803 663 1836 683 ea

1047 701 1075 728 in
1088 701 1240 736 gratiarum
1256 700 1386 728 actione:
1401 703 1513 727 orantes
1529 699 1611 727 simul
1625 704 1652 728 et
1676 707 1725 735 pro
1740 701 1833 732 nobis,

1047 751 1078 775 ut
1091 746 1165 774 Deus
1180 746 1286 781 speriat
1300 747 1380 774 nobis
1398 746 1502 773 ostium
1514 745 1663 778 sermonis,
1675 746 1708 773 ad
1723 746 1837 780 loquen-

1048 793 1113 821 dum
1133 793 1293 828 mysterium
1317 792 1420 819 Christi
1444 791 1577 828 (propter
1595 791 1763 826 quodetiam
1776 791 1837 817 vin-

1048 842 1111 866 ctus
1120 837 1206 873 sum),
1223 842 1254 865 ut
1269 837 1444 865 manifestem
1460 837 1539 871 illud,
1555 837 1593 865 ita
1614 842 1645 864 ut
1661 840 1770 872 oportet
1791 843 1837 864 me

1049 884 1138 919 loqui.
1158 893 1168 910 ι

1086 929 1125 957 Iis
1147 937 1209 965 quae
1225 932 1291 957 sunt
1307 928 1394 964 pacis,
1410 927 1512 963 inquit,
1525 935 1559 956 ex
1574 927 1668 955 animo
1678 927 1837 960 studeatur,

1051 982 1141 1010 eaque
1164 982 1196 1002 es
1223 974 1330 1002 intimis
1354 974 1585 1005 corroborentur.
1602 980 1691 1008 neque
1720 973 1837 1001 fallaciis

1048 1021 1197 1049 verborum
1206 1019 1301 1055 specie
1318 1023 1400 1047 tenus
1413 1023 1590 1054 praestentur.
1606 1017 1837 1052 Corijunctinnem

1048 1067 1122 1095 enim
1134 1073 1197 1101 qua
1213 1072 1281 1101 pace
1296 1065 1450 1096 sanciatur,
1468 1063 1591 1098 postulat
1605 1063 1699 1090 unitas
1708 1062 1837 1098 corporis

1048 1111 1143 1143 unius,
1161 1111 1189 1138 in
1212 1110 1286 1146 quod
1312 1116 1410 1137 omnes
1435 1108 1537 1136 virtute
1555 1107 1690 1142 assumpti
1710 1113 1810 1134 sumus
1828 1117 1835 1134 :

1050 1157 1157 1191 hocque
1176 1160 1219 1184 est
1231 1147 1335 1190 corpus
1350 1154 1465 1182 Christi.

1086 1202 1170 1229 Vsus.
1195 1201 1256 1229 5-7.
1276 1209 1286 1226 ε
1306 1200 1336 1227 ιιι
1364 1199 1499 1234 sapientia
1518 1197 1656 1231 ambulate
1676 1195 1711 1223 ad
1727 1202 1775 1223 eos
1790 1194 1838 1230 qui

1050 1247 1118 1276 foris
1134 1250 1209 1279 sunt,
1225 1251 1331 1281 tempus
1346 1245 1522 1272 redimentes.
1544 1243 1644 1271 Sermo
1659 1245 1750 1269 vester
1762 1248 1836 1268 sem-

1050 1300 1100 1328 per
1114 1292 1141 1319 in
1155 1291 1245 1327 gratia
1258 1291 1318 1318 sale
1331 1289 1370 1318 sit
1379 1289 1521 1321 conditus,
1538 1292 1568 1315 ut
1586 1287 1682 1315 sciatis
1695 1286 1838 1320 quomodo

1051 1342 1178 1374 oporteat
1188 1344 1241 1364 vos
1254 1335 1409 1370 unicuique
1425 1333 1605 1370 respondere.
1623 1332 1690 1366 Quae
1705 1333 1781 1359 circa
1796 1338 1840 1359 me

1052 1389 1127 1417 sunt,
1147 1383 1240 1411 omnia
1253 1382 1333 1410 vobis
1351 1384 1415 1409 nota
1438 1379 1532 1408 faciet.
1548 1389 1558 1405 ι

1087 1429 1153 1457 Vult
1183 1432 1214 1456 ut
1229 1435 1291 1456 cum
1327 1426 1489 1455 inﬁdelibus
1504 1425 1596 1453 amice
1621 1431 1838 1454 commoremur,

1053 1475 1194 1503 communi
1222 1474 1275 1501 hac
1304 1472 1439 1500 amicitia.
1450 1471 1519 1498 Nam
1548 1470 1670 1505 quandiu
1685 1477 1747 1497 cum
1761 1469 1837 1504 ejus-

1052 1521 1127 1548 modi
1157 1519 1316 1547 hominibus
1345 1524 1501 1549 versamur,
1527 1516 1644 1551 paciﬂee
1673 1523 1725 1543 nos
1756 1522 1839 1550 agere

1052 1565 1314 1601 oportet:posthac
1329 1563 1404 1592 enim
1433 1562 1479 1590 ilet
1505 1561 1593 1589 illud:
1615 1560 1795 1596 Singulariter
1811 1561 1840 1587 in

1053 1620 1097 1647 spe
1110 1611 1272 1639 constituisti
1286 1618 1326 1638 ste
1339 1610 1372 1636 7‘.

1091 1666 1100 1682 ι
1113 1656 1261 1692 Tychicus,
1286 1653 1470 1683 charissimus
1486 1652 1583 1685 frater,
1606 1655 1635 1680 et
1651 1651 1738 1680 ﬁdelis
1753 1651 1839 1678 mini-

1054 1706 1111 1731 ster
1128 1705 1156 1730 et
1175 1707 1328 1729 conservus
1346 1699 1374 1727 in
1387 1698 1502 1726 Domino
1517 1707 1524 1731 ;
1538 1698 1642 1734 [Vens
1659 1696 1744 1733 8-10]
1758 1704 1838 1732 quem

1053 1748 1116 1776 misi
1130 1747 1162 1774 ad
1179 1754 1229 1774 vos
1244 1745 1278 1773 ad
1293 1746 1345 1773 hoc
1361 1745 1463 1780 ipsum,
1480 1749 1511 1770 ut
1526 1747 1677 1779 cognoscat
1693 1751 1754 1778 qure
1765 1743 1839 1770 circa

1053 1802 1102 1822 vos
1131 1797 1207 1824 sunt,
1225 1791 1308 1827 Ωιι
1328 1795 1356 1819 et
1367 1791 1529 1818 consoletur
1543 1789 1628 1816 corda
1650 1793 1742 1817 vestra
1776 1796 1838 1815 cum

1054 1839 1184 1868 Onesimo
1201 1838 1273 1866 Iideli
1290 1841 1319 1865 et
1339 1836 1504 1865 charissimo
1519 1835 1616 1867 fratre,
1637 1835 1684 1870 qui
1702 1842 1736 1862 ex
1763 1834 1841 1862 vobis

1053 1890 1105 1915 est.
1122 1885 1220 1914 Omnia
1247 1891 1308 1919 quae
1335 1883 1380 1911 hic
1394 1887 1525 1918 aguntur,
1545 1885 1609 1910 nota
1627 1880 1729 1909 facient
1748 1881 1838 1908 vobis.

1053 1932 1161 1960 Salutat
1175 1938 1236 1959 vos.
1253 1939 1264 1956 ο

1089 1974 1139 2003 Vir
1167 1975 1317 2005 Asiaticus,
1348 1972 1394 2007 qui
1416 1972 1511 2000 relicta
1536 1972 1637 2007 patria,
1658 1976 1841 1999 secutuserat

1053 2022 1224 2057 Apostotum.
1243 2018 1428 2053 Quamobrem
1442 2017 1519 2045 illum
1540 2022 1568 2045 et
1584 2017 1769 2044 charissimam
1782 2017 1841 2051 fra-

1056 2074 1132 2098 trem.
1147 2072 1171 2095 et
1185 2065 1288 2101 ﬁdelem
1303 2065 1467 2096 ministrum,
1479 2067 1503 2091 et
1516 2071 1668 2091 conservum
1682 2063 1710 2090 in
1725 2062 1841 2090 Domino

1055 2111 1183 2146 appellat,
1205 2116 1312 2137 necnon
1335 2108 1451 2136 docendi
1466 2108 1553 2143 gratia
1574 2112 1712 2134 ornatum.
1732 2107 1842 2143 Signiﬁ-

218 2161 315 2179 κνυσιν
339 2153 386 2179 ὲπὶ
411 2153 583 2188 παρακλήσει
603 2152 657 2179 τῶν
674 2152 842 2188 Ἐκκλησιῶν
870 2155 998 2181 ἀποστέλ-

1058 2161 1101 2185 cat
1114 2164 1145 2184 se
1160 2156 1247 2186 illum.
1263 2154 1397 2182 Ecclesiis
1413 2153 1440 2182 id
1461 2153 1674 2189 postulantibus,
1690 2152 1775 2181 Roma
1790 2153 1842 2180 mi-

218 2198 272 2225 λων
287 2198 368 2225 αὑτδν
397 2198 451 2225 ἀπὸ
475 2198 524 2233 τῆς
545 2197 653 2234 Ῥώμης
679 2199 727 2225 σὺν
749 2199 886 2235 Ὀνησίμῳ
907 2200 998 2235 πολίτῃ

1057 2204 1127 2231 sisse
1140 2209 1204 2230 cum
1217 2200 1351 2229 Onesitno
1358 2200 1536 2228 Calocaerum
1549 2200 1619 2232 cive.
1639 2199 1686 2235 qui
1701 2199 1841 2235 speciatim

220 2243 395 2270 Κολοσσαέων
410 2243 478 2276 ὄντι.
494 2243 542 2270 καὶ
556 2243 665 2276 οἰκείως
681 2244 749 2280 πρὸς
776 2244 840 2277 τοὺς
860 2245 998 2278 Ἰουδαίους

1056 2254 1084 2277 et
1096 2249 1220 2285 apposite
1234 2248 1269 2276 ad
1289 2246 1401 2275 Iudaeos
1414 2247 1517 2275 missus
1533 2248 1604 2275 erat.

220 2288 459 2324 ἀποστελλομένῳ.

256 2342 267 2360 t
291 2334 471 2370 Ἀρίσταρχος
484 2333 499 2361 ὸ
514 2334 736 2370 συναιχμάλωτός
753 2343 816 2370 μου.
828 2344 837 2360 ι

255 2375 342 2411 Οὗτός
364 2380 439 2407 ἐστιν
453 2380 467 2407 ό
481 2379 514 2406 ἐκ
533 2380 584 2416 τῆς
609 2379 813 2416 Θεσσαλονίκης
848 2382 1006 2417 συναπάρας

219 2423 260 2460 τῷ
269 2424 378 2460 Παύλῳ.
400 2425 477 2452 Ἐπεὶ
488 2423 535 2453 οὖν
546 2424 593 2452 καὶ
608 2424 735 2462 δεσμώτῃ
760 2426 931 2461 συνεξῆλθεν,
954 2426 1010 2454 ὦσ-

221 2477 276 2504 περ
297 2469 464 2506 αἰχμαλώτῳ
484 2471 561 2507 παρὰ
575 2471 631 2504 τοῖς
652 2471 755 2499 ἔθνεσιν
783 2471 850 2505 δντι,
868 2479 1017 2507 συναιχμ-

220 2514 338 2542 άλωτον
351 2516 437 2544 καλεῖ.
727 2525 734 2528 ’

262 2611 274 2630 t
291 2604 347 2631 Καὶ
357 2604 471 2640 Μάρκος
481 2605 590 2642 ἀνεψιὸς
619 2607 758 2642 Βαρνάϐα,
772 2608 837 2642 περὶ
851 2607 882 2635 οὖ
895 2608 1008 2637 ἐλάϐετε

223 2649 344 2682 ιντολὰς,
359 2650 409 2677 ἰὰν
422 2651 487 2688 ἔλθῃ
499 2652 567 2688 πρὸς
594 2653 679 2688 ὑμᾶς,
702 2653 818 2685 δέξασθε
843 2654 924 2682 αὐτόν
936 2663 944 2671 ’
963 2656 1010 2682 καὶ

229 2695 333 2731 Ἰησοῦς
344 2697 359 2723 ὸ
371 2696 518 2734 λεγόμενος
530 2698 657 2732 Ἰοῦστος,
672 2700 697 2726 οῖ
711 2699 788 2732 δντες
798 2700 830 2727 ὲκ
844 2701 1005 2737 περιτομῆς.

236 2784 340 2815 "Plal.
359 2796 397 2818 Iv.
417 2788 461 2816 10.

1097 2347 1107 2363 ‹
1120 2337 1299 2365 Aristarchus
1312 2335 1493 2372 concsptivas
1508 2342 1597 2363 meus.
1614 2344 1624 2362 ν

1095 2381 1144 2410 Ille
1167 2382 1226 2417 ipse
1238 2385 1282 2410 est
1293 2381 1343 2416 qui
1357 2379 1557 2408 Thessalonica
1570 2387 1633 2408 cum
1652 2379 1740 2408 Paulo
1753 2380 1844 2408 solve-

1060 2430 1115 2455 rat.
1145 2427 1281 2460 Quoniam
1302 2426 1387 2462 igitur
1403 2430 1462 2453 tum
1493 2425 1606 2461 quando
1633 2425 1735 2453 Paulus
1747 2430 1844 2454 catena

1060 2474 1169 2501 vinctus
1191 2475 1245 2503 est,
1261 2478 1314 2498 una
1327 2478 1389 2498 cum
1403 2469 1464 2505 ipso
1473 2478 1507 2498 ex
1523 2469 1617 2497 Iudaea
1640 2474 1764 2502 venerat.
1780 2478 1846 2497 con-

1061 2519 1179 2553 ceptione
1207 2516 1311 2544 idcirco
1326 2520 1451 2548 vocatur,
1468 2523 1501 2543 as
1522 2514 1630 2550 ειη)οᾶ
1649 2518 1747 2550 gentes
1757 2516 1846 2551 capti-

1061 2572 1112 2593 vus
1129 2566 1231 2598 ageret.
1880 2591 1889 2599 κ

1098 2619 1108 2635 ι
1121 2608 1154 2636 Et
1165 2608 1274 2636 Marcus
1287 2607 1472 2636 consobrinus
1487 2606 1629 2640 Barnabas,
1649 2607 1684 2636 de
1697 2615 1752 2643 quo
1766 2614 1844 2635 acce-

1060 2654 1143 2691 pistis
1157 2652 1286 2680 mandata
1305 2661 1312 2679 :
1334 2651 1366 2679 s'r
1376 2652 1483 2680 venerit
1495 2651 1529 2679 ad
1540 2658 1602 2685 vos,
1617 2651 1737 2687 excipite
1749 2652 1825 2679 illum
1837 2662 1844 2680 :

1061 2699 1162 2738 Heus.
1177 2696 1224 2733 il]
1241 2701 1268 2726 et
1284 2695 1376 2730 Jesus,
1394 2695 1561 2733 qui_dicitur
1590 2695 1697 2731 Justus,
1712 2696 1757 2732 qui
1782 2700 1845 2725 sunt
