2077 3114
230 110 284 143 903

830 98 860 127 S.
889 94 1047 127 JOANNIS
1067 92 1281 125 DAMASCENI

1801 86 1853 119 904

231 173 265 193 ea
278 161 501 192 circumcisione.
521 158 552 186 Hi
566 157 618 186 soli
635 159 698 184 sunt
713 153 853 190 adjutores
868 154 920 181 mei
935 153 962 180 in
978 161 1021 179 rc-

1083 147 1154 178 )i'rrot
1175 151 1251 185 μόνοι
1272 149 1398 184 συνεργοὶ
1414 149 1453 180 είς
1470 149 1517 184 τὴν
1537 146 1677 184 βασιλείαν
1703 145 1750 173 τοῦ
1774 143 1842 171 Θεοῦ

231 219 287 248 quo
301 209 362 243 Dei,
373 209 421 243 qui
435 206 501 234 mihi
517 205 627 232 fuerunt
641 201 749 229 solatlo.
762 209 770 226 ι

269 256 339 284 Eum
366 254 453 281 etiam
463 251 511 286 qui
528 249 636 276 Mam:
651 247 696 274 hic
710 245 879 276 nominatur,
899 249 1019 270 consan-

235 302 355 338 guinitati
362 298 491 325 Barnabte
497 291 754 323 eommendat.Nam
763 289 903 317 Barnabas
910 292 1021 316 eratne-

236 333 298 375 tier.
307 346 401 373 Iesum
409 343 485 371 addit
495 341 541 377 qui
548 344 655 368 uocatur
665 337 759 365 Justus
769 344 778 368 ;
787 343 848 363 cum
859 335 931 362 hunc
941 333 1021 361 forsi-

236 396 283 418 tan
298 389 391 417 tldeles
404 388 441 414 ita
461 384 714 421 cognominassent,
730 381 765 409 ob
780 378 964 407 reverentiam
974 384 1022 405 no-

237 434 319 462 minis
332 429 587 465 Salvatoris.Atqui
599 429 651 456 hos
660 427 712 455 sibi
719 426 816 455 solatio
826 431 888 453 esse
897 424 946 457 ait,
958 429 1022 451 cum

237 485 331 508 essent
353 486 387 506 ex
402 475 623 506 circumcisione,
640 477 752 509 propter
767 471 905 506 iacturam
926 469 1023 504 utique

237 525 433 564 contribulium
451 523 579 550 aliorum.
596 519 663 547 Nam
681 519 706 546 ei
720 518 765 553 qui
777 521 887 552 propter
903 515 966 543 illos
977 513 1024 550 qui

239 562 365 608 pereunt,
380 571 466 605 luget,
482 567 608 596 solamini
624 568 690 594 sunt
704 564 751 599 qui
766 563 835 591 salvi
853 562 931 589 ﬂunt.

276 656 359 684 Vsus.
378 654 421 685 12.
451 653 495 680 i5.
525 660 535 677 ι
554 650 661 678 Salutat
671 656 719 676 vos
747 647 899 683 Epaphras,
927 645 1025 681 quiex

240 702 319 730 vobis
343 705 396 731 est,
426 704 524 726 servus
540 695 653 726 Christi.
674 700 783 729 semper
812 691 949 719 sollicitus
976 696 1026 725 pro

240 747 320 776 vobis
341 746 368 772 in
383 742 567 774 orationibus,
593 744 623 768 ut
642 740 721 767 stetis
739 738 854 774 perfecti
869 741 896 765 et
907 736 981 771 pleni
997 735 1024 762 in

242 793 317 821 omni
331 791 481 819 voluntate.
506 786 705 815 Testimonium
722 785 798 812 enim
827 783 867 811 illi
883 781 1024 818 perhibeo.

243 838 318 875 quod
344 837 426 864 habet
451 834 539 863 zelum
561 832 676 860 multum
706 838 757 866 pro
774 829 862 861 vobis.
876 832 903 856 et
923 834 975 863 pro
993 826 1027 854 iis

243 872 291 919 qui
315 885 379 910 sunt
398 878 551 911 Laodiceae,
567 881 595 905 et
614 876 662 911 qui
676 873 825 910 Hierapoli.
846 872 954 900 Salutat
977 878 1028 898 vos

244 916 335 956 Lucas
356 925 480 954 medicus
496 921 690 952 charissimus,
705 923 733 947 et
762 918 873 946 Demas.
902 916 1028 944 Salutate

243 975 344 1004 fratres
359 972 406 1007 qui
423 975 487 998 sunt
503 967 653 998 Laodiceae,
673 969 701 992 et
716 963 881 999 Nympham.
901 971 910 988 ι

280 1016 410 1046 Nonnihil
435 1015 514 1049 juvat
527 1012 658 1044 aﬂinitas,
685 1011 743 1038 sive
758 1007 911 1037 secundum
942 1013 1029 1041 genus

246 1065 292 1095 sit,
312 1063 369 1090 sive
383 1059 534 1089 secundum
551 1057 680 1094 patriam,
698 1056 810 1090 insuper
829 1053 913 1081 etiam
926 1056 954 1080 et
969 1057 1031 1086 qua

246 1107 396 1136 secundum
421 1104 587 1133 doctrinam.
612 1102 659 1130 llis
670 1105 763 1128 autem
794 1098 923 1126 omnibus
939 1097 1030 1124 modis

247 1152 389 1188 Epaphras
428 1150 609 1178 Colossenses
633 1144 830 1180 contingebat.
867 1142 1029 1171 Orationum

247 1199 332 1234 igitur
343 1197 465 1226 studium
480 1192 667 1226 commendat,
680 1191 746 1219 dum
757 1190 792 1218 de
800 1189 855 1217 illis
877 1194 1032 1216 sermonem

248 1243 341 1271 habet.

288 1297 298 1313 ι
310 1288 344 1314 Ει
358 1286 453 1322 quaein
461 1285 543 1312 domo
553 1283 615 1319 eius
630 1286 684 1316 est,
695 1281 857 1310 Ecclesiam.
869 1278 965 1316 [Vnam
975 1277 1034 1313 16.]

251 1333 284 1360 Et
298 1340 361 1360 cum
375 1332 446 1359 lecta
465 1330 551 1358 fuerit
564 1329 637 1364 apud
651 1335 701 1356 vos
717 1326 843 1363 Epistola
857 1326 925 1357 haec,
938 1322 1033 1356 facite,

252 1384 281 1406 ut
294 1383 320 1406 et
336 1378 363 1405 in
374 1376 585 1404 Laodicensium
597 1374 715 1402 ecclesia
731 1373 849 1408 legatur.
865 1380 874 1397 ι

287 1420 514 1455 Unamquamque
528 1419 613 1446 etiam
630 1425 679 1452 per
696 1416 794 1444 domos
821 1415 974 1444 Ecclesiam
985 1413 1035 1442 ad-

1071 197 1170 228 οἵτινες
1184 196 1351 231 ἐγενήθησάν
1367 204 1412 230 μοι
1421 195 1587 230 παρηγορία.
1606 204 1615 220 ι

1109 241 1163 268 Καὶ
1179 242 1195 277 ἡ
1210 241 1279 277 πρὸς
1294 240 1438 275 Βαρνάϐαν
1465 240 1609 274 συγγένεια
1636 237 1778 272 συνίστησι
1810 236 1849 263 τδι

1071 287 1273 323 ὀνομαζόμενον
1294 286 1417 322 Μάρκον.
1444 284 1657 321 Γνωριμώτερος
1684 283 1738 317 γὰρ
1754 282 1768 308 ὁ
1783 280 1848 317 Βαρο

1071 332 1166 364 νὰὕας.
1183 330 1287 366 Ἰησοῦν
1297 330 1325 357 δὲ
1339 331 1437 364 ἐπάγει
1452 331 1506 356 τὸν
1521 328 1686 363 λεγόμενον
1703 323 1847 355 Ἰοῦστοη

1072 377 1139 409 ῐσως
1164 375 1388 411 ἐπονομαζόντων
1414 375 1496 402 αὑτὸν
1527 373 1599 401 οὕτω
1620 372 1674 399 τῶν
1704 370 1809 398 πιστῶν
1825 368 1850 394 δι

1072 422 1215 450 εὐλάϐειαν
1239 422 1289 457 τὴν
1319 421 1385 456 περὶ
1397 421 1428 447 τὸ
1446 420 1530 456 δνομα
1557 418 1693 453 Σωτῆρος.
1717 415 1765 442 Ἐκ
1779 422 1860 448 περι-

1072 467 1160 503 τομῆς
1172 467 1202 494 δὲ
1217 467 1329 499 τούτους
1358 467 1448 499 δνςας,
1467 464 1637 501 παρηγορίαν
1666 461 1756 497 ἑαυτῷ
1775 467 1858 495 φησιν

1073 511 1144 540 εἶναι
1160 513 1204 540 διὰ
1229 513 1278 548 τὴν
1303 513 1442 540 ἀπώλειαν
1460 511 1514 538 τῶν
1543 509 1690 544 συγγενῶν.
1711 505 1858 534 Πενθοῦντι

1074 559 1129 594 γὰρ
1149 559 1196 585 ἐπὶ
1226 559 1282 589 τοῖς
1313 557 1476 591 ἀπολωλόσι,
1504 554 1674 591 παραμύθιον
1689 553 1714 579 oi
1736 550 1858 585 σωζόμε-

1075 614 1125 633 νοι.

1116 661 1125 678 ι
1151 650 1314 682 Ἀσπάζεται
1339 649 1411 684 ὑμᾶς
1428 647 1570 682 Ἐπαφρᾶς
1584 646 1599 672 ὸ
1618 644 1648 676 ἐξ
1671 643 1747 679 ὑμῶν
1767 641 1861 672 δοῦλος

1076 696 1205 733 Χριστοῦ,
1223 695 1339 722 πάντοτε
1359 693 1559 728 ἀγωνιζόμενος
1573 690 1644 725 ὑπὲρ
1667 688 1744 724 ὑμῶν
1758 688 1786 714 ιν
1800 688 1861 718 ταῖς

1077 731 1251 778 προσευχαῖς,
1276 740 1321 767 ἵνα
1339 740 1422 774 στῆτε
1447 737 1564 770 τέλειοι,
1588 735 1636 762 καὶ
1652 731 1862 768 πεπληρωμένοι

1079 775 1108 815 ὲν
1123 775 1205 814 παντὶ
1227 785 1360 821 θελήματι
1371 784 1418 810 τοῦ
1433 783 1512 810 Θεοῦ.
1538 778 1676 816 Μαρτυρῶ
1693 778 1746 812 γὰρ
1775 775 1861 811 αὐτῷ,

1078 834 1118 861 δτι
1132 833 1189 868 ἔχει
1204 831 1284 867 ζῆλον
1301 831 1384 857 πολὺν
1408 828 1478 863 ὑπὲρ
1495 826 1582 862 ὑμῶν,
1612 825 1659 852 καὶ
1683 823 1738 850 τῶν
1752 823 1781 849 ἒν
1795 822 1864 848 Λαο-

1078 867 1182 914 δικεία,
1209 878 1257 905 καὶ
1286 876 1341 907 τῶν
1364 876 1393 902 ἐν
1415 873 1577 910 Ἱεραπόλει.
1597 869 1764 902 1Λστιὰζεται
1791 867 1864 902 ὑμᾶς

1078 912 1186 956 Λουκας
1205 924 1219 950 ὁ
1234 922 1325 958 ἰατρὸς
1339 922 1354 948 ὁ
1371 919 1512 955 ἀγαπητὸς
1524 938 1531 950 ,
1561 917 1609 944 καὶ
1635 915 1739 950 Δημᾶς.
1761 912 1863 940 ’Δσπά-

1079 969 1159 1003 (satis
1182 969 1244 1000 τοὺς
1258 968 1287 994 ὲν
1303 965 1447 1000 Λαοδικείᾳ
1471 963 1613 998 ἀδελφοὺς,
1637 961 1684 988 καὶ
1706 959 1834 994 Νυμφᾶν.
1850 965 1860 983 ι

1120 1014 1282 1051 Ἑργάζεταί
1293 1021 1320 1040 τι
1335 1013 1383 1039 καὶ
1398 1012 1416 1046 ἡ
1430 1010 1500 1037 κατὰ
1520 1009 1614 1044 γένος,
1630 1007 1677 1035 καὶ
1691 1007 1708 1040 ἡ
1726 1004 1796 1032 κατὰ
1815 1012 1866 1030 πα-

1080 1049 1160 1099 τρίδα
1174 1060 1320 1096 οἰκειότης,
1338 1059 1378 1085 ἔτι
1394 1057 1421 1085 δὲ
1433 1057 1480 1084 καὶ
1497 1056 1593 1092 ὴκατὰ
1609 1053 1657 1090 τὴν
1682 1049 1866 1080 διδασκαλίαν.

1082 1095 1176 1135 Ταῦτα
1185 1106 1214 1133 δὲ
1233 1105 1322 1132 πάντα
1338 1103 1445 1138 ὑπῆρχε
1461 1101 1501 1136 τῷ
1521 1098 1709 1135 Ἐπαφροδίτῳ
1723 1096 1791 1131 πρὸς
1804 1095 1868 1127 τοὺς

1083 1152 1266 1183 Κολοσσαέας.
1284 1151 1339 1185 Τὴν
1355 1147 1401 1176 οὖν
1413 1148 1467 1175 τῶν
1490 1146 1577 1182 εὐχῶν
1603 1143 1720 1178 σπουδὴν
1733 1141 1868 1168 δείκνυσιν

1084 1201 1114 1227 ὲν
1128 1199 1167 1234 τῷ
1181 1197 1246 1234 περὶ⁵
1256 1197 1359 1223 τούτων
1372 1194 1536 1229 διηγήματι.

1128 1299 1137 1316 ι
1151 1289 1208 1316 Καὶ
1217 1289 1267 1324 τὴν
1282 1287 1343 1315 κατ’
1360 1283 1435 1314 οἷκον
1450 1283 1533 1313 αὑτοῦ
1554 1281 1727 1317 Ἐκκλησίαν.
1742 1279 1797 1306 Καὶ
1806 1278 1870 1305 ὅταν

1085 1335 1246 1370 ἀναγνωσθῇ
1270 1333 1335 1369 παρ’
1368 1332 1433 1367 ὑμῖν
1446 1332 1464 1366 ἡ
1481 1328 1628 1363 ἐπιστολὴ,
1652 1327 1801 1362 ποιήσατε.
1828 1324 1871 1350 ἵνα

1086 1381 1134 1409 καὶ
1145 1381 1174 1408 ὲν
1183 1381 1217 1415 τῇ
1227 1378 1382 1406 Λαοδικέων
1393 1376 1526 1412 ἐκκλησίᾳ
1538 1373 1709 1409 ἀναγνωσθῇ.
1722 1381 1732 1398 ι

1127 1425 1283 1462 Προτρέπει
1306 1424 1353 1451 καὶ
1379 1423 1429 1458 τὴν
1459 1422 1520 1450 κατ’
1548 1419 1642 1452 οἴκους
1675 1417 1818 1445 ἀσκεῖσθαι
1838 1415 1873 1442 τὰ

253 1466 390 1497 hortatur,
420 1468 450 1492 ut
467 1464 596 1499 pietatem
609 1469 675 1498 erga
691 1462 777 1490 Deum
802 1461 906 1489 colant.
920 1460 973 1489 Ubi
986 1459 1030 1488 do-

1087 1472 1136 1507 τῆς
1154 1459 1334 1502 Ἑεόσεὸείας,
1368 1466 1516 1502 ἐκκλησίας
1554 1463 1645 1492 καλῶν
1669 1463 1717 1490 καὶ
1743 1462 1806 1493 τοὺς
1833 1459 1874 1486 οε-

253 1520 324 1546 mos,
340 1513 416 1547 ipsas
429 1518 539 1546 quoque
551 1509 685 1538 ecclesias
699 1508 827 1544 appellat.

292 1569 301 1586 ε
319 1559 354 1588 Et
364 1567 424 1587 eam
439 1565 500 1593 quae
514 1563 598 1586 estex
609 1556 757 1589 Laodicea,
768 1562 818 1583 vos
831 1554 938 1590 legatis.
954 1562 965 1580 ο

289 1604 409 1632 Primam
428 1604 575 1639 Epistolam
595 1602 629 1630 ad
645 1601 818 1630 Timotheum
833 1600 910 1628 dicit.
921 1598 1038 1632 Quidam

256 1652 335 1679 aiunt
347 1658 402 1679 non
420 1650 464 1677 hic
478 1647 628 1685 Epistolam
640 1648 719 1676 innui
740 1654 821 1683 quam
838 1646 939 1673 Paulus
954 1644 988 1672 ad
1004 1643 1038 1670 il-

255 1696 298 1723 los
328 1695 442 1723 miserit.
458 1693 516 1721 Non
545 1693 618 1721 enim
649 1692 698 1726 ait,
717 1692 751 1719 ad
767 1691 964 1722 Laodicenses,
991 1688 1040 1716 sed

256 1746 316 1767 eam
333 1745 394 1773 qua:
405 1736 536 1765 Laodicea
551 1736 655 1771 scripta
670 1740 744 1764 esset
755 1735 790 1762 ad
805 1734 931 1761 Paulum.

299 1784 382 1812 Vsus.
398 1783 442 1816 i7,
459 1782 503 1810 18.
523 1791 532 1808 ι
550 1782 584 1809 Ει
598 1781 682 1809 dicite
697 1780 834 1814 Archippo
849 1788 857 1807 :
875 1778 945 1806 Vide
956 1777 1040 1805 mini-

258 1831 373 1859 sterium
391 1828 463 1863 quod
479 1826 611 1862 accepisti
623 1833 639 1852 a
651 1825 777 1858 Domino,
790 1829 820 1852 ut
831 1823 900 1852 illud
913 1823 1039 1858 impleas.

260 1875 394 1905 Salutatio
410 1880 470 1901 mea
486 1880 568 1901 manu
579 1871 667 1899 Pauli.
687 1880 696 1897 ι

293 1921 363 1948 Cum
376 1918 575 1946 ministratoria
587 1916 711 1952 quaedam
727 1923 794 1944 cura
820 1915 886 1943 huic
901 1915 982 1950 315
998 1915 1042 1943 in-

260 1967 353 2002 iuncta
367 1968 453 1996 esset,
467 1971 529 1992 eum
543 1962 765 1995 commonefacit,
786 1962 827 1990 uti
839 1961 995 1997 iussionem
1009 1968 1042 1989 ac

260 2019 375 2048 pensum
400 2014 588 2046 exsequatur:
603 2009 686 2045 idque
711 2009 739 2036 in
760 2008 886 2041 Domino,
911 2011 942 2035 ut
963 2007 1042 2040 nihil,

261 2060 320 2087 sive
331 2065 443 2092 parvum
455 2057 502 2088 sit,
519 2056 578 2085 sive
600 2062 742 2090 magnum,
757 2054 837 2082 aliter
852 2054 911 2088 ﬁat,
923 2053 976 2082 nisi
993 2060 1038 2081 sc-

261 2104 381 2133 cundum
397 2103 492 2131 Deum.

299 2159 309 2175 ι
329 2148 462 2177 Mcmorcs
481 2151 569 2176 estote
584 2147 757 2175 vinculorum
771 2153 906 2174 meorum.
921 2156 931 2173 ι

301 2194 362 2222 Non
377 2202 440 2222 eum
454 2194 539 2230 pudet
551 2193 733 2225 vinculorum.
745 2193 812 2227 quin
826 2197 854 2220 et
874 2192 909 2220 iis
926 2193 1046 2221 oblecta-

264 2245 310 2268 tur
322 2248 330 2273 ;
342 2247 426 2275 seque
443 2240 533 2275 ipsum
547 2242 659 2274 propter
670 2238 717 2266 illa
730 2238 921 2266 recordatione
931 2238 1045 2274 dignum

263 2285 352 2315 ducit.

301 2340 312 2357 c
327 2329 421 2358 Gratia
433 2329 589 2358 vobiscum.
604 2328 703 2356 Amen.
716 2338 726 2355 ι

299 2376 415 2405 Volebat
436 2375 509 2404 enim
527 2375 555 2403 in
584 2375 743 2402 memoriam
763 2375 887 2410 ipsorum
915 2381 1046 2403 revocare

263 2422 422 2450 universum
439 2428 526 2457 genus
549 2420 690 2448 hominum
721 2420 837 2448 salutem
852 2428 902 2456 per
928 2421 1044 2456 gratiam

264 2468 429 2497 obtinuisse.

298 2515 340 2543 Ad
364 2513 530 2542 Coloneum
553 2512 637 2540 Roma
655 2513 759 2548 uﬁpu‘t
786 2522 833 2548 per
862 2513 1004 2549 Tyckicum
1022 2517 1047 2541 et

477 2558 638 2587 Onesimum.
660 2558 755 2588 Versu:
772 2559 835 2588 208.

1090 1526 1166 1549 κους.

1126 1573 1136 1590 ‹
1147 1563 1201 1590 Καὶ
1214 1561 1264 1597 τὴν
1274 1561 1305 1588 ἐκ
1314 1558 1485 1592 Λαοδικείας,
1501 1558 1545 1585 ἵνα
1556 1557 1604 1584 καὶ
1617 1556 1694 1591 ὑμεῖς
1705 1552 1871 1588 ἀναγνῶτε.»

1123 1609 1180 1645 Τὴν
1190 1608 1259 1644 πρὸς
1271 1606 1403 1641 Τιμόθεον
1426 1603 1538 1640 πρώτην
1567 1602 1652 1637 λέγει.
1679 1600 1758 1632 Τινές
1782 1607 1873 1634 φασιν,

1091 1656 1132 1682 ὅτι
1152 1654 1214 1688 οὐχὶ
1233 1653 1284 1688 τὴν
1305 1651 1414 1679 Παύλου
1439 1649 1507 1685 πρὸς
1533 1649 1630 1680 αὐτοὺς
1654 1644 1873 1680 ἀπεσταλμένην.

1093 1701 1130 1728 οὐ
1142 1701 1195 1736 γὰρ
1209 1699 1294 1733 λέγει,
1314 1698 1364 1733 τὴν
1376 1696 1444 1732 πρὸς
1469 1694 1629 1726 Λαοδικέας,
1649 1692 1718 1720 ἀλλὰ
1736 1691 1786 1726 τὴν
1811 1689 1874 1725 παρ’

1091 1745 1181 1773 αὐτῶν
1192 1744 1291 1779 Παύλῳ
1304 1743 1338 1770 ἐκ
1345 1742 1523 1774 Λαοδικείας
1537 1740 1704 1776 γραφεῖσαν.

1133 1800 1143 1818 ι
1157 1791 1212 1818 Καὶ
1235 1790 1332 1817 εῐπατε
1355 1787 1499 1824 ’Λρχίππῳ
1511 1793 1518 1801 ·
1534 1786 1621 1819 Βλέπε
1650 1784 1699 1819 τὴν
1716 1781 1854 1809 διακονίαν
1865 1800 1874 1814 ,

1094 1838 1128 1873 ἢν
1136 1835 1288 1872 παρέλαϐες
1301 1835 1331 1861 ὲν
1341 1833 1451 1870 Κυρίῳ,
1469 1833 1514 1860 ἴνα
1530 1831 1614 1867 αὐτὴν
1639 1830 1763 1866 πληροῖς.
1784 1828 1814 1856 '0
1826 1828 1875 1855 ἁσ-

1094 1883 1204 1918 πασμδς
1214 1883 1248 1917 τῇ
1259 1882 1312 1917 ὲμῇ
1323 1881 1395 1916 χειρὶ
1407 1879 1523 1907 Παύλου.
1534 1888 1545 1906 ι

1137 1929 1299 1963 Διακονικήν
1320 1934 1383 1954 τινα
1404 1925 1535 1961 φροντίδα
1553 1921 1802 1960 προστεταγμένον,
1814 1919 1877 1947 τοῦ-

1095 1983 1141 2002 τον
1160 1973 1366 2008 ἀναμιμνήσκει
1390 1970 1514 2007 πληροῦν
1527 1970 1559 1997 τὸ
1567 1970 1718 2004 ἐπίταγμα,
1736 1967 1784 1995 καὶ
1800 1966 1880 1994 τοῦτο
1939 1966 1944 1971 ”

1095 2020 1131 2047 ἐν
1145 2019 1253 2053 Κυρίῳ,
1268 2019 1312 2045 ἴνα
1328 2018 1410 2053 μηδὲν
1429 2017 1539 2051 ἑτέρως,
1560 2016 1628 2051 μήτε
1648 2014 1734 2050 μέγα,
1753 2013 1822 2049 μήτε
1835 2019 1880 2047 μι-

1097 2064 1162 2101 κρδν
1172 2064 1292 2099 γίνηται,
1305 2062 1363 2090 ἀλλ’
1377 2062 1395 2098 ἢ
1407 2061 1477 2090 κατὰ
1486 2061 1564 2089 Θεόν.

1059 2154 1081 2182 h
1133 2161 1142 2178 ι
1159 2150 1350 2187 Μνημονεύετέ
1366 2159 1416 2186 μου
1432 2149 1486 2176 τῶν
1504 2148 1621 2184 δεσμῶν.
1639 2158 1648 2174 ι

1133 2199 1190 2226 Οὐκ
1213 2196 1371 2232 αἰσχύνεται
1390 2197 1447 2227 τοῖς
1460 2195 1580 2230 δεσμοῖς,
1604 2193 1672 2220 ἀλλὰ
1694 2192 1742 2220 καὶ
1767 2191 1882 2226 ἀγάλλε-

1097 2252 1159 2272 ται·
1176 2243 1340 2271 καὶτούτων
1361 2242 1442 2269 ἕνεκα
1467 2242 1578 2277 μνήμης
1600 2241 1675 2274 ἄξιον
1692 2239 1789 2267 ἑαυτὸν
1809 2236 1882 2266 οἶδεν

1097 2292 1172 2319 ὅντα.

1137 2346 1146 2362 ε
1165 2336 1197 2363 Ἡ
1213 2336 1293 2372 χάρις
1310 2334 1371 2370 μεθ’
1389 2334 1476 2370 ὑμῶν.
1491 2334 1589 2369 Ἀμήν.
1605 2342 1616 2360 ι

1133 2379 1193 2408 Οἵδε
1208 2380 1263 2416 γὰρ
1279 2381 1445 2416 ἀναμνήσων
1459 2380 1569 2412 αὐτοὺς,
1584 2379 1626 2406 ἇιι
1652 2377 1697 2406 διὰ
1718 2376 1821 2412 ταύτης
1839 2376 1884 2403 σέ-

1099 2435 1201 2454 σωσται
1213 2425 1243 2453 τὸ
1253 2425 1309 2452 τῶν
1323 2424 1474 2461 ἀνθρώπων
1486 2425 1574 2460 γένος.

1100 2515 1178 2550 Πρὸς
1195 2514 1385 2548 Κολοσσαεῒς
1397 2514 1511 2549 ἑτῬάφη
1525 2513 1584 2541 ἀπὸ
1601 2511 1712 2548 Ῥώμης
1729 2511 1779 2539 διὰ
1799 2511 1883 2545 Τυχι-

1236 2558 1288 2586 tam?
1301 2559 1351 2586 καί
1368 2558 1536 2595 Ὀνησιμου.
1553 2558 1670 2588 Στίχων
1681 2558 1739 2586 arr-
