2077 3114
228 141 280 172 909

699 137 739 171 TN
757 139 935 171 El’ISTJtD
954 136 1332 170 TIIESSAIDNICENSES
1351 135 1374 171 Ῐ.

1801 137 1852 172 910

228 206 283 228 τως
301 197 485 233 ἐκηρύξαμεν,
499 197 591 233 φησὶν,
604 197 641 229 ὡς
655 197 816 232 ἐδοκίμασεν
831 197 904 231 ἡμᾶς
917 197 930 222 ὸ
942 196 1017 227 Θεός.

1074 201 1156 223 sent:
1183 197 1230 224 sed
1265 198 1303 224 ita
1331 197 1554 232 prmdicavimus,
1587 197 1688 232 inquit,
1714 199 1852 232 quomodo

229 243 266 269 Οὐ
285 244 339 279 γὰρ
362 243 517 278 ἀνθρώποις
532 244 670 278 ὴρέσαμεν
682 250 689 258 ·
720 243 851 277 οὐδὲγὰρ
870 241 1017 269 ἑκολακεύ-

230 298 319 325 σαμεν
332 290 416 325 ὑμᾶς,
429 289 496 317 ἀλλά
510 289 545 316 τὰ
562 289 679 316 ἐπίπονα
696 289 879 324 ἐκηρύξαμεν.
899 297 909 315 ι

270 388 280 405 ι
298 377 446 413 Δυνάμενοι
462 379 491 405 ἐν
505 378 582 413 βάρει
599 376 671 405 εἶναι
683 378 721 409 ὡς
731 377 849 413 Χριστοῦ
861 376 1017 408 ἀπόστολοι,

232 424 295 452 in“
312 424 496 460 ἐγεννήθημεν
513 424 590 459 ἤπιοι
606 425 634 451 ὲν
652 425 727 459 μέσῳ
745 424 831 459 ὑμῶν,
848 423 887 455 ὡς
908 423 941 449 ἂν
955 431 1018 458 τρο-

234 471 285 506 φδς
310 470 400 506 θάλπῃ
426 470 462 497 τὰ
487 470 587 504 ἑαυτῆς
615 469 709 496 τέκνα.
726 469 819 501 Οῦτως
845 468 1014 504 ἱμειρόμενοι

235 517 324 552 ὑμῶν,
347 515 514 551 εὐδοκοῦμεν
540 515 702 550 μεταδοῦναι
723 515 799 550 ὑμῖν,
826 515 857 541 οὺ
888 514 968 549 μόνον
989 514 1019 540 τὸ

234 562 398 596 Εὐαγγέλιον
416 561 464 588 τοῦ
483 560 562 593 Θεοῦ,
578 560 646 587 ἀλλὰ
666 561 714 587 καὶ
729 561 778 592 τὰς
798 559 902 586 ἑαυτῶν
916 559 1018 594 ψυχὰς,

232 608 301 635 διότι
320 607 456 642 ἀγαπητοὶ
471 607 536 642 ἡμῖν
557 606 717 641 γεγένησθε.
739 604 934 640 Μνημονεύετε
952 604 1018 640 γὰρ,

233 653 354 687 ἀδελφοὶ,
371 652 416 679 τὸν
431 652 515 679 κόπον
530 651 619 686 ἡμῶν,
637 652 684 678 καὶ
705 651 752 677 τὸν
784 649 884 685 μόχθον
897 658 904 665 ·
922 649 1020 680 νυκτὸς

234 699 290 735 γὰρ
302 698 350 725 καὶ
365 698 473 734 ἡμέρας
488 697 665 732 ἐργαζόμενοι
678 696 745 732 πρὸς
757 696 787 722 τὸ
802 695 839 730 μὴ
854 694 1020 729 ἐπιϐαρῆσαί

234 752 297 771 τινα
312 743 399 780 ὑμῶν,
415 742 590 779 ἐκηρύξαμεν
605 744 644 774 εἰς
661 742 732 777 ὑμᾶς
748 741 779 768 τὸ
790 740 957 776 Εὐαγγέλιον
973 739 1020 766 τοῦ

234 789 314 817 Θεοῦ.
335 788 430 824 Ὑμεῖς
446 788 500 825 γὰρ
519 788 667 824 μάρτυρες,
690 787 737 814 καὶ
754 788 768 813 ὁ
783 786 860 820 Θεὸς,
871 786 908 817 ὥς
929 785 1019 818 ὁσίως,

237 835 285 862 καὶ
301 833 425 866 δικαίως,
439 833 488 860 καὶ
509 833 661 868 ἀμέμπτως
678 832 744 867 ὑμῖν
767 832 823 862 τοῖς
846 829 1021 857 πιστεύουσιν

1070 242 1141 270 Deus
1156 242 1190 270 de
1207 243 1289 271 nobis
1309 242 1460 277 periculum
1476 244 1552 270 fecit.
1569 242 1628 270 Non
1645 243 1719 271 enim
1735 243 1854 271 homini-

1070 289 1120 316 bus
1131 289 1298 323 placuimus:
1313 289 1412 324 quippe
1428 290 1474 324 qui
1484 296 1535 316 non
1548 289 1650 317 duiati
1662 290 1750 318 simus
1764 291 1851 324 vobis,

1069 333 1117 361 sed
1135 341 1195 369 qua:
1209 341 1305 368 aspera
1320 338 1423 368 essent,
1440 335 1624 363 docuerimus.

1105 379 1187 408 Vens.
1206 380 1276 407 7-15.
1293 389 1303 405 ‹
1325 380 1393 407 Cum
1416 386 1560 415 possemus
1582 381 1659 410 vobis
1688 382 1765 409 oucri
1793 390 1854 409 esse

1071 429 1100 452 ut
1116 425 1221 453 Christi
1236 426 1364 461 apostoli,
1379 426 1426 453 sed
1444 425 1507 453 facti
1521 434 1615 455 sumus
1632 428 1738 462 parvuli
1756 429 1783 455 in
1796 436 1854 456 mc~

1070 472 1116 499 dio
1125 475 1257 503 vestrum,
1277 475 1408 506 tanquam
1423 471 1445 499 si
1464 472 1558 499 nutrix
1585 472 1674 499 foveat
1689 474 1760 501 iilios
1775 482 1852 502 suos.

1070 516 1108 543 lta
1136 516 1329 544 desiderantes
1359 523 1409 544 vos
1434 516 1543 552 cupide,
1574 517 1734 545 volebamus
1747 519 1855 545 tradere

1071 560 1157 590 vobis.
1184 567 1240 587 non
1258 559 1346 587 solum
1360 559 1538 595 Evangelium
1554 561 1613 594 Dei,
1630 561 1678 589 sed
1703 563 1782 589 etiam
1796 563 1853 589 ani-

1071 613 1130 633 mas
1143 611 1264 638 nostras,
1281 607 1410 641 quoniam
1433 607 1589 635 charissimi
1605 609 1686 636 nobis
1700 609 1762 636 facti
1777 610 1855 637 estis.

1072 650 1205 679 Memores
1217 652 1289 679 enim
1306 652 1386 685 estis,
1400 652 1512 685 fratres,
1529 654 1632 682 laboris
1650 655 1738 682 nostri
1751 658 1778 681 et
1793 654 1855 682 fati-

1071 697 1189 731 gationis
1204 705 1212 723 :
1233 701 1314 725 nocte
1328 702 1355 725 et
1370 698 1415 726 die
1424 703 1581 734 operantes,
1597 707 1634 728 ne
1644 708 1725 734 quem
1736 704 1855 728 vestrum

1072 747 1263 775 gravaremus,
1288 741 1500 776 prsedicavimus
1525 744 1552 771 in
1578 744 1656 772 vobis
1678 744 1855 780 Evangeltum

1072 784 1132 812 Dei.
1158 784 1212 813 Vos
1230 786 1302 813 enim
1319 790 1401 815 testes
1416 788 1482 815 estis
1510 793 1537 815 et
1560 788 1644 821 Deus,
1662 797 1744 824 quam
1762 795 1857 818 sancte

1072 833 1099 857 et
1116 829 1201 865 juste,
1211 834 1240 858 et
1255 831 1315 859 sine
1338 833 1449 867 querela
1464 833 1553 865 vobis,
1569 834 1616 869 qui
1628 835 1793 867 credidistis,
1804 835 1858 862 fui-

241 880 410 915 ἐγενήθημεν
419 887 427 895 ·
445 878 572 913 καθάπερ
586 878 683 911 οἴδατε,
694 877 731 908 ὡς
743 876 791 903 ἕνα
805 876 920 902 ἕκαστον
933 875 947 901 ὓ
952 874 1020 910 μῶν,

1074 882 1135 903 mus
1152 885 1158 903 :
1176 877 1250 904 sicut
1261 877 1350 911 scitis,
1367 878 1485 913 qualiter
1503 885 1855 916 unumquemquevestrum

236 925 274 957 ὡς
287 925 377 960 πατὴρ
393 925 477 952 τέκνα
496 923 606 957 ἑαυτοῦ,
626 922 849 958 παρακαλοῦντες
869 921 952 956 ὑμᾶς,
975 920 1022 947 καὶ¹

235 971 492 1008 παραμυθούμενοι,
510 971 558 996 καὶ
572 969 774 1005 μαρτυρόμενοι
793 968 833 998 εἰς
853 966 884 993 τὺ
904 974 1022 1001 περιπα-

236 1018 318 1053 τῆσαι
333 1017 405 1052 ὑμᾶς
418 1015 502 1048 ἀξίως
513 1015 560 1042 τοῦ
577 1014 655 1047 Θεοῦ,
670 1014 716 1040 τοῦ
740 1013 886 1044 καλοῦντος
898 1011 1023 1048 ὐμᾶςείς

236 1063 286 1097 τὴν
299 1061 395 1088 ἑαυτοῦ
412 1060 551 1097 βασιλείαν
562 1060 610 1087 καὶ
623 1059 711 1092 δόξαν.
725 1059 773 1085 Διά
787 1058 867 1085 τοῦτο
881 1056 932 1084 καῖ
941 1057 1023 1092 ἡμεῖς

237 1108 454 1144 εὐχαριστοῦμεν
471 1106 510 1143 τῷ
532 1106 592 1142 Θεῷ
611 1106 808 1137 ἀδιαλείπτως,
833 1105 873 1130 ὅτι
899 1103 1023 1139 παραλα-

236 1155 330 1186 ϐόντες
345 1154 424 1188 λόγον
447 1154 531 1190 ἀκοῆς
546 1152 612 1188 παρ’
632 1152 710 1188 ἡμῶν
730 1151 776 1178 τοῦ
790 1150 868 1184 Θεοῦ,
883 1149 1021 1182 ἐδέξασθε,

236 1201 268 1228 οὺ
280 1201 359 1235 λόγον
371 1199 533 1236 ἀνθρώπων,
543 1198 621 1232 ἀλλὰ,
631 1197 722 1229 καθώς
733 1197 807 1224 ἐστιν
817 1195 935 1232 ἀληθῶς,
944 1195 1023 1229 λόγον

236 1245 317 1279 Θεοῦ,
340 1246 369 1278 ὃς
394 1245 442 1272 καὶ
465 1246 617 1280 ἐνεργεῖται
639 1244 667 1270 ἐν
684 1243 748 1279 ὑμῖν
765 1243 820 1274 τοῖς
837 1240 1021 1268 πιστεύουσιν.

244 1291 339 1327 Ὑμεῖς
376 1291 430 1326 γὰρ
469 1290 586 1326 μιμηταὶ
626 1289 791 1324 ἐγενήθητε,
820 1287 943 1322 ἀδελφοὶ,
969 1285 1023 1313 τῶν

244 1336 414 1372 ἐκκλησιῶν
429 1336 476 1363 τοῦ
488 1335 566 1368 Θεοῦ,
581 1335 635 1363 τῶν
659 1333 746 1361 οὐσῶν
766 1335 795 1360 ἐν
814 1333 847 1368 τῇ
866 1331 979 1367 Ἰουδαίᾳ
995 1330 1024 1358 ἐν

238 1384 349 1420 Χριστῷ
371 1381 469 1418 Ἰησοῦ,
483 1381 524 1410 δτι
539 1381 575 1408 τὰ
590 1381 660 1408 αὺτά
677 1380 793 1408 ἐπάθετε
811 1379 859 1406 καὶ
875 1378 952 1414 ὑμεῖς
971 1377 1025 1404 ἀπὸ

239 1430 293 1457 τῶν
305 1429 378 1456 ίδίων
390 1427 580 1464 συμφυλετῶν,
589 1425 680 1458 καθὼς
690 1426 737 1453 καὶ
748 1426 826 1453 αὐτοὶ
837 1425 889 1452 ὑπὸ
902 1424 956 1451 τῶν
964 1423 1026 1450 ἰουα

238 1475 393 1509 δαίων,τῶν
409 1474 514 1501 καὶτὸν
527 1474 628 1510 Κύριον
646 1473 866 1500 ἀποκτεινάντων
884 1470 996 1506 Ἰησοῦν.
1013 1479 1022 1497 ι

273 1521 436 1553 Τουτέστιν,
455 1519 579 1547 ἀπαιτεῖν
602 1519 667 1555 παρ’
696 1518 773 1554 ὑμῶν
789 1517 882 1553 τιμὰς,
904 1517 941 1548 ὡς
962 1524 1024 1543 τοσ-

241 1567 320 1595 οῦτον
344 1567 563 1604 ἑγχειρισθέντες
589 1566 699 1600 ἀξίωμα
713 1586 719 1597 ,
748 1564 816 1592 ἀλλά
838 1563 1025 1597 ταπεινότεροι

240 1613 294 1641 τῶν
309 1612 438 1649 μαθητῶν
453 1611 595 1647 γενόμενοι
608 1610 775 1638 διδάσκαλοι.

279 1708 290 1728 t
306 1700 362 1728 Καὶ
374 1698 437 1732 τοὺς
454 1698 537 1731 ἰδίους
552 1698 704 1735 προφήτας,
717 1698 764 1725 καὶ
781 1694 858 1733 ἡμᾶς
881 1695 1026 1729 ἐκδιωξάν-

240 1752 305 1779 των,
325 1746 373 1773 καὶ
383 1745 443 1780 Θεῷ
461 1745 499 1780 μὴ
514 1743 696 1780 ἀρεσκόντων.
716 1752 727 1770 ι

277 1792 386 1823 Μάσους
413 1790 506 1826 τίθησι
529 1790 591 1822 τοὺς
612 1790 754 1826 προφήτας
770 1788 818 1816 τοῦ
849 1787 951 1824 Κυρίου
979 1788 1027 1815 καὶ

245 1838 301 1865 τῶν
316 1837 485 1869 ἀποστόλων,
500 1836 545 1863 ἴνα
572 1835 619 1862 καὶ
639 1835 703 1870 περὶ
724 1834 834 1865 τούτους
848 1833 921 1870 δείξῃ
945 1840 1025 1867 γεγο-

241 1883 322 1914 νότας
333 1882 446 1914 κακοὺς,
465 1881 510 1913 οὓς
529 1880 705 1916 ὁμολογοῦσιν
727 1880 808 1912 ἰδίους
824 1877 904 1907 εἶναι.
921 1878 976 1906 Καὶ
995 1878 1025 1905 τὸ

244 1927 336 1963 μέσον,
356 1928 427 1954 ποιεῖ
441 1926 539 1958 αὐτοὺς
554 1926 594 1958 είς
605 1925 638 1952 τὰ
652 1925 726 1961 ἄκρα
736 1924 849 1956 κακούς.

280 2025 289 2043 ι
311 2016 367 2043 Καὶ
391 2016 476 2042 πᾶσιν
500 2014 657 2051 ἀνθρώποις
690 2013 837 2045 ἐναντίων,
868 2012 1026 2040 κωλυόντων

242 2064 316 2098 ἡμᾶς
333 2063 391 2094 τοῖς
406 2062 496 2089 ἔθνεσι
510 2062 636 2097 λαλῆσαι,
654 2061 697 2088 ἵνα
715 2060 848 2092 σωθῶσιν,
865 2060 905 2091 εἰς
918 2059 949 2086 τδ
962 2060 1028 2086 ἀνα-

243 2108 387 2144 πληρῶσαι
403 2108 493 2136 αὐτῶν
505 2107 554 2139 τὰς
569 2107 707 2144 ἁμαρτίας
719 2106 846 2134 πάντοτε.
864 2114 873 2131 ι

278 2152 420 2180 κωλύουσι
431 2152 486 2188 γὰρ
500 2152 599 2184 αὐτοὺς
612 2151 756 2183 σώζεσθαι.

279 2207 290 2224 ι
308 2196 445 2232 Ἔφθασεν
459 2197 502 2224 ἐπ’
519 2197 617 2229 αὐτοὺς
636 2199 653 2233 ἡ
680 2198 749 2233 ὀργὴ
765 2198 805 2229 εἰς
823 2197 910 2229 τέλος.
929 2195 1026 2232 Ἡμεῖς
1039 2204 1063 2234 ι)

241 2244 279 2277 δέ,
295 2244 414 2279 ἀδελφοὶ,
431 2243 681 2279 ἀπορφανισθέντες
694 2243 741 2278 ἀφ’
754 2244 831 2279 ὑμῶν
847 2244 915 2279 προς
931 2243 1026 2279 καιρὸν

242 2289 328 2324 ὥρας,
341 2289 491 2324 προσώπῳ,
511 2289 542 2316 οὐ
565 2289 678 2326 καρδίᾳ,
705 2290 908 2325 περισσοτέρως
927 2289 1027 2315 ἐσπου-

242 2335 364 2370 δάσαμεν
374 2335 405 2362 τὸ
420 2335 566 2370 πρόσωπον
580 2334 657 2370 ὑμῶν
670 2335 734 2361 ίδεῖν
746 2336 774 2361 ἐν
785 2334 870 2370 πολλῇ
882 2333 1024 2369 ἐπιθυμίᾳ.

243 2380 289 2406 Διὸ
303 2379 476 2415 ἠθελήσαμεν
490 2380 577 2406 ἐλθεῖν
593 2380 660 2415 πρὸς
675 2374 757 2415 ὑμᾶς,
773 2378 828 2414 δγὼ
842 2378 893 2414 μὲν
911 2378 1015 2410 Παῦλος

245 2425 294 2451 καὶ
304 2425 389 2458 ἅπαξ,
404 2425 451 2452 καὶ
469 2425 520 2456 δίς.
540 2432 550 2452 ›

285 2470 359 2498 Ἀντὶ
371 2470 429 2503 τοῦ,
445 2470 647 2506 ἐπληρώθησαν
660 2470 751 2497 αὐτῶν
767 2470 794 2497 αἱ
809 2469 954 2506 ἁμαρτίαι.

283 2564 293 2580 ι
309 2556 364 2582 Καὶ
378 2555 505 2590 ἐνέκοψεν
521 2556 594 2590 ὑμᾶς
608 2557 622 2582 ό
638 2555 771 2588 Σατανᾶς.
788 2565 798 2581 ι

286 2601 393 2636 Ἐπειδὴ
410 2601 439 2627 αἱ
458 2601 560 2635 θλίψεις
577 2602 605 2627 αι
628 2601 673 2628 διὰ
694 2602 724 2628 τὸ
740 2602 881 2637 κήρυγμα,
907 2600 1027 2628 ἐνεπόδι-

244 2655 306 2679 σαν,
317 2646 414 2673 τούτου
431 2646 509 2681 χάριν
522 2646 606 2678 αὑτὰς
624 2646 673 2677 τὰς
690 2645 796 2680 θλίψεις
822 2645 965 2680 ἀνατίθησι
989 2646 1028 2681 τῷ

243 2693 360 2728 Σατανᾷ.
382 2692 501 2724 Ἐκεῖνος
515 2692 569 2727 γάρ
583 2690 616 2727 ἦν
634 2693 648 2718 ὁ
664 2692 827 2728 ἐπεγείρων,
845 2692 892 2719 καὶ
909 2692 1028 2728 παραξὺ-

243 2747 297 2765 νων
311 2738 382 2765 κατὰ
396 2738 450 2765 τῶν
464 2737 621 2765 ἀποστόλων
633 2738 695 2770 τοὺς
711 2738 854 2770 ἀπίστους.

283 2835 292 2852 ι
309 2826 357 2858 Τίς
373 2826 427 2862 γὰρ
440 2826 520 2861 ἡμῶν
535 2825 627 2858 ἐλπὶς,
651 2826 667 2860 ἢ
684 2825 766 2861 χαρὰ,
783 2826 800 2860 ἢ
816 2826 948 2861 στέφανος
961 2835 1027 2853 καυ-

1074 921 1164 956 (sicut
1179 926 1257 957 pater
1269 922 1341 951 filios
1361 930 1426 952 suos
1436 924 1445 959 )
1455 924 1639 960 deprecantes
1653 933 1702 954 vos
1718 931 1745 953 et
1759 933 1856 953 conso-

1073 967 1171 1001 lantes,
1191 968 1327 996 testificati
1343 977 1449 1003 sumus,
1463 971 1680 1000 utambularetis
1694 973 1776 1007 digne
1788 973 1854 1006 Deo,

1073 1013 1120 1048 qui
1135 1015 1244 1042 vocavit
1257 1023 1305 1043 vos
1331 1015 1359 1043 in
1374 1024 1454 1044 suum
1474 1024 1587 1052 regnum
1604 1022 1631 1045 et
1652 1019 1777 1052 gloriam.
1794 1019 1857 1046 Ideo

1073 1062 1099 1086 et
1108 1066 1159 1086 nos
1174 1060 1274 1094 gratias
1295 1061 1401 1096 agimus
1420 1061 1476 1089 Deo
1491 1063 1550 1091 sine
1561 1063 1776 1096 intermissione,
1788 1072 1857 1099 quo-

1072 1102 1146 1130 niam
1163 1111 1225 1130 cum
1241 1106 1415 1139 accepissetis
1428 1113 1444 1134 a
1456 1107 1535 1135 nobis
1550 1107 1661 1135 verbum
1678 1109 1787 1136 auditus
1800 1106 1856 1142 Dei,

1073 1148 1219 1183 accepistis
1229 1149 1372 1182 illud,'non
1384 1156 1414 1179 ut
1427 1152 1539 1180 verbum
1553 1153 1704 1187 hominum,
1723 1154 1770 1182 sed
1780 1156 1789 1187 (
1801 1154 1856 1182 sic-

1073 1196 1103 1220 ut
1118 1199 1160 1222 est
1174 1195 1251 1231 vere)
1267 1197 1379 1224 verbum
1397 1198 1454 1231 Dei,
1466 1199 1513 1234 qui
1538 1203 1563 1227 et
1586 1204 1714 1235 operatur
1725 1203 1753 1228 In
1767 1202 1856 1234 vobis,

1073 1239 1121 1273 qui
1151 1241 1319 1270 credidistis.
1347 1243 1400 1271 Vos
1416 1245 1488 1272 enim
1514 1245 1667 1275 imitatores
1684 1247 1748 1274 facti
1778 1248 1856 1280 estis,

1074 1283 1186 1317 fratres,
1216 1284 1402 1314 Ecclesiarum
1427 1287 1487 1320 Dei,
1506 1297 1567 1324 qute
1585 1294 1649 1318 sunt
1672 1291 1700 1318 in
1720 1291 1814 1319 Judzea
1827 1292 1855 1318 in

1074 1327 1185 1357 Christo
1198 1329 1264 1358 Jesu
1279 1339 1288 1359 :
1301 1332 1366 1367 quia
1380 1333 1474 1361 eadem
1490 1335 1564 1368 passi
1578 1336 1645 1362 estis
1657 1339 1684 1362 et
1700 1342 1750 1363 vos
1764 1343 1779 1363 a
1792 1344 1859 1364 con-

1074 1373 1223 1418 tribulibus
1255 1377 1366 1410 vestris,
1386 1379 1459 1406 sicut
1483 1384 1510 1407 et
1541 1380 1591 1415 ipsi
1607 1380 1746 1415 aJudaeis,
1771 1383 1859 1418 quiet

1077 1417 1221 1447 Dominum
1236 1421 1399 1449 ocolderunt
1410 1422 1515 1451 Iesum.
1529 1433 1539 1450 ο

1110 1506 1168 1535 Hoc
1192 1510 1245 1542 est,
1276 1516 1340 1538 cum
1369 1515 1513 1546 possemus
1546 1513 1663 1547 pretium
1686 1520 1701 1541 a
1719 1515 1799 1543 vobis
1831 1518 1859 1543 et

1077 1554 1230 1582 mercedem
1260 1556 1382 1592 exigere,
1399 1565 1447 1585 ceu
1463 1559 1510 1593 qui
1536 1558 1672 1593 ejusmodi
1684 1567 1797 1588 munere
1812 1568 1870 1588 ora-

1077 1597 1133 1624 nati
1148 1604 1295 1632 essemus;
1312 1600 1371 1633 sed,
1383 1601 1434 1628 etsi
1447 1602 1570 1637 niagistri
1590 1610 1711 1638 eramus,
1739 1605 1859 1641 discipué

1077 1642 1111 1671 lis
1133 1643 1295 1674 humiliores
1306 1653 1358 1674 nos
1369 1647 1544 1682 praebuimus.

1115 1698 1125 1715 ι
1141 1689 1175 1716 Et
1200 1691 1348 1726 prophetas
1377 1700 1454 1726 suos,
1466 1698 1492 1721 et
1510 1702 1561 1722 nos
1581 1696 1719 1730 persecuti
1739 1701 1814 1731 sunt,
1833 1700 1862 1726 et

1076 1732 1132 1762 Deo
1145 1742 1200 1762 non
1219 1737 1339 1771 placent.
1354 1747 1364 1763 ι

1111 1780 1200 1808 Medio
1217 1782 1286 1815 loco,
1303 1783 1447 1811 Dominum
1461 1785 1532 1813 inter
1545 1789 1571 1813 et
1582 1787 1732 1820 apostolos,
1744 1789 1862 1824 prophe-

1076 1830 1120 1854 tas
1135 1828 1222 1862 ponit,
1238 1831 1268 1855 ut
1278 1829 1406 1856 ostendat
1418 1829 1527 1859 Judaeos
1539 1839 1616 1859 suam
1645 1833 1777 1860 malitiam
1796 1842 1860 1870 erga

1076 1871 1138 1899 illos
1151 1872 1315 1906 prodidisse,
1336 1873 1406 1908 quos
1417 1875 1531 1909 gentiles
1547 1883 1611 1903 suos
1624 1883 1684 1903 esse
1700 1875 1859 1904 faterentur.

1077 1915 1212 1951 Quodque
1243 1918 1390 1952 prophetas
1420 1920 1510 1947 medio
1526 1920 1588 1948 loco
1603 1921 1710 1955 statuit,
1731 1927 1860 1950 extrema:

1077 1963 1139 1991 iilos
1154 1963 1282 1998 nequitise
1298 1971 1358 1992 esse
1372 1965 1517 2000 signiﬁcat.

1115 2017 1124 2033 ι
1144 2007 1177 2034 Et
1200 2009 1328 2036 omnibus
1355 2009 1512 2038 hominibus
1541 2011 1736 2045 adversantur;
1755 2012 1860 2048 [νεεδ.

1078 2053 1130 2089 16]
1141 2053 1317 2088 prohibentes
1331 2061 1382 2082 nos
1398 2055 1526 2089 gentibus
1540 2057 1626 2090 loqui,
1643 2061 1672 2083 ut
1683 2058 1766 2085 salvat
1782 2058 1859 2091 ﬁant,

1077 2103 1108 2125 ut
1120 2099 1252 2133 impleant
1266 2103 1377 2134 peccata
1390 2107 1439 2128 sua
1448 2108 1567 2136 semper.
1586 2111 1595 2128 ι

1113 2145 1216 2172 Arcent
1232 2145 1304 2172 enim
1320 2151 1348 2173 et
1360 2146 1513 2181 impediunt
1527 2155 1574 2175 eas
1587 2156 1621 2176 ne
1636 2149 1718 2177 salvae
1732 2149 1809 2179 ﬁant.

1116 2199 1125 2216 ι
1143 2190 1271 2218 Pervenit
1298 2191 1371 2218 enim
1386 2193 1426 2219 ira
1443 2199 1524 2228 super
1540 2194 1600 2222 illos
1623 2202 1712 2230 usque
1726 2196 1752 2223 in
1769 2196 1859 2224 ﬁnem.

1079 2233 1181 2270 [Vsas.
1200 2235 1244 2267 17,
1258 2235 1316 2271 18.]
1327 2235 1382 2264 Nos
1392 2241 1494 2271 autem,
1510 2238 1617 2271 fratres,
1626 2239 1740 2267 desoiati
1756 2248 1770 2267 a
1784 2242 1862 2269 vobis

1077 2281 1113 2307 ad
1127 2285 1236 2316 tempus
1253 2282 1337 2313 horae,
1355 2286 1469 2317 aspectu
1496 2291 1549 2311 non
1566 2285 1660 2317 corde,
1676 2286 1862 2315 abundantius

1077 2324 1268 2354 festinavimus
1280 2327 1376 2354 faciem
1397 2332 1516 2354 vestram
1534 2329 1629 2357 videre
1640 2337 1700 2356 cum
1714 2331 1800 2358 multo
1813 2332 1862 2358 dc-

1077 2370 1178 2398 siderio
1197 2380 1203 2397 :
1219 2372 1349 2406 quoniam
1358 2372 1495 2400 voluimus
1511 2375 1604 2401 venire
1620 2375 1653 2402 ad
1667 2382 1724 2408 vos,
1738 2382 1789 2410 ego
1799 2377 1862 2410 qui—

1078 2415 1139 2443 dem
1159 2416 1262 2444 Paulns
1275 2420 1302 2443 et
1317 2418 1400 2444 semel
1413 2421 1441 2444 et
1455 2418 1564 2445 iterum.
1584 2428 1594 2443 ι

1113 2462 1166 2490 Pro
1182 2470 1262 2490 eoae
1288 2463 1311 2491 si
1332 2464 1457 2492 diceret:
1489 2465 1628 2500 Completa
1658 2469 1723 2493 sunt
1750 2471 1862 2501 peccata

1077 2515 1185 2536 eorum.

1115 2562 1126 2579 ι
1138 2553 1192 2581 Sed
1207 2553 1350 2589 impedivit
1365 2563 1416 2584 nos
1430 2555 1558 2584 Satanas.
1576 2563 1586 2582 ι

1115 2597 1250 2630 Quoniam
1266 2596 1426 2627 stﬂictiones
1440 2608 1509 2635 quas
1527 2605 1637 2635 propter
1654 2601 1863 2636 praedicationes

1079 2643 1261 2681 pcrtulerapt,
1290 2643 1359 2680 ipsis
1392 2645 1589 2680 impedimento
1601 2645 1720 2681 fuerant,
1741 2656 1802 2676 eam
1820 2650 1862 2676 ob

1079 2697 1136 2716 rem
1160 2689 1222 2717 illas
1242 2690 1367 2718 attribuit
1396 2690 1515 2718 Satanae.
1529 2692 1598 2718 Nam
1615 2692 1639 2719 is
1655 2697 1714 2720 erat
1738 2696 1783 2728 qui
1801 2695 1863 2722 iuli-

1079 2735 1154 2763 deles
1181 2736 1315 2764 adversus
1333 2737 1494 2772 Apostotum
1506 2737 1645 2765 excitabat
1659 2742 1687 2766 et
1709 2739 1863 2768 instimula:

1080 2780 1137 2807 bat.

1113 2827 1196 2862 218
1213 2827 1295 2856 Vsus.
1315 2828 1359 2862 l9,
1372 2828 1417 2856 ΞΟ.
1438 2837 1446 2855 ι
1460 2829 1526 2862 Quae
1540 2833 1581 2858 csl
1594 2831 1668 2858 enim
1681 2835 1774 2859 nostra
1789 2836 1863 2867 spes;
