2077 3114
215 152 266 185 913

688 152 730 182 ΙΝ
754 152 871 182 EPIST.
892 152 940 181 AD
959 151 1335 181 THESSALONICENSES
1350 151 1375 179 Ῐ.

1790 147 1840 178 flii

218 210 255 244 μὴ
273 208 383 238 ποιεῖτε,
399 206 468 233 ἀλλὰ.
484 206 533 238 τὰς
550 206 738 241 παραγγελίας
754 207 853 236 αὐτοὺς
869 207 901 232 ἐκ
920 205 1002 231 πάλαι

1059 205 1162 232 avertit.
1185 205 1243 232 Non
1258 205 1419 238 simpliciter
1433 204 1470 231 ait
1486 213 1491 230 :
1507 203 1545 231 Ne
1563 203 1614 231 hoc
1629 203 1670 231 vel
1689 203 1755 230 illud
1771 203 1843 230 fecu-

216 254 356 289 εῐληφὲναι
375 254 440 288 παρ’
456 252 539 279 αὑτοῦ
553 261 630 287 φησι,
644 251 688 278 διὰ
704 251 751 278 τοῦ
774 252 879 286 Κυρίου
902 251 1000 285 Ἰησοῦ,

216 300 249 332 ἃς
265 299 411 335 φυλάττειν
438 298 663 334 παρακελεύεται.
694 298 784 325 Τοῦτο
801 297 856 332 γάρ
876 298 941 324 ἐστι
959 296 1003 324 θέ-

217 347 297 380 λημα
313 344 365 372 τοῦ
380 344 464 371 Θεοῦ.

255 400 266 416 ι
281 391 318 417 Τὸ
333 391 431 417 ἑαυτοῦ
445 389 543 420 σκεῦος
554 389 671 417 κτᾶσθαι
684 391 712 417 ὲν
723 389 853 425 ἁγιασμῷ
866 391 911 417 καί
924 393 1001 426 τιμῇ,

220 438 257 473 μὴ
274 437 303 463 ὲν
319 437 400 464 πάθει
418 436 576 472 ἐπιθυμίας.
596 445 605 462 ι

259 481 331 507 Ἀντὶ
348 480 394 508 τοῦ
404 500 411 512 ,
427 481 477 514 τὴν
491 481 591 516 σάρκα.
728 509 731 510 ,

257 536 267 552 ι
287 527 421 562 Καθάπερ
433 527 478 553 καὶ
495 526 529 553 τὰ
546 526 609 560 ἔθνη
626 526 660 553 τὰ
676 527 713 562 μὴ
730 527 819 554 εἰδότα
836 527 882 554 τδν
896 528 973 555 Θεόν.
991 538 1000 554 ι

259 571 362 599 Ἱκανὸν
381 572 426 598 καὶ
447 571 526 598 τοῦτο
543 571 589 598 τοῦ
611 571 765 607 ἀποτρέψαι
788 573 837 607 τῆς
857 573 1002 608 πορνείας,

218 619 249 645 τὸ
266 619 336 654 μετὰ
355 619 408 645 τῶν
422 618 617 653 ὲπεγνωκότων
630 618 676 644 τὸν
690 619 755 645 Θεὸν
775 619 820 645 τὸν
840 619 1005 654 πορνεύοντα

219 664 375 691 τάττεσθαι.

258 718 268 734 ‹
286 709 322 735 Τὺ
334 708 372 744 μὴ
388 709 564 743 ὑπερϐαίνειν
577 709 624 735 καὶ
641 710 813 737 πλεονεκτεῖν
828 711 858 737 ἐν
868 710 907 746 τῷ
917 711 1006 746 πράγ-

222 763 286 790 ματι
301 754 347 781 τὸν
362 754 477 789 ἀδελφὺν
493 755 588 782 αὑτοῦ.
610 765 619 781 ι

262 800 451 835 ’Υπερῦαίνειν
467 801 518 835 μὲν
532 801 582 833 τὰς
595 801 642 827 τοῦ
653 801 720 828 Θεοῦ
733 802 852 834 ἐντολάς.
867 803 1006 837 Εὐφήμως

220 846 250 873 δὲ
263 847 373 882 σφόδρα,
391 847 439 873 καὶ¹
454 847 717 882 ἑπικεκαλυμμένως
732 848 780 883 τὴν
797 848 922 883 μοιχείαν
936 849 1006 875 tbi/6-

224 900 305 927 μασε,
320 891 370 926 τὴν
382 893 421 924 εἰς
434 892 547 927 ἀδελφὸν
561 894 668 920 ἀδικίαν
681 894 770 929 αὐτὴν
783 892 852 921 εἶναι
871 895 970 928 λέγων.

259 947 269 963 ‹
291 938 362 964 Διότι
384 938 491 969 ἔκδικος
506 940 519 965 ὁ
544 938 644 974 Κύριος
669 940 732 974 περὶ
758 939 867 966 πάντων
887 940 1005 972 τούτων,

222 983 313 1015 καθὼς
335 983 383 1011 καὶ
405 984 573 1019 προείπομεν
588 985 663 1018 ὑμῖν,
680 985 727 1011 καὶ¹
749 985 1005 1021 διεμαρτυράμεθα.

222 1030 260 1056 Οὐ
273 1030 328 1065 γὰρ
345 1030 475 1057 ἐκάλεσεν
494 1031 568 1066 ἡμᾶς
583 1031 597 1057 ὁ
616 1031 682 1063 Θεὸς
703 1031 749 1058 ἐπὶ
764 1031 929 1068 ἀκαθαρσίᾳ,
948 1032 1007 1059 ἀλλ’

221 1077 251 1103 ἐν
264 1076 403 1111 ἁγιασμῷ.
423 1085 433 1102 ι

259 1123 330 1158 Ὅρα
352 1123 411 1155 πῶς
432 1124 508 1159 παρὰ
535 1125 618 1157 πόδας
642 1125 725 1161 ἔθηκε
750 1126 799 1162 τὴν
820 1126 889 1162 ὑπὲρ
906 1126 1008 1153 τούτων

222 1169 311 1205 δίκην.

260 1225 270 1241 ε
287 1215 438 1250 Τοιγαροῦν
450 1217 464 1243 ὁ
477 1216 592 1249 ἀθετῶν,
607 1217 657 1244 οὐκ
670 1217 813 1252 ἄνθρωπον
827 1217 926 1249 ἀθετεῖ,
940 1217 1008 1244 ἀλλὰ

222 1259 268 1288 τὸν
284 1261 350 1287 Θεὸν
361 1281 368 1294 ,
384 1262 428 1288 τὸν
445 1262 492 1288 καὶ
506 1262 585 1289 δόντα
603 1263 633 1289 τδ
656 1257 768 1298 Πνεῦμα
783 1263 866 1290 αὐτοῦ
886 1263 916 1290 τὺ
931 1263 1009 1297 ἆγιον

223 1307 263 1338 εἰς
278 1307 358 1341 ὑμᾶς.
376 1308 443 1343 Περὶ
456 1308 484 1335 δὲ
499 1310 549 1344 τῆς
563 1309 755 1344 φιλαδελφίας,
771 1309 801 1336 οὐ
823 1309 918 1344 χρείαν
933 1309 1010 1344 ἔχετε

223 1353 339 1388 γράφειν
363 1354 437 1388 ὑμῖν.
462 1354 544 1381 Αὐτοὶ
565 1354 619 1390 γὰρ
641 1355 721 1389 ὑμεῖς
741 1355 905 1382 θεοδίδακτοί
930 1356 1009 1388 ἐστε,

224 1398 264 1430 εῑς
281 1399 312 1425 τὸ
332 1399 445 1435 ἀγαπᾷν
461 1399 605 1435 ἀλλήλους.
621 1400 678 1427 Καὶ
691 1400 745 1435 γὰρ
767 1401 868 1427 ποιεῖτε
884 1401 950 1428 αὐτὸ
969 1402 1010 1433 εἰς

223 1443 329 1475 πάντας
351 1444 414 1477 τοὺς
433 1444 565 1479 ἀδελφοὺς
588 1445 652 1476 τοὺς
675 1446 705 1471 ὲν
720 1445 768 1482 ὂλῃ
790 1447 823 1481 τῇ
843 1446 1008 1481 Μακεδονίᾳ.

223 1488 442 1526 Παρακαλοῦμεν
457 1490 485 1517 δὲ
499 1491 588 1525 ὑμᾶς,
606 1491 732 1526 ἀδελφοὶ,
752 1493 926 1527 περισσεύειν
943 1493 1011 1528 μᾶλ-

222 1535 279 1568 λον,
298 1536 347 1562 καὶ
364 1535 578 1571 φιλοτιμεῖσθαι,
595 1536 745 1571 ἡσυχάζειν
759 1537 806 1564 καὶ
820 1539 953 1572 πράσσειν
974 1538 1010 1565 τὰ

223 1582 290 1614 ῖδια,
306 1583 354 1609 καὶ
365 1581 532 1618 ἐργάξεσθαι
545 1584 604 1613 ταῖς
617 1583 696 1615 ἰδίαις
709 1584 802 1618 χερσὶν
817 1584 905 1619 ὑμῶν,
918 1585 1010 1617 καθὼς

223 1627 290 1662 ὑμῖν
314 1628 549 1664 παρηγγείλαμεν.
567 1629 627 1656 Ἵνα
647 1630 819 1664 περιπατῆτε
833 1631 1010 1666 εὐσχημόνως

223 1672 292 1707 πρὸς
307 1673 370 1705 τοὺς
384 1673 447 1706 ἔξω,
463 1674 509 1701 καὶ
526 1674 641 1709 μηδενὸς
655 1675 750 1710 χρείαν
765 1674 857 1711 ἔχητε.
877 1685 886 1702 ι

260 1718 343 1745 Ὅταν
357 1719 502 1756 ἁθετήσῃς,
519 1721 612 1755 φησιν,
630 1720 676 1747 τὸν
693 1720 818 1755 ἀδελφὺν,
832 1721 878 1748 τὸν
893 1721 1009 1749 λαϐόντα

223 1763 268 1790 διὰ
285 1764 331 1791 τοῦ
346 1764 532 1799 βαπτίσματος
550 1766 580 1792 τὸ
595 1766 708 1802 Πνεῦμα
728 1766 758 1793 τδ
773 1766 860 1801 ἅγιον,
882 1767 942 1795 τότε
959 1768 1010 1795 οὐκ

223 1808 377 1844 ἄνθρωπον,
393 1809 461 1837 ἀλλὰ
476 1810 522 1837 τὸν
537 1810 601 1838 Θεὸν
619 1811 736 1843 ἀθετεῖς.

262 1864 271 1879 ι
291 1855 327 1881 UO
343 1855 464 1890 θέλωμεν
477 1856 505 1883 δὲ
519 1857 591 1891 ὑμᾶς
606 1857 724 1891 ἀγνοεῖν,
742 1857 861 1892 ἀδελφοὶ,
878 1858 943 1894 περὶ
955 1859 1010 1886 τῶν

223 1900 422 1935 κοιμωμένων,
445 1901 488 1928 ἵνα
516 1902 553 1937 μὴ
581 1902 718 1938 λυπῆσθε,
737 1902 828 1935 καθὼς
849 1905 898 1931 καὶ
911 1905 937 1931 oi
955 1904 1010 1931 λοι-

224 1946 271 1972 ποὶ
285 1966 293 1978 ,
312 1946 338 1974 οῖ
358 1946 394 1981 μὴ
421 1946 529 1982 ἔχοντες
543 1947 648 1975 ἐλπίδα.
664 1949 695 1975 Εἰ
710 1948 764 1984 γὰρ
781 1949 945 1984 πιστεύομεν
968 1949 1010 1977 ὅτι

229 1992 334 2027 Ἰησοῦς
347 1991 466 2019 ἀπέθανε
476 2014 482 2026 ,
502 1993 550 2020 καὶ
567 1993 677 2029 ἀνέστη,
694 1994 765 2021 οὕτω
782 1994 830 2021 καὶ
841 1995 855 2021 ὁ
870 1995 935 2027 Θεὸς
947 1996 1010 2028 τοὺς

224 2037 407 2072 κοιμηθέντας
428 2038 471 2064 διὰ
495 2039 582 2073 Ἰησοῦ
605 2039 665 2071 ἄξει
680 2039 729 2066 σὺν
744 2040 828 2075 αὐτῷ.
853 2040 939 2068 Τοῦτο
955 2041 1010 2078 γὰρ

225 2082 289 2119 ὑμῖν
301 2083 417 2118 λέγομεν
432 2084 461 2110 ἐν
476 2083 548 2119 λόγῳ
565 2085 679 2120 Κυρίου.
709 2095 719 2111 ι

191 2135 195 2139 ’
258 2129 426 2156 Μεταὸαίνει
440 2130 487 2156 ἐπὶ
503 2129 548 2157 τὸν
566 2131 630 2166 περὶ
645 2131 821 2164 ἀναστάσεως
835 2133 924 2167 λόγον.
939 2133 1011 2169 ’Ὅρα

220 2174 249 2202 δὲ
269 2175 327 2206 πῶς
346 2175 510 2211 θαυμαστῶς
524 2177 708 2204 κατεσκεύασε
724 2178 755 2204 τὸ
774 2178 1007 2214 ὁμολογούμενον,

1057 249 1134 281 ritis;
1151 250 1198 277 scd
1215 250 1343 276 mandata
1363 257 1423 284 quae
1439 249 1579 277 observari
1604 248 1738 283 praecipit,
1750 256 1781 276 ea
1800 249 1841 282 ip-

1057 295 1095 322 sis
1112 302 1127 321 a
1152 302 1183 322 se
1200 302 1248 329 per
1263 293 1409 321 Dominum
1436 295 1528 322 .lesunr
1557 294 1659 322 tradita
1672 294 1749 321 dicit.
1780 293 1843 321 Ilwc

1056 341 1123 367 enim
1139 345 1176 366 est
1192 339 1312 366 voluntas
1326 339 1384 367 Dei.

1092 385 1176 420 219
1197 395 1206 411 ι
1221 384 1274 411 Vas
1291 393 1370 411 suum
1387 385 1529 419 possidere
1546 385 1574 412 in
1588 385 1735 414 sanctitate
1749 389 1778 412 et
1795 385 1845 412 ilo-

1058 440 1124 460 nore
1136 423 1214 464 ,rnon
1232 431 1257 458 in
1277 432 1403 466 passione
1418 430 1561 465 desiderii.
1578 441 1587 457 ι

1093 478 1165 506 Idem
1183 478 1237 505 hoc
1251 483 1291 504 est
1305 485 1336 504 ac
1353 485 1465 505 carnem
1482 485 1573 505 suam.

1096 535 1104 550 ι
1122 525 1199 553 Sicut
1215 530 1242 553 et
1259 530 1368 560 gentes,
1386 532 1446 559 quae
1461 525 1588 559 ignorant
1603 522 1698 550 Deum.
1717 533 1725 548 ι

1093 571 1152 599 Hoc
1169 579 1277 607 qrroque
1303 571 1431 598 idoneum
1459 575 1500 598 est
1530 570 1562 596 ad
1593 569 1801 596 absterrenrlum
1829 579 1844 597 ιι

1059 618 1247 651 scortatione;
1265 618 1340 653 quod
1359 625 1456 652 nempe
1473 620 1610 644 scortator.
1627 616 1681 643 illis
1699 617 1743 651 qui
1762 616 1844 644 Deum

1058 665 1183 700 ignorant
1194 685 1201 697 ,
1219 669 1406 692 accenseatur.

1094 710 1177 738 Vens.
1196 710 1222 737 6.
1239 720 1248 736 ι
1263 710 1296 736 Ει
1310 717 1344 737 ne
1358 711 1419 745 quis
1434 710 1668 745 supergrediatur,
1687 717 1774 744 neque
1791 709 1845 736 cir-

1059 757 1215 784 cumveniat
1231 756 1258 784 in
1277 757 1386 792 negotio
1404 756 1516 784 fratrem
1534 764 1624 784 suum.
1641 765 1650 781 ι

1096 801 1336 837 Supergrediatur,
1355 802 1463 837 inquit,
1483 806 1616 836 praecepta
1643 800 1700 827 Dei.
1724 800 1844 834 Eleganli

1060 856 1124 876 vero
1142 849 1287 875 admodum
1306 855 1372 875 voce
1392 848 1530 882 taciteque
1545 846 1708 874 adulterium
1723 845 1844 877 notavit,

1021 882 1044 911 Β
1058 903 1117 923 eam
1136 903 1198 922 esse
1212 894 1328 922 dicendo
1346 895 1473 930 injuriam
1490 895 1636 928 irrogatam
1653 893 1742 920 fratri.

1096 941 1242 974 (Quoniam
1263 941 1361 968 vindex
1381 945 1423 968 est
1444 941 1575 967 Dominus
1595 939 1628 966 de
1648 939 1691 966 his
1709 938 1854 969 omnibus,

1058 988 1127 1017 sicut
1168 988 1344 1023 prmdiximus
1384 987 1462 1014 vobis
1499 991 1525 1013 et
1569 986 1706 1014 testiﬁcati
1738 993 1844 1012 sumus.

1060 1033 1161 1070 [Vens
1179 1034 1224 1069 7.]
1242 1033 1299 1061 Non
1318 1033 1390 1061 enim
1409 1032 1514 1060 vocavit
1533 1040 1581 1060 nos
1600 1031 1671 1059 Deus
1685 1031 1711 1058 in
1728 1031 1857 1057 immun-.

1058 1079 1152 1106 ditiam
1165 1099 1173 1112 ,
1189 1079 1236 1106 sed
1252 1079 1277 1106 in
1296 1078 1548 1106 sanctificationern.
1565 1087 1575 1102 ι

1094 1124 1163 1152 Vide
1189 1124 1325 1159 quomodo
1347 1133 1362 1152 e
1386 1123 1502 1159 vestigio
1523 1123 1619 1150 horum
1643 1122 1774 1149 ultionerrr
1803 1121 1844 1148 in-

1057 1174 1157 1198 tentat.

1097 1216 1180 1244 Vens.
1200 1215 1278 1244 8-H.
1296 1225 1309 1242 ι
1321 1216 1415 1249 Itaque
1426 1216 1470 1250 qui
1484 1215 1541 1242 haec
1554 1214 1675 1249 spernit,
1689 1220 1743 1239 non
1756 1213 1844 1239 homi-

1060 1269 1121 1289 nem
1136 1263 1258 1296 spernit,
1276 1262 1322 1289 sed
1342 1261 1445 1294 Deum,
1462 1261 1506 1295 qui
1525 1261 1606 1287 etiam
1625 1259 1698 1286 dedit
1714 1258 1844 1292 Spiritum

1059 1316 1139 1335 suum
1154 1312 1279 1336 sanctum
1295 1309 1322 1334 in
1337 1307 1428 1335 vobis.
1444 1307 1480 1334 De
1496 1307 1630 1334 charitate
1643 1310 1732 1333 autem
1748 1305 1845 1332 it'nlt‘r-

1061 1354 1155 1381 nitatis
1172 1362 1224 1381 non
1241 1361 1354 1381 necesse
1372 1353 1504 1380 habemus
1526 1353 1647 1379 scribere
1672 1351 1762 1378 vobis.
1792 1350 1845 1384 Ipsi

1062 1401 1135 1428 enim
1151 1407 1198 1428 vos
1213 1407 1228 1426 α
1239 1399 1295 1427 Deo
1307 1399 1458 1436 didicistis.
1472 1403 1501 1425 ιιι
1512 1398 1632 1432 diligatis
1659 1397 1785 1423 invict-nr.
1800 1396 1846 1422 Et-

1061 1446 1132 1474 enim
1147 1445 1214 1473 illud
1229 1445 1321 1473 facitis
1338 1445 1366 1472 in
1377 1452 1471 1472 omnes
1485 1443 1584 1471 fratres
1602 1444 1628 1470 in
1647 1443 1773 1470 universa
1789 1442 1846 1468 Ma-

1060 1492 1186 1520 cedonia.
1203 1491 1342 1527 Rogamus
1357 1496 1451 1518 autem
1470 1498 1517 1518 vos
1531 1510 1538 1522 ,
1564 1490 1681 1521 fratres,
1708 1493 1738 1516 ut
1762 1491 1847 1516 abun-

1061 1536 1131 1564 detis
1147 1536 1251 1572 magis,
1278 1540 1305 1563 et
1322 1543 1432 1571 operam
1449 1535 1519 1573 detis
1536 1539 1566 1562 ut
1578 1535 1664 1570 quieti
1680 1535 1741 1562 sitis
1752 1554 1759 1566 ,
1775 1538 1802 1560 et
1818 1539 1848 1560 ut

1060 1586 1181 1610 vestrum
1196 1582 1336 1617 negotium
1352 1581 1450 1617 agatis,
1467 1585 1494 1608 et
1504 1581 1652 1616 operemiui
1666 1581 1788 1608 manibus
1799 1588 1846 1606 ve-

1059 1629 1140 1662 stris,
1158 1629 1231 1657 sicut
1243 1629 1423 1664 przecepimus
1438 1628 1516 1656 vobis
1530 1632 1559 1655 ut
1572 1628 1684 1655 honesle
1699 1626 1847 1654 ambulctis

1060 1675 1092 1702 ad
1108 1682 1155 1703 eos
1171 1675 1217 1707 qui
1233 1674 1301 1702 foris
1318 1678 1384 1702 sunt
1395 1694 1402 1707 ,
1419 1679 1446 1702 et
1462 1675 1541 1702 nullo
1556 1682 1624 1709 opus
1639 1673 1772 1701 habeatis.
1789 1683 1798 1699 ι

1095 1720 1163 1747 Dum
1182 1720 1290 1754 spernis
1312 1721 1425 1747 fratrem
1446 1724 1542 1752 tuum,
1560 1720 1606 1755 qui
1629 1719 1760 1753 Spiritum
1780 1727 1845 1746 sarr-

1060 1770 1134 1794 ctum
1150 1774 1198 1802 per
1212 1766 1379 1801 baptismum
1396 1766 1501 1801 accepit
1513 1785 1521 1798 ,
1539 1770 1605 1793 tunc
1620 1773 1674 1793 non
1691 1765 1845 1797 hominem,

1060 1813 1107 1841 sed
1122 1812 1206 1839 Deum
1221 1812 1387 1847 aspernaris.

1096 1857 1179 1886 Vens.
1200 1858 1296 1896 12-”.
1308 1867 1317 1884 ι
1327 1857 1461 1886 Nolumus
1471 1862 1561 1886 autem
1574 1865 1623 1885 vos
1637 1858 1778 1892 ignorare,
1791 1857 1846 1884 fra-

1059 1906 1133 1937 tres,
1150 1903 1184 1931 de
1201 1903 1397 1930 dormientibus
1410 1923 1418 1935 ,
1434 1907 1466 1930 ut
1483 1910 1536 1930 non
1555 1901 1755 1929 contristemini
1775 1901 1847 1928 sicut

1059 1953 1087 1977 et
1103 1949 1192 1976 caeteri
1207 1949 1255 1983 qui
1272 1956 1347 1982 spem
1367 1955 1420 1975 non
1440 1949 1552 1976 habent.
1573 1948 1601 1974 Si
1618 1947 1690 1974 enim
1708 1947 1846 1974 credimus

1061 1994 1132 2029 quod
1146 1993 1226 2021 Jesus
1243 1997 1369 2020 mortuus
1383 1997 1425 2020 est
1439 1998 1467 2020 et
1488 1993 1656 2025 resurrexit,
1676 1993 1712 2018 ita
1729 1996 1757 2018 et
1777 1991 1848 2018 Deus

1060 2048 1108 2069 eos
1131 2040 1177 2076 qui
1202 2039 1373 2067 dormierunt
1386 2046 1435 2072 per
1448 2038 1541 2066 Jesum
1555 2059 1563 2071 ,
1585 2038 1701 2065 adducet
1723 2045 1786 2065 cum
1800 2045 1844 2065 eo.

1061 2088 1119 2115 Hoc
1130 2086 1204 2118 enim
1220 2085 1298 2113 vobis
1313 2085 1432 2112 dicimus
1447 2085 1474 2111 in
1492 2084 1576 2112 verbo
1593 2084 1712 2111 Domini.
1728 2093 1737 2110 ι

1097 2133 1209 2162 Transit
1223 2132 1256 2160 ad
1271 2132 1417 2160 dicendum
1435 2125 1468 2158 de
1483 2130 1695 2158 resurrectione.
1712 2129 1780 2158 Vide
1796 2137 1847 2157 su-

1062 2184 1116 2208 tem
1147 2186 1230 2213 quam
1262 2177 1371 2213 egregie
1397 2177 1425 2205 id
1446 2176 1546 2204 astruit
1567 2176 1639 2211 quod
1663 2175 1845 2210 proﬁtemur:

223 2219 313 2247 λαϐὼν
333 2220 383 2256 τὴν
398 2220 545 2248 ἀνάστασιν
567 2221 613 2248 τοῦ
630 2222 731 2258 Κυρίου
751 2223 791 2254 είς
815 2223 947 2250 πίστωσιν
961 2224 1008 2260 τῆς

1061 2229 1203 2260 assumpta
1218 2224 1349 2252 nimirum
1365 2222 1565 2250 resurrectione
1579 2222 1686 2249 Domini
1709 2222 1741 2249 ad
1766 2223 1846 2249 fidem

223 2266 362 2302 ἡμετέρας
391 2267 575 2298 ἀναστάσεως.
593 2267 700 2299 Πάντας
716 2268 770 2303 γὰρ
784 2267 945 2304 ἀνθρώπους
961 2270 1008 2297 ἀν-

223 2311 321 2348 έστησε
335 2313 380 2340 διὰ
392 2313 442 2348 τῆς
455 2313 523 2345 ἰδίας
539 2313 696 2348 σαρκός.Διὸ
712 2314 758 2341 καὶ
771 2316 959 2348 πρωτότοκος
975 2315 1010 2343 ἐκ

222 2357 284 2384 τῶν
305 2358 420 2392 νεκρῶν
444 2357 562 2392 λέγεται.
595 2359 643 2385 Ἐν
665 2359 745 2393 λόγῳ
772 2359 806 2385 δὲ
830 2361 952 2394 Κυρίου,
977 2361 1009 2388 τὸ

225 2403 301 2474 ﬁt):
319 2403 420 2438 λέγειν,
443 2405 536 2440 φησὶν,
552 2404 595 2431 ἵνα
613 2403 736 2440 θαρῤὦσι
749 2405 814 2440 περὶ
830 2405 884 2431 τῶν
901 2405 1010 2442 ἀποφη-

225 2456 280 2474 ναυ.
297 2457 359 2474 νων.

224 2456 359 2483 ναμενων.

263 2503 272 2518 ι
294 2493 355 2520 ’Ότι
372 2494 453 2529 ἡμεῖς
466 2496 489 2522 οῖ
505 2495 614 2528 ζῶντες,
633 2496 657 2522 οἱ
672 2495 893 2531 περιλειπόμενοι
904 2497 944 2528 εὶς
960 2497 1009 2533 τὴν

224 2539 376 2574 παρουσίαν
392 2539 440 2566 τοῦ
457 2541 572 2575 Κυρίου.
594 2550 603 2566 ι

260 2583 346 2611 Τοῦτό
360 2593 453 2620 φησιν,
473 2586 522 2621 οὐχ
536 2587 576 2613 ὅτι
591 2586 672 2619 αὐτὸς
689 2587 780 2622 ἔμεινε
797 2588 876 2623 μέχρι
897 2588 944 2615 τοῦ
960 2589 1009 2624 τῆς

223 2630 399 2661 ἀναστάσεως
413 2631 519 2666 καιροῦ,
536 2631 594 2657 ἀλλ’
610 2632 703 2668 ἐπειδὴ
717 2633 781 2668 περ)¹
795 2632 906 2665 ζώντων
920 2633 1007 2668 ἔλεγε,

224 2676 271 2703 καὶ
282 2676 364 2708 αὐτὸς
383 2676 411 2703 δὲ
429 2675 476 2712 έζη
490 2685 496 2691 ·
517 2677 602 2704 ταῦτα
617 2678 714 2713 λέγων,
735 2680 768 2714 τῇ
787 2680 862 2715 κοινῇ
878 2680 1009 2716 συνηθείᾳ

222 2721 271 2749 τοῦ
285 2722 364 2756 λόγου
379 2723 515 2758 ἐχρήσατο
525 2745 532 2756 ,
556 2723 594 2758 τῷ
608 2724 693 2758 ἡμεῖς
713 2726 741 2751 ol
763 2725 878 2759 ζῶντες.
903 2726 965 2753 Ὅτι
980 2727 1008 2754 δὲ

223 2767 303 2795 τοῦτο
325 2768 417 2802 λέγει,
441 2769 558 2804 ἐπάγει,
577 2771 603 2796 οἱ
627 2772 883 2804 περιλειπόμενοι,
910 2772 970 2799 ἐπεὶ
984 2774 1008 2799 εἰ

223 2813 302 2840 τοῦτο
316 2814 407 2849 λέγει,
425 2815 466 2841 ὅτι
484 2814 551 2850 ἐμοῦ
569 2815 670 2847 ζῶντος
682 2836 689 2848 ,
708 2816 765 2848 πῶς
781 2817 897 2852 ἀλλαχοῦ
917 2818 1006 2852 λέγει,

224 2859 265 2886 ὅτι
276 2860 373 2892 πάντες
389 2861 437 2896 μὲν
451 2861 677 2898 ἁναστησόμεθας
693 2861 721 2888 Εἰ
735 2862 788 2898 γὰρ
802 2862 855 2895 ζῶν
869 2863 1009 2900 καταλαμ-

1060 2276 1163 2299 nostrse
1181 2268 1378 2298 resurrectioni
1399 2267 1572 2295 ﬁrmandam.
1601 2268 1750 2296 Universos
1773 2269 1846 2295 enim

1060 2317 1185 2345 homines
1199 2323 1247 2351 per
1260 2322 1370 2343 carnem
1388 2322 1465 2342 suam
1477 2321 1492 2341 ο
1508 2318 1596 2342 morte
1610 2314 1759 2342 revocavit.
1775 2314 1848 2347 Qua-

1060 2367 1171 2399 propter
1186 2361 1375 2396 primogenitus
1390 2361 1472 2387 etiam
1488 2367 1521 2387 ex
1539 2361 1652 2387 mortuis
1663 2365 1787 2387 vocatur.
1799 2360 1846 2387 Di-

1060 2409 1147 2436 cendo
1164 2413 1270 2440 autem,
1289 2407 1318 2433 in
1340 2405 1416 2433 verba
1441 2405 1566 2439 Domini,
1591 2406 1628 2433 ita
1651 2405 1783 2441 loquitur,
1808 2406 1845 2433 uti

1060 2454 1094 2482 iis
1113 2454 1197 2481 fidaut
1211 2454 1255 2488 qui
1271 2453 1327 2480 haec
1341 2452 1545 2479 annuntiarent.

1099 2511 1109 2527 ι
1124 2500 1194 2534 Quia
1211 2507 1261 2527 nos
1275 2498 1321 2534 qui
1334 2498 1470 2532 vivimus,
1495 2497 1541 2532 qui
1569 2497 1672 2526 residui
1698 2505 1792 2525 sumus
1820 2500 1846 2526 in

1059 2546 1204 2574 adventrum
1221 2544 1337 2572 Domini.
1358 2553 1368 2570 ι

1096 2591 1153 2618 Non
1171 2591 1223 2618 hoc
1240 2589 1348 2620 innuit,
1365 2596 1395 2616 se
1411 2587 1585 2624 superstitem
1614 2589 1672 2617 fore
1699 2597 1787 2624 usque
1813 2590 1846 2616 ad

1060 2641 1167 2670 tempus
1185 2633 1416 2665 resurrectionis,
1437 2634 1499 2666 sed,
1517 2641 1579 2661 cum
1597 2634 1631 2662 de
1649 2634 1804 2662 viventibus
1819 2635 1845 2661 ei

1059 2689 1151 2709 sermo
1165 2684 1237 2708 esset
1247 2700 1254 2711 ,
1271 2680 1384 2714 ipseque
1397 2678 1462 2706 dum
1480 2679 1536 2707 haec
1552 2679 1641 2707 aiebat
1655 2680 1682 2708 in
1698 2680 1768 2708 vivis
1782 2688 1846 2714 age-

1059 2731 1116 2760 ret,
1133 2726 1272 2754 communi
1298 2725 1426 2761 loquendi
1451 2733 1528 2753 more
1552 2725 1642 2759 dixit,
1657 2734 1703 2754 non
1720 2727 1847 2761 quivuivi-

1059 2781 1128 2800 mus.
1146 2772 1223 2805 Quod
1241 2775 1331 2798 autem
1349 2771 1394 2798 hic
1411 2770 1479 2798 dicti
1495 2771 1573 2798 istius
1590 2771 1626 2798 sit
1640 2779 1758 2803 sensus,
1772 2771 1860 2799 indi-4

1059 2822 1104 2846 cat
1121 2817 1332 2853 subiungendo,
1350 2817 1395 2852 qui
1413 2816 1511 2844 residui
1529 2825 1629 2843 sumus.
1646 2816 1714 2844 Nam
1732 2816 1754 2844 si
1774 2817 1843 2844 idem

1059 2864 1241 2898 significasset
1252 2864 1323 2898 quod
1344 2871 1386 2892 rnc
1408 2863 1532 2896 vivente,
1556 2871 1673 2895 quonam
1695 2863 1776 2892 modo
1790 2864 1843 2891 alio
