2077 3114
228 135 278 166 91⁸1

684 133 727 164 ΙΝ
746 133 865 166 EPIST.
883 135 934 166 AD
952 135 1330 167 THESSALONICENSES
1344 137 1386 167 II.

1799 138 1855 171 918

229 188 468 226 ὑπερεκπερισσοῦ
478 190 508 216 ὲν
523 187 618 225 ἀγάπῃ
632 189 677 216 διὰ
686 190 717 217 τδ
732 189 813 226 ἔργον
827 191 927 219 αὐτῶν.
937 192 1017 228 Εἰρη-

1069 193 1254 221 abundantius
1269 194 1296 220 in
1312 193 1447 221 charitate
1459 196 1570 229 propter
1584 199 1654 228 opus
1666 193 1785 222 illorum.
1801 196 1854 222 Pa-

229 236 322 263 νεῠετε
336 235 365 262 ὲν
377 235 494 266 ἑαυτοῖς.
514 244 524 261 ι

264 281 306 308 Τά
319 280 385 316 περὶ
397 280 567 308 διδασκάλων
578 279 710 316 διδάσκει,
726 281 820 314 ποίους
833 279 955 310 εἶναιδεῖ
968 293 1016 311 πε-

229 325 412 362 ριπαραινῶν.

268 381 278 398 ι
305 370 522 406 Παρακαλοῦμεν
547 371 576 398 δὲ
602 371 693 407 ὑμᾶς,
716 371 836 407 ἀδελφοὶ,
863 373 1015 402 νουθετεῖτε

228 416 292 449 τοὺς
307 417 450 450 ἀτάκτους,
461 416 668 452 παραμυθεῖσθε
677 417 740 450 τοὺς
755 417 943 454 ὀλιγοψύχους,
951 420 1017 448 ἀντ-

228 461 323 497 έχεσθε
346 461 401 490 τῶν
417 461 555 495 ἀσθενῶν,
575 462 778 498 μακροθυμεῖτε
800 464 868 499 πρὸς
898 465 1013 497 πάντας.

234 507 332 542 Ὁρᾶτε
348 507 386 542 μή
410 515 452 538 τις
468 507 553 534 κακὸν
567 507 627 535 ἀντὶ
645 506 732 535 κακοῦ
749 516 801 535 τινι
819 508 923 544 ἀποδῷ,
947 509 1016 537 ἀλλά

228 550 345 578 πάντοτε
359 551 462 585 ἀγαθὸν
474 550 598 584 διώκετε,
615 552 663 579 καὶ
685 553 723 584 εἰς
738 552 888 588 ἀλλήλους,
905 554 953 581 καὶ
974 555 1015 586 εἰς

228 596 344 627 πάντας.
359 595 478 622 Πάντοτε
489 596 598 632 χαίρετε
610 605 616 612 ·
629 596 808 630 ἀδιαλείπτως
818 599 1013 634 προσεύχεσθε,

227 641 257 668 ὲν
271 642 350 668 παντὶ
373 642 570 677 εὐχαριστεῖτε.
588 642 672 673 Τοῦτο
694 643 748 679 γὰρ
766 643 872 680 θέλημα
897 645 964 672 Θεοῦ
985 646 1014 672 ἐν

226 686 338 722 Χριστῷ
358 687 445 722 Ἰησοῦ
459 687 499 719 είς
513 687 596 722 ὑμᾶς.

257 732 395 765 ,Ποικίλων
410 732 515 766 ἀρετῶν
530 733 623 764 αὐτοῖς
636 733 773 768 ὲξυφαίνει
789 733 877 768 λόγον.

264 787 274 804 ‹
291 778 328 804 Τὸ
346 778 457 814 Πνεῦμα
472 779 510 814 μὴ
522 779 661 812 σϐέννυτε,
680 781 848 816 προψητείαν
876 781 913 816 μὴ
939 781 1015 814 ἐξου-

227 823 343 850 θενεῖτεθ
365 824 456 851 πάντα
476 824 504 851 δὲ
525 824 697 865 δοκιμάζετε,
714 825 745 852 τὸ
766 826 848 853 καλὸν
872 827 1012 862 κατέχετε,

225 868 280 895 ἀπὸ
307 868 407 900 παντὸς
434 869 521 901 εἴδους
542 859 661 906 πονηροῦ
693 870 838 905 ἀπέχεσθε.
855 859 984 904 Αὐτὸς-*δὲ
997 872 1012 898 ὁ
1028 859 1049 888 Β

225 914 291 946 Θεὸς
304 914 354 949 τῆς
367 915 477 950 εἰρήνης
493 915 606 949 ἁγιάσαι
622 915 705 951 ὑμᾶς.
725 925 734 941 ι

262 960 336 987 ’Δντὶ
359 960 417 993 τοῦ,
439 961 485 995 Μὴ
510 960 624 996 ὲπέχετε
649 961 695 988 τὸν
724 962 946 998 προφητεύοντα·
965 963 1012 989 καὶ

225 1005 304 1033 τοῦτο
314 1006 391 1042 δηλοῖ
405 1007 435 1034 τὸ
449 1006 523 1043 ἑξῆς.

263 1061 274 1077 ι
296 1051 444 1084 Ὀλοτελεῖς
458 1060 465 1067 ⁸
483 1052 531 1080 καὶ
541 1052 688 1089 ὀλόκληρον
703 1053 791 1089 ὑμῶν.
810 1063 820 1079 ι

260 1097 297 1124 EI
305 1106 332 1124 τι
343 1097 432 1124 λείπει
444 1098 519 1134 ὑμῖν,
528 1098 752 1135 προσπληρὼσει.

264 1152 273 1170 t
289 1143 326 1170 Τὸ
339 1144 463 1179 Πνεῦμα,
483 1145 532 1172 καὶ
546 1146 562 1181 ἡ
578 1144 663 1180 ψυχὴ,
676 1145 723 1172 καὶ
746 1144 777 1172 τὸ
802 1145 894 1181 σῶμα,
922 1145 1014 1181 ἀμέμ-

227 1197 301 1220 πτως
311 1189 340 1216 ὲν
350 1190 382 1224 τῇ
397 1190 533 1225 παρουσίᾳ
550 1189 598 1217 τοῦ
614 1189 717 1226 Κυρίου
737 1189 816 1226 ἡμῶν
837 1190 924 1226 Ἰησοῦ
944 1192 1013 1227 Χριο

227 1234 291 1261 στοῦ
304 1234 449 1271 τηρηθείη.
466 1235 566 1267 Πιστὸς
577 1236 592 1262 ὀ
605 1235 683 1267 Θεὸς.
703 1245 713 1262 ι

262 1279 393 1314 Πνεῦμα,
408 1280 485 1315 φησὶ,
497 1280 526 1307 τὸ
546 1281 670 1316 χάρισμα
685 1281 700 1307 ὃ
719 1280 814 1308 ἐλαὸεν
835 1281 950 1314 ἕκαστος
969 1281 1015 1309 διὰ

227 1323 274 1351 τοῦ
290 1324 486 1360 βαπτίσματος.
499 1326 565 1353 Τότε
581 1326 636 1362 γὰρ
653 1327 708 1354 τῶν
724 1327 931 1363 βαπτιζομένων
945 1328 1014 1356 ἐκα-

228 1378 289 1402 στος
300 1370 437 1406 ἐλάμϐανε
456 1372 589 1408 χάρισμα,
612 1372 660 1400 καὶ
683 1373 770 1400 ἐποίει
795 1375 906 1410 σημεῖα.
930 1375 985 1402 Καὶ
1001 1375 1016 1402 ὁ

229 1416 278 1451 μὲν
296 1416 434 1451 γλώσσαις
456 1417 556 1450 ἐλάλει,
575 1419 590 1445 ὁ
601 1418 630 1445 δὲ
647 1420 832 1455 προεφήτευεν
843 1429 850 1436 ·
866 1421 944 1452 ἄλλος
957 1422 1016 1449 lito

227 1460 289 1493 τοὺς
305 1461 469 1496 κάμνοντας,
485 1462 563 1494 ἄλλος
577 1462 704 1498 δαιμόνια
715 1464 870 1499 ὲξέϐαλλεν,
879 1466 957 1498 ἄλλος
969 1467 1016 1494 ἀν-

228 1505 289 1532 ίστα
304 1506 367 1538 τοὺς
379 1507 503 1542 νεκροὺς,
519 1507 597 1540 ἀλλος
613 1508 677 1535 ἄλλο
690 1517 716 1536 τι
731 1509 828 1538 ἐποίει.
856 1510 940 1538 Τοῦτο
969 1511 1015 1539 οὖν

1067 245 1128 265 cem
1145 239 1243 267 habete
1260 246 1321 266 cum
1339 239 1391 266 eis.
1408 248 1418 265 ι

1103 283 1189 312 Docet
1202 291 1262 318 quae
1275 284 1435 313 doctoribus
1448 286 1601 320 praestanda
1616 287 1671 314 sint
1680 305 1688 319 ,
1702 285 1854 314 admonens

1067 327 1175 356 interim
1193 330 1289 364 quales
1306 329 1344 356 illi
1359 336 1422 357 esse
1436 330 1564 358 debeant.

1102 372 1187 402 Vsus.
1202 374 1297 401 ιιι-ιδ.
1312 383 1322 400 ‹
1339 373 1478 409 Rogamus
1491 379 1579 403 autem
1593 383 1653 408 vos,
1663 376 1775 408 fratres,
1789 382 1853 402 cor-

1067 419 1149 454 ripite
1168 420 1324 455 inquietos,
1340 420 1523 448 consolamini
1541 422 1750 456 pusillanimes,
1766 424 1855 450 susri-

1067 466 1127 501 pile
1143 465 1288 498 inﬁrmos,
1306 466 1442 501 patientes
1465 470 1551 494 estote
1574 467 1608 494 ad
1631 472 1738 495 onlnes.
1757 467 1856 495 Videte

1066 519 1102 540 ae
1113 512 1175 547 quis
1187 511 1290 540 malum
1303 519 1354 547 pro
1369 512 1443 540 malo
1457 512 1541 540 alicui
1555 512 1671 546 reddat;
1685 513 1733 540 sed
1748 519 1856 547 semper

1066 558 1140 593 quod
1156 558 1259 586 bonum
1277 561 1337 591 est,
1349 558 1516 591 sectamini,
1531 562 1560 586 et
1581 559 1609 586 in
1631 559 1750 586 invicem
1761 579 1774 592 ,ν
1785 563 1813 586 et
1827 559 1855 585 iu

1066 610 1174 631 omnes.
1193 602 1308 638 Semper
1321 603 1455 638 gaudete;
1479 603 1539 631 sine
1564 603 1769 631 intermissione
1790 610 1855 630 ora-

1065 652 1112 682 te;
1130 649 1158 676 in
1175 648 1306 676 omnibus
1321 649 1424 684 gratias
1442 648 1521 684 221
1539 648 1633 684 agite:
1651 648 1710 676 haec
1725 653 1768 677 est
1783 649 1854 677 enim

1065 693 1193 722 voluntas
1210 693 1257 721 Dei
1275 694 1303 721 in
1321 693 1432 722 Christo
1448 693 1512 722 Jesu
1529 694 1556 721 in
1574 701 1634 722 vos.
1653 703 1663 720 ι

1101 739 1139 767 De
1156 739 1241 767 variis
1254 739 1402 768 virtutibus
1417 747 1570 768 sermonem
1584 739 1638 767 illis
1651 740 1785 768 contexit.

1100 784 1183 813 Vens.
1197 785 1290 813 19-25.
1312 795 1322 811 ‹
1338 785 1472 820 Spiritum
1488 785 1573 813 nolite
1588 786 1775 822 exstinguere.
1787 785 1856 814 Pro-

1066 830 1186 866 pbetiam
1210 831 1297 860 nolite
1308 839 1438 866 spernere
1455 840 1462 858 :
1479 831 1572 858 omnia
1597 836 1688 860 autem
1713 832 1828 866 probate
1845 841 1852 859 :

1063 876 1136 912 quod
1151 877 1253 905 bonum
1268 880 1321 909 est,
1338 881 1439 905 tenete.
1451 876 1493 905 Ab
1507 876 1582 904 omni
1598 878 1689 911 specie
1703 877 1773 904 mala
1786 877 1854 906 abs-

1062 921 1145 949 tinete
1174 929 1233 950 vos.
1255 920 1317 956 Ipse
1330 926 1418 950 autem
1431 921 1504 949 Deus
1522 922 1600 956 pacis
1614 921 1853 951 sanctificetvos.»

1097 966 1155 995 Hoc
1173 971 1227 1000 est,
1241 975 1275 995 ne
1299 967 1451 996 cobibeatis
1464 967 1540 995 illum
1554 968 1599 1003 qui
1613 968 1773 1003 prophetiae
1789 968 1854 997 fun-

1062 1012 1103 1040 dit
1117 1022 1124 1040 :
1145 1012 1218 1048 quod
1231 1013 1314 1041 etiam
1325 1013 1448 1041 declarat
1463 1014 1601 1042 orationis
1616 1014 1714 1043 series.

1100 1057 1167 1085 «Per
1184 1057 1294 1085 omnia:
1311 1062 1338 1086 et
1355 1057 1462 1093 integer
1474 1058 1511 1086 sit
1521 1062 1622 1086 vester.
1641 1069 1652 1085 ι

1099 1102 1128 1130 Si
1142 1104 1219 1131 deest
1235 1103 1314 1131 vobis
1327 1103 1440 1139 aliquid,
1457 1103 1509 1131 hoc
1520 1104 1579 1139 ipse
1597 1103 1749 1138 praestabit,

1102 1157 1112 1174 ι
1127 1148 1259 1183 Spiritus,
1284 1151 1311 1177 et
1325 1149 1429 1180 anima,
1445 1152 1473 1176 et
1488 1156 1588 1183 corpus
1613 1148 1674 1176 sine
1698 1148 1809 1184 querela
1825 1148 1854 1177 in

1063 1192 1183 1221 adventu
1213 1193 1322 1221 Domini
1362 1193 1452 1221 nostri
1483 1193 1548 1221 Jesu
1580 1192 1683 1221 Christi
1716 1197 1852 1222 servetur.

1065 1235 1171 1272 [Vens
1185 1236 1232 1263 Ἡ.
1249 1235 1259 1272 ]
1274 1236 1376 1264 Fidelis
1392 1235 1464 1264 Deus
1484 1255 1491 1263 .
1508 1245 1517 1262 ι

1101 1281 1231 1316 Spiritum
1250 1281 1329 1314 dicit,
1345 1281 1411 1308 illud
1440 1281 1542 1309 donum
1559 1281 1633 1316 quod
1660 1281 1853 1316 unusquisque

1064 1333 1115 1362 per
1128 1326 1294 1361 baptismum
1311 1329 1466 1360 acceperat.
1482 1325 1615 1360 Quisquis
1628 1324 1701 1352 enim
1730 1325 1853 1360 baptiza-

1064 1371 1158 1404 batur,
1173 1369 1322 1405 accipiebat
1335 1369 1437 1397 donum
1459 1377 1514 1405 quo
1525 1369 1646 1404 prodigia
1661 1370 1797 1404 patrabat.
1811 1370 1851 1397 Ac

1066 1415 1113 1443 ille
1127 1415 1239 1450 quidem
1256 1414 1359 1451 linguis
1372 1415 1547 1456 loquebatur,
1560 1414 1605 1442 hic
1615 1422 1680 1442 vero
1694 1414 1853 1450 prophetias

1067 1459 1263 1496 pronuntiabat
1277 1467 1284 1493 ;
1299 1459 1367 1487 alter
1379 1466 1466 1495 aegros
1481 1458 1606 1491 sanabat,
1619 1459 1757 1486 daemones
1784 1459 1854 1486 alter
1871 1470 1873 1472 ·

1067 1508 1193 1543 ejiciebat
1208 1505 1298 1541 ;alius
1316 1507 1452 1535 excitabat
1476 1510 1611 1539 mortuos,
1633 1506 1707 1534 aliud
1726 1505 1797 1533 alius
1812 1505 1853 1532 fa-

227 1551 258 1578 τὸ
273 1551 405 1588 χάρισμα,
420 1540 492 1580 ῦκαὶ
509 1553 628 1588 Πνεῦμὰ
643 1563 722 1590 φησι,
748 1555 839 1590 μένειν
863 1556 894 1582 ὲν
921 1556 1012 1589 αὐτοῖς

1066 1540 1165 1582 ciebat.
1179 1540 1236 1580 Hoc
1250 1560 1314 1589 ergo
1329 1552 1442 1585 donum,
1458 1552 1531 1588 quod
1549 1556 1576 1580 et
1600 1551 1732 1586 Spiritum
1760 1551 1852 1579 nomi-

226 1596 373 1633 ὁλόκληρον
384 1597 501 1633 εὔχεται,
515 1598 559 1626 ἵνα
584 1599 656 1627 κατὰ
679 1600 763 1636 μηδὲν
790 1601 943 1636 στερηθῶσι
963 1602 1012 1639 τῆς

228 1641 368 1677 ἐνεργείας
382 1642 428 1668 τοῦ
441 1642 518 1677 ἀγίου
533 1643 704 1679 Πνεύματος.

266 1696 276 1712 ι
293 1687 323 1713 '0
336 1687 425 1714 καλῶν
437 1688 520 1723 ὐμᾷς,
531 1688 561 1720 ὃς
572 1689 618 1716 καὶ
633 1689 887 1724 ποιήσει.¹Αδελφοὶ,
897 1691 1011 1726 προσεύ-

228 1733 308 1768 χεσθε
323 1733 393 1768 ὑπὲρ
408 1733 494 1768 ἡμῶν,
515 1734 688 1763 Ἀσπάσασθε
702 1735 766 1767 τοὺς
792 1735 924 1771 ἀδελφοὺς
944 1736 1014 1763 πάν-

228 1786 278 1809 τας
292 1778 322 1805 ὲν
338 1779 471 1814 φιλήματι
483 1780 563 1816 ἁγίῳ.
582 1790 591 1807 ι

270 1823 300 1850 '0
307 1824 426 1856 καλέσας
440 1825 523 1860 ὑμᾶς,
539 1826 633 1861 φησὶν,
646 1826 761 1862 Ἰησοῦς,
777 1827 887 1864 ποιήσει
901 1827 931 1855 τὺ
954 1827 1013 1854 ὁλο-

228 1869 315 1902 τελεῖς
331 1870 402 1905 ὑμᾶς
418 1871 546 1904 γενέσθαι
560 1872 608 1899 καὶ
619 1872 789 1908 ἀμέμπτους.

267 1925 277 1941 ι
299 1915 443 1950 Ἐνορκίζω
458 1916 530 1951 ὑμᾶς
543 1916 588 1943 τὸν
607 1916 720 1953 Κύριον.
741 1917 950 1954 ἀναγνωσθῆναι
964 1918 1013 1954 τὴν

229 1960 372 1996 ἐπιστολὴν
387 1963 454 1989 πᾶσι
465 1963 522 1993 τοῖς
540 1962 628 1997 ἁγίοις
646 1963 782 1997 ἀδελφοῖς.
809 1964 842 1991 Ἦ
864 1963 945 1999 χάρις
965 1963 1013 1990 τοῦ

227 2006 332 2042 κυρίου
344 2007 422 2043 ἡμῶν
437 2008 525 2043 Ἰησοῦ
536 2009 655 2044 Χριστοῦ
672 2009 731 2044 μεθ’
745 2009 832 2045 ὑμῶν.
849 2010 947 2045 Ἀμήν.
965 2019 976 2036 ι

270 2052 378 2088 Ἐπειδὴ
391 2048 516 2089 ἐλέγχους
528 2054 544 2089 ἡ
559 2054 704 2090 Ἐπιστολὴ
720 2055 853 2090 περιέχει,
870 2055 975 2091 μήποτε
989 2056 1014 2082 οἱ

229 2097 341 2125 ἀτακτοι
349 2098 476 2132 λαϐόντες
484 2099 532 2136 τὴν
540 2099 702 2137 Ἐπιστολὴν
715 2100 868 2136 κρύψωσιν,
879 2100 1014 2137 ἑνορκίζει

229 2143 326 2175 αὐτοὺς
343 2144 550 2180 ἀναγνωσθῆναι
561 2145 611 2181 τὴν
630 2145 801 2180 Ἐπιστολήν.

265 2187 342 2221 Πρὸς
360 2189 594 2222 Θεσσαλονικεῒς
607 2191 633 2216 α’
656 2188 770 2224 ἐγράφη
789 2189 849 2217 ἀπὸ
869 2187 1013 2224 Ἀθηνῶν.
1029 2216 1052 2245 D

229 2233 344 2268 Στίχων
356 2235 428 2270 ριιγσ.

1062 1604 1120 1632 nat,
1137 1599 1164 1626 in
1180 1599 1247 1634 ipsis
1272 1606 1383 1626 manere
1397 1599 1531 1634 integrum
1545 1602 1684 1634 precatur,
1700 1605 1734 1625 ne
1757 1597 1811 1625 ulla
1823 1597 1850 1625 iu

1062 1652 1093 1673 re
1104 1644 1245 1680 priventur
1268 1643 1387 1672 etlicacia
1420 1643 1543 1679 Spiritus
1573 1643 1672 1670 sancti.

1099 1690 1167 1724 «Qui
1178 1689 1286 1717 vocavit
1299 1697 1365 1723 vos;
1376 1689 1422 1725 qui
1433 1689 1515 1717 etiam
1527 1688 1616 1716 faciet.
1627 1687 1723 1724 Heus.
1736 1688 1783 1720 25,
1791 1687 1851 1725 26.]

1062 1734 1184 1767 Fratres,
1199 1740 1277 1763 orate
1295 1743 1346 1771 pro
1358 1735 1439 1763 nobis
1451 1756 1458 1762 .
1483 1734 1607 1762 Salutate
1634 1734 1734 1762 fratres
1757 1741 1853 1762 omnes

1063 1781 1091 1808 in
1103 1781 1198 1809 osculo
1212 1784 1310 1809 sancto
1320 1801 1327 1808 .
1349 1789 1359 1807 ι

1097 1826 1178 1855 Iesus
1192 1827 1238 1862 qui
1252 1826 1359 1854 vocavit
1377 1833 1437 1859 vos,
1460 1825 1558 1862 inquit,
1577 1825 1659 1853 faciet
1690 1829 1720 1854 ut
1742 1826 1853 1861 perfecti

1063 1876 1145 1908 atque
1156 1872 1255 1908 integri
1267 1872 1328 1900 sitis
1341 1875 1368 1900 et
1394 1871 1663 1907 irreprehensibiles.

1097 1917 1182 1946 Vens.
1197 1918 1242 1950 27,
1254 1917 1300 1945 28.
1320 1927 1330 1943 ι
1352 1917 1457 1952 Adjuro
1473 1925 1521 1945 vos
1535 1925 1584 1953 per
1602 1917 1760 1950 Dominum,
1773 1919 1804 1943 ut
1817 1915 1853 1943 ic-

1062 1966 1143 1998 gatur
1155 1962 1271 1998 epistola
1285 1962 1344 1990 haec
1353 1961 1482 1989 omnibus
1494 1961 1598 1989 sanctis
1612 1961 1754 1989 fratribus.
1783 1960 1836 1988 Gra
1845 1974 1852 1981 ο

1063 2009 1101 2036 tia
1118 2007 1224 2035 Domini
1240 2007 1326 2035 nostri
1344 2005 1408 2034 Jesu
1425 2006 1527 2034 Christi
1549 2006 1701 2035 vobiscum.
1718 2007 1814 2032 Amen.
1835 2015 1844 2030 ι

1099 2054 1235 2088 Quoniam
1255 2053 1379 2089 Epistola
1396 2052 1455 2081 hac
1471 2053 1700 2088 reprehensiones
1719 2051 1852 2082 continet,

1064 2109 1100 2130 ne
1113 2101 1183 2128 forte
1193 2101 1239 2135 qui
1251 2100 1343 2136 pravis
1356 2100 1478 2128 moribus
1488 2103 1578 2131 erant,
1597 2099 1669 2126 hanc
1685 2099 1853 2134 accipientes

1065 2144 1278 2178 absconderant,
1293 2143 1402 2179 adjurat
1417 2143 1478 2172 illos
1490 2148 1519 2170 ut
1534 2143 1621 2179 ipsam
1637 2143 1738 2179 legant.

1101 2187 1223 2223 Epistula
1240 2187 1274 2216 ad
1301 2187 1550 2215 Thessalonicenset
1577 2187 1666 2220 prima
1689 2186 1789 2220 scripta
1814 2190 1852 2214 est

1291 2232 1409 2261 Athenis.
1422 2231 1547 2261 Versibus
1563 2233 1624 2261 {93.

237 2332 1844 2352 “mm

432 2414 519 2457 ΕΙΣ
562 2414 884 2458 ΕΠΙΣΤΟΛΗΝ

933 2415 972 2457 B’
998 2413 1146 2458 ΠΡΟΣ
1179 2412 1635 2459 ΘΕΣΣΑΛΟΝΙΚΕΙΣ.

391 2590 453 2636 ΙΝ
494 2588 832 2636 EPISTOLAM
875 2589 920 2634 Il
963 2583 1039 2633 AD
1079 2584 1691 2634 THESSALONICENSES.

440 2741 635 2770 ΚΕΦΔΛΔΙΟΝ
653 2742 799 2770 ΠΡΩΤΟΝ.
928 2784 931 2785 ν

268 2796 278 2813 ι
297 2785 411 2820 Παῦλος,
427 2788 474 2815 καὶ
495 2788 648 2820 Σιλουανδς,
669 2789 716 2815 καὶ
736 2789 867 2824 Τιμόθεος
897 2790 932 2824 τῇ
953 2789 1015 2816 Ἑκ-

233 2831 331 2868 κλησίᾳ
344 2833 572 2866 Θεσσαλονικέων,
589 2835 618 2860 ὲν
632 2833 690 2868 θεῷ
707 2835 794 2869 Πατρὶ
804 2835 881 2870 ἡμῶν
895 2836 942 2862 καὶ
964 2836 1015 2861 Ku-

1323 2740 1436 2769 (JAPU'I‘
1450 2739 1596 2769 PRIMUM.

1106 2786 1187 2814 Vens.
1199 2787 1254 2814 1-5.
1265 2786 1425 2818 «Paulus,et
1439 2785 1577 2818 Silvanus,
1589 2783 1792 2817 ctTimothcus,
1802 2784 1854 2813 Ec‘

1070 2833 1160 2861 clcsia:
1174 2832 1476 2864 Thcssaloniccnsium,
1492 2831 1519 2858 in
1540 2831 1592 2859 Deo
1607 2830 1685 2859 Patre
1701 2835 1812 2864 n05tro,
1824 2833 1852 2858 et
