2077 3114
230 127 281 159 919

230 239 340 266 semper
357 240 407 267 pro
425 232 513 265 vobis,
533 232 643 264 fratres,
656 233 692 260 ita
703 238 731 260 ut
745 235 859 268 dignum
879 240 931 266 est,
950 244 1018 270 quo-

231 277 304 303 niam
333 277 541 312 snperabundat
557 274 623 305 fides
642 283 744 311 vestra,
763 284 790 306 et
809 280 931 307 abundat
950 281 1016 307 cha-

229 322 297 349 ritns
324 322 541 357 uniuscujusque
556 327 676 350 vestrum
695 325 722 351 in
738 324 855 352 invicem
869 334 876 358 ;
893 326 930 352 ita
945 330 974 353 ut
987 330 1013 354 et

228 374 280 394 nos
296 367 343 401 ipsi
360 367 386 394 in
401 367 648 401 vobis'gloriemur
681 369 708 395 in
736 368 866 397 Eeelesiis
894 370 941 397 Dei
969 378 1018 406 pro

229 412 359 446 patientia
373 416 465 439 vestra
478 418 504 439 et
517 413 579 444 (ide.
593 414 620 440 in
632 414 760 441 omnibus
776 415 1018 448 persecutionibus

227 456 338 487 vestris,
350 461 376 483 et
389 457 624 489 tribulationibus,
638 466 706 492 quas
717 459 872 490 sustinetis,
885 459 913 486 in
925 467 1018 487 exem-

227 502 379 536 plumjusti
395 502 496 537 judicii
512 503 569 535 Dei,
585 508 615 530 ut
629 503 703 538 digni
729 503 883 532 habeamini
896 505 923 531 in
934 512 1017 539 regno

227 547 285 579 Dei,
303 555 352 581 pro
369 555 422 582 quo
441 552 468 576 et
486 546 623 583 patimini;
641 559 650 574 ι
713 549 716 552 ’

981 613 992 626 1

261 645 358 680 Operm
376 647 493 680 pretium
519 648 611 674 t‘nitut
627 648 742 674 alteram
772 657 883 684 quoque
909 649 1016 684 Episto-

227 691 279 716 lam
296 691 445 725 Apostolus
462 693 495 719 ad
513 693 780 722 Thessalonicenses
797 695 950 728 scriberet;
962 703 1013 722 non

226 739 256 761 ut
273 736 377 770 aliquid
387 738 514 765 suaderet
525 745 617 765 eorum
631 747 692 773 qua:
703 740 772 774 ipsis
781 740 964 767 conducibilia
974 740 1015 767 fo-

225 785 297 812 rent,
311 782 368 809 sive
380 783 413 810 ad
434 782 512 810 fidem
528 783 600 819 (nam
615 791 822 819 supercrescere
834 792 928 812 eorum
935 785 1015 819 222

226 826 305 854 iidem
321 827 420 863 dicit),
446 829 503 856 sive
515 829 552 856 ad
579 830 710 856 virtutum
735 830 866 856 studium.
903 829 1014 857 Dixerat

225 873 299 900 enim
317 874 344 900 in
362 873 483 908 Epistola
498 875 599 910 priore,
617 883 790 910 nequaquam
808 883 857 904 eos
874 883 944 910 opus
962 876 1012 903 ba-

225 919 291 946 ltere
306 917 467 953 disciplina,
488 927 548 946 eum
565 920 655 947 edocti
668 928 683 946 a
699 921 754 948 Deo
769 924 872 948 essent.
886 920 1010 953 Quanam

225 972 291 1000 ergo
308 965 341 992 de
363 973 448 993 causa
475 966 623 1000 Epistulam
635 967 705 994 hanc
725 967 859 1002 scripsit?
885 967 965 1002 plane
979 975 1012 995 ne

225 1012 414 1044 turbarentur,
442 1012 578 1040 audiendo
595 1013 707 1040 secundi
733 1014 869 1041 adventus
903 1013 1009 1040 Domini

223 1057 295 1084 diem
310 1058 424 1086 instare.
441 1058 506 1085 Nam
528 1058 590 1086 falsi
606 1059 716 1094 quidam
728 1059 856 1087 doctores
873 1059 923 1087 hoc
943 1067 1011 1094 prac-

223 1103 366 1131 dicabant.
386 1104 523 1138 Quocirca
541 1112 656 1133 necesse
673 1105 725 1132 fuit
737 1109 766 1132 ut
783 1110 910 1140 portenta
928 1104 1010 1133 enar-

224 1153 307 1182 rarct,
326 1158 386 1185 quae
403 1151 474 1178 diem
491 1152 564 1178 illam
579 1159 747 1186 prmcessura
760 1155 825 1179 sunt
839 1161 844 1179 :
866 1156 932 1186 puta
949 1159 1010 1186 quae.

225 1195 259 1222 ad
277 1196 457 1224 defectionem
479 1202 505 1224 et
525 1198 604 1224 ﬁnem
618 1198 724 1233 imperii
743 1198 858 1225 Romani
873 1202 1006 1233 spectant,

224 1244 252 1267 et
267 1248 327 1276 qum
343 1242 376 1268 ad
394 1241 602 1269 Antichristum.
619 1243 681 1270 Haec
696 1243 768 1270 enim
788 1244 814 1270 iu
833 1247 1008 1270 antecessum

221 1290 348 1320 oportere
361 1286 418 1314 ﬁeri
434 1287 484 1320 ait.
497 1291 609 1323 tumque
625 1288 694 1316 diem
712 1288 784 1316 illam
798 1288 937 1316 advenire.

257 1331 325 1359 Vide
339 1338 454 1368 quantos
473 1341 633 1368 progressus
656 1333 918 1362 Thessalonicenses
937 1333 1007 1361 iece-

221 1378 287 1410 rint,
303 1382 332 1404 ut
354 1383 381 1405 et
406 1380 555 1413 gratiarum
584 1380 707 1408 actiones
732 1387 781 1415 pro
811 1380 866 1407 illis
895 1379 1007 1406 referret

220 1424 370 1458 Apostolus
380 1434 386 1452 :
395 1432 449 1452 non
458 1426 545 1453 solum
553 1427 617 1461 quia
623 1426 809 1458 crediderant,
823 1433 913 1453 rerum
924 1425 1005 1452 etiam

221 1470 284 1503 quia
295 1475 500 1504 supercreverat
513 1472 577 1499 ﬁdes
585 1472 704 1506 ipsorum
716 1479 818 1507 ;neque
824 1479 934 1498 rursum
943 1470 1006 1506 quia

822 132 851 162 S.
875 133 1033 163 JOANNJS
1049 134 1263 166 DAMASCENI

232 185 347 213 Domino
360 184 423 214 Iesu
436 185 556 214 Christo.
577 186 689 215 Gratias
706 195 787 223 agere
803 189 933 217 debemus
963 190 1010 217 Det

1070 191 1120 226 ρίῳ
1139 191 1224 224 Ἰησοῦ
1241 191 1352 226 Χριστῷ
1370 201 1376 207 ·

1029 859 1049 886 Β

1808 137 1860 174 92:)

1396 192 1569 227 εὐχαριστεῖν
1580 192 1723 229 ὀφείλομεν
1742 194 1781 229 τῷ
1801 195 1860 230 Θεῷ

1072 237 1187 263 πάντοτε
1198 237 1261 272 περὶ
1279 237 1364 272 ὑμῶν,
1387 238 1506 272 ἀδελφοὶ,
1519 238 1611 270 καθὼς
1627 239 1701 272 ἄξιόν
1717 240 1800 272 ἐστιν,
1819 241 1859 266 ὅτι

1071 282 1257 317 ὑπεραυξάνει
1271 284 1287 319 ἡ
1302 283 1393 315 πίστις
1409 284 1496 320 ὑμῶν,
1509 285 1556 312 καὶ
1577 285 1719 317 πλεονάζει
1736 287 1752 320 ὴ
1765 287 1858 322 ἀγάπη

1070 327 1129 359 ἑνὸς
1146 329 1260 355 ἑκάστου
1273 329 1382 356 πάντων
1399 330 1476 364 ὑμῶν
1488 331 1530 362 εἰς
1545 331 1687 366 ἀλλήλους,
1704 331 1773 358 ὥστε
1787 333 1859 367 ἡμᾶς

1069 373 1167 406 αὐτοὺς
1186 375 1216 401 ἐν
1226 375 1290 410 ὑμῖν
1314 376 1469 410 καυχᾶσθαι
1502 378 1530 403 ὲν
1544 378 1604 409 ταῖς
1625 377 1785 413 ἐκκλησίαις
1811 379 1858 405 τοῦ

1068 419 1146 452 Θεοῦ,
1172 421 1242 455 ὑπὲρ
1271 421 1321 456 τῆς
1342 422 1480 457 ὑπομονῆς
1501 423 1578 457 ὑμῶν
1598 423 1646 450 καὶ
1667 424 1804 457 πίστεως,
1831 427 1859 451 ἐν

1070 466 1136 492 πᾶσι
1150 467 1206 496 τοῖς
1222 466 1350 501 διωγμοῖς
1366 467 1443 501 ὑμῶν
1470 467 1516 493 καὶ
1524 469 1584 498 ταῖς
1600 467 1721 502 θλίψεσιν
1735 466 1779 500 αἷς
1813 469 1858 495 ἀν-

1068 510 1172 544 έχεσθε,
1189 511 1317 546 ἔνδειγμα
1342 512 1458 547 κρίσεως
1474 513 1521 539 τοῦ
1536 513 1613 544 Θεοῦ,
1625 514 1665 546 εἰς
1681 515 1711 540 τὸ
1724 514 1858 547 καταξιω-

1069 555 1148 589 θῆναι
1165 556 1237 591 sua;
1252 557 1302 591 τῆς
1327 556 1465 591 βασιλείας
1482 558 1527 585 τοῦ
1547 558 1626 592 Θεοῦ,
1653 559 1722 595 ὑπὲρ
1749 558 1783 595 ἧς
1809 561 1856 587 καὶ

1068 600 1196 634 πάσχετε,
1212 610 1220 625 ι

1101 646 1156 672 Καὶ
1172 646 1302 682 δευτέρας
1313 647 1352 682 τῷ
1370 647 1525 682 Ἀποστόλῳ
1551 649 1618 684 πρὸς
1642 649 1855 682 Θεσσαλονικέας

1067 690 1175 726 ἐδέησεν
1189 692 1359 727 Ἐπιστολῆς,
1374 693 1424 727 οὐχ
1438 693 1480 719 ἵνα
1494 702 1521 719 τι
1534 694 1685 730 παραινέσῃ
1695 694 1750 720 τῶν
1764 703 1855 721 συντε-

1067 736 1191 768 λούντων,
1203 737 1219 771 ἢ
1232 737 1300 772 πρὸς
1315 737 1405 764 πίστιν
1417 738 1633 773 (Ύπεραυξάνει
1651 739 1714 774 γὰρ,
1729 739 1820 773 φησιν,
1837 742 1854 776 ἡ

1067 781 1156 812 πίστις
1186 781 1284 817 ὑμῶν)·
1311 782 1327 817 ἢ
1354 781 1424 817 πρὸς
1450 784 1496 808 τὸν
1515 783 1642 818 ἐνάρετον
1659 783 1810 818 βίον·ὅπου
1822 793 1854 818 γε

1066 827 1113 853 καὶ
1127 827 1157 853 ὲν
1185 828 1217 862 τῇ
1239 828 1361 863 προτέρᾳ
1382 829 1537 864 Ἐπιστολῇ,
1554 829 1583 855 οὺ
1601 830 1695 864 χρείαν
1718 830 1789 865 ἔχειν
1804 831 1861 857 αὖ-.

1063 874 1126 904 τοὺς
1140 873 1248 908 διδαχῆς
1261 874 1325 908 ἔφη,
1344 874 1424 906 ὂντας
1438 874 1635 906 θεοδιδάκτους.
1652 876 1700 907 Τίς
1716 875 1763 902 οὖν
1781 878 1797 912 ἠ
1812 878 1853 904 αἰ-

1063 918 1107 945 τία
1121 918 1171 953 τῆς
1183 918 1361 954 Ἐπιστολῆςς
1379 920 1422 946 ἵνα
1439 920 1477 955 μὴ
1498 920 1664 957 θορυϐῶνται
1696 922 1850 955 ἀκούοντες,

1062 963 1099 995 ὡς
1115 964 1211 999 ἐνέστη
1227 965 1243 999 ἡ
1255 964 1346 999 ἡμέρα
1356 965 1405 1000 τῆς
1419 965 1549 1001 δευτέρας
1562 967 1608 993 τοῦ
1626 967 1729 1002 Κυρίου
1746 977 1851 1003 παρου-

1063 1010 1133 1042 σίας.
1158 1010 1244 1037 Τοῦτο
1272 1011 1325 1046 γάρ
1349 1021 1422 1043 τινες
1450 1012 1504 1040 τῶν
1526 1013 1775 1047 ψευδοδιδασκάλων
1787 1016 1851 1051 ἐκή-

1063 1065 1168 1092 ρυττον.
1181 1057 1227 1083 Διὸ
1241 1057 1286 1084 καὶ
1296 1058 1451 1092 ἀναγκαίως
1468 1059 1579 1092 γέγονεν
1594 1060 1667 1095 αὺτῷ
1695 1060 1729 1087 τὰ
1752 1062 1857 1096 σημεῖα-

1060 1102 1211 1137 διηγεῖσθαι
1224 1102 1258 1129 τὰ
1270 1103 1323 1138 πρὸ
1335 1103 1384 1138 τῆς
1399 1103 1504 1138 ἡμέρας
1523 1105 1630 1140 ἐκείνης
1640 1114 1647 1120 ·
1670 1103 1726 1132 οἷον
1741 1107 1774 1133 τὰ
1787 1106 1851 1142 περὶ

1060 1148 1109 1182 τῆς
1125 1148 1302 1181 ἀποστασίας,
1320 1150 1443 1185 καὶπερὶ
1460 1150 1507 1177 τοῦ
1525 1151 1618 1183 τέλους
1644 1153 1694 1187 τῆς
1711 1152 1850 1187 βασιλείας

1065 1194 1218 1230 Ῥωμαίων,
1249 1195 1295 1222 καὶ
1316 1195 1349 1222 τὰ
1376 1197 1441 1232 περὶ
1463 1197 1546 1224 αὑτοῦ
1571 1197 1617 1224 τοῦ
1652 1198 1848 1234 Ἀντιχρίστου.

1060 1239 1151 1267 Ταῦτα
1175 1241 1229 1275 γὰρ
1255 1242 1351 1277 πρῶτα
1365 1241 1406 1268 δεῖ
1421 1242 1549 1276 γενέσθαι
1563 1262 1574 1276 ,γ
1587 1243 1680 1278 φησιν,
1692 1241 1750 1269 εἶτα
1762 1244 1849 1275 οὕτως

1059 1286 1167 1322 ἐκείνην
1184 1287 1280 1313 ἐλθεῖν.

1093 1331 1164 1367 Ὅρα
1177 1333 1246 1368 πόση
1260 1333 1314 1359 τῶν
1327 1333 1546 1360 Θεσσαλονικέων
1561 1335 1577 1370 ἡ
1596 1334 1731 1371 προκοπὴ.
1749 1336 1787 1367 ὡς
1801 1335 1848 1362 καὶ

1057 1379 1221 1414 χαριστήρια
1237 1379 1306 1415 ὑπὲρ
1323 1380 1412 1406 αὐτῶν
1429 1380 1602 1415 ἀναπέμπειν
1615 1380 1844 1413 τὸνἈπόστολον,

1057 1423 1106 1458 οὐχ
1120 1423 1161 1450 ὅτι
1176 1423 1269 1455 ἁπλῶς
1280 1425 1466 1459 πιστεύουσιν,
1484 1425 1541 1452 ἀλλ’
1562 1427 1602 1453 ὅτι
1627 1427 1810 1461 ὑπεραυξάνει
1829 1428 1846 1463 ὴ

1058 1470 1151 1501 πίστις
1162 1470 1261 1502 αὐτῶν,
1279 1471 1326 1498 καὶ
1356 1472 1396 1498 ὅτι
1424 1473 1472 1507 οὐχ
1492 1471 1586 1504 ἁπλῶς
1612 1473 1763 1506 ἀγαπῶσιν,
1778 1472 1846 1499 ἀλλὰ

222 1515 383 1549 simpliciter
395 1517 534 1548 amabant,
549 1517 595 1544 sed
608 1522 634 1544 ct
647 1518 709 1552 quia
724 1518 774 1544 bac
789 1517 816 1544 in
829 1521 905 1551 parte
919 1516 1004 1543 abun-

1062 1515 1106 1541 καὶ
1117 1514 1310 1547 πλεονάζουσιν
1325 1517 1354 1543 ἐν
1370 1517 1409 1552 τῷ
1420 1518 1573 1553 πράγματι.
1590 1517 1674 1544 Τοῦτο
1693 1518 1733 1550 δὲ,
1753 1518 1845 1553 φησιν,

221 1559 335 1592 dabant.
360 1559 566 1598 Hmcgloriatio
592 1566 687 1589 nostra
709 1566 762 1592 est.
793 1561 891 1596 inquit,
917 1565 1008 1589 vestra

222 1606 364 1640 patientia,
383 1607 461 1641 ﬁdes,
481 1607 688 1639 insectationes,
713 1607 882 1635 vexationes.
910 1605 1009 1634 lsthtec

222 1651 313 1678 omnia
330 1652 464 1684 toleratis,
481 1653 599 1684 scientes
614 1660 663 1681 vos
681 1652 760 1680 linem
774 1652 871 1679 horum
887 1651 1021 1686 reporta-’

223 1701 308 1729 turos,
322 1698 425 1725 scilicet
441 1702 552 1733 regnum
570 1699 712 1728 caelorum.

257 1743 412 1772 Vcas.6-9.
437 1744 488 1772 «Si
514 1749 606 1772 tamen
629 1745 735 1779 justum
765 1748 807 1771 est
832 1743 903 1781 apud
924 1742 1008 1770 Deum

222 1789 374 1817 retribuere
386 1790 590 1817 tribulationem
608 1790 641 1817 iis
656 1790 701 1824 qui
716 1797 763 1816 vos
779 1788 918 1816 tribulant.
935 1797 945 1812 ι

258 1834 331 1862 Idem
345 1839 384 1863 est
403 1843 434 1863 ac
449 1835 472 1863 si
489 1835 600 1867 diceret,
613 1834 831 1871 quandoquidem
842 1834 946 1868 justum
956 1836 1007 1859 est.

223 1880 344 1908 Observa
370 1885 461 1909 autem
487 1881 634 1916 quomodo,
652 1888 700 1910 eos
730 1880 889 1910 consolatus
913 1882 966 1909 est,
981 1882 1008 1904 et

223 1927 404 1954 levamentum
421 1926 545 1961 praebuit,
563 1925 715 1961 subjiciens
732 1925 786 1952 illis
807 1925 938 1952 ultionem
954 1932 960 1950 :
979 1923 1006 1950 id

224 1973 296 2008 quod
315 1973 444 2001 nimirum
468 1973 515 2008 qui
529 1972 630 2007 injuria
656 1975 802 2004 vexantur,
829 1975 856 1998 et
874 1970 1008 1998 lubentis-

222 2019 291 2045 sime
304 2017 428 2050 audiunt,
447 2021 473 2045 et
485 2017 578 2045 videre
591 2017 721 2052 gestiunt.

260 2073 269 2089 ι
288 2062 417 2098 Requiem
435 2063 577 2090 nobiscum
594 2063 622 2090 in
641 2063 807 2090 revelatione
821 2061 929 2090 Domini
942 2060 1007 2090 Iesu

222 2108 256 2136 de
270 2109 340 2136 callo
356 2117 417 2136 eum
439 2109 543 2143 angelis
566 2108 678 2136 virtutis
697 2108 755 2142 ejus
773 2107 799 2134 in
818 2107 1007 2142 ﬂammaignis

223 2155 314 2186 dantis
332 2155 478 2182 vindictam
499 2155 534 2182 iis
548 2154 594 2189 qui
607 2162 660 2182 non
674 2157 806 2181 noverunt
818 2153 914 2186 Deum,
926 2154 1006 2189 etqui

1060 1560 1190 1595 καύχημα
1203 1561 1347 1597 ἡμέτερον,
1363 1563 1380 1598 ἡ
1400 1563 1521 1598 ὑπομονὴ
1543 1563 1631 1598 ὑμῶν,
1652 1563 1668 1597 ἠ
1689 1562 1789 1595 πίστις,
1821 1564 1846 1588 οἱ

1058 1606 1184 1641 διωγμοὶ,
1201 1607 1228 1633 αἱ
1246 1607 1360 1642 θλίψεις.
1380 1608 1488 1634 Τούτων
1506 1608 1534 1634 δὲ
1567 1608 1676 1634 πάντων
1706 1603 1843 1642 ἀνέχεσθε,

1059 1652 1152 1687 φησιν,
1166 1652 1268 1684 εἰδότες
1279 1653 1316 1684 ὡς
1327 1653 1357 1679 τὸ
1370 1653 1446 1685 τέλος
1470 1653 1560 1680 αὐτῶν
1589 1652 1738 1688 κομιεῖσθε,
1772 1652 1846 1687 βασι-

1058 1697 1132 1724 λείαν
1144 1698 1277 1734 οὐρανῶν.

1096 1753 1105 1769 ε
1121 1745 1206 1780 Εἴπερ
1223 1745 1325 1772 δίκαιον
1339 1745 1413 1780 παρὰ
1434 1743 1493 1778 Θεῷ
1503 1744 1698 1771 ἀνταποδοῦναι
1721 1746 1775 1777 τοῖς
1789 1744 1844 1771 θλί-

1058 1789 1150 1816 ϐουσιν
1164 1790 1236 1824 ὑμᾶς
1251 1790 1350 1824 θλίψιν,
1365 1790 1410 1816 καὶ
1426 1790 1490 1824 ὑμῖν
1510 1790 1566 1820 τοῖς
1582 1789 1761 1824 ολιὸομένοις.
1779 1799 1787 1815 ι

1094 1834 1167 1867 ῗΑντὶ
1181 1834 1238 1866 τοῦ,
1255 1834 1371 1869 ἐπείπερ
1386 1834 1500 1860 δίκαιον.
1519 1834 1575 1862 Καὶ
1585 1834 1635 1868 ὅρα
1649 1834 1706 1865 πῶς
1717 1842 1844 1869 παρεμυ-

1058 1881 1169 1916 θήσατο,
1183 1881 1230 1908 καὶ
1247 1881 1421 1914 ἐπεκούφισε,
1439 1880 1488 1914 τὴν
1506 1880 1646 1915 ἐκδίκησιν
1661 1880 1753 1911 αὐτοῖς
1776 1881 1843 1906 ὑπο-

1058 1927 1171 1962 θέμενος
1185 1935 1191 1942 ·
1206 1928 1273 1963 ὅπερ
1300 1927 1416 1962 μάλιστα
1442 1927 1466 1952 οἱ
1485 1926 1582 1957 ἀδίκως
1606 1926 1764 1961 πάσχοντες,
1796 1927 1844 1953 καὶ

1058 1973 1200 2004 ἀκούουσιν
1216 1973 1311 2008 ἡδέως,
1329 1973 1375 1999 καὶ
1390 1971 1453 1998 ἰδεῖν
1467 1970 1604 2006 εὔχονται,

1097 2071 1106 2087 ι
1127 2062 1235 2088 Ἀνεσιν
1249 2059 1308 2095 μεθ’
1322 2059 1399 2095 ἡμῶν
1418 2059 1446 2086 ἐν
1473 2061 1505 2095 τῇ
1529 2040 1698 2093 ἀποκαλδψει
1721 2058 1767 2085 τοῦ
1787 2059 1844 2086 Κυ-

1059 2107 1116 2142 ρίου
1132 2105 1219 2140 Ἰησοῦ
1232 2105 1279 2132 ἀπ’
1293 2105 1408 2140 οὐρανοῦ
1425 2105 1483 2140 μετ’
1499 2104 1624 2138 ἀγγέλων
1636 2103 1777 2139 δυνάμεως
1792 2105 1842 2130 αὺ-

1057 2151 1116 2186 τοῦ,
1132 2152 1161 2178 ὲν
1172 2152 1238 2187 πυρὶ
1250 2151 1348 2186 φλογὸς
1364 2150 1480 2182 διδόντος
1495 2149 1636 2185 ἐκδίκησιν
1660 2151 1716 2181 τοῖς
1744 2150 1780 2184 μὴ
1803 2150 1843 2176 εί-

221 2207 277 2227 non
300 2199 430 2226 obediunt
454 2198 601 2234 Evangelio
618 2197 726 2225 Domini
747 2197 835 2225 nostri
857 2196 939 2230 Jcsu;
956 2198 1002 2233 qui

1062 2199 1110 2226 ῑόσι
1124 2197 1199 2228 Θεὸν,
1219 2197 1266 2224 καὶ
1279 2198 1333 2228 τοῖς
1345 2197 1380 2231 μὴ
1397 2195 1608 2230 ὑπακούουσιτῷ
1623 2195 1780 2230 Εὑαγγελίῳ
1795 2195 1841 2221 τοῦ

222 2251 319 2280 pmnas
327 2243 440 2275 dabunt,
448 2243 588 2270 interitum
601 2247 733 2270 aeternum
747 2250 762 2269 a
774 2242 843 2270 facie
853 2242 971 2276 Domini,
982 2248 1009 2271 et

222 2290 333 2327 agloria
350 2289 461 2316 virtutis
474 2288 549 2322 ejus;
566 2288 659 2324 [Vens
682 2288 727 2325 10]
746 2296 808 2316 cum
824 2289 929 2316 venerit
948 2289 1007 2324 glo-

221 2336 325 2364 rilicari
340 2335 367 2363 in
388 2335 492 2363 sanctis
508 2335 576 2368 suis,
592 2340 618 2363 et
639 2335 810 2363 admirabilis
826 2335 884 2363 ﬁeri
901 2335 928 2362 in
945 2343 1006 2362 om-

221 2383 303 2411 nibus
317 2382 363 2417 qui
374 2381 560 2412 crediderunt.
577 2391 585 2407 ι

256 2471 296 2499 Ab
312 2471 399 2499 altero
414 2477 526 2505 quoque
540 2470 631 2505 capite
640 2476 689 2497 eos
710 2469 879 2501 consolatur,
893 2472 923 2496 ut
941 2476 1008 2496 con-

221 2521 311 2545 sortes
328 2517 402 2552 ipsos
427 2517 612 2551 apostolorum
629 2515 722 2543 faciat.
742 2514 891 2549 Accipietis
920 2514 1006 2547 enim,

222 2563 321 2598 inquit,
351 2562 474 2597 requiem
507 2562 661 2589 nobiscum.
691 2560 889 2595 Probandoque
914 2567 1006 2587 veram

221 2608 473 2636 remunerationem
495 2607 565 2639 fore,
586 2605 653 2633 illud
675 2606 744 2641 ipsis
765 2605 896 2643 iudiciale
917 2605 1006 2633 tribut-

222 2654 266 2683 nal
282 2654 387 2687 statuit,
401 2655 427 2681 in
439 2661 493 2689 quo
505 2653 660 2688 justissima
675 2652 755 2687 plane
777 2652 922 2680 retributio
947 2653 1002 2685 lict,

223 2699 280 2727 sive
291 2699 434 2731 malorum,
452 2699 509 2726 sive
526 2700 670 2726 bonorum.

261 2743 410 2776 tQuoniam
423 2745 556 2772 creditum
569 2749 610 2772 est
620 2744 808 2772 testimonium
822 2748 947 2772 nostrum
961 2753 1007 2772 su-

223 2796 271 2826 per
291 2789 378 2815 vosin
397 2789 440 2816 die
454 2789 510 2816 illa.
532 2799 539 2815 I

262 2832 378 2865 Veritas,
395 2835 493 2872 inquit,
512 2835 573 2867 ista,
586 2836 629 2863 cui
648 2843 720 2863 nunc
737 2837 925 2864 testimonium
947 2844 1006 2872 pcr-

1058 2244 1161 2278 Κυρίου
1175 2242 1254 2278 ἡμῶν
1274 2241 1360 2277 Ἰησοῦ
1378 2250 1384 2256 ι
1401 2241 1498 2272 οἵτινες
1516 2241 1635 2279 τίσουσιν
1652 2240 1761 2276 ὓλεθρον
1776 2240 1842 2266 αἰὼ-

1058 2298 1112 2316 νιον
1128 2289 1181 2316 ἀπὸ
1199 2288 1346 2323 προσώπου
1365 2287 1411 2313 τοῦ
1426 2286 1539 2321 Κυρίου,
1552 2287 1599 2313 καὶ
1622 2287 1675 2313 ἀπὸ
1693 2287 1741 2321 τῆς
1765 2286 1843 2320 δόξης

1057 2336 1105 2371 τῆς
1133 2334 1223 2369 ἰσχύος
1247 2333 1340 2365 αὑτοῦ,
1365 2333 1428 2359 ὅταν
1455 2331 1520 2367 ἔλθῃ
1543 2331 1733 2366 ἐνδοξασθῆναι
1749 2331 1777 2357 ὲν
1788 2332 1842 2362 τοῖς

1056 2381 1145 2414 ἁγίοις
1158 2378 1251 2410 αὐτοῦ,
1266 2378 1313 2405 καὶ
1327 2376 1518 2412 θαυμασθῆναι
1534 2376 1562 2402 ὲν
1580 2377 1647 2402 πᾶσι
1657 2376 1714 2407 τοῖς
1734 2375 1857 2402 πιστεύι

1056 2433 1144 2453 σασιν.
1163 2434 1172 2450 ι

1092 2471 1147 2497 Καὶ
1159 2469 1189 2502 ἐξ
1206 2469 1301 2504 ἑτέρου
1331 2467 1431 2503 μέρους
1458 2467 1671 2502 παρεμυθήσατο
1688 2465 1719 2492 τὸ
1746 2474 1840 2492 κοινω-

1056 2517 1118 2548 νοὺς
1135 2515 1232 2546 αὐτοὺς
1250 2514 1346 2548 στῆσαι
1365 2514 1418 2540 τῶν
1433 2513 1600 2539 ἀποστόλων.
1633 2512 1758 2548 Λήψεσθε
1779 2512 1842 2546 γὰρ.

1055 2561 1151 2597 φησιν,
1164 2561 1254 2587 ἄνεσιν
1271 2560 1330 2594 μεθ’
1345 2559 1424 2594 ήμῶν
1438 2567 1445 2573 ·
1458 2559 1506 2586 καὶ
1519 2559 1606 2594 ἀληθῆ
1621 2559 1670 2594 τὴν
1697 2557 1847 2584 ἀνταπόδο-

1058 2616 1099 2635 σιν
1112 2606 1334 2637 κατασκευάζων,
1350 2606 1440 2631 ὲκεῖνο
1449 2605 1547 2635 αὐτοὺς
1560 2604 1591 2631 τὺ
1607 2602 1748 2639 κριτήριον
1769 2603 1828 2636 ἵστη

1058 2662 1110 2685 σιν,
1127 2653 1156 2679 ὲν
1173 2649 1194 2686 ᾧ
1210 2652 1318 2683 πάντως
1333 2651 1425 2678 δικαία
1437 2651 1453 2686 ἡ
1465 2650 1653 2682 ἀνταπόδοσις,
1672 2651 1726 2676 εἴτε
1739 2648 1840 2680 κακῶν,

1056 2699 1112 2726 εἴτε
1127 2699 1180 2725 τῶν
1192 2698 1331 2725 ἐναντίων.

1094 2755 1103 2770 ι
1121 2743 1334 2778 Ὄτιὲπιστεύθη
1349 2742 1379 2769 τὸ
1393 2743 1542 2779 μαρτύριον
1556 2742 1634 2777 ἡμῶν
1656 2742 1699 2776 ἐφ’
1725 2741 1796 2776 ὑμᾶς
1814 2741 1844 2766 ὲν

1056 2793 1088 2826 τῇ
1101 2791 1193 2827 ἡμέρᾳ
1206 2790 1307 2826 ἐκείνῃ.
1326 2798 1336 2815 ι

1099 2837 1129 2863 'H
1144 2835 1265 2870 ἀλήθεια,
1284 2835 1375 2870 φησὶν,
1401 2834 1480 2869 αὕτη,
1506 2835 1536 2871 ἦν
1567 2832 1757 2870 μαρτυροῦμεν
1783 2831 1842 2862 νῦν,
