2077 3114
215 138 270 172 θῖίε

692 142 733 172 IN
759 143 877 173 EPIST.
898 143 948 172 AD
967 142 1342 174 THESSALONICENSES
1356 143 1397 173 II.

1792 145 1844 175 θῇ

216 200 349 236 τῇτπίστει
366 199 444 235 ὑμῶν
457 200 505 227 καὶ
523 199 657 236 ὑπομονῇ,
684 201 713 227 ἐν
741 201 837 238 ἐκείνῃ·
860 203 892 237 τῇ
912 201 1004 237 ήμέρᾳ

1060 201 1193 234 bibemus,
1209 210 1259 237 per
1269 205 1388 230 vestram
1405 201 1484 230 ﬁdem
1500 207 1527 231 et
1542 204 1701 239 patientiam
1716 211 1843 238 compro-

217 245 439 281 πιστευθήσεται.

253 302 262 318 ι
278 293 325 324 Εἰς
338 292 352 318 ὃ
365 293 412 322 καὶ
427 293 634 328 προσευχόμεθα
645 293 761 320 πάντοτε
777 295 842 330 περὶ
856 294 944 330 ὑμῶν,
961 295 1005 322 ἵνα

217 337 290 373 ὑμᾶς
304 336 407 373 ἀξιώσῃ
422 338 470 372 τῆς
482 338 606 373 κλήσεως
623 339 637 365 ό
655 339 722 370 Θεὸς
741 339 827 374 ὑμῶν.
846 350 855 366 ι

257 383 365 419 Ἐπειδὴ
376 382 436 410 εἷπε
449 384 539 410 πίστιν
552 383 619 411 εῐναι
631 385 680 420 τὴν
696 385 760 420 περὶ
782 386 872 413 αὐτῶν
900 390 1005 422 μαρτυ-

220 430 292 466 ρίαν,
309 431 357 457 καὶ
371 429 458 457 ταῦτα
474 428 557 458 οὖσαν
581 431 646 468 περὶ
672 432 816 466 μεγάλων·
840 433 889 459 Ἐν
907 434 1005 461 πίστει

219 478 284 511 γὰρ,
300 477 391 511 φησὶν,
405 477 454 503 καὶ
468 477 617 512 ὑπομονῇ,
632 478 680 505 καὶ.
695 478 832 514 διωγμοῖς
844 487 850 493 ·
863 479 907 506 ἵνα
920 479 957 515 μὴ
973 480 1006 506 ἐκ

219 523 315 550 τούτου
333 522 514 555 ὑπτιωθέντες
530 524 701 551 ἀπολέσωσιν
712 524 729 551 ἃ
746 525 919 561 εἰργάσαντο,
944 525 1006 552 τού-

219 576 265 594 του
289 567 367 602 χάριν
397 569 489 603 φησὶν,
518 568 571 595 an
591 569 794 602 Ἀδιαλείπτως
818 570 883 605 περὶ
911 570 1005 596 τούτου

219 614 456 648 προσευχόμεθα,
473 615 637 649 ἐναγωνίους
657 616 755 647 αὐτοὺς
772 616 866 642 ποιῶν.
884 617 1006 651 Προσευ-

219 660 322 695 χόμεθα
337 660 401 695 γὰρ,
419 661 511 694 φησὶν,
535 661 578 687 ἴνα
599 660 690 693 ἀξίους
711 662 782 696 ὑμᾶς
812 662 861 698 τῆς
885 662 1008 698 κλήσεως

220 706 332 740 ποιήσῃ.
346 705 430 731 Τοῦτο
441 706 468 732 δέ
481 714 573 741 φησιν.
589 706 639 741 οὐχ
650 706 687 738 ὡς
696 706 818 742 ἀναιρῶν
830 707 861 732 τὸ
874 706 904 739 ἐξ
918 707 1005 742 ήμῶν,

220 751 276 778 ἀλλ’
288 752 331 778 ἵνα
345 752 382 788 μὴ
399 752 470 787 μέγα
483 752 624 787 φρονῶμεν
635 752 678 787 ἐφ’
694 753 810 784 ἑαυτοῖς,
827 752 896 779 ἀλλὰ
907 753 952 779 καὶ
967 753 1008 784 είς

220 797 290 824 αὐτὰ
319 798 404 824 ταῦτα
429 797 446 825 ἃ
467 798 640 833 ἐργαζόμεθα
666 798 697 824 ἐκ
718 797 891 833 συγγνώμης,
910 797 1008 833 συλλή-

221 851 308 878 πτορα
324 842 451 877 καλῶμεν
462 842 539 874 Θεὸν,
550 843 588 875 ὡς
600 844 624 869 εί
641 843 824 879 θαρσήσωμεν
839 844 880 878 ἐφ’
890 844 1006 876 ἑαυτοῖς,

221 888 294 920 ἅπας
307 888 383 924 ἡμῶν
399 888 479 920 εὐθὺς
492 889 610 924 ἀναλυθῇ
626 889 715 920 πόνοςε

259 943 272 960 ι
289 935 344 961 Καὶ
358 934 490 970 πληρώσῃ
510 935 598 961 πᾶσαν
616 934 740 962 εὐδοκίαν
757 935 938 971 ἀγαθοσύνης.
956 944 966 960 ι

255 1022 397 1048 Δείκνυσιν
420 1021 496 1048 οὔπω
523 1022 719 1055 τελειωθέντας
742 1023 852 1055 αὐτούς.
869 1024 935 1050 Τότε
952 1024 1007 1059 γὰρ

224 1069 304 1104 μόνον
319 1070 336 1103 ἡ
356 1068 506 1099 τελείωσις,
522 1068 587 1094 ὅταν
600 1070 615 1094 ὁ
626 1068 721 1104 καιρδς
733 1068 856 1104 παρέλθῃ
870 1068 918 1095 τοῦ
931 1068 1006 1103 ἀγῶ-

222 1122 267 1145 νος
277 1123 284 1129 ·
302 1115 330 1140 ἐν
351 1114 409 1148 δσῳ
420 1113 450 1140 δέ
463 1122 505 1146 τις
519 1113 694 1148 ἀγωνίζεται,
709 1114 846 1149 φοὸείσθω
862 1115 899 1150 μὴ
916 1115 987 1150 πέσῃ
999 1123 1006 1130 ·

222 1160 266 1187 διὰ
279 1160 358 1188 τοῦτο
373 1159 495 1195 γὰρκαὶ
511 1160 619 1196 είρηειαι
632 1169 638 1176 ·
665 1161 712 1196 Μὴ
723 1159 865 1196 μακάριζε
881 1161 939 1196 πρὸ
953 1160 1010 1188 τοῦ

222 1206 341 1240 τέλους.

261 1263 271 1279 ι
287 1253 342 1280 Καὶ
359 1253 438 1288 ἔργον
452 1253 570 1285 πίστεως
584 1253 614 1280 ἐν
629 1252 753 1288 δυνάμει.
772 1263 781 1278 1

260 1299 319 1326 Ἵνα
334 1300 568 1335 ἐνδυναμωθῶσιν,
586 1299 658 1335 ἔργῳ
672 1300 756 1332 δεῖξαι
772 1299 822 1337 τὴν
837 1299 937 1326 πίστιν.

261 1354 276 1370 ‹Δ
294 1346 388 1377 Ὀπως
412 1345 555 1381 ἐνδοξασθῇ
578 1346 608 1372 τὸ
633 1345 719 1380 δνομα
742 1345 789 1372 τοῦ
810 1346 913 1381 Κυρίου
931 1345 1010 1380 ἡμῶν

232 1391 320 1427 Ἰησοῦ
336 1392 364 1418 ἐν
379 1385 454 1426 fitﬁt),
472 1392 519 1419 καὶ
535 1392 614 1427 ὑμεῖς
633 1391 663 1418 ἐν
680 1391 764 1426 αὐτῷ,
782 1391 853 1418 κατὰ
862 1391 913 1427 τὴν
929 1392 1010 1429 χάριν

224 1437 272 1463 τοῦ
287 1437 355 1463 Θεοῦ
369 1437 449 1473 ἡμῶν
469 1439 516 1464 καὶ
527 1439 631 1474 Κυρίου
654 1438 742 1473 Ἰησοῦ
757 1438 889 1474 Χριστοῦ.
910 1447 919 1464 ι

260 1483 376 1518 Ὅμοιον
387 1483 426 1518 τῷ
440 1484 577 1519 εἰρημένῳ
592 1484 644 1511 ὑπὸ
658 1484 705 1511 τοῦ
718 1484 822 1520 Κυρίου
835 1492 843 1499 '
860 1484 1010 1519 Λαμψάτω

1056 246 1165 273 habitur
1176 247 1203 274 in
1221 247 1265 274 die
1281 247 1338 274 iila.

1090 291 1172 320 Vsus.
1190 293 1232 320 Η.
1254 303 1263 319 ι
1277 293 1302 320 In
1314 302 1369 328 quo
1384 295 1465 322 etiam
1479 303 1594 323 oramus
1604 303 1715 330 semper
1730 302 1779 330 pro
1798 301 1845 320 vo-

1054 337 1107 371 bis,
1122 341 1152 364 ut
1163 338 1290 373 dignetur
1303 347 1351 367 vos
1367 341 1510 369 vocatione
1527 349 1575 368 sua
1595 341 1666 369 Deus
1680 345 1781 368 vester.
1801 350 1811 366 ι

1090 383 1226 416 Quoniam
1234 384 1344 415 dixit",
1360 385 1439 412 tidem
1453 387 1579 421 proipsi's
1595 386 1843 420 testiﬁcari.idque

1055 427 1089 455 de
1101 429 1209 463 magnis
1225 429 1308 457 rebus
1327 429 1472 465 (aitenim:
1492 430 1520 457 in
1537 431 1600 465 ﬁde,
1618 432 1647 458 in
1664 431 1801 465 patientia,
1814 431 1842 456 in

1054 474 1298 508 persecutionilms),
1310 482 1344 502 ne
1359 475 1460 503 eximie
1478 476 1678 510 superbientes,
1694 484 1755 511 qua:
1773 477 1840 503 huc-

1056 527 1143 554 usque
1165 525 1305 554 gesserant
1324 521 1494 554 amitterent,
1507 529 1566 549 eam
1583 522 1618 549 ob
1640 522 1766 554 rcm,ait,
1787 522 1842 548 sine

1055 566 1250 593 intermissione
1275 574 1402 599 oramus;
1420 571 1449 594 ut
1466 567 1628 595 intentiores
1651 568 1725 602 ipsos
1749 567 1840 594 iaciat.

1056 611 1172 638 Oramus
1191 611 1276 644 enim,
1292 611 1395 646 inquit,
1413 616 1442 639 ut
1457 612 1557 647 dignos
1574 620 1622 639 vos
1636 612 1735 639 reddat
1761 618 1843 637 voca-

1057 658 1129 685 tione
1145 661 1245 685 vestra.
1266 657 1356 692 Atque
1369 658 1420 685 hoc
1443 658 1523 689 dicit,
1541 665 1593 684 non
1611 662 1639 684 ut
1653 657 1748 692 quoda
1763 656 1843 683 nobis

1057 707 1098 730 est
1118 702 1235 735 auferat,
1252 702 1301 730 sed
1313 710 1347 730 ne
1362 702 1396 730 de
1411 703 1492 729 nobis
1510 703 1660 729 insolenter
1676 701 1842 736 gloriemur;

1057 749 1181 783 quinimo
1202 748 1234 775 ad
1251 748 1308 775 haec
1326 748 1396 783 ipsa,
1412 756 1528 783 quorum
1542 747 1744 775 eﬂiciendorum
1757 747 1842 774 iacul-

1059 799 1101 821 tas
1131 795 1210 822 nobis
1241 794 1410 829 indulgetur,
1440 794 1524 821 Deum
1546 795 1703 820 invocemus
1733 793 1842 826 adjuto-

1057 848 1115 868 rem
1142 849 1148 867 :
1171 848 1204 868 eo
1233 841 1316 875 quod,
1350 841 1374 868 si
1405 840 1568 868 conﬁdimus
1583 840 1611 867 in
1632 839 1724 871 nobis,
1750 838 1841 866 omnis

1023 877 1044 904 Β
1059 886 1150 914 statim
1164 889 1262 913 noster
1284 885 1361 912 labor
1379 889 1546 920 pessumeat.

1092 931 1204 966 223,:
1227 931 1261 962 Et
1289 931 1400 966 impleat
1432 938 1540 958 omnem
1569 930 1737 958 voluntatem
1765 928 1844 956 boni-

1058 977 1132 1004 tatis.
1158 987 1168 1003 ι

1092 1022 1216 1052 Ostendit
1242 1030 1291 1051 eos
1315 1022 1436 1049 nondum
1452 1028 1514 1049 esse
1534 1024 1752 1049 consummatos.
1767 1019 1844 1046 Tunc

1058 1069 1130 1096 enim
1148 1069 1281 1096 duntaxat
1294 1069 1497 1096 consummatio
1515 1071 1569 1100 est,
1585 1066 1697 1102 quando
1713 1065 1843 1094 certami-

1058 1118 1102 1145 nis
1119 1122 1227 1152 tempus
1239 1117 1386 1152 praeteriit;
1403 1116 1524 1152 quandiu
1542 1119 1634 1143 autem
1656 1114 1778 1142 decertat
1794 1112 1845 1140 ali-

1033 1195 1037 1202 .
1058 1163 1130 1199 quis.
1152 1169 1278 1191 vereatur
1296 1171 1331 1191 ne
1353 1163 1444 1190 cadat.
1471 1161 1608 1194 Quocirca
1629 1160 1713 1188 etiam
1738 1159 1844 1187 dictum

1059 1216 1100 1238 est
1115 1219 1123 1237 :
1139 1209 1180 1237 Ne
1197 1210 1300 1237 beatum
1313 1210 1413 1236 dixeris
1429 1213 1489 1236 ante
1500 1208 1578 1242 ﬁnem
1593 1206 1627 1234 ⁷⁸.

1095 1265 1105 1280 ι
1122 1254 1156 1282 Ει
1168 1262 1238 1288 opus
1256 1254 1318 1282 ﬁdei
1338 1255 1365 1282 in
1381 1254 1495 1281 virtute.
1516 1262 1532 1278 »ι

1094 1301 1129 1329 Ut
1144 1301 1368 1333 corroborentur,
1384 1307 1444 1335 quo
1455 1300 1535 1327 ﬁdem
1550 1305 1634 1334 opere
1649 1297 1806 1333 prazierant.

1094 1347 1179 1376 Vens.
1196 1347 1239 1374 12.
1258 1356 1267 1373 ‹
1290 1346 1325 1373 Ut
1340 1346 1509 1373 clariiieetul'
1524 1351 1626 1371 nomen
1635 1343 1744 1370 Domini
1757 1344 1843 1370 nostri

1059 1393 1125 1421 Iesu
1140 1392 1242 1420 Christi
1256 1392 1284 1419 in
1297 1392 1389 1423 vobis,
1401 1396 1429 1418 et
1442 1398 1494 1419 vos
1510 1390 1538 1417 in
1550 1390 1609 1421 illo,
1625 1388 1775 1416 secundum
1786 1395 1848 1423 ενοι

1047 1438 1125 1465 νιὶειιῃ
1142 1437 1189 1465 Dei
1202 1436 1290 1464 nostri
1309 1442 1337 1463 et
1351 1436 1458 1463 Domini
1474 1435 1539 1463 Jesu
1554 1434 1669 1461 Christi.
1694 1443 1703 1459 ι

1097 1483 1192 1510 Simile
1213 1482 1266 1510 hoc
1278 1486 1320 1509 est
1344 1482 1383 1508 illi
1411 1480 1520 1508 Domini
1550 1478 1692 1507 sententia
1713 1487 1720 1505 :
1747 1477 1847 1504 Luceat

225 1529 259 1556 τὸ
276 1529 339 1564 φῶς
358 1529 442 1564 ὑμῶν
460 1531 631 1565 ἔμπροσθεν
651 1530 711 1557 τῶν
729 1530 903 1564 ἀνθρώπων,
932 1531 1010 1564 ὅπως

1062 1528 1110 1555 lua:
1122 1532 1209 1555 vestra
1224 1535 1313 1554 coram
1330 1525 1491 1556 hominibus,
1509 1529 1537 1551 ut
1549 1523 1652 1550 videant
1663 1530 1742 1557 opera
1762 1525 1849 1548 vestm

227 1574 313 1602 ἴδωσι
327 1575 363 1602 τὰ
375 1575 455 1602 καλὰ
465 1576 536 1610 ἔργα
549 1575 643 1610 ὑμῶν,
654 1576 704 1603 καί
717 1576 871 1608 δοξάσωσι
887 1576 940 1603 τὸν
949 1578 1010 1604 Πα-

226 1621 297 1655 τέρα
317 1620 399 1656 ὑμῶν
412 1621 465 1648 τὸν
477 1621 512 1648 ἐν
524 1621 587 1654 τοῖς
610 1621 760 1656 οὐρανοῖς.
779 1623 834 1649 Καὶ
863 1621 943 1648 τοῦτο
959 1621 1012 1648 δεί-

227 1675 321 1695 κνυσιν
338 1668 370 1693 ἐκ
386 1667 436 1701 τῆς
452 1667 562 1702 χάριτος
576 1667 686 1703 ἔχοντας
698 1668 745 1694 τοῦ
762 1668 829 1694 Θεοῦ
840 1668 870 1694 τὸ
882 1667 1012 1695 δύνασθαι

226 1713 369 1744 τοσούτους
394 1713 520 1747 γενέσθαι
541 1714 571 1740 ἐν
600 1713 690 1749 ἔργοις
706 1713 853 1749 λαμπροῖς.
876 1713 934 1740 Κάν
957 1713 1011 1748 γάρ

227 1766 270 1790 τις
313 1757 426 1790 τέλειος,
444 1759 537 1794 φησὶν,
552 1759 581 1785 ἐν
603 1760 670 1791 υἱοῖς
694 1758 858 1794 ἀνθρώπων,
885 1759 934 1793 τῆς
959 1759 1012 1786 ἀπὺ

229 1802 276 1830 σοῦ
292 1803 451 1836 λειπόμενος
469 1803 576 1838 σοφίας,
590 1805 630 1836 είς
644 1804 720 1831 οὐδὲν
735 1804 939 1840 λογισθήσεται.

527 1850 652 1883 ΚΕΦΑΛ.
675 1849 712 1876 ιν.

266 1905 276 1921 ι
299 1895 463 1931 Ἐρωτῶμεν
479 1895 507 1922 δὲ
525 1896 607 1931 ὑμᾶς,
621 1895 742 1930 ἀδελφοὶ,
760 1896 832 1931 ὑπὲρ
846 1895 896 1931 τῆς
909 1904 1012 1930 παρου-

230 1941 290 1972 σίας
304 1940 352 1968 τοῦ
373 1941 476 1975 Κυρίου
501 1940 579 1976 ήμῶν
598 1941 686 1976 ’ίησοῦ
707 1941 836 1976 Χριστοῦ,
862 1941 910 1967 καὶ
933 1940 1011 1976 ήμῶν

228 1986 440 2022 ἐπισυναγωγῆς
453 1986 497 2012 ἐπ’
511 1986 592 2013 αὑτὸν
606 1987 647 2017 εἰς
661 1986 691 2013 τὸ
706 1986 744 2022 μὴ
758 1987 864 2021 ταχέως
879 1986 1012 2022 σαλευθῆ-

228 2038 272 2056 ναι
285 2031 357 2065 ὐμᾶς
370 2031 423 2057 ἀπὸ
442 2031 488 2057 τοῦ
512 2031 582 2063 νοὸς,
615 2031 684 2068 μήτε
705 2031 851 2066 θροεῖσθαι,
879 2033 947 2068 μήτε
969 2032 1013 2059 διὰ

229 2075 395 2110 πνεύματος,
419 2076 487 2110 μήτε
506 2075 550 2102 διά
566 2076 655 2110 λόγου,
673 2077 741 2112 μήτε
764 2076 798 2104 δι’
810 2077 955 2113 ἐπιστολῆς
975 2078 1012 2111 ὼς

228 2119 262 2145 δι’
279 2119 367 2154 ήμῶν,
383 2119 420 2151 ὡς
434 2120 475 2146 ὅτι
490 2120 638 2155 ἐνέστηκεν
662 2121 679 2155 ἡ
703 2120 796 2156 ἡμέρα
818 2120 866 2147 τοῦ
882 2120 1011 2156 Χριστοῦ.

229 2165 275 2200 Μή
293 2173 335 2196 τις
353 2164 424 2199 ὑμᾶς
437 2165 595 2200 ἐξαπατήσῃ
614 2164 686 2191 κατὰ
713 2165 814 2201 μηδένα
840 2164 951 2200 τρόπον,
971 2164 1013 2190 ὅτι

1062 1575 1142 1606 bona,
1151 1578 1175 1601 et
1185 1573 1330 1608 gloriﬁcent
1340 1572 1448 1599 Patrem
1460 1574 1573 1597 vestrum
1584 1569 1629 1602 qui
1643 1569 1668 1594 in
1683 1567 1753 1594 mli:
1760 1571 1799 1593 est
1811 1566 1845 1593 ⁷⁵.

1061 1619 1138 1647 Unde
1157 1619 1295 1647 evincitur
1311 1618 1411 1645 habere
1421 1624 1471 1644 nos
1489 1623 1504 1642 a
1519 1614 1605 1650 gratia
1617 1613 1675 1644 Dei,
1692 1617 1720 1639 ut
1734 1613 1803 1639 tales
1815 1619 1848 1639 ac

1061 1666 1130 1693 tanti
1146 1665 1236 1700 quoad
1261 1663 1372 1699 egregia
1387 1669 1470 1697 opera
1487 1660 1649 1688 evadamus.
1665 1658 1846 1692 Quantumvis

1061 1712 1134 1739 enim
1149 1711 1262 1745 aliquis,
1277 1709 1377 1744 inquit,
1394 1708 1465 1735 inter
1485 1707 1558 1734 tilios
1574 1705 1716 1733 hominum
1734 1705 1770 1731 sit
1785 1710 1848 1738 per-

1062 1758 1162 1788 fectus,
1180 1757 1227 1784 ubi
1242 1755 1375 1791 sapientia
1393 1759 1439 1780 tua
1454 1752 1624 1783 destituitur,
1639 1750 1718 1777 nihili
1732 1756 1849 1784 prorsus

1062 1803 1224 1830 mstimatur.

1406 1843 1481 1872 CAP.
1500 1843 1539 1871 Il.

1098 1894 1181 1922 Vnus.
1206 1893 1265 1921 1-4.
1298 1901 1307 1918 ι
1323 1891 1462 1927 Rogamus
1478 1894 1569 1917 autem
1589 1895 1649 1919 vos,
1665 1886 1774 1917 fratres,
1800 1893 1848 1920 per

1063 1942 1209 1968 adventum
1229 1938 1335 1966 Domini
1363 1937 1450 1964 nostri
1477 1934 1543 1963 Jesu
1570 1933 1682 1964 Christi,
1706 1936 1734 1960 et
1749 1936 1849 1959 nostra:

1063 1984 1284 2021 congregationis
1298 1984 1324 2010 in
1341 1983 1441 2017 ipsum,
1458 1986 1489 2008 ut
1509 1988 1564 2008 non
1579 1979 1635 2007 cito
1652 1978 1817 2006 moveantini
1833 1984 1847 2004 a

1062 2035 1155 2059 vestro
1171 2037 1265 2061 sensu,
1283 2035 1371 2062 neque
1384 2025 1562 2058 terreamini,
1580 2031 1671 2058 neque
1692 2031 1741 2058 per
1763 2023 1847 2057 spiri-

1064 2082 1132 2108 tum,
1151 2082 1239 2110 neque
1254 2081 1304 2110 per
1318 2079 1473 2101 sermonem
1483 2092 1491 2105 ,
1514 2077 1603 2105 neque
1619 2077 1667 2105 per
1690 2068 1847 2103 epistolam,

1064 2128 1193 2156 tanquam
1215 2128 1264 2156 per
1279 2126 1331 2147 nos
1353 2118 1477 2150 missam,
1495 2117 1573 2151 quasi
1591 2116 1675 2144 instet
1694 2114 1754 2141 dies
1769 2113 1851 2141 Chri-

1065 2169 1112 2196 sti.
1130 2167 1168 2195 Ne
1183 2167 1246 2202 quis
1260 2173 1310 2194 vos
1326 2164 1441 2193 seducet
1454 2163 1510 2190 ullo
1526 2162 1606 2190 modo
1621 2170 1628 2188 :
1647 2160 1778 2196 quoniam
1796 2159 1850 2186 nisi

230 2210 278 2237 ἐὰν
294 2210 332 2245 μὴ
347 2209 410 2245 ἔλθῃ
426 2210 579 2237 ἀποστασία
594 2210 712 2246 πρῶτον,
737 2211 783 2237 καὶ
804 2210 984 2246 ἀποκαλυφθῇ
998 2210 1010 2236 ό

1065 2213 1172 2242 venerit
1186 2211 1321 2240 discessio
1332 2210 1464 2246 primum.
1475 2212 1504 2236 et
1518 2207 1656 2235 revelatus
1673 2205 1755 2233 fuerit
1768 2205 1851 2231 homo

230 2255 372 2291 ἄνθρωπος
385 2256 533 2291 ἁμαρτίας,
556 2256 571 2281 ό
589 2256 647 2288 υἱὸς
667 2256 717 2292 τῆς
731 2255 880 2288 ἀπωλείας,
905 2256 919 2281 ὸ
936 2255 1013 2282 ἀντι‹

231 2302 356 2337 κείμενος
372 2302 420 2328 καὶ
449 2302 666 2337 ὑπεραιρόμενος
681 2302 729 2328 ἐπὶ
754 2302 842 2328 πάντα
865 2301 1014 2336 λεγόμενον

231 2347 298 2374 Θεὸν
310 2348 326 2382 ἢ
345 2347 480 2383 σέϐασμα,
497 2347 568 2374 ὥστε
582 2347 663 2374 αὑτὸν
681 2348 721 2379 είς
734 2347 780 2373 τὸν
795 2347 859 2373 ναὸν
873 2347 921 2373 τοῦ
933 2346 1013 2378 Θεοῦ,

231 2392 269 2423 ὡς
292 2391 360 2418 Θεὸν
379 2392 509 2424 καθίσαι,
535 2390 732 2418 ἀποδεικνύντα
759 2390 855 2416 ἑαυτὸν
883 2389 924 2416 ὅτι
954 2388 1013 2416 ἐστι

232 2437 309 2468 Θεός.
331 2447 340 2463 ι

268 2481 371 2510 Ἦλθεν
389 2485 429 2515 είς
454 2483 485 2510 τδ
499 2483 691 2519 προκείμενον.
703 2482 791 2509 Τοῦτο
807 2482 835 2509 δέ
858 2483 917 2509 ἐστι
931 2482 962 2509 τὸ
977 2483 1014 2518 μὴ

233 2529 386 2564 ὑπάγεσθαι
407 2531 440 2565 τῇ
456 2529 510 2557 τῶν
523 2529 774 2564 ψευδοδιδασκόιλων
797 2529 900 2564 ἀπάτῃ,
923 2529 1016 2562 λεγόν-

234 2583 288 2601 των
302 2575 446 2610 ἠγγικεναι
462 2575 510 2610 τὴν
529 2574 681 2610 παρουσίαν
699 2574 745 2600 τοῦ
758 2573 862 2609 Κυρίου
879 2574 929 2609 τὴν
953 2574 1016 2600 δευ-

234 2621 327 2656 τέραν.
352 2621 396 2656 Μή
410 2629 453 2651 τις
477 2618 524 2647 οὖν
549 2620 621 2656 ὑμᾶς
639 2619 806 2655 θορυϐείτω,
836 2619 904 2655 μήτε
931 2619 1016 2653 δοκῶν

235 2666 372 2701 πνεύματι
387 2665 584 2700 ἀποκαλύψεως
604 2666 704 2700 λέγειν,
725 2666 794 2702 μήτε
815 2666 866 2701 ὲμέ
886 2666 966 2693 τοῦτο
979 2667 1017 2694 εί-

240 2713 351 2748 ρηκέναι
365 2711 611 2748 προφασιζόμενος.
630 2712 772 2740 ’Δδύνατον
784 2712 838 2747 γὰρ
854 2711 903 2747 τὴν
915 2720 1017 2748 παρου-

235 2756 296 2785 σίαν
310 2757 359 2792 τὴν
370 2757 498 2794 δευτέραν
516 2758 603 2785 ἐλθεῖν
619 2759 656 2794 μὴ
673 2758 953 2794 προαποδεδειγμένου
968 2758 1016 2786 τοῦ

284 2837 393 2882 "Supr.
412 2854 439 2874 v.‘
519 2846 544 2863 "
555 2846 641 2875 Eccli.
660 2855 696 2881 .\I,
711 2848 753 2875 50.
785 2847 807 2864 "‘
820 2847 916 2876 Matth.
930 2855 956 2881 v,
973 2847 1014 2876 16.

1064 2258 1181 2296 peccati,
1196 2258 1268 2285 tilius
1280 2255 1452 2292 perditionis,
1467 2254 1512 2290 qui
1524 2253 1686 2281 adversatur
1699 2255 1726 2278 et
1740 2250 1851 2277 extolli-

1064 2310 1109 2331 tur
1121 2311 1203 2339 super
1223 2310 1304 2330 omne
1318 2301 1392 2336 quod
1406 2300 1509 2328 dicitur
1527 2299 1610 2330 Deus,
1624 2301 1672 2325 aut
1687 2296 1760 2331 quod
1783 2295 1852 2322 coli-

1064 2356 1118 2384 tur,
1135 2351 1172 2377 ita
1185 2355 1214 2377 ut
1225 2350 1253 2376 in
1269 2348 1373 2383 templo
1389 2347 1436 2375 Dei
1451 2345 1556 2378 sedeat,
1570 2345 1716 2373 ostendens
1729 2343 1850 2377 scipsum

1064 2402 1194 2432 tanquam
1211 2396 1246 2423 sit
1260 2394 1342 2421 Deus.
1363 2403 1372 2419 ι
1823 2410 1827 2412 .

1101 2443 1141 2470 Ad
1162 2441 1330 2477 propositum
1346 2440 1398 2468 sibi
1413 2442 1606 2475 argumentum
1619 2437 1702 2464 venit.
1719 2434 1787 2461 Illud
1802 2441 1852 2460 au-

1067 2493 1120 2516 tem
1132 2492 1186 2521 est,
1199 2495 1233 2515 ne
1245 2487 1414 2515 seducantur
1429 2485 1560 2513 falsorum
1574 2483 1761 2518 apostolorum
1775 2481 1852 2506 frau-

1066 2535 1111 2567 de,
1137 2534 1185 2569 qui
1211 2532 1361 2561 secundum
1392 2531 1498 2559 Domini
1526 2530 1673 2557 adventum
1696 2527 1857 2563 proximum

1066 2587 1129 2607 esse
1147 2579 1340 2614 prmdicarcnt.
1363 2577 1448 2604 Nemo
1464 2576 1546 2612 igitur
1564 2583 1613 2603 vos
1632 2573 1789 2603 conturbet,
1806 2571 1850 2598 in-

1071 2625 1139 2659 quit,
1154 2624 1210 2651 sive
1224 2623 1351 2650 videatur
1377 2619 1608 2648 manifestationis
1635 2618 1734 2654 spiritu
1761 2616 1850 2651 loqui.

1071 2669 1130 2696 sive
1157 2668 1183 2695 id
1202 2675 1217 2695 a
1238 2675 1283 2695 me
1309 2666 1514 2702 pronuntiatum
1531 2668 1670 2700 praetexat.
1700 2661 1765 2688 Nam
1793 2660 1861 2687 lierix

1071 2721 1126 2741 non
1141 2717 1230 2748 potest
1248 2716 1278 2739 ut
1305 2711 1442 2740 secundus
1467 2710 1601 2738 adventus
1627 2706 1779 2741 contingat,
1797 2705 1856 2734 nisi

1071 2764 1133 2788 ante
1158 2758 1350 2788 maniiestetur
1370 2757 1442 2785 [ilius
1465 2755 1634 2792 perditionis.
1650 2751 1860 2781 AntichristunL
