2077 3114
247 119 301 150 923

839 119 866 150 S.
887 119 1048 150 JOANNIS
1060 121 1275 153 DAMASCENI

1814 129 1865 162 924

247 178 341 212 utique
358 177 436 210 dicit,
452 183 532 212 quem
548 180 575 204 et
591 176 752 204 instinctum
770 184 784 203 a
810 176 910 205 Satana
933 183 1014 206 ventu

1083 180 1141 206 υἱοῦ
1162 181 1211 216 τῆς
1231 181 1388 214 ἀπωλείας*
1418 183 1491 218 λέγει
1507 185 1536 212 δὲ
1561 185 1606 212 τὸν
1627 186 1821 223 Ἀντίχριστον,
1835 189 1866 217 ὃν

246 231 307 250 rum
323 224 371 256 ait,
387 231 449 250 cum
463 223 609 258 omnigena
625 222 812 258 prodigiorum
834 223 1029 252 simulatorum

244 269 364 296 fallacia.

282 314 366 341 Vens.
383 313 411 344 5,
427 312 453 340 6.
484 321 494 339 ι
514 312 573 340 Non
597 313 722 341 retinetis
744 314 818 349 quod
845 321 909 342 cum
939 315 1030 343 adhuc

245 366 335 386 essem
364 358 434 393 apud
459 366 518 391 vos,
543 359 602 386 haec
629 359 753 387 dicebam
782 359 879 388 vobis?
901 360 934 388 Et
954 368 1029 388 nunc

245 405 310 439 quid
330 403 452 431 detineat
466 405 556 437 scitis,
571 410 601 433 ut
615 406 751 433 reveletur
766 406 794 432 iu
811 412 862 432 suo
876 409 1026 440 tempore:

279 448 407 476 Pristinie
419 457 465 477 eos
477 450 610 478 doctrina:
626 449 849 482 commonefacit,
865 457 918 484 qua
934 450 969 478 de
985 450 1028 478 his

244 500 400 521 sermonem
437 494 582 522 habuerat.
612 495 678 522 Nam
707 499 821 531 propter
847 502 970 523 errorem
999 495 1028 523 in

243 546 324 574 quem
345 540 390 567 isti
405 540 554 573 ducerent,
568 548 631 568 cum
649 541 708 576 ipse
730 541 879 576 Apostolus
895 548 968 576 saepe
978 541 1030 569 do-

247 585 316 617 cuit,
330 589 387 613 tnm
401 586 483 614 etiam
503 587 634 615 Dominus
651 587 811 622 frequenter
830 587 858 614 in
874 587 1028 623 Evangeliis

243 631 426 660 denuntiavit.
451 631 482 659 Si
503 633 561 667 quis
585 633 658 660 vobis
681 633 804 660 dixerit:
821 632 889 660 Ecce
918 633 961 660 hic
988 638 1029 662 est

243 675 376 710 Christus,
389 685 447 704 ecce
462 678 537 710 illic;
552 679 633 706 nolite
648 680 721 706 exire
740 680 774 707 ⁷⁸.

278 732 363 761 Vens.
381 734 443 761 7.⁶ι
461 733 531 762 Nam
552 736 714 772 mysterium
739 737 795 773 jam
819 739 952 773 operatur
974 737 1028 765 ini-

241 778 366 813 quitatis.
387 788 397 805 ι

276 823 434 858 Mysterium
453 825 602 859 iniquitatis
617 829 708 859 vocat,
723 826 865 855 doctrinas
881 827 1027 856 haeretico-

1082 226 1128 252 καὶ
1144 227 1339 263 ὲνεργούμενον
1354 230 1430 265 παρὰ
1444 225 1491 257 τοῧ
1519 231 1637 265 Σατανᾶ,
1654 233 1736 269 φησιν
1759 234 1866 263 ἐλεύσε-

1082 271 1144 298 σθαι
1158 273 1188 299 ὲν
1201 272 1277 310 πάσῃ
1288 273 1377 311 πλάνῃ
1393 275 1544 303 δοκούντων
1555 278 1689 313 σημείων.

1118 327 1128 342 ι
1144 317 1181 344 Οὐ
1198 319 1393 354 μνημονεύετε,
1406 321 1448 347 ὃτι
1469 320 1509 348 ἔτι
1530 322 1568 349 ὣν
1595 323 1665 359 πρὸς
1679 324 1762 360 ὑμᾶς,
1779 325 1865 353 ταῦτα

1080 360 1174 396 ἔλεγον
1186 363 1261 397 ὑμῖν,
1276 364 1324 390 καὶ
1343 364 1391 392 νῦν
1405 366 1436 392 τὸ
1451 366 1565 402 κατέχον
1576 368 1677 402 οίδατε,
1697 370 1739 401 εις
1746 369 1778 396 ιιὺ
1795 371 1865 397 ἀπο-

1079 406 1250 442 καλυφθῆναι
1265 408 1345 436 αὺτὺν
1357 409 1387 436 ὲν
1398 410 1438 445 τῷ
1450 410 1547 438 ἑαυτοῦ
1560 413 1658 448 καιρῷ.
1681 422 1692 439 ι

1115 452 1254 489 Προτέρας
1269 454 1368 486 αὐτοὺς
1386 455 1591 492 ἀναμιμνήσκει
1610 458 1785 492 διδασκαλίας
1799 461 1865 496 περὶ

1079 496 1169 524 αὐτῶν
1194 497 1297 526 τούτων
1318 501 1515 536 πεποιημένης.
1541 501 1592 529 Διά
1614 503 1670 539 γὰρ
1685 503 1735 539 τὴν
1759 504 1865 539 πλάνην

1079 542 1128 577 τὴν
1139 543 1173 570 ἐκ
1182 544 1285 572 τούτων
1297 545 1345 572 καὶ
1357 546 1440 578 αὐτὸς
1453 547 1468 573 ό
1489 547 1650 581 Ἀμπόστολος
1668 549 1798 583 πολλάκις
1807 551 1863 578 ἐδί-

1079 587 1152 622 δαξε,
1162 589 1208 616 καὶ
1221 591 1235 616 ὀ
1246 590 1348 627 Κύριος
1362 592 1493 626 πολλάκις
1502 595 1531 621 ὲν
1539 596 1595 627 τοῖς
1608 595 1785 630 Εὑαγγελίοις
1796 605 1864 632 παρ-

1078 634 1204 669 ήγγειλεν
1214 655 1222 668 ,
1247 636 1283 663 El
1305 645 1351 671 τις
1370 638 1442 673 ὑμῖν
1453 639 1535 674 εἴπῃ,
1548 640 1634 675 λέγων
1646 650 1653 657 ·
1680 641 1758 670 ἰδοὺ
1771 639 1830 669 ὦδε
1846 644 1864 670 ό

1079 680 1215 715 Χριστὸς,
1228 681 1292 709 ἰδοὺ
1305 683 1378 716 ἐκεῖ,
1386 684 1430 718 μὴ
1444 685 1596 720 ἐξέλθητε.

1114 734 1125 751 ι
1140 725 1177 753 Τὸ
1187 726 1242 763 γὰρ
1256 729 1404 765 μυστήριον
1415 730 1466 766 ήδη
1483 731 1635 767 ἐνεργεῖται
1648 733 1698 768 τῇς
1710 733 1835 770 ἀνομίας.
1849 743 1860 760 ι

1110 815 1286 851 Μυστήριον
1296 817 1422 853 ἀνομίας
1439 819 1489 852 τὰς
1506 820 1563 847 τῶν
1582 821 1716 857 αἱρέσεων
1735 823 1863 851 διδασκα-

241 849 483 903 τυιιιῖθοτιιιῐιᾳιιθ
494 849 569 897 1falsa
581 849 788 904 placita.’lllius
805 871 878 898 enim
893 876 960 899 sunt
976 879 1020 900 σιμ

1076 859 1136 893 λίας
1166 849 1235 889 εἷναί
1259 871 1336 899 φησι,
1350 849 1418 891 ’καί
1440 849 1487 893 τάν
1502 865 1587 902 ψευδῆ
1611 849 1702 894 αὐτῶν
1726 849 1861 903 δόγματα,

240 918 413 946 tecessores,
437 914 517 949 cujus
534 919 561 942 ct
577 915 649 943 viam
673 917 833 952 expediunt,
863 921 972 953 tempus
998 923 1025 947 et

240 959 414 986 occasionem
430 959 586 994 deceptioni
604 965 743 995 parantes.
772 963 857 998 Atqui
886 964 1026 999 apostolo-

239 1011 300 1030 rum
326 1007 405 1032 aetate
434 1005 553 1034 haereses
584 1007 642 1040 jam
674 1013 853 1037 emerseram.
886 1009 1024 1043 Quocirca

237 1048 360 1077 Joannes
385 1051 554 1086 evangelisla
578 1053 716 1080 consimili
742 1055 824 1082 modo
839 1055 928 1083 dicit:
947 1056 1024 1084 Sicut

237 1095 353 1122 audistis
366 1095 429 1130 quia
441 1096 620 1125 Antichristi"
646 1099 734 1131 venit;
750 1104 776 1126 st
794 1108 864 1128 nunc
872 1101 1023 1129 antichristi

237 1141 315 1167 multi
337 1146 400 1168 sunt
414 1142 459 1170 "":
475 1150 536 1178 quae
549 1144 661 1179 quidem
686 1144 720 1173 de
737 1145 876 1175 haereticis
890 1148 1023 1183 prolocu-

237 1191 281 1214 IUS
297 1191 350 1214 est.

271 1231 354 1268 224
371 1242 381 1259 ι
398 1233 515 1261 Tantum
533 1234 579 1269 qui
593 1238 668 1263 tenet
681 1243 765 1269 nunc,
781 1237 868 1266 donec
883 1238 917 1266 de
933 1239 1022 1268 medio

235 1277 295 1304 ﬁat.
316 1277 411 1313 [νειιε.
430 1278 470 1315 8.]
488 1279 522 1306 Et
541 1283 611 1308 tunc
626 1281 793 1310 revelabitur
804 1283 851 1311 ille
866 1284 988 1320 iniquus.
1010 1295 1019 1311 ι

270 1323 423 1351 Romanum
449 1324 594 1359 imperium
625 1326 726 1354 innuit.
752 1327 792 1356 Eo
826 1336 945 1365 namque
971 1337 1021 1358 ex-

234 1367 349 1400 stinrto,
363 1367 555 1397 Antichristus
572 1371 677 1398 veniet.

272 1420 283 1436 ι
306 1411 391 1444 Quem
413 1412 546 1441 Dominus
559 1413 704 1443 interﬁciat
718 1415 818 1451 spiritu
843 1417 902 1446 oris
924 1419 979 1452 sui,
994 1424 1022 1447 et

234 1456 360 1485 destruet
383 1457 566 1486 illustratione
590 1459 724 1489 adventus
749 1463 810 1496 sui;
834 1470 908 1496 eum,
923 1463 1019 1499 [Vns.

1082 906 1202 935 Ἐκείνου
1214 907 1271 944 γὰρ
1284 910 1494 945 προϐαδίζουσιν
1507 912 1694 945 ὁδοποιοῦντες
1709 914 1794 949 αὐτῷ,
1813 916 1860 941 καὶ

1075 952 1171 987 καιρὸν
1187 953 1295 989 ἀπάτης
1315 955 1512 991 παρεχόμενοι·
1530 956 1742 993 ἐξεληλύθεισαν
1758 959 1787 985 δὲ
1809 959 1860 995 ἤδη

1074 997 1129 1024 ἀπὸ
1157 998 1204 1025 τοῦ
1223 999 1321 1034 καιροῦ
1348 1001 1402 1028 τῶν
1428 1002 1586 1030 ἀποστόλων
1614 1004 1641 1030 αἱ
1661 1004 1792 1039 αἱρέσεις.
1818 1005 1859 1031 Τά

1074 1043 1154 1078 ὃμοια
1165 1044 1212 1071 οὖν
1226 1045 1272 1072 καὶ
1279 1045 1406 1081 Ἰωάννης
1414 1047 1498 1082 φησὶν
1507 1048 1521 1074 ὸ
1535 1048 1740 1085 εὐαγγελιστὴς,
1755 1050 1859 1083 Καθὼς

1073 1085 1234 1120 ἠκούσατε,
1255 1087 1300 1115 ὅτι
1332 1089 1537 1124 Ἀντίχριστος
1564 1092 1682 1126 ἔρχεται
1695 1101 1702 1108 ·
1723 1093 1772 1120 καί
1800 1094 1859 1121 νῦν

1072 1132 1153 1160 εἰσιν
1179 1133 1364 1169 ἀντίχριστοι
1386 1137 1515 1170 πολλοὶ,
1543 1138 1608 1174 περὶ
1632 1139 1686 1166 τῶν
1710 1140 1858 1175 αιρετικῶν

1049 1178 1053 1181 ”
1073 1176 1172 1212 λέγων.

1111 1232 1120 1249 ι
1140 1223 1230 1250 Μόνον
1245 1224 1259 1250 ὁ
1277 1224 1401 1260 κατέχων
1416 1226 1479 1262 ἀρτι
1495 1227 1547 1260 ἕως
1567 1228 1600 1255 ἐκ
1623 1229 1706 1264 μέσου
1731 1230 1855 1266 γένηται.

1072 1267 1127 1294 Καὶ
1143 1269 1203 1296 τότε
1219 1269 1476 1307 ἀποκαλυφθήσεται
1491 1273 1506 1299 ὁ
1523 1273 1632 1308 ἄνομος.
1647 1283 1657 1300 ι

1107 1312 1162 1349 Τὴν
1181 1313 1325 1350 Ῥωμαίων
1340 1316 1478 1351 βασιλείαν
1492 1319 1570 1354 φησί.
1587 1319 1697 1356 Ταύτης
1715 1320 1770 1357 γὰρ
1785 1322 1856 1358 πλη-

1072 1359 1219 1394 ρουμένης,
1230 1361 1245 1388 ὸ
1267 1361 1450 1399 ’Δντίχριστος
1464 1363 1587 1400 ἔρχεται.
1662 1371 1677 1384 δ

1110 1413 1120 1430 ι
1149 1405 1197 1432 ⁸ον
1218 1406 1233 1432 ὁ
1252 1405 1355 1443 Κύριος
1369 1408 1506 1437 ἀναλώσει
1519 1410 1559 1447 τῷ
1582 1411 1718 1448 πνεύματι
1731 1413 1779 1440 τοῦ
1794 1414 1857 1442 στό-

1073 1457 1157 1492 ματος
1175 1450 1257 1477 αὑτοῦ
1272 1470 1280 1483 ,
1305 1451 1354 1478 καὶ
1378 1454 1546 1489 καταργήσει
1575 1457 1609 1491 τῇ
1637 1457 1782 1492 ἐπιφανείᾳ.
1806 1457 1856 1492 τῆς

234 1503 262 1534 9,
283 1502 332 1539 10]
350 1503 431 1539 cujus
448 1509 491 1532 est
514 1504 650 1533 adventus
663 1494 814 1535 secundum
833 1494 1020 1544 operationem

1073 1496 1222 1530 παρουσίας
1235 1496 1317 1524 αὑτοῦ
1329 1505 1336 1512 ⁶
1358 1494 1390 1525 οὗ
1408 1499 1483 1526 ἐστιν
1507 1500 1524 1535 ἡ
1541 1502 1676 1537 παρουσία
1695 1503 1756 1534 κατ’
1779 1502 1856 1538 ἐνέρ-

235 1549 354 1582 Satanas,
372 1550 399 1578 in
421 1551 496 1579 omni
520 1551 633 1584 virtute.
655 1557 682 1580 et
705 1553 810 1589 signis,
833 1542 860 1582 et
884 1556 1019 1591 prodigiis

1071 1548 1149 1575 γειαν
1164 1542 1211 1567 τοῦ
1227 1542 1346 1575 Σατανᾶ,
1364 1544 1393 1571 ὲν
1415 1544 1491 1580 πάσῃ
1510 1545 1636 1581 δυνάμει,
1649 1547 1698 1574 καὶ
1720 1548 1856 1583 σημείοις,

235 1596 428 1631 mendacibus,
442 1602 469 1626 et
482 1597 509 1625 in
526 1599 602 1626 omni
623 1599 785 1628 seductione
799 1600 964 1636 iniquitatis,
985 1602 1020 1630 iis

234 1641 280 1675 qui
296 1645 421 1676 pereunt.
441 1652 451 1668 ι

268 1685 328 1714 Non
355 1687 437 1715 modo
463 1687 609 1715 adventum
637 1688 731 1717 docuit
756 1691 940 1726 Antichristi,
971 1694 1021 1721 sed

233 1732 317 1760 etiam
333 1738 449 1761 mortem
464 1734 552 1768 illius,
571 1739 652 1769 atque
667 1743 683 1762 a
707 1736 806 1770 primis
832 1737 894 1772 ejus
919 1739 1019 1773 initiis,

231 1782 261 1807 et
277 1786 290 1805 a
308 1779 487 1813 novissimis,
504 1780 626 1808 ostendit
647 1781 737 1816 ipsum
764 1783 925 1812 mendacem
949 1784 1018 1813 fore.

232 1824 300 1859 Ejus
317 1825 418 1860 quippe
433 1825 568 1853 adventus
588 1826 640 1854 erit
657 1827 810 1855 secundum
833 1830 1019 1863 operationem

232 1870 342 1898 Satanae
360 1880 366 1898 :
384 1871 495 1899 linietnr
509 1879 585 1904 vero.
606 1872 831 1909 destrueturqne,
849 1879 876 1902 et
896 1875 1020 1903 interibit

232 1917 396 1945 adveniente
408 1916 540 1946 Domino.

270 2001 280 2018 ι
297 1991 337 2020 Eo
352 1993 425 2028 quod
444 1993 608 2022 charitatem
623 1995 748 2023 veritatis
770 2003 824 2024 non
843 2002 1017 2032 receperunt,

231 2041 262 2065 ut
277 2039 345 2067 salvi
366 2039 475 2067 tierent.
491 2038 524 2067 Et
539 2040 601 2068 ideo
615 2041 706 2069 mittet
718 2041 774 2069 illis
791 2041 864 2070 Deus
879 2043 1018 2077 operatio-

232 2091 292 2112 nem
310 2085 427 2117 erroris,
450 2088 480 2112 ut
495 2085 610 2113 credant
625 2087 778 2121 mendacio,
802 2087 897 2123 [Vens
915 2089 961 2126 11]
988 2095 1018 2118 ιιι

228 2130 390 2165 iudicentur
401 2138 497 2159 omnes
510 2132 555 2166 qui
572 2140 626 2160 non
639 2133 816 2161 crediderunt
828 2135 951 2169 veritati,
968 2136 1016 2164 sed

231 2180 432 2204 consenserunt
448 2176 600 2212 iniquitati.
619 2187 629 2203 ι

267 2221 414 2250 Enimvero
426 2222 479 2250 hoc
498 2230 610 2258 quoque
623 2223 726 2252 Iudaeis
740 2224 870 2254 Christus
882 2226 991 2255 dixerat
1006 2238 1015 2257 :

232 2265 289 2300 Ego
300 2267 357 2293 aeui
376 2268 403 2294 in
416 2269 520 2295 nomine
530 2267 620 2295 Patris
631 2270 694 2302 mei,
709 2274 795 2298 etnon
808 2272 946 2305 accepistis
960 2281 1016 2306 me;

230 2311 301 2340 alius
311 2311 392 2339 veniet
409 2311 436 2339 in
448 2312 553 2340 nomine
566 2320 626 2345 suo,
645 2313 722 2340 illum
742 2315 876 2350 accipietis
889 2316 922 2344 ⁷⁸.
941 2316 1016 2345 Istud

230 2362 306 2387 vero,
318 2355 403 2383 mittet
419 2356 474 2383 illis
488 2356 569 2389 Deus,
586 2357 657 2385 idem
670 2362 724 2391 est,
739 2367 773 2387 ac
782 2360 852 2387 mitti
863 2362 1013 2395 permittet.

229 2400 390 2436 Cuiusmodi
422 2406 466 2430 est
487 2402 540 2431 hoc
568 2403 643 2430 aliud
667 2404 794 2433 dictum:
823 2405 945 2434 Tradidit
969 2416 1013 2436 eos

228 2446 300 2475 Deus
320 2447 347 2474 in
362 2448 498 2483 passiones
512 2448 665 2485 ignominiw
682 2451 704 2466 "

263 2538 348 2570 Vens.
365 2539 466 2573 12.15.
481 2540 536 2569 Nos
553 2544 645 2569 autem
667 2541 799 2571 debemus
815 2545 919 2578 gratias
932 2553 1014 2582 agere

229 2584 284 2612 Deo
311 2593 417 2620 semper
432 2593 483 2621 pro
500 2587 577 2615 vobis
591 2607 599 2620 ,
619 2587 718 2616 fratres
741 2588 834 2617 dilecti
849 2597 863 2617 a
883 2590 1009 2626 Domino,

226 2629 299 2664 quod
327 2630 439 2665 elegerit
462 2639 510 2658 vos
532 2631 603 2661 Deus
628 2633 663 2660 ab
685 2633 765 2661 initio
786 2633 812 2661 in
835 2635 964 2668 salutem.
982 2637 1009 2664 in

228 2674 446 2704 sanctiﬁcatione
459 2677 583 2712 spiritus,
600 2681 628 2706 et
640 2679 668 2705 in
685 2678 737 2706 lide
752 2680 886 2713 veritatis,
899 2681 926 2708 in
936 2683 1009 2716 quod

227 2720 255 2746 cl.
274 2720 383 2746 vocavit
394 2728 442 2748 vos
458 2728 505 2755 per
521 2721 699 2756 Evangelium
718 2727 855 2757 nostrum,
872 2725 899 2753 in
912 2727 1007 2762 acqui-

229 2763 357 2791 sitioncm
370 2765 464 2799 gloria:
478 2767 586 2794 Domini
602 2768 691 2796 nostri
711 2768 778 2796 Jesu
791 2770 905 2799 Christi.
927 2781 935 2796 ι

1071 1586 1118 1613 καὶ
1131 1586 1223 1622 τέρασι
1237 1587 1361 1623 ψεύδους,
1382 1590 1428 1617 καὶ
1445 1589 1474 1617 ὲν
1495 1591 1569 1628 πάσῃ
1582 1593 1673 1629 ἀπάτῃ
1687 1593 1736 1628 τῆς
1752 1593 1858 1627 ἀδικίας

1070 1631 1099 1658 ἐν
1113 1633 1168 1664 τοῖς
1180 1633 1386 1670 ἀπολλυμένοις.
1406 1645 1416 1661 ι

1106 1678 1143 1704 υὺ
1160 1678 1239 1713 μόνον
1262 1679 1311 1714 τὴν
1330 1681 1484 1717 παρουσίαν
1504 1682 1551 1709 τοῦ
1570 1683 1753 1721 Ἀντιχρίστου
1770 1686 1858 1714 ἐδίδα-

1070 1722 1126 1756 ξεν,
1145 1724 1213 1751 ἀλλά
1227 1725 1275 1752 καὶ
1287 1725 1333 1752 τὸν
1346 1726 1463 1755 θάνατον
1474 1728 1566 1761 αὑτοῦ,
1580 1729 1666 1762 οὕτως
1676 1732 1723 1758 καὶ
1735 1732 1788 1758 ἀπὺ
1802 1733 1857 1760 τῶν
1895 1750 1897 1752 ι

1071 1769 1197 1804 πρώτων,
1210 1771 1256 1798 καὶ
1271 1770 1326 1798 ἀπὸ
1340 1771 1394 1799 τῶν
1410 1773 1533 1808 ὑστέρων
1547 1774 1680 1803 διδάσκων
1693 1777 1774 1805 αὑτὸν
1786 1775 1857 1805 εἶναι

1069 1812 1166 1849 ψευδῆ.
1192 1814 1225 1841 Ἠ
1249 1815 1385 1850 παρουσία
1400 1817 1450 1852 μὲν
1467 1817 1521 1853 γὰρ
1540 1818 1622 1846 αὑτοῦ
1640 1820 1700 1846 κατ’
1716 1821 1856 1857 ἐνέργειαν

1070 1859 1116 1886 τοῦ
1131 1861 1249 1894 Σατανᾶ,
1267 1862 1314 1889 καὶ
1339 1861 1369 1888 τὸ
1393 1863 1469 1896 τέλος
1498 1864 1537 1897 δὲ,
1567 1865 1614 1894 καὶ
1642 1867 1660 1902 ἡ
1686 1868 1856 1904 κατάργησις

1070 1906 1163 1939 αὐτοῦ,
1178 1907 1226 1934 καὶ
1241 1909 1258 1943 ή
1277 1907 1410 1941 ἀπώλεια,
1433 1908 1476 1938 διὰ
1500 1910 1553 1946 τῆς
1575 1913 1730 1948 παρουσίας
1750 1913 1857 1948 γίνεται

1069 1952 1116 1978 τοῦ
1128 1953 1241 1989 Κυρίου.

1107 2006 1117 2023 ι
1142 1998 1211 2025 ’Δνθ’
1228 1995 1265 2026 ὦν
1279 2000 1328 2037 τὴν
1341 2001 1452 2039 ἀγάπην
1462 2003 1514 2039 τῆς
1528 2002 1656 2038 ἀληθείας
1670 2004 1719 2030 οὐκ
1732 2004 1858 2037 ἐδέξαντο

1070 2044 1110 2075 εἰς
1124 2043 1154 2070 τὸ
1169 2044 1288 2080 σωθῆναι
1299 2046 1408 2080 αὐτούς.
1423 2048 1478 2076 Καὶ
1492 2048 1536 2076 διὰ
1551 2048 1630 2075 τοῦτο
1645 2049 1748 2084 πέμψει
1763 2051 1856 2083 αὐτοῖς

1068 2089 1083 2115 ό
1097 2087 1162 2120 Θεὸς
1177 2089 1316 2125 ἐνέργειαν
1339 2092 1452 2128 πλάνης,
1475 2094 1515 2126 εἰς
1543 2093 1573 2119 τὸ
1594 2093 1738 2120 πιστεῦσαι
1756 2095 1856 2127 αὐτοὺς

1069 2133 1170 2168 ψεύδει,
1187 2134 1230 2161 ἵνα
1250 2134 1363 2170 κριθῶσι
1380 2137 1480 2170 πάντες
1507 2137 1531 2164 οἱ
1552 2137 1592 2172 μὴ
1615 2137 1810 2170 πιστεύσαντες
1820 2140 1854 2175 τῇ

1031 2192 1055 2221 υ
1069 2179 1192 2215 ἀληθείᾳ,
1209 2180 1266 2207 ἀλλ’
1281 2181 1478 2218 εὐδοκήσαντες
1495 2183 1525 2210 ἐν
1546 2185 1579 2219 τῇ
1592 2182 1697 2219 ἀδικία.
1717 2193 1727 2209 ι

1100 2223 1186 2252 Τοῦτο
1201 2225 1255 2262 γὰρ
1271 2226 1363 2258 αὐτοῖς
1387 2229 1445 2260 τοῖς
1468 2228 1606 2261 Ἰουδαίοις
1628 2229 1676 2256 καὶ
1698 2230 1712 2256 ό
1736 2229 1854 2264 Χριστὸς

1065 2270 1158 2304 ἔλεγεν
1170 2279 1177 2286 ·
1201 2271 1271 2306 Ἐγὼ
1285 2269 1381 2308 ἦλθον
1394 2273 1430 2300 ἐν
1457 2273 1497 2306 τῷ
1515 2274 1638 2309 ὀνόματι
1662 2274 1717 2303 τοῦ
1737 2276 1853 2309 Πατρός

1061 2325 1132 2351 μου,
1151 2317 1201 2345 καὶ
1221 2319 1256 2345 οὐ
1273 2319 1439 2353 λαμϐάνετέ
1463 2328 1512 2354 με.
1529 2319 1650 2354 Ἕτερος
1672 2321 1738 2355 ἣξει
1758 2323 1792 2355 ἐν
1810 2321 1853 2355 τῷ

1064 2361 1127 2394 ιδίῳ
1138 2363 1269 2397 ὀνόματι,
1281 2363 1421 2391 κάκεῖνον
1430 2364 1577 2399 λήψεσθε.
1592 2365 1628 2392 Τὸ
1637 2366 1676 2400 δὲ,
1687 2367 1854 2394 ἀποστελεῖ

1062 2408 1208 2441 αὐτοῖςὸ
1233 2408 1315 2441 Θεὸς,
1342 2411 1515 2447 συγχωρήσει
1537 2411 1741 2447 ἀποσταλῆναι·
1758 2413 1850 2440 ὁποῖόν

1061 2454 1119 2482 ἔστι
1137 2454 1186 2482 καὶ
1202 2454 1244 2488 τὺ,
1264 2454 1436 2490 nupserant-
1460 2456 1569 2490 αὐτοὺς
1584 2458 1602 2485 ό
1617 2458 1689 2491 Θεὸς
1711 2459 1756 2492 εις
1770 2459 1850 2493 πάθη

1061 2498 1177 2533 ἀτιμίας
1182 2520 1188 2526 .

1100 2553 1109 2570 ι
1133 2545 1229 2580 Ἡμεῖς
1244 2545 1274 2572 δὲ
1289 2545 1433 2581 ὀφείλομεν
1454 2547 1626 2583 εὐχαριστεῖν
1647 2548 1688 2584 τῷ
1701 2549 1761 2584 Θεῷ
1782 2550 1849 2577 πάν-

1063 2597 1124 2616 τοτε
1144 2590 1209 2626 περὶ
1230 2590 1318 2626 ὑμῶν,
1336 2592 1446 2627 ἀδελφοὶ
1464 2593 1639 2629 ἠγαπημένοι
1655 2595 1709 2622 ὑπὸ
1732 2596 1845 2631 Κυρίου,

1063 2635 1105 2662 ὅτι
1128 2636 1214 2664 εἵλετο
1236 2636 1308 2672 ὑμᾶς
1325 2638 1339 2664 ό
1355 2638 1421 2670 Θεὸς
1435 2639 1482 2666 ἀπ’
1497 2640 1584 2676 ἀρχῆς
1596 2641 1637 2673 είς
1654 2641 1802 2676 σωτηρίαν,
1817 2642 1846 2667 ὲν

1065 2681 1192 2716 ἁγιασμῷ
1210 2682 1364 2718 πνεύματος
1380 2684 1427 2711 καὶ
1443 2684 1533 2712 πίστει
1546 2686 1685 2721 ἀληθείας,
1700 2688 1739 2719 εὶς
1754 2687 1768 2713 ὃ
1783 2687 1847 2714 ἐκά-

1063 2726 1140 2754 λεσεν
1165 2727 1236 2762 ὑμᾶς
1256 2727 1300 2755 διὰ
1332 2729 1378 2756 τοῦ
1407 2729 1574 2765 Εὐαγγελίου
1597 2731 1677 2767 ὴμιῖιν
1702 2733 1742 2764 εἰς
1766 2741 1846 2768 περι-

1063 2771 1171 2808 ποίησιν
1185 2771 1264 2808 δόξης
1285 2774 1331 2800 τοῦ
1355 2775 1455 2810 Κυρίου
1471 2777 1550 2811 ἡμῶν
1572 2777 1659 2813 Ἰησοῦ
1684 2777 1812 2814 Χριστοῦ.
1832 2787 1842 2803 ι

269 2821 292 2836 ’δ
308 2820 389 2849 Marc.
408 2825 524 2856 “11,21.
565 2826 698 2855 "lJoan.
716 2834 745 2860 ll,
760 2827 802 2856 18.
847 2829 868 2846 ⁷³
884 2828 964 2859 Joan.
983 2839 1010 2863 ν,

1070 2851 1074 2859 .
1107 2831 1128 2846 ⁷⁹
1141 2831 1219 2860 Rom.
1237 2841 1254 2865 l,
1267 2833 1311 2861 26.
