2077 3114
217 136 268 168 925

690 139 731 170 IN
751 139 869 170 EPIST.
890 140 941 169 AD
959 137 1334 170 THESSALONICENSES
1351 140 1393 170 II.

1792 140 1844 172 926

252 189 400 222 Διεξελθὼν
423 191 456 217 τὰ
479 191 543 226 περὶ
562 191 615 219 τῶν
632 191 841 227 ἀπιστησάντων
860 192 1003 225 Ἰουδαίων,

1092 192 1239 228 Postquam
1265 198 1415 222 exsecutus
1433 197 1478 222 est
1500 201 1562 230 quae
1587 194 1621 222 ad
1642 193 1762 227 Iudaeos,
1797 194 1845 229 qul

218 236 266 263 καὶ
286 236 392 269 διδάξας
414 237 505 262 ὁποῖον
533 237 623 264 αὐτῶν
650 237 726 265 ἔσται
751 239 825 271 τέλος
838 239 918 275 (Ἵνα
943 239 997 274 γὰρ

218 281 350 316 κριθῶσι,
369 281 465 315 φησὶ),
483 281 648 317 διεξέρχεται
661 284 708 309 καὶ
726 283 760 310 τὰ
777 284 830 311 τῶν
845 285 1007 312 πιστευσὰνο

218 335 282 358 των,
296 323 333 353 ὧν
349 327 395 353 καὶ
418 326 448 353 τὸ
467 328 610 363 προοίμιον
634 329 813 365 εὐχαριστία,
833 330 881 357 καὶ
908 330 955 357 ἐπὶ
970 331 1003 365 τῇ

219 373 378 408 εὐχαριστίᾳ
392 372 481 406 λέγει’
501 374 607 410 πρῶτον
628 376 688 410 μὲν,
700 376 740 402 ὅτι
756 375 940 411 ἠγαπήθησαν
955 375 1007 402 ὑπὸ

220 418 267 446 τοῦ
283 418 361 451 Θεοῦ,
379 419 425 446 καὶ
444 419 484 445 δτι
502 419 642 453 ἐξελέξατο
657 421 755 453 αὐτοὺς
766 412 861 457 ὥσπερ
879 421 1006 456 ἀπαρχὴν

220 464 261 494 είς
284 464 430 499 σωτηρίαν,
447 465 494 492 καὶ
512 465 552 493 ὅτι
571 466 696 501 ἡγίασεν,
718 467 766 494 καὶ
787 467 829 494 ὅτι
850 466 1007 502 Πνεύματος

223 509 300 544 ἁγίου
315 509 439 544 ἠξίωσεν.

259 564 269 580 ε
288 555 358 590 ’Ἄρα
381 554 437 588 οὖν,
453 555 572 590 ἀδελφοὶ,
593 557 716 593 στήκετε,
733 557 781 585 καὶ
805 557 935 594 κρατεῖτε
957 557 1008 589 τὰς

222 600 395 636 παραδόσεις,
421 601 454 633 ἃς
476 601 645 639 ἐδιδάχθητε,
661 604 715 631 εἴτε
731 604 777 631 διὰ.
787 604 879 639 λόγου,
894 603 950 632 εῑτε
968 603 1004 630 δι’

222 646 384 680 ἔσπιστολῆς
396 647 486 682 ήμῶν.
510 657 519 674 ι

261 692 432 726 Ἀναγκαῖον,
451 693 528 728 φησὶ,
543 693 607 726 τοὺς
628 693 693 730 περὶ
717 694 852 723 τοσούτων
864 695 1008 732 καυχωμέ-

223 746 286 769 νους
301 738 413 768 ἑστάναι
429 739 556 773 βεϐαίως.
979 755 982 758 ‹

263 792 273 809 ‹
292 780 374 816 Οὗτος
388 783 416 810 δὲ
432 785 446 811 ὸ
462 784 564 820 Κύριος
582 784 662 820 ήμῶν
690 785 793 821 Ἰησοῦς
815 785 942 820 Χριστὸς,
960 786 1008 814 καὶ

225 830 240 856 δ
254 828 320 860 Θεὸς
337 829 384 856 καὶ
395 830 488 865 Πατὴρ
501 830 578 866 ἡμῶν
593 831 607 857 ὁ
623 831 770 866 ἀγαπήσας
788 832 871 867 ἡμᾶς,
882 832 931 859 καὶ
945 831 1008 864 δοὺς

225 874 397 911 παράκλησιν
413 875 525 902 αἰωνίαν
552 875 599 903 καὶ
621 876 715 904 ἐλπίδα
737 877 841 912 ἀγαθὴν
860 878 888 905 ὲν
904 878 1005 912 χάριτι,

224 919 412 954 παρακαλέσαι
423 919 499 954 ὑμῶν
511 920 559 951 τὰς
570 920 692 955 καρδίας,
702 921 749 948 καὶ
760 920 884 957 στηρίξαι
896 921 968 956 ὑμᾶς
979 921 1008 947 ὲν

224 962 306 990 παντὶ
323 962 393 998 λόγῳ
409 963 457 990 καὶ
471 963 544 999 ἔργῳ
556 964 661 1000 ἀγαθῷ.
683 974 693 991 ι

259 1009 330 1043 Ὅρα
344 1009 402 1040 πῶς
417 1008 497 1035 πάλιν
517 1010 687 1044 ἐπικουφίζει
709 1009 801 1037 αὐτῶν
825 1010 876 1044 τὰς
892 1010 1006 1047 θλίψεις,

223 1053 272 1089 τὴν
282 1054 452 1090 παράκλησιν
474 1055 564 1087 αὐτοῖς
576 1055 663 1082 ἐλθεῖν
676 1056 830 1092 εὐχόμενος.

529 1102 654 1129 ΚΕΦΑΛ.
670 1102 707 1130 Γ’.

257 1155 268 1172 ι
286 1145 322 1172 Τὸ
342 1146 435 1174 λοιπδν
463 1147 658 1182 προσεύχεσθε,
682 1147 802 1182 ἀδελφοὶ,
826 1147 892 1184 περὶ
918 1148 1007 1184 ἡμῶν,

225 1191 268 1219 ἵνα
280 1193 294 1219 ὁ
303 1191 381 1227 λόγος
395 1193 441 1219 τοῦ
455 1192 557 1229 Κυρίου
574 1193 669 1230 τρέχῃ,
682 1194 729 1221 καὶ
744 1193 900 1229 δοξάζηται,
917 1194 1009 1227 καθὼς

225 1237 272 1264 καὶ
285 1238 352 1273 πρὸς
365 1238 446 1273 ὑμᾶς,
461 1239 509 1266 καὶ
525 1239 570 1266 ἵνα
584 1239 729 1274 ῥυσθῶμεν
750 1239 806 1267 ἀπὸ
826 1240 880 1267 τῶν
901 1239 1008 1267 ἀτόπων

225 1284 273 1314 καὶ
287 1284 414 1319 πονηρῶν
427 1284 590 1320 ἀνθρώπων.
602 1285 640 1312 Οὐ
652 1285 707 1321 γὰρ
724 1286 832 1313 πάντων
847 1287 864 1322 ἡ
877 1287 977 1318 πίστις.
997 1296 1006 1312 ι

259 1330 297 1356 Τὸ
313 1331 369 1357 ῐοον
388 1331 547 1358 ἀνταπαιτετ
560 1339 567 1346 θ
593 1331 737 1367 εὐχόμενος
761 1333 830 1369 ὑπὲρ
846 1333 945 1366 αὐτῶν,
965 1332 1010 1359 εὖ·

224 1375 321 1410 χεσθαι
335 1375 506 1410 προστάττει,
515 1376 572 1402 ικαὶ
589 1375 658 1412 ὑπὲρ
669 1376 763 1406 αὐτοῦ.
780 1378 854 1413 Αὕτη
871 1378 900 1404 δὲ
911 1379 928 1414 ή
940 1377 1010 1413 ὑπὲρ

225 1422 307 1449 αὑτοῦ
318 1421 465 1457 προσευχὴ.
474 1422 504 1449 τὸ
516 1423 681 1458 προκόπτειν
690 1423 722 1450 δι’
731 1423 814 1451 αὐτοῦ
826 1424 858 1451 τὺ
867 1424 1008 1459 κήρυγμα.

225 1466 318 1498 ὒῦτως
341 1467 394 1503 ἄρα
411 1467 451 1494 δεῖ
471 1476 504 1502 με
528 1469 612 1495 αἰτεῖν
634 1469 697 1501 τοὺς
719 1469 814 1503 ἁγίους
835 1469 907 1505 ὑπὲρ
931 1469 1009 1505 ἡμῶν

1059 245 1114 266 non
1130 239 1286 272 crederent,
1304 240 1479 275 spectabant,
1492 245 1519 268 ct
1530 240 1593 276 quis
1608 240 1719 268 futurus
1733 241 1769 268 sit
1781 240 1844 267 finis

1057 275 1153 312 doc'uit
1164 285 1214 317 (ait
1228 285 1312 317 enim,
1326 291 1355 312 ut
1365 275 1545 322 judicentur),
1556 295 1631 315 nunc
1645 287 1845 320 edisseritqum

1057 330 1196 365 pertinent
1211 330 1245 358 ad
1267 329 1382 358 ﬁdeles:
1406 338 1522 366 quorum
1543 331 1707 366 praeludium
1724 335 1767 358 est
1780 338 1845 365 gra-

1056 375 1158 402 tiarum
1178 375 1262 407 actio,
1286 383 1391 410 eosque
1408 376 1514 410 gratias
1538 376 1640 404 habere
1666 381 1768 408 monet,
1785 376 1845 410 pri-

1056 429 1130 448 mum
1143 422 1216 456 quod
1234 421 1327 449 dilecti
1343 421 1398 450 sint
1416 429 1431 448 a
1447 421 1521 455 Deo;
1539 421 1660 456 itemque
1676 422 1751 456 quod
1764 421 1843 449 electi

1057 467 1084 495 in
1099 466 1214 494 salutem
1236 471 1366 502 tanquam
1383 467 1525 502 primitiae,
1540 467 1613 502 quod
1632 467 1723 495 sancti
1746 474 1844 495 evase-

1055 511 1122 544 rint,
1141 511 1214 546 quod
1229 510 1335 546 Spiritu
1352 516 1450 539 sancto
1464 511 1579 546 dignati.

1092 555 1176 584 Vens.
1195 556 1238 591 id,
1258 566 1267 583 ι
1285 556 1392 591 itaque,
1409 556 1520 596 fratres,
1537 561 1620 591 state,
1638 560 1666 585 et
1681 559 1774 584 tenete
1784 559 1843 583 tra-

1056 599 1176 628 ditiones
1190 608 1260 636 quas
1275 601 1424 633 didicistis,
1449 601 1508 629 sive
1532 609 1580 637 per
1606 604 1771 633 sermonem,
1787 601 1845 628 sive

1057 652 1105 680 per
1120 644 1267 680 epistolam
1283 649 1418 673 nostram.
1439 655 1448 672 ι

1092 689 1187 725 Operae
1201 691 1318 725 pretium
1330 695 1383 723 est,
1394 691 1494 727 inquit,
1505 696 1535 719 ut
1548 692 1595 727 qui
1608 691 1642 720 de
1653 695 1693 720 tot
1705 691 1843 726 tantisque

1056 734 1139 762 donis
1158 735 1327 770 gloriantur,
1349 736 1421 763 firmi
1439 737 1602 764 consistant.

1093 780 1177 808 Vens.
1194 780 1240 814 15,
1256 780 1300 808 16.
1317 781 1378 817 Ipse
1392 786 1486 809 autem
1500 782 1636 810 Dominus
1656 785 1751 809 noster
1763 780 1843 809 Jesus

1057 825 1196 859 Christus,
1214 832 1241 855 et
1258 827 1342 860 Deus,
1359 830 1387 856 et
1399 827 1479 855 Pater
1494 833 1599 860 noster,
1618 828 1668 863 qui
1680 827 1778 855 dilexit
1792 835 1844 855 nos

1058 877 1086 900 et
1095 872 1171 901 dedit
1183 873 1403 901 consolationem
1419 877 1561 908 alternam,
1573 878 1601 901 et
1612 881 1687 908 spem
1702 873 1800 901 bonam
1816 873 1844 899 in

1059 920 1156 956 gratia,
1171 919 1331 948 exhortetur
1343 919 1427 947 corda
1441 923 1545 953 vestra,
1560 923 1587 947 et
1599 919 1743 947 conﬁrmet
1757 926 1805 946 vos
1817 917 1844 945 in

1058 965 1134 992 omni
1153 972 1278 992 sermone
1290 968 1318 992 et
1329 972 1413 1000 opere
1425 964 1510 992 bono.
1529 974 1539 991 ›

1092 1009 1162 1037 Vide
1178 1017 1234 1045 quo
1250 1013 1332 1045 pacto
1358 1010 1521 1039 amictiones
1536 1017 1631 1038 eorum
1654 1010 1736 1043 lerat,
1764 1016 1846 1037 orans

1058 1057 1090 1083 ut
1104 1055 1172 1091 ipsis
1184 1055 1292 1084 tandem
1309 1055 1434 1084 solamen
1446 1055 1584 1084 adveniat.

1381 1100 1458 1128 CAP.
1475 1100 1519 1128 ιιι.

1092 1144 1175 1174 Vens.
1195 1145 1220 1178 1,
1233 1145 1262 1173 2.
1278 1155 1288 1172 ι
1311 1144 1351 1174 De
1365 1149 1476 1179 extero,
1494 1145 1608 1179 fratres,
1626 1149 1705 1174 orate
1720 1153 1771 1181 pro
1792 1152 1846 1174 no-

1058 1191 1112 1225 bis,
1129 1195 1158 1219 ut
1173 1199 1262 1220 sermo
1275 1191 1322 1219 Dei
1337 1195 1452 1225 currat,
1476 1198 1504 1220 et
1522 1191 1691 1220 clariﬁcetur
1703 1211 1712 1225 ,
1729 1191 1802 1219 sicut
1816 1195 1845 1219 et

1059 1236 1140 1272 225
1157 1237 1227 1272 apud
1253 1244 1316 1270 vos,
1339 1240 1368 1264 et
1391 1240 1424 1264 ut
1442 1236 1594 1264 liberemur
1617 1237 1651 1264 ab
1681 1236 1845 1271 importunis

1059 1286 1087 1309 et
1101 1282 1180 1310 malis
1195 1282 1364 1311 hominibus.
1383 1281 1444 1310 Non
1462 1282 1537 1310 enim
1552 1281 1674 1310 omnium
1688 1285 1732 1309 cst
1748 1281 1842 1309 ﬁdes.)

1095 1326 1149 1354 Par
1166 1327 1265 1355 referri
1281 1328 1335 1355 sibi
1354 1328 1489 1363 postulat,
1506 1330 1533 1355 et
1550 1327 1615 1362 quia
1629 1335 1681 1363 pro
1694 1327 1735 1354 eis
1748 1333 1849 1361 precl-

1060 1375 1117 1405 tur,
1134 1372 1261 1408 praecipit
1285 1376 1316 1399 ut
1340 1372 1394 1407 ipsi
1419 1372 1543 1400 vicissim
1562 1379 1611 1407 pro
1635 1379 1665 1400 se
1686 1375 1847 1407 precentur.

1061 1416 1155 1445 Oratio
1170 1421 1260 1445 autem
1276 1425 1356 1453 quam
1370 1425 1420 1453 pro
1435 1426 1467 1446 se
1478 1418 1574 1453 exigit,
1591 1417 1650 1445 haec
1662 1421 1716 1450 est,
1734 1421 1765 1444 ut
1777 1424 1849 1452 proe-

1061 1462 1164 1490 dieatio
1190 1470 1273 1499 opera
1290 1471 1339 1492 sua
1357 1463 1495 1498 proticiat.
1516 1462 1564 1491 Sic
1586 1470 1653 1498 ergo
1669 1470 1767 1498 preces
1782 1470 1846 1490 san-

225 1512 360 1548 εὕχεσθαι,
376 1513 419 1540 ῐνα
433 1514 461 1540 ὲν
480 1515 536 1546 τοῖς
552 1515 623 1542 κατὰ
646 1514 712 1541 Θεὸν
737 1515 936 1551 προκόπτωμεν
949 1535 958 1548 ,
973 1515 1009 1548 ὡς

1063 1514 1170 1538 ctorum
1187 1517 1238 1545 pro
1254 1510 1334 1537 nobis
1352 1509 1502 1545 efﬂagitare
1520 1509 1667 1542 incumbit,
1694 1513 1724 1536 ut
1756 1508 1786 1536 in
1813 1509 1853 1536 iis

225 1559 260 1592 τά
276 1567 309 1593 γε
327 1559 394 1586 ἄλλα
408 1559 499 1586 πάντα
508 1559 633 1596 περιττὰ,
645 1559 692 1586 καὶ
707 1559 738 1586 οὺ
753 1560 861 1592 πάντως
873 1561 1009 1596 χρήσιμα,

227 1605 278 1633 κᾶν
296 1605 390 1640 ὑγείαν
406 1606 487 1643 εἴπῃς
499 1625 507 1638 ,
522 1605 574 1633 κᾶν
587 1606 712 1642 εἰρήνην,
726 1605 778 1633 κᾶν
791 1605 880 1633 ὁτιοῦν
892 1605 949 1633 τῶν
965 1606 1011 1632 ὲκ-

226 1650 282 1683 τός.

265 1748 274 1765 ι
293 1738 391 1770 Πιστὸς
403 1739 432 1765 δέ
444 1739 518 1766 ἐστιν
530 1739 544 1766 ὸ
560 1738 674 1775 Κύριος,
690 1739 719 1772 ὃς
735 1737 855 1775 στηρίξει
866 1738 948 1774 ὑμᾶς,
963 1738 1012 1767 καὶ

229 1782 340 1818 φυλάξει
354 1783 408 1810 ἀπὸ
420 1783 466 1810 τοῦ
482 1783 612 1819 πονηροῦ.
636 1793 646 1810 ι

263 1829 348 1856 Τοῦτο
361 1830 430 1865 ὅπερ
451 1829 535 1864 ᾔτησε
557 1830 656 1862 αὐτοὺς
672 1829 743 1865 ὑπὲρ
765 1829 847 1862 αὑτοῦ
870 1829 1009 1862 εὔξασθαι,

229 1875 275 1902 καὶ
291 1875 372 1907 αὐτὸς
384 1875 453 1910 ὑπὲρ
469 1876 557 1902 αὐτῶν
570 1875 798 1911 εὔχεται.”ῌτησε
813 1876 852 1908 δὲ,
868 1875 911 1902 ῐνα
925 1875 1010 1911 ῥυσθῇ

229 1922 262 1948 ἐκ
285 1921 339 1948 τῶν
365 1921 474 1949 ἀτόπων
498 1922 651 1957 ἀνθρώπων
676 1921 730 1949 τῶν
749 1922 944 1958 ἀντικειμένων
977 1923 1010 1957 τῇ

230 1968 330 1994 πίστει.
347 1967 432 1994 Τοῦτο
448 1967 494 1994 οὖν
518 1969 565 1994 καὶ
578 1968 659 2000 αὐτὸς
679 1967 771 2000 αὐτοῖς
786 1967 949 2004 ἐπεύχεται,
964 1976 1012 2002 φυ-

229 2014 365 2050 λαχθῆναι
378 2015 432 2042 ἀπὸ
446 2015 492 2042 τοῦ
509 2015 640 2050 πονηροῦ.

267 2070 277 2087 ι
297 2061 470 2096 Πεποίθαμεν
491 2061 520 2087 δὲ
535 2062 564 2088 ὲν
579 2061 673 2097 Κυρίῳ
687 2062 730 2096 ἐφ’
749 2061 832 2097 ὑμᾶς,
844 2061 886 2088 ὅτι
903 2060 923 2088 ἃ.
938 2070 1011 2097 παρ·

229 2105 393 2142 αγγέλλομεν
409 2106 484 2142 ὑμῖν,
497 2106 544 2133 καὶ
558 2108 669 2134 ποιεῖτε.
689 2116 699 2133 ι

264 2151 301 2178 Οὐ
320 2151 415 2188 χρείαν
432 2151 503 2186 ἔχειν
522 2152 620 2184 αὐτούς
636 2161 715 2188 φησι,
727 2152 780 2179 τῶν
794 2151 898 2179 λοιπῶν
910 2160 1011 2187 παραι-

1063 1563 1125 1592 quac
1144 1559 1269 1591 spectant
1285 1555 1318 1582 ad
1332 1555 1428 1587 Deum,
1441 1563 1607 1590 progressus
1620 1554 1765 1587 faciamus,
1783 1562 1847 1595 cum

1064 1605 1162 1629 caetera
1178 1601 1269 1629 omnia
1288 1608 1492 1636 supervacanea
1508 1593 1575 1633 sint,
1591 1607 1642 1628 nec
1663 1607 1779 1635 prorsus
1793 1593 1846 1626 nti-

1064 1647 1111 1680 lia,
1131 1646 1183 1675 etsi
1198 1647 1345 1674 sanitatem
1361 1646 1449 1680 dicas,
1467 1646 1519 1674 etsi
1534 1653 1640 1681 pacem,
1657 1645 1710 1673 etsi
1729 1644 1857 1681 quodvis.

1064 1691 1140 1720 aliud
1160 1691 1305 1720 eximium.

1099 1737 1183 1767 Vens.
1199 1737 1226 1765 5.
1242 1747 1252 1764 ι
1267 1737 1368 1766 Fidelis
1382 1741 1475 1766 autem
1490 1737 1564 1767 Deus
1578 1742 1631 1770 est,
1642 1737 1690 1773 qui
1702 1736 1848 1767 conﬁrma-

1063 1784 1105 1812 bit
1117 1791 1179 1817 vos,
1194 1787 1222 1812 et
1234 1784 1370 1811 custodiet
1387 1791 1402 1810 a
1418 1784 1499 1812 malo.
1517 1793 1527 1810 ι

1099 1830 1127 1859 ld
1152 1830 1224 1866 quod
1253 1830 1331 1866 petiit
1357 1834 1388 1858 ut
1410 1837 1460 1866 pro
1483 1837 1514 1858 se
1530 1830 1717 1865 postularent,
1735 1829 1794 1865 ipse
1807 1829 1847 1857 eis

1065 1881 1241 1911 apprecatur.
1251 1875 1367 1912 Rogavit
1378 1879 1470 1905 autem
1488 1880 1518 1903 ut
1533 1876 1569 1904 ab
1584 1875 1748 1911 importunis
1762 1875 1848 1903 homi-

1064 1921 1159 1952 nibus,
1169 1920 1216 1956 qui
1232 1920 1293 1950 ﬁdei
1306 1921 1490 1955 obsistebant,
1511 1921 1697 1949 liberaretur:
1714 1921 1766 1948 hoc
1786 1928 1850 1956 ergo

1064 1967 1123 2002 ipse
1132 1965 1256 1994 vicissim
1266 1966 1322 1994 illis
1330 1970 1507 2001 apprecatur,
1521 1971 1552 1994 ut
1563 1974 1662 2002 nempe
1676 1970 1820 1997 set-rentur
1833 1973 1851 1997 δ

1065 2011 1149 2038 malo.

1101 2055 1183 2086 Vsus.
1198 2055 1226 2082 ι.
1247 2064 1257 2081 ι
1278 2055 1451 2086 Conﬁdimus
1468 2059 1560 2084 autem
1574 2055 1603 2084 in
1621 2055 1739 2085 Domino
1751 2056 1787 2084 de
1800 2063 1853 2084 νος

1065 2102 1120 2135 bis,
1135 2102 1266 2137 quoniam
1280 2110 1341 2138 quae
1353 2102 1526 2138 praecipimus
1541 2102 1622 2131 vobis
1633 2123 1641 2136 ,
1659 2107 1687 2131 et
1708 2102 1813 2131 tacitis.
1837 2112 1847 2129 ι

1101 2147 1146 2175 Ait
1163 2155 1212 2176 eos
1224 2147 1437 2184 quibuscunque
1458 2147 1522 2176 aliis
1536 2147 1779 2176 adhortationibus
1794 2155 1859 2177 non,

230 2195 340 2223 νέσεων·
356 2196 426 2232 Ἤδη
441 2197 506 2232 γὰρ,
521 2197 602 2232 φησὶν
614 2218 622 2231 ,
637 2197 721 2230 αὐτὰς
736 2197 891 2230 ἐπεδείξατε
904 2197 947 2224 διὰ
957 2199 1009 2225 τῶν

1064 2193 1197 2229 indigere.
1214 2192 1270 2221 llas
1286 2193 1360 2221 cnim
1381 2201 1464 2228 opere
1478 2193 1656 2229 pmstitistis,
1670 2193 1779 2229 inquit;
1799 2201 1862 2222 nec"

231 2242 334 2279 ἔργων·
360 2242 406 2269 καὶ
424 2243 474 2269 οὐκ
488 2243 618 2278 ἀρκεῖσθε
638 2243 684 2270 ἐπὶ
705 2244 762 2274 τοῖς
777 2243 929 2278 γεγονόσιν,
945 2242 1024 2271 eam

231 2288 278 2316 καὶ
294 2287 363 2323 μετὰ
376 2287 463 2314 ταῦτα
480 2288 662 2324 προσθήσετε.

269 2342 279 2359 ι
306 2332 337 2359 '0
359 2333 388 2359 δὲ
416 2332 518 2368 Κύριος
537 2333 700 2360 κατευθύναι
725 2334 803 2369 ὑμῶν
825 2334 874 2366 τὰς
899 2334 1014 2370 καρδίας

232 2378 273 2410 εἰς
287 2377 336 2413 τὴν
353 2378 463 2414 ἀγάπην
475 2379 521 2405 τοῦ
537 2378 614 2412 Θεοῦ,
629 2379 675 2406 καὶ
691 2379 731 2412 είς
746 2379 795 2416 τὴν
811 2379 948 2416 ὑπομονὴν
964 2379 1012 2407 τοῦ

233 2422 349 2457 Χριστοῦ
355 2444 361 2451 .
379 2432 389 2448 ›

266 2468 384 2503 Συνεχὴς
405 2468 422 2505 ἡ
446 2469 595 2506 προσευχὴ,
620 2469 714 2506 ἐπειδὴ
736 2470 784 2497 καὶ
805 2470 874 2506 περὶ,
889 2470 1016 2506 μεγάλων

238 2515 354 2549 γίνεται.
371 2513 456 2542 Τοῦτο
469 2516 497 2542 δέ
513 2517 571 2543 ἐστι
582 2536 591 2549 ,
604 2515 634 2542 τὸ
657 2516 799 2551 ἀγαπῆσαι
815 2516 861 2543 τὸν
878 2516 955 2548 Θεὸν,
971 2517 1018 2544 καὶ

235 2560 382 2594 ὑπομεῖναι
394 2563 454 2593 ταῖς
469 2562 539 2598 ὑπὲρ
560 2561 679 2598 Χριστοῦ
697 2562 801 2597 θλίψεσι
813 2583 820 2594 ,
836 2563 884 2590 καὶ
901 2562 1017 2598 συνάψαι

233 2606 268 2640 τῇ
284 2606 379 2642 ἀγάπῃ
394 2607 444 2641 τὴν
458 2607 596 2644 ὑπομονὴν
606 2629 615 2641 ,
631 2608 732 2644 μᾶλλον
755 2608 784 2635 δὲ
800 2608 949 2644 σφραγίσαι
968 2609 1017 2644 τὴν

236 2651 349 2687 ἀγάπην
361 2653 395 2688 τῇ
410 2653 531 2690 ὑπομονῇ
543 2663 550 2670 ε
566 2654 604 2686 ὠς
619 2655 646 2681 εί
666 2654 829 2689 ἀγαπῶμεν,
844 2654 893 2690 οὐχ
909 2655 1017 2690 ὑπομέ-

234 2703 317 2731 νομεν
331 2696 371 2730 δὲ,
384 2698 431 2724 καὶ
443 2699 460 2733 ή
477 2698 571 2734 ἀγάπη
586 2699 736 2727 διαλύεται.

271 2795 282 2811 ι
299 2786 528 2822 Παραγγέλλομεν
539 2785 568 2813 δὲ
583 2787 658 2822 ὑμῖν,
673 2787 789 2822 ἀδελφοὶ,
801 2790 829 2816 ἐν
840 2789 950 2824 ὀνόματι
967 2792 1017 2818 τοῦ

236 2831 337 2869 Κυρίου
352 2832 431 2868 ὴμῶν
451 2831 538 2871 Ἰησοῦ
553 2832 683 2871 Χριστοῦ,
703 2834 856 2875 στέλλεςθαι
879 2835 950 2871 ὑμᾶς
965 2837 1018 2864 ἀπὸ

1061 2239 1096 2267 iis
1111 2246 1171 2274 qua:
1186 2242 1265 2275 gesta
1282 2242 1359 2273 sunt,
1372 2240 1498 2269 contenti
1514 2239 1594 2273 estis,
1608 2239 1659 2269 sed
1676 2243 1705 2268 et
1720 2239 1862 2274 deinceps

1063 2284 1212 2319 adjicietis.

1100 2329 1183 2358 Vens.
1205 2329 1232 2357 5.
1261 2338 1272 2355 ‹
1299 2328 1433 2357 Dominus
1458 2334 1550 2358 autem
1579 2329 1680 2365 dirigat
1709 2330 1796 2358 corda
1825 2335 1853 2358 et

1063 2383 1180 2411 corpora
1211 2379 1303 2404 vestra
1339 2375 1367 2402 in
1399 2375 1535 2404 charitate
1569 2375 1618 2404 Dei
1651 2379 1678 2404 et
1715 2375 1852 2412 patientia

1067 2421 1181 2451 Christi.
1205 2431 1216 2449 ι

1103 2468 1293 2496 Precationem
1310 2467 1465 2500 continuat,
1490 2467 1557 2503 quia
1581 2467 1616 2496 de
1639 2468 1747 2504 magnis
1767 2469 1863 2497 rebus.

1068 2514 1172 2550 agitur.
1202 2513 1261 2542 Hoc
1285 2517 1376 2542 autem
1403 2517 1446 2541 est
1472 2512 1556 2541 Deum
1583 2520 1688 2545 amaro.
1716 2514 1852 2548 patienter

1067 2561 1186 2588 tolerare
1213 2567 1274 2595 quae
1302 2559 1408 2587 Christi
1439 2566 1523 2587 causa
1547 2559 1705 2587 vexationes
1730 2559 1851 2588 obvene-

1069 2605 1136 2638 rint,
1162 2609 1190 2633 et
1223 2604 1396 2633 tolerantiam
1425 2611 1488 2632 cum
1522 2604 1671 2633 dilectione
1697 2605 1850 2640 copulare:

1069 2651 1194 2688 quinimo
1221 2650 1396 2678 dilectionem
1427 2649 1573 2678 tolerantia
1600 2649 1757 2686 obsignare.
1782 2650 1863 2679 Nam,

1069 2697 1092 2726 si
1115 2696 1268 2733 diligimus,
1285 2703 1374 2731 neque
1394 2696 1575 2730 sustinemus,
1591 2695 1702 2724 dilectio
1721 2696 1750 2724 in
1767 2703 1865 2725 auras.

1070 2743 1137 2772 abit.

1107 2789 1189 2819 Vens.
1203 2788 1262 2817 6-8.
1284 2798 1294 2815 ι
1310 2788 1507 2818 Denuntiamus
1522 2793 1613 2819 autem
1628 2788 1706 2818 vobis
1716 2809 1723 2821 .
1739 2789 1865 2823 l'ratres,_

1073 2837 1099 2865 in
1107 2836 1218 2865 nomine
1234 2836 1340 2865 Domini
1350 2836 1436 2865 nostri
1447 2834 1511 2866 .lesu
1523 2835 1676 2870 Christi,ttt
1684 2835 1864 2866 subtraham.
