2078 3113
216 137 267 167 027

813 143 842 171 S.
862 142 1021 172 JOANNIS
1034 142 1251 172 DAMASCENI

1787 144 1839 174 9’28

216 203 265 221 vos
280 195 314 222 ab
328 196 401 223 omni
426 196 509 224 fratre
533 197 690 225 ambulantc
717 199 883 232 inordinate,
901 206 929 228 et
943 208 998 228 non

1054 201 1150 233 παντὸς
1177 200 1292 236 ἀδελφοῦ
1328 200 1454 231 ἀτάκτως
1471 198 1699 234 περιπατοῦντος,
1729 199 1775 226 καὶ
1803 200 1841 234 μὴ

217 241 369 267 Secundum
395 241 568 269 traditionent
587 250 669 277 quam
694 249 860 279 acceperunt
875 254 890 272 a
908 243 998 277 nobis.

217 285 271 319 Ipsi
303 286 376 312 enim
404 286 481 314 scitis
507 288 737 322 quemadmodum
764 295 869 324 oportet
896 291 1000 318 imitari

217 338 279 360 nos.
300 331 429 365 quoniam
447 339 501 359 non
521 332 634 367 inquieti
661 334 762 362 fuimus
782 335 855 363 inter
873 344 932 368 vos,
951 345 999 364 ne-

218 383 270 408 que
287 376 373 410 gratis
394 384 492 410 panem
508 378 668 412 accepimus
681 380 715 406 ab
727 379 830 414 aliquo,
849 385 896 408 sed
912 382 940 408 in
959 382 1001 409 la-

217 421 283 447 bore
308 425 336 447 et
366 421 528 457 fatigatione
553 428 632 451 nocte
659 430 686 452 et
706 425 749 452 die
773 430 936 460 operantes,
967 435 1001 455 ne

217 474 296 500 quem
315 472 436 493 vestrum
456 475 643 502 gravaremus.
667 479 676 495 Ι

254 511 309 538 Hoc
322 513 403 538 etiam
423 513 528 544 suadet,
548 517 577 540 ιιι
591 514 695 542 otiosos
707 515 839 543 devitent.
852 516 919 544 Nam
931 518 1002 552 ejus-

217 555 288 581 modi
307 556 368 588 viri,
383 556 539 584 blaterones
556 562 619 585 sunt
630 562 656 585 et
672 559 756 586 anxii.
769 560 808 587 Ac
823 560 845 587 si
859 561 926 595 ipse,
938 570 1000 590 eum

219 599 380 632 praedicaret
413 600 603 636 Evangeliu'n,
632 607 718 631 artem
744 612 822 632 suam
846 606 999 639 factitabat,

217 648 321 678 quanto
338 645 426 680 magis
442 646 511 674 alios
533 647 646 680 perinde
671 650 800 678 manibus
820 651 879 679 suis
894 653 1000 687 operari

217 689 361 722 oportebat
375 691 380 716 !

254 733 337 762 Vens.
359 736 434 762 9-12.
465 746 474 762 ι
493 735 553 764 Non
577 739 653 772 quasi
679 746 732 765 non
756 740 935 769 habuerimus
952 750 1001 777 po-

219 783 361 814 testatem;
391 781 437 808 sed
466 787 494 809 ut
525 785 711 819 nosmetipsos
733 785 849 813 formam
873 788 1001 817 daremus

219 825 297 853 vobis
312 825 346 852 ad
359 827 522 854 imitandum
532 836 593 856 nos.
607 829 672 856 Nam
685 834 783 857 etcum
797 839 920 860 essemus
929 834 1001 868 apud

217 877 276 902 vos,
305 871 357 899 hoc
382 872 614 902 denuntiabamus
638 876 726 909 vobis,
741 877 880 911 quoniam,
900 879 922 906 si
940 880 1003 914 quis

218 922 273 942 non
291 916 348 942 vult
362 919 482 951 operari,
502 925 553 945 nec
569 920 726 948 manducet.
744 922 909 951 Audivimus
930 925 1002 952 enim

218 961 290 988 inter
304 969 352 989 vos
363 963 497 997 quosdam
510 965 652 992 ambulare
665 967 796 1001 inquieto,
809 968 877 995 nihil
889 977 1004 1005 operan-

219 1010 271 1038 tes,
286 1007 332 1034 sed
351 1011 378 1034 et
393 1009 504 1037 curiose
518 1015 640 1045 agentes.
654 1011 689 1040 lis
702 1016 792 1040 autem
807 1015 853 1049 qui
867 1015 1002 1049 ejusmodi

218 1056 293 1084 sunt,
315 1053 513 1083 denuntiamus
539 1059 566 1083 et
590 1057 771 1086 obsecramus
790 1067 840 1094 per
855 1061 1003 1089 Dominum

219 1103 344 1126 nostrum
366 1099 458 1128 Jesum
485 1101 637 1134 Christum,
667 1109 697 1131 ut
720 1113 783 1133 cum
804 1106 915 1134 silentio
938 1115 990 1142 ope

219 1148 321 1176 rantes,
338 1152 417 1172 Sllllm
434 1153 530 1181 panem
549 1149 726 1178 manducent.
746 1161 756 1177 ι

254 1191 322 1218 Nam
340 1191 471 1221 Dominus
497 1196 642 1223 constituit
667 1197 721 1224 illis
745 1198 791 1232 qui
822 1199 1005 1232 praedicarent

219 1234 410 1270 Evangelium,
426 1243 456 1264 ut
470 1237 503 1265 de
521 1238 669 1274 Evangelii)
685 1242 818 1270 viverent.

254 1279 339 1309 Vsus.
356 1282 399 1308 15.
418 1291 428 1307 ι
451 1281 508 1310 Vos
526 1289 628 1319 autem,
643 1285 752 1319 fratres,
776 1287 863 1314 nolite
888 1287 1004 1316 deficere

219 1324 435 1354 benefacientes.
457 1337 467 1353 ι

255 1371 337 1406 226
356 1371 405 1399 Vel
426 1372 509 1400 tacite
538 1374 571 1402 de
600 1376 739 1410 eroganda
768 1376 839 1412 stipe
873 1377 1003 1412 loquitur,

219 1415 264 1441 vel
288 1416 341 1443 hoc
367 1416 405 1442 ait
428 1425 435 1444 :
464 1417 576 1446 Minime
605 1420 741 1449 fatiscatis
773 1421 802 1448 in
833 1422 1005 1451 admonendo

219 1459 282 1486 illos
297 1460 343 1495 qui
363 1461 461 1489 nolunt
473 1464 591 1497 operari.
606 1466 663 1493 Hoc
678 1466 750 1493 enim
769 1470 811 1494 est
827 1467 896 1494 bene
913 1475 1003 1503 agere,

219 1505 332 1539 quando
353 1509 525 1536 consuetudo
550 1510 621 1537 mala
646 1511 889 1540 exhortationibus
910 1513 1002 1541 elimi-

220 1554 312 1578 natur.

255 1596 338 1626 Vnus.
357 1599 448 1627 1H6.
472 1609 482 1625 ι
500 1600 576 1633 Quod
597 1601 620 1628 si
636 1601 700 1637 quis
719 1610 775 1630 non
802 1603 896 1632 obedit
921 1604 1005 1631 verbo

219 1647 316 1671 nostro
332 1652 381 1679 per
395 1646 558 1680 epistolam,
581 1647 656 1674 hunc
679 1652 784 1682 notate,
800 1653 827 1676 et
842 1657 876 1677 ne
889 1650 1003 1677 commi-

219 1690 350 1717 seeamini
365 1698 427 1717 cum
444 1691 502 1725 illo,
523 1697 553 1720 ut
568 1693 771 1728 confundatur;
788 1698 815 1722 et
828 1696 914 1723 nolite
925 1696 1004 1730 quasi

219 1734 360 1762 inimicum
373 1737 544 1770 existimare,
559 1739 607 1766 sed
618 1739 750 1775 corripite
763 1744 793 1767 ut
807 1740 929 1769 fratrem.
944 1741 1005 1776 Ipse

219 1783 308 1806 autem
329 1780 462 1809 Dominus
477 1784 564 1817 pacis.
584 1793 594 1810 ι

254 1826 467 1855 Animadversio
482 1828 540 1856 haec
557 1829 704 1858 mediocris
718 1837 781 1858 esse
792 1831 1005 1860 contumacibus

218 1870 345 1899 videtur:
362 1877 552 1901 verumtamen
569 1881 585 1902 e
609 1875 782 1910 gravissimis
805 1880 858 1904 est.
882 1876 949 1904 Nam
975 1881 1006 1904 ut

219 1917 281 1951 quis
312 1917 453 1947 solitarius
480 1923 560 1954 agat,
590 1920 702 1948 tametsi
731 1921 759 1948 in
786 1921 855 1949 urbe
884 1926 1005 1956 maneat,

218 1962 285 1997 quid
300 1963 352 1991 hac
368 1970 449 1999 poena
473 1964 586 2000 gravius
606 1965 709 1994 fuerit?
729 1965 806 1994 Hanc
829 1971 921 1994 autem
949 1975 1005 1995 non

218 2008 293 2041 odio,
308 2009 355 2036 sed
371 2016 465 2037 amore
479 2010 555 2038 illius
569 2011 617 2046 qui
631 2013 782 2044 castigatur
793 2032 801 2045 ,
817 2012 915 2048 inﬂigit
931 2022 937 2040 :
954 2021 1008 2041 un-

218 2053 253 2082 de
266 2054 419 2089 subiunxit,
433 2059 459 2082 et
475 2056 557 2084 nolite
568 2057 646 2092 quasi
655 2057 791 2084 inimicent
802 2058 967 2086 existimare.

258 2109 268 2125 ‹
293 2099 341 2127 Det
354 2100 432 2128 vobis
448 2108 544 2136 pacem
567 2104 763 2138 sempiternam
780 2103 808 2129 in
823 2103 897 2130 omni
911 2103 1004 2131 modo.

217 2144 352 2174 Dominus
375 2147 411 2174 ait
425 2155 489 2175 cum
505 2148 634 2176 omnibus
654 2148 742 2176 vobis.
760 2147 856 2184 [Vens
877 2148 933 2185 17.]
953 2148 1006 2176 Sa-

218 2191 318 2219 lutatio
332 2199 392 2220 mea
408 2200 492 2220 manu
511 2193 600 2220 Pauli.
623 2202 632 2219 ι

253 2235 323 2263 Cum
340 2244 388 2264 eos
406 2238 624 2266 commonuisset
642 2243 672 2265 ut
687 2243 900 2274 segregarentur
920 2240 955 2267 ab
972 2240 1006 2267 iis

219 2282 266 2317 qui
280 2282 439 2310 inordinate
452 2288 573 2319 agerent,
588 2284 710 2312 otendit
732 2285 759 2313 id
781 2293 810 2313 se
825 2293 880 2312 non
897 2290 1006 2321 sponte,

219 2329 266 2356 sed
293 2328 461 2356 necessitate
490 2329 662 2364 compulsum
694 2329 804 2359 fecisse.
820 2331 920 2359 Statim
939 2339 1006 2367 ergo

219 2377 297 2409 rogat
313 2378 342 2401 ut
358 2381 441 2409 pinna
458 2375 568 2403 tandem
585 2375 705 2409 desinat,
728 2376 781 2404 hoc
799 2380 852 2408 est.
872 2384 926 2404 non
943 2384 1006 2412 per-

219 2422 311 2453 petua,
337 2426 389 2446 nec
412 2420 572 2448 omnimoda
598 2421 738 2455 separatio
760 2422 814 2455 sit;
839 2429 934 2457 pacem
965 2422 1006 2449 ni-

219 2465 318 2492 mirum
338 2465 378 2493 cis
399 2466 586 2501 apprecando.
611 2466 723 2494 Desinet
743 2471 855 2498 autem,
871 2467 917 2495 ubi
935 2468 1007 2494 otio-

221 2511 245 2537 si
269 2510 308 2537 illi
334 2514 362 2538 et
385 2510 488 2539 inertes
512 2512 693 2540 mutabuntur
717 2513 744 2540 in
768 2517 899 2541 actuosos
924 2517 951 2541 et
967 2514 1007 2540 di-

221 2555 347 2591 ligentes.

261 2611 269 2627 ι
288 2601 366 2635 Quod
383 2607 426 2631 est
440 2605 549 2640 signum
571 2605 597 2632 in
613 2605 687 2632 omni
698 2605 813 2640 epistola
832 2614 838 2632 :
857 2606 892 2633 ita
904 2605 1005 2634 scribo.

223 2646 317 2684 [νειιε.
335 2649 390 2685 Ι8.]
405 2650 498 2678 Gratia
517 2650 624 2678 Domini
639 2651 727 2679 nostri
742 2650 807 2679 Jesu
821 2650 925 2680 Christi
945 2659 1006 2679 cum

223 2693 350 2722 omnibus
370 2694 459 2723 vobis.
477 2696 576 2723 Amen.
600 2706 609 2722 ι

259 2738 485 2773 Quandoquidem
502 2740 631 2775 Epistolas
647 2741 724 2769 initio
745 2742 774 2769 in
798 2742 872 2770 hunc
896 2741 1007 2770 modum

224 2782 354 2820 praefatus
373 2789 432 2812 erat
448 2794 456 2812 :
476 2786 568 2814 Fidem
597 2787 652 2814 illis
675 2795 728 2814 non
746 2787 875 2816 adhibete
894 2787 940 2822 qui
963 2796 1007 2816 se-

223 2830 345 2858 cundum
362 2829 468 2859 Domini
489 2832 638 2861 adventum
662 2834 742 2862 modo
764 2835 868 2863 instare
895 2842 1005 2863 annun-

602 2960 635 2968 ..ε-

1052 246 1122 273 κατὰ
1140 246 1188 282 τὴν
1203 246 1352 281 παράδοσιν
1364 245 1396 281 ῆν
1409 244 1560 280 παρέλαὸον
1576 244 1642 278 παρ’
1657 244 1746 278 ἡμῶν.
1760 244 1841 271 Αὐτοὶ

1051 292 1105 328 γὰρ
1118 293 1206 318 οἴδατε
1220 293 1277 324 πῶς
1292 292 1333 319 δεῖ
1351 291 1495 327 μιμεῖσθαι
1511 291 1603 325 ἡμᾶς,
1621 290 1661 317 ὅτι
1700 290 1751 317 οὐκ
1774 291 1840 324 ἡτα-

1051 339 1191 374 κτήσαμεν
1200 338 1229 365 ἐν
1244 337 1319 372 ὑμῖν,
1335 337 1395 363 οὐδὲ
1406 336 1509 371 δωρεὰν
1524 336 1606 370 ἄρτον
1619 335 1752 370 ἐλάϐομεν
1766 336 1841 371 παρά

1050 392 1132 415 τινος,
1151 383 1210 410 ἀλλ’
1230 383 1259 409 ὲν
1282 382 1359 416 κόπῳ
1376 382 1422 408 καὶ
1440 381 1531 416 μόχθῳ
1555 380 1640 407 νύκτα
1661 381 1708 407 καὶ
1731 381 1839 416 ἡμέραν

1052 427 1241 463 ἐργαζόμενοι,
1255 427 1323 462 πρὸς
1339 426 1370 453 τὺ
1384 426 1422 461 μὴ
1436 425 1605 461 ἐπιϐαρῆσαί
1623 433 1685 452 τινα
1700 424 1787 460 ὑμῶν.
1807 434 1818 450 ι

1085 517 1141 544 Καὶ
1158 516 1236 544 τοῦτο
1251 517 1342 548 αὐτοῖς
1357 517 1495 551 παραινεῖ,
1515 516 1545 542 τὺ
1564 515 1757 551 παραιτεῖσοαι
1774 515 1839 546 τοὺς

1051 563 1163 598 ἀργούς.
1182 559 1261 590 Οὗτοι
1286 563 1341 598 γάρ
1363 563 1430 589 εἰσιν
1447 562 1494 588 καὶ
1511 561 1636 596 φλύαροι,
1662 561 1708 587 καὶ
1728 561 1839 596 περίερ·

1052 617 1105 642 γοι.
1126 608 1180 634 Καὶ
1198 609 1221 634 εί
1236 608 1317 640 αὐτὸς
1329 608 1358 634 τὸ
1377 607 1543 641 Εὑαγγέλιον
1564 606 1705 641 κηρύττων
1723 606 1839 641 ἐργάζε-

1051 662 1106 687 ται,
1124 654 1198 690 πόσῳ
1218 654 1317 689 μᾶλλον
1332 654 1395 686 τοὺς
1410 654 1507 685 ἀλλους
1525 652 1690 688 ἐργάζεσθαι
1707 652 1766 685 δεῑ;

1086 744 1141 779 Οὐχ
1156 745 1196 771 ὅτι
1220 744 1270 771 οὐκ
1294 744 1392 778 ἔχομεν
1412 743 1547 775 ἐξουσίαν,
1573 741 1631 768 ἀλλ’
1653 741 1697 767 ἵνα
1724 741 1839 772 ἑαυτοὺς

1051 790 1135 816 τὺπον
1147 791 1236 825 δῶμεν
1258 790 1333 824 ὑμῖν,
1351 790 1390 820 είς
1408 789 1438 814 τὸ
1453 787 1594 823 μιμεῖσθαι
1616 788 1701 822 ἡμᾶς,
1716 787 1772 813 Καὶ
1784 787 1838 822 γὰρ

1052 837 1095 862 ὅτε
1108 834 1178 871 ἦμεν
1199 836 1266 871 πρὸς
1279 837 1361 870 ὑμᾶς,
1377 835 1454 861 τοῦτο
1467 834 1691 869 παρηγγέλλομεν
1707 833 1785 868 ὑμῖν,
1797 833 1838 859 ὅτι

1020 871 1041 900 Β
1055 882 1132 914 εἴτις
1146 883 1175 908 οὺ
1192 882 1263 908 ϐέλει
1274 880 1440 916 ἐργάζεσθαι
1453 901 1460 911 ,
1471 880 1538 915 μηδέ
1555 879 1680 906 ἐσθιέτω.
1690 877 1838 912 Ἀκούομεν

1054 926 1108 961 γάρ
1131 934 1206 957 τινας
1224 925 1443 961 περιπατοῦντας
1466 925 1494 951 ὲν
1511 925 1573 959 ὑμῖν
1595 924 1737 957 ἀτάκτως,
1755 924 1838 958 μηδὲν

1054 971 1272 1008 ὲργαζομένους¹,
1290 971 1359 997 ἀλλά
1373 971 1421 997 καὶ
1436 970 1712 1005 περιεργαζομένους.
1729 970 1791 1001 Τοῖς
1809 969 1838 996 δὲ

1054 1015 1183 1046 τοιούτοις
1198 1015 1434 1050 παραγγέλλομεν,
1447 1014 1494 1041 καὶ
1510 1014 1723 1049 παρακαλοῦμεν
1737 1014 1781 1041 διὰ
1791 1013 1837 1040 τοῦ

1053 1061 1157 1096 Κυρίου
1168 1060 1246 1096 ἡμῶν
1270 1060 1357 1095 Ἰησοῦ
1370 1059 1500 1102 Χριστρρ,
1517 1060 1560 1085 ἵνα
1578 1059 1647 1094 μετὰ
1662 1059 1777 1102 ἡσυχίας
1790 1059 1835 1094 ἐρ-

1055 1105 1199 1142 γαζόμενοι
1214 1105 1258 1133 τδν
1273 1105 1377 1134 ἑαυτῶν
1391 1099 1472 1141 ἄρτον
1493 1105 1612 1132 ἐσθίωσι.
1633 1114 1642 1131 ι

1093 1201 1102 1217 ι
1137 1191 1166 1217 '0
1188 1190 1243 1226 γὰρ
1274 1190 1378 1226 Κύριος
1398 1190 1520 1222 διέταξεν
1538 1191 1594 1221 τοῖς
1617 1190 1647 1217 τὸ
1669 1190 1837 1225 Εὐαγγέλιον

1055 1236 1244 1273 κηρύττουσιν,
1262 1236 1294 1262 ἐκ
1306 1236 1352 1262 τοῦ
1368 1235 1533 1270 Εὑαγγελίου
1552 1235 1609 1271 ζῇν.

1091 1292 1100 1308 ι
1123 1282 1217 1317 Ὑμεῖς
1229 1281 1266 1315 δὲ,
1279 1281 1397 1316 ἀδελφοὶ,
1415 1282 1453 1317 μὴ
1468 1282 1572 1317 ἐκκακή
1579 1289 1643 1315 σητε
1657 1281 1835 1308 καλοποιοῦν-

1055 1336 1110 1359 τες.
1129 1337 1138 1352 ι

1090 1373 1126 1398 Ἦ
1138 1380 1171 1398 πι
1177 1372 1202 1406 pl
1212 1371 1398 1406 ἐλεημοσύνης
1407 1372 1498 1403 αὐτοῖς
1511 1371 1662 1407 λεληθότως
1674 1371 1839 1405 διαλέγεται,

1054 1419 1072 1453 ἢ
1091 1418 1169 1445 τοῦτο
1194 1417 1289 1450 λέγει,
1304 1416 1502 1448 Νουθετοῦντες
1523 1418 1587 1448 τοὺς
1605 1417 1642 1452 μὴ
1661 1416 1838 1452 βουλομένους

1055 1462 1219 1498 ἐργάζεσθαι
1247 1461 1284 1496 μὴ
1306 1461 1489 1496 άποκάμνετε.
1512 1462 1599 1489 Τοῦτο
1629 1462 1684 1497 γάρ
1711 1463 1769 1489 ἐστι
1787 1471 1838 1488 κα-

1055 1510 1185 1540 λοποιείν,
1201 1508 1265 1534 ὅταν
1283 1507 1401 1543 πονηρὸν
1415 1507 1475 1539 ἔθος
1488 1508 1641 1535 ἐκϐάλωσιν
1662 1509 1723 1540 ταῖς
1739 1516 1840 1543 παραι-

1057 1556 1169 1582 νὲσεσιν.

1093 1611 1103 1627 ‹
1123 1601 1191 1628 Είδέ
1206 1609 1247 1633 τις
1261 1601 1310 1636 οὐχ
1334 1600 1467 1627 ὑπακούει
1482 1599 1521 1634 τῷ
1544 1599 1616 1635 λόγῳ
1637 1599 1715 1635 ἡμῶν
1727 1599 1770 1626 διὰ
1790 1599 1840 1634 τῆς

1054 1647 1218 1682 ἐπιστολῆς,
1241 1646 1336 1674 τοῦτον
1362 1645 1545 1681 σημειοῦσθε,
1570 1646 1617 1672 καὶ
1639 1645 1676 1681 μὴ
1694 1645 1842 1681 συναναμί-

1054 1692 1153 1726 γνυσθε
1173 1691 1257 1727 αὐτῷ,
1273 1691 1318 1717 ἵνα
1328 1692 1449 1727 ἐντραπῇ
1464 1700 1470 1706 ·
1486 1690 1533 1717 καὶ
1551 1691 1588 1726 μὴ
1604 1690 1641 1722 ὡς
1655 1690 1750 1726 ἐχθρὸν
1764 1692 1841 1725 ἠγεῖ-

1056 1736 1114 1766 σθε.
1130 1735 1199 1764 ἀλλὰ
1214 1735 1366 1762 νουθετεῖτε
1381 1736 1418 1767 ὼς
1429 1735 1554 1770 ἀδελφόν.
1572 1736 1657 1767 Αὐτὸς
1670 1735 1699 1762 δὲ
1712 1736 1726 1762 ό
1739 1735 1840 1771 Κύριος

1054 1781 1105 1816 τῆς
1123 1781 1245 1817 εἰρήνης.
1269 1790 1280 1806 ι

1090 1826 1169 1852 Δοκεῖ
1180 1825 1278 1861 μετρία
1290 1822 1385 1860 εἷναιή
1398 1826 1518 1861 τιμωρία
1530 1826 1583 1857 τοῖς
1596 1824 1632 1861 μὴ
1642 1824 1824 1852 ὑπακούουσιν
1832 1833 1839 1839 ·

1058 1871 1116 1898 ἐστι
1129 1871 1158 1898 δὲ
1172 1870 1226 1897 τῶν
1241 1871 1344 1906 σφόδρα
1362 1871 1480 1906 βαρέων.
1494 1871 1547 1897 Τοῦ
1565 1871 1655 1906 γὰρέν
1669 1871 1772 1906 ἐρημίᾳ
1785 1871 1842 1897 διά-

1055 1925 1124 1951 γειν,
1142 1916 1193 1943 κᾶν
1218 1916 1289 1952 μέσῃ
1308 1918 1341 1952 τῇ
1367 1916 1443 1943 πόλει
1464 1916 1586 1952 τυγχάνῃ
1598 1935 1606 1948 ,
1628 1916 1655 1942 τί
1672 1916 1840 1951 βαρύτερον;

1055 1964 1111 1990 Καὶ
1123 1964 1225 1999 ταύτην
1240 1964 1279 1997 δὲ,
1307 1964 1337 1990 οὐ
1355 1964 1444 2000 μίσει,
1464 1964 1533 1991 ἀλλὰ
1550 1965 1643 2000 ἀγάπῃ
1659 1965 1691 1999 τῇ
1713 1965 1781 2000 πρὸς
1797 1965 1842 1991 τὸν

1055 2008 1272 2045 τιμωρούμενον,
1287 2010 1369 2036 ποιεῖ.
1388 2009 1432 2036 Διδ
1454 2011 1500 2036 καὶ
1522 2010 1657 2044 ἐπήγαγε,
1676 2009 1726 2037 καὶ
1744 2009 1787 2044 μὴ
1801 2010 1842 2043 ὡς

1056 2055 1166 2090 ἐχθρὸν
1178 2055 1310 2091 ᾐτεῖσθε.

1095 2111 1104 2127 ι
1125 2101 1185 2136 Δῴη
1214 2102 1278 2137 ὑμῖν
1300 2101 1351 2136 τὴν
1369 2101 1481 2137 εἰρήνην
1501 2101 1545 2128 διὰ
1570 2101 1673 2132 παντὸς
1702 2101 1732 2128 ὲν
1761 2101 1842 2128 παντὶ

1056 2146 1159 2182 τρόπῳ.
1183 2147 1213 2174 Ὁ
1227 2146 1328 2182 Κύριος
1343 2147 1412 2182 μετὰ
1432 2148 1541 2174 πάντων
1553 2146 1639 2182 ὑμῶν.
1653 2147 1683 2174 '0
1698 2146 1842 2182 ἀσπασμὸς

1057 2193 1090 2228 τῇ
1105 2193 1158 2227 ἐμῇ
1173 2192 1245 2228 χειρὶ
1258 2182 1376 2218 Παύλου.
1404 2201 1413 2218 ι

1055 2220 1208 2272 δ’.
1218 2220 1389 2273 ¹χωρίζεσθαι
1406 2238 1460 2265 τῶν
1488 2239 1614 2266 ἀτάκτων
1627 2237 1776 2274 παρῄνεσε,
1789 2237 1843 2264 δεί-

1058 2291 1163 2315 κνυσιν,
1187 2283 1226 2315 ὡς
1247 2283 1296 2318 οὐχ
1324 2283 1395 2311 ἑκὼν
1415 2283 1496 2311 τοῦτο
1521 2284 1681 2320 πεποίηκεν,
1709 2283 1778 2310 ἀλλὰ
1808 2285 1842 2318 τῇ

1058 2330 1165 2364 ἀνάγκῃ
1182 2328 1311 2361 ἐνδιδούς.
1327 2329 1432 2356 Αὐτίκα
1454 2327 1502 2356 οὖν
1530 2329 1639 2365 εὔχεται
1660 2329 1780 2365 ἀργῆσαι
1794 2329 1844 2364 τὴν

1059 2373 1120 2400 κατ’
1135 2373 1224 2400 αὐτῶν
1238 2374 1375 2410 τιμωρίαν
1386 2395 1393 2406 ,
1411 2375 1536 2401 τουτέστι
1553 2375 1602 2410 τὴν
1622 2375 1775 2406 διάστασιν,
1797 2375 1845 2401 καὶ

1058 2419 1103 2446 τὸν
1115 2419 1254 2454 χωρισμὸν
1266 2419 1311 2446 διὰ
1330 2419 1443 2451 παντὸς,
1458 2421 1505 2447 καὶ
1520 2421 1566 2446 ἐπὶ
1577 2420 1660 2446 παντὶ
1679 2420 1782 2456 τρόπῳ,
1796 2420 1845 2455 τὴν

1058 2465 1169 2501 εἰρήνην
1181 2465 1274 2497 αὐτοῖς
1289 2465 1482 2500 ἐπευχόμενος.
1505 2466 1632 2501 Ἀργήσει
1652 2465 1690 2499 δὲ,
1708 2465 1845 2501 μεταϐαλ‹

1058 2510 1180 2545 λομένων
1195 2510 1317 2546 δηλονότι
1336 2509 1390 2537 τῶν
1407 2509 1500 2546 ἀργῶν
1512 2511 1552 2543 είς
1568 2511 1669 2547 ἄνδρας
1684 2511 1845 2542 σπουδαίους

1060 2556 1105 2583 καὶ
1120 2556 1259 2592 ἐνεργούς.

1098 2610 1107 2626 ι
1127 2601 1176 2633 ’⁷ος
1188 2602 1246 2628 ἐστι
1263 2602 1376 2636 σημεῖον
1386 2601 1415 2628 ὲν
1430 2601 1503 2636 πάσῃ
1515 2601 1643 2637 ἐπιστολῇ
1654 2610 1660 2616 ·
1675 2601 1761 2633 οὕτως
1777 2602 1842 2636 γρά-

1060 2656 1110 2682 φω.
1130 2647 1163 2673 Ἡ
1176 2646 1255 2682 χάρις
1267 2647 1314 2673 τοῦ
1325 2647 1427 2682 Κυρίου
1439 2646 1518 2682 ἡμῶν
1539 2646 1626 2682 Ἰησοῦ
1642 2647 1759 2682 Χριστοῦ
1776 2647 1844 2682 μετὰ

1060 2693 1170 2720 πάντων
1187 2693 1273 2727 ὑμῶν.
1299 2693 1396 2728 Ἀμήν.
1416 2703 1426 2720 ν

1102 2738 1210 2774 Ἐπειδὴ
1228 2739 1378 2774 ἀρχόμενος
1391 2739 1441 2774 τῆς
1461 2738 1605 2773 ἐπιστολῆς
1632 2736 1721 2771 εἴπεν,
1738 2737 1783 2773 Μὴ
1799 2746 1844 2764 πι-

1061 2784 1170 2812 στεύετε
1181 2786 1237 2816 τοῖς
1250 2785 1466 2819 καταγγέλλουσι
1475 2784 1527 2825 νῦν
1539 2784 1586 2820 τὴν
1598 2784 1726 2819 δευτέραν
1740 2791 1844 2818 παρου·

1062 2830 1122 2858 σίαν
1132 2829 1179 2857 τοῦ
1193 2830 1308 2866 Κυρίου,
1319 2830 1371 2858 κᾶν
1386 2831 1409 2857 εἰ
1423 2830 1527 2864 λέγοιεν
1539 2830 1575 2861 ὡς
1591 2830 1669 2864 ἡμεῖς
1682 2829 1716 2856 δι’
1733 2829 1842 2855 ἐπιστο-
