2078 3113
244 117 293 151 931

819 115 849 144 S.
867 111 1029 143 JUANNiS
1051 109 1267 143 DAMASCEN'I

1821 111 1875 143 932

244 175 311 202 tutis
332 182 398 206 stne,
426 180 473 208 per
496 172 616 208 seipsum
638 172 826 207 purgationem
853 173 1020 204 peccatorum

1085 178 1150 205 ματι
1177 169 1227 203 τῆς
1248 167 1389 203 δυνάμεως
1415 167 1507 199 αὐτοῦ,
1526 167 1561 194 δι’
1579 167 1676 194 ἑαυτοῦ
1705 166 1875 202 καθαρισμὸν

243 223 400 246 nostrorum
413 218 528 250 faciens,
547 217 624 245 sedet
634 217 667 244 ad
680 214 980 249 dextcrammajestatis
1002 214 1029 240 in

242 263 370 302 excelsis.
389 272 398 288 ι
1002 267 1006 271 -

278 307 398 335 Rursum
416 307 479 335 vide
493 307 632 342 quomodo
648 307 721 334 hunc
736 306 865 334 eumdem
881 305 964 333 Deum
983 311 1030 339 pa-

242 353 309 380 riter
322 358 349 380 et
373 353 513 380 hominem
531 360 592 380 esse
609 353 793 380 demonstrat.
820 351 937 380 Perinde
958 351 1030 378 etiim

241 404 284 425 est
299 406 331 425 ac
345 399 369 426 si
384 398 489 426 diceret
505 407 511 425 :
527 398 579 431 Qui
604 406 666 426 cum
693 399 731 426 sit
753 399 845 425 lumen
868 398 902 425 de
927 397 1032 424 lumine

242 444 304 479 (hoc
324 445 397 471 enim
423 444 571 479 splendore
596 443 776 479 significatur)
790 464 798 476 ,
825 444 939 478 insuper
956 447 983 470 et
1002 443 1030 469 in

241 489 333 524 seipso
349 489 457 517 Patrem
474 490 597 522 exhibet,
610 490 764 518 secundum
778 489 846 516 illud
869 498 875 516 :
897 488 949 520 Qui
960 487 1030 514 uidet

240 543 290 567 me,
304 535 372 562 videt
386 540 411 562 et
425 535 533 563 Patrem
548 536 571 552 “
585 536 668 571 (quod
682 536 765 571 plane
779 535 852 563 idem
872 538 916 562 est
937 537 1029 569 atque,

238 580 325 615 ﬁgura
347 587 371 608 et
391 582 528 609 character
545 583 704 609 substantia:
723 582 803 616 ejus).
823 581 871 608 Ille
889 580 973 612 enim,
989 579 1031 606 in-

239 627 311 660 quit,
329 633 473 662 postquam
487 628 579 656 factus
595 633 637 656 est
653 629 745 659 homo,
764 631 792 655 et
805 630 919 663 peccata
934 631 1030 653 nostra

239 673 357 706 portavit
375 673 438 707 (hoc
454 674 555 708 quippe
571 674 653 700 verba
667 673 711 700 illa
731 673 849 699 innuunt
864 680 871 698 :
885 671 1026 706 purgatio-

238 726 296 744 nem
320 724 488 753 peccatorum
515 720 639 754 faciens),
667 719 794 747 absoluto
811 717 1030 752 dispensationis

237 763 337 792 divina:
350 766 492 800 mysterio,
503 771 661 800 assumptus
675 769 717 792 est
727 772 789 792 cum
802 765 901 799 gloria,
911 768 937 791 et
951 764 1031 802 sedet

236 808 263 834 in
277 808 367 836 Patris
384 809 490 837 dextra.
508 810 578 837 Dum
593 814 685 837 autem
712 809 802 841 audis,
824 808 859 836 ad
877 809 1028 843 dexteram,

1082 214 1268 250 ποιησάμενος
1297 214 1352 241 τῶν
1382 214 1527 249 ἁμαρτιῶν
1555 213 1652 249 ἡμῶν,
1689 211 1817 239 ἐκάθισεν
1846 213 1875 240 ὲν

1081 261 1157 296 δεξιᾷ
1170 261 1220 295 τῆς
1238 260 1435 295 μεγαλωσύνης
1450 260 1479 287 ὲν
1494 259 1617 295 ὑψηλοῖς.
1639 269 1648 285 ι

1118 307 1189 341 Ὅρα
1200 306 1258 338 πῶς
1275 306 1358 333 πάλιν
1373 307 1440 341 ἡμῖν
1454 306 1499 332 τδν
1524 305 1590 332 Θεὸν
1606 304 1674 339 ὁμοῦ
1690 304 1809 330 δείκνυσι
1826 304 1874 331 καὶ

1083 352 1241 388 ἄνθρωπον.
1256 352 1370 387 ’Ὅμοιον
1384 352 1439 387 γὰρ
1451 352 1489 385 ὡς
1505 351 1529 378 εῑ
1544 351 1636 385 λέγοι·
1652 350 1711 381 Φῶς
1723 349 1760 376 ὢν
1778 350 1810 376 ὲκ
1819 359 1874 383 φω-

1082 398 1127 430 τδς
1140 397 1228 434 (τοῦτο
1245 398 1299 433 γὰρ
1313 397 1354 429 τδ,
1362 396 1542 432 ἀπαύγασμα,
1554 395 1652 432 δηλοῖ),
1674 395 1720 422 καὶ
1735 397 1763 423 ὲν
1782 396 1873 432 ἑαυτῷ

1081 446 1126 472 τδν
1151 445 1260 480 Πατέρα
1280 444 1412 476 δείκνυσι,
1446 444 1517 470 κατὰ
1538 443 1586 476 τὸ,
1610 443 1641 470 '0
1664 443 1800 476 ἑωρακώς
1824 451 1871 476 με,

1080 491 1192 525 ἑώρακε
1211 490 1264 517 τὸν
1278 490 1409 524 Πατέρα·
1435 489 1515 516 τοῦτο
1543 489 1597 524 γάρ
1627 489 1696 520 ἐστι,
1721 487 1873 523 χαρακτὴρ

1080 536 1136 571 τῆς
1155 536 1354 569 ὑποστάσεως
1384 532 1489 563 αὑτοῦ.
1522 532 1617 568 Οὗτος,
1646 535 1725 570 φησὶ,
1752 533 1872 568 γεγονὼς

1081 581 1233 617 ἄνθρωπος,
1248 581 1297 608 καὶ
1321 582 1370 614 τὰς
1395 581 1533 617 ἁμαρτίας
1561 580 1640 616 ἡμῶν
1668 580 1872 616 βαστάσας’τὺ

1080 626 1145 662 γὰρ,
1171 627 1359 661 καθαρισμὸν
1385 626 1445 653 νῶν
1470 625 1621 661 ἁμαρτιῶν
1648 625 1869 660 ποιησάμενος,

1079 672 1160 699 τοῦτο
1190 673 1275 708 δηλοῖ.
1311 673 1397 699 Πάλιν
1425 671 1574 707 πληρώσας
1591 671 1685 706 τὸτῆς
1714 671 1870 705 οἰκονομίας

1081 719 1244 754 μυστήριον,
1277 719 1417 754 ἀνελήφθη
1435 719 1463 744 ὲν
1478 718 1552 754 δόξῃ,
1580 716 1693 744 ὲκάθισέ
1708 725 1738 743 τε
1754 717 1782 743 ὲν
1794 716 1870 749 δεξιᾷ

1079 763 1125 795 τοῦ
1158 764 1273 799 Πατρός.
1299 764 1335 790 Τὸ
1351 764 1379 791 δὲ
1399 764 1436 790 ἐν
1455 763 1550 796 δεξιᾷ,
1582 763 1642 796 καὶ,
1665 763 1700 789 ἐν
1719 762 1867 796 ὐψηὰοἷς,

1079 809 1199 843 ἀκούων,
1212 810 1249 845 μὴ
1263 810 1345 837 τόπον
1357 814 1371 835 Ρ
1381 810 1467 841 αὑτὰς
1480 809 1618 845 σημασίας
1630 809 1762 844 λάμϐανε·
1772 809 1868 844 ἀπερί-

235 857 273 885 et,
291 854 318 880 in
332 855 455 887 excelsis,
473 863 506 882 ne
524 856 583 882 loca
598 855 631 882 iis
644 855 758 883 vocibus
771 854 896 882 denotari
910 855 1020 883 arbitre-

1077 863 1202 890 γραπτον
1233 855 1288 890 γὰρ
1322 855 1353 882 τὸ
1376 856 1470 882 Θεῖον·
1498 855 1567 882 ἀλλὰ
1596 854 1764 890 θεοπρεποῦς
1789 854 1868 890 δόξης

235 899 275 925 ris
290 899 298 932 (
316 899 387 927 Deus
405 900 540 934 siquidem
558 901 817 935 incircumscriptus
835 899 900 935 est),
916 899 965 926 sed
982 900 1024 927 di-

234 945 326 971 vinam
343 945 437 978 potius
455 946 570 980 gloriam
588 950 614 973 ot
630 946 784 974 claritatem
805 945 938 980 intellige.
954 943 1024 972 illud

233 995 336 1023 autem,
349 996 460 1024 portans
474 992 574 1023 omnis,
589 992 662 1019 idem
692 995 735 1020 est
751 999 786 1019 ac
807 991 899 1018 omnia
921 990 1024 1025 guber—

233 1043 304 1063 nans
318 1041 346 1064 et
362 1036 572 1065 administrans.
586 1036 656 1064 Nam
676 1038 768 1064 omnia
783 1044 831 1071 per
846 1036 935 1071 ipsum
950 1035 1023 1063 facta

233 1087 308 1114 sunt,
321 1087 348 1110 et
363 1084 531 1116 consistunt,
544 1088 574 1111 ut
586 1084 613 1111 in
628 1084 766 1112 concione
783 1082 888 1111 Paulus
904 1082 1020 1110 dixerat.

231 1128 306 1156 Bene
326 1137 393 1156 vero
408 1130 457 1162 ait,
473 1134 583 1164 portatu
607 1131 698 1157 omnia
721 1129 809 1161 uerbo,
829 1133 859 1157 ut
873 1129 964 1164 palam
982 1127 1023 1155 fa-

231 1174 287 1202 ciat
301 1182 363 1202 eum
377 1175 520 1203 universas
536 1183 580 1203 res
595 1176 734 1208 conditae,
759 1175 817 1203 sive
847 1174 1020 1210 superiores,

231 1220 290 1247 sive
303 1219 459 1253 inferiores,
473 1220 585 1249 facilius
602 1229 684 1257 quam
700 1221 765 1256 quis
781 1220 895 1248 miniata
914 1219 1022 1247 levissi-

230 1274 329 1301 nmque
356 1266 444 1301 digito
471 1272 590 1300 moveat,
619 1275 747 1296 sermone
771 1274 823 1295 suo
848 1269 1019 1299 sustentare.
1039 1265 1108 1300 sive,
1133 1266 1257 1303 inquam,
1280 1271 1428 1296 terrestres
1448 1275 1487 1295 ea:
1504 1268 1579 1299 sint,

231 1313 291 1340 sive
303 1312 385 1339 etiam
407 1312 583 1340 sublimiores
596 1313 679 1341 eteio.

265 1369 348 1398 Vsus.
373 1370 401 1402 4,
428 1369 455 1396 5.
474 1378 483 1395 ε
502 1369 592 1397 Tanto
626 1370 726 1397 melior
754 1369 862 1406 angelis
891 1367 1016 1401 effectus,

229 1419 333 1450 quanto
347 1415 520 1443 differentias
542 1421 598 1448 prae
619 1415 676 1443 illis
705 1422 805 1443 nomen
833 1414 1015 1443 hareditavit.

229 1461 281 1488 Cui
295 1462 368 1488 enim
384 1461 452 1488 dixit
468 1461 618 1496 aliquando
631 1461 792 1496 angelorum
809 1470 815 1488 :
831 1459 919 1488 Filius
938 1466 1017 1488 meus

229 1512 260 1532 es
273 1508 313 1538 tu,
327 1513 375 1540 ego
392 1505 474 1532 hodie
486 1505 568 1540 genui
587 1505 631 1532 te?
647 1509 676 1533 et
693 1512 802 1533 rursum
819 1513 826 1532 :
843 1505 901 1541 Ego
913 1511 963 1533 ero
977 1504 1016 1532 illi

229 1549 258 1576 in
273 1552 389 1585 patrem,
404 1554 432 1577 et
446 1550 506 1585 ipse
519 1550 572 1577 crit
585 1549 652 1577 mihi
669 1550 697 1577 ln
713 1549 811 1577 filium.
831 1559 840 1576 ι

263 1649 400 1683 Quoniam
425 1651 628 1679 incarnationis
643 1652 804 1687 mysterium
828 1652 1014 1688 pradicando,

229 1695 278 1723 Dei
295 1695 396 1723 Filium
424 1697 461 1724 ait
481 1697 601 1732 seipsum
627 1697 798 1732 lmmiliasse,
826 1698 914 1726 forma
942 1700 1014 1727 servi

228 1746 356 1775 accepta;
372 1748 431 1768 eam
447 1741 482 1769 ob
496 1749 554 1769 rem
566 1742 642 1769 illum
658 1742 769 1770 confert
780 1750 842 1770 cum
859 1743 975 1779 angelis,
985 1747 1015 1770 ut

230 1785 363 1821 approbet
379 1787 467 1820 illum,
480 1788 588 1815 tametsi
600 1787 687 1815 factus
708 1792 751 1816 est
769 1788 1014 1822 homo,nihilomi-

227 1839 280 1859 nus
299 1839 359 1860 esse
383 1832 466 1860 Deum
492 1837 519 1860 et
544 1833 710 1862 Dominum:
728 1838 810 1870 atque
826 1835 877 1863 hoc
892 1843 1015 1863 momen-

227 1881 298 1910 tum,
318 1885 372 1905 rem
391 1879 474 1906 altius
490 1880 654 1914 repetendo,
674 1880 818 1908 conﬁrmat
835 1889 868 1909 ex
893 1882 1014 1917 prophe-
1034 1876 1037 1879 ’

227 1923 275 1956 tis,
292 1928 321 1950 ut
335 1932 413 1951 nemo
429 1926 546 1952 assertis
561 1926 619 1953 suis
636 1925 736 1954 audeat
750 1927 952 1955 contradicere.

261 1979 345 2015 228
363 1979 446 2007 Vens.
462 1980 519 2008 6-8.
544 1990 553 2007 ι
579 1982 612 2010 Et
639 1990 701 2010 cum
729 1982 830 2011 iterum
862 1984 1014 2011 introducit

226 2026 437 2061 primogenitum
467 2027 494 2054 in
521 2028 614 2054 orbem
638 2033 730 2062 terras,
745 2028 813 2056 dicit
829 2038 835 2056 :
852 2028 885 2056 Et
899 2029 1014 2057 adorent

226 2078 288 2097 eum
305 2079 401 2099 omnes
418 2073 510 2107 angeli
527 2072 594 2107 Dci;
611 2077 639 2101 et
659 2074 693 2101 ad
716 2075 826 2109 angelos
841 2075 952 2110 quidem
969 2075 1013 2103 di-

226 2116 264 2144 cit
280 2126 287 2144 :
303 2117 355 2150 Qui
373 2117 437 2144 facit
453 2119 566 2153 angelos
583 2127 649 2147 suos
669 2120 795 2154 spiritus,
817 2124 845 2147 et
870 2121 1013 2150 ministros

226 2168 292 2189 suos
306 2161 442 2189 ﬂammam
457 2163 538 2198 ignis.
549 2163 590 2190 Ad
607 2163 703 2192 Filium
719 2170 809 2193 autem
823 2176 829 2193 :
843 2175 852 2191 ι

1027 2237 1049 2266 D

260 2256 300 2286 Ne
314 2258 454 2295 negotium
470 2259 590 2289 facessat
610 2261 671 2296 tibi,
696 2262 804 2299 inquit,
819 2264 893 2300 quod
914 2265 1012 2294 audias

224 2312 286 2332 cum
299 2305 404 2340 angelis
421 2305 503 2340 paulo
518 2307 651 2336 minorem
662 2316 725 2337 esse
735 2308 851 2338 factum.
866 2310 933 2338 Nam
949 2311 1012 2340 vide

225 2351 325 2377 iterum
341 2350 453 2385 quinam
472 2351 518 2380 ille
532 2354 644 2381 exsistit
659 2354 731 2383 Deus
748 2365 755 2384 :
769 2364 831 2384 cum
847 2364 946 2392 nempe
961 2365 1011 2386 an-

222 2397 276 2432 geli
299 2404 410 2432 quoque
435 2398 524 2433 ipsum
541 2399 667 2429 adorent.
689 2402 742 2430 Ubi
759 2408 850 2431 autem
872 2404 900 2430 in
922 2403 1009 2431 orbem

223 2447 301 2470 teme
321 2442 432 2477 dicitur,
453 2444 499 2471 alii
516 2450 617 2474 terram
634 2447 714 2474 istam
731 2448 881 2483 accipiunt,
902 2449 950 2476 alii
965 2449 1010 2476 fu—

226 2492 324 2515 turam.
352 2487 505 2525 Utrumque
531 2499 598 2520 vero
618 2493 773 2528 appositum
798 2498 850 2521 est.
868 2494 902 2521 Et
921 2499 1006 2529 certe,

221 2533 287 2559 dum
303 2532 517 2567 dispensationis
534 2538 696 2572 mysterium
712 2539 839 2574 gerebat.
857 2541 947 2576 angeli
963 2541 1005 2574 ei,

224 2582 272 2604 seu
286 2577 402 2606 Domino
417 2588 480 2613 suo,
500 2582 713 2618 ministrabant;
731 2585 862 2620 itemque,
878 2586 1003 2621 subjectis

257 2652 280 2670 "
299 2653 379 2685 Joan.
397 2665 451 2690 λιν,
468 2659 494 2686 9.

1073 900 1235 935 δηλωτικάς.
1253 901 1290 927 Ti:
1304 901 1332 928 δὲ
1346 901 1446 936 φέρων
1461 901 1498 928 τὰ
1511 901 1619 933 πάντα,
1646 900 1707 927 ἀντὶ
1720 899 1767 926 τοῦ
1779 919 1787 932 ,
1802 900 1866 926 διοι-

1073 946 1130 973 κῶν
1165 947 1214 973 καὶ
1237 947 1387 982 κυϐερνῶν,
1414 948 1516 974 κεῖται.
1536 947 1576 974 Δι’
1590 946 1674 973 αὐτοῦ
1695 945 1750 981 γὰρ
1777 945 1867 972 πάντα

1073 992 1194 1026 ἐγένετο,
1209 992 1257 1019 καὶ
1270 993 1448 1029 συνέστηκεν,
1465 993 1504 1025 ὡς
1522 993 1551 1020 ὲν
1565 992 1750 1028 δημηγορῑάις
1762 992 1776 1018 ὀ
1793 991 1865 1018 Παῦη

1073 1037 1118 1069 λος
1131 1037 1194 1073 ἔφη.
1212 1036 1249 1064 Εὖ
1265 1038 1294 1064 δὲ
1307 1039 1348 1071 τὸ,
1363 1038 1505 1073 φέρυνέψ
1515 1039 1556 1071 τῷ
1565 1033 1690 1074 ῥήματι,
1709 1038 1754 1065 ἵνα
1777 1037 1864 1074 δείξῃ,

1074 1082 1112 1114 ὡς
1124 1083 1173 1118 τὴν
1190 1083 1338 1119 σύμπασαν
1357 1084 1458 1118 κτίσιν,
1474 1085 1525 1121 τὴν
1543 1084 1611 1118 ἄνω,
1631 1084 1680 1120 τὴν
1698 1085 1783 1116 κάτω,
1810 1083 1864 1110 ὥσ-

1075 1136 1128 1163 περ
1138 1129 1163 1155 οι
1175 1129 1210 1155 τὰ
1226 1129 1297 1156 πάνυ
1315 1130 1403 1165 μικρὰ
1417 1130 1466 1157 καί
1485 1131 1667 1166 εὑτοαράφορι
1687 1130 1788 1166 μᾶλλον
1818 1129 1865 1155 δα-

1075 1173 1174 1200 κτύλου
1194 1174 1342 1207 κινοῦντες,
1371 1174 1458 1208 οὕτως
1484 1175 1566 1208 αὐτὸς
1577 1176 1681 1211 ῥήματι
1696 1175 1730 1203 τὰ
1744 1175 1863 1209 ἐπίγεια,

1074 1219 1110 1246 τὰ
1119 1219 1243 1255 οὐράνια,
1259 1221 1293 1247 τὰ
1304 1222 1455 1256 ἐπουράνια
1471 1221 1560 1257 φάρει.

1620 1267 1679 1295 sive
1718 1267 1844 1295 caelestes
1853 1285 1863 1301 ,

1108 1377 1118 1393 ι
1133 1365 1259 1401 Τοσούτῳ
1274 1366 1407 1402 κρείττων
1419 1367 1566 1402 γενόμενος
1580 1365 1635 1392 τῶν
1651 1365 1784 1399 ἀγγέλων,
1809 1367 1862 1401 ὅσῳ

1069 1412 1272 1450 διαφορώτερον
1299 1413 1365 1448 παρ’
1393 1412 1493 1443 αὐτοὺς
1516 1411 1739 1446 ἐκληρονόμησεν
1764 1411 1860 1445 dvorsa.

1071 1460 1131 1487 Τινι
1150 1459 1206 1495 γὰρ
1222 1457 1284 1486 εἶπέ
1312 1464 1379 1485 ποτε
1400 1458 1455 1484 τῶν
1471 1457 1596 1492 ἀγγέλων
1607 1464 1613 1472 ·
1634 1457 1698 1488 Υἱός
1715 1465 1766 1492 μου
1779 1455 1804 1482 εἴ
1816 1456 1860 1489 σὺ,

1070 1505 1128 1539 ἐγὼ
1158 1506 1279 1541 σήμερον
1297 1503 1454 1539 γεγέννηκά
1473 1502 1583 1535 enatat
1598 1502 1690 1535 πάλιν,
1712 1501 1782 1537 Ἐγὼ
1802 1501 1861 1528 ἔσο-ι

1029 1565 1051 1595 c
1071 1560 1121 1587 μαι
1151 1550 1226 1586 αὐτῷ
1248 1551 1289 1582 εις
1313 1549 1433 1584 πατέρα,
1463 1548 1512 1575 καὶ
1540 1547 1622 1580 αὐτὸς
1645 1547 1724 1574 ἕσται
1748 1555 1794 1582 μοι
1821 1547 1860 1578 εἰς

1066 1598 1134 1628 υἱόν.
1159 1606 1169 1622 ι

1107 1663 1217 1699 Ἐπειδὴ
1231 1661 1321 1696 τὸτῆς
1347 1660 1503 1695 οἰκονομίας
1531 1660 1678 1695 κηρύσσων
1693 1660 1855 1695 μυστήριον,

1065 1708 1297 1738 τεταπεινωκέναι
1316 1706 1412 1734 ἑαυτὸν
1439 1706 1502 1742 ἔφη,
1529 1705 1648 1733 λαϐόντα
1674 1705 1769 1732 δούλου
1789 1714 1857 1740 μορ-

1073 1757 1126 1793 φήν
1145 1766 1151 1772 ·
1166 1755 1262 1782 τούτου
1276 1754 1356 1789 χάριν
1369 1753 1495 1787 ἀγγέλοις
1524 1752 1606 1779 αὑτὸν
1635 1751 1787 1787 συγκρίνει,
1805 1752 1858 1778 δει-

1065 1804 1147 1834 κνὺς,
1173 1800 1211 1832 ὠς
1241 1800 1281 1827 ὅτι
1300 1799 1348 1826 καὶ
1378 1797 1499 1832 γεγονὼς
1525 1796 1679 1833 ἄνθρωπος,
1703 1796 1779 1823 οὐδὲν
1807 1794 1857 1832 ἧτ⁴

1065 1848 1110 1875 τόν
1127 1848 1185 1874 ἐστι
1202 1845 1268 1877 Θεὸς
1285 1845 1332 1871 καὶ
1352 1844 1502 1879 Δεσπότης,
1519 1843 1567 1870 καὶ
1592 1843 1638 1869 τὺν
1654 1841 1748 1876 ἀγῶνα
1761 1841 1856 1869 τοῦτον

1064 1893 1167 1920 ᾶνωϐεν
1189 1893 1220 1918 ὲκ
1240 1890 1389 1926 προφητῶν
1417 1889 1603 1924 ἰσχυροποιεῖ,
1622 1888 1697 1920 ὅπως
1712 1887 1744 1913 ἂν
1761 1886 1854 1922 μηδεὶς

1063 1938 1216 1973 ἀντιλέγειν
1231 1937 1280 1973 ἐχῃ
1299 1938 1356 1968 τοῖς
1371 1935 1538 1971 λεγομένοις.

1101 1994 1184 2021 Ὅταν
1200 1994 1228 2020 δὲ
1244 1993 1326 2020 πάλιν
1340 1991 1477 2027 εἰσαγάγῃ
1489 1991 1536 2018 τὸν
1552 1989 1724 2026 πρωτότοκον
1742 1990 1781 2021 εἰς
1804 1989 1854 2025 τὴν

1063 2040 1237 2075 οἰκουμένην,
1246 2039 1320 2073 λέγει
1329 2047 1335 2054 ·
1349 2037 1405 2065 Καὶ
1414 2037 1682 2072 προσκυνησάτωσαν
1697 2035 1772 2070 αὐτῷ
1784 2035 1852 2062 πάν-

1062 2095 1108 2118 τες
1119 2085 1230 2120 ἄγγελοι
1245 2083 1327 2112 Θεοῦ·
1345 2083 1475 2118 καὶπρὸς
1491 2082 1542 2118 μὲν
1570 2080 1635 2113 τοὺς
1661 2080 1794 2115 ἀγγέλους
1808 2080 1852 2106 λέ-

1063 2139 1124 2166 γει·
1146 2131 1175 2158 Ὀ
1190 2129 1274 2158 ποιῶν
1285 2129 1349 2161 τοὺς
1369 2128 1501 2164 ἀγγέλους
1521 2126 1603 2155 αὑτοῦ
1635 2127 1787 2161 πνεύματα,
1806 2125 1853 2152 καὶ

1063 2177 1124 2208 τοὺς
1136 2175 1311 2210 λειτουργοὺς
1324 2173 1407 2202 αὐτοῦ
1433 2173 1520 2209 πυρὸς
1547 2171 1645 2207 φλόγα.
1677 2171 1749 2206 Πρὸς
1761 2170 1790 2198 δὲ
1806 2169 1851 2198 τὸν

1064 2220 1139 2248 Υἱόν.
1155 2231 1164 2247 t

1098 2277 1146 2313 Μὴ
1175 2276 1326 2312 θορυδείτω
1341 2280 1369 2302 σε
1383 2297 1391 2309 ,
1409 2275 1493 2310 φησι,
1510 2275 1541 2301 τὸ
1565 2274 1681 2302 ἀκοῦσαι
1713 2273 1800 2309 βραχὺ
1822 2278 1850 2300 τι

1060 2322 1126 2357 παρ’
1147 2322 1282 2356 ἀγγέλους
1298 2321 1381 2347 αὑτὸν
1408 2319 1597 2347 ἐλαττοῦσθαι.
1611 2318 1684 2355 ’Ὦρα
1706 2318 1761 2354 γὰρ
1791 2318 1850 2350 πῶς

1060 2365 1143 2392 πάλιν
1155 2366 1214 2392 ἐστὶ
1227 2365 1305 2397 Θεὸς,
1322 2365 1390 2390 ὅπου
1402 2371 1433 2398 γε
1445 2364 1493 2390 καὶ
1516 2362 1630 2397 ἄγγελοι
1651 2360 1850 2397 προσκυνοῦσιν

1059 2411 1143 2446 αὐτῷ.
1162 2411 1199 2437 Τὸ
1212 2410 1252 2443 δὲ,
1266 2411 1312 2443 εις
1326 2408 1384 2443 τὴν
1405 2408 1596 2443 οἰκουμένην,
1606 2409 1632 2434 οἱ
1648 2407 1698 2443 μὲν
1724 2407 1774 2442 τὴν
1797 2403 1848 2433 ὦδε

1058 2456 1201 2490 λέγουσιν,
1228 2456 1295 2483 οἶδὲ
1316 2455 1365 2491 τὴν
1394 2454 1554 2489 μέλλουσαν.
1572 2453 1728 2489 ’Δμφότερα
1741 2452 1770 2479 δὲ
1791 2452 1847 2485 ἔχει

1061 2501 1162 2533 καλῶς.
1180 2501 1236 2528 Καὶ
1250 2501 1341 2535 τὸτῆς
1362 2498 1520 2534 οἰκονομίας
1548 2498 1696 2533 μυστήριον
1727 2496 1864 2528 τελοῦντες

1059 2544 1145 2579 αὐτῷ,
1170 2543 1312 2579 διηκόνουν
1328 2544 1366 2575 ὡς
1381 2543 1504 2578 Δεσπότῃ
1521 2543 1546 2568 οἱ
1564 2542 1674 2576 ἄγγελοι
1692 2549 1698 2556 ·
1716 2542 1764 2568 καὶ
1787 2542 1848 2566 ἑπο-

1060 2590 1144 2624 pater,
1160 2590 1188 2616 ἐν
1204 2589 1329 2624 οὐρανοῖς
1342 2607 1349 2622 ,
1365 2587 1578 2622 ὑποταγέντων
1603 2587 1684 2620 αὐτῷ
1699 2586 1845 2622 ἀγγέλων,

844 2739 970 2767 .VABl/E
991 2739 1191 2770 LECTIONES.

255 2806 266 2827 ιι
281 2801 402 2837 cherim
416 2802 518 2836 potius,
533 2803 631 2830 τόπων.
