2078 3113
198 103 252 134 9'37

795 97 837 128 1N
857 96 976 127 EPIST.
994 95 1042 124 AD
1061 93 1255 124 IIEBREOS.

1795 90 1848 124 938

241 168 250 183 1
268 157 305 185 Οὔ
322 156 376 191 γὰρ
401 155 525 190 ἀγγέλοις
542 154 660 186 ὑπέταξε
688 153 736 188 τὴν
764 153 927 187 οἰκουμένην
948 151 998 186 τὴν

1089 148 1170 175 Vens.
1200 149 1224 175 5.
1254 157 1262 172 ‹
1286 146 1345 173 Non
1376 147 1448 173 enini
1477 145 1581 181 angelis
1607 145 1727 180 subjecit
1753 145 1847 173 orbem

207 203 366 236 μέλλουσαν,
386 203 450 238 περὶ
463 200 496 237 ἧς
514 200 660 235 λαλοῦμεν.
677 209 685 225 ι

241 248 291 275 Διὰ
306 247 386 274 τοῦτο
419 247 588 283 προσέθηκε,
614 246 681 280 περὶ
710 243 748 280 ἧς
769 244 936 278 λαλοῦμεν,
958 243 1000 270 ἵνα

207 294 244 330 μὴ
262 294 358 330 ἑτέραν
380 293 441 320 τινὰ
467 293 631 328 οἰκουμένην
649 293 742 327 ζητεῖν
756 291 793 327 δῷ
812 291 851 326 τῷ
863 291 1000 326 ἀκροατῇ.

203 339 268 370 Πῶς
290 337 337 366 οὖν
354 338 440 373 αὐτὴν
457 338 639 373 μέλλουσαν
664 337 762 370 nisi;
779 337 820 363 ὅτι
845 335 923 362 τοῦτο
941 334 1002 366 ἔθος

205 387 240 421 τῇ
252 385 314 420 Θείᾳ,
332 385 427 420 Γραφῇ
454 384 548 418 ὥσπερ
577 383 623 410 καὶ
638 382 750 419 ἑτέρωθί
764 391 848 418 φησι,
867 381 920 414 ’Ὃς
937 381 1003 408 ἐστι

206 433 301 464 τύπος
331 430 385 457 τοῦ
403 430 584 465 μέλλοντος,
611 428 675 463 περὶ
703 428 749 455 τοῦ
767 428 863 463 Ἀδὰμ,
880 427 927 454 καὶ
954 426 1001 454 τοῦ

203 478 325 514 Χρισξοῦ
340 478 437 512 λέγων.
451 477 561 512 Ταύτην
577 476 623 503 οὖν
635 476 685 502 οὐκ
703 475 830 510 ἀγγέλοις
854 474 1000 507 ὑπέταξεν,

207 524 274 551 ἀλλὰ
285 524 324 559 τῷ
333 523 453 559 Χριστῷ.

246 625 254 640 ι
269 614 476 650 Διεμαρτύρατο
487 613 514 640 δέ
528 615 579 640 πού
604 623 646 646 τις
672 613 759 647 λέγων
772 619 779 627 ’
804 612 852 644 Τίς
868 613 940 640 ἐστιν
956 612 1003 639 ἄν-

201 661 326 696 Ὁρωπος,
344 660 385 686 ὅτι
400 660 544 695 μιμνήσκῃ
555 658 649 692 αὑτοῦ,
663 659 680 694 ἢ
698 658 756 690 υἱὸς
779 658 935 692 ἀνθρώπου,
961 657 1002 684 ὅτι

208 705 361 741 ἐπισκέπτῃ
385 705 485 736 dimov;
511 704 684 735 Ὴλάττωσας
700 703 780 730 αὑτὸν
796 703 882 739 βραχύ
893 712 919 730 τι
938 703 1002 738 παρ’

206 751 354 784 ἀγγέλους,
371 750 433 785 δόξῃ
447 750 493 776 καὶ
504 751 570 785 τιμῇ
585 750 780 784 ἐστεφάνωσας
800 749 880 775 αὐτόν
891 757 897 764 ·
914 748 1003 776 πάντα

208 797 344 829 ὑπέταξας
373 796 502 822 ὑποκάτω
526 796 581 822 τῶν
611 795 700 822 ποδῶν
726 794 817 822 αὑτοῦ.
835 795 879 821 Ἐν
898 794 952 830 γὰρ
963 794 1003 829 τῷ

1057 200 1136 222 terrm
1151 195 1281 226 futurum,
1301 193 1334 220 de
1351 201 1406 228 quo
1425 193 1574 227 loquimur.
1596 202 1605 218 ι

1091 241 1173 276 230
1202 239 1309 267 Idcirco
1326 239 1411 272 addit,
1428 238 1460 265 de
1475 248 1525 274 quo
1552 239 1696 274 loquimur,
1718 245 1752 265 ne
1768 237 1848 266 audi—

1056 288 1108 314 tori
1122 285 1257 315 concedat
1273 289 1302 313 ut
1324 286 1441 313 alterum
1456 286 1601 320 quemdam
1620 286 1715 313 orbem
1730 289 1778 312 aut
1795 289 1850 312 ter-

1057 340 1114 360 ram
1140 336 1254 367 quaerat.
1280 331 1341 365 Quo
1365 339 1449 359 sensu
1474 339 1540 359 vero
1565 332 1688 366 futurum
1707 331 1849 364 ait?Quia

1057 379 1152 413 utique
1176 379 1234 405 haec
1251 377 1459 412 Scripturarum
1474 379 1647 406 consuetudo
1663 382 1716 406 est.
1745 379 1850 411 Quem-

1057 425 1206 452 admodum
1226 425 1333 452 scilicet
1351 425 1378 452 in
1396 425 1484 452 altero
1502 432 1614 460 quoque
1629 426 1690 452 loco
1711 425 1788 457 dicit,
1804 426 1850 460 qui

1056 475 1094 498 est
1110 471 1198 505 [arma
1215 471 1299 504 futuri
1317 471 1349 503 θθ,
1369 471 1416 498 ubi
1439 471 1472 498 de
1491 470 1600 498 Adamo
1624 475 1652 498 et
1681 471 1714 498 de
1739 471 1849 499 Christo

1056 515 1188 550 disputat.
1207 516 1310 544 Orbem
1330 524 1396 552 ergo
1411 516 1485 544 Deus
1509 524 1567 544 non
1589 516 1708 552 subjecit
1732 517 1848 552 angelis,

1057 562 1103 587 sed
1119 561 1240 588 Christo.

1091 607 1177 636 Vsus.
1194 608 1254 636 6-8.
1279 619 1288 634 ι
1308 609 1439 636 Testatus
1455 613 1498 637 est
1512 613 1602 637 autem
1617 609 1644 636 in
1655 610 1773 645 quodam
1790 610 1850 637 loco

1057 654 1120 688 quis
1142 653 1257 682 dicens:
1274 655 1344 688 Quid
1361 659 1403 682 est
1423 655 1505 682 homo
1520 655 1593 689 quod
1610 662 1716 682 memor
1736 663 1766 683 es
1779 656 1850 691 ejus.

1058 703 1105 727 aut
1121 700 1195 728 [ilius
1211 702 1342 735 hominis,
1358 702 1489 736 quoniam
1506 702 1604 729 visitas
1629 702 1713 729 eum?
1727 701 1850 730 Minuisti

1057 753 1119 773 eum
1138 747 1220 782 paulo
1236 747 1327 775 minus
1343 748 1378 775 ab
1394 747 1511 782 angelis,
1533 748 1620 783 gloria
1636 752 1663 775 et
1677 748 1782 775 honore
1801 755 1850 774 co-

1059 794 1165 821 ronasti
1182 801 1256 821 eum.
1283 793 1383 821 Omnia
1401 794 1547 828 subjecisti
1569 794 1621 821 sub
1639 793 1757 829 pedibus
1778 794 1849 828 ejus.

210 842 342 874 ὑποτὲιξαι
356 841 431 877 αὐτῴ
447 842 481 868 τὰ
498 842 598 876 πάντα,
623 841 699 867 οὐδὲν
722 841 827 876 ἀφῆκεν
859 840 933 875 αὐτῷ
960 840 1004 867 ἀν-

1058 839 1088 866 ln
1104 847 1137 867 eo
1160 844 1252 868 autem
1269 840 1342 875 quod
1356 840 1446 868 omnia
1470 840 1494 866 ei
1516 840 1645 875 subjecit,
1660 840 1730 867 nihil
1746 840 1852 868 dimisit

212 888 374 914 υπὸτακτον.
392 896 400 912 ›

255 933 392 968 Ὰόριστον
412 933 461 968 τὴν
476 932 628 968 μαρτυρίαν
640 932 756 966 εἰσάγει,
768 931 818 966 τῷ,
833 931 888 964 τὶς,
904 931 1001 963 εἰπεῖν,

209 978 315 1014 λέγων.
337 978 380 1009 Ὧς,
391 978 460 1013 πρὸς
475 978 580 1009 εἰδότας
596 977 650 1013 γὰρ
666 977 831 1011 διαλέγεται.
944 1004 969 1016 -

250 1079 259 1095 ε
272 1068 330 1095 Nov
345 1068 373 1094 δὲ
390 1067 466 1094 οῠπω
478 1067 587 1102 ὁρῶμεν
607 1066 681 1102 αὖτῴ
697 1066 731 1093 τὰ
747 1066 836 1093 πάντα
851 1065 1001 1100 ὑποτεταγ-

208 1114 290 1150 μένα.
313 1123 322 1140 ι

244 1162 304 1188 Ἵνα
324 1162 361 1196 μὴ
373 1161 488 1195 λέγωσι,
514 1160 576 1192 Πῶς
593 1160 656 1191 τοὺς
685 1160 798 1195 ὲχῦροὺς
826 1159 924 1194 ἔθηκεν
952 1158 1005 1184 ὑπὸ

210 1208 273 1239 τοὺς
286 1208 368 1239 πόδας
384 1207 477 1238 αὑτοῦ,
495 1206 615 1233 τοςαῦτα
634 1205 792 1241 πασχόντων
808 1205 885 1240 ἡμῶν
900 1213 907 1238 ;
924 1204 1002 1238 φησί·

210 1253 256 1289 Μὴ
266 1254 321 1289 γὰρ
334 1253 428 1288 ἐπειδὴ
451 1253 556 1279 οὐδέπω
581 1252 724 1284 ὑπέταξεν,
756 1251 871 1286 νομίσῃς
888 1249 925 1286 μὴ
941 1249 1007 1275 ὑπο-

207 1299 356 1326 τάττεσθαι
371 1307 377 1314 ’
394 1299 501 1335 ὅτιγὰρ
512 1300 551 1325 δεῖ
565 1299 745 1334 ὑποταγῆναι.
761 1297 818 1324 Καὶ
840 1296 920 1332 γὰρὴ
937 1305 1006 1333 προσ

212 1346 311 1382 φητεία
321 1345 366 1372 διὰ
382 1345 462 1372 τοῦτο
476 1344 594 1381 εἴρηται.

252 1445 261 1462 α
280 1435 331 1463 Τδν
349 1436 377 1462 δὲ
401 1435 486 1470 βραχύ
503 1444 530 1461 τι
557 1435 622 1470 παρ’
647 1433 782 1469 ἀγγέλους
811 1432 1005 1468 ἠλαττωμένον

213 1479 352 1516 βλέπομεν
373 1479 487 1514 Ἰησοῦν,
505 1479 548 1505 διὰ
562 1479 592 1504 τὺ
604 1477 721 1513 πάθημα
736 1477 783 1503 τοῦ
799 1477 927 1504 θανάτου.
940 1486 949 1502 ι

251 1567 300 1594 Διὰ
324 1567 369 1593 τὸν
396 1566 562 1602 τριήμερον,
586 1565 674 1600 φησὶ,
701 1564 826 1591 θάνατον.
854 1563 947 1591 Πείοει
979 1563 1006 1590 δὲ

212 1613 311 1643 αὐτοὺς
335 1611 425 1639 πάντα
449 1611 582 1645 γενναίως
611 1610 770 1645 ὑποφέρειν,
803 1609 945 1644 μονονουχὶ
962 1609 1006 1635 λέ-

211 1667 267 1692 γων
284 1666 291 1673 ’
308 1658 339 1693 Et
358 1658 372 1683 ὁ
387 1656 625 1692 προσκυνούμενος
653 1656 698 1682 ὑπ’
728 1654 850 1689 ἀγγέλων
878 1654 1007 1689 ἠνέσχετο

213 1704 299 1740 βραχύ
317 1704 417 1738 tta-:19”
441 1703 573 1736 ἀγγέλους
597 1703 671 1737 σχεῖν
687 1701 731 1727 διὰ
745 1701 792 1734 σὲ,
813 1699 880 1727 πολῦ
907 1701 1006 1736 μᾶλλον

212 1750 245 1776 σὺ
256 1751 270 1775 ὁ
285 1749 339 1775 τῶν
356 1747 482 1782 ἀγγέλων
500 1748 602 1782 ἥττων,
622 1746 712 1774 πάντα
731 1745 824 1780 φέρειν
836 1745 952 1780 ὀφείλεις
962 1745 1006 1772 διὰ

212 1795 337 1822 σεαυτόν.

257 1850 266 1866 ι
286 1841 355 1876 Δόξῃ
378 1840 425 1866 καὶ
451 1841 517 1875 τιμῇ
546 1839 788 1873 ἐστεφανωμένον,
810 1838 884 1870 ὅπως
915 1838 1006 1874 χάριτι

209 1887 289 1915 Θεοῦ.
296 1897 305 1913 ι

248 1934 409 1965 Δεὶκνυσιν,
440 1932 481 1958 ὅτι
507 1931 571 1964 δόξα
598 1931 647 1957 καὶ
671 1930 767 1966 τιμὴΰ
782 1930 898 1966 σταυρὸς
921 1931 1005 1962 ἐστιν,

213 1980 308 2015 ὥσπερ
326 1977 373 2006 οὖν
401 1979 449 2005 καὶ
462 1977 543 2008 αὐτὸς
556 1977 572 2003 ό
586 1977 715 2012 Χριστὸς,
739 1976 821 2003 αὑτὸν
835 1976 907 2004 οὕτω
929 1977 1008 2003 καλεῖ

212 2026 311 2060 λέγων·
329 2025 392 2052 Ἵνα
413 2022 550 2057 δοξασθῇ
564 2025 580 2050 ό
600 2024 667 2057 Υἱὸς
683 2022 737 2050 τοῦ
761 2022 933 2057 ἀνθρώπου·
947 2023 1004 2056 καὶ,

218 2071 384 2106 Έδοξιίσθη
397 2073 415 2098 ὀ
430 2070 498 2104 Υἱὸς
508 2070 561 2098 τοῦ
574 2070 744 2104 ἀνθρώπου.

252 2128 262 2145 ε
288 2119 373 2154 Ὑπὲρ
391 2118 493 2150 παντὸς
504 2116 639 2152 γεύσηται
655 2117 782 2144 θανάτου.
795 2126 804 2142 ι

1055 893 1108 913 non
1128 886 1284 920 subjectum
1300 886 1337 914 ei.
1365 895 1375 912 ›

1091 932 1291 960 Testimonium
1316 932 1415 964 affert,
1433 933 1539 960 omisso
1564 937 1688 965 auctore,
1714 933 1779 967 dum
1801 934 1850 966 ait,

1054 979 1112 1015 quis
1129 979 1228 1006 dicens.
1255 978 1308 1006 Eos
1325 979 1397 1006 enim
1416 979 1569 1014 alloquitur
1591 979 1640 1014 qui
1658 979 1735 1006 ἰὶιιιιιι
1761 979 1848 1015 probe

1056 1029 1200 1052 ηογεηιηῑ.

1096 1081 1105 1097 ‹
1136 1071 1214 1098 Nune
1243 1075 1335 1098 autem
1361 1070 1481 1098 necdum
1508 1069 1634 1098 videmus
1661 1070 1754 1098 omnia
1783 1070 1850 1098 sub-

1053 1116 1128 1151 jecta
1142 1115 1180 1143 ei.
1197 1125 1205 1140 ι

1093 1162 1131 1190 Ne
1147 1162 1322 1197 objiccrent:
1341 1162 1398 1195 Qua
1423 1169 1489 1189 vero
1515 1162 1625 1190 ratione
1653 1162 1705 1190 sub
1732 1162 1851 1197 pedibus

1058 1209 1117 1236 suis
1143 1208 1322 1235 adversarios
1345 1208 1476 1243 subjecit,
1495 1208 1606 1243 quando
1632 1216 1682 1235 nos
1703 1213 1744 1236 tot
1760 1213 1852 1236 tauta-

1058 1262 1112 1290 que
1127 1253 1377 1289 patimur?Neque
1405 1254 1478 1281 enim
1497 1254 1659 1281 existimare
1681 1254 1765 1282 debes
1784 1255 1852 1282 sub—

1056 1300 1180 1335 jicienda
1205 1303 1307 1328 cuncta
1327 1307 1382 1326 non
1407 1307 1484 1333 esse,
1511 1299 1644 1334 quoniam
1669 1299 1791 1326 nondum
1819 1308 1851 1327 ea

1059 1345 1188 1380 subjecit.
1205 1345 1320 1380 Oportet
1336 1345 1411 1373 enim
1436 1349 1466 1372 ut
1489 1345 1686 1378 subjiciantur.
1704 1345 1772 1373 Nam
1788 1354 1853 1381 pro-

1058 1392 1153 1427 phetia'
1163 1399 1276 1427 propter
1289 1391 1342 1418 hoc
1358 1392 1538 1426 pronuntiata
1554 1395 1607 1418 est.

1095 1437 1178 1465 Vnus.
1201 1437 1228 1464 9.
1253 1447 1262 1463 ‹
1282 1437 1351 1464 Eum
1374 1442 1467 1464 autem
1493 1437 1540 1472 qui
1560 1437 1668 1465 modico
1693 1445 1775 1472 quam
1802 1446 1853 1465 an-

1060 1484 1112 1519 geli
1136 1483 1291 1511 minoratus
1314 1488 1368 1515 est,
1385 1483 1512 1510 videmus
1530 1482 1636 1516 Jesutn,
1660 1488 1772 1519 propter
1791 1492 1854 1520 pas.

1059 1529 1152 1557 siones
1171 1529 1275 1556 erucis.
1298 1538 1307 1554 ι

1095 1575 1267 1602 Triduanam
1283 1580 1401 1603 mortem
1420 1577 1519 1603 innuit.
1535 1576 1668 1604 Hortatur
1683 1581 1773 1606 autem
1790 1578 1852 1605 illos

1060 1628 1089 1649 ut
1108 1625 1209 1649 cuncta
1229 1629 1364 1656 generose
1390 1623 1519 1655 tolerent,
1544 1623 1587 1651 his
1611 1623 1668 1650 fere
1694 1624 1806 1651 verbis:
1824 1622 1852 1651 Si

1060 1668 1105 1696 ille
1121 1675 1201 1703 quem
1216 1668 1306 1703 angeli
1320 1669 1416 1695 cernui
1433 1669 1550 1696 aderant
1561 1689 1568 1701 ,
1592 1670 1631 1696 tui
1651 1678 1734 1697 causa
1753 1679 1852 1706 passus

1058 1719 1111 1745 est,
1131 1719 1160 1741 ut
1189 1713 1332 1749 paululum
1360 1714 1431 1740 infra
1457 1716 1569 1750 angelos
1596 1716 1752 1744 minoratus
1767 1722 1852 1750 esset,

1059 1760 1147 1788 multo
1163 1760 1252 1795 magis
1267 1763 1295 1786 tu
1314 1760 1360 1794 qui
1382 1760 1488 1795 angelis
1505 1769 1535 1789 cs
1557 1761 1657 1796 minor,
1671 1767 1771 1790 cuncta
1789 1771 1852 1798 pro-

1058 1809 1119 1840 pter
1132 1805 1222 1840 ipsum
1236 1805 1320 1832 debes
1333 1805 1462 1833 tolerare.

1097 1860 1106 1877 ι
1128 1851 1222 1879 Gloria
1236 1856 1264 1879 et
1288 1851 1394 1879 honore
1412 1856 1586 1886 coronatum,
1607 1857 1636 1879 ut
1653 1853 1742 1889 gratia
1762 1852 1822 1882 Dei.
1840 1863 1850 1880 ι

1092 1939 1221 1968 Ostendit
1237 1947 1348 1968 crucem
1364 1940 1479 1975 gloriam
1500 1948 1563 1968 esse
1579 1945 1606 1968 et
1619 1941 1765 1973 honorem.
1777 1942 1852 1969 sicut

1057 1991 1084 2014 et
1108 1986 1239 2014 Christus
1266 1986 1326 2021 ipse
1349 1986 1475 2014 eamdem
1499 1987 1640 2021 appellat,
1661 1987 1725 2014 dum
1742 1988 1802 2014 ait:
1818 1987 1852 2014 Ut

1057 2032 1219 2067 glori/inetur
1236 2031 1323 2058 Filius
1347 2032 1480 2064 hominis;
1498 2036 1543 2065 et,
1561 2031 1733 2067 Clari/icatus
1751 2037 1790 2060 est
1804 2032 1851 2060 Fi-

1058 2077 1110 2104 tius
1122 2077 1235 2105 hominis
1252 2077 1285 2105 ".

1095 2132 1105 2149 ‹
1126 2123 1180 2150 Pro
1195 2123 1325 2151 orrmibus
1340 2127 1465 2158 gustaret
1479 2129 1606 2152 mortem.
1624 2133 1633 2151 ι

252 2165 359 2200 Ὥσπερ
373 2164 427 2201 γὰρ
450 2164 535 2196 ὅντως
559 2163 739 2199 γευσάμενος,
763 2162 835 2190 οὕτω
861 2163 960 2199 μικρὸν
974 2164 1004 2214 ἓν

1094 2168 1201 2197 Revera
1226 2169 1299 2197 enim
1327 2169 1362 2197 ad
1393 2170 1482 2198 instar
1506 2171 1581 2198 illius
1610 2171 1656 2207 qui
1685 2176 1787 2207 gustat,
1810 2173 1852 2199 sic

212 2210 286 2246 αὑτῷ
300 2211 416 2246 ποιήσας
424 2209 574 2245 διάστημα,
587 2208 688 2240 εὐθέως
701 2208 812 2243 ἀνέστη.
828 2207 874 2243 Τῷ
886 2209 935 2243 μὲν
958 2206 1004 2235 οὖν

213 2259 310 2290 εἰπεῖν,
338 2257 387 2284 διὰ
400 2256 434 2283 τὸ
448 2256 579 2289 πάθημα·
601 2255 655 2282 τοῦ
683 2254 814 2282 θανάτου
826 2273 834 2287 ,
857 2255 905 2282 τὴν
920 2255 1014 2287 ὅντως-

213 2304 329 2330 Θάνατον
344 2304 466 2338 ὲσήμανε
476 2309 483 2316 ·
499 2301 538 2335 τῷ
548 2301 576 2327 δὲ
589 2302 686 2334 εἰπεῖν,
699 2300 836 2335 ἀει-γέλων
844 2301 1005 2334 κρεΙσσων,

213 2350 263 2385 τὴν
277 2341 428 2376 ἀνάστασιν
442 2347 586 2383 ἐδήλωσεν.

253 2404 262 2420 ι
279 2394 403 2429 Ἐπρεπε
426 2393 480 2428 γὰρ
505 2392 589 2428 αὐτῷ,
602 2392 636 2419 δι·
647 2392 677 2420 δν
693 2393 728 2420 τὰ
741 2392 840 2425 πάντα,
869 2394 918 2420 καὶ
929 2393 961 2419 δι’
974 2390 1005 2420 οὗ

214 2438 249 2466 τὰ
262 2439 360 2466 πάντα.
374 2447 383 2464 ι

257 2484 396 2519 Ἔπρεπεν
422 2484 508 2520 αὐτῷ,
528 2483 671 2519 φησιν,τῷ
684 2483 826 2519 κηδεμόνι,
852 2485 900 2510 καὶ⁵
915 2485 1005 2511 πάντα

214 2532 254 2563 είς
267 2530 298 2557 τὺ
323 2528 393 2557 εἶναι
420 2531 591 2566 παράγοντι,
618 2531 744 2557 ἐκδοῦναι
772 2531 817 2558 τὸν
840 2531 904 2557 Υίὸν
934 2531 1005 2567 ὑπὲρ

213 2578 264 2613 τῆς
293 2576 348 2604 τῶν
377 2576 480 2603 λοιπῶν
506 2575 662 2612 σωτηρίας,
695 2576 740 2602 τὸν
770 2577 820 2604 ἕνα
845 2577 914 2612 ὑπὲρ
940 2578 1004 2605 πολ-

213 2622 278 2649 λῶν.

251 2676 263 2693 ‹
283 2667 402 2699 Πολλοὺς
419 2667 493 2698 υἱοὺς
505 2667 544 2698 εἰς
558 2666 638 2700 δόξαν
651 2667 800 2702 ἀγαγόντα.
815 2677 824 2693 ι

251 2713 307 2739 Καὶ
323 2713 403 2744 αὐτὸς
420 2713 468 2739 καὶ
484 2713 564 2747 ἡμεῖς
577 2712 639 2745 υἱοὶ,
657 2711 715 2738 ἀλλ’
729 2713 743 2738 ὁ
756 2712 805 2748 μὲν
818 2713 909 2747 σώζει,
924 2715 1006 2750 ἡμεῖς

214 2757 243 2785 δὲ
258 2758 413 2794 σωζόμεθα.

249 2802 272 2819 ⁸⁸
292 2803 411 2838 Bom.v,
432 2805 476 2832 Μ.
511 2805 534 2821 ⁸⁷
561 2804 641 2832 Joan.
665 2811 702 2837 rt,
718 2803 754 2837 4;
772 2805 876 2839 “1,16.

383 2844 529 2883 ῬΑτιιοι.
550 2851 610 2882 Gn.
630 2851 717 2882 XCV.

1058 2223 1120 2244 cum
1149 2216 1232 2244 breve
1259 2216 1437 2244 intervallum
1471 2216 1542 2244 iter
1579 2223 1702 2245 mortuos
1737 2219 1851 2254 egisset,

1058 2262 1180 2290 surrexit
1206 2262 1311 2290 statim.
1343 2262 1464 2290 Dicendo
1493 2263 1598 2297 igitur,
1629 2271 1675 2298 per
1702 2265 1853 2298 passionem

1058 2309 1159 2340 mortis,
1176 2314 1292 2336 mortem
1307 2316 1399 2335 veram
1418 2309 1597 2344 signiﬁcavit,
1614 2309 1736 2343 itemque
1759 2310 1853 2336 dicen-

1058 2354 1105 2388 do,
1122 2354 1223 2389 angelis
1244 2355 1389 2387 meliorem,
1406 2355 1640 2383 resurrectionem
1664 2355 1816 2382 denotavit.

1095 2399 1179 2428 Vnus.
1208 2400 1252 2428 10.
1280 2410 1289 2427 ι
1308 2400 1428 2429 Decebat
1454 2402 1529 2429 enim
1553 2409 1616 2429 eum
1641 2405 1753 2436 propter
1770 2407 1852 2436 quem

1058 2447 1165 2480 omnia,
1182 2451 1209 2474 et
1228 2454 1278 2482 per
1296 2455 1377 2482 quem
1393 2447 1495 2474 omnia.
1518 2457 1527 2473 ι

1094 2492 1225 2526 Decebat,
1241 2493 1352 2526 inquit,
1379 2497 1409 2520 ut
1431 2493 1478 2526 qui
1503 2498 1602 2520 cuncta
1624 2492 1749 2525 curabat,
1764 2497 1791 2519 et
1806 2492 1851 2527 qui

1059 2542 1156 2565 cuncta
1172 2538 1351 2572 produxerat,
1369 2538 1428 2573 ipse
1444 2537 1541 2565 Filium
1556 2545 1606 2573 pro
1622 2537 1852 2574 reliquorumsa-

1059 2583 1116 2612 lute
1130 2588 1290 2618 exponeret,
1306 2591 1390 2611 unum
1408 2591 1457 2618 pro
1475 2584 1578 2611 multis.

1100 2681 1110 2697 ι
1130 2672 1181 2705 Qui
1197 2672 1298 2699 multos
1320 2671 1391 2700 tilias
1411 2672 1437 2699 in
1454 2672 1569 2708 gloriam
1587 2671 1750 2700 adduxerat.
1768 2681 1778 2698 ι

1096 2718 1164 2745 Cum
1181 2718 1238 2753 ipse
1252 2719 1325 2746 titius
1338 2724 1390 2752 est,
1407 2723 1462 2747 tum
1481 2723 1509 2747 et
1525 2727 1574 2746 nos
1586 2726 1681 2746 sumus
1690 2718 1753 2752 lilii;
1767 2723 1794 2746 at
1807 2718 1853 2746 itte

1062 2764 1170 2800 quidem
1185 2764 1274 2794 salvos
1287 2765 1364 2800 facit,
1384 2773 1434 2794 nos
1450 2773 1514 2794 vero
1526 2766 1596 2794 salvi
1612 2773 1717 2793 sumus.

1643 2856 1680 2887 30
