2078 3113
244 133 310 165 ’939

298 197 309 215 ι
329 188 594 216 Auctorem-salutis
615 195 722 216 eorum.
744 197 752 213 ι

284 234 324 262 'Id
339 238 394 267 est,
410 238 520 262 causam
533 234 642 261 salutis.

297 291 307 307 ι
327 280 379 308 Per
394 280 549 316 passionem
564 279 761 307 consummari.
784 289 792 305 ι

293 322 442 353 Passiones
472 332 539 360 ergo
565 329 631 352 Sunt
663 323 869 352 consummatio
903 328 930 351 et
954 323 1052 350 Salutis

251 378 354 398 causa.
364 369 454 399 Vides
469 377 534 405 ergo
546 377 593 398 eos
608 370 656 405 qui
680 369 753 397 male
772 369 875 397 habent
888 373 915 397 et
929 369 1050 404 afﬂigun-

251 421 305 445 ιιιιι·
321 424 376 444 non
394 416 560 452 derelinqui.
583 415 649 444 Nam
666 420 693 444 et
711 415 784 444 Deus
812 416 909 443 Filium
938 420 1053 443 eatenus

256 463 379 498 primum
406 462 562 495 honoravit,
588 467 617 490 ut
641 470 690 498 per
706 469 844 489 aerumnas
858 467 884 490 et
910 461 989 498 231
1006 461 1054 489 do-

259 510 334 538 lores
346 509 438 545 ipsum
452 513 555 543 ageret.
570 509 601 536 Et
617 514 692 536 certe
707 510 789 544 longe
803 508 1053 544 prtestautiusfuit,

210 587 217 591 _
258 560 388 590 suscepto
415 562 541 590 corpore,
565 561 596 582 ea
621 562 683 590 qua!
707 561 805 588 passus
829 559 871 581 est
888 554 955 590 pati,
971 562 1053 589 quam

257 601 394 629 mundum
423 601 552 633 condere,
572 606 599 629 et
619 609 651 630 ex
677 601 762 628 nihilo
779 601 941 636 producere.
964 601 1054 636 Atque

260 647 316 675 hoc
332 640 391 682 ipse
409 647 462 674 alio
485 647 511 673 in
530 647 590 674 loco
606 647 765 679 declaravit,
782 642 876 674 dicens
891 656 897 674 :
917 645 951 673 Ut
966 650 1054 674 osten-

257 694 333 721 deret
349 693 454 720 sa'culis
469 693 708 728 supervenientibus
738 691 982 727 aupcr‘abtmdantes
1010 692 1054 718 di.

260 740 339 768 cilius
353 739 480 766 bonitatis
498 747 555 766 sum
575 738 608 766 ⁸⁸.

297 785 380 813 Vens.
401 786 446 813 Η.
469 795 478 811 ι
498 785 549 818 Qui
569 785 643 812 enim
662 785 828 818 sanctillcat,
845 790 872 812 et
884 784 931 819 qui
950 783 1054 811 sancti-

262 831 392 864 ficantur,
408 838 441 859 ex
458 838 513 858 uno
531 837 638 857 omnes.
657 829 774 865 Propter
794 836 876 865 quam
894 835 1018 857 causam.
1041 837 1051 855 ι

298 877 370 905 Ecce
396 876 537 912 quomodo
553 883 602 904 eos
622 883 717 904 secum
743 875 895 911 conjungit,
911 875 1053 903 honorans

263 923 337 958 ipsos
354 927 381 951 et
396 922 553 955 consolans,
568 927 595 949 et
614 922 715 950 fratres
735 921 839 949 faciens
854 921 970 953 Christi,
989 927 1057 956 quae

263 974 345 997 tenus
361 976 394 996 ex
413 975 468 996 uno
483 976 580 996 omnes
596 975 658 995 esse
685 967 733 995 ait.
757 965 907 995 Enimvero
920 974 952 995 ex
968 966 1056 994 Abra-

263 1015 344 1043 hamo
357 1015 415 1050 ipse
429 1018 489 1042 erat
504 1013 655 1042 secundum
670 1020 795 1041 carnem.

850 132 879 161 S.
895 129 1057 162 JOANNIS
1071 129 1289 161 DAMASCENI

1068 188 1091 215 A
1145 197 1154 213 ι
1169 187 1221 214 Τὸν
1238 186 1360 223 ἀρχηγὸν
1372 185 1421 221 τῆς
1435 185 1571 222 σωτηρίας
1588 184 1688 212 αὐτῶν.
1700 193 1710 210 a

1842 124 1896 157 9-10

1137 234 1279 267 Τουτέστι,
1294 233 1340 260 τὸν
1356 233 1444 259 αἴτιον
1464 233 1513 268 τῆς
1532 231 1680 267 σωτηρίας.

1141 289 1150 305 t
1172 279 1220 306 Διὰ
1235 278 1408 314 παθημάτων
1421 278 1576 305 τελειῶσαι.
1593 287 1603 303 ι

1141 326 1213 361 Ἄρα
1224 325 1258 352 τὰ
1269 324 1420 360 παθήματα
1430 323 1570 355 τελείωσις
1587 323 1635 350 καὶ
1651 323 1727 350 αἰτία
1741 324 1790 359 τῆς
1808 331 1897 358 σωτη-

1095 372 1176 408 ρίας.
1199 369 1282 407 Ὁρᾷς
1291 371 1333 398 ὅτι
1346 370 1376 396 τὺ
1385 369 1480 402 κακῶς
1495 369 1599 397 παθεῖν
1611 369 1662 396 οὐκ
1678 369 1753 396 ἔστιν
1777 370 1897 403 ἐγκατα-

1103 419 1230 454 λείψεως.
1250 417 1345 455 Τούτῳ
1357 419 1412 454 γὰρ
1430 419 1478 445 καὶ
1495 417 1599 454 πρώτῳ
1614 417 1747 452 τετίμηκε
1775 418 1820 444 τὸν
1832 417 1899 443 Υἱδν

1104 466 1118 492 ὁ
1128 464 1204 497 Θεὸς,
1217 463 1256 500 τῷ
1270 462 1317 491 διὰ
1335 463 1507 500 παθημάτων
1520 463 1602 490 αὑτὸν
1613 463 1740 497 ἀγαγεῖν.
1766 462 1823 489 Καὶ
1844 462 1899 498 γὰρ

1103 511 1189 543 ὅντως
1213 510 1259 538 τοῦ
1283 511 1329 538 τδν
1356 510 1462 546 κόσμον
1493 510 1621 545 ποιῆσαι,
1638 509 1686 536 καὶ
1707 510 1739 536 ὲκ
1755 508 1794 544 μὴ
1813 509 1898 536 ὅντων

1105 557 1298 594 παραγαγεῖν,
1312 557 1343 583 τὸ
1363 557 1444 592 σῶμα
1470 556 1588 583 λαϐόντα
1618 555 1716 582 παθεῖν
1738 555 1812 590 ειπερ
1833 555 1900 581 ἐπα-

1106 605 1162 637 θεν,
1176 603 1267 639 πολλῷ
1286 603 1378 639 μεῖζόν
1393 605 1464 631 ἐστι.
1476 603 1532 630 Καὶ
1546 601 1627 629 τοῦτο
1653 601 1791 637 ἐδήλωσεν
1817 602 1900 633 αὐτὸς

1105 650 1134 676 ὲν
1151 649 1266 685 ἑτέροις,
1282 648 1417 685 εἰρηκώς·
1431 648 1494 676 Ἵνα
1508 647 1678 681 ἐνδείξηται
1698 647 1734 674 ἐν
1754 646 1816 679 τοῖς
1830 646 1900 673 αἰῶ-

1105 702 1158 723 σιν
1168 695 1231 727 τοῖς
1247 694 1459 730 ἐπερχομένοις
1471 694 1526 721 τὸν
1544 692 1778 728 ὺπερϐάῑλοντα
1804 691 1899 718 πλοῦ-

1106 750 1159 769 τον
1169 741 1225 776 τῆς
1240 742 1446 776 χρηστότητος
1457 740 1561 768 αὐτοῦ.

1144 796 1154 812 ί
1173 787 1207 813 '0
1221 795 1251 813 τε
1271 786 1326 822 γὰρ
1342 785 1474 821 ἁγιάζων,
1491 785 1540 812 καὶ
1553 785 1577 812 οἱ
1593 784 1778 820 ἁγιαζόμενοι,
1793 783 1822 817 ἐξ
1840 784 1899 816 ἑνὸς

1107 831 1217 863 πάντες.
1232 830 1270 857 Δι’
1286 831 1319 866 ἢν
1335 830 1436 858 αἰτίαν.
1459 839 1468 856 ι

1144 877 1217 912 Ὅρα
1233 876 1292 909 πῶς
1308 876 1419 910 συνάγει
1434 876 1532 908 αὐτοὺς
1551 876 1620 910 πρὸς
1632 875 1726 906 αὸτδν,
1744 875 1833 910 τιμῶν
1848 874 1898 901 αὖ·

1105 923 1179 954 τοὺς,
1194 923 1242 949 καὶ
1259 921 1519 958 παραμυθούμενος,
1533 923 1581 948 καὶ
1602 921 1736 955 ἀδελφοὺς
1751 920 1836 947 ποιῶν
1851 919 1900 947 τοῦ

1106 968 1237 1004 Χριστοῦ,
1259 969 1330 996 κατὰ
1351 969 1442 1002 τοῦτο,
1460 968 1491 994 τὸ
1513 967 1543 1000 ἐξ
1565 967 1625 999 ἑνὸς
1642 965 1730 994 εἶναι·
1751 966 1799 993 καὶ
1820 966 1902 998 αὐτὸς

1107 1015 1171 1052 γάρ,
1189 1015 1218 1043 τὺ
1233 1015 1304 1042 κατὰ
1321 1015 1421 1051 σάρκα,
1437 1015 1469 1041 ὲκ
1483 1013 1529 1041 τοῦ
1550 1013 1688 1049 Ἀϐραάμ.

300 1039 341 1043 ...-
358 1039 414 1050 .,__
432 1039 488 1042 -.η
504 1039 654 1042 --ε-ιηηην

299 1070 310 1087 ε
336 1061 395 1089 Non
423 1059 607 1088 confunditur
630 1060 731 1088 fratres
746 1067 794 1088 eos
808 1066 920 1093 vocare,
937 1059 1030 1087 dicens
1047 1068 1055 1088 :

1113 1039 1119 1050 ⁸
1145 1039 1232 1087 Γυύκ
1247 1039 1590 1095 ὲπαισχιξνεταιῂαδελιροῦς
1603 1039 1714 1089 Iudaei);
1735 1058 1840 1091 καλεῖν,
1861 1058 1904 1085 λέ-

234 1127 235 1130 η
262 1106 411 1145 ﬁlms”.
421 1105 478 1143 15.]
494 1105 615 1134 Narrabo
628 1113 726 1134 nomen
737 1109 813 1133 tuum
827 1105 958 1134 fratribus
972 1106 1056 1134 meis:

263 1154 290 1182 in
307 1152 398 1181 medio
412 1152 540 1180 Ecclesiae
552 1151 670 1179 laudabo
685 1156 720 1179 te.
740 1150 773 1178 Et
786 1151 885 1179 iterum
905 1161 912 1180 :
934 1160 944 1178 ι

292 1198 366 1226 -Vide
389 1198 527 1232 quomodo
544 1197 720 1226 commendat
748 1198 848 1226 iterum
874 1197 1057 1233 praeeminen-

265 1245 330 1274 tiam
357 1245 488 1280 ipsorum.
515 1243 638 1271 Dieendo
653 1244 771 1280 quippe,
797 1252 850 1272 non
870 1244 1057 1279 confunditur,

264 1298 319 1319 non
337 1294 442 1318 natura:
460 1290 499 1318 rei
511 1289 694 1318 humilitatem
705 1290 838 1322 ostendit,
860 1290 907 1318 sed
924 1294 1056 1325 quantum

263 1343 313 1364 sua
329 1343 359 1364 se
370 1336 516 1363 clementia
537 1340 564 1363 et
581 1335 718 1363 cbaritate
735 1335 889 1364 demiserit.
905 1336 962 1363 Etsi
984 1336 1057 1364 enim

262 1389 296 1410 ex
315 1389 382 1415 uno,
394 1385 586 1409 verumtamen
609 1381 658 1409 ille
679 1385 790 1409 sanctos
809 1381 885 1415 facit,
899 1385 927 1410 et
943 1389 992 1409 nos
1010 1389 1059 1417 per

263 1426 352 1462 ipsum
371 1425 519 1454 sanctitate
530 1425 675 1453 donamur.

301 1481 312 1498 «
330 1472 386 1508 Ego
399 1479 447 1500 ero
456 1471 546 1500 ildens
558 1472 586 1498 in
603 1479 677 1499 eum.
690 1471 723 1500 Et
738 1472 835 1500 iterum
850 1481 858 1500 :
871 1471 945 1501 Ecce
959 1478 1022 1508 ego,
1033 1477 1060 1500 et

1106 1115 1162 1141 γων
1175 1106 1352 1140 ·⁹Απαγγελῶ
1367 1106 1398 1133 τὸ
1411 1105 1497 1141 δνομά
1514 1113 1560 1132 σου
1579 1105 1636 1136 τοῖς
1653 1104 1777 1140 ἀδελφοῖς
1793 1113 1860 1140 μου,
1871 1105 1901 1133 ἐν

1066 1160 1072 1166 ν’
1108 1153 1184 1188 μέσῳ
1202 1151 1368 1187 Ἐκκλησιας
1382 1152 1496 1187 ὑμνήσω
1509 1160 1547 1179 σε.
1569 1151 1625 1178 Καὶ
1640 1151 1736 1178 πάλιν·
1754 1160 1763 1177 ι

1143 1197 1214 1233 Ὅρα
1228 1197 1288 1229 πῶς
1313 1197 1433 1224 δείκνυσι
1454 1197 1535 1224 πάλιν
1550 1197 1599 1233 τὴν
1616 1197 1764 1233 ὑπεροχήν.
1784 1196 1830 1232 Τῷ
1847 1196 1901 1232 γὰρ

1107 1243 1207 1275 εἰπεῖν.
1224 1244 1280 1271 οὐκ
1305 1243 1531 1278 ἐπαισχύνεται,
1559 1243 1707 1276 δείκνυσιν,
1730 1243 1760 1269 οὐ
1782 1244 1833 1278 τῆς
1853 1241 1901 1269 τοῦ

1107 1289 1272 1325 πράγματος
1297 1290 1416 1325 φύσεως,
1440 1289 1510 1317 ἀλλὰ
1524 1289 1576 1324 τῆς
1601 1289 1791 1324 φιλοστοργίας
1818 1287 1900 1315 αὑτοῦ

1106 1336 1137 1362 τδ
1149 1336 1286 1363 ταπεινόν.
1306 1336 1337 1362 Et
1352 1335 1406 1371 γὰρ
1419 1335 1466 1362 καὶ
1481 1335 1511 1369 ἐξ
1525 1335 1594 1369 ἐνὸς,
1609 1333 1668 1363 ἀλλ’
1682 1336 1696 1362 ὁ
1716 1335 1766 1371 μὲν
1781 1333 1900 1369 ἁγιάζει,

1108 1383 1189 1418 Ιἡμεῖς
1203 1381 1232 1409 δὲ
1245 1381 1425 1417 ἁγιαζόμεθα.

1140 1481 1156 1498 ι(
1179 1470 1250 1506 Ἐγὼ
1263 1471 1360 1507 ἔσομαι
1375 1471 1512 1504 πεποιθὼς
1526 1472 1570 1499 ἐπ’
1585 1472 1675 1508 αὐτῷ·
1687 1472 1735 1500 καὶ
1748 1471 1830 1499 πάλιν
1845 1471 1901 1499 ἰδοὺ

260 1517 342 1554 pueri
362 1517 426 1551 mei,
440 1524 510 1553 quos
526 1517 599 1545 dedit
613 1517 680 1545 mihi
695 1517 778 1546 Deus.
801 1517 897 1554 [Vsus
915 1518 973 1554 M.]
989 1518 1057 1552 Quia

1109 1517 1165 1552 ἐγὼ
1179 1518 1226 1545 καὶ
1237 1517 1271 1544 τὰ
1283 1517 1379 1544 παιδία
1398 1526 1449 1553 μου
1467 1518 1485 1545 ἃ
1501 1527 1546 1554 μοι
1569 1517 1669 1545 ἔδωκεν
1689 1519 1703 1545 ὁ
1719 1517 1796 1550 Θεός.
1823 1518 1902 1544 Ἐπεὶ

265 1570 332 1599 ergo
348 1563 428 1598 pueri
449 1562 726 1590 communicaverunt
738 1563 815 1590 carni
831 1567 858 1591 et
875 1563 1016 1600 sanguini,
1031 1568 1059 1591 et

267 1610 324 1645 me
338 1608 466 1637 similiter
481 1608 656 1644 participavit
669 1608 785 1636 eisdem.
801 1619 819 1636 ι»

299 1653 425 1681 Ostendit
439 1661 514 1686 eum,
532 1654 642 1689 quando
660 1654 753 1682 factus
765 1658 808 1683 est
820 1654 912 1688 homo,
924 1655 1058 1692 quidquid

266 1701 416 1728 humanum
431 1703 475 1728 est
487 1700 645 1733 admisisse,
656 1704 781 1736 excepto
796 1705 921 1737 peccato.
936 1701 1058 1730 Tametsi

265 1747 337 1775 enim
358 1746 386 1774 in
402 1747 498 1774 eodem
516 1753 548 1773 ac
566 1753 633 1774 suus
648 1745 729 1773 Pater
752 1748 852 1775 throno
866 1748 973 1781 sedeat,
989 1755 1059 1775 una-

265 1799 320 1819 ουρ
333 1796 441 1827 regnet,
452 1796 479 1818 et
490 1791 620 1819 omnibus
640 1790 808 1824 dominetur,
826 1792 854 1819 in
871 1792 948 1819 illum
968 1796 1059 1820 tamen

264 1844 296 1865 se
315 1837 443 1864 ﬁduciam
461 1836 566 1864 habere
588 1837 639 1863 ait.
656 1836 704 1864 Sic
726 1840 818 1864 autent
847 1837 970 1872 loquitur
983 1841 1014 1864 ut
1027 1844 1059 1864 ea

265 1881 402 1916 exprimat
418 1888 479 1916 qum
489 1880 586 1908 formae
599 1881 670 1908 servi
681 1881 865 1915 canveniunt;
882 1882 1059 1916 quemadmo-

266 1926 330 1954 dum
347 1926 454 1954 scilicet
466 1930 494 1954 et
510 1934 572 1961 quae
595 1926 688 1954 deitati
713 1927 826 1962 propria
844 1931 919 1961 sunt,
935 1927 1060 1955 notilicat

265 1973 362 2001 dicens
376 1981 383 2000 :
401 1972 459 2008 Ego
474 1978 500 2001 et
512 1972 598 2000 Pater
610 1980 691 2000 unum
706 1980 816 2005 sumus;
828 1977 871 2001 et:
888 1972 944 2009 Ego
962 1974 989 2001 in
1002 1973 1059 2002 Pa~

260 2025 317 2053 tre,
333 2024 357 2047 et
374 2018 457 2047 Pater
475 2021 502 2047 in
518 2027 559 2048 me
573 2024 612 2047 eat
631 2021 665 2047 ⁸³.

307 2087 317 2104 ι
338 2076 374 2105 Ut
399 2083 447 2113 per
474 2081 590 2104 mortem
615 2077 772 2105 destrueret
793 2084 856 2104 eum
873 2077 920 2113 qui
941 2077 1060 2106 habebat

264 2122 366 2152 mortis
379 2121 534 2156 imperium,
549 2121 576 2149 id
592 2126 635 2148 est
646 2120 798 2148 diabolum.
818 2122 829 2148 ι

302 2179 363 2207 Hoc
377 2178 432 2206 loci
449 2184 505 2205 rem
520 2176 701 2205 admiratione
714 2177 824 2212 dignam
836 2179 957 2206 ostendit
969 2187 976 2212 ;
989 2179 1059 2214 quod

263 2232 365 2260 nempe
379 2231 428 2259 per
447 2223 514 2250 illud
535 2223 627 2251 victus
650 2222 777 2251 diabolus
800 2223 896 2257 fuerit,
921 2232 970 2260 per
987 2227 1059 2260 quod

269 2269 412 2304 imperium
425 2267 476 2295 sibi
489 2272 651 2302 paraverat:
666 2271 706 2302 ut,
721 2275 783 2296 cum
797 2276 873 2296 mors
888 2270 977 2297 valida
987 2271 1060 2299 illius

268 2316 400 2344 adversus
417 2314 512 2342 orbem
526 2318 668 2342 armatura
684 2318 768 2348 esset,
783 2321 831 2350 per
846 2315 918 2343 hanc
930 2316 1060 2345 Dominus

268 2363 358 2398 ipsum
371 2361 529 2397 perculerit.
556 2360 596 2388 Ex
614 2368 668 2397 quo
681 2369 791 2390 rursum
807 2362 918 2391 virtutis
929 2362 1002 2391 illius
1013 2364 1060 2399 qui

266 2408 345 2441 vicit,
361 2406 520 2443 magnitudo
537 2406 706 2436 insinuatur.

303 2463 388 2493 Vsus.
403 2463 447 2492 l5.
466 2474 477 2491 ι
495 2463 530 2492 Ut
552 2464 682 2492 liberaret
703 2473 754 2493 eos
775 2466 822 2502 qui
844 2466 947 2494 timore
960 2467 1060 2495 mortis

267 2520 317 2548 per
333 2516 418 2538 totam
431 2510 513 2538 vitam
526 2510 640 2538 obnoxii
654 2516 735 2538 erant
748 2511 884 2539 servituti.
902 2521 916 2538 -ι

302 2567 416 2601 Omnes,
435 2566 536 2603 inquit.
553 2567 651 2594 mortis
666 2572 746 2595 erant
762 2569 910 2604 mancipia,
926 2576 980 2603 qua
991 2576 1061 2597 non-

269 2614 332 2642 dum
343 2613 492 2646 destructa,
513 2613 642 2640 homines
655 2614 784 2642 servituti
801 2614 909 2642 subacti
928 2616 1060 2644 teneban-

269 2662 325 2690 tur,
341 2661 368 2684 et
386 2658 412 2684 in
430 2662 562 2692 perpetuo
578 2657 677 2686 timore
692 2659 825 2694 agebant,
841 2659 887 2694 qui
904 2667 935 2688 se
953 2667 1061 2696 semper

267 2707 462 2739 exspectarent
476 2703 641 2736 morituros;
656 2711 774 2740 cumque
787 2711 927 2740 nunquam
936 2712 995 2733 non
1004 2708 1061 2734 ine-

269 2754 316 2777 ωε
330 2749 450 2782 adesset,
466 2749 568 2777 nullius
580 2757 696 2786 capaces
711 2756 789 2779 erant
802 2751 952 2787 voluptatis
962 2758 1061 2780 ‘scusus

308 2840 333 2858 "
351 2839 449 2874 Ephes.
465 2849 495 2875 ιι,
516 2842 542 2869 7.
580 2842 613 2877 ,υ
627 2841 707 2870 Joan.
725 2850 753 2874 ι,
778 2843 835 2875 l5;
853 2851 908 2878 ην,
924 2844 968 2874 ll.

1107 1561 1155 1590 οὖν
1173 1563 1208 1590 τὰ
1222 1563 1315 1591 παιδία
1330 1564 1518 1600 ⁸κεκοινώνηκε
1535 1564 1638 1599 σαρκὸς
1650 1564 1698 1591 καὶ
1711 1564 1839 1600 αἵματος,
1855 1565 1902 1591 καὶ

1109 1610 1190 1642 αὐτὸς
1202 1611 1400 1646 παραπλησίως
1417 1611 1550 1647 μετέσχεν
1566 1611 1620 1639 τῶν
1632 1611 1734 1640 αὐτῶν.

1145 1657 1296 1691 Δείκνυσιν,
1311 1658 1349 1690 ὼς
1369 1658 1516 1694 ἄνθρωπος
1531 1659 1663 1693 γεγονὼς,
1683 1658 1774 1685 πάντα
1795 1658 1831 1685 τὰ
1853 1658 1902 1685 ἀν-

1110 1702 1235 1738 θρώπινα
1247 1703 1343 1730 ἐλαϐεν
1355 1703 1424 1739 πλὴν
1439 1704 1587 1738 ἁμαρτίας.
1607 1703 1703 1730 Καίτοι
1719 1704 1772 1738 γὰρ
1789 1702 1903 1739 σύνθρο-

1109 1756 1154 1780 νος
1172 1747 1210 1775 ὢν
1234 1747 1273 1783 τῷ
1291 1748 1348 1784 ιδίῳ
1366 1749 1466 1784 Πατρὶ,
1481 1748 1530 1775 καὶ
1544 1748 1761 1784 συμϐασιλεύων,
1774 1748 1820 1774 καί
1837 1756 1903 1775 συν-

1110 1794 1202 1830 άρχων
1226 1794 1282 1821 τῶν
1309 1794 1388 1827 ὅλων,
1420 1794 1580 1821 πεποιθέναι
1605 1795 1714 1829 λέγεται
1741 1796 1784 1821 ἐπ’
1810 1794 1902 1821 αὐτόν.

1109 1840 1196 1867 Τοῦτο
1221 1840 1250 1868 δὲ
1282 1839 1369 1875 λέγει,
1394 1841 1535 1876 πρέποντα
1562 1841 1650 1876 λέγων
1674 1842 1707 1876 τῇ
1740 1840 1788 1867 τοῦ
1807 1840 1902 1868 δούλου

1112 1889 1214 1924 μορφῇ,
1230 1887 1326 1923 ὥσπερ
1337 1887 1433 1924 ἀμέλει
1449 1887 1497 1914 καὶ
1512 1887 1548 1914 τὰ
1567 1889 1617 1923 τῆς
1638 1888 1764 1923 θεότητος
1783 1887 1903 1921 δεικνὺς,

1111 1933 1208 1968 φησιν·
1226 1933 1300 1968 Ἐγὼ
1316 1933 1365 1960 καὶ
1375 1935 1391 1961 ὁ
1403 1933 1504 1968 Πατὴρ
1520 1933 1555 1961 ἓν
1566 1934 1661 1968 ἐσμεν
1672 1942 1680 1949 '
1701 1935 1759 1967 καὶ,
1781 1933 1856 1968 Ἐγὼ
1869 1933 1904 1960 ὲν

1107 1978 1150 2012 τῷ
1159 1978 1263 2013 Πατρὶ,
1278 1979 1328 2006 καὶ
1339 1980 1355 2007 ό
1367 1978 1469 2012 Πατὴρ
1484 1978 1602 2013 ἐνέμοί.

1148 2088 1160 2104 ι
1179 2078 1238 2106 Ἵνα
1253 2078 1299 2105 διὰ
1314 2078 1362 2105 τοῦ
1380 2078 1499 2105 θανάτου
1514 2079 1680 2115 καταργήσῃ
1698 2079 1746 2106 τδν
1756 2078 1790 2106 τὸ
1803 2078 1905 2114 κράνος

1111 2124 1209 2160 ἔχοντα
1225 2124 1272 2151 τοῦ
1285 2124 1413 2158 Θανάτου,
1425 2125 1551 2152 mutem
1567 2126 1613 2152 τδν
1623 2124 1756 2153 διάϐολον.
1773 2132 1783 2151 t

1155 2180 1289 2210 Ἐνταῦθα
1307 2183 1338 2209 τὺ
1349 2182 1507 2218 Θαυμαστὸν
1518 2183 1657 2210 δείκνυσιν
1666 2203 1674 2216 ,
1685 2183 1726 2210 ὅτι
1737 2183 1773 2210 δι’
1784 2180 1815 2210 οῦ
1826 2181 1907 2218 ὲκρά-

1113 2236 1196 2263 τησεν
1221 2228 1236 2254 δ
1257 2227 1390 2260 διάϐολος,
1415 2227 1459 2254 διὰ
1489 2227 1586 2254 τούτου
1618 2227 1744 2263 ἡττήθη·
1770 2229 1818 2254 καὶ
1836 2227 1905 2262 ὅπερ

1113 2273 1225 2311 ισχυρδν
1251 2273 1327 2309 αὐτῷ
1348 2266 1384 2310 ἦν
1408 2274 1490 2301 ὅπλον
1517 2273 1590 2301 κατὰ
1617 2273 1668 2308 τῆς
1695 2274 1870 2308 οικουμένης,
1892 2274 1906 2299 ὸ

1112 2321 1237 2354 θάνατος,
1250 2321 1338 2357 τούτῳ
1363 2321 1445 2348 αὑτὸν
1471 2320 1588 2356 ἔπληξαν
1602 2321 1618 2347 ὁ
1633 2320 1745 2357 Κύριος.
1761 2320 1906 2347 Δείκνυται

1111 2367 1140 2394 δὲ
1164 2367 1210 2394 διὰ
1236 2366 1333 2394 τούτου
1357 2366 1388 2394 τὸ
1416 2366 1484 2394 πολὺ
1510 2366 1560 2402 τῆς
1587 2366 1730 2402 δυνάμεως
1755 2365 1802 2393 τοῦ
1827 2365 1905 2400 νική-

1113 2421 1221 2443 σαντος.

1150 2482 1162 2499 1
1183 2472 1238 2499 Καὶ
1259 2472 1403 2509 ἀπαλλάξῃ
1422 2471 1540 2504 τούτοις,
1559 2471 1616 2498 ὅσοι
1633 2470 1710 2506 φόϐῳ
1732 2469 1848 2497 θανάτου
1864 2468 1908 2495 διὰ

1115 2519 1217 2550 παντὸς
1232 2518 1279 2545 τοῦ
1295 2517 1344 2554 ζῇν
1359 2517 1447 2553 ἔνοχοι
1460 2515 1531 2554 ἦσαν
1546 2517 1679 2549 δουλείας.
1699 2526 1708 2542 ι

1151 2574 1244 2602 Δοῦλοι
1274 2575 1375 2606 πάντες
1401 2572 1472 2610 ἦσαν
1490 2573 1537 2600 τοῦ
1556 2573 1684 2605 Θανάτου,
1703 2571 1781 2608 φησι,
1802 2571 1850 2598 καὶ
1869 2569 1908 2606 τῷ

1117 2621 1231 2656 μηδέπω
1248 2620 1329 2647 αὑτὸν
1347 2619 1475 2647 λελύσθαι
1502 2618 1685 2655 δκρατοῦντο,
1708 2618 1757 2645 καὶ
1779 2617 1853 2652 φόϐῳ
1869 2617 1909 2643 δι-

1115 2666 1210 2700 ηνεκεῖ
1227 2664 1346 2697 συνέζων
1358 2665 1383 2692 οἱ
1395 2664 1546 2700 ἅνθρωποι,
1561 2665 1604 2691 ἀεὶ
1617 2664 1823 2700 προσδοκῶντες
1837 2665 1906 2690 ἁπο-

1114 2710 1307 2746 τεθνήξεσθαι,
1326 2711 1374 2738 καὶ
1395 2711 1525 2746 οὐδεμιᾶς
1544 2711 1643 2747 ἡδονῆς
1661 2711 1790 2746 αἴσθησιν
1813 2707 1886 2745 εἶκον
1899 2729 1906 2742 ,

1114 2756 1162 2783 τοῦ
1178 2756 1261 2792 φόϐου
1276 2757 1368 2789 αὐτοῖς
1391 2758 1525 2793 παρόντος
1539 2757 1583 2784 ἀεί
1596 2765 1602 2772 ’
1617 2756 1697 2784 τοῦτο
1713 2756 1769 2791 γὰρ
1784 2755 1910 2793 ᾐνίξατο,

1913 274 1918 289 i
