2078 3113
199 162 250 198 941

790 159 832 190 TN
852 159 968 190 EPIST.
983 159 998 187 Δ

1051 157 1245 189 HEBR/EOS.
1778 155 1829 187 94:7.

199 221 300 250 εἰπὼν,
316 219 489 252 διίιπαντὸς
505 218 558 245 τοῦ
580 217 647 251 ζῇν·
672 215 740 244 ἀλλὰ
761 216 915 251 ἀπήλλαξεν
946 215 991 241 τὸν

1048 215 1118 247 [nam
1138 213 1190 240 hoc
1207 211 1392 240 subindicavit
1404 212 1530 246 dicendo,
1543 220 1589 247 per
1603 219 1703 239 omnem
1716 213 1807 247 vitam)
1820 222 1828 246 ς

201 266 293 300 φόϐον,
307 266 354 292 καὶ
370 264 494 300 γελῶμεν
508 265 558 300 ἤδη
574 263 667 290 αὐτόν.

234 368 253 391 ι
272 356 312 382 Οὺ
330 355 386 390 γὰρ
413 354 500 389 δήπου
520 352 646 387 ἀγγέλων
666 351 892 386 ιπιλαμόἁνεται,
921 349 989 377 ἀλλὰ

202 401 361 436 σπέρματος
378 397 505 434 Ἀϐραὰμ
517 397 743 432 έπιλαμὸάνεται.
763 405 786 433 »γ

237 446 296 473 Οὐκ
314 445 434 479 ἐκείνης,
454 443 547 479 φησιν,
571 442 704 478 ἐδράξατο
725 441 776 476 τῆς
798 441 917 476 φύσεως,
940 440 990 475 τῆς

202 491 256 516 τῶν
269 489 392 524 ἀγγέλων
403 488 484 524 φημὶ,
508 487 577 514 ἀλλὰ
598 486 648 521 τῆς
669 485 817 521 ἡμετέρας.
842 484 893 511 Διά
912 483 991 511 τοῦτο

203 535 232 562 δὲ
243 532 330 567 εἷπεν,
343 534 518 566 ἐπελάϐετο,
530 533 574 559 ἵνα
591 531 666 568 δείξῃ
683 531 816 558 διώκοντα
831 531 913 557 αὑτὸν
929 530 992 561 τοὺς

203 580 459 615 ἀποστρεφομένους
471 587 479 595 ·
498 578 537 610 ὡς
559 578 655 614 τιόρρω
676 577 730 614 γὰρ
750 578 824 612 ἡμᾶς
842 576 992 611 φεύγοντας

201 626 389 654 “modum.

240 671 322 698 Ὀθεν
352 669 451 704 ὤφειλε
478 668 550 696 κατὰ
567 667 657 695 πάντα
675 666 732 699 τοῖς
752 667 875 701 ἀδελφοῖς
891 667 993 702 ὁμοιω-

204 717 295 751 θῆναι,
309 717 354 743 ἵνα
370 715 495 750 mauu»;
510 714 634 749 γένηται,
657 714 704 740 καὶ
726 713 823 744 πιστὸς
847 713 993 749 ἀρχιερεὺς

204 762 240 789 τὰ
257 763 323 797 πρὸς
338 762 384 789 τὸν
407 762 487 792 Θεὸν,
505 762 544 793 εἰς
560 761 591 788 τὸ
607 759 767 788 ἱλάσκεσθαι
787 759 836 791 τὰς
857 759 994 795 ἁμαρτίας

204 807 250 834 τοῦ
267 807 342 834 λαοῦ.
360 816 370 833 ι

241 852 273 878 Τί
298 853 355 878 ἐστι
380 851 455 878 κατὰ
478 851 594 883 πάντα;
617 850 740 886 Ἐτέχθη,
758 850 850 885 φησιν,
877 849 992 885 ἐτράφη,

206 897 324 934 ηὐξήθη,
349 897 445 930 ἔπαθε,
462 897 552 924 πάντα
574 897 647 932 ἆπερ
663 883 747 932 ὲξρῆν
764 883 924 928 τελειώσας
943 896 995 922 ἀπ·
1011 883 1032 912 Β

205 943 310 970 ἔθανεν.
331 942 415 969 Τοῦτό
430 943 488 969 ἐστι
499 941 570 968 κατὰ
585 941 676 968 πάντα
689 943 745 973 τοῖς
757 941 882 975 ἀδελφοῖς
897 941 996 976 ὁμοιωι

202 989 294 1024 θῆναι.
316 988 426 1023 Ἐπειδὴ
440 988 496 1024 γὰρ
513 987 599 1014 πολλὰ
624 987 778 1022 διαλεχθεὶς
794 987 858 1022 περὶ
876 986 927 1020 τῆς
949 995 996 1021 με-

205 1036 381 1070 γαλειότητος
398 1033 492 1066 αὑτοῦ,
513 1035 561 1061 καὶ
576 1033 627 1069 τῆς
649 1034 706 1061 ἂνω
729 1033 818 1068 δόξης,
842 1033 935 1059 λοιπὸν
950 1032 996 1059 τὸν

205 1080 270 1115 περὶ
283 1080 332 1114 τῆς
348 1079 508 1114 οἰκονομίας
527 1079 607 1113 λόγον
629 1080 709 1112 κινεῖ,
729 1079 870 1114 μονονουχὶ
890 1078 994 1112 λέγων·

212 1125 241 1151 '0
252 1124 323 1152 οὕτω
339 1124 435 1160 μέγας,
449 1125 464 1151 ὁ
490 1124 527 1151 ὢν
542 1124 715 1159 ἀπαύγασμα
731 1124 777 1151 τοῦ
792 1123 909 1159 Πατρδς,
929 1125 943 1150 ὁ
956 1123 996 1150 ὢν

206 1169 349 1206 χαρακτὴρ
364 1169 412 1204 τῆς
432 1169 619 1201 ὑποστάσεως,
648 1169 681 1195 δι’
696 1165 726 1195 οὗ
744 1168 808 1200 τοὺς
828 1168 931 1200 αἰῶνας
947 1177 996 1195 πε-

206 1215 330 1250 ποίηκεν,
339 1215 353 1241 ὁ
364 1215 393 1241 ἐν
401 1214 475 1249 δεξιᾷ
487 1214 534 1241 τοῦ
547 1214 654 1250 Πατρδς
664 1214 829 1249 καθήμενος,
842 1210 920 1245 οὗτος
932 1213 997 1248 ἠθέ-

206 1260 282 1295 λησε,
294 1260 511 1287 καὶὲσπούδαχεν
520 1260 634 1294 ἀδελφὸς
644 1260 721 1295 ἡμῶν
733 1261 761 1286 ὲν
774 1261 842 1286 πᾶσι
850 1259 976 1293 γενέσθαι
987 1267 994 1275 ·

212 1306 349 1341 Ἑθέλησε,
359 1306 407 1332 καὶ
417 1306 460 1333 διὰ
473 1306 554 1333 τοῦτο
564 1307 611 1333 καὶ
624 1306 691 1341 πρὸς
705 1306 780 1340 ἡμᾶς
791 1305 934 1340 κατῆλθεν,
950 1305 997 1332 «καὶ

207 1351 286 1388 ἡμῶν
301 1351 460 1385 ἐπελάϐετο,
484 1352 532 1379 καὶ
558 1351 642 1387 μυρία
664 1352 813 1387 εἰργάσατο
829 1351 928 1386 ἀγαθά.
943 1351 996 1378 Θά-

207 1406 286 1426 νατον
310 1398 415 1431 ἔλυσεν,
431 1398 476 1425 τὸν
498 1398 622 1426 διάϐολον
638 1397 687 1432 τῆς
701 1398 860 1433 τυραννίδος
875 1397 997 1431 ἐξέϐαλε,

207 1441 329 1474 δουλείας
347 1442 515 1478 ἀπήλλαξεν,
547 1442 707 1477 ’Λρχιερεθς
733 1441 861 1476 γενέσθαι
882 1441 997 1477 ἠθέλησε

208 1488 276 1524 πρὸς
289 1489 335 1515 τὸν
356 1488 476 1523 Πατέρα.
496 1487 541 1514 Διὸ
556 1488 604 1514 καὶ
622 1488 774 1523 ἐπήγαγεν.
787 1487 849 1514 Ἵνα
862 1487 999 1521 ἐλεήμων

1041 265 1133 284 verum
1147 258 1272 285 timorem
1287 257 1358 285 hunc
1371 257 1498 286 Christus
1516 258 1632 292 pepulit,
1649 258 1684 284 ita
1700 261 1727 284 ut
1746 258 1827 286 morti

1040 304 1096 338 jam
1115 303 1269 330 illndamus.

1080 348 1161 375 Vens.
1180 347 1225 375 ιθ.
1244 357 1253 373 ι
1269 347 1407 382 Nusquam
1423 347 1496 374 enim
1511 347 1622 383 angelos
1637 347 1828 383 apprehendit,

1041 392 1090 422 sed
1108 401 1201 421 semen
1218 393 1334 421 Abrahae
1346 393 1536 428 apprehendit.
1558 403 1568 420 ι

1075 439 1136 467 Non
1159 439 1242 472 illam,
1262 439 1363 474 inquit,
1379 440 1538 474 angelorum
1561 439 1676 472 scilicet,
1703 444 1828 467 naturam

1043 486 1159 520 accepit,
1177 485 1226 513 sed
1242 490 1374 513 nostram.
1403 485 1507 512 Idcirco
1531 489 1621 511 autem
1637 484 1719 515 dixit,
1736 493 1830 519 appre-

1043 531 1143 563 hendit,
1160 535 1188 558 ut
1201 530 1342 558 Christum
1355 531 1483 558 ostendat
1494 529 1553 557 illos
1567 537 1627 557 esse
1643 535 1831 564 prosecutum,

1044 577 1088 612 qui
1106 585 1135 604 sc
1155 576 1362 604 aversabantur.
1387 575 1456 603 Dum
1485 575 1558 603 enim
1580 575 1675 610 procul
1703 575 1832 611 fugieba-

1044 629 1114 652 mus,
1131 622 1189 656 ipse
1202 628 1250 649 nos
1267 621 1389 648 attraxit.

1082 667 1165 695 Vens.
1181 667 1225 695 t7.
1245 676 1255 692 ι
1273 667 1349 695 Unde
1366 667 1459 694 debuit
1477 674 1524 702 per
1536 666 1627 694 omnia
1646 667 1778 694 fratribus
1794 667 1832 694 si-

1045 712 1144 744 ntilari,
1159 711 1241 746 232
1256 716 1285 738 ut
1297 711 1452 739 misericors
1464 711 1551 744 ﬁeret,
1565 716 1592 739 et
1604 711 1691 738 ﬁdelis
1708 711 1829 746 pontifex

1045 757 1077 784 ad
1095 757 1191 789 Deum,
1207 761 1237 784 ut
1254 757 1446 792 repropitiaret
1462 756 1559 784 delicta
1571 756 1672 791 populi.
1696 765 1705 781 ι

1081 847 1218 881 Quidnam
1245 846 1313 875 illud
1327 852 1378 881 est,
1391 854 1438 882 per
1456 847 1564 874 omnia?
1575 846 1661 876 Natus
1673 852 1724 881 est,
1735 848 1833 884 inquit,

1048 894 1167 921 nutritus
1181 897 1234 925 est,
1251 899 1347 928 passus
1360 899 1411 926 est,
1431 893 1567 919 universis
1586 900 1646 928 quae
1662 900 1731 927 opus
1744 899 1834 925 erant,

1046 938 1254 970 consummatis,
1273 942 1398 965 mortuus
1418 941 1481 965 est:
1499 938 1551 966 hoc
1566 942 1609 965 est
1631 938 1764 966 fratribus
1787 946 1836 974 per

1046 985 1137 1013 omnia
1152 985 1280 1013 similari.
1296 983 1377 1015 Nam,
1395 984 1458 1017 quia
1486 984 1579 1011 multis
1600 983 1787 1019 disputaverat
1800 984 1835 1012 de

1047 1032 1189 1065 maiestate
1204 1030 1370 1064 sublimique
1391 1029 1478 1065 gloria
1495 1029 1579 1062 illius,
1598 1029 1652 1057 hoc
1674 1030 1724 1057 loci
1743 1030 1776 1057 de
1789 1030 1835 1057 in~

1047 1072 1214 1105 carnationis
1229 1075 1435 1110 dispensatione
1447 1082 1602 1102 sermonem
1614 1075 1709 1110 agitat,
1723 1076 1750 1102 in
1762 1075 1835 1102 hunc

1048 1125 1104 1153 fere
1119 1125 1244 1155 modum:
1257 1123 1307 1157 Qui
1327 1128 1380 1150 tam
1391 1131 1504 1159 magnus
1515 1127 1568 1156 est,
1583 1122 1627 1158 qui
1646 1123 1777 1158 splendor
1793 1127 1837 1151 est

1048 1170 1147 1204 Patris,
1167 1170 1215 1204 qui
1231 1174 1275 1200 est
1293 1169 1436 1196 character
1451 1172 1478 1195 et
1494 1168 1580 1204 figura
1596 1168 1754 1196 substantiae
1763 1169 1834 1203 ejus,

1047 1222 1094 1250 per
1107 1222 1187 1250 quem
1205 1215 1251 1242 ille
1265 1213 1330 1242 fecit
1350 1213 1459 1246 saecula,
1479 1214 1524 1248 qui
1540 1213 1616 1241 sedet
1632 1221 1647 1240 a
1666 1214 1771 1241 dextris
1786 1213 1838 1241 Pa‘

1048 1262 1110 1294 Iris,
1122 1262 1181 1296 ipse
1190 1261 1287 1293 voluit,
1303 1267 1467 1295 summoque
1482 1259 1573 1287 studio
1585 1260 1738 1294 peroptavit
1752 1260 1838 1287 frater

1048 1311 1142 1334 noster
1169 1306 1257 1333 modis
1279 1306 1409 1333 omnibus
1436 1306 1494 1332 lteri
1519 1315 1525 1332 :
1545 1305 1639 1338 voluit,
1667 1306 1789 1340 inquam,
1811 1310 1838 1334 et

1048 1356 1191 1387 propterea
1209 1351 1244 1379 ad
1259 1359 1310 1379 nos
1320 1358 1431 1386 quoque
1448 1351 1601 1380 descendit.
1620 1358 1727 1386 nOSque
1739 1358 1838 1386 apprc-

1049 1397 1157 1430 hendit,
1169 1400 1197 1424 et
1211 1397 1356 1424 innumera
1371 1397 1442 1424 bona
1457 1396 1585 1430 patravit.
1603 1395 1734 1423 Dissolvit
1750 1400 1778 1423 et
1790 1404 1838 1424 ex-

1049 1442 1145 1469 stinxit
1163 1445 1289 1475 mortem,
1307 1442 1446 1470 diabolum
1463 1443 1607 1477 tyrannica
1623 1443 1736 1477 imperio
1748 1443 1837 1478 ejet-it,

1049 1495 1064 1514 ο
1077 1487 1211 1515 servitute
1227 1495 1277 1515 nos
1292 1487 1431 1520 liberavit,
1448 1487 1574 1516 Pontifex
1588 1496 1649 1516 esse
1661 1495 1755 1516 noster
1766 1490 1838 1525 apud

208 1533 330 1569 γένηται
344 1533 394 1561 καὶ
411 1533 520 1566 πιστὸς
533 1533 690 1568 ἀρχιερεὺς
704 1533 741 1560 τὰ
754 1532 829 1567 πρὸς
843 1532 896 1559 τὸν
913 1533 997 1560 θεόν.

1051 1533 1158 1560 Patrem
1174 1533 1273 1561 voluit.
1290 1533 1427 1566 Quocirca
1444 1533 1546 1562 Paulus
1560 1534 1663 1567 intulit,
1681 1540 1709 1561 ut
1731 1536 1838 1563 miseri-

208 1578 241 1606 Τί
253 1579 282 1606 δέ
298 1581 355 1606 ἐστι
367 1599 374 1611 ,
395 1581 502 1612 πιστός
513 1588 523 1612 ;
544 1579 658 1614 ’Δληθὴς
670 1579 717 1606 καὶ
738 1579 895 1613 δυνάμενος.
912 1578 949 1606 Τὰ
971 1578 999 1605 δὲ

209 1625 284 1659 πρὸς
295 1624 348 1652 τὸν
364 1625 448 1657 Θεὸν,
465 1626 599 1661 ἐπήγαγε,
627 1624 707 1651 τοῦτο
721 1624 821 1658 δηλῶν,
836 1625 874 1657 ὡς
894 1625 927 1651 ὲκ
950 1632 999 1652 που

213 1670 386 1705 λεμουμένων
402 1670 441 1705 τῷ
453 1669 523 1705 Θεῷ,
545 1670 592 1696 καὶ
607 1669 850 1704 κατεγνωσμένων,
866 1670 914 1696 καὶ
926 1678 999 1696 τετιο

211 1715 393 1751 μωρημένων,
407 1715 495 1746 οὐδεὶς
509 1713 543 1750 ἦν
564 1715 579 1741 ό
597 1715 750 1750 προσοίσων
772 1714 842 1750 ὑπὲρ
856 1714 936 1751 ἡμῶν
952 1715 999 1742 θυ-

211 1762 282 1794 σίαν,
298 1761 355 1788 ἀλλ’
373 1760 441 1789 εἶδεν
458 1761 532 1796 ἡμᾶς
545 1762 575 1788 ἐν
586 1761 691 1793 τούτοις
704 1761 796 1793 ὄντας,
811 1761 858 1788 καὶ
871 1761 999 1796 ἠλέησεν,

210 1808 240 1835 οὐ
256 1808 429 1843 καταστήσας
454 1807 520 1841 ἡμῖν
544 1807 688 1842 ἀρχιερέα,
706 1808 765 1834 ἀλλ’
783 1807 864 1839 αὐτὸς
882 1806 1000 1841 γεγονὼς

217 1852 373 1889 ’Δρχιερεὺς
387 1852 493 1885 πιστδς,
508 1852 559 1879 ἵνα
570 1852 712 1886 ίλάσηται
722 1852 775 1885 τὰς
788 1853 931 1887 ἁμαρτίας
947 1852 1000 1879 τοῦ

210 1898 298 1925 λαοῦ,

251 1998 260 2015 ι
286 1988 330 2015 Ἐν
342 1983 364 2023 ᾧ
379 1989 433 2024 γὰρ
447 1986 593 2021 πέπονθεν,
609 1987 691 2020 αὐτὸς
706 1986 872 2024 πειρασθείς.
894 1996 904 2014 ι

249 2078 361 2115 Ὅμοιον
388 2080 426 2112 ὡς
451 2080 475 2106 εί
498 2079 588 2114 λέγοι⁶
612 2079 669 2106 Οὐκ
684 2080 777 2113 ἀγνοεῖ
801 2079 836 2106 τὰ
861 2079 936 2113 πάθη
967 2079 1001 2106 τὰ

213 2125 335 2160 ἡμέτερα
350 2133 357 2140 '
374 2125 423 2160 οὐχ
438 2125 476 2157 ὡς
494 2125 562 2157 Θεὸς
577 2126 658 2161 μόνον
680 2122 752 2152 οἶδεν
766 2125 848 2158 αὐτὰ,
865 2124 933 2152 ἀλλὰ.
954 2124 1001 2152 καὶ

212 2171 250 2203 ὼς
271 2172 414 2208 ἄνθρωπος
435 2171 505 2206 ἔγνω
523 2171 567 2198 διὰ
591 2171 642 2206 τῆς
670 2172 780 2208 πείρας,
798 2168 833 2207 ἧς
855 2171 998 2207 ἐπειράθη.

1051 1587 1110 1606 τοι-ε
1122 1579 1206 1613 ﬁam,
1216 1584 1239 1606 et
1253 1579 1339 1613 ﬁdelis
1355 1579 1480 1614 Pontifex
1494 1580 1564 1614 apud
1578 1580 1674 1608 Deum.
1686 1581 1756 1613 Quid
1774 1589 1840 1608 vero

1050 1624 1199 1659 signiﬁcat.
1216 1624 1303 1659 ﬁdelis
1313 1624 1424 1653 fVerax
1440 1629 1466 1652 et
1479 1631 1585 1660 potens.
1597 1625 1754 1661 Subjunxit,
1768 1627 1838 1661 apud

1050 1669 1156 1703 Deum;
1176 1670 1320 1697 declarans
1331 1671 1414 1705 quod,
1433 1678 1496 1698 cum
1521 1671 1613 1699 hostes
1638 1679 1763 1700 essemus
1780 1672 1840 1705 Dei,

1051 1721 1115 1742 cum
1128 1714 1249 1741 damnati
1265 1721 1391 1742 essemus
1410 1720 1438 1743 et
1452 1716 1594 1751 suppliciis
1615 1717 1740 1749 obnoxii,
1757 1725 1840 1745 nemo

1050 1759 1133 1787 fuerit
1150 1759 1197 1794 qui
1213 1760 1380 1788 sacrificium
1404 1760 1515 1788 offerret
1541 1769 1590 1796 pro
1611 1763 1709 1796 nobis;
1731 1763 1779 1791 scd
1797 1763 1841 1791 ille

1050 1805 1147 1833 videns
1164 1813 1213 1833 nos
1229 1806 1271 1833 his
1285 1806 1312 1833 in
1329 1806 1410 1834 malis
1423 1807 1538 1839 versari,
1550 1809 1636 1835 nostri
1653 1809 1782 1836 misenus
1792 1810 1838 1842 sit,

1052 1859 1143 1887 neque
1160 1859 1298 1880 summum
1322 1854 1492 1881 sacerdotem
1519 1853 1638 1881 alterum
1664 1854 1842 1882 constituerit

1051 1898 1149 1930 nobis,
1171 1899 1219 1926 sed
1232 1899 1290 1933 ipse
1302 1898 1427 1926 Pontifex
1443 1899 1530 1927 ﬁdelis
1545 1901 1580 1928 sit
1593 1900 1696 1934 factus,
1709 1906 1736 1928 ut
1751 1909 1840 1936 repro-

1049 1944 1155 1978 pitiaret
1166 1948 1277 1979 peccata
1289 1944 1390 1978 populi.

1087 1990 1169 2018 Vens.
1189 1990 1233 2018 18.
1262 1999 1271 2015 ι
1287 1989 1317 2017 In
1341 1997 1374 2016 eo
1389 1990 1460 2017 enim
1477 1991 1503 2017 in
1523 1999 1578 2026 quo
1594 1999 1692 2026 passus
1705 1997 1764 2025 est,
1782 1993 1840 2028 ipse

1051 2039 1178 2063 tentatus.
1200 2044 1211 2061 ι

1088 2079 1161 2108 Idem
1179 2085 1220 2107 est
1233 2087 1266 2108 ac
1278 2088 1301 2108 at
1317 2080 1420 2109 diceret
1437 2090 1443 2109 :
1461 2080 1666 2117 [Egritudinum
1681 2088 1838 2111 nostrarum

1052 2127 1267 2161 haudquaquam
1285 2127 1387 2154 inscius
1402 2132 1462 2160 est,
1482 2135 1534 2156 nec
1550 2135 1597 2156 eas
1613 2129 1745 2156 duntaxat
1765 2129 1839 2157 novit

1051 2179 1104 2207 qua
1125 2171 1197 2200 Deus
1213 2175 1268 2205 est,
1292 2173 1339 2200 sed
1363 2173 1445 2200 etiam
1471 2181 1524 2208 qua
1549 2173 1631 2201 homo
1650 2174 1766 2207 exsistit,
1790 2181 1838 2209 pe-

214 2216 320 2261 '_E1ra6e
337 2217 436 2245 πολλά·
455 2216 510 2244 οἶδε
526 2218 710 2253 συμπάσχειν,
731 2217 821 2244 καίτοι
843 2225 876 2252 γε
892 2215 998 2252 ἀπαθὴς

1053 2218 1168 2246 ricultttn
1193 2219 1352 2246 earumdem
1387 2219 1471 2252 fecit,
1501 2220 1601 2254 quippe
1629 2227 1691 2261 cum
1720 2223 1839 2248 tentatus

213 2259 250 2287 ὣν
268 2261 306 2294 ὡς
324 2262 400 2294 Θεός.

253 2362 265 2380 ‹
286 2353 404 2380 Δύναται
417 2353 473 2384 τοῖς
484 2351 691 2388 πειραζομένοις
706 2351 848 2388 βοηθῆσαι.
869 2361 878 2378 ι

255 2399 300 2430 Ὦς
313 2398 346 2425 ἂν
362 2398 434 2424 εἴποι
449 2407 492 2431 τις
505 2407 516 2414 ⁵
526 2398 604 2426 Μετὰ
628 2398 727 2434 πολλῆς
739 2397 893 2434 προθυμίας
914 2398 1002 2435 ὀρέξει

215 2444 306 2479 χεῖρα,
322 2443 369 2470 καὶ
384 2443 602 2480 συμπαθήσεται.

522 2490 647 2518 ΚΕΦΛΔ.
662 2490 689 2516 Γ¹

254 2542 263 2559 t
283 2532 374 2566 Ὅθεν,
389 2533 500 2568 ἀδελφοὶ
520 2533 604 2568 ἅγιοι,
625 2534 748 2570 κλήσεως
763 2534 925 2571 ἐπουρανίου
941 2535 1004 2570 μέτ-

216 2587 284 2614 οχοι,
308 2579 492 2614 κατανοήσατε
522 2579 568 2606 τὸν
593 2579 770 2615 Ἀπόστολον,
794 2582 839 2608 καὶ
862 2581 1004 2617 Ἀρχιερόα

215 2625 267 2660 τῆς
284 2625 430 2659 ὁμολογίας
445 2624 523 2661 ήμῶν
540 2625 584 2652 τὸν
602 2625 706 2660 Ἰησοῦν
721 2627 851 2663 Χριστόν.
867 2637 877 2654 ι

252 2671 365 2698 Μέλλων
383 2671 464 2698 αὐτὸν
478 2671 617 2705 προθεῖναι
638 2671 684 2700 τοῦ
706 2673 856 2706 Μωῦσέως,
874 2673 920 2700 καὶ
938 2673 1004 2708 σύγ-

218 2719 310 2752 ίρισιν
326 2716 474 2749 ποιεῖσθαι,
492 2716 532 2748 είς
552 2716 598 2743 τὸν
617 2717 670 2751 τῆς
694 2717 844 2753 ίερωσὺνης
863 2718 945 2754 νόμον
959 2718 1005 2745 τὸν

218 2762 297 2796 λόγον
315 2762 430 2797 ἢγαγεν.
449 2762 480 2788 '0
503 2761 531 2788 δὲ
556 2762 607 2797 τῆς
631 2762 780 2800 ίερωσύνης
794 2764 883 2799 λόγος,
903 2765 944 2797 είς
957 2764 1006 2801 τὴν

219 2808 374 2842 οἰκονομίαν
390 2807 539 2843 έκληφθείη
550 2808 594 2835 ἄν.

257 2853 386 2880 Τουτέοτι
401 2853 450 2889 τῆς
466 2853 591 2885 πίστεως.

1051 2265 1109 2299 ipse
1125 2265 1218 2292 fuerit.
1235 2264 1331 2297 Multa,
1345 2265 1443 2300 inquit,
1457 2266 1579 2300 pertulit,
1598 2267 1840 2294 commiserascere

1052 2310 1115 2343 scit,
1128 2311 1255 2345 quamvis
1270 2311 1326 2346 pati
1340 2312 1442 2339 nesciat
1454 2315 1591 2346 quatenus
1604 2316 1647 2339 est
1660 2311 1744 2339 Dens.
1823 2300 1831 2309 ’

1089 2365 1098 2381 ι
1119 2354 1221 2383 Potens
1234 2360 1276 2383 est
1294 2360 1322 2383 et
1338 2355 1378 2383 eis
1394 2356 1439 2390 qui
1452 2360 1602 2388 tentantur,
1616 2356 1755 2383 auxiliari.
1773 2365 1782 2381 ι

1087 2401 1143 2430 Ceu
1165 2401 1241 2429 dicat
1261 2402 1380 2437 aliquis:
1396 2401 1464 2429 Cum
1488 2403 1573 2429 multa
1595 2401 1679 2428 animi
1700 2401 1841 2429 alacritate

1053 2447 1173 2482 porriget
1189 2446 1340 2479 dexteram,
1355 2450 1384 2474 ει
1399 2446 1587 2475 commiserabi
1594 2451 1646 2473 tur.

1379 2492 1455 2519 CAP.
1470 2493 1514 2520 Ill.

1089 2537 1172 2566 Vens.
1181 2538 1223 2565 1.(
1236 2536 1324 2571 Unde,
1336 2538 1433 2565 fratres
1445 2538 1543 2570 sancti.
1555 2538 1706 2566 vocationis
1720 2537 1841 2566 ctrlestis

1054 2583 1213 2617 participes,
1246 2583 1418 2610 considerate
1444 2583 1606 2617 Apostolum
1631 2587 1658 2610 et
1681 2582 1840 2610 Pontillcem

1055 2627 1242 2656 cunfessionis
1255 2632 1355 2656 nostrae
1368 2627 1459 2656 Jesum
1477 2628 1630 2656 Christum.
1648 2637 1658 2655 ι

1091 2672 1224 2706 Quoniam
1244 2679 1306 2700 eum
1320 2672 1405 2708 Moysi
1418 2673 1622 2707 antepositurus
1633 2672 1842 2704 erat,etutriusa

1056 2726 1108 2754 que
1125 2718 1357 2753 comparationem
1375 2718 1474 2751 facere,
1499 2719 1532 2747 de
1552 2720 1611 2754 lege
1635 2719 1781 2746 sacerdotii
1800 2719 1842 2746 di-

1056 2772 1118 2792 cere
1142 2764 1271 2792 instituit.
1294 2764 1376 2798 Atqui
1393 2765 1538 2792 sacerdotii
1556 2765 1625 2793 ratio
1646 2764 1681 2792 ad
1696 2763 1839 2799 dispansae

1057 2810 1159 2838 tionem
1177 2809 1291 2836 omnino
1304 2810 1478 2845 pertinuerit.

1092 2854 1122 2882 id
1136 2847 1178 2882 est
1191 2853 1263 2882 ﬁdei.
