2078 3113
263 135 328 166 νυ43

316 190 396 218 Vsus.
408 190 434 218 9..
457 200 465 216 ι
484 190 534 224 Qui
552 189 641 218 ﬁdelis
655 193 698 218 est
715 189 751 217 illi
766 189 812 224 qui
828 190 892 218 fecit
910 190 994 217 illum.
1015 200 1024 216 ι

312 237 458 271 Apostolus
471 237 564 271 utique
580 242 606 265 ct
621 236 759 264 Pontifex.
776 235 835 264 Non
852 237 925 263 enim
944 237 995 264 hoc
1012 236 1063 263 loci

277 283 310 310 de
333 283 484 310 substantia
506 283 568 318 ejus
585 283 719 318 loquitur,
744 283 797 310 imo
819 291 869 310 nec
893 283 926 310 de
953 283 1064 315 deitate,

278 328 323 354 sed
341 328 421 355 modo
436 328 470 356 de
486 328 665 363 dignitatibus
680 328 818 355 humanis.

313 383 322 399 ι
340 374 416 402 Sicut
430 379 456 402 et
469 374 576 410 Moyses
587 375 614 402 in
625 374 698 402 omni
712 374 793 402 domo
804 374 871 409 ejus.
881 372 976 410 [νειιε.
987 373 1013 406 5,
1024 372 1065 409 4.]

276 419 422 454 Amplioris
443 421 515 447 enim
542 420 637 455 gloriae
653 421 706 448 iste
723 428 780 455 prae
805 419 895 455 Moyse
912 420 1012 455 dignus
1026 424 1067 446 est

277 465 397 498 habilus,
413 466 521 500 quando
538 466 699 500 ampliorem
713 466 845 493 honorem
863 465 945 493 habet
958 465 1065 498 domus,

277 512 322 545 qui
343 511 486 539 fabricavit
503 512 587 539 illam.
603 511 698 539 Omnis
717 511 790 539 enim
805 511 902 538 domus
919 510 1067 538 fabricatur

277 558 311 584 ah
324 557 423 592 aliquo.
444 566 453 583 ι

313 603 341 630 Id
354 608 394 631 est
408 605 434 630 in
451 599 560 639 populo.
576 603 645 636 Quia
660 603 769 639 Moyses
785 603 870 630 instar
881 601 1068 638 procuratoris

277 655 336 677 erat
351 655 378 677 et
392 651 536 678 oeconomi.

317 707 325 722 ε
347 697 398 730 Qui
415 701 506 724 autem
522 698 612 724 omnia
630 696 746 728 creavit,
764 695 834 724 Deus
846 701 899 724 est.
914 694 1012 732 [νειιε.
1027 693 1068 730 5,]

278 743 310 768 Ει
325 742 432 778 Moyses
450 742 558 776 quidem
577 741 665 769 lidelis
678 746 737 768 erat
753 741 779 768 in
794 744 850 768 tota
868 742 965 773 domol
984 744 1012 767 ut
1028 739 1069 766 l'a-

278 788 379 814 mulus.
403 797 413 813 ι

312 833 392 869 233
410 832 461 860 llic
476 833 556 868 plane
571 833 698 861 Christus
715 832 803 860 luerit.

315 889 324 904 ι
348 880 376 906 In
387 879 573 906 testimonium
584 886 682 906 eorum
696 886 756 913 qua:
774 877 890 906 dicenda
910 882 982 905 sunt.
1004 887 1013 903 ι

312 927 390 960 Quod
404 927 428 954 si
453 926 522 954 Deus
542 926 640 953 etelum
656 929 683 953 et
699 929 800 953 terram
814 945 820 957 ,
835 930 863 952 et
879 925 964 952 colles
987 929 1069 952 testes

279 973 354 1004 cilal,
370 977 472 1008 quanto
485 972 573 1007 magis
590 972 714 999 homines
730 971 900 998 adhibuerit!

317 1018 396 1046 Vens.
409 1017 436 1045 6.
454 1028 462 1044 ι
482 1017 610 1045 Christus
626 1025 689 1045 vero
711 1021 839 1052 tanquam
857 1016 928 1044 ﬁlius
945 1017 970 1043 iu
988 1017 1069 1044 domo

278 1071 343 1096 sua;
375 1064 452 1098 cujus
481 1063 579 1091 domus
605 1070 702 1090 sumus
729 1070 802 1094 nos,
834 1062 856 1090 si
888 1061 1015 1088 ﬁduciam
1045 1065 1071 1088 et

278 1111 392 1146 gloriam
409 1111 466 1146 spei
483 1118 569 1145 usque
588 1111 620 1138 ad
637 1110 717 1137 linem
736 1109 843 1137 ﬁrmam
862 1105 1039 1137 retineamus.
1059 1118 1068 1135 ι

313 1157 433 1186 Observa
448 1159 586 1193 quomodo
599 1164 642 1187 res
655 1157 781 1184 conditas
795 1164 810 1184 a
826 1156 968 1184 conditore
980 1162 1070 1183 secer-

280 1206 329 1237 nit,
345 1205 480 1240 quomodo
498 1211 607 1231 servum
632 1211 646 1230 a
670 1203 746 1230 ﬁlio:
764 1207 793 1230 ut
821 1203 866 1230 hic
890 1202 998 1237 quidem
1024 1209 1072 1236 pa-

281 1258 370 1279 ternas
388 1253 460 1278 mdes
475 1250 548 1278 velut
562 1250 646 1277 herus
667 1249 848 1283 ingrediatur,
868 1248 913 1275 ille
925 1253 1016 1275 autem
1033 1247 1071 1274 uti

280 1304 376 1324 εει-νιιε
392 1298 500 1323 dotnum
517 1300 653 1330 procuret.

310 1342 449 1376 Quoniam
467 1342 495 1368 in
511 1349 559 1376 spe
573 1341 662 1368 adhuc
686 1341 755 1368 bona
775 1343 866 1372 erant,
892 1339 995 1367 idcirco
1010 1345 1071 1366 eam

266 1389 387 1415 dirutam
403 1388 547 1415 tenendam
563 1394 625 1414 esse
641 1386 720 1418 dicit,
735 1386 771 1413 ita
787 1391 818 1413 ut
835 1385 950 1420 perinde
971 1383 1072 1420 glorie-

280 1442 352 1467 mur,
368 1441 400 1461 ac
414 1433 436 1461 si
452 1433 561 1460 illorum
577 1436 719 1467 compotes
739 1439 873 1459 essemus.

319 1478 405 1506 Vens.
428 1478 504 1506 7-H.
533 1488 542 1504 ι
564 1477 746 1512 Quapropter,
767 1476 838 1504 sicut
857 1476 924 1504 dicit
951 1475 1070 1511 Spiritus

281 1531 393 1553 sanctus
408 1535 414 1553 :
430 1525 519 1552 Hodie
536 1526 558 1552 si
572 1531 666 1551 vocem
677 1523 738 1558 ejus
756 1522 909 1554 audieritis,
925 1522 1009 1550 nolite
1024 1522 1072 1548 ob-

281 1573 382 1598 durare
404 1570 487 1598 corda
500 1575 601 1602 vestra,
619 1569 690 1596 sicut
704 1569 730 1595 in
746 1567 956 1595 exacerbatione
973 1574 1073 1594 secun-

282 1619 345 1645 dum
360 1617 432 1644 diem
452 1616 614 1643 tentationis
632 1615 658 1641 in
674 1615 783 1641 deserto
795 1634 802 1645 ,
828 1613 872 1640 nbi
899 1609 1072 1639 tentaverunt

283 1672 326 1691 me
349 1667 442 1698 patres
466 1661 561 1694 vestri,
586 1660 774 1695 probaverunt
796 1663 824 1686 et
844 1659 975 1686 viderunt
989 1665 1072 1692 opera

283 1716 353 1741 mea,
381 1707 560 1742 quadraginta
586 1704 678 1732 annis.
706 1703 821 1738 Propter
848 1703 920 1738 quod
949 1702 1072 1730 infensus

284 1755 320 1782 l'ui
347 1751 517 1789 generationi
546 1751 627 1783 huic,
648 1754 675 1777 et
696 1749 774 1776 dixi:
795 1749 908 1782 Semper
929 1748 955 1774 hi
981 1751 1074 1775 errant

283 1801 376 1828 corde.
404 1798 459 1834 Ipsi
489 1801 579 1825 autem
604 1803 658 1823 non
684 1797 871 1829 cognoverunt
896 1793 955 1820 vias
986 1800 1073 1825 meas,

283 1846 380 1882 quibus
397 1843 486 1880 juravi
499 1843 527 1870 in
544 1842 584 1870 ira
600 1849 677 1869 mea:
697 1841 728 1868 Si
744 1839 897 1867 introibunt
910 1838 939 1866 in
952 1838 1072 1873 requiem

284 1899 384 1920 meam.
403 1900 412 1917 ι

321 1938 360 1965 De
375 1944 424 1972 spe
443 1936 599 1964 futurorum
614 1934 714 1962 Paulus
731 1933 862 1968 loquitur.
878 1935 906 1958 et
924 1930 996 1966 quod
1015 1937 1074 1957 om-

283 1985 350 2013 nino
369 1984 461 2012 futura
475 1983 512 2011 sit
528 1983 562 2010 iis
575 1981 620 2017 qui
638 1981 682 2008 hic
697 1979 893 2011 laboraverint,
909 1984 1012 2005 merces
1026 1976 1075 2004 ali-

285 2038 350 2067 qua,
362 2035 388 2059 et
402 2030 519 2062 fructus,
541 2032 568 2056 et
589 2027 709 2062 requies.
729 2025 815 2060 Atque
830 2024 881 2051 hoc
898 2022 1018 2050 ostendit
1039 2029 1074 2049 ex

283 2077 430 2113 propheta,
445 2075 554 2102 dicente
568 2083 574 2101 :
588 2073 676 2100 Hodie
694 2072 719 2099 si
733 2078 820 2099 vacem
842 2069 898 2104 ejus
919 2068 1072 2096 audieritis.

280 2123 361 2152 Scire
389 2127 478 2150 autem
505 2120 606 2148 attinet
624 2123 679 2146 tres
702 2125 763 2145 eum
781 2117 891 2151 requies
909 2115 1073 2143 enuntiare:

283 2176 368 2196 unam
395 2167 519 2198 Sabbati,
548 2172 601 2200 qua
628 2165 698 2191 Deus
722 2162 856 2197 requievit
883 2163 916 2189 ab
945 2161 1075 2195 operibus

880 135 909 164 S.
930 134 1090 165 JOANNIS
1111 135 1326 166 DAMASCENI

1154 200 1162 216 ι
1184 192 1282 218 Πιστὸν
1293 193 1358 219 ὄντα
1373 191 1411 227 τῷ
1423 192 1567 227 ποιήσαντι
1581 193 1673 220 αὐτόν.
1694 201 1702 218 ι

1161 236 1325 263 Ἀπόστολον
1341 238 1386 264 καὶ
1406 237 1559 273 ’Λρχιερέα.
1571 238 1653 265 Οὐδὲν
1670 237 1724 273 γὰρ
1737 238 1801 274 περὶ
1814 239 1908 272 οὐσίας

1117 284 1209 318 φησὶν,
1221 283 1278 310 ἀλλ’
1293 283 1354 310 οὐδὲ
1366 285 1430 320 περὶ
1441 285 1576 320 θεότητος,
1591 284 1659 312 ἀλλὰ
1669 284 1738 316 τέως
1750 285 1815 321 περὶ
1825 286 1909 319 ἀξιω-

1119 328 1211 363 μάτων
1226 328 1414 364 ἀνθρωπίνων.

1155 383 1164 400 ι
1189 374 1233 406 Ὧς
1247 375 1294 401 καὶ
1307 367 1428 410 Μωῦσῆς
1439 377 1468 402 ὲν
1482 376 1536 412 ὅλῳ
1545 376 1584 412 τῷ
1594 377 1661 413 οἴκῳ
1674 376 1768 404 αὑτοῦ.
1783 377 1910 409 Πλείσνος

1118 421 1173 456 γὰρ
1197 420 1275 456 δόξης
1296 418 1374 451 οὗτος
1393 422 1469 457 παρὰ
1487 423 1608 457 Μωῦσῆν
1622 423 1748 458 ἠξίωται,
1767 424 1829 450 καθ’
1844 424 1908 450 ὅσον

1118 467 1228 494 πλείονα
1246 467 1327 502 τιμὴν
1341 467 1398 502 ἔχει
1423 468 1469 494 τοῦ
1491 469 1577 501 οἴκου,
1594 471 1608 496 ὁ
1631 469 1841 501 κατασκευάσας
1861 469 1911 496 αὺ-

1119 513 1174 540 τόν.
1191 514 1248 546 Πᾶς
1262 514 1316 550 γὰρ
1327 514 1400 546 οἶκος
1410 515 1645 548 κατασκευάζεται
1663 515 1716 542 ὐπὸ
1726 523 1809 548 τινος.
1828 524 1839 541 ι

1156 602 1318 635 Τουτέστιν,
1335 603 1364 629 ὲν
1380 602 1417 638 τῷ
1439 601 1508 638 λαῷ.
1524 603 1587 630 Ὅτι
1604 602 1731 639 καθάπερ
1746 611 1788 635 τις
1802 602 1912 639 ἐπίτρο-

1120 649 1234 683 πος,καὶ
1245 649 1387 684 οἰκονόμος
1401 647 1463 685 ἦνό
1479 649 1611 684 Μωῠσῆς.

1159 705 1168 721 ι
1191 695 1221 722 '0
1237 695 1265 722 δὲ
1280 695 1314 722 τὰ
1331 695 1420 723 πάντα
1433 695 1653 729 κατασκευάσας,
1668 695 1744 727 Θεός.
1763 695 1820 722 Καὶ
1832 696 1912 723 Μωῦη

1122 741 1172 777 σῆς
1185 741 1235 776 μὲν
1251 742 1346 774 πιστὸς
1360 743 1388 768 ὲν
1401 742 1454 777 ὅλῳ
1465 742 1505 778 τῷ
1519 742 1586 778 οἴκῳ
1598 741 1680 769 αὑτοῦ
1691 742 1729 774 ὡς
1742 742 1879 778 θεράπων.
1899 751 1908 767 ι

1158 830 1242 866 Οὗτος
1259 833 1292 860 ἂν
1307 832 1350 870 ﬁo
1365 834 1492 869 Χριστός.

1134 869 1141 877 ’
1160 889 1169 906 ι
1185 881 1231 911 Εἰς
1248 869 1400 916 μαρτύριον
1414 880 1468 906 τῶν
1482 879 1724 916 λαληθησομένων.
1742 888 1750 904 ι

1158 927 1190 953 El
1201 927 1318 962 οὐρανὸν
1327 927 1375 953 καὶ
1385 926 1446 961 γῆν,
1459 926 1507 953 καὶ
1523 926 1633 960 βουνοὺς
1646 926 1826 962 μαρτυρεῖται
1837 927 1913 960 Θεδς,

1122 971 1213 1007 πολλῷ
1228 972 1329 1007 μᾶλλον
1346 971 1519 1007 ἀνθρώπους.

1160 1026 1169 1043 ι
1187 1017 1303 1052 Χριστὸς
1318 1017 1347 1043 δὲ
1362 1018 1408 1043 ἐπὶ
1425 1017 1472 1044 τὸν
1489 1015 1564 1044 οἷκον
1585 1018 1668 1044 αὐτοῦ
1679 1038 1685 1050 ,
1702 1015 1732 1045 οὗ
1745 1015 1818 1050 οἶκός
1833 1019 1915 1053 ἐσμεν

1123 1063 1204 1098 ἡμεῖς
1215 1083 1222 1095 ,
1237 1063 1339 1098 ἐάνπερ
1355 1064 1406 1098 τὴν
1418 1063 1576 1098 παρῥησίαν
1586 1083 1593 1095 ,
1613 1064 1660 1090 καί¹
1676 1064 1707 1090 τὸ
1724 1064 1855 1099 καύχημα
1870 1064 1914 1090 ὲλ-

1123 1109 1199 1140 πίδος
1216 1108 1296 1144 μέχρι
1311 1109 1405 1140 τέλους
1421 1108 1534 1144 βεϐαίαν
1550 1109 1744 1145 κατάσχωμεν.
1767 1119 1776 1135 ι

1159 1155 1230 1190 Ὅρα
1249 1155 1307 1186 πῶς
1327 1156 1469 1190 ποιήματα
1491 1155 1539 1182 καὶ
1559 1155 1675 1192 ποιητὴν
1697 1155 1830 1190 διίστησι·
1857 1156 1916 1187 πῶς

1123 1200 1215 1228 δοῦλον
1238 1202 1285 1229 καλ¹
1310 1202 1379 1235 υἱὸν,
1397 1196 1444 1228 καί
1458 1201 1487 1233 ὃς
1505 1202 1555 1237 μὲν
1574 1202 1615 1234 εἰς
1638 1202 1672 1228 τὰ
1687 1201 1804 1237 πατρῷα
1818 1202 1855 1233 ὡς
1873 1202 1916 1228 δε-

1125 1245 1227 1280 σπότης
1244 1246 1417 1283 εἰσέρχεται,
1437 1247 1540 1279 ἐκεῖνος
1555 1247 1584 1274 δὲ
1607 1248 1644 1280 ὡς
1668 1247 1761 1279 δοῦλος
1781 1248 1826 1274 τὸν
1840 1245 1915 1275 οἷκον

1108 1291 1111 1294 ’
1124 1292 1319 1328 ἐπετρόπευεν.

1165 1337 1275 1374 Ἐπειδὴ
1299 1340 1327 1365 ὲν
1345 1339 1454 1367 ὲλπίσιν
1468 1338 1502 1375 ἦν
1517 1340 1550 1366 τὰ
1571 1339 1674 1373 ἀγαθὰ,
1694 1338 1765 1365 οὓτω
1784 1338 1816 1373 δὴ
1830 1338 1914 1374 αὐτὴν

1124 1384 1250 1418 κατέχειν
1269 1385 1351 1419 φησὶν
1364 1405 1370 1417 ,
1384 1385 1422 1417 ὡς
1435 1386 1485 1421 ἤδη
1501 1385 1675 1421 καυχᾶσθαι,
1689 1385 1726 1416 ὡς
1739 1385 1784 1411 ἐπὶ
1799 1393 1914 1420 γεγενη-

1126 1429 1227 1465 μένοις.

1162 1484 1172 1501 ‹
1195 1475 1241 1502 Διὸ
1261 1475 1351 1507 καθὼς
1369 1476 1445 1510 λέγει
1460 1476 1490 1502 τὺ
1507 1476 1621 1511 Πνεῦμα
1634 1476 1665 1503 τὺ
1681 1476 1759 1512 ἅγιον
1771 1485 1778 1491 ·
1791 1477 1915 1513 Σήμερον

1125 1520 1173 1548 ἐὰν
1185 1521 1235 1556 τῆς
1252 1522 1345 1556 φωνῆς
1361 1521 1443 1548 αὑτοῦ
1460 1521 1608 1556 ἀκούσητε,
1627 1522 1665 1557 μὴ
1682 1523 1851 1558 σκληρύνητε
1867 1524 1916 1554 τὰς

1125 1565 1237 1601 καρδίας
1253 1565 1348 1601 ὑμῶν,
1370 1566 1407 1597 ὼς
1427 1567 1456 1592 ὲν
1479 1565 1518 1602 τῷ
1535 1567 1761 1603 παραπικρασμῷ
1777 1568 1847 1595 κατά
1865 1568 1915 1603 τὴν

1124 1612 1232 1648 ἡμέραν
1245 1608 1292 1638 τοῦ
1312 1612 1465 1647 πειρασμοῦ
1482 1613 1511 1639 ἐν
1533 1615 1565 1648 τῇ
1582 1614 1695 1649 ἐρήμῳ,
1721 1612 1750 1641 οὗ
1766 1614 1915 1650 ἐπείρασαν

1127 1667 1161 1693 με
1174 1659 1198 1685 οι
1223 1658 1340 1694 πατέρες
1363 1658 1458 1693 ὑμῶν,
1475 1659 1642 1694 ἐδοκίμασαν
1663 1669 1706 1695 με,
1732 1660 1779 1686 καὶ
1799 1659 1867 1687 εἶδον
1881 1661 1916 1688 τὰ

1126 1704 1194 1740 ἔργα
1220 1714 1271 1740 μου
1300 1705 1507 1741 τεσσαράκοντα
1528 1705 1593 1741 ἔτη,
1619 1705 1659 1732 διὸ
1682 1706 1858 1741 προσώχθισα
1881 1708 1915 1742 τῇ

1125 1750 1207 1785 γενεᾷ
1219 1750 1321 1786 ἐκείνῃ,
1334 1750 1380 1776 καὶ
1393 1748 1484 1777 εἷπον·
1493 1750 1550 1777 Ἀεὶ
1563 1751 1716 1778 πλανῶνται
1727 1751 1776 1782 τὰς
1789 1752 1914 1788 καρδίας.

1125 1796 1207 1822 Αὐτοὶ
1230 1795 1257 1822 δὲ
1279 1796 1328 1823 οὐκ
1348 1795 1470 1830 ἔγνωσαν
1495 1796 1544 1828 τὰς
1569 1796 1645 1828 ὁδούς
1670 1806 1739 1832 μου,
1760 1797 1798 1829 ὡς
1819 1797 1915 1833 ὤμοσα

1125 1842 1155 1868 ὲν
1171 1843 1204 1877 τῇ
1219 1842 1287 1877 ὀργῇ
1305 1850 1370 1876 μου,
1387 1842 1412 1868 εί
1429 1842 1629 1869 εἰσελεύσονται
1648 1844 1689 1874 εἰς
1703 1843 1753 1878 τὴν
1773 1844 1917 1870 καταπαυ-

1125 1887 1166 1913 σίν
1183 1895 1242 1922 μου.
1264 1897 1273 1913 ι

1163 1932 1231 1967 Περὶ
1245 1932 1353 1965 ἐλπίδος
1372 1933 1447 1969 αὐτῷ
1465 1934 1539 1965 ἐστιν
1557 1935 1570 1960 ὁ
1587 1934 1665 1968 λόγος
1680 1934 1731 1969 τῆς
1749 1935 1916 1971 μελλούσης,

1125 1979 1166 2005 ὅτι
1183 1979 1292 2010 πάντως
1306 1978 1383 2005 ἔσται
1397 1980 1453 2010 τοῖς
1470 1979 1588 2005 ἐνταῦθα
1603 1979 1734 2006 πονέσασι
1751 1980 1847 2015 μισθός
1862 1989 1915 2013 τις,

1126 2025 1173 2051 καὶ
1190 2025 1307 2059 καρπὸς,
1323 2025 1370 2050 καὶ
1385 2025 1549 2057 ἀνάπαυσις.
1564 2025 1649 2052 Τοῦτο
1663 2023 1710 2053 οὖν
1723 2027 1789 2053 αὐτὸ
1802 2027 1856 2053 ἀπὸ
1869 2027 1916 2053 τοῦ

1126 2071 1267 2107 προφήτου
1285 2071 1424 2104 δείκνυσι,
1440 2071 1544 2106 λέγων·
1563 2073 1699 2107 Σήμερον
1715 2074 1770 2100 ἐὰν
1788 2074 1843 2108 τῆς
1858 2083 1918 2109 φω-

1125 2116 1183 2151 νῆς
1207 2117 1300 2144 αὐτοῦ
1320 2117 1483 2151 ἀκούσητε.
1511 2118 1610 2145 Ἰστέον
1639 2118 1667 2144 δὲ
1693 2119 1731 2150 ὡς
1750 2120 1825 2154 τρεῖς
1851 2128 1918 2154 φησι

1126 2162 1312 2194 καταπαύσεις
1329 2160 1398 2190 εἶναι
1409 2171 1416 2178 ·
1436 2163 1501 2198 μίαν
1516 2163 1565 2199 τὴν
1582 2163 1630 2191 τοῦ
1649 2163 1803 2196 Σαδδάτου,
1821 2165 1850 2191 ὲν
1867 2162 1883 2201 ᾖ
1902 2164 1918 2191 ὁ

285 2213 362 2245 suis;
380 2212 492 2238 alteram
509 2211 538 2237 in
564 2209 722 2241 Palaestina,
750 2208 776 2234 in
799 2214 880 2242 quam
906 2206 994 2234 Judrei
1012 2213 1072 2234 cum

1126 2207 1192 2239 Θεὺς
1211 2207 1384 2235 κατέπαυσεν
1408 2209 1462 2235 ἀπὸ
1482 2209 1537 2235 τῶν
1561 2209 1650 2244 ἔργων
1667 2210 1766 2236 αὐτοῦ·
1787 2210 1919 2248 δευτέραν

287 2258 435 2290 renissent,
456 2256 606 2291 requieturi
622 2260 699 2282 erant
717 2263 732 2282 a
751 2254 846 2282 multis
864 2254 982 2281 miseriis
995 2257 1022 2281 et
1037 2252 1076 2281 la-

277 2295 420 2335 ‘boribus;
440 2302 549 2329 tertiam
563 2320 571 2334 ,
596 2309 688 2328 veram
715 2300 787 2327 illam
806 2299 939 2335 requiem,
961 2305 1075 2334 regnum

284 2349 390 2376 scilicet
411 2348 564 2379 caelorum,
581 2346 652 2382 quod
676 2347 722 2382 qui
750 2346 955 2380 adipiscuntur,
982 2351 1075 2372 revera

283 2395 461 2429 requiescunt
475 2400 490 2420 a
509 2393 649 2420 laboribus
663 2397 690 2419 et
702 2392 846 2419 molestiis.
863 2392 967 2417 Harum
985 2390 1076 2425 itaque

285 2440 368 2466 trium
385 2439 428 2466 hic
442 2439 607 2466 mentionem
627 2438 702 2465 facit.
719 2438 808 2464 Eccur
819 2444 886 2464 vero
900 2437 961 2464 dum
978 2437 1011 2464 de
1022 2444 1074 2463 una

284 2487 417 2520 disputat,
433 2485 515 2512 tritun
531 2484 670 2512 meminit?
680 2487 709 2511 ut
725 2482 852 2510 ostendat
866 2482 1024 2517 prophetam
1041 2481 1075 2509 de

285 2532 364 2559 tertia
378 2531 430 2558 hac
442 2538 504 2558 esse
520 2530 652 2558 locutum.
671 2528 739 2556 Nam
756 2528 788 2555 de
805 2529 892 2563 prima
919 2536 976 2555 non
992 2527 1075 2560 dixit,

282 2577 379 2612 inquit.
404 2576 519 2609 Quinam
539 2575 613 2603 enim
642 2582 795 2602 sermonem
820 2574 963 2602 habuisset
977 2575 1011 2601 de
1028 2574 1073 2601 illa

285 2630 346 2658 quae
358 2622 412 2657 jam
426 2622 492 2649 olim
508 2621 660 2649 acciderat?
675 2621 723 2648 sed
737 2627 825 2654 neque
835 2621 869 2647 de
882 2620 1000 2647 secunda
1012 2628 1074 2655 quae

284 2669 384 2704 obtigit
397 2669 422 2695 in
433 2668 586 2695 Palaestina.
594 2666 735 2700 Quomodo
747 2666 837 2694 enim?
853 2666 1072 2701 quandoquidem

285 2715 334 2745 ait.
350 2722 402 2741 non
418 2713 565 2741 introibunt
584 2713 612 2738 in
635 2713 750 2747 requiem
768 2720 864 2738 meam.
888 2712 984 2739 Restat
1008 2719 1073 2746 ergo

286 2760 394 2787 tertiam
420 2759 492 2786 hanc
507 2758 643 2786 residuam
664 2765 735 2791 esse,
748 2765 808 2792 quae
823 2762 866 2785 est
882 2765 996 2792 regnum
1012 2765 1071 2784 cte-

287 2807 386 2833 lnrnm.
404 2804 490 2839 llujus
515 2808 605 2831 autem
631 2803 696 2831 dicti
722 2804 744 2830 is
761 2811 873 2838 prorsus
892 2811 990 2839 sensus
1004 2808 1044 2831 est
1059 2812 1064 2829 ε

287 2850 384 2883 Ιὶίινὶά,
402 2849 506 2885 inquit,
526 2849 571 2876 diu
596 2853 658 2884 post
675 2849 783 2877 illorum
811 2851 1015 2885 generationem
1032 2850 1072 2878 lu-

1127 2253 1175 2289 τὴν
1191 2254 1240 2289 τῆς
1252 2254 1445 2290 Παλαιστίνης,
1465 2255 1506 2286 είς
1523 2256 1556 2290 ἢν
1569 2256 1593 2282 οἱ
1613 2255 1734 2282 Ἰουδαῖοι
1751 2255 1918 2289 εἰσελθόντες

1128 2299 1239 2335 ἔμελλον
1265 2301 1455 2328 ἀναπαύεσθαι
1481 2301 1534 2328 ἀπὸ
1569 2302 1618 2337 τῆς
1655 2302 1844 2339 ταλαιπωρίας
1868 2303 1920 2337 τῆς

1127 2345 1227 2381 πολλῆς
1241 2346 1290 2373 καὶ
1307 2347 1362 2373 τῶν
1378 2347 1484 2374 πόνων·
1502 2346 1612 2382 τρίτην,
1630 2346 1679 2383 τὴν
1695 2347 1779 2380 ὅντως
1794 2349 1926 2376 ἀνάπαυκ

1127 2401 1187 2426 σιν,
1207 2392 1258 2428 τὴν
1282 2392 1422 2427 βασιλείαν
1444 2392 1498 2419 τῶν
1521 2393 1662 2429 οὐρανῶν,
1684 2392 1717 2430 ἧς
1741 2395 1765 2421 oi.
1790 2395 1917 2430 τυχόντες

1126 2438 1294 2466 ἀνεπαύοντο
1310 2438 1394 2470 ὅντως
1409 2438 1463 2466 τῶν
1486 2439 1575 2466 πόνων
1597 2440 1643 2467 καὶ
1658 2440 1713 2467 τῶν
1729 2441 1841 2467 ὀδυνῶν.
1857 2439 1917 2466 Τῶν

1125 2485 1209 2522 τριῶν
1230 2485 1322 2511 τοίνυν
1349 2483 1469 2511 ἐνταῦθα
1490 2485 1638 2520 μέμνηται.
1666 2486 1721 2512 Καὶ
1740 2485 1813 2517 τίνος
1834 2485 1918 2512 ἓνεκα.

1126 2532 1190 2566 περὶ
1210 2531 1274 2566 μιᾶς
1294 2530 1485 2565 διαλεγόμενος
1510 2530 1564 2557 τῶν
1586 2530 1671 2566 τριῶν
1692 2531 1917 2566 ὲμνημόνευσεν;

1126 2578 1184 2604 Ἵνα
1207 2576 1282 2612 δείξῃ
1303 2575 1348 2603 τὸν
1369 2577 1512 2612 προφήτην
1531 2576 1594 2611 περὶ
1610 2576 1710 2612 ταύτης
1732 2576 1845 2609 λέγοντα
1864 2576 1916 2611 τῆς

1124 2623 1219 2658 τρίτης
1230 2622 1326 2657 φῆσαι.
1340 2622 1407 2658 Περὶ
1422 2623 1475 2657 γὰρ
1489 2622 1537 2657 τῆς
1551 2621 1662 2658 πρώτης
1675 2622 1724 2649 οὐκ
1739 2621 1810 2657 εἶπε,
1825 2623 1914 2657 φησι.

1124 2667 1186 2699 Πῶς
1204 2668 1257 2703 γὰρ
1274 2668 1351 2703 ἔλεγε
1378 2669 1504 2704 περὶτῆς
1519 2669 1603 2695 πάλαι
1619 2668 1826 2704 γεγενημένης;
1856 2668 1915 2695 ἀλλ’

1123 2712 1184 2739 οὐδὲ
1197 2714 1261 2748 περὶ
1271 2714 1320 2749 τῆς
1331 2714 1458 2749 δευτέρας
1466 2713 1516 2749 τῆς
1529 2714 1557 2740 ἐν
1569 2714 1736 2750 Παλαιστίνῃ
1747 2723 1753 2730 ·
1768 2715 1830 2746 Πῶς
1842 2714 1915 2751 γάρ;

1123 2759 1190 2785 ὅπου
1208 2767 1239 2793 γε
1254 2759 1346 2794 λέγει,
1364 2761 1420 2787 οὐκ
1435 2761 1663 2788 εἰσελεύσονται
1683 2762 1728 2794 εὶς
1752 2761 1809 2795 τὴν
1823 2761 1915 2789 κατά-

1123 2805 1238 2832 παυσίν
1256 2814 1326 2840 μου.
1348 2806 1479 2833 Λείπεται
1500 2806 1527 2832 δὲ
1543 2806 1645 2840 ταύτην
1662 2803 1731 2833 εἶναι
1750 2806 1842 2834 λοιπὸν
1863 2806 1914 2841 τὴν

1124 2850 1228 2886 τρίτην,
1243 2850 1305 2885 ητις
1326 2851 1399 2877 ἐστὶν
1413 2851 1430 2886 ή
1450 2850 1574 2885 βασιλεία
1605 2852 1658 2878 τῶν
1675 2851 1808 2885 οὐρανῶν.
1831 2850 1912 2883 ’Όλος
