2078 3113
210 137 263 170 945

797 137 839 168 ΙΝ
858 138 977 168 EPIST-
990 138 1039 168 AD
1058 136 1255 167 HEBR/EOS.

1790 134 1844 166 9'16

208 194 237 220 δὲ
252 194 267 220 ό
281 192 342 224 νοῦς
351 191 398 220 τοῦ
419 193 501 229 ῥητοῦ
515 189 595 225 οὗτός
612 192 686 219 ἐστιν
696 202 702 208 ·
719 193 801 220 Aemo
818 192 888 225 εἷπε,
907 193 999 229 φησὶν,

1054 200 1155 227 quens,
1170 192 1259 219 dixit:
1278 190 1364 218 Hodie
1380 191 1407 218 si
1415 198 1503 218 vocem
1520 190 1577 225 ejus
1592 188 1743 222 audieritis,
1760 190 1843 217 nolite

179 269 187 281 ἱ
209 240 323 275 ὕστερον
340 239 410 274 μετὰ
422 239 472 275 τὴν
487 239 586 279 γενεᾲν
603 240 654 274 τὴν
670 240 782 266 ὲκείνων
798 239 999 275 διαλεγόμενος,

186 282 188 284 ⁷
207 285 248 311 ὅτι
264 284 400 319 Σήμερον
415 284 469 312 ἐὰν
482 284 537 320 τῆς
554 284 657 320 φωνῆς
672 285 766 312 αὐτοῦ
782 286 945 319 ἀκούσητε,
956 285 1000 320 μὴ

207 331 400 365 σκληρύνητε
418 331 472 363 τὰς
491 331 617 365 καρδίας
638 332 737 367 ὑμῶν,
755 332 799 358 ἵνα
820 332 857 367 μὴ
878 332 912 359 τὰ
930 332 1001 359 αὐτὰ

208 377 325 412 πάθητε,
342 378 415 412 ἅπερ
434 378 458 404 οἱ
478 378 606 413 πρόγονοι
619 379 644 405 oi
661 378 805 414 ἡμέτεροι,
820 379 868 405 καὶ
882 379 1000 405 ἀποστε-

210 422 311 456 ρηθῆτε
330 423 381 457 τῆς
400 421 618 455 καταπαύσεως,
634 421 672 454 ὠς
687 421 771 457 οὔσης
786 421 908 458 δηλονότι
927 421 1001 453 τινὸς

207 466 418 499 καταπαύσεως.
438 466 514 493 Ἐπεὶ
527 467 551 493 εί
567 467 751 503 ἀπειληφότες
763 466 834 503 ἦσαν
847 467 896 502 τὴν
916 467 1000 493 κατά-

208 519 327 543 παυσιν,
352 511 425 543 τίνος
444 511 526 538 ἕνεκα
544 511 637 543 αὐτοῖς
657 511 734 545 ἔλεγε
752 511 792 544 τὸ,
807 510 944 546 Σήμερον
955 510 999 546 μὴ

207 557 401 590 σκληρύνητε
425 557 479 590 τὰς
500 557 626 591 καρδίας
650 557 746 592 ὑμῶν,
760 557 802 590 ὡς
821 558 849 584 οι
872 556 998 591 πατέρες

208 601 309 637 ὑμῶν,
334 602 378 642 ίνα
403 601 441 637 μὴ
463 602 499 629 τὰ
518 602 564 629 tua
579 602 711 634 παθόντες
725 602 932 638 ἀποστερηθῆτε
948 602 999 637 τῆς

1053 232 1185 265 obdurdre
1196 236 1278 264 corda
1292 241 1390 269 vestra,
1409 243 1444 263 ne
1458 236 1553 263 eadem
1567 236 1708 271 patiamini
1724 243 1785 270 quae
1798 244 1844 263 no-

1054 284 1104 311 stri
1122 284 1322 319 progenitores,
1347 287 1376 309 et
1398 283 1503 317 requiei
1521 287 1648 310 exsortes
1664 283 1743 315 sitis;
1766 283 1844 318 quasi

1054 329 1148 363 utique
1173 329 1282 363 requies
1296 328 1421 363 quadam
1437 328 1568 363 supersit.
1585 327 1653 355 Nam
1671 328 1694 355 si
1721 328 1843 363 requiem

1050 375 1108 409 jam
1119 375 1304 406 obtinuerant,
1320 381 1374 409 qua
1385 374 1420 402 de
1433 378 1516 402 causa
1533 374 1648 402 dixisset
1662 374 1718 402 illis
1732 383 1738 401 :
1758 373 1845 401 Hodie

1056 428 1087 447 ne
1114 420 1250 448 obdurelis
1277 419 1360 447 corda
1388 424 1493 451 vestra,
1524 420 1593 447 sicut
1624 424 1712 454 patres
1744 420 1844 451 vestri;

1054 473 1089 494 ne
1111 466 1229 493 similem
1254 472 1363 500 poenam
1388 465 1534 500 patientes,
1562 465 1609 492 illa
1634 465 1730 499 requie
1754 466 1846 500 prive~

1054 511 1123 539 mini
1139 511 1151 538 ?
1165 510 1296 545 Quaenam
1319 518 1386 546 ergo
1401 511 1453 538 alia
1474 509 1581 545 requies
1606 508 1699 542 fuerit,
1725 509 1778 537 nisi
1802 517 1847 537 re-

1053 564 1137 592 gnum
1154 557 1299 589 cmlorum,
1324 556 1402 591 cujus
1426 555 1516 591 imago
1540 559 1567 582 et
1594 554 1678 589 ﬁgura
1694 554 1844 582 Sabbatum

1053 607 1112 630 erat
1123 602 1134 629 ?

209 647 410 679 καταπαύσεως
422 656 431 681 ;
442 648 491 680 Τίς
503 646 550 675 οὖν
564 649 638 675 ἐστιν
658 649 675 683 ή
698 648 886 681 κατάπαυσις,
907 647 965 675 ἀλλ’
978 647 995 682 ἢ
1015 647 1032 683 ἠ
1052 646 1177 681 βασιλεία
1191 647 1246 675 τῶν
1261 647 1394 683 οὐρανῶν,
1413 644 1447 683 ἦς
1461 646 1543 675 εἰκὼν
1560 648 1608 674 καὶ
1620 647 1705 679 τύπος
1724 647 1755 674 τὸ
1774 646 1844 673 Σάϐ-

208 693 289 720 ϐατον
301 701 309 726 ;

242 740 274 768 Εἰ
289 740 349 767 ἐκεῖ
360 740 507 776 κέκλησθε,
526 740 609 776 μηδὲν
623 740 742 768 ἐνταῦθα
756 740 872 777 ζητεῖτε.

245 794 254 812 ι
278 786 412 817 Βλέπετε,
428 786 554 821 ἀδελφοὶ,
579 786 685 821 μήποτε
706 785 782 813 ἔσται
805 785 834 813 ἐν
847 794 900 813 τινι
922 784 998 820 ὑμῶν

1090 736 1120 764 Si
1137 736 1200 763 illuc
1214 735 1305 763 vocati
1323 735 1400 766 estis,
1420 734 1488 762 nihil
1505 735 1568 763 istic
1581 735 1724 770 quaeratis.
1742 745 1751 761 ι

1088 781 1173 809 Vens.
1189 781 1233 809 ιε.
1247 790 1257 807 ί
1278 779 1385 813 Videte,
1400 779 1511 812 fratres,
1524 787 1559 807 ne
1573 779 1643 808 forte
1656 780 1692 808 sit
1707 780 1734 807 in
1749 780 1843 815 aliquo

207 832 305 867 καρδία
321 832 428 868 πονηρὰ
440 832 581 865 ἀπιστίας,
597 832 627 859 ὲν
642 831 680 868 τῷ
695 833 848 868 ἀποστῆναι
863 832 917 860 ἀπὸ
930 830 998 859 Θεοῦ

1052 831 1173 855 vestrum
1185 833 1233 854 cor
1246 826 1348 853 malutn
1359 825 1573 858 incredulitatis,
1587 825 1746 854 discedendi
1759 833 1773 853 a
1789 825 1852 854 Deo

207 877 318 910 ζῶντος.
337 887 346 904 ι

242 923 333 949 Ὅθεν
345 943 353 955 ,
373 923 433 950 ἀντὶ
449 923 507 956 τοῦ,
526 924 571 951 διὰ
583 923 673 951 τοῦτο.
701 924 768 950 ’Λπὸ
783 924 838 959 γὰρ
853 923 902 958 τῆς
917 922 1000 958 σκλη-

208 968 322 1004 ρότητος
336 970 449 996 ἀπιστία
466 970 583 1004 γίνεται.

250 1015 360 1050 Ἐπειδὴ
380 1015 435 1050 γὰρ
454 1016 469 1042 ὁ
494 1016 549 1042 τῶν
573 1015 724 1051 μελλόντων
736 1015 830 1050 λόγος,
854 1015 905 1042 οὐκ
926 1014 1000 1041 ἐστιν

205 1060 292 1092 οὕτως
308 1060 431 1093 πιθανὸς,
449 1061 487 1092 ὡς
501 1061 556 1088 τῶν
572 1061 773 1097 παρελθόντων,
794 1060 999 1096 ἀναμιμνήσκει

206 1107 305 1138 αὐτοὺς
323 1107 442 1138 παλαιᾶς
463 1107 600 1143 ἱστορίας,
617 1108 647 1134 ὲν
663 1104 680 1144 ᾖ
702 1107 822 1138 πίστεως
837 1107 998 1142 ἐδεήθησαν.

206 1151 237 1178 Et
252 1151 306 1187 γὰρ
327 1153 353 1179 οἱ
370 1152 489 1187 πατέρες
504 1153 580 1188 ὑμῶν
591 1174 599 1187 ,
619 1153 713 1189 ἐπειδὴ
725 1153 775 1180 οὐκ
795 1153 928 1189 ἤλπισαν,
944 1152 1000 1180 ὥσ-

207 1204 260 1232 περ
281 1197 363 1232 ἐχρῆν
380 1196 505 1230 ἐλπίσαι,
532 1191 619 1225 ταῦτα
643 1197 762 1230 ἔπαθον,
786 1197 877 1232 πολλῷ
900 1197 999 1233 μᾶλλον

206 1243 295 1276 ὑμεῖς.

245 1296 254 1313 ι
300 1281 386 1316 una;
413 1288 596 1323 παρακαλεῖτε
631 1288 745 1319 ἑαυτοὺς
786 1287 847 1315 καθ’
880 1288 999 1322 ἑκάστην

206 1334 323 1368 ἡμέραν.
345 1344 353 1359 ι

242 1381 407 1413 Ἰόυτέστιν,
443 1381 609 1415 οἰκοδομεῖτε
646 1380 786 1415 ἀλλήλους.

207 1426 320 1456 ἑαυτοὺς
334 1446 340 1457 ,
357 1427 399 1452 ἵνα
415 1426 452 1461 μὴ
466 1427 499 1453 τὰ
514 1427 583 1453 αὐτὰ
598 1426 715 1461 πάθητε.

245 1480 253 1495 ε
278 1471 374 1505 Ἀχρις
390 1469 420 1498 οὗ
437 1472 467 1497 τὸ
484 1472 605 1506 σήμερον
621 1472 753 1499 καλεῖται,
777 1482 785 1497 ι

826 1381 998 1416 Διοροώσατε

242 1517 279 1542 Τὸ
307 1518 444 1551 σήμερον,
470 1518 550 1551 φησὶ,
576 1517 602 1543 τί
628 1518 715 1550 tactv;
735 1519 807 1548 Ἕως
824 1515 853 1544 οὗ
877 1519 960 1552 συστῇ
985 1517 1033 1554 6C

206 1562 316 1587 κόσμος.

246 1570 256 1587 ς
279 1570 316 1587 οι.

246 1570 334 1632 tali):
363 1606 400 1641 μὴ
427 1606 581 1641 σκληρυνθῇ
609 1606 636 1639 ἐξ
662 1607 738 1641 ὑμῶν
764 1616 805 1639 τις
827 1607 920 1642 ἀπάτῃ
947 1607 996 1641 τῆς

208 1653 354 1687 ἁμαρτίας.
375 1662 383 1677 ι

248 1698 345 1733 Ὁρᾷς,
362 1699 402 1725 ὅτι
419 1700 435 1734 ἡ
453 1700 565 1726 ἀπιστία
579 1700 628 1734 τὴν
645 1700 780 1734 ἁμαρτίαν
797 1701 876 1725 ποιεῖ.

274 1745 390 1779 Μέτοχοι
407 1746 460 1780 γὰρ
472 1746 519 1772 τοῦ
537 1747 655 1781 Χριστοῦ
672 1747 835 1781 γ;γόναμεν.
857 1756 864 1771 ι

248 1833 424 1868 Ἑγενόμεθα,
440 1835 533 1869 φησὶν,
548 1836 637 1871 ἡμεῖς,
650 1836 666 1862 ἂ
682 1837 729 1862 καὶ
741 1836 831 1867 αὐτός.
847 1837 901 1863 Καὶ
915 1837 997 1868 αὐτὸς

207 1879 257 1913 μὲν
273 1879 396 1914 κεφαλὴ,
414 1880 493 1915 σῶμα
511 1881 538 1907 δὲ
555 1883 645 1916 ἡμεῖς.

244 1934 253 1949 t
279 1925 396 1960 Ἐάνπερ
411 1926 458 1960 τὴν
474 1927 561 1961 ἀρχὴν
583 1927 632 1961 τῆς
655 1927 830 1958 ὑποστάσεως
851 1928 932 1963 μέχρι
953 1928 996 1954 τέ-

205 1969 266 2002 λους
288 1970 399 2005 βεϐαίαν
415 1972 607 2007 κατάσχωμεν,
622 1973 650 1999 ὲν
663 1973 701 2007 τῷ
718 1973 843 2007 λέγεσθαι
855 1983 861 1989 ·
872 1975 995 2010 Σὴμερον

205 2016 251 2042 ἐὰν
268 2017 317 2052 τῆς
333 2018 424 2053 φωνῆς
437 2018 518 2045 αὑτοῦ
537 2019 684 2054 ἀκούσητε,
709 2020 745 2055 μὴ
760 2020 930 2055 σκληρύνητε
947 2021 995 2052 τὰς

205 2062 318 2097 καρδίας
333 2063 409 2097 ὑμῶν
420 2084 426 2095 ,
447 2063 485 2094 ὡς
500 2064 528 2089 ὲν
544 2063 582 2098 τῷ
603 2066 841 2101 παραπικρασμῷ.
859 2075 868 2091 ι

239 2108 271 2133 Τί
283 2109 356 2135 ἐστιν
366 2130 373 2141 ,
388 2109 488 2144 ἀρχὴν
499 2110 696 2144 ὑποστάσεως
707 2113 781 2147 ;Τὴν
796 2113 901 2146 πίστιν,
917 2113 950 2139 δι’
962 2110 995 2149 ἧς

204 2154 376 2189 ὑπέστημεν,
402 2156 448 2181 καὶ
466 2157 635 2191 ἐγενόμεθα,
660 2158 707 2184 καὶ
730 2158 883 2194 ἐσώθημεν,
900 2160 938 2192 ὡς
962 2160 995 2186 ἂν

203 2200 273 2226 εἴποι
288 2210 339 2232 τις.

241 2256 250 2272 ε
269 2248 347 2279 Τίνες
363 2248 417 2283 γὰρ
433 2249 598 2281 ἀκούσαντες
614 2251 837 2286 παρεπίκραναν;
858 2261 866 2278 ι

238 2337 331 2363 Εἰπὼν
343 2338 392 2372 τὴν
406 2338 568 2373 μαρτυρίαν,
590 2339 635 2365 καὶ
652 2340 786 2376 ἐρώτησιν
798 2341 907 2375 ἐπάγει,
924 2343 993 2378 ὅπερ

202 2384 275 2408 ποιεῖ
290 2382 334 2409 τὸν
359 2383 438 2416 λόγον
457 2385 538 2419 σαφῆ.
557 2385 589 2411 Ὃ
608 2385 635 2411 δὲ
659 2385 742 2420 λέγει,
760 2387 880 2413 τοιοῦτόν
899 2389 973 2415 ἐστιν
987 2398 993 2404 ·

205 2429 345 2454 Ἤκουσαν
368 2430 498 2462 κάκεῖνοι,
516 2431 609 2465 φησιν,
634 2431 728 2467 ὥσπερ
750 2434 831 2467 ἡμεῖς
845 2433 992 2469 ἀκούομεν,

202 2473 260 2498 ἀλλ’
275 2474 351 2501 οὐδὲν
372 2474 468 2508 ὄφελος
492 2476 583 2507 αὐτοῖς
603 2477 724 2511 γέγονεν.
741 2479 786 2513 Μὴ
807 2478 897 2505 τοίνυν
920 2480 995 2515 νομί-

204 2528 269 2554 σητε
281 2539 288 2550 ,
309 2521 349 2546 ὅτι
371 2521 425 2547 ἀπὸ
441 2521 486 2561 τοῦ
503 2522 613 2549 ἀκούειν
629 2523 675 2549 τοῦ
694 2524 876 2559 κηρύγματος
887 2525 995 2561 ὠφελη-

204 2565 330 2600 Θήσεσοε,
349 2566 409 2591 ἐπεὶ
425 2560 545 2592 κάκεῖνοι
561 2567 681 2602 ἥκουσαν
692 2588 699 2602 ,
717 2568 775 2595 ἀλλ’
793 2568 870 2596 οὐδὲν
888 2560 995 2605 ὠφελή-

204 2612 306 2646 θησαν,
323 2611 384 2637 ἐπεὶ
401 2612 438 2647 μὴ
455 2613 627 2642 ἐπίστευσαν.

242 2709 253 2726 ε
281 2699 353 2727 Ἀλλ’
375 2700 405 2726 οὐ
421 2700 522 2732 πάντες
540 2701 565 2727 οί
582 2700 736 2733 ἐξελθόντες
752 2701 782 2736 ἐξ
798 2701 936 2737 Αἰγύπτου
951 2702 996 2730 διὰ

204 2745 354 2777 Μωῦσέως.
375 2755 385 2772 ι

240 2791 310 2823 Τοὺς
326 2792 391 2827 περὶ
405 2791 496 2818 Χαλὲσ
513 2792 560 2819 καὶ
582 2793 686 2828 Ἰησοῦν
703 2802 780 2828 φησι.

242 2846 254 2865 ι
275 2836 337 2864 Τίσι
359 2838 388 2865 δὲ
407 2838 593 2874 προσώχθισεν
619 2841 825 2875 τεσσαράκοντα
843 2839 908 2875 ἕτη;
937 2839 997 2874 οὐχὶ

1050 880 1122 900 νινο.
1143 882 1154 899 ι

1072 917 1174 951 'Unde,
1190 918 1260 945 idem
1278 921 1321 946 est
1333 925 1377 949 ac,
1397 922 1511 953 propter
1526 918 1590 946 hoc.
1606 917 1675 945 Nam
1690 925 1724 946 ex
1741 916 1840 945 duritia

1051 962 1143 991 cordis
1155 962 1335 990 incredulitas
1349 963 1481 998 gignitur.

1086 1006 1168 1043 234
1186 1006 1254 1034 Nam
1270 1007 1334 1042 quia
1346 1027 1353 1039 ,
1372 1007 1417 1034 ubi
1443 1007 1476 1034 de
1492 1007 1592 1034 futuris
1607 1009 1650 1034 est
1666 1013 1768 1038 sermo,
1789 1013 1852 1033 non.

1051 1052 1087 1078 ita
1104 1051 1184 1079 [idem
1198 1051 1291 1083 habet,
1310 1058 1343 1078 ac
1361 1051 1384 1078 si
1396 1050 1430 1078 de
1446 1051 1594 1085 praeteritis
1608 1050 1723 1083 diceret,
1736 1051 1769 1077 ad
1785 1058 1844 1077 me-

1051 1097 1167 1126 moriam
1183 1105 1230 1124 eos
1253 1100 1365 1124 revocat
1384 1096 1508 1124 historiae
1522 1097 1635 1130 veteriS,
1661 1096 1689 1123 in
1714 1104 1769 1131 qua
1792 1095 1845 1123 ﬂde

1051 1151 1121 1179 opus
1144 1143 1244 1171 fuerat.
1263 1143 1330 1170 Nam
1352 1143 1376 1171 si
1404 1147 1497 1178 patres
1524 1142 1621 1175 vestri,
1653 1142 1754 1177 inquit,
1786 1142 1844 1168 haec

1050 1191 1124 1225 passi
1142 1194 1217 1223 sunt,
1230 1190 1294 1225 quia
1307 1197 1361 1216 non
1378 1193 1568 1224 speraverunt,
1583 1188 1622 1216 uti
1637 1195 1749 1223 sperare
1763 1194 1844 1222 OPOI'.‘

1052 1236 1136 1268 tebat,
1158 1236 1248 1263 multo
1262 1236 1349 1270 magis
1369 1243 1428 1263 vos.

1087 1280 1172 1309 Vens.
1193 1282 1236 1309 1'5.
1261 1291 1270 1306 ἰ
1299 1280 1353 1308 Sed
1380 1281 1566 1309 adltortamini
1590 1280 1773 1316 vosmetipsos
1796 1287 1847 1314 per,

1052 1326 1176 1361 singulos
1192 1326 1261 1352 dies.
1284 1336 1292 1351 I

1087 1371 1144 1399 lloc
1158 1376 1210 1404 est,
1230 1372 1346 1398 invicem
1364 1371 1511 1398 aedificato.
1537 1370 1590 1398 Vos
1610 1370 1686 1405 ipsos
1702 1369 1842 1405 corrigite,

1052 1425 1086 1444 ne
1102 1418 1196 1444 cadent
1218 1418 1373 1452 patiamini.

1090 1473 1098 1488 ι
1115 1463 1207 1490 Donec
1225 1462 1305 1489 hodie
1318 1463 1538 1497 cognominatur.
1563 1471 1570 1487 ι

1087 1508 1185 1540 Hodie,
1200 1508 1297 1543 inquit,
1314 1508 1379 1542 quid
1406 1508 1456 1535 hoc
1482 1507 1544 1535 est?
1572 1507 1699 1540 Quandiu
1726 1508 1843 1536 mundus

1054 1554 1196 1581 consistet.

1091 1608 1099 1624 ι
1119 1599 1154 1625 Ut
1171 1607 1225 1627 non
1240 1599 1391 1627 obduretut'
1418 1599 1480 1634 quis
1497 1608 1529 1626 cx
1552 1600 1628 1626 vobis
1648 1600 1754 1627 fallacia
1779 1609 1839 1635 pec-

1052 1646 1115 1672 cati.
1137 1655 1145 1670 ι

1088 1690 1171 1718 Vides
1189 1691 1413 1718 incredulitatem
1428 1699 1487 1719 esse
1502 1699 1613 1718 causam
1631 1693 1745 1726 peccati.

1089 1736 1287 1770 Vt:tts.11,15.
1314 1748 1322 1762 ι
1346 1736 1498 1772 Participes
1526 1739 1597 1765 enim
1625 1739 1728 1765 Christi
1755 1738 1842 1767 θαρριὶ

1052 1791 1157 1810 SlllllllS.
1178 1792 1187 1808 )

1088 1829 1187 1856 Eadem
1209 1837 1241 1856 ac
1258 1830 1315 1864 ipse
1330 1829 1394 1856 facti
1414 1838 1522 1860 sumus,
1544 1830 1643 1864 inquit.
1658 1831 1696 1857 Ac
1708 1830 1766 1865 ipse
1781 1832 1843 1865 qui-

1051 1874 1111 1901 dem
1126 1879 1167 1901 est
1184 1879 1276 1909 caput,
1294 1883 1343 1902 nos
1355 1879 1444 1902 autem
1459 1883 1570 1909 corpus.

1089 1930 1098 1946 ‹
1121 1920 1149 1947 Si
1175 1926 1266 1948 tatncn
1295 1921 1404 1947 inititttn
1433 1921 1596 1948 substantiis
1615 1922 1675 1956 ejus
1700 1930 1788 1958 lisque
1809 1924 1846 1951 ad.

1051 1966 1132 1993 ﬁnem
1157 1967 1264 1993 ﬁrmum
1294 1967 1472 1993 retineamus.
1493 1966 1561 1993 Dum
1579 1967 1679 1995 dicitur
1695 1978 1701 1994 :
1719 1969 1803 1995 llodte
1820 1960 1849 1995 si.

1050 2019 1143 2039 vocem
1155 2011 1382 2046 ejuspudieritis,
1399 2012 1484 2038 nolite
1500 2012 1637 2040 obdurare
1653 2014 1736 2040 corda
1750 2020 1841 2041 vestra

1051 2058 1122 2084 sicut
1140 2058 1166 2083 in
1184 2057 1404 2084 exacerbatione.
1420 2067 1427 2082 I

1086 2102 1158 2136 Quid
1176 2103 1226 2129 hoc
1243 2106 1299 2134 est,
1324 2103 1428 2129 initium
1446 2102 1622 2129 subslmtliw?
1636 2102 1717 2131 Fides
1736 2106 1841 2140 utique,

1049 2157 1099 2184 per
1112 2157 1206 2184 quam,
1223 2153 1253 2176 ut
1267 2150 1329 2184 quis
1343 2149 1457 2182 diceret,
1470 2150 1657 2183 constititnus,
1670 2152 1839 2179 exstitimus-

1011 2203 1034 2231 ι)
1050 2203 1103 2231 que
1118 2201 1144 2222 et
1159 2195 1226 2222 salvi
1246 2194 1308 2221 l'acti
1325 2202 1433 2222 sumus.

1083 2240 1167 2267 Vens.
1189 2240 1232 2267 16.
1251 2249 1259 2265 ι
1276 2239 1394 2272 Quinam
1409 2240 1481 2267 enim
1499 2240 1649 2269 audientes
1662 2243 1836 2271 exacerbare-

1045 2286 1130 2314 runt?
1148 2296 1157 2312 ι

1081 2333 1173 2359 Allato
1205 2332 1375 2365 testimonio,
1406 2333 1549 2368 subjungit
1583 2334 1839 2369 interrogationem,

1046 2387 1107 2414 quae
1120 2378 1274 2406 claritatem
1300 2377 1379 2405 ail‘ert
1404 2380 1535 2406 orationi.
1557 2380 1635 2412 Quod
1653 2385 1744 2407 autent
1762 2381 1839 2413 dicit,

1047 2425 1120 2452 [tunc
1148 2432 1260 2451 sensum
1292 2424 1397 2451 habet:
1415 2424 1456 2451 Illi
1486 2425 1600 2460 perinde
1620 2426 1779 2457 audierunt,
1801 2427 1841 2453 in~

1047 2471 1124 2504 quit,
1147 2471 1220 2498 sicut
1237 2474 1263 2497 et
1288 2478 1338 2497 llOS
1359 2470 1532 2503 audivimus;
1550 2475 1577 2497 at
1591 2471 1658 2497 nihil
1683 2471 1746 2498 inde
1763 2479 1838 2498 ento—

1047 2518 1162 2544 lumcnli
1182 2521 1377 2551 perceperunt.
1400 2516 1439 2544 Ne
1456 2517 1623 2545 existimetis
1648 2526 1714 2552 ergo
1743 2518 1839 2545 utilem

1047 2563 1123 2590 vobis
1142 2563 1199 2589 fore
1224 2561 1427 2596 prmdicationis
1452 2561 1598 2595 auditum;
1613 2562 1839 2597 quandoquidem

1048 2609 1086 2636 illi
1099 2616 1208 2644 quoque
1225 2608 1372 2634 audierunt
1390 2628 1396 2638 ,
1416 2607 1463 2635 sed
1479 2608 1548 2635 nihil
1563 2608 1630 2642 ipsis
1651 2609 1703 2636 hoc
1724 2609 1839 2644 profuit,

1047 2654 1110 2690 quia
1128 2663 1182 2681 non
1196 2654 1385 2680 crediderunt.
1649 2685 1654 2688 .

1084 2710 1094 2726 ι
1111 2699 1165 2727 Sed
1185 2707 1240 2727 non
1260 2699 1380 2727 universi
1399 2700 1445 2735 qui
1459 2699 1577 2734 profecti
1593 2704 1704 2728 suntex
1720 2700 1840 2737 Egypto

1047 2754 1095 2782 per
1116 2746 1237 2782 Moysen.
1259 2753 1268 2772 I

1081 2792 1163 2821 Caleb
1176 2797 1204 2820 et
1216 2791 1299 2820 Josue
1315 2791 1414 2819 innuit.

1086 2838 1167 2868 Vsus.
1185 2839 1229 2873 ΓΙ,
1249 2839 1292 2868 18.
1311 2849 1320 2866 ‹
1340 2839 1447 2873 Quibus
1465 2843 1556 2869 autem
1575 2839 1696 2868 oﬂ‘ensus
1708 2842 1749 2869 est
1767 2847 1837 2874 qua-
