2078 3113
249 112 300 146 947

845 121 875 150 S.
896 120 1062 152 IOANN‘IS-
1081 123 1301 154 DAMASCENI

1835 127 1891 161 948

249 170 379 206 draginta
393 171 498 200 annis?
516 178 609 200 nonne
624 171 679 201 illis
693 172 741 208 qui
756 178 954 208 peccaverunt,
970 182 1040 210 quo—

1091 177 1148 206 τοῖς
1161 176 1356 212 ἁμαρτήσασιν
1368 196 1375 209 ,
1388 172 1426 204 ὧν
1437 177 1471 205 τὰ
1483 177 1558 205 κῶλα
1569 178 1668 207 ἔπεσεν
1682 179 1712 208 ἐν
1723 180 1756 217 τῇ
1772 180 1869 217 ἐρήμῳ
1879 190 1889 213 ;›

248 224 310 244 rum
328 217 463 246 cadavera
477 222 619 253 prostrata
640 223 705 246 sunt
729 219 758 246 in
781 218 916 247 deserto?
935 220 1043 253 Quibus

249 265 340 289 autem
355 261 459 297 juravit
476 270 531 290 non
547 262 664 291 introire
685 263 713 291 in
727 264 854 299 requiem
873 264 971 300 ipsius,
989 265 1043 292 nisi

248 307 305 335 illis
321 309 368 342 qui
387 308 521 337 increduli
539 309 669 338 fuerunt?
697 313 726 337 et
745 310 887 343 videmus,
905 311 971 346 quia
985 318 1042 338 non

248 358 397 389 potuerunt
410 355 526 384 introire
541 362 653 391 propter
673 356 905 385 incredulitatem.
928 367 938 383 ι

578 402 655 431 CAP.
672 402 719 430 IV.

283 446 366 474 Vens.
384 447 441 474 i-7.
465 455 476 473 ι
496 447 654 476 Timeamus
680 456 746 484 ergo
769 456 804 477 ne
828 448 900 476 forte
914 469 921 482 ,
945 449 1043 477 relicta

247 492 446 527 pollicitatione
461 493 618 522 introeundi
634 494 661 521 in
677 495 801 529 requiem
820 494 1043 530 ejus,existime—

247 544 294 565 tur
308 539 407 574 aliquis
428 547 462 567 ex
476 540 554 568 vobis
582 540 686 568 deesse.
704 540 811 568 Etenim
825 544 854 568 et
873 540 955 568 nobis
969 547 1041 567 nun-

247 584 346 612 tiatum
361 589 414 619 est,
430 586 662 621 quemadmodum
675 591 702 614 et
714 587 769 614 illis
783 595 790 620 ;
807 586 854 614 sed
868 594 922 614 non
938 585 1042 621 profuit

248 631 304 659 illis
319 639 410 659 sermo
424 631 543 664 auditus,
553 640 607 659 non
621 632 749 660 admislis
763 632 826 660 ﬁdei
842 632 877 660 iis
888 632 934 667 qui
949 632 1042 660 audie-r

247 682 322 705 runt.
340 687 350 703 ι

285 732 294 748 ι
314 723 486 758 ingredimur
499 731 564 760 ergo
577 724 605 751 in
631 723 773 759 requiem,
789 723 837 759 qui
850 722 1040 755 credidimus;

247 770 476 804 quemadmodum
492 771 561 799 dixit
577 781 584 799 :
606 771 684 799 Sicut
696 771 787 807 juravi
807 771 835 798 in
850 771 892 798 ira
908 777 969 798 mea
987 778 994 796 :
1011 767 1039 796 Si

246 816 402 844 introibunt
416 817 444 844 in
463 818 587 853 requiem
604 825 714 850 meam;
735 821 763 845 et
778 817 891 853 quidem
905 815 1037 852 operibus

247 861 281 888 ab
311 861 487 890 institutione
512 863 608 890 mundi
633 862 777 898 perfectis.
807 862 881 889 Dixit
908 861 984 888 enim
1009 860 1037 887 in
1054 855 1077 884 Β

246 907 366 941 quodam
394 908 456 935 loco
483 909 518 936 de
543 909 589 937 die
616 910 735 944 septima
754 909 815 936 sic:
843 909 878 936 Et
903 907 1038 943 requievit

247 952 320 980 Deus
333 954 377 981 die
390 953 506 989 septima
521 955 556 982 ab
571 955 701 984 omnibus
720 955 853 990 operibus
871 955 942 982 suis.
962 953 995 980 Et
1009 953 1038 980 in

245 998 302 1026 isto
325 1007 461 1027 rursum:
484 1001 513 1027 Si
542 1001 700 1028 introibunt
725 1001 755 1028 in
783 1001 906 1036 requiem
936 1006 1037 1028 meum.

247 1042 383 1078 Quoniam
402 1053 468 1081 ergo
484 1051 612 1082 superest
627 1047 744 1075 introire
759 1046 894 1082 quosdam
903 1046 931 1073 in
945 1046 1037 1077 illam;

247 1095 275 1118 et
291 1091 309 1118 ii
325 1092 426 1127 quibus
440 1093 517 1127 prius
533 1094 787 1126 annuntiatumest,
798 1101 853 1121 non
865 1093 1039 1120 introierunt

245 1140 360 1171 propter
394 1136 475 1172 235
505 1137 748 1172 incredulitatem;
780 1138 879 1166 iterum
908 1137 1039 1165 terminat

246 1182 318 1210 diem
334 1183 491 1217 quemdam,
510 1183 609 1216 Hodie,
620 1184 646 1212 in
658 1184 743 1212 David
758 1184 888 1216 dicendo,
899 1187 960 1219 post
975 1188 1038 1211 tan-

245 1231 305 1255 tum
324 1229 466 1263 temporis,
494 1230 568 1257 sicut
593 1230 699 1257 dictum
717 1233 759 1258 est
775 1239 780 1257 :
800 1230 888 1257 Hodie
903 1230 926 1258 si
943 1237 1037 1257 vocem

245 1274 307 1309 ejus
321 1274 479 1307 audieritis,
494 1275 580 1303 nolite
594 1276 733 1303 obdurare
746 1276 830 1303 corda
846 1280 949 1303 vestra.
966 1285 975 1301 ι

282 1319 423 1348 Undenam
445 1321 497 1349 hoc
527 1322 706 1350 maniiestum
729 1323 805 1350 erit?
828 1322 973 1355 Quoniam,
995 1322 1038 1348 in-

246 1365 318 1399 quit,
335 1367 420 1401 aliqui
441 1372 506 1394 sunt
529 1368 694 1402 ingressuri.
709 1368 748 1395 Illi
767 1372 858 1395 autem
871 1375 966 1395 omnes
983 1375 1037 1394 non

247 1411 428 1439 introierunt.
456 1412 590 1447 Oportere
618 1419 709 1441 autem
725 1414 842 1449 ingredi,
862 1419 889 1441 et
904 1414 1038 1449 quosdam

244 1457 422 1492 iugressuros
450 1465 523 1491 esse,
552 1458 650 1486 audire
663 1459 741 1494 juvat
759 1459 833 1487 unde
848 1461 901 1487 hoc
918 1464 1036 1487 constet.

246 1501 313 1529 Post
330 1507 370 1530 tot
384 1511 484 1537 annos,
506 1504 608 1539 inquit,
620 1505 705 1533 David
720 1506 819 1534 iterum
835 1506 903 1534 dicit
917 1515 923 1532 :
950 1506 1037 1534 Hodie

245 1548 271 1575 si
287 1556 373 1575 vocem
383 1549 440 1582 ejus
457 1549 596 1578 audieritis
611 1551 644 1578 '°.

282 1597 366 1626 Vens.
381 1599 408 1627 8.
427 1609 436 1626 ι
460 1599 528 1628 Nam
551 1600 586 1633 si,
600 1601 640 1629 eis
655 1600 737 1629 Jesus
757 1601 879 1637 requiem
894 1599 1038 1636 prastitls-

247 1649 300 1676 set,
319 1653 462 1680 nunquam
478 1647 513 1675 de
527 1647 580 1674 alia
600 1647 761 1682 loqueretur
779 1647 894 1682 posthac
910 1647 964 1675 die.
982 1656 992 1673 ι

281 1690 417 1718 Nimirum
434 1692 492 1720 haec
518 1692 558 1719 ait
572 1713 579 1727 ,
595 1696 724 1728 tanquam
740 1693 867 1721 nonnulli
884 1692 1038 1721 mercedem

245 1737 365 1773 aliquam
379 1741 472 1766 essent
489 1739 666 1774 reportaturi.

283 1783 352 1811 Cum
368 1785 442 1812 enim
460 1784 540 1813 ﬁdem
563 1793 618 1812 non
645 1785 818 1818 admiserint,
846 1791 936 1820 neque
951 1785 1038 1812 intro-

246 1829 337 1857 ierunt
351 1830 378 1857 in
395 1830 516 1866 requiem
522 1851 533 1861 ,ν

283 1876 369 1904 Vens.
385 1876 412 1904 9.
428 1886 437 1903 ‹
456 1876 540 1912 igitur
558 1877 727 1913 relinquitur
738 1877 926 1906 sabbatismus
938 1876 1039 1913 populo

245 1920 303 1949 Dei.
323 1931 334 1948 ι

281 1966 314 1994 Ει
329 1967 402 1995 unde
416 1966 468 1995 hoc
485 1968 615 1995 constat?
625 1967 663 1995 Ex
673 1975 706 1995 eo
718 1967 790 2003 quod
804 1968 986 2003 denuntiavit,
999 1969 1039 1997 Ne

246 2012 423 2041 obduraretis
437 2014 521 2043 corda
535 2017 637 2041 vestra.
652 2014 793 2048 Siquidem
817 2014 890 2042 enim
907 2015 1039 2044 sabbatis

246 2067 308 2086 mus
317 2066 372 2086 non
388 2058 495 2091 fuisset.
507 2066 680 2095 nequaquam
692 2060 750 2087 haec
762 2060 922 2088 denuntiata
935 2066 1036 2090 essent.

244 2103 375 2139 Apposite
384 2111 450 2132 vero
457 2111 512 2131 non
525 2103 602 2137 dicit,
619 2105 754 2140 requiem,
762 2105 821 2138 sed,
835 2106 1037 2137 sabbatismum.

247 2150 358 2184 proprio
375 2151 495 2183 nomine,
512 2150 546 2178 ad
562 2158 643 2186 quem
662 2158 746 2178 cursu
764 2151 959 2186 properabant.
969 2151 1038 2179 Sab-

247 2194 392 2222 batismum
404 2200 496 2223 autem
516 2203 632 2231 regnum
650 2196 696 2224 Dei
715 2197 845 2231 appellat.

282 2239 474 2269 Sabbatismus
498 2249 564 2277 ergo
592 2242 745 2277 spiritualis
762 2247 790 2270 et
804 2250 886 2271 verus
913 2248 955 2272 est
970 2247 1039 2271 tem-

245 2292 298 2319 pus
309 2285 444 2313 adventus
459 2285 622 2314 Salvatoris.

282 2329 367 2359 Vens.
382 2330 427 2365 10,
439 2331 482 2359 ii.
494 2341 503 2357 ι
517 2331 570 2366 Qui
585 2333 657 2360 enim
670 2332 813 2368 ingressus
825 2333 906 2361 estin
916 2334 1040 2369 requiem

246 2383 334 2409 suam,
352 2377 435 2404 etiam
451 2378 510 2413 ipse
534 2378 667 2413 requievit
683 2380 718 2407 ab
731 2379 862 2415 operibus
877 2379 946 2411 suis,
964 2380 1039 2407 sicut

245 2428 260 2450 a
272 2422 333 2450 suis
347 2423 428 2452 Deus.
446 2423 621 2452 Festinemns
634 2432 698 2460 ergo
715 2425 821 2461 ingredi
845 2425 873 2453 in
891 2426 966 2453 illam
993 2434 1038 2454 re-

244 2469 349 2506 quiem,
367 2475 396 2498 ut
412 2478 445 2498 ne
458 2471 485 2498 in
504 2471 624 2507 idipsum
639 2473 701 2507 quis
714 2472 819 2500 incidat
833 2473 987 2507 exemplum
999 2472 1039 2500 in-

245 2515 429 2545 credulitatis.
452 2527 461 2543 ι

281 2559 529 2596 Quemadmodum,
545 2563 645 2599 inquit,
660 2564 731 2592 Deus
744 2565 880 2600 requievit
895 2565 930 2593 ab
946 2566 1038 2601 operi—

245 2605 298 2634 bus
309 2607 378 2640 suis,
392 2607 433 2635 sic
447 2614 474 2636 et
493 2609 539 2637 ille
553 2610 599 2645 qui
611 2611 639 2638 in
661 2611 784 2646 requiem
807 2619 885 2639 suam
903 2612 1037 2640 introivit.

246 2651 314 2682 Nam
332 2653 397 2689 quia
414 2654 448 2682 de
461 2656 667 2685 resurrectione
678 2657 811 2693 loquitur,
828 2662 909 2694 atque
924 2658 976 2687 hoc
991 2666 1040 2687 au-

268 2744 291 2763 "
305 2744 377 2772 Psal.
392 2752 464 2778 χειν,
484 2745 510 2774 8.

1095 221 1157 248 Τίσι
1171 221 1200 248 δὲ
1213 221 1307 257 ὤμοσεν
1321 222 1360 258 μὴ
1375 222 1580 252 εἰσελεύσεσθαι
1597 225 1638 257 εἰς
1649 225 1698 261 τὴν
1714 227 1893 255 κατάπαυσιν

1095 267 1188 300 αὑτοῦ,
1209 269 1234 295 εἰ
1250 269 1287 304 μὴ
1300 270 1357 300 τοῖς
1369 269 1553 305 antequam;
1572 271 1621 298 καὶ
1636 271 1773 308 βλέπομεν
1785 273 1826 300 ὃτι
1838 273 1893 301 οὐκ

1095 313 1267 350 ἠδυνήθησαν
1280 314 1430 349 εἰσελθεῖν,
1448 315 1493 343 διὰ
1507 316 1650 346 ἀπιστίαν.
1672 327 1685 344 ι

1397 405 1524 433 ΚΕΦΑΛ.
1544 407 1581 432 Δ’.
1784 431 1786 433 ,

1132 460 1142 476 σ
1161 451 1327 488 Φοϐηθῶμεν
1343 449 1391 480 οὖν
1406 453 1514 488 μήποτε
1535 451 1777 487 καταλειπομένης
1797 451 1886 486 ἔπαγ-

1094 497 1186 532 γιλίας
1202 498 1334 526 εἰσελθεῖν
1344 499 1384 530 εἰς
1399 498 1450 534 τὴν
1463 498 1637 526 κατάπαυσιν
1651 497 1746 531 αὑτοῦ,
1763 498 1828 533 δοκῇ
1843 507 1890 530 τις

1093 543 1125 576 ἐξ
1137 543 1214 578 ὑμῶν
1229 544 1421 579 ὑστερηκέναι.
1438 544 1495 572 Καὶ
1512 544 1568 580 γὰρ
1585 544 1670 579 ἐσμὲν
1688 544 1885 580 εὐηγγελισμέ-

1093 597 1150 621 νοι,
1166 589 1296 625 καθάπερ
1315 590 1449 623 κάκεῖνοι,
1464 590 1523 617 ἀλλ’
1547 590 1599 618 οὐκ
1615 589 1757 625 ὠφέλησεν
1774 591 1788 617 ὸ
1805 590 1887 624 λόγος

1092 636 1142 669 τῆς
1159 636 1244 672 ἀκοῆς
1264 636 1398 670 ἐκείνους,
1420 636 1458 672 μὴ
1479 636 1722 672 συγκεκραμένους
1738 631 1772 671 τῇ
1793 635 1893 663 πίστει

1093 681 1149 712 τοῖς
1163 680 1313 707 ἀκούσασιν
1327 681 1375 716 (9).
1396 690 1406 706 ι

1131 736 1140 752 ι
1161 726 1349 762 Εἰσερχόμεθα
1362 727 1416 763 γὰρ
1429 728 1470 758 εἰς
1484 726 1534 762 τὴν
1545 727 1719 754 κατάπαυσιν
1732 727 1756 752 οἰ
1773 725 1884 752 πιστεύ-

1093 781 1198 806 σαντες,
1216 773 1308 804 καθὼς
1319 773 1431 810 εἴρηκεν
1442 781 1450 790 ⁸
1463 774 1506 806 Ὧς
1520 773 1616 809 ὤμοσα
1631 774 1659 800 ὲν
1678 773 1712 808 τῇ
1726 772 1796 808 ὀργῇ
1815 781 1866 807 μου
1875 780 1883 788 ⁴

1092 819 1123 846 Εἰ
1142 819 1340 847 εἰσελεύσονται
1367 820 1408 852 εἰς
1429 821 1480 856 τὴν
1506 820 1681 848 κατάπαυσίν
1702 827 1770 855 μου·
1795 818 1885 846 καίτοι

1089 865 1144 892 τῶν
1165 865 1254 901 ἔργων
1272 866 1326 893 ἀπὸ
1345 866 1502 902 καταδολῆς
1516 867 1620 901 κόσμου
1637 865 1818 900 γενηθέντων.
1836 863 1884 890 Εἰ-

1091 919 1158 947 ρηκε
1169 912 1224 947 γάρ
1239 920 1292 938 που
1305 912 1370 949 περὶ
1383 913 1434 948 τῆς
1446 912 1564 948 ἑϐδόμης
1574 911 1646 939 οὕτω
1655 918 1661 925 ·
1678 911 1734 939 Καὶ
1745 910 1884 937 κατέπαυ-

1090 965 1135 983 σεν
1152 957 1167 983 ὁ
1185 957 1251 989 Θεὸς
1265 958 1294 985 ὲν
1305 959 1338 993 τῇ
1355 957 1448 994 ἡμέρᾳ
1461 959 1495 993 τῇ
1512 956 1616 992 ἑϐδόμῃ
1635 956 1690 983 ἀπὺ
1703 956 1813 982 πάντων
1827 954 1885 982 τῶν

1090 1001 1176 1037 ἔργων
1194 1003 1294 1030 αὐτοῦ·
1309 1003 1356 1030 καὶ
1375 1004 1405 1030 εν
1420 1002 1508 1039 τούτῳ
1524 1003 1621 1030 πάλιν·
1641 1001 1673 1029 Εἰ
1685 1000 1883 1028 εἰσελεύσονται

1090 1049 1129 1081 εἰς
1140 1049 1190 1085 τὴν
1201 1049 1374 1077 κατάπαυσίν
1387 1057 1449 1084 μου.
1466 1049 1543 1077 Ἐπεὶ
1555 1046 1602 1075 οὖν
1615 1046 1795 1075 ἀπολείπεταί
1807 1054 1883 1077 τινας

1089 1095 1220 1123 εἰσελθεῖν
1235 1096 1275 1128 εἰς
1287 1095 1384 1132 αὐτὴν,
1395 1096 1443 1122 καλ¹
1457 1096 1482 1123 οἰ
1495 1095 1629 1130 πρότερον
1643 1092 1884 1128 εὐαγγελισθέντες

1089 1141 1140 1168 οὐκ
1156 1141 1280 1177 εἰσῆλθον
1296 1142 1329 1170 δι’
1345 1142 1508 1174 ἀπείθειαν,
1523 1141 1604 1169 πάλιν
1621 1140 1683 1168 τινὰ
1702 1134 1790 1174 ὁρίζει
1813 1138 1884 1173 ὴμέ-

1090 1197 1155 1225 ραν,
1174 1189 1314 1225 Σήμερον,
1331 1190 1361 1216 ὲν
1377 1189 1460 1215 Δαῦὶδ
1477 1188 1565 1223 λέγων
1586 1187 1655 1223 μετὰ
1677 1184 1805 1214 τοσοῦτον
1820 1184 1885 1219 χρόη

1089 1244 1134 1262 νον
1144 1255 1151 1267 ,
1170 1235 1260 1268 καθὼς
1276 1236 1384 1272 εἴρηται
1394 1244 1401 1252 ·
1413 1236 1537 1270 Σήμερον
1556 1233 1604 1260 ὲὰν
1623 1234 1673 1268 τῆς
1694 1231 1785 1266 φωνῆς
1800 1228 1890 1257 αὑτοῦ

1089 1280 1240 1316 ἀκούσητε,
1257 1281 1295 1316 μὴ
1310 1280 1480 1316 σκληρύνητε
1498 1279 1547 1310 τὰς
1564 1279 1678 1315 καρδίας
1692 1277 1780 1313 ὑμῶν.
1799 1285 1810 1302 ι

1127 1327 1211 1354 Πόθεν
1223 1327 1302 1354 τοῦτο
1314 1327 1393 1362 δῆλον
1405 1335 1412 1359 ;
1422 1326 1517 1361 ἐπειδὴ
1543 1324 1682 1360 ὀφείλουσι
1696 1322 1888 1356 τινες,φησίν,ν

1091 1373 1235 1406 εἰσελθεῖν,
1258 1373 1358 1404 πάντες
1385 1372 1413 1399 δὲ
1427 1373 1527 1399 ἐκεῖνοι
1540 1372 1595 1398 οὐκ
1608 1369 1743 1405 εἰσῆλθον.
1763 1368 1825 1395 ’Ὁτι
1853 1366 1883 1395 δὲ

1093 1416 1225 1444 εἰσελθεῖν
1241 1416 1305 1452 χρὴ,
1322 1417 1369 1443 καὶ
1397 1416 1437 1442 δεῖ
1459 1424 1535 1447 τινας
1549 1414 1693 1446 εἰσελθεῖν,
1719 1412 1884 1445 ἀκούσωμεν

1090 1463 1172 1490 πόθεν
1196 1463 1275 1490 τοῦτο
1291 1462 1381 1498 δῆλον.
1401 1461 1480 1489 Μετὰ
1500 1460 1621 1488 τοσαῦτα
1640 1459 1700 1495 ἐτη,
1714 1458 1791 1494 φησὶ,
1808 1457 1884 1490 λέγει

1090 1509 1171 1537 πάλιν
1188 1510 1202 1536 ὁ
1225 1508 1319 1540 Δαϐὶδ,
1349 1508 1496 1543 Σήμερον,
1520 1507 1574 1536 ἐὰν
1590 1505 1646 1540 τῆς
1670 1502 1774 1540 φωνῆς
1787 1501 1882 1529 αὑτοῦ

1088 1555 1249 1589 ἀκούσητε.

1128 1611 1137 1626 ι
1156 1600 1188 1628 Εἰ
1203 1601 1258 1636 γὰρ
1268 1600 1368 1632 αὐτοὺς
1388 1598 1494 1634 Ἰησοῦς
1509 1597 1694 1629 κατέπαυσεν,
1706 1595 1757 1623 οὐκ
1770 1595 1805 1622 ἂν
1818 1591 1884 1628 περὶ

1089 1646 1173 1682 ἄλλης
1185 1646 1275 1674 ἐλάλει
1293 1646 1364 1682 μετὰ
1377 1645 1464 1673 ταῦτα
1479 1643 1598 1679 ἡμέρας.
1620 1652 1630 1668 ι

1124 1691 1262 1727 Δηλονότι,
1282 1692 1321 1724 ὡς
1353 1690 1510 1726 μελλόντων
1532 1687 1615 1716 τινῶν
1633 1685 1782 1720 τεύξασθαί
1811 1691 1883 1714 τινος

1089 1737 1219 1772 ἀμοιϐῆς,
1231 1737 1319 1764 ταῦτά
1335 1745 1428 1772 φησιν.
1475 1734 1477 1736 ’

1128 1783 1166 1810 Οὐ
1184 1783 1238 1818 γὰρ
1249 1782 1374 1817 εἰσῆλθον
1396 1782 1436 1814 εἰς
1459 1781 1509 1816 τὴν
1524 1779 1698 1807 κατάπαυσιν
1713 1776 1807 1810 αὑτοῦ,
1833 1775 1883 1810 τὴν

1090 1829 1182 1857 πίστιν
1196 1829 1226 1855 οὐ
1246 1827 1465 1864 προσηκάμενοι,
1700 1867 1712 1870 _
1751 1867 1757 1870 ι
1789 1866 1803 1870 _
1867 1864 1882 1870 _

1129 1885 1138 1902 ‹
1161 1876 1233 1911 Ἄρα
1259 1874 1439 1901 ἀπολείπεται
1466 1870 1653 1904 σαϐϐατισμὸς
1679 1867 1718 1904 τῷ
1751 1866 1808 1902 λαῷ
1835 1866 1882 1893 τοῦ

1089 1922 1170 1950 Θεοῦ.
1188 1930 1197 1947 ι

1125 1968 1182 1996 Καὶ
1190 1966 1272 1994 πόθεν
1280 1965 1360 2001 δῆλον
1371 1974 1378 1999 ;
1393 1964 1441 1992 Ἐκ
1455 1962 1503 1990 τοῦ
1518 1961 1728 1998 παραγγέλλειν,
1739 1959 1787 1994 Μὴ
1798 1958 1884 1993 σκλη-

1091 2015 1190 2051 ρύνητε
1203 2013 1252 2045 τὰς
1267 2012 1379 2048 καρδίας
1396 2009 1484 2046 ὑμῶν.
1502 2009 1539 2036 Οὐ
1555 2007 1621 2044 γὰρ,
1637 2008 1661 2034 εἰ
1677 2007 1714 2042 μὴ
1730 2004 1764 2042 ἦν
1780 2004 1883 2051 σαϐϐαξ

1089 2060 1198 2096 τισμδς,
1217 2058 1304 2086 ταῦτα
1320 2057 1351 2084 οὐ
1374 2055 1609 2092 παρηγγέλλοντο.
1626 2051 1663 2080 Εὖ
1678 2053 1708 2080 δὲ
1734 2052 1781 2079 καὶ
1796 2051 1827 2078 τδ
1845 2050 1884 2084 μὴ

1090 2105 1265 2133 κατάπαυσιν
1285 2104 1386 2135 εἰπεῖν,
1400 2101 1468 2129 ἀλλὰ
1483 2099 1703 2134 σαϐϐατισμὸν,
1724 2097 1756 2124 τδ
1782 2097 1886 2124 οἰκεῖον

1089 2152 1187 2186 θνομα,
1202 2151 1249 2178 καὶ
1262 2147 1285 2184 ᾧ
1298 2149 1459 2185 ἐπέτρεχον.
1475 2145 1667 2181 Σαϐϐατισμὺν
1687 2144 1726 2177 δὲ,
1741 2143 1793 2179 τὴν
1807 2142 1884 2183 βασιτ

1054 2200 1078 2229 D
1090 2198 1164 2225 λείαν
1176 2196 1263 2223 καλεῖ.

1129 2240 1320 2276 Σαΰσατισμὸς
1332 2238 1380 2267 οὖν
1393 2239 1449 2275 ἄρα
1464 2238 1558 2274 νοητὸς
1571 2237 1619 2266 καὶ
1639 2234 1754 2273 ἀληθὴς,
1771 2234 1822 2270 τῆς
1836 2232 1884 2262 τοῦ

1091 2288 1219 2323 Σωτῆρος
1234 2286 1313 2322 ἡμῶν
1327 2284 1477 2321 ἐπιδημίας
1490 2283 1596 2319 καιρός.

1129 2343 1140 2360 θ
1160 2334 1190 2360 'U
1206 2333 1260 2369 γὰρ
1272 2332 1401 2360 εἰσελθὼν
1414 2333 1454 2363 εἰς
1473 2331 1525 2366 τὴν
1543 2330 1717 2357 κατάπαυσιν
1727 2328 1822 2377 αὐτος),
1837 2327 1884 2377 καί

1091 2380 1173 2411 αὐτὸς
1183 2379 1359 2406 κατέπαυσεν
1375 2378 1430 2405 ἀπὸ
1441 2378 1494 2404 τῶν
1508 2377 1599 2413 ἔργων
1609 2374 1703 2408 αὑτοῦ,
1719 2373 1815 2410 ὥσπερ
1831 2373 1885 2402 ἀπὸ

1091 2426 1146 2454 τῶν
1166 2426 1241 2453 ἰδίων
1256 2427 1271 2453 ὀ
1296 2425 1374 2457 Θεός.
1391 2423 1590 2459 Σπουδάσωμεν
1616 2420 1663 2450 οὖν
1685 2421 1819 2449 εἰσελθεῖν
1844 2420 1885 2453 εἰς

1092 2472 1202 2508 εκείνην
1217 2472 1267 2506 τὴν
1281 2471 1465 2502 κατάπαυσιν,
1475 2469 1518 2496 ἵνα
1534 2468 1573 2505 μὴ
1588 2469 1618 2496 ὲν
1631 2468 1670 2504 τῷ
1681 2467 1755 2503 αὺτῷ
1769 2475 1810 2499 τις
1820 2466 1885 2493 ὑπο-

1091 2518 1220 2554 δείγματι
1235 2517 1306 2553 πέσῃ
1321 2517 1372 2552 τῆς
1383 2516 1536 2547 ἀπειθείας.
1554 2524 1564 2541 ι
1636 2555 1640 2558 _

1130 2565 1238 2601 ’Ὠσπερ
1257 2565 1273 2590 ὁ
1286 2563 1364 2596 Θεὸς,
1381 2562 1459 2597 φησὶ,
1476 2561 1649 2589 κατέπαυσεν
1661 2559 1717 2587 ἀπὺ
1729 2558 1784 2585 τῶν
1796 2558 1886 2594 ἔργων

1089 2611 1185 2644 αὐτοῦ,
1202 2610 1289 2642 οὕτως
1303 2611 1317 2636 ὸ
1333 2607 1464 2636 εἰσελθὼν
1477 2608 1517 2639 εἰς
1528 2607 1579 2643 τὴν
1591 2606 1768 2634 κατάπαυσιν
1788 2603 1883 2633 αὑτοῦ.

1095 2656 1206 2693 Ἐπειδὴ
1226 2655 1282 2693 γὰρ
1311 2655 1376 2691 περὶ
1398 2653 1575 2686 ἀναστάσεως
1593 2653 1607 2680 ὁ
1621 2652 1711 2688 λόγος,
1730 2651 1779 2679 καὶ
1805 2649 1887 2678 τοῦτο

1018 2789 1132 2818 NOTAE.

286 2837 324 2875 (θ)
342 2836 452 2868 Omissa
471 2846 485 2867 a
502 2839 618 2868 librario
634 2842 676 2867 cst
691 2837 988 2876 textusanteccdcntis
1005 2836 1206 2873 interpretatio.
