2078 3113
227 133 276 168 951

817 136 847 164 S.
861 134 1020 165 JOANNIS
1038 133 1254 163 DAMASCENI

1810 129 1867 161 952'

227 192 282 220 Nec
295 193 440 229 quisquam
462 192 546 221 sumit
556 191 607 220 sibi
620 192 765 224 honorem,
778 191 825 219 sed
841 191 887 226 qui
906 195 1019 219 vocatur

1086 191 1169 217 αυτοῦ
1185 189 1352 225 προσφέρειν
1369 188 1438 224 ὑπὲρ
1453 187 1607 224 ἁμαρτιῶν.
1631 186 1686 214 Kal.
1709 185 1759 221 οὐχ
1774 185 1862 222 ἑαυτῷ

229 246 244 265 a
259 237 325 267 Deo.
345 248 355 265 ι

266 325 302 354 Ut
314 326 394 354 ambo
421 326 596 355 Testamenta
626 326 660 354 ad
686 325 800 354 invicem
828 329 978 360 comparet,
1006 332 1021 351 a

231 371 423 399 sacerdotibus
462 372 630 406 auspicatur.
662 370 900 406 Comparationem
931 370 1022 404 itaque

233 416 299 443 facit
327 417 355 444 in
370 417 444 445 hunc
459 417 582 444 modum.
597 416 704 445 Veteris
721 416 831 451 quidem
866 415 1021 444 testamenti

231 462 388 490 sacerdotes
422 463 458 490 ab
490 462 646 490 hominibus
699 463 879 490 sumebantur
911 469 917 487 :
958 461 1021 488 novi

232 515 296 535 vero
328 509 482 535 testamenti
498 509 644 541 sacerdos,
669 515 684 534 ιι
703 507 808 543 Spiritu
825 511 937 539 sancto,
953 511 1023 534 tam-

232 554 284 581 etsi
298 554 380 581 homo
397 554 440 582 sit.
457 555 547 590 Atque
561 555 606 582 ille
618 554 729 589 quidem
743 552 1022 580 circumdatur'infir-

232 599 337 632 mitate,
349 599 395 627 hic
406 607 472 627 vero
484 600 588 635 peccati
615 606 713 634 expers
735 598 855 626 mansit:
874 597 936 624 Non
954 598 1024 625 enim

233 646 353 672 inventus
370 650 409 673 est
420 646 497 673 dolus
513 647 539 672 in
555 653 599 672 ore
611 645 668 679 ejus
684 646 720 672 ".

271 689 518 723 Quemadmodum,
532 690 578 725 qui
592 689 765 718 victimarum
789 689 876 724 pelles
891 688 1022 720 detrahit,

234 735 259 763 is
274 736 359 763 nudat
379 736 537 763 interanea:
551 736 591 763 sic
601 739 699 763 cuncta
716 734 772 762 Deo
787 739 880 770 aperta
892 739 967 762 sunt.

272 790 282 806 ι
302 779 444 815 Tanquam
459 781 549 808 Aaron
568 789 574 807 :
591 779 685 816 [Vens
703 780 720 807 5
731 800 739 812 ,
751 779 779 816 6]
796 780 837 807 sic
855 783 883 806 et
897 779 1026 806 Christus

235 833 289 853 non
305 826 483 861 semetipsum
501 826 664 854 elaritlcavit
688 830 719 853 ut
739 825 863 861 pontifex
877 825 963 858 ﬂeret,
977 825 1024 852 sed

235 872 283 907 qui
297 873 405 900 locutus
418 878 461 900 est
475 872 509 900 ad
523 879 587 900 eum
604 871 711 900 :Filius
728 879 807 900 meus
819 879 849 899 es
865 875 905 898 tu.
925 881 934 897 ι

272 916 330 945 Hoc
356 918 463 945 inloco
488 918 563 945 aliud
590 918 650 945 vult
674 918 827 950 insinuare,
853 921 918 952 puta
933 916 1027 944 Jesum

237 972 300 992 esse
317 964 431 991 missum
459 972 473 991 a
491 965 555 992 Deo.
580 963 608 991 ld
629 963 701 999 quod
722 964 779 998 ipse
807 963 945 996 Christus,
964 971 1027 990 cum

237 1009 345 1037 Judzeos
359 1010 554 1044 alloqueretur,
571 1010 673 1045 ubique
690 1010 792 1044 passim
806 1010 917 1037 dicebat
935 1018 940 1035 :
955 1010 975 1035 Α
990 1017 1029 1036 me

237 1057 293 1089 ipso
309 1064 360 1082 non
380 1058 437 1082 veni
452 1057 484 1082 ⁹³.

275 1111 285 1127 ‹
304 1101 361 1136 Ego
376 1102 458 1129 hodie
474 1103 554 1137 genui
575 1108 609 1130 te.
628 1103 868 1136 Quemadmodum
889 1105 914 1130 et
933 1102 959 1128 in
975 1101 1029 1128 alio

238 1148 300 1175 loco
316 1147 381 1174 dicit
399 1157 405 1174 :
422 1147 463 1174 Tn
477 1156 506 1175 es
524 1149 652 1175 saCerdos
669 1150 695 1176 in
711 1155 853 1176 aeternum.
875 1157 884 1173 ι

275 1193 337 1221 llaec
355 1194 492 1229 praemittit
513 1199 542 1221 ut
558 1195 667 1222 evincat
682 1196 758 1222 illum
773 1204 787 1222 a
801 1195 855 1222 Deo
872 1195 1029 1222 ordinatum

212 1276 215 1277 ν
239 1239 335 1268 fuisse.

278 1296 286 1312 ι
304 1286 461 1313 Secundum
491 1287 615 1314 ordinem
645 1287 858 1315 Melchisedech.
880 1286 972 1323 [Vens
991 1286 1028 1321 7.]

240 1331 291 1364 Qui
309 1331 335 1358 in
350 1331 449 1358 diebus
459 1332 551 1358 carnis
566 1339 632 1364 sure,
646 1339 741 1367 preces
758 1332 1032 1367 supplicationesque

241 1376 274 1403 :Id
285 1383 346 1402 cum
362 1375 442 1410 237
457 1376 503 1410 qui
517 1376 604 1410 possit
615 1376 691 1403 illum
707 1377 814 1403 salvum
831 1376 919 1403 facere
932 1384 947 1402 a
959 1383 1032 1402 mor-

241 1426 277 1454 te,
299 1428 362 1448 enm
391 1421 511 1449 clamore
540 1422 630 1448 valido
657 1427 683 1448 et
708 1421 836 1457 lacrymis
865 1420 1033 1454 oﬂ‘erens,et

241 1467 388 1495 exauditus
403 1475 453 1502 pro
468 1475 518 1495 sua
534 1467 699 1494 reverentia.
719 1476 728 1492 )

276 1513 342 1541 Erat
358 1514 429 1541 enim
446 1513 568 1548 gentium
585 1513 729 1546 sacerdos,
744 1516 772 1540 et
783 1519 852 1548 pane
867 1516 894 1540 et
911 1512 976 1540 vino
987 1519 1031 1541 sa-

239 1557 374 1584 crificium
391 1556 533 1584 offerebat.

277 1601 361 1630 Vatis.
377 1602 454 1629 8-14.
472 1611 482 1628 ι
501 1603 534 1629 Ει
547 1602 659 1636 quidem
675 1610 737 1630 cum
756 1607 830 1631 esset
843 1604 942 1638 Filius,
958 1603 1032 1631 didi-

242 1649 280 1675 cit
294 1657 328 1676 ex
345 1649 379 1676 iis
405 1656 466 1683 quae
480 1656 578 1683 passus
591 1652 634 1676 est
655 1649 851 1682 obedientiam,
863 1653 889 1677 et
901 1657 1033 1677 consum-

242 1698 333 1722 matus
360 1695 449 1722 factus
474 1698 516 1722 ost
541 1695 670 1723 omnibus
695 1696 953 1731 obtemperantibus
979 1697 1032 1724 sibi

242 1748 325 1768 causa
338 1741 435 1768 salutis
452 1746 568 1773 aeternae,
585 1741 741 1776 appellatus
755 1749 769 1768 a
781 1742 837 1769 Deo
849 1741 973 1770 Pontifex
988 1750 1032 1771 sc-

243 1787 363 1814 cundum
379 1787 503 1814 ordinem
518 1786 729 1815 Melchisedech.
741 1787 778 1815 De
788 1796 843 1823 quo
859 1789 938 1816 nobis
950 1797 1033 1825 gran-

243 1833 286 1860 dis
304 1839 394 1860 sermo
406 1853 413 1865 ,
431 1836 459 1860 et
483 1831 700 1866 interpretahilis
716 1832 750 1859 ad
776 1833 924 1860 dicendum
939 1842 946 1867 ;
963 1841 1034 1869 quo-

244 1878 316 1905 niam
333 1877 496 1904 -imbecilles
515 1877 578 1904 facti
593 1877 660 1905 estis
679 1877 712 1904 ad
726 1877 906 1905 audiendum.
925 1878 1033 1906 Etenim

244 1928 307 1948 cum
324 1921 462 1948 deberetis
483 1921 606 1956 magistri
624 1928 687 1948 esse
703 1925 817 1956 propter
833 1926 953 1957 tempus,
971 1931 1034 1950 rur-

244 1975 305 1995 sum
325 1967 453 2002 indigetis
476 1973 506 1994 ut
526 1967 680 1994 doceamini
695 1975 756 2002 quae
771 1969 827 1995 sint
842 1968 975 1996 elementa
988 1977 1036 1997 ex-

243 2013 315 2041 ordii
330 2021 488 2041 sermonum
501 2010 563 2047 Dei;
577 2017 604 2040 et
622 2013 685 2041 facti
695 2014 762 2041 estis
770 2015 871 2049 quibus
885 2014 956 2042 lacte
966 2022 1036 2050 opus

247 2060 292 2091 sit,
308 2067 362 2087 non
380 2059 468 2087 solido
488 2059 561 2086 cibo.
587 2059 684 2086 Omnis
713 2059 786 2087 enim
805 2061 852 2095 qui
887 2061 967 2088 lactis
993 2065 1037 2089 est

247 2105 395 2140 particeps,
411 2113 510 2140 expers
535 2108 577 2132 est
595 2106 732 2133 sermonis
747 2106 860 2141 iustitiae
879 2115 886 2134 :
904 2107 1036 2142 parvulus

247 2151 319 2178 enim
348 2155 402 2179 est.
418 2151 606 2178 Perfectorum
638 2155 731 2178 autem
747 2156 790 2178 est
810 2151 915 2179 solidus
939 2152 1035 2186 cibus;

246 2204 342 2223 eorum
368 2197 415 2231 qui
438 2204 488 2232 pro
513 2197 715 2225 consuetudine
738 2197 906 2225 exercitatos
935 2198 1037 2227 habent

248 2249 348 2269 sensus
363 2241 396 2269 ad
408 2241 602 2270 discretionem
617 2243 683 2270 boni
698 2246 725 2270 et
738 2243 814 2270 mali.
833 2252 843 2269 ι

288 2288 346 2315 Hoc
361 2287 573 2315 sollicitudinem
588 2288 696 2316 Domini
714 2293 742 2316 et
754 2289 857 2316 amoris
872 2297 1041 2325 exsuperan—

248 2336 314 2364 tiam
329 2333 513 2362 commendat.
531 2333 599 2361 Nam
616 2342 665 2370 pro
686 2338 804 2370 utroque
820 2336 922 2370 populo
936 2337 1040 2372 suppli-

247 2380 340 2408 cabat.
357 2378 439 2414 Atqui
453 2379 511 2406 hac
525 2379 558 2406 ad
575 2379 812 2414 dispensationem
836 2380 983 2415 pertinent.

570 2425 646 2452 CAP.
668 2425 712 2452 Vl.

283 2471 368 2499 Vens.
388 2472 414 2503 l,
428 2471 456 2498 ‘2.
476 2479 485 2495 ι
500 2470 674 2505 Quapropter
697 2471 909 2499 intermittentes
926 2472 1040 2500 inchoa-

252 2517 337 2544 tionis
353 2516 457 2544 Christi
483 2523 639 2543 sermonem
649 2537 656 2549 ,
671 2516 704 2543 ad
718 2516 882 2551 perfectiora
906 2517 1039 2552 feramur,

250 2570 284 2590 ne
297 2570 408 2590 rursum
421 2562 558 2597 iacientes
581 2562 792 2590 fundamentum
813 2564 980 2598 poenitentiae
1006 2565 1041 2592 ab

249 2608 382 2643 operibus
396 2607 525 2640 mortuis.
551 2611 579 2635 et
597 2607 659 2635 fidei
676 2608 709 2636 ad
724 2607 822 2641 Deum,
843 2609 1037 2644 baptismatum

248 2653 391 2685 doctrinae.
407 2662 416 2679 ι

286 2698 485 2726 Inchoationem
509 2699 575 2726 dicit
589 2699 796 2726 fundamentum
812 2702 885 2735 quod
901 2701 952 2729 fide
968 2702 1038 2737 jaci-

252 2750 310 2776 tur;
334 2744 520 2778 perfectionem
549 2752 627 2778 vero,
656 2746 874 2774 exstructionem
907 2755 969 2782 qua:
991 2755 1039 2783 per

251 2789 372 2817 actiones
389 2791 474 2818 bonas
487 2791 637 2826 consurgit.

275 2846 300 2863 "
317 2846 370 2874 lsa.
382 2854 444 2880 ιιιι,
458 2847 486 2875 9.
521 2848 557 2884 ξ’
571 2847 649 2875 Joan.
664 2855 721 2882 vni,
742 2847 783 2876 Η.

1072 246 1112 269 τις
1129 236 1263 272 λαμϐάνει
1285 235 1336 271 τὴν
1351 235 1446 270 τιμὴν,
1473 234 1542 261 ἀλλὰ
1565 233 1735 269 καλούμενος
1752 232 1804 260 ὑπὸ
1816 232 1863 259 τοῦ

1072 283 1151 311 Θεοῦ,
1168 294 1176 309 ι

1109 329 1256 364 Σύγκρισιν
1281 327 1441 362 ποιούμενος
1464 326 1519 352 τῶν
1532 325 1682 360 διαθηκῶν,
1698 324 1753 352 ἀπὺ
1769 325 1865 359 ίερέων

1073 376 1198 411 ἄρχεται.
1215 374 1377 409 Ἐργάζεται
1394 373 1422 400 δὲ
1435 372 1520 408 αὐτὴν
1537 372 1640 402 οὕτως·
1655 371 1697 397 ὅτι
1710 372 1735 397 ot
1752 370 1802 405 μὲν
1816 370 1867 404 τῆς

1074 421 1203 454 παλαιᾶς,
1230 420 1260 453 ἐξ
1288 419 1440 455 ἀνθρώπων
1462 416 1544 454 ἦσαν,
1560 419 1574 444 ὸ
1588 418 1616 444 δὲ
1633 418 1682 452 τῆς
1700 416 1813 451 καινῆς,
1833 415 1867 442 ὲκ

1074 467 1235 503 Πνεύματος
1251 467 1340 502 ἁγίου,
1356 467 1380 493 εἰ
1400 465 1446 492 καὶ
1463 464 1608 499 ἄνθρωπος
1636 463 1758 497 γέγονεν.
1775 462 1832 489 Kal.
1853 462 1873 489 ὁ·

1077 516 1126 552 μὲν
1145 515 1300 550 περίκειται
1323 512 1484 544 ἀσθένειαν,
1506 511 1520 537 ὁ
1539 510 1566 536 δὲ
1581 508 1775 544 ἀναμάρτητος
1793 506 1869 542 ἐμει-

1075 571 1120 590 νεν
1134 569 1140 576 ·
1157 563 1198 589 Οὺ
1216 560 1270 596 γὰρ
1283 558 1395 593 ηὑρέθη
1411 557 1503 590 δόλος
1514 556 1548 583 ἐν
1561 556 1601 589 τῷ
1620 556 1747 589 στόματι
1763 553 1866 580 αὺτοῦ.

1079 613 1093 625 Φ

1113 695 1218 729 Ὥσπερ
1236 692 1355 728 ὲκδέρων
1381 699 1429 722 τις·
1448 690 1482 716 τὰ
1513 689 1609 724 ἱερεῖα,
1626 687 1716 714 πάντα
1738 685 1773 712 τὰ
1796 683 1879 711 ἔνδον-

1076 741 1143 777 δῆλα
1161 740 1243 772 ποιεῖ,
1259 737 1347 769 οὕτως
1364 736 1403 772 τῷ
1415 735 1475 771 Θεῷ
1489 735 1556 770 δῆλα
1577 733 1722 769 πρόκειται
1733 731 1833 758 πάντα.

1116 797 1125 813 ι
1143 785 1277 820 Καθάπερ
1291 784 1339 811 καὶ
1363 781 1470 818 Ἀαρών
1481 790 1487 795 ·
1506 780 1577 807 οὕτω
1594 779 1623 806 δὲ
1639 778 1685 805 κα)⁴
1705 778 1720 804 δ
1742 776 1872 812 Χριστὸς,

1078 833 1127 868 οὐχ
1142 833 1239 859 ἑαυτὸν
1253 830 1362 864 ὲδόξασε
1375 828 1524 863 γενηθῆναι
1535 825 1677 861 ἀρχιερέα,
1692 823 1748 851 ἀλλ’
1763 824 1778 850 ὁ
1789 822 1873 857 λαλή-

1079 885 1129 909 σας
1141 877 1208 912 πρὸς
1220 875 1312 908 αὐτὸν,
1327 873 1392 906 Υίός
1404 882 1455 908 μου
1474 870 1499 898 εἶ
1512 871 1555 898 σύ.
1575 880 1584 896 ι

1121 923 1253 951 Ἐνταῦθα
1277 922 1372 957 ἕτερον
1387 920 1470 946 πάλιν
1495 917 1654 954 θεραπεύει,
1672 916 1713 943 ὅτι
1729 914 1785 942 ἀπὸ
1802 913 1871 941 Θεοῦ

1079 969 1257 998 ἀπέσταλται.
1277 968 1310 994 "0
1329 967 1385 994 ἅνω
1400 966 1447 993 καὶ
1462 965 1538 992 κάτω
1561 962 1700 994 Ἰουδαίοις
1712 961 1874 995 διαλεγόμε-

1080 1026 1124 1050 νος
1141 1017 1232 1050 ἔλεγεν
1247 1016 1261 1042 ὁ
1273 1014 1400 1050 Χριστὸς,
1422 1013 1480 1040 Ἀπ’
1491 1010 1623 1047 ἐμαυτοῦ
1640 1010 1695 1037 οὐκ
1709 1008 1856 1043 ἐλήλυθα.

1119 1119 1128 1135 ‹
1154 1108 1225 1143 Ἐγὼ
1246 1107 1366 1142 σήμερον
1390 1100 1545 1138 γεγέννηκά
1578 1107 1626 1126 σε·
1651 1096 1742 1127 καθὼς
1768 1094 1815 1121 καὶ
1845 1094 1883 1120 ὲν-

1081 1157 1166 1190 ὲτέρῳ
1183 1152 1313 1188 λέγει,Σὺ
1329 1150 1419 1186 ἱερεὺς
1433 1150 1473 1180 εὶς
1488 1148 1534 1174 τὸν
1549 1145 1644 1172 αἰῶνα.
1667 1152 1676 1168 ι

1118 1188 1206 1228 ’λὀῧτο
1232 1197 1445 1235 προκατασκευή
1468 1196 1526 1221 ἐστι
1542 1192 1588 1219 τοῦ
1605 1190 1658 1218 ὑπὸ
1671 1188 1739 1216 Θεοῦ
1754 1195 1881 1223 χειροτοι

1082 1248 1206 1284 νηθῆναι.

1122 1305 1130 1320 ι
1143 1279 1226 1321 ’Κατὰ
1237 1291 1285 1326 τὴν
1300 1290 1376 1323 τάξιν
1390 1287 1559 1323 Μελχισεδέκ
1570 1292 1577 1300 '
1592 1285 1621 1316 ὃς
1641 1284 1669 1309 ἐν
1684 1283 1744 1312 ταῖς
1759 1279 1879 1326 ἡμέραις

1082 1340 1132 1374 τῆς
1145 1337 1248 1373 σαρκὸς
1262 1325 1345 1363 αὑτοῦ
1360 1335 1466 1368 δεήσεις
1483 1341 1512 1359 τε
1531 1332 1578 1358 καὶ
1592 1327 1735 1363 ἱκετηρίας
1748 1326 1816 1360 πρὸς
1829 1325 1880 1374 si»

1083 1371 1231 1419 δυνάμενον
1246 1381 1344 1413 σώζειν
1372 1379 1453 1407 αὐτὸν
1473 1379 1505 1404 ὲκ
1519 1377 1647 1408 θανάτου,
1665 1373 1735 1408 μετὰ
1752 1371 1881 1419 κραυγῆς

1086 1415 1201 1466 ἰσχυρᾶς
1215 1428 1261 1456 καὶ
1272 1426 1398 1462 δακρύων
1415 1423 1612 1459 προσενέγκας,
1623 1420 1672 1447 καὶ
1688 1415 1878 1447 εἰσακουσθεὶς

1085 1477 1138 1505 ἀπὸ
1151 1477 1200 1511 τῆς
1215 1473 1369 1504 εὐλαϐείας.
1388 1481 1397 1497 ι

1122 1507 1184 1549 κοτὶ
1196 1519 1251 1547 τῶν
1263 1518 1347 1545 ἐθνῶν
1363 1516 1453 1551 ἱερεὺς
1464 1511 1509 1549 ἦν,
1525 1513 1566 1539 ὃτι
1579 1511 1622 1538 διὰ
1635 1511 1729 1545 ἄρτου,
1743 1507 1792 1535 καὶ
1805 1507 1885 1534 oti/0'.»

1086 1568 1135 1604 τὴν
1150 1565 1246 1593 θυσίαν
1263 1563 1408 1598 ἀνέφερεν.

1126 1623 1134 1639 ι
1151 1613 1261 1646 Καὶπερ
1276 1610 1315 1636 ὢν
1332 1609 1399 1642 υἱὸς,
1430 1607 1532 1642 ἔμαθεν
1547 1605 1594 1638 ἀφ’
1609 1600 1648 1631 ὦν
1658 1602 1742 1646 ἔπαθε
1758 1600 1808 1636 τὴν
1824 1599 1878 1646 ὑπ-

1088 1657 1183 1692 ακοὴν,
1203 1656 1251 1683 κει)¹
1265 1653 1422 1684 τελειωθεὶς
1436 1651 1545 1686 ἐγένετο
1559 1650 1616 1679 τοῖς
1632 1645 1815 1674 ὑπακούουσιν
1829 1643 1879 1669 αὺ-

1089 1704 1127 1739 τῷ
1141 1690 1223 1730 πᾶσιν
1241 1702 1326 1732 αἴτιος
1347 1698 1484 1734 σωτηρίας
1506 1695 1628 1732 αἰωνίου,
1650 1690 1878 1739 προσαγορευθεὶς

1089 1734 1142 1776 ὑπό
1156 1748 1203 1775 τοῦ
1215 1747 1283 1773 Θεοῦ
1301 1744 1448 1781 ἀρχιερεὺς
1463 1742 1534 1769 κατὰ
1545 1741 1594 1775 τὴν
1604 1739 1681 1771 τάξιν
1694 1734 1881 1781 Μελχισεδέκλν

1089 1796 1154 1831 περὶ
1164 1792 1195 1821 οὖ
1211 1793 1296 1824 πολὺς
1313 1779 1380 1826 ⁷ημῖν
1396 1791 1410 1816 ὁ
1425 1789 1514 1822 λόγος,
1527 1786 1576 1813 καὶ
1594 1784 1810 1831 δυσερμήνευτος
1836 1779 1881 1831 λὲο

1089 1826 1160 1876 γειν,
1177 1840 1237 1867 ἐπεὶ
1260 1837 1360 1874 νωθροὶ
1386 1835 1518 1870 γεγόνατε
1537 1834 1598 1863 ταῖς
1623 1830 1729 1876 ἀκοαῖς.
1744 1828 1800 1855 Καὶ
1824 1826 1879 1876 γὰρ

1090 1872 1245 1923 διρείλοντες
1271 1872 1343 1910 εἶναι
1361 1880 1518 1908 διδάσκαλοι
1534 1878 1579 1904 διὰ
1598 1876 1644 1904 τὸν
1667 1875 1772 1923 χρόνον,
1797 1872 1879 1923 πάλιν

1091 1919 1186 1970 χρείαν
1207 1931 1281 1967 ἔχετε
1310 1930 1357 1956 τοῦ
1383 1927 1519 1954 διδάσκειν
1545 1925 1617 1960 ὑμᾶς
1637 1921 1745 1970 τίνα.»τά
1761 1919 1879 1970 στοιχεῖα

1156 1965 1242 2015 ἀρχῆς
1251 1976 1306 2004 τῶν
1320 1975 1419 2009 λογίων
1433 1972 1480 1999 τοῦ
1491 1970 1570 2003 Θεοῦ,
1583 1970 1632 1997 καὶ
1642 1968 1779 2015 ﬁxo-var:
1786 1965 1880 2015 γρείαν

1092 2009 1362 2059 ἐίσκεις-γάλακτος,
1382 2018 1430 2045 καὶ
1450 2017 1481 2043 οὐ
1495 2015 1609 2050 στερεᾶς
1629 2011 1814 2059 τροφῆς-Πᾶς
1827 2009 1883 2059 γάρ

1091 2055 1240 2105 δ’μετέχων
1253 2067 1399 2101 γάλακτος,
1411 2063 1524 2098 ἄπειρος
1536 2061 1615 2095 λόγον
1631 2057 1804 2105 δικαιοσύνης
1814 2064 1821 2070 ·
1836 2055 1883 2105 νη-

1093 2100 1154 2147 πιος
1169 2100 1224 2150 γάρ
1244 2100 1314 2140 ἐστι.
1341 2110 1458 2138 Τελείων
1487 2109 1516 2135 δέ
1543 2107 1646 2140 ἐστινὴ
1671 2103 1769 2150 στερεά
1780 2100 1880 2150 τροςρὴ,

1092 2161 1147 2188 τῶν
1161 2146 1265 2194 διὰπτὴν
1279 2159 1338 2191 ἕξιν
1351 2157 1385 2184 τὰ
1402 2154 1567 2190 αἰσθητήρια
1577 2149 1790 2187 γεγυμνασμένα
1805 2146 1884 2183 ἑχόν-

1055 2214 1077 2242 ι)
1094 2215 1148 2234 των
1162 2206 1229 2241 πρὸς
1241 2205 1378 2239 διάκρισιν
1390 2200 1473 2230 καλοῦ
1484 2209 1514 2227 τε
1530 2199 1578 2226 καὶ
1591 2196 1688 2226 κακοῦ.
1708 2205 1717 2221 ι

1127 2294 1213 2322 Τοῦτο
1224 2292 1403 2329 κηδεμονικὸν
1415 2290 1577 2326 παρίστησι,
1589 2287 1636 2314 καὶ
1646 2287 1696 2322 τῆς
1711 2284 1821 2320 ἀγάπης
1833 2283 1884 2317 τὴν

1092 2340 1246 2376 ὑπερϐολήν
1257 2348 1263 2354 ·
1282 2339 1404 2366 ἱκέτευεν
1416 2336 1470 2371 γὰρ
1485 2334 1624 2370 ὑπὲρττῶν
1636 2332 1684 2360 δύο
1696 2330 1779 2359 λαῶν.
1791 2329 1885 2356 Ταῦτα

1092 2387 1120 2413 δὲ
1136 2387 1185 2422 τῆς
1202 2383 1357 2419 οἰκονομίας
1373 2381 1457 2408 ἐστίν.

1387 2426 1513 2453 ΚΕΦΑΛ.
1538 2425 1583 2458 ς’.

1133 2490 1141 2505 ι
1161 2478 1207 2505 Διδ
1235 2475 1349 2510 ἀφέντες
1371 2474 1418 2500 τὸν
1433 2472 1482 2507 τῆς
1497 2470 1586 2506 ἀρχῆς
1598 2468 1645 2496 τοῦ
1658 2467 1778 2504 Χριστοῦ
1792 2466 1881 2500 λόγον,

1092 2526 1140 2552 ἐπὶ
1164 2525 1214 2558 τὴν
1233 2521 1390 2556 τελειότητα
1415 2517 1574 2554 φερώμεθα,
1597 2516 1633 2551 μὴ
1663 2515 1743 2542 πάλιν
1759 2512 1884 2548 θεμέλιον

1093 2569 1328 2604 καταϐαλλόμενοι
1344 2565 1488 2601 μετανοίας
1499 2584 1506 2596 ,
1529 2563 1583 2590 ἀπὸ
1595 2562 1700 2597 νεκρῶν
1719 2561 1820 2596 ἔργων,
1835 2558 1883 2584 καὶ

1094 2617 1213 2647 πίστεως
1226 2614 1272 2642 ἐπὶ
1286 2614 1363 2645 Θεὸν,
1380 2610 1541 2648 βαπτισμῶν
1554 2609 1675 2643 διδαχῆς,
1695 2616 1704 2632 ι

1137 2705 1244 2740 Ἀρχήν
1261 2711 1339 2739 φησι,
1356 2702 1402 2729 τδν
1417 2700 1461 2728 διὰ
1471 2700 1521 2736 τῆς
1535 2699 1653 2728 πίστεως
1678 2694 1803 2730 θεμέλιον
1813 2701 1821 2709 ·
1835 2698 1883 2718 η·

1096 2753 1239 2786 λειότητα
1248 2750 1287 2783 δὲ,
1303 2749 1352 2785 τὴν
1363 2748 1396 2776 δι’
1414 2747 1502 2784 ἔργων
1517 2745 1626 2781 ἀγαθῶν
1637 2741 1830 2777 ὲποικοδομὴν.
