2078 3113
229 143 287 174 9ὖ3⁴
805 138 855 169 IIN
870 137 989 168 EPIST.
1006 136 1055 166 AD
1072 135 1265 165 HEBRIEOS.
1800 133 1852 165 955

268 206 278 221 ι
297 194 462 226 Ἕπιθέσεώς
477 203 506 221 τε
523 193 634 229 χειρῶν,
661 192 836 224 ἀναστάσεώς
856 201 886 218 τε
904 190 1019 226 νεκρῶν,

1110 200 1120 216 ι
1138 190 1322 225 lmpositionis
1343 198 1452 227 qucque
1462 198 1603 224 manuum,
1627 198 1658 218 ac
1675 188 1853 217 resurrectio-

232 241 279 268 καὶ
293 240 428 276 κρίματος
443 239 564 266 αἰωνίου.
581 238 636 265 Καὶ
646 237 726 265 τοῦτο
736 239 904 273 ποιήσωμεν,
917 237 1018 271 ἐάνπερ

1078 237 1113 264 iis
1131 241 1312 269 mortuorum,
1327 241 1353 264 et
1368 238 1462 265 aeterni
1476 238 1582 272 judicii.
1602 237 1697 274 [Vens
1715 236 1741 267 5,
1759 233 1798 270 4.]
1820 232 1854 260 ΕΙ.

233 286 366 321 ἐπιτρέπῃ
385 287 398 312 ὁ
415 285 491 316 Θεός.
514 284 657 312 Ἀδύνατον
674 284 729 319 γὰρ
745 284 808 315 τοὺς
837 283 911 315 ἅπαξ
934 290 1018 317 φωτι-

233 331 353 362 σθέντας.
366 343 376 359 ι

268 377 346 404 Οὕτω
359 376 414 412 γὰρ
427 375 458 402 τὺ
475 374 588 410 Πνεῦμα
604 375 768 410 ἐλάμϐανον.

273 433 283 449 ε
300 422 488 457 Γευσαμένους
504 430 534 448 τε
549 421 600 456 τῆς
618 422 722 456 δωρεᾶς
734 421 783 456 τῆς
794 420 966 456 ἐπουρανίου.
987 430 997 446 ι

269 469 409 501 Τουτέστι,
426 468 476 502 τῆς
489 467 614 501 ἀφέσεως
626 466 681 493 τῶν
697 466 912 502 ἁμαρτημάτων.

273 524 284 541 ι
302 514 359 540 Καὶ
380 513 513 549 μετόχους
527 513 692 548 γενηθέντας
707 511 866 547 Πνεῦματος
882 511 970 545 ἁγίου.
989 519 998 536 ι

271 556 308 586 οὗ
319 559 417 594 ἔχομεν
432 558 478 585 διὰ
492 558 541 586 τοῦ
559 558 739 593 χαρίσματος.

234 624 239 631 .
272 613 284 630 ι
298 604 354 630 Καὶ
367 603 449 631 καλὸν
462 603 650 638 γευσαμένους
667 602 735 629 Θεοῦ
750 602 834 637 ῥῆμα.
855 611 865 627 ι

271 693 327 728 Τὴν
345 692 521 719 διδασκαλίαν
530 691 581 726 τῆς
590 689 746 727 ὁμολογίας.

274 748 284 766 ι
299 738 435 773 Δυνάμεις
450 746 481 765 τε
495 736 638 773 μέλλοντος
655 736 763 768 αἰῶνος,
777 735 825 762 καὶ
846 735 1020 771 παραπεσόν-

235 793 285 817 τας
296 785 390 812 πάλιν.
411 793 421 810 ι

270 829 356 856 Τοῦτὸ
370 837 447 864 φησι,
469 828 513 855 διὰ
526 828 556 855 τὸ
574 827 700 863 θαύματα
720 826 783 859 τοὺς
806 825 1021 861 βαπτιζομένους

237 857 382 903 ὲπιτελεῖνί
392 857 459 903 ’ὲότε
467 875 522 912 γὰρ
530 876 555 902 οι
565 857 755 910 βαπτιζόμενοι
768 857 930 910 ναρίσματα-
938 872 1021 907 ἐλάμ-
1035 857 1059 888 Β

237 922 328 954 ϐανον,
345 921 414 948 ὥστε
432 922 553 957 ἐνεργεῖν
567 921 706 955 δυνάμεις.

273 977 284 994 ί
307 967 541 999 Ἀνακαινίζεσθαι
553 968 594 999 εἰς
609 966 766 1002 μετάνοιαν,
783 975 793 991 ι

271 1014 413 1046 Τουτέστι,
428 1013 472 1040 διὰ
497 1013 652 1048 μετανοίας.
671 1012 757 1038 Τοῦτο
774 1011 802 1037 δὲ
819 1010 904 1044 λέγει,
920 1010 969 1045 οὐχ
986 1009 1023 1041 ὡς

237 1059 439 1094 ὲκὸεϐλημένης
448 1059 496 1093 τῆς
510 1058 665 1094 μετανοίας·
679 1058 715 1092 μὴ
727 1057 830 1092 γένοιτο
840 1064 849 1073 ⁸
862 1055 918 1082 ἀλλ’
931 1055 971 1086 ὠς
986 1055 1023 1090 μὴ

237 1104 352 1132 δυνατοῦ
364 1105 438 1136 ὄντος
449 1104 497 1130 τοῦ
512 1103 556 1130 διὰ
566 1103 613 1130 τοῦ
632 1101 745 1138 λουτροῦ
763 1100 970 1136 ἁναχαινισμοῦ.
979 1100 1024 1126 Διὸ

238 1152 288 1178 οὐκ
311 1150 389 1178 εἶπεν
402 1172 409 1184 ,
425 1151 574 1178 ἀδύνατον
597 1148 850 1182 ἀνακαινισθῆναι
875 1149 918 1180 είς
936 1145 1024 1181 μετά-

239 1206 335 1229 νοιαν,
353 1197 401 1224 καὶ
412 1196 549 1231 ἐσίγησεν,
566 1195 634 1223 ἀλλὰ
653 1195 711 1226 πῶς
732 1195 862 1221 ἀδύνατον
883 1193 1023 1228 ἐπήγαγε,

239 1243 504 1276 ἀνασταυροῦντας
512 1240 771 1274 ἀνακαινισθῆναι,
780 1239 902 1266 τουτέστι
917 1238 1025 1269 καινοὺς

240 1287 376 1321 γενέσθαι.
389 1287 425 1313 Τὸ
437 1286 491 1321 γὰρ
506 1285 598 1312 καινὸν
618 1285 739 1319 ποιῆσαι,
757 1284 803 1310 τοῦ
817 1282 930 1318 λουτροῦ
947 1282 1025 1317 μόνον

240 1333 324 1360 ἐστίν.
345 1333 640 1366 Ἄνακαινισθήσεται
658 1332 712 1366 γὰρ
727 1331 766 1364 ὡς
780 1330 869 1358 ἀετοῦ
885 1331 904 1364 ὴ
921 1330 1026 1363 νεότης

241 1385 310 1406 σου.

278 1433 289 1448 ι
311 1422 560 1458 ’Λνασταυροῦντας
573 1422 680 1452 ἑαυτοῖς
694 1421 739 1448 τὸν
752 1420 816 1447 Υίὸν
827 1419 872 1446 τοῦ
888 1419 967 1453 Θεοῦ,
980 1419 1027 1446 καὶ

241 1467 549 1503 παραδειγματίζοντας.
570 1476 580 1493 ›

1069 281 1121 308 hoc
1136 281 1269 309 faciamus
1279 302 1286 314 ,
1299 282 1434 317 siquidem
1447 284 1603 317 permiserit
1631 283 1710 310 Deus.
1725 279 1855 315 lmpossi-

1069 325 1123 353 bile
1137 330 1178 353 est
1193 327 1266 353 enim
1282 334 1329 354 eos
1345 328 1392 362 qui
1409 328 1492 356 semel
1510 333 1574 356 sunt
1592 327 1746 356 illuminati.
1771 336 1782 353 ι

1105 372 1162 399 Hoc
1180 372 1280 407 quippe
1295 374 1348 400 ritu
1362 373 1495 408 Spiritum
1515 375 1699 410 accipiebant.

1109 428 1118 444 ε
1140 418 1325 447 Gustaverunt
1337 420 1419 447 etiam
1442 420 1542 448 donum
1562 421 1684 453 caeleste,
1701 430 1711 446 ι

1106 465 1164 491 Hoc
1177 470 1228 499 est,
1249 465 1446 500 indulgentiam
1459 470 1643 500 peccatorum.

1108 519 1117 535 ι
1136 509 1327 545 Etparticipes
1337 509 1404 538 facti
1415 514 1479 538 sunt
1492 510 1615 545 Spiritus
1632 511 1729 539 sancti.
1753 520 1764 537 ι

1105 554 1190 588 Quem
1208 555 1339 583 habemus
1350 563 1399 590 per
1411 556 1505 591 gratiae
1519 557 1634 584 donum.

1106 600 1188 628 Vens.
1207 601 1234 633 5,
1247 601 1273 628 6.
1298 610 1308 628 ‹
1327 600 1515 630 Gustaverunt
1545 602 1724 631 nihilominus
1751 602 1854 632 bonum

1073 645 1121 674 Dei
1132 647 1256 674 verbum.
1277 655 1288 672 ι

1106 690 1263 719 Doctrinam
1278 691 1474 720 confessionis.

1110 745 1120 762 ι
1139 737 1314 773 Virtutesque
1345 738 1436 765 saeculi
1455 738 1582 772 venturi,
1603 742 1630 767 et
1648 739 1770 774 prolapsi
1791 745 1857 768 sunt

1072 789 1179 810 rursus.
1203 791 1213 808 ι

1108 826 1166 855 Hoc
1176 827 1224 859 ait,
1241 827 1369 862 quoniam
1384 828 1423 855 illi
1450 829 1495 864 qui
1517 828 1644 864 baptizati
1668 834 1756 862 erant,
1772 830 1857 857 mira-

1074 873 1134 901 cula
1150 874 1302 908 patrabant.
1321 873 1398 901 Tunc
1414 875 1488 902 enim
1509 875 1555 910 qui
1570 875 1790 910 baptizabantur,
1811 877 1857 904 illa
1895 903 1897 906 ,

1074 919 1144 947 dona
1157 919 1325 953 accipiebam
1343 919 1442 954 quibus
1455 920 1570 948 virtutes
1589 921 1710 957 ederent.

1112 973 1121 990 ι
1140 964 1320 992 Renovariad
1332 965 1532 999 pmnitentiam.
1550 976 1560 991 ι

1108 1009 1137 1037 id
1159 1014 1201 1037 est
1227 1017 1275 1044 per
1301 1011 1503 1044 paenitentiam.
1519 1011 1548 1038 id
1561 1012 1634 1045 quod
1662 1012 1739 1044 dicit,
1755 1020 1807 1040 non
1830 1017 1860 1039 ut

1074 1055 1233 1090 pwnitentia
1249 1056 1409 1083 excludatur
1427 1065 1433 1082 :
1456 1056 1526 1083 absit
1546 1056 1552 1082 ι
1571 1057 1617 1083 sed
1645 1057 1775 1091 quoniam
1801 1058 1857 1085 ﬁeri

1075 1108 1128 1128 non
1140 1104 1229 1136 potest
1240 1101 1323 1128 altera
1335 1108 1382 1135 per
1392 1101 1529 1128 lavacrum
1543 1102 1693 1129 renovatio.
1703 1102 1762 1128 Non
1775 1103 1858 1134 enim,

1074 1153 1137 1173 cum
1165 1146 1274 1177 dixerit,
1304 1146 1468 1180 impossibile
1488 1151 1526 1173 est
1544 1148 1663 1174 renovari
1687 1147 1721 1174 ad
1733 1148 1859 1181 paeniten-

1076 1193 1151 1224 tiam,
1170 1199 1231 1218 mox
1247 1192 1396 1224 conticuit;
1419 1192 1465 1219 scd
1486 1192 1577 1218 intulit
1593 1200 1642 1219 cur
1655 1192 1680 1218 id
1699 1200 1752 1219 non
1770 1193 1860 1227 possit

1076 1238 1208 1273 prmstari,
1223 1237 1348 1270 dicendo,
1374 1238 1555 1272 cruciﬁgentes
1580 1239 1700 1265 renovari
1709 1246 1718 1270 ;
1740 1238 1791 1266 hoc
1817 1242 1859 1265 est

1077 1291 1161 1311 novos
1175 1289 1254 1319 atquc
1268 1285 1388 1319 integros
1409 1284 1480 1311 ﬁeri.
1504 1283 1596 1311 Solius
1617 1292 1735 1318 namque
1757 1284 1858 1311 lavacri

1077 1332 1118 1356 est
1136 1337 1236 1356 novum
1253 1329 1377 1357 reddere.
1395 1329 1580 1361 Renovabitur,
1604 1330 1703 1364 inquit,
1720 1335 1746 1356 ut
1765 1331 1861 1365 aquilw

1075 1374 1197 1408 juventus
1215 1379 1260 1401 Iun
1276 1375 1309 1401 θλ.

1115 1429 1124 1445 ι
1142 1419 1261 1447 Rursum
1282 1420 1472 1454 cruciﬁgenles
1494 1419 1673 1454 sibimetipsis
1687 1419 1783 1446 Filium
1802 1419 1859 1452 Dei,

1079 1468 1105 1491 et
1116 1465 1282 1499 contemptui
1300 1465 1441 1492 habentes.
1464 1475 1472 1491 ι

275 1514 312 1539 Τὸ
333 1513 473 1548 βάπτισμα
498 1512 613 1547 σταυρός
625 1513 695 1543 ἐστι,
720 1512 769 1538 καὶ
788 1510 998 1545 συνεσταυρώθη
1013 1511 1027 1537 ὀ

1114 1510 1196 1544 238
1211 1510 1366 1544 Baptismus
1386 1517 1452 1537 crux
1470 1514 1512 1537 est
1525 1531 1532 1543 ,
1557 1510 1695 1545 simulque
1713 1509 1860 1536 crucifixus

241 1559 353 1590 παλαιὸς
361 1558 439 1593 ἡμῶν
455 1558 607 1593 ἅνθρωπος.
617 1559 787 1592 Σύμμορφοι
797 1557 851 1591 γὰρ
862 1557 1026 1590 γεγόναμεν

241 1602 281 1635 τῷ
304 1603 460 1637 ὁμοιώματι
489 1602 542 1629 τοῦ
569 1602 698 1630 θανάτου
722 1601 827 1628 αὑτοῦ.
859 1602 914 1628 Καὶ
927 1601 1024 1628 πάλιν·

241 1647 453 1682 Συνετάεαημκν
464 1647 520 1682 γὰρ
536 1647 615 1679 αὐτῷ
627 1647 676 1673 διὰ
696 1647 749 1674 τοῦ
758 1646 970 1680 ,βαπτίσματος
985 1646 1027 1677 είς

240 1693 295 1719 τὸν
305 1693 444 1720 θάνατον.
455 1693 560 1728 Ὥσπερ
573 1690 620 1719 οὖν
634 1693 693 1718 ἐκεῖ
700 1692 749 1718 οὐκ
762 1691 801 1718 ἔνι
815 1691 939 1726 δεύτερον
951 1699 1028 1716 σταυ-

243 1738 360 1774 ρωθῆναι
385 1739 433 1764 τὸν
450 1738 585 1773 Χριστόν·
603 1737 683 1763 τοῦτο
708 1737 763 1772 γὰρ
779 1736 1028 1771 παραδειγματίσαι

242 1783 324 1810 αὐτόν
340 1784 398 1809 ἐστι
410 1791 417 1798 ·
434 1784 458 1809 εί
475 1783 529 1818 γὰρ
546 1783 660 1814 θάνατος
681 1781 763 1809 αὑτοῦ
778 1783 828 1808 οὐκ
843 1782 881 1808 ἔτι
896 1782 1027 1817 κυριεύει,

242 1826 302 1855 εἶτα
316 1828 397 1854 πάλιν
410 1829 585 1863 σταυροῦται,
603 1827 686 1864 μῦθος
699 1828 788 1855 πάντα
801 1828 903 1853 ἐκεῖνα·
919 1826 1028 1854 ὀτοίνυν

242 1874 367 1909 δεύτερον
380 1874 589 1909 βαπτιζόμενος,
600 1874 679 1900 πάλιν
693 1873 775 1900 αὑτὸν
788 1874 908 1909 οταυροῖ.
925 1874 1028 1908 Ὥσπερ

243 1920 297 1956 γὰρ
316 1920 434 1946 ἀπέθανε
447 1920 564 1955 Χριστὸς
575 1921 603 1946 ὲν
619 1920 658 1955 τῷ
671 1920 790 1954 σταυρῷ,
806 1919 892 1950 οὕτως
907 1920 986 1954 ἡμεῖς
1000 1920 1029 1945 ἐν

242 1965 281 2001 τῷ
296 1966 482 2001 βαπτίσματι·
497 1966 528 1992 οὺ
540 1967 574 2001 τῇ
591 1966 681 2001 σαρκὶ,
694 1965 762 1992 ἀλλὰ
775 1967 810 2000 τῇ
825 1965 957 2001 ἁμαρτίᾳ.

281 2063 290 2078 ι
307 2053 347 2088 Γῆ
359 2053 414 2089 γὰρ
433 2053 535 2080 πιοῦσα
547 2053 592 2080 τὸν
604 2052 650 2079 ἐπὶ
666 2053 753 2088 αὐτῆς
769 2053 899 2086 πολλάκις
915 2053 1030 2090 ἐρχόμε-

243 2107 287 2125 νον
307 2099 394 2131 ὑετὺν,
413 2099 460 2125 καὶ
485 2099 615 2125 τίκτουσα
645 2099 760 2134 βοτάνην
773 2098 883 2126 εὔθετον
904 2099 1028 2133 ἐκείνοις,

242 2145 275 2171 δι’
291 2144 338 2177 οὓς
353 2145 399 2171 καὶ
413 2146 586 2179 γεωργεῖται,
599 2143 814 2180 μεταλαμϐάνει.
838 2154 847 2171 ι

1078 1557 1120 1581 est
1138 1558 1262 1581 vetustus
1277 1559 1369 1582 noster
1397 1555 1478 1582 homo
1495 1564 1501 1582 :
1520 1556 1621 1590 quippe
1638 1563 1699 1582 cum
1715 1555 1861 1589 confer-mes

1077 1599 1143 1633 facti
1163 1600 1245 1626 simus
1272 1599 1442 1626 similitudini
1469 1601 1560 1626 mortis
1589 1600 1645 1634 ejus
1658 1600 1691 1626 π.
1708 1599 1738 1626 Et
1752 1608 1861 1627 rursum

1078 1645 1116 1671 ait
1134 1654 1140 1671 ε
1156 1644 1307 1679 Causepulti
1322 1645 1391 1671 enim
1408 1646 1471 1672 estis
1486 1646 1510 1672 ei
1523 1653 1569 1680 per
1583 1645 1741 1679 baptismum
1751 1646 1778 1672 in
1792 1653 1863 1673 mor-

1078 1694 1128 1716 tem
1142 1689 1212 1716 '“7.
1230 1690 1305 1716 Sicut
1319 1697 1382 1724 ergo
1393 1689 1519 1717 Christus
1531 1698 1584 1717 non
1596 1694 1684 1725 potest
1698 1691 1786 1717 denuo
1799 1697 1863 1716 cru-

1078 1733 1148 1768 ciﬁgi
1161 1733 1234 1768 (nam
1251 1733 1302 1760 hoc
1317 1739 1389 1761 esset
1402 1735 1568 1768 contemptui
1579 1742 1639 1761 cum
1655 1734 1754 1761 habere
1770 1736 1796 1760 et
1810 1738 1864 1760 tra-

1082 1779 1192 1806 ducere.
1210 1778 1238 1805 Si
1254 1779 1326 1806 enim
1346 1786 1420 1806 mors
1433 1779 1470 1806 illi
1495 1779 1564 1806 ultra
1587 1786 1640 1806 non
1656 1779 1821 1811 dominatur,
1838 1782 1864 1806 et

1080 1824 1259 1852 nihilominus
1281 1825 1356 1852 cruci
1388 1825 1486 1852 iterum
1509 1824 1635 1860 adigitur,
1663 1823 1759 1851 isthzec
1773 1825 1863 1851 omnia

1081 1876 1246 1907 nugamenta
1273 1877 1337 1899 sunt
1365 1875 1392 1899 ct
1415 1871 1541 1907 fabulae),
1571 1873 1615 1906 qui
1637 1872 1719 1907 igitur
1744 1873 1864 1900 secundo

1080 1917 1246 1952 baptizatur,
1261 1925 1322 1944 eum
1338 1925 1434 1944 rursus
1451 1918 1477 1944 in
1493 1925 1601 1945 crucem
1616 1918 1680 1953 agit.
1690 1917 1757 1945 Nam
1769 1926 1865 1953 quem-

1081 1962 1226 1990 admodum
1242 1963 1268 1989 in
1281 1969 1361 1989 cruce
1374 1962 1502 1990 Christus
1518 1968 1641 1991 mortuus
1654 1967 1706 1997 est,
1720 1964 1759 1991 sic
1775 1968 1802 1991 et
1815 1971 1865 1990 nos

1081 2009 1108 2035 in
1124 2009 1273 2042 baptismo;
1286 2015 1339 2034 non
1355 2008 1440 2040 carni,
1457 2007 1504 2034 scd
1517 2013 1639 2042 peccato.

1117 2053 1198 2080 Vens.
1221 2053 1246 2079 7.
1269 2062 1278 2078 ‹
1298 2052 1381 2079 Terra
1399 2053 1470 2080 enim
1484 2061 1556 2088 saepe
1574 2055 1728 2082 venientem
1742 2062 1823 2090 super
1836 2063 1865 2083 se

1082 2098 1178 2126 bibens
1196 2097 1308 2124 imbrem
1323 2117 1330 2129 ,
1346 2101 1373 2124 ct
1387 2105 1520 2132 generans
1543 2098 1656 2125 herbam
1683 2103 1864 2133 opportunam

1082 2144 1136 2172 illis
1151 2151 1202 2179 pro
1216 2143 1317 2178 quibus
1333 2147 1359 2170 et
1375 2144 1483 2177 colitur,
1502 2143 1614 2178 accipit.
1625 2153 1635 2170 ι

283 2189 398 2223 Ὑετὸν,
411 2190 461 2225 τὴν
477 2189 662 2221 διδασκαλίαν,
681 2189 775 2224 φησὶν,
788 2189 825 2222 ὡς
837 2189 883 2217 καλ⁵
897 2189 1026 2226 ἐτέρωθι”

1116 2189 1231 2216 [mbram
1247 2189 1401 2217 doctrinam
1419 2193 1576 2225 nuncupat,
1591 2194 1622 2217 ut
1649 2189 1678 2216 in
1702 2189 1755 2218 alio
1780 2190 1840 2217 loco
1856 2198 1864 2217 :

250 2236 438 2270 Ἐηελοῦμαι
449 2236 504 2270 γὰρ
519 2235 583 2268 ταῖς
597 2235 749 2269 νεφέλαις,
766 2236 799 2262 τὸ
813 2236 855 2271 μὴ
867 2236 974 2270 ,βρέξαι
984 2238 1027 2268 εἰς

242 2281 335 2309 αὑτὸν
345 2281 444 2308 ὑετόν.
465 2279 598 2308 Ἐνταῦθα
609 2280 694 2315 δηλοῖ,
707 2281 748 2306 ὅτι
760 2279 892 2313 ἐδέξαντο,
908 2281 954 2307 καὶ
965 2289 1028 2307 συν-

242 2327 318 2362 enim:
333 2323 378 2352 τῖιν
388 2325 477 2360 λόγον,
493 2325 541 2351 καὶ
555 2324 616 2350 οὐδὲ
632 2324 717 2356 οὕτως
728 2325 878 2358 ἀπώναντο,
895 2325 1028 2361 μικροψυ-

242 2371 353 2405 χοῦντες
371 2371 399 2397 ὲν
415 2371 472 2402 τοῖς
489 2372 662 2405 πειρασμοῖς.

281 2427 290 2443 ι
307 2416 439 2451 Εὑλογίας
457 2416 511 2443 ἀπὸ
522 2417 600 2444 Θεοῦ.
620 2426 629 2442 ι

284 2461 414 2489 Ἑνταῦοα
439 2462 483 2488 τὺν
497 2461 563 2488 Θεόν
577 2470 658 2497 φησιν
671 2462 755 2488 αἴτιον
778 2461 832 2488 τῶν
849 2462 975 2488 ἁπάντων
986 2462 1028 2496 γί-

243 2506 346 2539 νεσθαι,
360 2506 485 2541 πλήττων
496 2506 588 2542 ἡρέμα
598 2507 660 2538 τοὺς
673 2507 816 2542 Ἕλληνας,
830 2507 892 2538 τοὺς
903 2508 936 2542 τῇ
948 2507 1027 2534 δυνά-

245 2561 290 2586 μει
304 2551 352 2586 τῆς
365 2551 429 2586 γῆς,
438 2550 493 2578 τῶν
505 2551 618 2586 καρπῶν
634 2551 684 2587 τὴν
699 2551 805 2586 γένεσιν
815 2551 1026 2586 ὲπιγράφοντας.

280 2607 291 2623 ι
310 2597 479 2631 Ἐκφέρουσα
498 2597 526 2623 δὲ
544 2597 675 2629 ἀκάνθας.
697 2607 707 2624 ›

279 2641 356 2668 Ἐπεὶ
371 2642 417 2669 καὶ
432 2642 512 2669 πάλιν
531 2641 580 2668 οὐκ
594 2639 664 2674 εἷπε,
681 2641 810 2668 τίκτουσα
823 2642 955 2675 ἀκάνθας,
970 2642 1029 2668 οὐδὲ

243 2686 282 2722 τῷ
298 2688 426 2723 χρησίμῳ
442 2687 528 2723 τούτῳ
545 2687 655 2723 ὀνόματι
673 2687 818 2724 ἐχρήσατο.
831 2687 911 2715 Ἀλλὰ
927 2688 954 2714 τί
960 2696 966 2714 :
981 2687 1030 2714 ἐκ·

242 2734 376 2768 φέρουσα
387 2733 530 2767 ἀκάνθας·
545 2734 582 2765 ὡς
602 2734 634 2761 ἂν
656 2733 726 2761 είποι
745 2743 796 2767 τις,
813 2734 1010 2769 ὲκὸράσσουσα.

1085 2234 1218 2262 Mandabo
1242 2234 1364 2267 nubibus,
1393 2238 1421 2261 ut
1442 2243 1493 2262 non
1512 2234 1606 2269 pluunt
1625 2243 1703 2270 super
1727 2244 1786 2262 eam
1816 2236 1865 2262 im-

1083 2281 1153 2308 brem
1170 2281 1203 2308 ⁸⁸.
1221 2280 1270 2308 Hic
1287 2280 1407 2308 declarat
1420 2288 1468 2308 cos
1493 2281 1649 2315 suscepisse
1662 2285 1688 2308 et
1702 2281 1865 2308 combibisse

1082 2334 1249 2360 sermonem,
1266 2333 1317 2353 nec
1334 2325 1375 2353 sic
1395 2331 1484 2352 latuen
1501 2326 1662 2361 profecisse,
1678 2334 1741 2354 cum
1766 2326 1865 2354 animis

1081 2371 1109 2397 in
1123 2369 1319 2397 tentationibus
1344 2369 1529 2396 conciderent.

1120 2426 1128 2442 ι
1152 2414 1360 2443 Benedictiones
1377 2413 1434 2442 Dei.

1117 2456 1166 2487 Hic
1182 2460 1261 2488 docet
1285 2459 1371 2487 Deum
1401 2460 1522 2486 omnium
1540 2467 1601 2487 esse
1630 2462 1781 2492 auctorem,
1801 2466 1865 2494 per-

1082 2506 1244 2541 stringitque
1271 2505 1354 2533 tacite
1368 2505 1493 2540 gentiles,
1520 2505 1567 2540 qui
1586 2509 1669 2533 terrae
1682 2505 1775 2533 virtuti
1801 2505 1867 2532 {ru—

1082 2557 1174 2580 ctuum
1193 2551 1394 2586 generationem
1414 2550 1565 2578 ascribunt.

1116 2597 1200 2625 Vens.
1216 2598 1241 2625 8.
1262 2607 1271 2623 ι
1290 2596 1438 2625 Proferens
1452 2600 1542 2624 autem
1559 2596 1661 2631 spinas.
1683 2606 1692 2624 ι

1117 2643 1210 2677 Neque
1222 2650 1331 2670 rursum
1345 2642 1423 2674 dixit,
1440 2649 1574 2677 generans
1585 2642 1689 2676 spinas,
1710 2648 1798 2676 nequc
1818 2648 1871 2669 ac—

1083 2688 1225 2717 commodo
1250 2688 1302 2715 hoc
1334 2687 1415 2715 verbo
1440 2694 1506 2714 usus
1521 2690 1573 2715 cst.
1587 2685 1639 2714 Sed
1664 2685 1729 2722 quid
1745 2686 1798 2714 hoc
1812 2691 1874 2720 est,

1087 2734 1220 2769 proferens
1237 2734 1327 2769 spina:
1338 2733 1350 2761 .’
1363 2732 1441 2762 Velut
1453 2733 1476 2762 si
1493 2733 1553 2769 quis
1569 2732 1652 2767 dicat,
1670 2733 1817 2763 ebulliens.

272 2821 298 2839 ”'
308 2821 378 2851 Psal.
396 2829 442 2855 cu,
458 2822 484 2850 5.
512 2823 534 2839 "
551 2821 630 2852 Rom.
644 2823 720 2856 v1,5.
754 2814 887 2851 "-"ibid.
899 2822 926 2850 2.
957 2823 978 2840 ⁸⁸
994 2822 1045 2851 lsa.
1064 2831 1089 2856 v,
1107 2825 1136 2854 8.
