2078 3113
215 127 266 159 955

252 196 261 210 ι
280 185 311 211 Et
326 185 454 219 tribulos,
475 187 593 222 reproba
604 191 658 216 est.
677 197 686 214 ι

237 226 393 267 ἐει-ἰριυτα
409 234 511 268 passim
526 240 638 270 peccata
652 235 770 271 appellit
781 238 891 272 spinas;
905 246 1004 275 quem-

213 277 359 306 admodum
377 284 405 307 et
418 279 501 308 David
517 281 583 308 dicit
596 289 604 308 :
617 281 763 310 Conuersus
777 292 836 311 sum
845 285 874 311 in
885 293 1005 313 erumna

212 335 281 360 utea,
307 328 371 354 dum
389 329 560 363 conliguntur
588 330 672 365 opime
695 331 729 358 ".
750 330 806 359 Nec
817 333 892 360 enim
916 333 1004 361 solum

213 372 418 407 ingrediuntur,
445 373 494 401 sed
519 374 602 401 etiam
632 375 792 411 inﬁguntur.
810 377 868 405 Etsi
889 379 932 406 vel
949 379 1005 406 exi-

212 425 295 453 guum
326 419 391 453 quid
407 419 495 454 spinae
515 421 698 452 remanserit.
723 422 776 449 nisi
790 427 877 450 totum
896 423 1005 452 aufera-

212 473 284 499 mus,
312 473 426 502 parvum
458 468 511 496 hoc
526 469 667 511 'perazque
686 469 809 497 dolorem
828 475 911 504 creat,
930 471 1003 499 haud

212 519 295 539 secus
312 517 396 547 atque
410 520 444 540 ex
460 513 540 548 spina
565 514 677 542 accidit.
700 514 752 542 Sed
769 515 835 550 quid
849 516 894 544 aio
913 516 1003 551 ipsum

211 558 364 593 exiguum?
388 566 449 586 nam
468 567 501 587 eo
521 560 623 594 ablato,
645 560 770 589 vulneris
785 561 866 590 dolor
879 563 1005 598 augescit

212 603 341 638 amplius,
355 608 438 639 atque
446 604 531 631 multa
543 605 689 632 curatione
698 608 725 632 et
737 606 920 634 medicamine
935 615 1005 643 opus

212 654 256 676 est
268 654 296 676 ut
310 657 343 677 ex
355 653 414 678 toto
431 658 517 678 sanus
530 655 558 678 et
569 651 639 679 liber
652 651 734 679 homo
750 653 796 680 sit.
809 652 887 680 Haud
904 654 1005 690 quippe

212 695 312 723 suﬂicit
325 701 467 731 peccatum
486 697 613 732 evellere,
630 706 727 726 verum
746 699 829 727 etiam
852 705 961 736 oportet
976 705 1006 728 ut

211 746 331 776 punctus
344 742 422 770 locus
436 747 560 771 sanetur.
834 767 840 771 .

246 786 312 815 Jure
329 789 429 816 merito
444 793 588 824 peccatum
605 790 734 820 tribulam
751 792 870 819 vocavit.
886 791 955 819 Nam
970 800 1003 821 ex

211 841 377 870 quacunque
391 839 470 870 parte
492 835 548 863 hoc
567 836 704 870 tenueris,
727 836 791 866 ferit
807 840 833 865 et
843 839 951 874 pungit.

250 890 260 906 ι
278 880 312 907 Ει
330 881 477 909 maledicto
487 882 622 917 proxima.
642 892 652 909 ι

247 926 407 954 Proximam
432 927 574 955 maledicto
603 927 694 961 dixit,
729 936 786 956 non
814 929 1001 958 maledictum.

211 974 298 1003 Porro
307 973 354 1008 qui
372 973 493 1001 nondum
511 973 538 1000 in
550 974 725 1002 maledictum
738 974 846 1009 incidit,
857 975 904 1003 sed
921 983 1006 1011 prope

212 1020 341 1052 accessit,
358 1019 456 1054 procul
471 1020 620 1048 abscedere
634 1021 746 1055 poterit.

249 1073 258 1089 ι
271 1063 357 1098 Cujus
369 1065 573 1092 consummatio
591 1065 618 1092 in
633 1066 867 1094 combustioncm.
886 1077 896 1094 ›

246 1109 306 1137 Νοη
327 1110 375 1143 ait,
398 1118 459 1145 qua:
483 1111 674 1139 comburetur.
701 1111 773 1145 Quid
789 1120 856 1141 vero
869 1117 912 1142 est
927 1114 1004 1149 cuqu

210 1157 405 1183 consummatio
425 1157 453 1184 in
468 1158 701 1186 combustionem.’
724 1157 753 1186 Si
771 1159 805 1186 ad
823 1160 903 1187 tinent
919 1168 1006 1196 usque

210 1203 408 1238 perseverabit,
424 1203 523 1238 inquit.

246 1247 330 1275 Vens.
349 1249 376 1276 9.
400 1257 410 1274 ι
432 1248 603 1277 Conlidimus
615 1254 706 1278 autem
723 1250 758 1278 de
774 1250 865 1283 vobis,
882 1251 1005 1280 dilectis-

1021 196 1044 225 Δ

1021 880 1045 908 Β

211 1295 286 1327 simi,
303 1295 417 1323 meliora
440 1299 467 1323 et
483 1295 620 1324 viciniora
641 1296 749 1324 saluti:
780 1297 890 1325 tametsi
911 1297 949 1325 ita
968 1298 1005 1326 lo-

211 1341 332 1377 quimur.
352 1351 361 1367 ι

247 1387 315 1415 Cum
331 1395 379 1416 eos
391 1391 527 1423 quantum
544 1396 594 1424 par
618 1392 679 1416 erat
695 1389 901 1424 perstrinxerit,
926 1397 1007 1417 cura-

211 1432 316 1460 tionem
331 1433 410 1461 allert
424 1434 537 1466 iterum,
552 1441 588 1461 ne
605 1434 724 1468 dejiciat.
747 1434 853 1470 Ecquid
869 1435 943 1462 enim
962 1435 1006 1462 di-

212 1477 342 1506 cit?Non
364 1478 422 1506 haec
434 1478 575 1513 loquimur
592 1482 624 1505 ut
639 1486 689 1507 vos
706 1479 932 1514 condemnemus,
960 1483 1007 1506 aut

214 1525 404 1553 existimemus
418 1525 507 1560 spinis
525 1532 577 1553 vos
589 1525 694 1553 obsitos
713 1529 741 1552 et
757 1525 852 1560 plenos
868 1533 939 1559 esse,
959 1525 1006 1553 sed

212 1572 278 1607 quia
291 1580 419 1600 veremur
439 1580 473 1599 ne
487 1571 515 1599 id
535 1571 688 1606 contingat.
702 1571 812 1606 Adjecit
824 1571 898 1599 enim
917 1581 923 1598 :
937 1571 1008 1602 Con-
1022 1560 1044 1589 (ἶ

212 1619 320 1653 ﬁdimus
335 1618 367 1645 de
387 1617 460 1645 vobis
480 1618 603 1650 meliora,
622 1621 647 1645 et
659 1618 747 1645 uicina
762 1618 855 1645 saluti.

248 1664 331 1699 239
346 1663 425 1692 Vers.
443 1664 486 1691 l0.
503 1663 582 1691 «Non
598 1663 671 1691 enim
687 1663 810 1699 injustus
822 1663 894 1693 Deus
906 1667 951 1692 est
979 1667 1010 1691 ut

212 1710 396 1738 obliviscatur
421 1709 515 1745 operis
548 1709 647 1740 vestri.
664 1713 691 1737 et
707 1709 812 1737 laboris
839 1709 1007 1742 dilectionis,

211 1763 294 1792 quam
304 1755 467 1784 ostendistis
479 1755 506 1783 in
523 1755 744 1791 nomineipsius,
761 1755 809 1792 qui
825 1755 1007 1784 miuistrastis

212 1802 318 1830 sanctis
327 1805 355 1830 et
370 1801 549 1830 ministratis.
564 1810 573 1827 ι

248 1844 340 1881 Papae,
361 1849 463 1881 quanta
477 1845 581 1873 virtute
597 1844 706 1874 animos
717 1845 842 1880 ipsorum
853 1845 1006 1880 roboravit,

213 1898 332 1926 quorum
359 1891 467 1926 priscas
480 1891 606 1919 actiones
630 1891 783 1918 memorat!
803 1895 831 1919 et
861 1891 935 1926 quali
960 1899 1008 1922 eos

214 1935 551 1969 necessitati‘adstrinxit,
564 1944 598 1964 ne
616 1936 668 1965 sibi
695 1936 832 1972 ﬁngerent
855 1936 941 1965 Deum
955 1936 1008 1964 im-

216 1989 363 2010 memorem
380 1983 455 2010 essel
473 1982 615 2018 Siquidem
641 1983 701 2010 ﬁeri
723 1990 778 2011 non
797 1987 888 2018 potest
912 1987 943 2011 ut
960 1983 1007 2012 ille

214 2036 269 2056 non
282 2033 377 2064 peccet
390 2028 437 2064 qui
449 2033 525 2056 certa
545 2036 593 2064 spe
603 2037 658 2056 non
675 2028 712 2057 sit
727 2028 901 2058 obﬁrmatus.

247 2074 334 2102 Vens.
351 2074 395 2102 it.
423 2084 432 2101 ι
448 2074 584 2110 Cupimus
594 2079 687 2103 autem
707 2083 936 2112 unumquemque
962 2084 1007 2105 ve—

212 2123 301 2148 strum
321 2119 446 2147 eamdem
463 2124 605 2148 ostentare
629 2120 843 2149 sollicitudinem
861 2120 896 2148 ad
912 2121 1007 2158 exple-

213 2167 316 2194 tionem
332 2166 392 2201 spei
406 2174 495 2201 usque
512 2166 540 2195 ln
555 2166 647 2194 linem.
666 2175 675 2192 I

248 2211 307 2239 Hoc
324 2212 508 2240 admiratione
523 2212 637 2248 dignum
650 2216 704 2246 est,
720 2219 771 2240 nec
789 2220 845 2240 non
862 2213 1007 2250 perspica-

213 2258 298 2288 citate
309 2257 406 2292 Pauli;
419 2257 492 2294 quod
505 2265 560 2285 non
571 2257 692 2286 declarat
701 2265 749 2286 eos
757 2257 867 2286 tandem
878 2260 1007 2288 cessisse.

213 2303 334 2332 Dicendo
345 2303 429 2336 enim,
439 2303 571 2337 cupimus,
582 2302 654 2330 idem
667 2307 710 2331 est
723 2311 755 2332 ac
773 2303 796 2332 si
805 2304 869 2340 quis
878 2304 988 2341 inquiat
1001 2313 1007 2333 :

213 2349 284 2378 Volo
300 2354 330 2378 ut
347 2357 458 2384 semper
471 2350 510 2378 sis
533 2349 684 2383 sollicitus,
702 2354 731 2379 ct
747 2351 839 2385 qualis
857 2354 922 2378 ante
934 2359 1007 2384 eras,

212 2396 277 2425 talis
305 2403 378 2424 nunc
405 2396 466 2429 llas,
483 2399 511 2423 et
528 2395 556 2423 in
585 2395 722 2423 futurum.
750 2394 809 2424 Hoc
838 2399 920 2430 pacto
935 2396 1009 2424 enim

211 2442 452 2479 reprehensionem
472 2446 585 2477 acceptu
597 2440 703 2471 facilem
720 2440 849 2469 instituit.
860 2440 933 2474 Quin
959 2449 1011 2469 nec

212 2490 295 2523 dixit,
309 2489 384 2522 volo.
403 2489 478 2525 quod
498 2489 622 2525 magistri
638 2487 835 2517 auctoritatem
852 2487 1006 2524 praeferret,

213 2536 264 2565 sed
282 2537 413 2570 cupimus,
432 2535 460 2564 id
477 2536 551 2572 quod
567 2541 711 2573 paternam
733 2536 821 2573 magis
833 2534 1007 2564 dilectionem

213 2583 354 2618 exprimit,
368 2591 451 2618 quam
464 2582 546 2612 velle.

250 2629 335 2658 Vsus.
350 2629 393 2658 12.
414 2638 423 2656 ι
443 2629 478 2659 Ut
495 2638 551 2658 non
566 2638 665 2667 segnes
681 2629 848 2659 eﬂiciamini.
867 2638 876 2655 I

251 2675 330 2703 Sicut
351 2675 439 2704 otium
455 2677 587 2705 nocivum
607 2681 651 2706 est
668 2676 790 2712 corpori,
807 2675 911 2711 inquit,
926 2673 966 2703 sic
980 2677 1008 2702 et

217 2721 303 2749 otium
334 2722 370 2750 ab
389 2722 548 2752 actionibus
574 2723 658 2753 bouis
672 2722 845 2759 supiniorem
884 2720 1007 2750 animum

217 2766 310 2798 reddit
323 2774 357 2796 ac
373 2767 494 2797 debilem

253 2855 275 2871 ⁹¹
286 2853 360 2884 Psal.
380 2862 422 2885 Ill.
437 2855 464 2884 ι.

809 132 838 162 S.
851 132 1013 165 JOANNIS
1034 135 1254 167 DAMASCENI

1797 139 1852 173 956

1097 204 1106 220 ι
1126 194 1181 222 Καὶ
1193 193 1344 230 τριϐόλους,
1362 194 1503 230 ἀδόκιμος.
1519 203 1529 221 ι

1091 240 1235 276 Πανταχοῦ
1248 242 1264 276 ἡ
1276 241 1372 277 Γραφὴ
1388 240 1524 275 ἀκάνθας
1535 241 1615 269 καλεῖ
1630 242 1665 270 τά
1681 243 1850 280 ἀμαρτήμα-
1899 255 1903 263 ι

1054 295 1099 319 τα,
1111 286 1149 318 ὡς
1160 287 1206 313 καὶ
1216 287 1230 313 ό
1244 287 1328 313 Δαόίδ
1343 296 1426 322 φησιν
1436 295 1443 303 °
1466 287 1641 323 Ἐστράφην
1649 290 1692 322 εὶς
1703 291 1852 316 ταλαιπω-

1050 333 1134 366 ρίαν,
1149 332 1184 359 ἐν
1193 333 1233 366 τῷ
1240 333 1411 368 ἐμπαγῆναι
1419 342 1470 368 μοι
1481 334 1625 367 ἀκάνθας.
1641 335 1678 361 Οὺ
1690 335 1746 371 γὰρ
1757 335 1851 367 ἁπλῶς

1054 379 1228 415 ἐπέρχονται,
1255 379 1313 406 ἀλλ’
1341 380 1544 415 ὲμπήγνυνται.
1566 381 1625 408 Κᾶν
1653 382 1751 418 μικρὸν
1767 382 1851 416 αὐτῆς

1054 425 1231 462 ὲναπομείνῃ,
1250 425 1297 453 καὶ
1311 426 1348 461 μὴ
1364 427 1456 453 πᾶσαν
1470 427 1557 463 αὐτὴν
1577 427 1725 463 ἐξέλωμεν,
1743 428 1810 454 αὐτὸ
1821 428 1852 455 τὸ

1056 471 1155 507 μικρὸν
1177 471 1276 507 eam,
1300 471 1400 507 ὁμοίως
1421 471 1546 508 καθάπερ
1573 473 1619 500 ἐπὶ
1644 473 1694 508 τῆς
1719 474 1851 508 ἀκάνθης.

1054 517 1109 544 Καὶ
1121 518 1148 544 τί
1164 517 1236 551 λέγω
1247 517 1314 545 αὒτὺ
1326 517 1357 544 τὸ
1371 518 1470 554 μικρόν
1481 527 1489 551 ;
1502 519 1551 545 καὶ
1565 518 1629 555 γὰρ·
1639 518 1709 554 μετά
1720 519 1768 546 τοῦ
1778 519 1851 553 ἐξαι-

1056 561 1167 597 ρεθῆναι
1184 563 1231 589 ἐπὶ
1244 563 1310 590 πολὺ
1328 563 1380 598 τῆς
1396 563 1505 598 πληγῆς
1523 563 1574 599 τὴν
1589 564 1689 599 ὀδύνην
1710 565 1850 600 ὲναφίησι,

1055 608 1103 635 καὶ
1113 609 1153 635 δεῖ
1170 608 1321 644 θεραπείας
1337 608 1441 644 πολλῆς
1452 610 1500 636 καὶ
1516 609 1648 645 ίατρείας,
1663 609 1734 636 ὥστε
1746 609 1851 637 τέλειον

1055 654 1140 688 αὐτῆς
1154 654 1381 690 ὲλευθερωθῆναι.
1397 654 1465 681 Οὐδὲ
1478 654 1533 690 γὰρ
1549 656 1631 691 ἀρκεῖ
1646 655 1677 682 τὸ
1688 655 1789 689 ἐξελεῖν
1801 655 1851 691 μό-

1054 708 1100 726 νον
1115 699 1164 735 τὴν
1181 700 1330 736 ἁμαρτίαν,
1348 700 1417 727 ἀλλά
1430 700 1478 727 καὶ
1497 700 1593 728 τοῦτον
1611 700 1751 737 πληγέντα
1768 701 1851 737 θερα-

1055 745 1155 772 πεῦσαι
1168 746 1262 774 τόπον.

1090 792 1209 824 Εἰκότως
1223 791 1273 828 τὴν
1296 793 1435 828 ἁμαρτίαν
1459 793 1602 827 τριϐολον
1615 792 1756 821 ἐκάλεσεν.
1771 792 1852 820 Ὅθεν

1055 837 1212 873 γὰργαὺτῆς
1230 838 1383 873 κατάσχῃς,
1400 837 1515 873 πλήττει
1527 838 1575 864 καὶ
1590 837 1694 864 δάκνει.

1097 892 1106 908 ι
1124 883 1179 910 Καὶ
1190 882 1313 917 κατάρας
1331 882 1425 917 ἐγγύς.
1445 892 1455 908 ι

1095 929 1231 963 Κατὰρας
1243 927 1319 956 εἴπεν
1337 929 1437 964 ἐγγὺς,
1456 929 1486 956 οὗ
1507 929 1626 964 κατάρα.
1647 927 1678 954 '0
1691 927 1720 954 δὲ
1739 927 1853 962 μηδέπω

1059 975 1099 1007 εις
1123 975 1173 1010 τὴν
1199 975 1269 1010 ἀρὰν
1286 975 1433 1011 ἐμπεσὼν,
1451 975 1511 1002 ἀλλ’
1528 974 1613 1009 ἐγγὺς
1627 974 1786 1010 γενόμενος,
1805 973 1853 1000 καὶ

1061 1020 1170 1056 μακρὰν
1188 1020 1316 1054 γενέσθαι
1329 1019 1487 1056 δυνήσεται.

1098 1077 1107 1093 ι
1125 1063 1179 1098 Ἦς
1192 1066 1223 1093 τὸ
1235 1066 1310 1098 τέλος
1330 1067 1369 1098 εἰς
1383 1066 1492 1093 καῦσιν.
1514 1076 1524 1092 ι

1750 1029 1760 1036 κ

1095 1114 1152 1140 οὐκ
1167 1110 1254 1146 εἶπεν,
1267 1112 1328 1148 ἥτις
1343 1114 1486 1148 καήσεται.
1496 1111 1578 1139 Ἀλλά
1591 1112 1635 1146 si;
1651 1109 1706 1144 Ἦς
1717 1111 1750 1138 τὸ
1767 1109 1854 1143 τέλος

1059 1160 1102 1192 εὶς
1120 1158 1245 1186 καῦσιν·
1267 1158 1330 1186 Ἐὰν
1344 1158 1428 1194 μέχρι
1436 1159 1531 1190 τέλους
1546 1158 1685 1194 ἑπιμείνῃ,
1700 1156 1780 1192 φησι.

1098 1260 1108 1276 ι
1125 1249 1302 1284 Πεπείσμεθα
1313 1249 1342 1276 δὲ
1357 1249 1420 1284 περὶ
1431 1248 1520 1284 ὑμῶν,
1534 1247 1673 1283 ἀγαπητοὶ
1684 1267 1691 1280 ,
1706 1247 1742 1273 τὰ
1758 1246 1854 1282 κρείσ-

1061 1304 1134 1328 σονα,
1153 1296 1202 1322 καὶ
1226 1295 1347 1332 ἐχόμενα
1374 1295 1514 1331 σωτηρίας
1527 1314 1534 1328 ,
1554 1295 1578 1321 εί
1596 1294 1645 1321 καὶ
1663 1293 1736 1320 οὕτω
1757 1291 1855 1320 λαλοῦ-

1061 1348 1122 1376 μεν.
1140 1349 1150 1366 ι

1095 1386 1297 1423 Καθαψάμενος
1323 1386 1414 1413 αὐτῶν
1441 1385 1557 1418 ἱκανῶς,
1584 1384 1732 1420 θεραπεύει
1761 1383 1853 1415 πάλιν,

1060 1433 1129 1460 ὥστε
1158 1433 1196 1469 μὴ
1216 1432 1393 1460 καταϐαλεῖν.
1416 1431 1449 1458 Τί
1467 1432 1523 1468 γάρ
1538 1439 1643 1466 φησινς
1666 1431 1723 1466 Οὐχ
1739 1431 1777 1462 ὼς
1792 1438 1856 1457 κατ.

1060 1479 1211 1514 εγνωκότες
1227 1478 1305 1514 ὑμῶν
1317 1477 1405 1505 ταῦτα
1418 1478 1548 1515 λέγομεν,
1563 1477 1623 1504 οὐδὲ
1648 1476 1688 1508 ὡς
1698 1476 1855 1512 νομίζοντες

1060 1525 1187 1553 ἀκανθῶν
1203 1525 1276 1560 ὑμᾶς
1298 1523 1424 1560 πλήρεις,
1452 1523 1522 1550 ἀλλά
1540 1522 1701 1554 δεδοικότες,
1725 1521 1762 1557 μὴ
1776 1520 1856 1548 τοῦτο

1060 1571 1182 1606 γένηται.
1205 1571 1345 1606 Ἐπήγαγε
1358 1570 1423 1606 γάρ,
1438 1569 1629 1605 Πεπείσμεθα
1638 1567 1705 1602 περι
1720 1567 1805 1602 ὑμῶν
1818 1567 1856 1594 τά

1060 1618 1236 1652 κρείσσονα,
1252 1617 1302 1643 καὶ
1327 1616 1459 1651 ἐχόμενα
1474 1615 1634 1650 σωτηρίας.

1098 1673 1107 1689 ι
1131 1663 1168 1690 Οὐ
1185 1662 1240 1698 γὰρ
1255 1662 1347 1694 ἄδικος
1366 1662 1381 1688 6
1404 1661 1481 1693 Θεδς,
1505 1658 1687 1687 ἐπιλαθέσθαι
1702 1657 1750 1685 τοῦ
1770 1657 1853 1692 ἔργου

1060 1708 1148 1743 ὑμῶν,
1163 1707 1212 1734 καὶ
1233 1706 1281 1733 τοῦ
1302 1706 1388 1733 κόπου
1411 1706 1461 1741 τῆς
1486 1703 1607 1740 ἀγάπης,
1625 1701 1659 1741 ἦς
1685 1702 1855 1736 ἐνεδείξασθε

1059 1753 1100 1784 εἰς
1113 1752 1144 1779 τὺ
1163 1751 1249 1786 ὖνομα
1266 1750 1361 1783 αὑτοῦ,
1383 1749 1597 1786 διακονήσαντες
1614 1749 1671 1781 τοῖς
1690 1747 1790 1783 ἀγίοις,
1808 1747 1856 1775 καὶ

1058 1797 1257 1829 διακονοῦντες.
1273 1806 1282 1822 ι

1093 1844 1191 1877 Βαόαἱ,
1207 1843 1267 1875 πῶς
1281 1842 1372 1870 αὐτῶν
1388 1841 1530 1878 ἀνέρρωσε
1547 1840 1598 1876 τὴν
1612 1838 1713 1876 ψυχὴν,
1728 1838 1783 1866 τῶν
1803 1847 1855 1867 πα-

1058 1890 1143 1918 λαιῶν
1162 1890 1324 1925 ἀναμνήσας
1340 1888 1524 1924 πραγμάτων,
1543 1887 1591 1913 καὶ
1608 1886 1648 1918 είς
1665 1886 1746 1912 ποίαν
1770 1886 1856 1920 ἀνάγ-

1059 1945 1111 1972 κην
1133 1936 1298 1972 κατέστησε,
1315 1934 1364 1962 τοῦ
1385 1933 1425 1971 μὴ
1449 1932 1604 1969 προσδοκᾷν
1625 1931 1854 1959 ἐπιλανθάνεσθαι

1057 1983 1104 2010 τὸν
1116 1982 1182 2009 Θεόν
1195 1982 1201 2009 l
1225 1981 1345 2016 Ἀνάγκη
1362 1980 1417 2016 γὰρ
1431 1980 1539 2006 ἐκεῖνον
1554 1979 1733 2014 ἁμαρτάνειν,
1748 1977 1794 2004 τὸν
1817 1976 1855 2013 μὴ

1059 2027 1339 2065 πεπληροφορημένον
1353 2027 1418 2063 περὶ
1435 2025 1485 2060 τῆς
1508 2025 1626 2056 ἐλπίδος.

1096 2083 1106 2100 ι
1134 2072 1339 2110 Ἐπιθυμοῦμεν
1357 2071 1386 2099 δὲ
1408 2071 1524 2098 ἕκαστον
1547 2070 1624 2105 ὑμῶν
1638 2069 1688 2105 τὴν
1705 2068 1791 2103 αὐτὴν
1810 2069 1854 2096 ὲν-

1057 2120 1214 2148 δείκνυσθαι
1225 2118 1343 2154 σπουδὴν
1355 2118 1423 2154 πρὸς
1432 2118 1482 2154 τὴν
1491 2115 1677 2154 πληροφορίαν
1689 2115 1739 2150 τῆς
1749 2114 1856 2146 ἐλπίδος

1057 2166 1122 2203 ἄχρι
1136 2165 1239 2198 τέλους.
1257 2174 1267 2191 ›

1095 2211 1182 2240 Τοῦτο
1197 2211 1355 2248 θαυμαστόν
1371 2210 1440 2243 ἐστι,
1457 2208 1505 2236 καὶ
1520 2208 1571 2244 τῆς
1583 2207 1691 2234 Παύλου
1707 2206 1852 2239 συνέσεως,

1060 2259 1101 2287 δτι
1119 2259 1170 2285 οὐκ
1188 2256 1368 2289 ἐνδείκνυται,
1384 2256 1426 2283 ὅτι
1451 2255 1597 2283 ἐνέδωκαν,
1616 2253 1653 2280 Τὸ
1678 2253 1731 2288 γὰρ
1756 2253 1853 2286 εἰπεῖν,

1059 2304 1272 2341 ἐπιθυμοῦμεν,
1287 2303 1325 2335 ὼς
1341 2302 1375 2329 ἂν
1391 2302 1464 2328 εῐποι
1482 2309 1524 2332 τις
1534 2309 1542 2316 ο
1553 2299 1628 2327 Θέλω
1644 2307 1674 2326 σε
1692 2297 1854 2330 σπουδάζειν

1060 2351 1114 2382 ἀεὶ,
1133 2350 1179 2377 καὶ
1193 2346 1250 2380 οἶος
1265 2347 1299 2384 ἧς
1317 2347 1461 2383 πρότερος,
1478 2345 1599 2377 τοιοῦτος
1614 2342 1684 2371 εἶναι
1701 2343 1749 2370 καὶ
1763 2343 1803 2374 είς
1824 2343 1854 2371 τὸ

1061 2395 1158 2431 μέλλον
1169 2402 1176 2410 ·
1188 2394 1269 2421 τοῦτο
1281 2392 1335 2428 γὰρ
1355 2392 1401 2419 τὸν
1414 2391 1525 2426 ἔλεγχον
1543 2388 1748 2424 εὐπαρὰδεκτον
1763 2388 1860 2428 είργάτ

1060 2441 1121 2474 ζετο
1133 2449 1140 2456 ·
1163 2440 1211 2468 καὶ
1232 2439 1283 2466 οὐκ
1305 2436 1393 2471 εἶπεν,
1410 2437 1496 2468 Θέλω,
1513 2437 1580 2472 ὅπερ
1609 2432 1643 2471 ἦν
1660 2434 1855 2469 διδασκαλικῆς

1061 2486 1216 2519 αὒθεντίας,
1228 2484 1296 2513 ἀλλὰ
1309 2484 1447 2520 πατρικῆς
1460 2480 1654 2519 φιλοστοργίας
1669 2479 1700 2510 τὸ
1714 2479 1795 2509 πλέον
1808 2478 1855 2508 του

1062 2532 1163 2566 θέλειν,
1176 2529 1389 2567 ἐπιθυμοῦμεν.

1101 2631 1111 2649 ι
1140 2621 1199 2649 Ἵνα
1215 2619 1255 2657 μὴ
1273 2618 1372 2655 νωθροὶ
1389 2617 1518 2654 γένησθε.
1541 2627 1550 2643 ι

1099 2667 1244 2702 Καθάπερ,
1263 2665 1356 2702 φησιν,
1367 2667 1386 2701 ἡ
1400 2664 1484 2701 ἀργία
1501 2664 1531 2691 τὸ
1549 2662 1628 2700 σῶμα
1643 2662 1769 2699 βλάπτει,
1783 2659 1855 2688 οὕτω

1063 2715 1110 2743 καὶ
1126 2713 1216 2749 ψυχὴν
1233 2712 1249 2748 ή
1267 2711 1353 2747 ἀργία
1369 2710 1424 2739 τῶν
1447 2709 1558 2746 ἀγαθῶν
1576 2708 1750 2746 ὑπτιιινιέραν
1769 2705 1853 2744 ὲργά-

1063 2761 1139 2794 ζεται
1155 2759 1203 2788 καὶ
1217 2757 1328 2793 ἀσθενῆ.
