2078 3113
250 134 302 167 957

832 139 873 170 IN
893 138 1014 170 EPIST.
1031 137 1083 168 AD
1094 138 1292 172 HEBRJEOS.

1832 146 1887 180 958

286 198 298 215 ι
319 189 447 226 Μιμηταὶ
461 190 491 218 δὲ
504 190 559 218 τῶν
572 191 618 218 διὰ
631 192 761 227 πίστεως,
779 193 827 221 καὶ
847 194 1030 230 μακροθυμίας

1132 205 1141 221 ε
1160 195 1262 224 Verum
1284 196 1440 226 imitatores
1463 205 1561 227 eorum
1579 199 1626 235 qui
1644 199 1696 228 [ide
1711 204 1739 228 et
1753 201 1885 237 patientia

249 236 492 272 κληρονομούντων
507 238 558 269 τὰς
575 239 752 274 ὲπαγγελίας.
781 250 790 266 ι

284 283 343 310 Ἵνα
361 282 400 319 μὴ
414 283 572 319 νομίσωσιν,
587 284 625 317 ὡς
645 285 752 318 οὐδενὸς
769 286 839 320 ἄξιοι
854 286 936 322 λόγου
954 296 1040 315 κατα-

248 329 429 365 φρονηθέντες
451 330 712 367 ἐγκατελείφθησαν,
731 333 790 360 ἀλλ’
812 333 913 361 εἰδέναι
930 333 1038 369 ἔχωσιν,

248 372 289 400 ὅτι
303 373 358 400 τῶν
374 374 492 409 μάλιστα
503 376 637 410 γενναίων
652 377 757 414 ἀνδρῶν
769 378 849 406 τοῦτό
865 379 950 407 ἐστιν.

286 429 297 445 ι
321 419 367 456 Τῷ
380 419 435 455 γὰρ
456 420 582 458 ’Δϐραὰμ
598 423 833 460 ἐπαγγειλάμενος
855 425 870 452 ὁ
884 425 961 459 Θεὸς,
977 425 1041 462 ἐπεὶ

247 464 308 492 κατ’
331 465 439 498 οὐδενὸς
463 464 521 503 εἷχε
556 468 682 504 μείζονος
709 469 829 506 ὀμόσαι,
860 470 957 507 ὤμοσε,
977 471 1040 500 καθ’

248 511 358 544 ἑαυτοῦ,
374 511 473 546 λέγων.
501 522 511 540 ›

283 556 485 593 Καθαψάμενος
504 559 605 593 αὐτῶν,
624 561 758 596 γενναίως
773 562 855 591 πάλιν
869 564 910 596 είς
926 564 1039 598 ἐλπίδας

247 602 335 637 φέρει,
359 603 400 630 ὅτι
421 606 531 632 πάντων
556 607 744 640 ἐπιτεύξονται
767 608 823 637 τῶν
840 609 1037 647 ἐλπιζομένων.

246 648 413 684 Προστιθησι
428 650 457 677 δὲ
467 651 530 683 τοὺς
542 652 666 686 μισθοὺς,
683 654 728 681 ἴνα
740 654 778 689 μὴ
792 655 958 692 ἀποκάμωσι
970 656 1039 692 πρὸς

245 693 309 725 τοὺς
319 695 469 730 καμάτους,
484 696 532 723 καὶ
548 699 691 726 πιστοῦται
706 699 786 727 τοῦτο
799 701 832 728 ὲκ
848 702 1038 738 παραδειγμά-

245 747 310 767 ¹των.
330 740 422 776 Ἔχων
438 742 468 768 δὲ
490 743 605 775 πολλοὺς
625 745 722 778 εἰπεῖν,
754 745 880 783 Ἀϐραὰμ
898 748 939 780 εἰς
956 748 1038 784 μέσον

245 785 318 821 ἄγει,
334 786 378 814 διὰ
394 787 425 814 τὸ
439 787 548 825 ἀξίωμα
564 789 612 817 τοῦ
629 791 788 827 προσώπου.

283 841 294 858 ι
322 833 354 859 Et
379 833 433 869 μὴν
454 834 574 870 εὐλογῶν
594 836 735 873 εὐλογήσω
764 847 806 871 σε,
823 839 870 869 καὶ
893 839 1037 876 πληθύνων

245 877 374 913 πληθυνῶ
389 887 429 906 σε.
454 889 464 906 ›
738 898 745 901 -

278 923 438 959 Δεληθότως
454 926 658 963 ἀναμιμνήσκει
682 929 781 962 αὐτοὺς
795 929 850 958 τῶν
875 931 965 967 ὅρκων
987 931 1035 958 τοῦ

243 969 373 1005 Χριστοῦ,
390 967 428 998 ὧν
453 973 574 1008 συνεχῶς
597 973 702 1009 ἔλεγεν.
727 975 832 1010 Ἀμὴν,
858 977 939 1011 ἀμὴν
958 977 1036 1013 λέγω

242 1024 302 1050 σοι,
319 1019 336 1044 ὁ
357 1019 508 1046 πιστεύων
521 1021 569 1053 εἰς
585 1020 648 1055 ἐμὲ,
670 1023 707 1049 οὐ
718 1022 762 1058 μὴ
777 1023 913 1059 ἀποθάνῃ
925 1025 968 1057 είς
982 1024 1036 1051 τὸν

243 1064 346 1091 αἰῶνα.

281 1120 291 1136 ι
317 1111 373 1138 Καὶ
387 1112 458 1140 οὕτω
473 1114 702 1151 μακροθυμήσας,
719 1116 834 1152 ἐπέτυχε
851 1117 900 1152 τῆς
915 1117 1033 1152 ἐπαγγε-

241 1155 312 1188 λίας.
332 1157 489 1194 Ἄνθρωποι
505 1159 555 1194 μὲν
571 1160 626 1196 γὰρ
643 1160 714 1187 κατὰ
736 1161 783 1188 τοῦ
808 1161 932 1198 μείζονος
950 1163 1034 1199 ὀμνύ-

240 1212 311 1238 ουσι,
333 1206 381 1232 καὶ
400 1206 491 1243 πάσης
515 1208 608 1241 αὐτοῖς
631 1208 787 1243 ἀντιλογίας
812 1210 899 1246 πέρας
923 1212 963 1243 είς
989 1212 1034 1247 βε-

241 1250 366 1284 ϐαίωσιν,
383 1252 398 1278 ὁ
415 1253 508 1287 ὅρκος.
529 1253 574 1280 Ἑν
587 1250 609 1288 ᾧ
624 1255 819 1291 περισσότερον
843 1257 1004 1292 βουλόμενος
1018 1258 1033 1284 ὸ

239 1296 306 1329 Θεὸς
321 1298 453 1330 ἐπιδεῖξαι
470 1300 526 1331 τοῖς
542 1299 722 1336 κληρονόμοις
744 1302 794 1337 τῆς
811 1303 987 1337 ἐπαγγελίας.
1003 1303 1033 1330 τὸ

238 1342 409 1378 ἀμετάθετον
431 1344 481 1380 τῆς
506 1344 607 1381 βουλῆς
631 1346 724 1379 αὐτοῦ,
745 1348 921 1383 ἐμεσίτευσεν
945 1350 1030 1384 ὅρκῳ,

239 1388 281 1415 ῐνα
297 1388 341 1416 διὰ
351 1389 399 1416 δύο
415 1391 590 1426 πραγμάτων
605 1393 794 1428 ἀμεταθέτων,
805 1394 834 1421 ὲν
847 1391 888 1426 οἷς
901 1395 1031 1423 ἀδύνατον

236 1435 388 1470 ψεύσασθαι
406 1436 483 1469 Θεὸν,
497 1438 610 1474 ἰσχυρὰν
628 1439 803 1476 παράκλησιν
819 1440 927 1476 ἔχωμεν
941 1441 966 1468 οἱ
981 1450 1031 1468 κα-

235 1482 414 1516 ταφυγόντες.
434 1492 444 1509 ι

1091 241 1294 271 btereditabunt
1309 243 1522 279 promissiones.
1535 254 1544 271 ι

1126 287 1166 316 Ne
1180 289 1287 316 scilicet
1301 289 1458 317 existiment
1472 298 1503 318 se
1517 291 1596 318 nihili
1624 291 1695 324 fieri,
1712 296 1739 320 et
1754 296 1883 327 tanquam

1091 333 1313 368 contemptibiles
1332 333 1467 369 relinqui;
1485 334 1534 363 sed
1547 336 1638 363 sciant
1652 336 1705 364 hoc
1719 336 1806 372 magis
1823 344 1886 365 esse

1091 378 1206 406 fortium
1220 379 1356 408 virorum.
1916 409 1919 412 γ

1127 424 1213 453 Vsus.
1244 425 1290 458 15,
1317 425 1361 453 14.
1394 435 1404 451 ι
1422 425 1541 454 Abrahae
1571 434 1690 462 namque
1716 427 1883 462 promittens
1916 416 1923 436 θ

1090 471 1175 506 Deus,
1191 472 1322 508 quoniam
1338 473 1475 501 neminem
1491 473 1586 500 habuit
1600 481 1649 509 per
1661 481 1742 510 quem
1763 474 1884 509 iuraret.

1088 517 1192 553 juravit
1203 525 1253 553 per
1263 518 1455 554 semetipsum,
1469 518 1574 547 dicens.
1594 528 1603 545 ι

1125 563 1274 600 Postquam
1289 572 1355 600 ergo
1369 572 1417 593 eos
1425 565 1539 598 laxavit,
1551 573 1627 601 spem
1647 572 1748 593 rursus
1758 565 1880 600 ipsorum

1088 611 1268 639 vehementer
1294 611 1405 646 excitat,
1432 611 1505 646 quod
1523 619 1622 647 nempe
1644 616 1818 646 speratarum
1836 619 1879 639 re-

1090 665 1152 684 rum
1169 657 1225 684 sint
1236 661 1376 692 compotes
1395 656 1493 684 futuri.
1505 656 1659 684 Mercedem
1681 661 1771 684 autem
1793 656 1879 689 addit,

1090 710 1125 730 ne
1145 706 1257 738 propter
1286 702 1397 730 labores
1416 702 1583 730 concidant:
1600 702 1626 729 id
1654 702 1728 738 quod
1745 701 1881 736 exemplis

1067 745 1197 775 'astruit.
1226 747 1349 782 Cumque
1377 748 1480 775 multos
1504 748 1591 775 citare
1621 751 1724 782 posset,
1741 746 1880 774 Abraham

1089 791 1193 828 profert
1208 792 1236 819 in
1252 792 1383 826 medium,
1403 793 1438 820 ob
1459 800 1584 828 persona:
1598 792 1771 827 dignitatem.

1125 837 1183 865 Nisi
1207 838 1374 866 benedicens
1407 838 1569 866 benedicam
1599 841 1625 865 te
1639 842 1667 865 et
1688 837 1879 872 multiplicans

1051 870 1074 899 Β
1087 884 1277 920 multiplicabo
1288 889 1323 912 te.
1340 893 1351 910 ›

1123 931 1217 958 Tacite
1230 939 1278 959 eos
1289 935 1400 958 revocat
1419 930 1452 958 ad
1470 931 1633 958 memoriam
1658 929 1878 965 iuramentorum

1086 976 1200 1009 Christi,
1214 976 1260 1012 qui
1279 976 1435 1011 frequenter
1453 976 1572 1009 dicebat,
1603 979 1698 1008 Amen,
1728 984 1804 1003 auten
1818 976 1877 1002 dico

1087 1022 1144 1056 tibi,
1158 1022 1203 1057 qui
1217 1023 1298 1050 credit
1306 1022 1334 1049 in
1349 1029 1398 1055 me,
1415 1030 1466 1049 non
1482 1023 1612 1049 morietur
1624 1022 1650 1048 in
1669 1026 1805 1048 wlernum.

1120 1111 1203 1139 Vsus.
1223 1111 1317 1139 {5-20.
1331 1120 1340 1137 ι
1358 1112 1391 1139 Et
1406 1111 1446 1140 sic
1467 1109 1661 1146 longanimiter
1688 1110 1790 1141 ferens,
1810 1107 1876 1136 ade-

1084 1159 1148 1192 ptus
1164 1160 1207 1184 est
1226 1156 1485 1192 repromissionem.
1514 1155 1645 1183 Homines
1660 1155 1734 1182 enim
1754 1162 1802 1190 per
1816 1161 1876 1181 ma-

1082 1205 1171 1239 jorem
1197 1203 1240 1231 sui
1264 1203 1369 1238 jurant,
1386 1206 1414 1230 et
1434 1202 1524 1230 omnis
1551 1201 1748 1229 controversia
1778 1207 1875 1229 eorum

1085 1248 1148 1276 linis
1171 1248 1206 1276 ad
1232 1248 1472 1275 confirmationem
1492 1250 1535 1275 est
1549 1247 1749 1281 juramentum.
1767 1245 1796 1272 In
1821 1252 1876 1280 quo

1083 1293 1274 1322 abundantius
1290 1294 1387 1322 volens
1414 1293 1488 1320 Deus
1503 1291 1649 1320 ostendere
1666 1291 1875 1327 pollicitationis

1083 1339 1240 1367 haeredibus
1262 1339 1484 1369 immobilitatem
1499 1338 1608 1365 consilii
1639 1338 1692 1369 sui,
1709 1337 1876 1372 interposuit

1080 1384 1287 1420 jusjurandum.
1304 1383 1341 1411 Ut
1356 1391 1405 1419 per
1425 1384 1495 1411 duas
1512 1390 1558 1411 res
1577 1382 1746 1415 immobiles,
1772 1381 1875 1417 quibus

1082 1429 1253 1465 impossibile
1285 1433 1328 1457 est
1344 1429 1457 1457 mentiri
1474 1429 1570 1462 Deum,
1599 1427 1786 1456 fortissim-um
1799 1427 1874 1456 sola-

1082 1476 1148 1504 tium
1161 1476 1325 1508 habeamus,
1342 1476 1388 1511 qui
1405 1475 1594 1512 confugimus.
1614 1485 1624 1502 ι

278 1527 411 1554 Ἐνταῦθα
426 1528 505 1563 φοϐεῖ
519 1529 630 1562 αὐτοὺς,
648 1530 756 1563 δεικνὺς
766 1531 807 1558 ὅτι
824 1531 955 1566 πολλάκις
969 1532 1028 1560 δια-

1116 1520 1167 1549 Hic
1179 1521 1240 1550 illos
1252 1521 1369 1554 territat,
1382 1520 1569 1549 intermissam
1587 1520 1688 1556 saepius
1698 1523 1811 1556 propter
1825 1528 1876 1556 pu-

235 1572 367 1600 κὸπτεται
380 1574 532 1608 ἐπαγγελία
546 1575 579 1602 δι’
596 1576 784 1612 ὀλιγοψυχίαν.

269 1619 411 1653 Τουτέστι,
426 1620 457 1647 τὸ
473 1621 517 1648 διὰ
531 1622 694 1658 πειρασμῶν
706 1623 810 1650 ὁδεύειν
825 1624 870 1650 τὸν
889 1623 956 1659 βίον.
982 1625 1028 1652 Δεῖ

233 1664 272 1697 δὲ,
290 1666 368 1701 φησὶ,
385 1665 455 1701 μετὰ
471 1667 662 1703 μακροθυμίας
683 1668 792 1696 ἅπαντα
809 1669 903 1706 φέρειν
916 1671 963 1697 καὶ
981 1670 1026 1697 πί-

234 1718 328 1743 στεως.
351 1712 414 1739 Ἐὰν
427 1712 481 1748 γὰρ
496 1713 571 1751 εἴπῃ,
585 1714 627 1742 ὅτι
638 1714 741 1749 δίδωσι,
756 1715 804 1742 καὶ
817 1715 904 1751 λάϐῃς
914 1716 1024 1750 εὐθέως,

232 1756 260 1784 τί
275 1758 322 1785 καὶ
338 1758 502 1791 ἐπίστευσας
513 1768 520 1794 ;

272 1812 281 1829 ι
304 1804 451 1840 Κρατῆσαι
465 1806 515 1841 τῆς
526 1806 712 1843 προκειμένης
730 1807 846 1841 ἐλπίδος,
868 1808 902 1845 ἢν
920 1809 958 1842 ὡς
974 1808 1026 1844 ἄγ-

232 1858 321 1886 κυραν
335 1850 433 1886 ἔχομεν
446 1851 498 1887 τῆς
519 1852 610 1889 ψυχῆς
623 1854 730 1889 ἀσφαλῆ
752 1863 782 1881 τε
804 1855 850 1882 καὶ
866 1855 989 1890 βεϐαίαν.
1011 1866 1022 1884 ι

273 1896 340 1923 Ἀπὸ
354 1896 467 1930 τούτων,
484 1898 565 1933 φησὶ,
578 1899 613 1926 τὰ
632 1899 763 1934 μέλλοντα
779 1901 976 1937 στοχαζόμεθα.
992 1903 1023 1931 El

229 1941 285 1978 γὰρ
302 1943 388 1970 ταῦτα
402 1944 472 1979 μετὰ
483 1944 612 1972 τοσοῦτον
625 1945 705 1981 ἐξέϐη
727 1946 834 1983 χρόνον,
849 1948 958 1980 πάντως
973 1950 1022 1976 κά-

230 1989 317 2015 κεῖνα.
335 1989 415 2015 Ὦσϊε
437 1989 472 2016 τὰ
492 1990 561 2026 πρὸς
583 1990 710 2027 Ἀϐραὰμ
725 1993 854 2028 γινόμενα
877 1994 1022 2027 πιστοῦται

229 2033 305 2069 ἡμᾶς
317 2035 363 2061 καὶ
377 2043 410 2061 πε
415 2035 441 2071 pl.
455 2035 509 2063 τῶν
527 2036 690 2072 μελλόντων.

266 2134 276 2151 σ
299 2126 356 2153 Καὶ
368 2126 575 2163 εἰσερχομένην.
582 2137 593 2154 ι

270 2170 315 2198 Ἐν
327 2171 367 2207 τῷ
382 2172 478 2208 κόσμῳ
495 2172 534 2200 ἔτι
553 2173 643 2206 ὄντας,
659 2173 795 2202 δείκνυσιν
816 2176 845 2203 ἐν
860 2176 916 2208 τοῖς
932 2177 1019 2213 ἕπητ-

1083 1566 1175 1595 sillum
1193 1567 1314 1594 animum
1328 1566 1540 1602 promissionem
1559 1567 1720 1595 ostendens.

1116 1611 1173 1639 Hoc
1185 1617 1236 1643 est.
1258 1611 1456 1639 tentationibus
1479 1610 1563 1639 vitam
1591 1613 1752 1647 transigere.
1789 1612 1874 1649 240

1081 1657 1194 1693 Oportet
1211 1665 1286 1691 vero,
1307 1658 1408 1693 inquit,
1425 1662 1524 1685 cuncta
1544 1659 1680 1694 patienter
1704 1662 1806 1687 etcum
1821 1659 1873 1686 fide

1080 1704 1210 1733 tolerare.
1233 1704 1262 1731 Si
1293 1706 1365 1732 enim
1387 1711 1416 1732 se
1431 1704 1525 1739 largiri
1543 1704 1653 1739 dixerit,
1680 1705 1753 1741 quod
1777 1705 1871 1733 statim

1079 1749 1213 1784 accipias,
1226 1748 1291 1784 quid
1307 1748 1363 1784 jam
1379 1749 1549 1777 credideris?

1117 1805 1127 1822 ‹
1144 1795 1185 1823 Ad
1206 1796 1352 1824 tenendam
1382 1796 1552 1831 propositam
1579 1804 1667 1833 spem,
1696 1806 1781 1834 quam
1798 1799 1871 1831 sicut

1077 1841 1227 1870 anehoram
1262 1842 1394 1870 habemus
1422 1843 1531 1876 animae,
1559 1846 1647 1870 tutam
1665 1851 1698 1871 ac
1723 1844 1841 1872 firmam.
1858 1855 1868 1872 I

1113 1888 1152 1916 Ex
1166 1889 1221 1922 his,
1242 1888 1342 1924 inquit,
1371 1896 1403 1917 ea
1420 1896 1483 1924 quae
1500 1893 1564 1917 sunt
1581 1895 1698 1917 ventura
1726 1891 1870 1926 conjecta-

1077 1943 1148 1963 mus.
1176 1934 1205 1963 Si
1223 1935 1295 1963 enim
1310 1935 1362 1962 ista
1378 1938 1439 1969 post
1462 1939 1566 1963 tantum
1592 1937 1724 1972 temporis
1750 1937 1869 1973 spatium

1076 1981 1186 2009 tandem
1200 1988 1326 2013 evenere,
1343 1981 1423 2015 plane
1437 1981 1483 2008 illa
1491 1982 1587 2010 etiam.
1605 1982 1791 2014 Quamobrem
1807 1991 1871 2018 quin

1074 2027 1230 2054 Abrahamo
1242 2026 1314 2062 facta
1332 2029 1406 2060 sunt,
1421 2027 1501 2055 [Idem
1526 2034 1637 2064 quoque
1665 2028 1745 2056 nobis
1762 2027 1868 2056 faciunt

1075 2073 1109 2101 de
1128 2072 1240 2101 futuris.

1112 2128 1123 2146 ι
1143 2118 1176 2146 Et
1187 2117 1371 2147 incedentem.
1378 2128 1388 2145 ι

1110 2164 1238 2193 Ostendit
1252 2172 1301 2193 eos
1315 2165 1362 2200 qui
1377 2165 1405 2192 in
1421 2165 1524 2193 tnundo
1542 2169 1687 2194 versantur
1699 2167 1802 2202 adhuc,
1819 2176 1869 2204 spe

227 2216 370 2252 γιλμένοις
394 2217 440 2246 διὰ
459 2218 509 2253 τῆς
530 2219 655 2251 ὲλπίδος⁴
677 2220 725 2247 καὶ
744 2221 794 2248 οὐκ
826 2219 913 2254 εἶπεν,
938 2211 1021 2258 ἡμεῖς

1082 2219 1185 2248 [noque
1206 2212 1235 2240 in
1256 2211 1340 2240 rebus
1366 2213 1512 2248 promissis
1528 2214 1645 2242 versari.
1673 2213 1767 2249 Neque
1785 2215 1865 2247 dixit,

226 2262 310 2297 ὲσμεν
330 2263 415 2296 ἔνδον,
430 2263 498 2290 ἀλλὰ
515 2264 584 2299 αὐτὴ
607 2265 733 2301 εἰσῆλθεν
758 2265 844 2300 ἔνδον,
859 2269 929 2304 ὅπερ
950 2269 1018 2306 ἁλη-

228 2308 356 2344 θέστερον
371 2306 404 2344 ἦν
419 2308 468 2335 καὶ
483 2309 679 2346 πιθανώτερον.

264 2362 275 2379 σ
297 2354 344 2385 Εἰς
358 2353 388 2380 τὸ
402 2353 535 2390 ἑσώτερον
547 2353 595 2381 τοῦ
609 2355 870 2393 καταπετάσματος,
898 2368 908 2384 ι

267 2399 343 2426 ’Δντὶ
356 2399 416 2433 τοῦ,
429 2400 469 2432 εἰς
483 2400 528 2428 τὸν
543 2401 667 2437 οὐρανόν.

266 2453 288 2492 «Δ
297 2445 385 2492 "(imo
398 2446 552 2492 πρόδρομος
563 2447 634 2483 ὑπὲρ
643 2448 723 2484 ἡμῶν
733 2449 858 2492 εἰσῆλθεν
868 2451 883 2478 ὁ
899 2451 1014 2487 Ὶησοῦς.

226 2490 297 2518 κατὰ
309 2490 358 2526 τὴν
373 2491 451 2525 τάξιν
467 2492 647 2528 Μελχισεδέκ.
672 2503 683 2521 ι

259 2537 397 2574 Εὔκαιρος
424 2539 441 2574 ἠ
466 2539 513 2568 τοῦ
541 2541 711 2576 προδρόμου
736 2542 879 2579 ὀνομασία,
904 2545 943 2578 ὡς
969 2546 1016 2573 καὶ

224 2583 305 2625 ἡμῶν
320 2584 483 2619 ὀφειλόντων
501 2585 605 2615 λαϐεῖν.
631 2588 670 2614 Οὺ
688 2587 758 2616 πολὺ
771 2589 826 2625 γὰρ
839 2590 887 2618 τοῦ
901 2591 1016 2627 προδρό-

225 2637 276 2665 μου
292 2629 340 2657 καὶ
354 2629 408 2658 τῶν
424 2631 566 2667 ἑπομένων
579 2631 610 2660 τὸ
625 2633 721 2668 μέσον,

261 2684 273 2702 ι
307 2675 465 2712 ’Λρχιερεῦς
480 2677 627 2712 γενόμενος
641 2679 682 2711 είς
696 2679 742 2707 τὸν
757 2681 853 2709 αὲῶνα.
877 2691 889 2709 ι

265 2719 332 2765 Ἰδοὺ
348 2720 395 2747 καὶ
412 2720 495 2756 ἑτέρα
520 2722 705 2759 παράκλησις,
729 2725 756 2752 et
769 2734 800 2760 γε
816 2726 872 2754 ἂνω
895 2728 909 2754 ό
925 2728 1015 2765 ἱερεὺς

223 2763 313 2800 ἡμῶν,
331 2765 378 2792 καὶ
394 2765 461 2793 πολὺ
484 2765 596 2801 βελτίων
610 2768 656 2797 τοῦ
673 2771 747 2806 παρὰ
775 2772 922 2806 Ἰουδαίοις.

257 2851 265 2866 ¹
275 2851 355 2883 loeti.
372 2862 407 2889 II,
423 2854 469 2884 9.5.

1072 2258 1148 2286 intus
1158 2257 1331 2291 exsistimus,
1343 2258 1392 2286 sed
1407 2259 1480 2294 quod
1496 2259 1554 2294 ipsa
1571 2267 1637 2294 spes
1651 2259 1727 2289 intus
1737 2261 1866 2297 ingressa

1071 2303 1109 2333 sit
1124 2312 1132 2331 :
1146 2303 1174 2331 id
1189 2303 1262 2338 quod
1279 2303 1373 2332 verius
1390 2304 1608 2341 credibiliusque
1618 2308 1689 2334 erat.

1108 2358 1118 2376 ι
1137 2349 1167 2377 In
1184 2349 1315 2377 interiora
1325 2350 1479 2379 velamiuis.
1497 2360 1507 2377 ι

1105 2393 1134 2422 Id
1149 2398 1192 2423 est
1206 2394 1236 2422 in
1253 2395 1365 2424 ccelum.

1110 2447 1120 2466 t
1139 2439 1190 2467 Ubi
1198 2447 1353 2475 prtecursor
1365 2448 1415 2476 pro
1428 2441 1510 2470 nobis
1521 2442 1645 2471 introivit
1658 2443 1752 2479 Jesus,
1761 2452 1864 2473 secun-

1068 2485 1134 2514 dum
1148 2486 1275 2514 ordinem
1291 2486 1521 2517 Melchisedech.»

1102 2532 1235 2567 Apposito
1259 2534 1432 2567 praecursoris
1466 2535 1580 2563 nomine
1608 2536 1708 2570 utitur,
1730 2541 1874 2574 tanquam;

1067 2585 1119 2606 nos
1134 2577 1253 2606 subinde
1281 2580 1421 2614 accepturi
1433 2580 1532 2609 simus.
1547 2581 1608 2610 Non
1621 2582 1696 2610 enim
1710 2582 1790 2612 valde
1816 2583 1859 2611 di~

1067 2627 1316 2659 stantprmcursor,
1329 2628 1357 2653 et
1372 2625 1420 2661 qui
1431 2626 1524 2662 ipsum
1534 2632 1702 2663 sequuntur.

1108 2679 1118 2696 ι
1131 2669 1261 2699 Pontifex
1273 2669 1365 2699 factus
1379 2671 1407 2699 in
1422 2676 1568 2701 aeternum.
1584 2683 1594 2700 ι
1679 2668 1682 2672 ’

1104 2715 1147 2744 En
1167 2719 1197 2745 et
1211 2716 1430 2745 consolationem
1458 2718 1586 2747 alteram.
1603 2718 1673 2749 Nam
1687 2719 1712 2748 si
1734 2719 1872 2755 pontifeie;

1069 2767 1163 2791 noster
1177 2762 1206 2790 in
1224 2762 1352 2798 supernis
1364 2768 1416 2799 est,
1426 2763 1507 2801 longe
1523 2765 1699 2801 praesuntior
1715 2771 1761 2796 est
1787 2774 1873 2803 pou,—

1070 2808 1142 2837 tilice
1160 2807 1330 2838 Judxorum.
