2078 3113
205 143 257 175 959

244 253 365 280 Vsns.t.
393 253 465 280 «llic
476 254 547 280 enim
575 253 785 286 Melchisedech,
818 261 863 281 rex
882 252 990 282 Salerni,

206 299 335 327 sacerdos
348 299 395 326 Dci
410 300 521 331 summi,
541 300 587 334 qui
603 299 723 326 obviavit
735 298 862 326 Abrahw.
879 307 888 324 ι

243 345 382 380 Frequens
395 349 437 373 est
447 345 474 372 in
490 345 678 380 comparando
689 344 776 373 Vetus
789 345 997 372 Testamentum

210 400 274 419 CIIII)
303 390 393 418 Noro.
410 390 519 418 Videsis
536 399 600 426 ergo
625 392 725 418 iterum
742 398 797 426 quo
813 394 893 426 pacto
904 394 998 417 osten-

206 438 252 465 dat
282 437 550 465 sacerdotii'Christi
579 441 684 474 typum,
712 438 770 466 sive
786 436 998 470 Melchisedech,

206 485 425 519 prmstantiorem
456 484 596 511 exstitisse
613 483 805 511 sacerdotibus
821 483 899 518 legis.
922 483 999 516 Quo-

207 531 290 558 modo
306 534 400 558 autem
414 530 467 557 hoc
486 530 579 558 multis
598 530 718 563 evincat,
733 530 850 565 inspice.
870 529 997 556 Primum

212 577 322 611 quidem
338 585 352 603 ιι
372 577 493 604 nomine.
508 576 575 603 Nam
600 575 798 604 Melchisedech
826 576 943 610 justitia:
957 583 1001 602 re-

216 632 273 658 gem
297 623 520 658 iuterpretantur.
557 622 659 650 Deinde
681 622 763 650 etiam
787 629 801 648 a
829 621 1012 653 conditione,-

207 669 272 704 quia
288 669 344 696 sine
354 673 429 703 patre
442 674 466 696 et
483 669 540 696 sine
559 674 652 696 matre.
665 667 740 696 Talis
751 668 853 703 quippc
865 667 916 694 fuit
934 666 1001 694 Mel-

209 714 367 746 chisedech,
400 715 481 749 cujus
497 713 638 749 genitores
652 721 706 740 non
724 717 938 746 recenseantur;
953 719 1002 739 ne-

209 768 264 796 que
281 765 448 796 compertum
467 760 546 788 nobis
559 765 600 788 cst
613 768 644 787 ex
664 768 718 795 quo
734 763 819 794 patre,
833 764 860 786 et
876 767 909 786 ex
926 758 1001 793 quali

209 812 296 833 matre
312 807 348 834 sit
364 810 455 839 natus,
480 814 568 841 neque
589 806 724 833 undeuam
754 811 845 832 ortum
863 805 1000 836 habuerit,

210 859 261 878 nec
274 859 355 886 quem
370 851 431 878 vita:
448 851 540 878 tiueni.
558 850 701 886 Scriptura
719 851 791 878 cnim
809 851 876 877 nihil
892 851 925 877 de
941 849 1000 884 ejus

210 898 388 932 generatione
412 901 515 928 narrat.
538 902 566 924 ut
583 897 609 924 in
634 897 695 924 aliis
716 897 796 924 solet.
813 896 842 922 Si
860 904 924 931 ergo
937 896 1000 924 talis

210 948 358 977 tantusque
373 947 453 978 typus
464 943 581 976 exsistit,
595 946 697 978 quanto
712 941 799 976 magis
812 942 870 976 ipsa
888 942 999 974 veritas,

211 988 237 1014 id
258 992 299 1015 est
314 987 462 1015 Christus?
481 988 558 1019 Quod
576 991 665 1014 autem
691 986 891 1014 Melchisedech
920 990 1001 1020 typus

209 1038 236 1060 ct
252 1033 337 1065 ﬁgura
359 1033 449 1064 fuerit,
477 1033 671 1067 jusjurandum
690 1032 761 1067 quod
782 1032 805 1058 ei
823 1032 926 1058 factum
947 1037 999 1062 est,

211 1079 374 1105 obtestatur.
397 1079 432 1104 Tu
448 1086 474 1104 es
507 1078 630 1104 sacerdos
649 1078 675 1104 in
695 1084 823 1104 wteruum
855 1076 1000 1103 secundum

211 1125 328 1151 ordinem
345 1116 560 1152 Melchisedech'.
571 1125 610 1151 Ad
625 1125 680 1151 haec
697 1125 777 1150 etiam
792 1124 816 1150 id
842 1131 873 1150 ex
890 1125 1002 1149 nomine

211 1171 364 1205 rolligitur.
380 1171 482 1205 Ecquis
492 1171 563 1198 enim
577 1179 623 1198 rex
636 1171 751 1203 iustitiae
768 1169 838 1196 alter
854 1168 918 1197 fuit.
932 1176 1001 1202 pne-

210 1221 335 1250 terquam
355 1217 487 1243 Dominus
506 1217 619 1244 noster?
635 1216 702 1243 Nam
730 1216 788 1250 ipse
803 1219 845 1242 est
863 1213 916 1240 Rea:
928 1214 1001 1248 paris

210 1263 254 1297 qui
274 1263 437 1296 puciﬁcavit,
453 1267 507 1288 tum
521 1271 580 1296 qua:
597 1263 622 1288 in
638 1262 721 1294 caelis,
735 1266 790 1287 tum
807 1269 864 1295 quw
880 1261 906 1286 in
924 1260 1001 1286 terris

212 1313 271 1334 sunt
282 1308 370 1342 ’.lpse
385 1313 426 1335 est
438 1309 577 1342 sinepatre
590 1312 613 1334 et
627 1308 682 1334 sine
698 1312 796 1333 matre:
808 1314 917 1334 sursum
929 1306 1001 1333 enim

212 1361 403 1385 uon,matrem
421 1355 525 1386 habuit,
549 1361 599 1381 uec
615 1354 743 1382 dcorsum
769 1359 873 1388 patrem
888 1359 895 1378 τ
915 1353 1003 1387 ipsius

213 1408 321 1434 quoque
350 1401 489 1435 generatio
510 1407 564 1426 non
594 1403 765 1426 enarratur:
799 1397 1002 1424 Generalioncm

213 1445 286 1472 enim
314 1445 370 1479 ejus
385 1446 443 1478 quis
474 1444 616 1478 cognovit?
632 1443 720 1478 inquit
738 1441 880 1476 Scriptura
893 1441 914 1467 ⁸.
932 1439 1002 1467 Fieri

214 1490 349 1524 siquidem
377 1498 430 1516 non
447 1494 537 1524 potest
555 1492 583 1515 ut
608 1489 672 1522 quis
688 1495 836 1522 supernam
851 1486 1004 1521 generatio-

803 140 833 170 S.
853 137 1012 169 JOANNIS
1030 136 1244 190 DAMASCENI

533 197 610 225 CAP.
625 196 681 225 νυ.
1012 195 1035 224 Α

1789 136 1842 169 960

1348 194 1475 222 ΚΕΦᾹΛ.
1497 193 1534 221 Z'.

1087 261 1095 277 l
1119 248 1203 283 Οὗτος
1213 251 1267 287 γὰρ
1278 252 1291 278 ὁ
1301 251 1470 288 Μελχισεδὲκ
1483 252 1608 288 βασιλεὺς
1623 252 1730 288 Σαλὴμ,
1752 253 1842 289 ἱερεὺς

1047 298 1095 326 τοῦ
1112 299 1179 325 Θεοῦ
1195 298 1242 325 τοῦ
1261 298 1402 331 Ὑψίστου,
1418 301 1432 326 ὁ
1447 300 1617 335 συναντήσας
1642 299 1779 336 Ἀδραάμη
1803 309 1813 326 ι

1084 344 1224 380 Πολλαχοῦ
1260 345 1310 380 τὴν
1337 345 1482 382 σύγκρισιν
1509 347 1625 373 ποιεῖται
1648 346 1697 381 τῆς
1720 345 1842 378 Παλαιᾶς

1049 391 1096 418 καὶ
1116 391 1166 426 τῆς
1181 391 1296 426 Καινῆς.
1317 391 1388 426 Ὅρα
1411 390 1458 418 οὖν
1475 391 1556 419 πάλιν
1578 392 1626 419 καὶ
1642 391 1768 419 ἐντεῦθεν
1786 392 1842 419 δει-

1050 437 1161 471 κνύντα,
1185 437 1226 463 ὅτι
1254 437 1268 463 ὁ
1283 431 1370 470 τύπος
1387 438 1436 473 τῆς
1453 437 1604 473 ἱερωσύνης
1630 438 1760 473 Χριστοῦ,
1776 447 1842 465 του-

1049 482 1141 509 τέστιν
1155 483 1169 509 ὀ
1185 483 1365 518 Μελχισεδὲκ,
1385 483 1453 509 πολὺ
1470 483 1582 518 βελτίων
1593 481 1627 519 ἦν
1641 483 1695 510 τῶν
1712 483 1783 511 κατὰ
1798 484 1843 510 νό-

1053 537 1103 564 μον
1119 527 1223 563 ἱερέων.
1252 527 1309 556 Καὶ
1333 528 1384 564 ὅρα
1407 528 1468 560 πῶς
1485 528 1573 562 αὔξει,
1591 529 1699 564 πρῶτον
1722 529 1772 564 μὲν
1789 529 1844 556 ἀπὸ

1054 573 1101 600 τοῦ
1124 573 1255 609 ὀνόματος
1268 582 1274 588 ·
1287 575 1300 601 ὁ
1322 574 1377 610 γὰρ
1391 574 1561 610 Μελχισεδὲκ
1573 575 1724 608 ,βασιλεὺς
1735 575 1844 602 δικαιο·

1053 621 1153 653 σύνης
1180 619 1363 656 ἑρμηνεύεται
1376 629 1384 638 ο
1405 621 1503 648 ἔπειτα
1522 623 1570 648 καὶ
1588 621 1642 648 ἀπὸ
1660 621 1708 648 τοῦ
1729 622 1843 657 τρόπου,

1051 666 1091 692 ὅτι
1107 665 1227 700 ἀπάτωρ
1250 666 1299 693 καὶ
1312 666 1442 701 ἀμήτωρ.
1466 667 1495 693 '0
1510 666 1631 699 τοιοῦτος
1645 667 1701 702 γὰρ
1715 668 1729 694 ὁ
1744 664 1845 702 Μελχι-

1053 710 1140 743 σεδὲκ,
1160 710 1198 746 μὴ
1220 711 1482 748 γενεαλογούμενος,
1499 712 1638 746 ἄγνωστος
1653 713 1719 748 ἡμῖν
1738 713 1786 739 καὶ
1803 712 1846 739 τι-

1052 765 1096 788 νος
1110 756 1224 792 πατρὸς,
1249 758 1296 784 καὶ
1322 757 1382 789 οἵας
1400 758 1513 793 μητρὸς,
1530 757 1578 784 καὶ
1595 758 1676 785 πάθεν
1705 757 1784 794 ἔσχεν
1796 758 1845 794 τὴν

1053 803 1151 837 ἀρχὴν,
1165 803 1212 829 καὶ
1227 799 1283 829 οἷον
1299 803 1355 839 ἔχει
1370 803 1401 830 τὸ
1417 803 1504 835 τέλος.
1521 804 1603 830 Οὐδὲν
1618 804 1672 840 γὰρ
1683 804 1748 839 περὶ
1761 804 1845 831 αὐτοῦ

1018 864 1039 892 Β
1054 848 1236 884 γενεαλογεῖή
1256 849 1363 884 Γραφὴ,
1379 849 1475 884 ὥσπερ
1489 850 1535 875 ἐπὶ
1552 849 1607 876 τῶν
1623 849 1721 876 ἄλλων.
1742 850 1775 877 Et
1790 849 1846 876 τοί-

1052 904 1099 921 νυν
1114 896 1127 921 ὀ
1142 895 1226 927 τύπος
1238 895 1374 927 τοσοῦτος,
1389 895 1467 931 πόσῳ
1485 895 1586 930 μᾶλλον
1600 897 1617 931 ή
1633 895 1757 931 ἀλήθεια,
1781 905 1846 922 του-

1052 940 1142 967 τέστιν
1156 942 1170 968 ὁ
1188 941 1317 976 Χριστός.
1334 942 1395 968 ’Ότι
1411 942 1439 968 δὲ
1458 942 1544 974 τύπος
1563 939 1597 976 ἦν
1617 942 1699 968 αὑτοῦ
1717 943 1731 968 ὁ
1748 942 1848 977 Μελχι-

1054 987 1140 1019 σεδὲκ,
1160 987 1244 1019 ἔδειξε
1262 988 1310 1022 μὲν
1333 988 1414 1023 καὶὴ
1435 988 1595 1023 ὁρκωμοσὶα
1619 989 1636 1023 ἡ
1659 988 1727 1024 πρὸς
1746 989 1846 1015 αὐτόν·

1053 1032 1094 1059 Σὺ
1107 1033 1203 1066 Ιερεὺς
1216 1034 1259 1066 εἰς
1273 1033 1326 1060 τὸν
1344 1033 1447 1066 αἰῶνα,
1461 1034 1536 1061 κατὰ
1552 1033 1609 1068 τὴν
1633 1033 1721 1066 τάξιν
1735 1036 1846 1068 Μελχι-

1053 1078 1152 1105 σεδέκ.
1172 1079 1288 1105 Ἔπειτα
1308 1081 1339 1106 ἐκ
1355 1079 1401 1106 τοῦ
1423 1081 1555 1114 ὀνόματος
1568 1088 1575 1095 ⁶
1591 1080 1633 1112 τίς
1649 1079 1703 1115 γὰρ
1721 1080 1848 1115 βασιλεὺς

1055 1124 1239 1160 δικαιοσύνης,
1255 1125 1271 1160 ἢ
1289 1126 1302 1152 ὁ
1319 1126 1422 1161 Κύριος
1439 1127 1536 1161 ὴμῶν;
1554 1126 1641 1158 Αὐτὸς
1658 1126 1713 1161 γάρ
1727 1127 1784 1152 ἐστι
1800 1127 1849 1152 καὶ

1054 1169 1205 1202 Βασιλεὺς
1235 1170 1372 1204 εὶρήνης·
1407 1172 1620 1205 εἰρηνοποίησε
1651 1172 1706 1206 γὰρ
1745 1172 1781 1199 τὰ
1813 1173 1849 1198 ἐν

1053 1215 1115 1246 τοῖς
1136 1216 1286 1249 οὐρανοῖς,
1316 1217 1364 1243 καὶ
1393 1217 1428 1244 τὰ
1457 1217 1504 1244 ἐπὶ
1530 1216 1581 1250 τῆς
1695 1217 1779 1249 Αὐτὸς
1801 1218 1850 1244 καὶ

1054 1260 1183 1294 ἀπάῑωρ,
1202 1262 1249 1288 καὶ
1267 1263 1406 1297 ἀμήτωρ’
1427 1263 1484 1290 ἄνω
1511 1263 1559 1298 μὲν
1581 1264 1708 1298 ἀμήτωρ,
1728 1264 1803 1291 κάτω
1820 1264 1850 1291 δὲ

1054 1305 1178 1340 ἀπάτωρ.
1198 1307 1283 1338 Αὐτὸς
1301 1308 1350 1333 καὶ
1371 1308 1408 1343 μὴ
1439 1309 1702 1343 γενεαλογούμενος·
1734 1309 1793 1344 Τὴν
1814 1309 1850 1336 δὲ

1054 1352 1160 1385 γενεὰν
1174 1352 1228 1385 γὰρ
1246 1353 1349 1385 αὑτοῦ,
1365 1354 1441 1389 φησὶ,
1456 1355 1501 1387 τίς
1515 1355 1591 1389 ἔγνω
1609 1363 1618 1387 ;
1644 1356 1681 1382 Οὐ
1699 1356 1753 1390 γὰρ
1769 1357 1849 1382 δυνα-

1054 1395 1098 1421 τὸν
1110 1396 1191 1422 αὐτοῦ
1215 1396 1264 1432 τὴν
1278 1398 1334 1424 ἄνω
1351 1399 1478 1433 γέννησιν
1499 1399 1627 1431 ἐξειπεῖν.
1644 1400 1730 1432 Αὐτὸς
1751 1402 1797 1427 καὶ
1811 1401 1850 1432 εἰς

1054 1442 1117 1473 τοὺς
1132 1442 1233 1475 αἰῶν·ἀς
1249 1444 1338 1471 ἐστιν·
1355 1445 1504 1478 τουτέστιν,
1524 1445 1574 1472 οὐκ
1594 1445 1658 1480 ἔχει
1675 1445 1747 1480 ζωῆς
1763 1446 1849 1477 τέλος.

1055 1487 1140 1518 Αὐτὸς
1154 1488 1202 1514 καὶ
1219 1489 1270 1524 πρὸ
1286 1489 1386 1522 παντὸς
1404 1490 1502 1523 αἰῶνος
1514 1500 1520 1506 ·
1538 1491 1584 1517 καὶ
1600 1491 1679 1517 τοῦτό
1695 1492 1779 1524 ἐστιν,
1796 1490 1853 1518 οὐδ’

215 1544 275 1562 nem
294 1535 355 1570 ejus
368 1536 511 1563 edisscrat.
526 1535 639 1569 lusupcr
660 1537 686 1560 et
702 1533 872 1560 inteleruum
885 1531 1005 1563 exsistit,

1059 1533 1146 1567 ἀρχὴν
1162 1533 1283 1570 ἡμερῶν-

216 1582 268 1610 hoc
278 1587 330 1616 est,
344 1583 405 1611 vitae
423 1583 503 1610 ﬁnem
532 1590 586 1610 non
602 1581 693 1609 habet.
719 1580 779 1614 Ipse
793 1580 874 1608 etiam
889 1583 930 1606 est
945 1583 1009 1607 ante
1027 1581 1159 1608 smcnlum
1184 1590 1274 1617 omne,
1289 1584 1364 1619 quod
1378 1588 1430 1618 est,
1449 1585 1554 1612 dierum
1569 1585 1676 1612 initiqu
1715 1593 1768 1613 non
1801 1585 1853 1613 ha-

217 1629 290 1656 bere.

255 1685 265 1701 ε
283 1675 418 1709 chresso
433 1683 447 1701 a
460 1675 532 1702 caede
547 1683 652 1710 regum,
665 1680 691 1703 ct
702 1676 840 1704 benedixit
856 1677 1008 1712 ei:[Vens.

216 1720 341 1756 2,5]cui
358 1720 437 1756 24],
454 1724 481 1747 et
497 1720 618 1748 decimas
630 1721 753 1748 omnium
770 1722 1009 1750 divisitAbraham

220 1767 335 1802 primum
366 1766 488 1800 quidem.
512 1766 560 1801 qui
577 1766 774 1801 interpretatur
808 1775 855 1794 rex
875 1767 1005 1802 justitiae,

218 1812 316 1840 deinde
340 1816 473 1840 autemet
491 1820 536 1839 rex
558 1811 663 1843 Salem,
689 1813 761 1848 quod
783 1817 826 1840 est
847 1821 891 1840 rex
907 1813 1006 1848 pacis;

221 1858 280 1886 sine
297 1863 385 1893 patre,
402 1858 461 1885 sine
477 1862 573 1890 matre,
590 1858 650 1886 sine
666 1859 836 1894 genealogia.
855 1868 864 1884 ι

258 1960 316 1987 Dici
330 1967 384 1987 non
397 1963 497 1994 potest,
514 1959 614 1995 inquit,
634 1960 821 1988 Abrahamum
841 1959 878 1987 illi
888 1960 1012 1993 dedisse,

223 2013 273 2034 ceu
290 2006 353 2034 belli
371 2006 456 2033 socio.
473 2006 542 2033 Nam
561 2010 675 2042 propter
696 2006 748 2034 hoc
761 2007 798 2034 ait
814 2006 890 2033 illum
904 2007 1012 2034 obviam

223 2052 307 2080 ivisse
324 2052 485 2080 revertenti.

263 2119 271 2135 ι
289 2109 383 2144 Neque
409 2109 518 2137 initium
544 2109 661 2141 dierum,
676 2117 765 2144 neque
789 2110 870 2136 ﬁnem
887 2109 948 2136 vitm
967 2109 1014 2136 ha-

226 2155 292 2182 Ιιειις
309 2163 315 2180 :
334 2155 500 2183 assimilatus
529 2159 621 2182 autem
642 2154 713 2181 Filio
728 2154 787 2187 Dei,
812 2158 905 2182 manet
920 2161 1013 2181 sacer-

225 2200 276 2227 dos
303 2199 331 2226 in
358 2203 531 2234 perpetuum.
554 2199 658 2235 [Veas.
673 2200 701 2228 4,
721 2198 732 2234 ]
751 2199 896 2227 Intuemini
923 2203 1014 2227 autem

1102 1685 1111 1701 ί
1135 1675 1345 1713 Ὑποστρέφοντι
1361 1677 1414 1705 ἀπὸ
1422 1679 1471 1714 τῆς
1487 1681 1573 1714 κοπῆς
1587 1680 1640 1707 τῶν
1651 1679 1795 1715 βασιλέων,
1806 1681 1853 1708 καὶ

1062 1722 1213 1757 εὐλογήσας
1229 1724 1320 1756 αὑτὸν,
1336 1721 1357 1758 ᾧ
1374 1725 1420 1751 καὶ
1435 1725 1550 1760 δεκάτην
1566 1726 1621 1752 ἀπὸ
1636 1727 1743 1753 πάντων
1758 1726 1854 1761 ἐμέριο

1063 1775 1109 1794 cev
1132 1767 1274 1804 Ἀϐραάμ·
1299 1769 1407 1804 πρῶτον
1426 1770 1476 1805 μὲν
1492 1771 1710 1806 ἑρμηνευόμενος
1727 1771 1854 1805 βασιλεὺς

1062 1812 1246 1849 δικαιοσύνης,
1269 1814 1364 1841 ἔπειτα
1384 1815 1412 1841 δὲ
1429 1815 1476 1842 καὶ
1499 1815 1626 1850 βασιλεὺς
1647 1816 1751 1852 Σαλὴμ,
1767 1817 1780 1843 ὃ
1795 1817 1854 1843 ἐστι

1065 1858 1192 1893 βασιλεὺς
1210 1860 1332 1895 εἰρήνης,
1359 1853 1485 1897 ἀπάτωρ,
1514 1862 1640 1898 ἀμήτωρ,
1659 1862 1855 1897 ἀγενεαλογού-

1066 1913 1155 1939 μενος.
1178 1914 1187 1931 ›

1101 1961 1157 1989 Οὺκ
1175 1961 1248 1988 ἔστιν
1272 1963 1369 1996 εἰπεῖν,
1395 1963 1487 1998 φησὶν,
1514 1964 1556 1990 ὅτι
1577 1964 1615 1996 ὡς
1632 1964 1794 2000 μετασχόντι
1809 1965 1860 1992 τοῦ

1067 2007 1186 2043 πολέμου
1211 2007 1306 2036 ἔδωκε.
1329 2009 1378 2036 Διὰ
1404 2009 1458 2044 γὰρ
1483 2009 1562 2036 τοῦτο
1587 2008 1675 2044 εἶπεν,
1703 2010 1861 2046 ὑπήντησεν

1067 2051 1275 2086 ὑποστρέφοντι.

1107 2117 1117 2134 ο
1139 2108 1216 2144 Μήτε
1231 2109 1318 2145 ἀρχὴν
1335 2109 1458 2144 ἡμερῶν,
1484 2109 1551 2144 μήτε
1575 2109 1648 2145 ζωῆς
1671 2109 1748 2142 τέλος
1771 2110 1858 2146 ἔχων*

1069 2154 1286 2190 ἀφωμοιωμένος
1298 2155 1327 2181 δὲ
1339 2155 1378 2190 τῷ
1392 2155 1450 2190 Υἱῷ
1462 2154 1511 2181 τοῦ
1527 2155 1605 2190 Θεοῦ,
1623 2155 1700 2191 μένει
1715 2157 1806 2192 ἱερεὺς
1820 2157 1861 2188 εἰς

1069 2200 1101 2226 τὸ
1115 2200 1249 2235 διηνεκές.
1268 2200 1402 2236 Θεωρεῖτε
1420 2201 1448 2227 δὲ
1466 2200 1581 2236 πηλίκος
1606 2199 1694 2233 οὗτος,
1712 2197 1735 2236 ᾧ
1751 2201 1799 2228 καὶ
1818 2201 1862 2228 δε-

227 2249 346 2279 quantus
359 2231 366 2234 -
377 2231 415 2272 sit
427 2244 483 2277 hic,
505 2231 594 2272 eui~et
611 2231 751 2271 Abraham
764 2244 887 2272 decimas
900 2244 985 2272 dedit.
1003 2253 1006 2270 l

1071 2231 1158 2281 κάτην
1175 2231 1302 2282 Ἀϐραὰμ
1313 2231 1422 2273 ἔὲωκεν.
1448 2256 1457 2272 ι

264 2303 380 2336 Quinam
397 2309 463 2329 vero
473 2302 544 2330 istud
560 2302 613 2329 nisi
636 2302 700 2337 quia
712 2302 769 2329 haec
784 2301 856 2329 edita
868 2310 921 2328 non
937 2302 1018 2329 sunt?

228 2349 273 2375 Ait
293 2355 358 2384 ergo
377 2355 383 2374 :
400 2348 477 2375 Sicut
506 2348 557 2375 iste
573 2348 630 2375 sine
650 2353 726 2382 patre
756 2353 807 2380 est,
838 2349 902 2383 quia
932 2356 1017 2383 genus

228 2394 396 2430 descriptum
410 2392 538 2426 nonfuit,
551 2394 690 2421 consimili
706 2393 788 2421 modo
808 2394 936 2422 Christus
955 2402 1019 2421 sua-

229 2446 273 2476 pte
288 2445 404 2474 natura;
417 2443 444 2467 et
459 2440 530 2467 sicut
540 2439 573 2467 de
588 2439 635 2466 illo
653 2439 792 2468 nescimus
803 2439 914 2474 quando
928 2440 1019 2468 vivere

228 2487 353 2521 cmperit,
375 2494 425 2514 nec
444 2486 555 2523 quando
577 2486 702 2519 desierit,
718 2489 863 2521 propterea
889 2486 963 2521 quod
974 2486 1019 2513 lit-

230 2533 298 2560 teris
313 2533 365 2559 hoc
388 2532 525 2567 proditqu
545 2539 598 2559 non
614 2532 713 2564 fuerit;
735 2532 775 2560 sic
799 2531 880 2559 etiam
896 2531 929 2560 de
943 2531 1019 2564 Jesu.

231 2587 283 2606 non
304 2579 368 2614 quia
390 2579 416 2606 id
437 2579 570 2614 scriptum
595 2586 648 2606 non
669 2578 731 2612 fuit,
757 2578 804 2606 sed
823 2578 887 2613 quia
912 2579 1020 2613 generis

230 2628 273 2651 cst
301 2632 410 2660 expers.
440 2624 510 2652 Illud
527 2625 600 2652 enim
628 2624 716 2660 ﬁgura
742 2629 820 2658 erat;
836 2632 923 2659 quare
937 2624 969 2652 de
986 2632 1019 2652 eo

231 2668 343 2700 dicitur,
362 2668 426 2702 quia
438 2668 570 2703 seriptom
589 2668 708 2696 nonfuit
725 2675 731 2695 :
750 2669 802 2696 hoc
812 2673 904 2697 autem
916 2669 1020 2698 veritas

232 2717 291 2746 est;
310 2713 383 2742 unde
400 2714 433 2741 de
449 2714 510 2748 ipso
537 2714 701 2746 atlirmatur.
717 2722 749 2742 eo
761 2715 833 2750 quod
850 2715 941 2751 reipsa
955 2715 1018 2744 talis

233 2760 280 2787 sit.
310 2759 543 2792 Quemadmodum
571 2761 598 2788 in
625 2761 781 2789 nominibus
816 2761 872 2789 lllic
909 2762 1019 2797 quidem

263 2849 273 2864 '
303 2848 373 2877 Psal.
390 2859 446 2884 cur,
463 2850 504 2886 l6,
536 2851 545 2866 ³
561 2851 664 2880 Coloss.
688 2860 707 2885 ι,
723 2852 767 2878 9.0.
821 2854 830 2868 ⁸
852 2853 921 2881 Psal.
938 2860 996 2884 mu.
1013 2853 1038 2881 8.

1106 2303 1162 2329 Καὶ
1179 2303 1248 2335 πῶς,
1272 2303 1288 2338 ἣ
1315 2303 1354 2338 τῷ
1372 2303 1409 2339 μὴ
1433 2303 1617 2339 ὲκφέρεσθαι;
1635 2305 1718 2339 Λέγει
1735 2302 1792 2337 οὖν,
1808 2305 1861 2337 ὅτι,

1071 2348 1165 2384 ὥσπερ
1185 2346 1263 2381 οὗτος
1276 2350 1399 2384 ἀπάτωρ
1411 2350 1450 2386 τῷ
1467 2351 1505 2386 μὴ
1528 2351 1760 2385 γενεαλογεῖσθαι,
1775 2350 1863 2382 οὕτως

1071 2394 1085 2421 ὁ
1099 2395 1217 2430 Χριστὸς
1233 2395 1301 2430 αὐτῇ
1319 2397 1351 2431 τῇ
1371 2395 1451 2430 φύσει
1465 2394 1513 2422 τοῦ
1530 2396 1691 2432 πράγματος
1706 2396 1754 2422 καὶ
1769 2395 1864 2431 ὥσπερ

1071 2439 1168 2467 τοὺτου
1183 2440 1233 2467 οὐκ
1258 2439 1348 2475 ἴσμεν,
1372 2438 1434 2466 οὔτε
1451 2440 1537 2476 ἀρχὴν
1563 2440 1686 2477 ἡμερῶν,
1710 2439 1772 2466 οὕτε
1790 2439 1865 2474 ζωῆς

1072 2484 1158 2516 τέλος,
1173 2484 1218 2511 διὰ
1231 2485 1261 2511 τὸ
1286 2484 1323 2520 μὴ
1344 2484 1509 2520 γεγράφθαι,
1526 2484 1596 2511 οὓτω
1611 2485 1659 2511 καὶ
1675 2483 1721 2511 ἐπὶ
1734 2483 1783 2510 τοῦ
1811 2484 1866 2518 Ἰη-

1076 2530 1133 2563 σοῦ,
1151 2530 1180 2557 οὒ
1198 2530 1242 2557 διὰ
1263 2530 1293 2556 τὸ
1309 2530 1347 2566 μὴ
1362 2529 1528 2565 γεγράφθαι,
1542 2530 1610 2557 ἀλλὰ
1624 2529 1670 2557 διὰ
1682 2530 1713 2557 τὸ
1729 2530 1768 2565 μὴ
1782 2527 1864 2556 εῖναι.

1082 2577 1185 2603 Ἐκεῖνο
1207 2575 1256 2611 μὲν
1271 2575 1367 2610 τύπος,
1391 2576 1439 2603 καὶ
1457 2576 1502 2603 διὰ
1526 2576 1615 2608 τοῦτο,
1632 2575 1688 2603 ἀπὸ
1702 2575 1749 2602 τοῦ
1765 2574 1805 2611 μὴ
1817 2582 1865 2609 γε-

1075 2622 1196 2658 γράφθαι
1208 2631 1214 2637 ·
1230 2622 1310 2649 τοῦτο
1324 2622 1353 2649 δὲ
1366 2622 1491 2658 ἀλήθεια,
1507 2622 1556 2649 καὶ
1575 2622 1620 2649 διὰ
1642 2621 1732 2655 τοῦτο,
1748 2621 1803 2648 ἀπὸ
1817 2618 1865 2647 τοῦ

1077 2668 1115 2704 μὴ
1134 2666 1214 2696 εῖναι.
1237 2669 1342 2704 ’Ὠσπερ
1362 2669 1410 2695 καὶ
1431 2668 1478 2695 ἐπὶ
1497 2668 1553 2695 τῶν
1573 2667 1724 2703 ὀνομάτων,
1749 2666 1866 2694 ἐνταῦθα

1078 2715 1127 2750 μὲν
1142 2716 1324 2751 προσηγορίαι
1348 2713 1419 2750 ἦσαν
1431 2715 1479 2742 καὶ
1491 2714 1643 2748 ,ϐασιλεὺς
1657 2713 1866 2745 δικαιοσύνης,

1076 2762 1121 2789 καὶ
1146 2762 1296 2796 ,βασιλεὺς
1324 2761 1446 2797 ειρήνης
1460 2770 1467 2778 η
1487 2762 1545 2789 ἐκεῖ
1568 2761 1596 2788 δὲ
1618 2760 1779 2796 πράγματος
1798 2757 1866 2793 ἀλή-
