2078 3113
249 128 297 163 961
654 156 670 168 ,

839 131 881 160 1N
897 131 1017 161 EPIST.
1032 132 1081 160 AD
1097 131 1294 169 llEBR/EOS.

1832 131 1886 164 969.

250 186 326 213 θεια·
345 184 417 211 οὕτω
435 185 482 211 καὶ
505 183 624 211 ἐνταῦθα
639 184 820 219 προσηγορίαι
846 186 925 218 εἰσὶν,
942 185 1000 211 ἐκεῖ
1014 185 1042 211 δὲ

1098 185 1175 212 nudae
1202 184 1401 219 appellationes
1432 188 1523 217 erant,
1550 187 1615 219 puta
1645 185 1711 220 regis
1725 185 1885 220 justitiw.et

251 231 423 267 πραγμάτων
437 230 562 265 ἀλήθεια,

290 332 299 347 ‹
329 323 376 348 Ἐκ
391 322 446 348 τῶν
462 321 625 357 ἀκροθινίων
640 323 653 348 ὁ
669 321 853 357 πατριάρχης.
878 329 886 345 ι

291 369 465 403 Ἀκροθίνια,
486 369 520 395 τὰ
535 369 644 404 λάφυρα
658 368 744 402 λέγει.

289 426 298 442 ι
322 416 379 443 Καὶ
402 417 426 442 ot
454 415 503 450 μὲν
528 416 560 442 ὲκ
575 415 630 441 τῶν
656 414 722 440 υἱῶν
743 413 809 441 Λευτ
830 413 878 449 τὴν
903 414 1042 448 ἱερατείαν

250 461 434 497 λαμϐάνοντες
447 461 559 496 ἐντολὴν
574 461 683 496 ἔχουσιν
702 459 889 487 ἀπώεκατοῦν
911 459 956 486 τὸν
979 458 1042 486 λαὸν

252 508 322 536 κατὰ
332 507 377 534 τὸν
393 507 485 542 νόμον,
502 507 626 534 τουτέστι
638 507 701 538 τοὺς
717 506 849 540 ἀδελφοὺς
864 505 964 537 αὐτῶν,
981 504 1043 531 καί·

252 563 306 588 περ
321 553 517 588 ἐξεληλυθότας
541 554 574 579 ἐκ
602 552 652 587 τῆς
675 551 777 586 ὀσφύος
805 551 942 587 Ἀϐραὰμ.
969 551 999 577 '0
1014 550 1042 577 δὲ

252 600 291 636 μὴ
304 599 550 634 γενεαλογούμενος
573 599 602 631 ἐξ
619 598 719 628 αὐτῶν.
742 597 909 624 δεδεκάτωκε
926 597 972 623 τὺν
1000 596 1044 622 Ἀ-

252 647 356 683 δραὰμ,
371 645 419 673 καὶ
436 645 481 672 τδν
497 644 593 680 ἔχοντα
609 643 658 676 τὰς
675 643 843 678 ἐπαγγελίας
860 643 1005 677 εὐλόγηκε.
1030 651 1039 667 ι

287 736 423 772 Τοσαύτη,
442 735 535 770 φησὶν,
560 731 594 769 ἦν
616 733 668 768 τῆς
695 732 846 769 ἱερωσύνης
860 733 877 767 ἡ
893 730 1041 767 ὑπερῦολὴ,

252 784 289 816 ὼς
303 783 349 809 καὶ
362 782 424 813 τοὺς
437 781 585 816 ὁμοτίμους
600 779 653 805 ἀπὸ
670 779 821 814 προγόνων,
836 778 884 805 καὶ
902 778 948 805 τὸν
962 777 1044 804 αὐτὸν

253 829 363 865 ἔχοντας
377 828 563 863 προπάτορας,
579 825 668 860 πολλῴ
686 824 808 860 βελτίους
835 822 905 850 εἶναι
920 823 975 850 τῶν
994 823 1043 849 ἄλ-

1094 231 1162 266 regis
1175 232 1247 264 pacis
1260 239 1269 262 ;
1286 231 1348 258 istic
1362 238 1437 262 vero,
1454 231 1512 265 ipsa
1536 231 1575 259 rei
1598 231 1700 258 veritas
1717 240 1725 258 :
1739 233 1777 258 ita
1795 236 1823 259 et
1837 232 1883 260 hic

1094 277 1315 311 nuncupationes
1329 281 1411 310 sunt;
1427 277 1584 304 illicautem
1597 277 1699 305 veritas
1710 284 1816 305 rerum.

1133 333 1142 348 ι
1161 323 1198 350 De
1215 324 1359 358 praecipuis
1386 323 1554 358 patriarcha.
1576 333 1585 349 ι

1131 367 1273 402 Ρηεσῐριια
1299 369 1443 396 manubias
1457 369 1534 396 dicit.

1129 414 1213 442 Vsus.
1231 415 1256 447 5,
1271 415 1295 442 6.
1309 424 1318 440 ε
1335 415 1367 442 Ει
1377 415 1486 450 quidem
1497 415 1531 443 de
1547 415 1610 443 ﬁliis
1622 415 1686 444 Levi
1702 417 1887 445 sacerdotium

1094 460 1273 496 accipientes.
1302 461 1462 489 mandatum
1478 461 1581 489 habent
1603 462 1724 490 decimas
1742 470 1852 490 sumere
1872 470 1887 489 a

1094 507 1196 541 populo
1221 507 1373 534 secundum
1392 508 1490 542 legem,
1509 508 1535 535 id
1556 511 1599 536 est
1614 515 1629 534 a
1655 507 1787 536 fratribus
1808 509 1887 535 suis:

1096 559 1253 587 quanquam
1280 552 1333 587 ipsi
1349 553 1469 580 exierint
1484 553 1517 580 de
1532 553 1633 580 lumbis
1662 554 1788 580 Abrahae.
1802 553 1890 587 Cujus

1094 603 1184 625 autem
1217 599 1357 633 generatio
1386 604 1584 626 annumeratur
1618 607 1651 627 ex
1665 599 1731 631 illis,
1767 599 1890 626 decimas

1094 645 1212 679 sumpsit
1221 645 1254 672 ab
1273 645 1422 676 Abraham,
1447 649 1474 673 et
1494 645 1569 673 hunc
1597 645 1643 681 qui
1658 645 1775 673 habebat
1794 653 1889 680 repro-

1095 691 1256 722 missiones,
1275 690 1425 718 benedixit.
1445 701 1454 717 ι

1131 736 1217 763 Tanta
1245 737 1395 764 eminentia
1412 742 1469 764 erat
1494 737 1655 770 sacerdotii,
1678 736 1778 772 inquit,
1796 741 1826 764 ut
1840 737 1887 772 qui

1095 782 1220 816 ejusdem
1233 789 1247 808 a
1265 782 1427 816 parentibus
1447 782 1561 810 honoris
1575 787 1603 810 et
1628 782 1794 811 conditionis
1811 787 1886 816 sunt,

1096 825 1279 859 eumdemque
1308 826 1512 861 progenitorem
1539 827 1652 858 habent,
1674 827 1789 862 reliquis
1806 828 1888 863 longe

252 874 316 900 λων.
334 873 456 907 Δεκάτην
474 872 520 898 οὖν
537 872 601 906 παρ’
616 870 728 896 ἐκείνων
747 870 942 905 λαμϐάνουσιν.
960 869 1043 895 Ὅταν

1098 869 1296 904 praecellerent.
1321 871 1504 903 Quamobrem
1533 871 1657 899 decimas
1681 872 1715 899 ab
1731 872 1786 900 illis
1814 873 1888 900 acci-

253 919 300 947 οὖν
323 920 388 955 παρ’
409 919 498 946 αὐτῶν
519 918 622 945 τούτων
644 919 761 949 δεκάτας
777 916 964 952 λαμϐάνωσιν,
989 915 1043 951 ἄρα

253 966 301 1000 οὐχ
318 962 390 992 οὗτοι
414 965 463 1000 μὲν
480 966 509 992 ὲν
534 965 609 997 τάξει
632 965 744 997 λαϊκῶν,
772 964 871 989 ἐκεῖνον.
888 961 916 988 δὲ
938 962 967 987 ὲν
987 961 1044 994 τοῖς

253 1011 375 1047 ίερεῦσι;
394 1011 449 1038 Καὶ
473 1011 504 1037 οὐ
532 1010 611 1038 τοῦτο
637 1010 728 1046 μόνον,
753 1009 811 1035 ἀλλ’
828 1008 889 1035 οὐδὲ
913 1007 1043 1042 ὁμότιμος

253 1057 344 1088 αὐτοῖς
355 1054 400 1092 ἦν,
416 1056 472 1083 ἀλλ’
484 1056 514 1088 ἐξ
527 1056 620 1091 ἑτέρου
636 1055 742 1089 γένους.
760 1054 841 1079 Ὥστε
851 1053 902 1079 οὐκ
917 1052 950 1079 ἂν
961 1051 1044 1078 ἔδωκε

252 1103 396 1138 ἀλλοφύλῳ
418 1102 545 1136 δεκάτας,
566 1102 589 1128 εὶ
607 1101 645 1137 μὴ
659 1100 744 1136 πολλὴ
759 1098 793 1136 ἦν
809 1100 825 1135 ἡ
840 1099 917 1134 τιμή.

291 1202 301 1218 ι
324 1191 416 1227 Χωρὶς
433 1191 462 1218 δὲ
478 1191 568 1226 πάσης
582 1189 738 1224 ἀντιλογίας
752 1188 783 1215 τὸ
798 1188 907 1214 ἔλαττον
922 1186 973 1213 ὑπὸ
995 1185 1043 1212 τοῦ

252 1238 408 1274 κρείττονος
421 1237 583 1271 εὐλογεῖται.
599 1236 653 1262 Καὶ
667 1233 718 1262 ὦδε
736 1235 785 1270 μὲν
798 1234 914 1264 δεκάτας
926 1232 1045 1266 ἀποθνή-

252 1293 365 1315 σκοντες
385 1284 523 1319 ἄνθρωποι
547 1282 742 1317 λαμϐάνουσιν,
761 1281 820 1306 ἐκεῖ
834 1279 872 1310 δὲ,
886 1276 1044 1313 μαρτυρού-

251 1338 334 1365 μενος
351 1330 392 1355 ὅτι
406 1330 450 1364 ζῇ,
467 1329 524 1360 καὶ,
543 1328 580 1359 ὡς
594 1328 657 1358 ἔπος
673 1326 771 1358 εἰπεῖν,
787 1325 832 1352 διὰ
853 1323 979 1359 ’Λϐραὰμ
998 1322 1045 1349 καὶ

254 1377 328 1403 Λευῖ.
353 1375 384 1401 '0
399 1375 427 1401 δὲ
443 1374 672 1408 καταλαμῢάνων,
693 1371 887 1398 δεδεκάτωται,
910 1379 919 1394 ι

294 1421 403 1456 Ἐπειδὴ
430 1420 486 1447 ἄνω
510 1420 556 1446 καὶ
582 1419 656 1445 κάτω
681 1416 760 1444 τοῦτο
781 1414 815 1451 ἦν
837 1415 867 1442 τὸ
892 1413 1000 1449 σεμνὸν,
1015 1412 1045 1439 τὺ

253 1466 421 1501 ἐπαγγελίαν
447 1466 519 1501 ἔχειν
542 1465 588 1492 τὸν
619 1463 755 1499 Ἀδραὰμ,
780 1461 919 1489 δείκνυσιν
940 1460 1046 1486 ἐκεῖνον

251 1512 318 1539 ὅντα
336 1520 364 1537 σε
369 1511 448 1546 μνότε
453 1519 506 1545 ρον.

328 1537 388 1583 Ἔτι
402 1537 458 1590 γὰρ
469 1557 497 1582 ὲν
510 1556 542 1591 τῇ
557 1554 638 1589 ὀσφύϊ
652 1552 701 1580 τοῦ
719 1552 821 1588 πατρὸς
834 1548 880 1587 ἦν,
895 1550 939 1577 ὅτε
954 1550 1046 1584 συνῆν·
1059 1537 1081 1566 c

251 1612 336 1639 τησεν
355 1601 430 1638 αὺτῷ
443 1603 457 1628 ὁ
478 1601 657 1636 Μελχισεδέκ.
679 1610 688 1626 ι

290 1649 406 1680 Οὐκοῦν,
425 1648 519 1682 φησὶν,
538 1647 673 1683 κρείσσων
687 1647 701 1673 ὁ
716 1646 800 1677 τύπος
812 1644 859 1671 τοῦ
872 1642 988 1679 Κυρίου,
1000 1641 1047 1668 καὶ

255 1693 338 1721 αὑτοῦ
354 1693 400 1720 τοῦ
417 1694 465 1724 τὰς
482 1693 650 1727 ἐπαγγελίας
665 1692 782 1727 ἔχοντος.

293 1749 302 1764 ι
327 1739 358 1766 Εἰ
376 1739 425 1774 μὲν
442 1738 488 1765 οὖν
498 1738 638 1769 τελείωσις
650 1737 693 1764 διὰ
706 1737 755 1772 τῆς
769 1735 916 1770 Λευῖτικῆς
934 1733 1046 1769 ἱερωσύ-

255 1793 304 1820 νης
317 1783 361 1820 ἦν.
385 1794 395 1811 ι

297 1830 342 1856 Ἐν
355 1829 430 1865 αὐτῷ
450 1827 494 1865 ἦν,
511 1830 604 1865 φησὶν,
621 1829 635 1856 ὁ
656 1827 733 1860 Λευῖ,
746 1829 770 1854 εί
790 1827 838 1854 καὶ
850 1826 926 1854 οὔπω
938 1825 1046 1861 ἐτέχθη.

258 1876 310 1903 Ἴδε
324 1876 408 1902 πόσον
424 1876 454 1902 τὺ
470 1876 553 1911 μέσον
571 1875 619 1902 τοῦ
635 1875 681 1902 τὸν
696 1874 781 1901 τύπον
797 1873 905 1909 ἔχοντος
919 1870 965 1899 τοῦ
984 1873 1047 1907 Ἀρ-

256 1923 370 1959 χιερέως
382 1922 474 1958 ήμῶν,
489 1922 536 1948 καὶ
553 1922 606 1948 τῶν
625 1921 696 1949 κατὰ
711 1921 803 1956 νόμον.

293 2023 302 2039 ι
321 2013 350 2040 '0
361 2013 425 2045 λαὸς
435 2013 489 2048 γὰρ
502 2013 545 2039 ἐπ’
557 2012 834 2048 αὑτῇ-νενομοθέτητο
844 2011 901 2043 ’τίς
915 2011 954 2037 ἔτι
969 2011 1049 2046 χρεία

257 2059 327 2086 κατὰ
339 2059 390 2094 τὴν
401 2059 477 2091 τάξιν
487 2059 657 2094 Μελχισεδὲκ
673 2058 767 2094 ἕτερον
783 2056 943 2084 ἀνίστασθαι
960 2056 1046 2091 ἱερέα,

255 2106 305 2134 καὶ
320 2106 350 2133 οὺ
365 2106 436 2134 κατὰ
452 2105 502 2142 τὴν
516 2106 593 2139 τάξιν
614 2104 719 2141 ’Δαρὼν
734 2104 878 2140 λέγεσθαις
895 2113 904 2129 ι

1097 915 1185 949 piunt.
1217 914 1333 948 Quando
1352 916 1434 951 igitur
1450 917 1486 943 ab
1518 917 1560 945 his
1580 917 1701 945 decimas
1732 917 1883 953 accipiunt,

1096 968 1186 987 nonne
1213 961 1264 996 ipsi
1293 961 1319 988 in
1347 961 1443 989 ordine
1474 967 1538 989 sunt
1569 963 1724 996 laicorum,
1758 963 1796 990 illi
1824 971 1889 991 vero

1096 1005 1269 1032 sacerdotum
1298 1006 1310 1031 ?
1333 1005 1432 1033 Verum
1459 1014 1548 1042 neque
1573 1007 1598 1034 id
1627 1008 1716 1035 solum
1742 1016 1749 1041 ;
1781 1013 1809 1035 ul
1839 1016 1889 1036 nec

1095 1051 1141 1078 ille
1165 1052 1280 1086 aequalis
1310 1052 1426 1079 honoris
1459 1052 1552 1086 fuerit,
1582 1053 1629 1080 sed
1657 1061 1689 1080 ex
1705 1054 1760 1081 alio
1776 1062 1887 1090 genere.

1096 1096 1270 1132 Quapropter
1294 1097 1433 1124 Abraham
1457 1106 1631 1133 nequaquam
1644 1099 1805 1134 alienigena:
1817 1099 1890 1127 deci-

1096 1149 1154 1168 mas
1165 1142 1294 1174 dedisset,
1311 1142 1363 1170 nisi
1378 1142 1460 1177 hujus
1471 1144 1572 1170 eximia
1588 1135 1709 1179 dignitas
1728 1144 1836 1173 fuisset.

1131 1186 1216 1213 Vens.
1232 1187 1290 1219 7-9,
1313 1196 1322 1213 ‹
1337 1187 1402 1214 Sine
1412 1189 1466 1215 ulla
1479 1192 1569 1215 autem
1580 1190 1807 1222 contradictione,
1817 1190 1890 1225 quod

1096 1231 1188 1259 minus
1205 1236 1258 1263 est,
1275 1240 1289 1259 a
1308 1233 1422 1261 meliore
1458 1234 1638 1262 henedicitur.
1655 1235 1688 1261 Et
1700 1235 1745 1262 hic
1761 1237 1885 1270 quidem.

1097 1277 1217 1304 decimas
1234 1279 1384 1306 morientes
1408 1280 1534 1307 homines
1565 1281 1706 1316 accipiunt
1725 1290 1731 1308 :
1751 1282 1889 1310 ibiautcm

1097 1328 1266 1350 contestatur
1277 1325 1321 1359 qui
1335 1325 1411 1357 vivit,
1424 1329 1451 1352 et
1463 1325 1504 1355 (ut
1519 1326 1554 1352 ita
1568 1326 1671 1352 dictum
1683 1327 1729 1361 sit)
1745 1335 1791 1361 per
1801 1328 1889 1354 Abra-
1925 1339 1929 1343 ~

1098 1367 1159 1394 ham
1175 1373 1201 1395 et
1214 1368 1288 1395 Levi.
1303 1370 1354 1402 Qui
1373 1374 1463 1397 autem
1481 1372 1596 1406 accepit.
1626 1372 1779 1401 decimatus
1801 1379 1854 1401 est.
1875 1383 1884 1399 ι

1141 1415 1276 1447 Quoniam
1301 1424 1414 1444 sursum
1446 1417 1632 1453 deorsumque
1658 1419 1711 1446 hoc
1737 1421 1890 1455 spectabile

1097 1465 1166 1493 erat,
1188 1461 1260 1496 quod
1293 1463 1470 1497 repromissio
1490 1464 1559 1490 facta
1574 1469 1647 1492 esset
1660 1465 1826 1499 Abrahamo,
1843 1475 1890 1496 05--

1098 1507 1184 1532 tendit
1198 1506 1399 1534 Melchisedech
1414 1508 1461 1535 illo
1482 1509 1568 1536 fuisse
1581 1510 1799 1538 honoratiorem.

1137 1551 1217 1579 Vens.
1237 1553 1279 1579 10.
1295 1562 1303 1578 ι
1319 1554 1416 1580 Adhuc
1445 1554 1518 1581 enim
1547 1556 1573 1581 in
1605 1556 1705 1584 lumbis
1720 1558 1807 1591 patris
1820 1563 1889 1592 erat,

1098 1599 1207 1633 quando
1223 1599 1343 1626 obviavit
1360 1600 1384 1626 ci
1402 1599 1609 1628 Melchisedech.
1633 1611 1642 1626 ι

1132 1644 1224 1680 Typus
1239 1652 1306 1680 ergo
1329 1645 1435 1673 Domini
1452 1647 1541 1681 potior
1554 1653 1596 1675 est
1614 1648 1677 1683 illo,
1692 1648 1736 1676 cui
1753 1649 1891 1684 pollicita-

1099 1690 1188 1716 tiones
1203 1690 1282 1717 l'actaa
1297 1696 1372 1718 sunt.

1137 1734 1217 1763 Vens.
1232 1736 1291 1762 Η.‹
1307 1735 1334 1762 Si
1350 1744 1415 1772 ergo
1429 1738 1631 1765 consummatio
1643 1747 1691 1774 per
1705 1741 1891 1769 sacerdotium

1098 1780 1250 1809 Leviticum
1265 1787 1335 1813 erat,
1355 1792 1364 1808 ι

1134 1827 1163 1854 1η
1181 1836 1213 1855 eo
1226 1828 1369 1861 cratLevi,
1387 1829 1485 1864 inquit,
1499 1830 1551 1858 etsi
1590 1830 1711 1858 nondum
1723 1836 1804 1859 natus
1820 1837 1890 1860 erat.

1099 1872 1205 1909 Inspice
1220 1878 1354 1908 quantum
1369 1874 1482 1902 intersit
1510 1876 1582 1903 inter
1596 1876 1671 1903 illum
1685 1877 1731 1911 qui
1749 1876 1892 1905 Pontiﬁcis

1099 1919 1188 1948 nostri
1212 1924 1305 1955 typum
1323 1921 1445 1955 gerebat,
1461 1924 1488 1948 et
1505 1929 1553 1949 cos
1570 1921 1616 1956 qui
1632 1921 1784 1950 secundum
1805 1922 1890 1959 legem

1099 1965 1183 1992 creati
1195 1970 1269 1992 sunt.

1136 2009 1218 2045 242
1242 2019 1250 2035 ι
1266 2009 1407 2044 (Populus
1422 2010 1494 2038 enim
1512 2011 1564 2038 sub
1581 2012 1641 2046 ipso
1657 2012 1742 2047 legem
1757 2013 1891 2048 accepit.)

1101 2054 1172 2087 Quid
1198 2054 1287 2081 adhuc
1309 2055 1498 2082 necessarium
1514 2055 1565 2083 fuit
1595 2057 1748 2084 secundum
1765 2057 1890 2086 ordinem

1101 2099 1300 2127 Melchisedech
1328 2099 1411 2126 alium
1441 2108 1554 2135 surgere
1580 2101 1764 2137 sacerdotem,
1775 2107 1802 2131 et
1835 2112 1891 2132 non

1101 2145 1252 2174 secundum
1262 2145 1386 2173 ordinem
1398 2145 1490 2173 Aaron
1503 2146 1579 2174 dici?
1594 2156 1603 2172 ι

292 2193 389 2228 Δείξας
412 2193 453 2221 ὅτι
477 2193 544 2222 πολὺ
567 2193 691 2229 βελτίων,
708 2192 816 2220 καὶτοῦ
838 2192 916 2226 Λευῒ,
939 2192 1047 2219 καὶτοῦ

1137 2191 1286 2227 Postquam
1300 2191 1420 2219 ostendit
1431 2192 1633 2222 Melchisedech
1650 2193 1735 2221 multo
1755 2198 1889 2230 praestan-

265 2240 408 2275 Ἀϐραὰμ,
435 2241 449 2266 ὁ
475 2240 654 2274 Μελχισεδὲκ,
685 2241 715 2266 ὲν
738 2239 814 2272 τάξει
837 2239 934 2274 ἱερέως
957 2239 1049 2270 αὐτοῖς

255 2286 415 2321 γενόμενος,
428 2285 457 2317 ἐξ
471 2285 567 2320 ἑτέρου
584 2285 665 2312 πάλιν
689 2286 837 2320 ἐπιχειρεῖ,
851 2285 938 2318 λέγων
949 2293 956 2300 ·
971 2283 1050 2315 Τίνος

257 2331 353 2358 ἕνεκεν
373 2331 423 2356 οὐκ
437 2329 508 2362 εἷπε,
525 2331 601 2357 κατὰ
627 2330 685 2364 τὴν
705 2330 793 2362 τάξιν
820 2330 949 2364 ‘Aapa’w;
968 2330 1050 2363 Λέγει

256 2374 315 2410 οὖν,
337 2377 378 2403 ὅτι
397 2377 422 2403 εί
437 2376 558 2408 τελείους
581 2376 667 2403 ἐποίει
686 2377 700 2403 ὀ
716 2376 809 2410 νόμος,
829 2375 874 2402 διὰ
891 2375 917 2402 τί
943 2375 1050 2411 μετετί-

258 2423 339 2456 θετο;
355 2423 373 2458 ἡ
386 2424 440 2460 γὰρ
459 2423 506 2450 τοῠ
525 2423 621 2459 ἱερέως
637 2422 781 2459 μετάθεσις
798 2422 846 2448 καὶ
865 2422 949 2458 νόμου
967 2421 1051 2456 μετά-

260 2470 334 2502 θεσις
346 2468 392 2506 ἦν.

299 2571 308 2588 ι
331 2559 556 2596 Μετατιθεμένης
569 2559 623 2596 γὰρ
637 2560 686 2596 τῆς
705 2559 865 2595 ἱερωσύνης,
882 2558 912 2591 ἐξ
929 2558 1051 2594 ἀνάγκης

261 2607 308 2634 καὶ
323 2607 407 2643 νόμου
433 2606 579 2642 μετάθεσις
595 2605 710 2640 γίνεται.
736 2606 794 2640 Ἐφ’
817 2605 846 2632 ὃν
871 2606 925 2641 γὰρ
942 2605 1051 2640 λέγεται

260 2653 357 2681 ταῦτα.
381 2663 390 2679 ι
697 2656 700 2658 “

296 2699 456 2733 Τουτέστιν,
482 2699 550 2735 αὐτῇ
578 2700 689 2734 στοιχεῖ,
708 2699 756 2726 καὶ
781 2699 915 2735 διἀὑτῆς
942 2699 1052 2727 ἅπαντα

262 2746 388 2782 πράττει.
405 2745 442 2772 Ub
465 2746 520 2781 γὰρ
536 2745 611 2773 ἔστιν
624 2747 721 2778 είπεῖν,
734 2745 775 2772 ὅτι
788 2745 879 2772 τελεία
897 2745 946 2781 μὲν
962 2743 1006 2782 ἦν,
1020 2746 1050 2772 οὐ

262 2793 439 2830 προειστήκει
453 2793 481 2820 δὲ
497 2792 543 2820 τοῦ
556 2792 632 2820 λαοῦ.
649 2793 723 2828 Αὑτῇ
747 2793 801 2828 γὰρ
819 2793 962 2828 ἐκέχρητο.

1103 2238 1199 2265 tiorem
1218 2238 1377 2266 Abrahamo
1393 2243 1420 2266 et
1445 2238 1509 2267 Levi
1533 2242 1685 2274 exstitisse,
1703 2249 1737 2269 eo
1762 2242 1835 2278 quod
1849 2250 1893 2270 sa-

1101 2283 1215 2311 cerdotii
1229 2291 1277 2318 pro
1297 2284 1352 2311 illis
1369 2283 1542 2312 [unctionem
1565 2285 1668 2313 obierit
1684 2295 1690 2313 :
1710 2293 1742 2313 ex
1756 2286 1810 2314 alio
1828 2295 1893 2314 rur-

1101 2338 1162 2357 sum
1174 2331 1263 2365 capite
1275 2330 1326 2357 hoc
1341 2334 1495 2358 monstrare
1512 2331 1681 2365 aggreditur,
1699 2331 1742 2359 his
1757 2332 1814 2359 fere
1832 2340 1892 2359 ver-

1102 2376 1163 2403 bis:
1179 2375 1249 2408 Quid
1276 2383 1366 2403 causze
1399 2376 1450 2403 fuit
1471 2379 1502 2402 ut
1532 2383 1588 2403 non
1609 2376 1718 2409 dixerit,
1749 2378 1893 2404 secundum

1102 2421 1221 2449 ordinem
1249 2421 1340 2448 Aaron
1357 2421 1369 2448 7
1384 2421 1486 2456 Utique
1507 2422 1572 2457 quia
1604 2422 1646 2449 lex
1671 2421 1809 2457 perfectos
1838 2431 1892 2450 non

1101 2467 1231 2495 reddebat
1246 2475 1252 2493 :
1265 2466 1336 2494 unde
1346 2470 1372 2494 et
1389 2468 1521 2495 translata
1536 2467 1595 2495 fuit.
1610 2467 1676 2494 Nam
1688 2469 1830 2496 translatio
1845 2478 1893 2497 seu

1102 2513 1219 2541 mutatio
1236 2512 1399 2545 sacerdotis,
1411 2513 1479 2548 legis
1497 2521 1607 2548 quoque
1620 2514 1736 2541 mutatio
1751 2518 1821 2542 erat.

1141 2557 1221 2586 Vsus.
1250 2558 1293 2592 12,
1312 2558 1356 2585 15.
1376 2567 1386 2583 ι
1400 2558 1548 2585 Translato
1570 2559 1643 2586 enim
1657 2559 1821 2590 sacerdotio,
1848 2568 1894 2587 nc-

1102 2613 1180 2634 cesse
1196 2608 1239 2633 est
1254 2608 1283 2632 ut
1294 2608 1318 2631 et
1330 2604 1398 2640 legis
1412 2605 1556 2632 translatio
1569 2605 1628 2633 ﬁat.
1640 2604 1668 2632 In
1683 2613 1739 2641 quo
1749 2606 1823 2633 enim
1839 2606 1896 2634 haec

1102 2653 1242 2679 dicuntur.
1261 2660 1270 2676 ›

1138 2698 1167 2725 Id
1195 2702 1254 2729 est,
1271 2697 1337 2724 illud
1354 2697 1478 2732 sequitur
1491 2717 1498 2729 ,
1522 2701 1550 2725 et
1566 2705 1614 2733 per
1627 2698 1693 2725 illud
1710 2698 1801 2725 omnia
1813 2699 1900 2734 gerit..

1107 2743 1162 2771 Nec
1176 2743 1248 2771 enim
1267 2743 1320 2770 dici
1347 2747 1446 2778 potest,
1477 2743 1630 2778 perfectum
1656 2744 1768 2779 quidem
1798 2744 1894 2777 fuisse,

1105 2794 1132 2816 at
1149 2796 1203 2816 non
1225 2788 1316 2818 itidem
1332 2789 1433 2825 populo
1445 2790 1635 2825 praepositum.
1653 2790 1692 2818 Eo
1709 2790 1782 2819 enim
1798 2791 1894 2818 uteba-

1103 2839 1159 2862 tur.
