2078 3113
192 137 247 170 963

769 132 800 162 S.
820 130 980 162 JOANNIS
999 128 1215 162 DAMASCENI

1777 128 1833 161 ’964

231 202 242 219 ι
260 192 298 220 De
314 191 366 218 alia
395 190 469 218 tribu
485 193 537 222 est,
561 188 595 217 de
606 195 660 224 qua
678 188 771 216 nullus
788 188 868 216 altari
885 191 986 223 praesto

1076 197 1085 214 ι
1101 187 1188 223 Φυλῆς
1200 187 1296 223 ἑτέρας
1311 186 1495 222 μετέσχηκεν,
1515 185 1561 219 ἀφ’
1575 182 1608 221 ἧς
1630 184 1720 216 οὐδεὶς
1745 191 1832 219 atpos-

193 239 256 267 l’uit.
286 238 392 275 [νειιε.
421 234 524 272 Η-ίϐ]
546 235 719 262 Manifestum
743 237 786 262 est
812 234 885 261 enim
917 232 982 267 quia

192 294 227 314 ex
254 285 325 312 Juda
339 288 418 312 ortus
445 286 488 311 est
519 281 654 309 Dominus
672 284 780 313 noster,
795 279 823 306 in
839 286 893 314 qua
910 278 984 305 tribu

193 332 263 360 nihil
276 331 309 358 de
324 329 479 357 sacerdotio
494 327 603 364 Moyses
635 327 746 355 locutus
758 329 811 354 est.
825 325 859 352 Et
871 324 989 360 amplius

195 378 284 405 adhuc
313 375 493 404 manifestum
515 378 570 406 est,
599 373 623 402 si
649 373 802 401 secundum
830 371 992 400 similitudi-

193 431 266 451 nem.
273 433 282 449 ι

228 468 286 495 Hoc
303 467 336 495 ad
365 473 415 494 eos
429 468 537 501 spectat
565 464 613 500 qui
633 463 730 492 dicunt
752 473 759 490 :
782 461 896 497 Ecquod
917 468 987 496 opus

193 519 252 544 erat
269 515 344 542 Novo
359 511 556 541 Testamento?

231 571 241 588 ‹
257 560 457 589 Melchisedech
470 561 600 593 exsurgat
621 557 692 585 alius
719 554 860 589 sacerdos,
871 553 919 589 qui
933 559 990 590 non

194 607 348 636 secundum
366 607 465 642 legem.
489 613 499 631 ι

228 653 286 681 Hoc
306 653 399 686 modo,
415 651 515 685 inquit,
532 649 701 677 Aaronieum
716 647 847 683 explosit.

229 708 240 724 ι
256 698 376 725 Mandati
392 695 513 724 carnalis
530 695 620 723 factus
635 698 705 722 est.»

228 744 284 771 Lm
301 744 402 779 quippe
414 748 462 777 per
478 740 571 767 omnia
583 740 705 768 carnalis
719 742 789 767 erat.
801 736 987 768 Circumcide.

196 790 299 826 inquit,
312 797 424 817 carnem
438 791 529 821 tuam,
547 795 619 823 unge
636 793 761 819 carnem,
780 792 893 813 carnem
917 784 989 816 lava,

196 844 307 864 carnem
324 835 400 864 rade.

1041 234 1142 270 ἐσχηκε
1158 233 1197 269 τῷ
1215 233 1408 269 Θυσιαστηρίῳ.
1421 232 1554 268 Πρόδηλον
1569 232 1635 267 γὰρ,
1645 231 1687 258 ὅτι
1700 230 1730 263 ἐξ
1747 230 1833 258 Ἰούδα

1041 280 1223 307 ἀνατέταλκεν
1251 281 1265 306 ὁ
1291 279 1393 314 Κύριος
1418 278 1507 314 ἡμῶν,
1534 278 1574 309 εἰς
1597 278 1630 313 ἣν
1647 276 1734 312 φυλὴν
1756 275 1834 302 οὐδὲν

1041 328 1106 363 περὶ
1128 325 1279 361 ἱερωσύνης
1292 325 1414 360 Μωῦσῆς
1426 324 1554 358 ὲλάλησε.
1569 323 1625 350 Καὶ
1639 322 1834 358 περισσότερον

1041 372 1081 400 ἔτι
1095 371 1247 406 κατάδηλόν
1262 371 1347 404 ἐστιν,
1366 371 1390 396 εί
1413 369 1484 396 κατὰ
1498 369 1547 404 τὴν
1561 368 1721 404 ὁμοιότητα.
1731 376 1743 393 ο

1077 459 1163 488 Τοῦτο
1182 459 1251 497 πρὸς
1269 459 1333 492 τοὺς
1357 459 1496 494 λέγοντας,
1513 458 1546 486 Τί
1572 457 1625 485 ἔδει
1641 454 1747 493 Καινῆς
1772 457 1834 484 Δια-

1040 508 1146 545 θήκηςὶ

1080 567 1090 583 ι
1112 555 1282 592 Μελχισεᾶκ
1298 554 1441 582 ἀνίσταται
1459 553 1551 590 ίερεὺς
1565 553 1669 588 ἔτερος,
1680 551 1710 584 ὃς
1720 551 1751 579 οὐ
1764 550 1836 578 κατὰ

1042 604 1134 639 νόμον.
1150 614 1158 630 ι

1079 650 1159 678 Οὕτω
1171 650 1236 686 γὰρ,
1253 651 1331 685 φησί,
1349 649 1400 685 τὴν
1421 648 1469 675 τοῦ
1495 647 1601 683 Ἀαρὼν
1617 646 1753 679 ἐξέϐαλεν.

1081 707 1091 724 ‹
1123 697 1250 732 Ἑντολῆς
1266 696 1401 732 σαρκίνης
1415 695 1522 730 γέγονε.
1546 703 1556 721 ›

1078 743 1158 770 Κατὰ
1182 743 1272 770 πάντα
1295 741 1350 777 γὰρ
1365 741 1448 776 νόμος
1466 740 1594 776 σάρκινος
1616 737 1660 775 ἦν.
1688 737 1834 774 Περῐτεμε,

1043 787 1119 823 φησὶ,
1147 787 1197 822 τὴν
1219 787 1309 823 σάρκα
1333 794 1399 818 σου,
1425 785 1519 820 χρίσον
1541 784 1592 820 τὴν
1611 785 1719 820 σάρκα,
1741 783 1837 810 λοῦσον

1041 834 1091 869 τὴν
1105 835 1204 870 σάρκα,
1217 832 1375 869 περίκειρον
1387 832 1438 868 τὴν
1454 831 1555 867 σάρκα.

179 888 187 897 ‘
231 891 241 908 ι
257 882 310 909 Sed
323 881 474 910 secundum
489 880 616 908 virtutem
631 878 691 905 vim
708 876 873 905 insolubilis.
892 875 992 912 Ufens.

1084 891 1093 907 ι
1124 879 1205 907 Ἀλλὰ
1221 878 1293 907 κατὰ
1308 878 1423 914 δύναμιν
1436 877 1510 912 ζωῆς
1523 875 1706 904 ἀκαταλύτου.
1722 876 1838 910 Μαρτυ-

198 929 254 965 l7]
271 929 451 956 Contestutur
480 927 553 955 enim
574 924 637 953 :Tu
657 932 687 953 es
715 924 846 953 sacerdos
869 924 898 951 in
911 927 993 951 teter-

198 982 263 1002 uum
279 973 433 1002 secundum
450 973 575 1001 ordinem
602 970 814 998 Melchisedech.
847 979 858 995 ι

231 1020 294 1048 Non
307 1019 520 1051 Melchisedech,
542 1017 589 1046 sed
607 1016 750 1049 Christus,
763 1015 809 1051 qui
825 1023 875 1043 sua
890 1015 994 1043 virtute

197 1066 279 1095 Vivit.

234 1112 293 1141 Hoc
320 1116 374 1146 est,
401 1118 456 1139 non
486 1115 682 1145 temporanew,
699 1111 746 1136 aut
770 1114 832 1143 quae
849 1107 932 1136 linem
946 1106 995 1134 ha-

198 1159 272 1189 beat.

233 1206 316 1234 Vens.
336 1203 433 1233 18-21.
447 1211 457 1230 ι
476 1202 643 1238 Reprobatio
658 1201 768 1236 quidem
796 1199 825 1227 lit
840 1199 996 1236 praeceden-

200 1253 237 1281 tis
253 1251 390 1284 mandati,
406 1254 520 1286 propter
536 1248 724 1276 inﬁrmitatem
740 1247 802 1282 ejus
820 1251 849 1273 et
861 1245 997 1273 inutilita-

205 1303 271 1326 tem.
286 1298 361 1325 Nihil
374 1297 447 1324 enim
469 1296 503 1323 ad
520 1294 673 1331 perfectum
696 1293 812 1320 adduxit
827 1293 870 1320 lex
885 1300 891 1318 :
910 1292 998 1319 intro-

201 1345 295 1373 ductio
324 1351 391 1371 vero
409 1343 534 1370 melioris
559 1341 629 1376 spei,
643 1347 691 1376 per
714 1346 798 1374 quam
810 1339 998 1375 proximamus

201 1393 236 1420 ad
262 1391 368 1419 Deum:
387 1393 415 1418 et
430 1392 566 1424 quantum
594 1391 707 1414 estnon
728 1386 789 1413 sine
813 1384 998 1420 jurejurando

202 1438 266 1475 (alii
289 1437 426 1472 siquidem
451 1433 633 1470 jurejurando
647 1432 807 1460 sacerdotes
823 1431 887 1459 facti
900 1430 997 1467 sunt),

202 1485 249 1512 hic
264 1487 355 1511 autem
381 1489 444 1509 cum
456 1479 652 1516 jurejurando,
671 1486 721 1514 per
736 1485 800 1506 eum
816 1477 865 1513 qui
884 1477 954 1505 dixit
963 1476 998 1504 ad

1045 928 1088 964 ρεῖ
1107 926 1162 964 γὰρ
1177 926 1219 953 ὅτι
1236 926 1268 953 σὺ
1282 925 1371 960 ἱερεὺς
1384 925 1424 956 εις
1437 923 1484 951 τδν
1498 922 1586 950 αἰῶνα
1603 922 1675 950 κατὰ
1697 922 1746 958 τὴν
1761 921 1838 955 τάξιν

1044 973 1224 1009 Μελχισεδέκ.
1246 981 1256 998 ι

1080 1020 1136 1055 Οὐχ
1158 1020 1172 1046 ὁ
1193 1017 1374 1054 Μελχισεδὲκ,
1395 1017 1454 1045 ἀλλ’
1469 1017 1484 1044 ὀ
1503 1015 1633 1051 Χριστὸς,
1656 1015 1687 1048 ὃς
1700 1014 1735 1051 τῇ
1750 1013 1839 1050 οἰκείᾳ

1045 1064 1158 1100 δυνάμει
1177 1062 1221 1099 ζῇ.
1598 1059 1610 1069 ’

1082 1111 1240 1143 Τουτέστιν,
1252 1110 1281 1137 οὺ
1296 1107 1477 1145 προσκαίρου,
1490 1107 1550 1135 οὐδὲ
1565 1107 1653 1143 πέρας
1666 1106 1786 1142 ἔχοντος.

1086 1219 1096 1236 ι
1118 1209 1259 1244 ’Δθέτησις
1271 1207 1320 1243 μὲν
1337 1206 1392 1242 γὰρ
1404 1206 1509 1241 γίνεται
1526 1205 1703 1242 προαγούσης
1717 1203 1838 1240 ἐντολῆς,

1047 1256 1092 1284 διὰ
1105 1256 1136 1283 τὸ
1148 1256 1235 1291 αὐτῆς
1249 1252 1362 1286 ἀσθενὲς
1377 1253 1422 1280 καὶ
1442 1252 1591 1287 ἀνωφελές.
1612 1251 1694 1279 Οὐδὲν
1710 1251 1766 1288 γὰρ
1780 1252 1839 1278 ἑτε-

1048 1303 1161 1330 λείωσεν
1175 1302 1189 1329 ὁ
1204 1301 1286 1335 νόμος
1296 1309 1303 1317 ·
1315 1299 1494 1335 ἐπεισαγωγὴ
1511 1299 1540 1327 δὲ
1551 1299 1706 1336 κρείττονος
1723 1298 1839 1332 ἐλπίδος,

1048 1349 1082 1376 δι’
1101 1346 1136 1385 ἦς
1160 1347 1307 1382 ἐγγίζομεν
1331 1345 1370 1381 τῷ
1384 1345 1461 1381 Θεῷ,
1479 1345 1527 1372 καὶ
1551 1344 1613 1372 καθ’
1628 1345 1689 1371 ὅσον
1710 1344 1741 1371 οὗ
1756 1343 1840 1380 χωρὶς

1049 1392 1244 1429 ὁρκωμοσίας·
1271 1391 1295 1418 οι
1314 1391 1363 1427 μὲν
1393 1390 1448 1426 γὰρ
1472 1390 1558 1425 χωρὶς
1575 1389 1749 1425 ὁρκωμοσίας
1773 1389 1859 1418 εἰσὶν,

1052 1440 1134 1473 ἱερεῖς
1147 1438 1307 1473 γεγονότες.
1331 1439 1345 1464 ὁ
1371 1437 1400 1464 δὲ
1417 1436 1486 1472 μετὰ
1513 1435 1704 1471 ὁρκωμοσίας,
1729 1435 1774 1462 διὰ
1794 1434 1842 1461 τοῦ

1050 1485 1177 1522 λέγοντος
1202 1484 1272 1520 πρὸς
1296 1483 1395 1511 αὐτόν·
1420 1483 1523 1518 ΙὨμοσε
1548 1481 1661 1516 Κύριος,
1679 1481 1728 1508 κα).
1748 1481 1778 1507 οὐ
1796 1489 1843 1516 με·

202 1531 279 1558 illum
304 1537 311 1556 :
327 1527 438 1556 Juravit
453 1526 599 1559 Dominus,
616 1529 643 1552 et
659 1532 715 1552 non
738 1524 883 1559 paenitebit
912 1531 975 1551 eum
989 1516 996 1551 ἐ

1053 1516 1284 1567 ταμεληόήσεται.
1305 1529 1342 1557 Σὺ
1360 1529 1449 1565 ἱερεὺς
1459 1516 1505 1560 ἐίς
1523 1528 1570 1555 τὸν
1591 1527 1677 1555 αἰῶνα
1694 1527 1765 1554 κατὰ
1793 1526 1843 1562 τὴν

204 1576 247 1604 Tu
267 1584 298 1604 es
317 1573 449 1603 sacerdos
476 1573 504 1600 in
527 1576 664 1600 reternum
693 1570 849 1599 secundum
873 1569 997 1598 ordinem

1053 1577 1130 1612 τάξιν
1144 1577 1321 1613 Μελχισεδέκ.
1346 1586 1355 1603 ι

205 1621 419 1651 Melchisedech.
439 1629 450 1646 ι

236 1665 394 1694 Ρτωεεάεηε
412 1662 585 1695 mandatum,
596 1661 698 1697 inquit,
717 1661 769 1689 hoc
784 1665 827 1689 est
843 1660 1001 1688 testamenti

204 1712 308 1740 veteris
323 1709 482 1738 mandatum
501 1712 565 1736 ante
576 1708 672 1740 latum,
684 1708 726 1734 lex
741 1707 882 1739 nimirum,
898 1705 1002 1734 rescis-

207 1767 270 1787 sum
287 1762 330 1786 est
357 1761 384 1785 et
399 1757 576 1792 abrogatum,
590 1763 623 1782 eo
639 1754 714 1790 quod
731 1754 838 1782 homini
855 1753 1003 1789 perfectio-

207 1812 270 1833 nem
288 1803 439 1832 conciliare
454 1810 511 1830 non
526 1805 632 1837 posset.
648 1802 683 1828 At
698 1799 788 1835 potior
804 1808 867 1835 spes
878 1799 1003 1827 introdu-

207 1855 252 1878 cta
285 1854 337 1883 est,
370 1849 473 1884 inquit,
498 1855 562 1883 quae
594 1854 646 1875 nos
668 1844 725 1874 Deo
754 1846 897 1881 proximos
925 1844 1001 1872 facit.

210 1894 315 1922 Novum
331 1894 438 1922 scilicet
455 1893 559 1925 innuit,
583 1900 633 1927 per
650 1891 723 1927 quod
740 1891 795 1919 Deo
808 1896 835 1919 et
848 1890 922 1918 Patri
935 1898 1003 1918 con-

208 1941 297 1976 juncti
326 1947 434 1972 sumus,
454 1939 582 1974 quodque
606 1938 673 1965 adeo
689 1937 806 1971 extollit,
819 1942 849 1965 ut
868 1945 924 1964 non
943 1937 1004 1965 sine

207 1985 388 2022 jurejurando
403 1985 492 2013 fuisse
507 1984 643 2012 sancitum
668 1983 742 2012 dicat
760 1992 767 2009 :
786 1991 849 2011 cum
867 1983 934 2011 illud
954 1991 1001 2012 ve-

210 2036 257 2060 tus
275 2032 336 2060 sine
361 2032 521 2065 iuramento
535 2030 630 2059 datum
645 2035 729 2058 esset.
746 2028 815 2058 Vide
829 2038 882 2065 qua
898 2029 1004 2057 ratione

210 2083 362 2113 utrumque
390 2081 491 2114 auget;
512 2085 544 2105 eo
571 2076 645 2112 quod
671 2084 762 2112 neque
784 2076 867 2104 linem
893 2076 1002 2109 habeat,

210 2124 445 2160 quemadmodum
461 2123 569 2158 legalis.
585 2123 654 2150 lluic
667 2129 734 2149 vero
749 2121 830 2149 ﬁnem
845 2121 1004 2156 impositum

210 2180 273 2200 esse
297 2171 445 2206 signiﬁcat,
471 2169 516 2198 ubi
544 2170 582 2197 ait
601 2177 609 2196 :
628 2169 781 2197 Secundum
797 2169 920 2196 uirtutem
944 2170 1004 2198 vitae

212 2215 361 2243 insolubilis
373 2219 396 2242 et
412 2214 604 2249 iurirjurandi.

248 2260 329 2296 243
344 2258 532 2287 ἤθελε-25.
554 2269 563 2287 ι
584 2260 614 2288 ln
637 2264 746 2287 tantum
769 2260 892 2289 melioris
919 2264 1006 2289 testa-

214 2306 301 2334 menti
320 2312 438 2341 sponsor
457 2305 548 2334 factus
573 2310 616 2333 est
646 2304 738 2334 Iesus.
766 2305 800 2333 Et
822 2306 869 2333 alii
895 2306 1006 2341 quidem

214 2353 309 2389 plures
325 2351 392 2379 facti
409 2355 475 2379 sunt
501 2351 671 2384 sacerdotes,
697 2352 802 2379 idcirco
821 2351 894 2386 quod
919 2355 1008 2380 morte

214 2397 430 2434 prohiberentur
462 2405 643 2433 permanere;
669 2397 715 2425 hic
744 2401 836 2426 autem
865 2405 913 2426 eo.
934 2397 1008 2433 quod

182 2453 184 2464 ι
216 2445 327 2470 maneat
339 2441 367 2470 in
387 2446 532 2475 aeternum,
545 2442 745 2477 sempiternum
768 2442 853 2470 habet
876 2442 1007 2470 sacerdo-

215 2487 285 2514 tium
301 2495 308 2513 :
323 2488 396 2516 unde
408 2492 436 2524 et
452 2488 560 2516 salvare
578 2488 606 2515 in
626 2492 791 2524 perpetuum
813 2492 906 2523 potest
928 2495 1008 2516 acce-

217 2532 315 2560 dentes
345 2540 394 2568 per
420 2533 600 2569 semetipsum
622 2534 658 2562 ad
686 2532 773 2562 Deum
790 2553 797 2567 ,
830 2541 940 2570 semper
966 2535 1007 2562 vi-

217 2585 294 2607 vens.
314 2587 324 2604 ι

253 2620 392 2654 Quoniam
410 2622 514 2658 juravit
531 2631 640 2659 semper
661 2631 725 2652 eum
753 2632 817 2652 esse
843 2633 1007 2660 permansu-

217 2674 301 2694 rum:
317 2667 392 2702 quod
414 2676 556 2704 nunquam
587 2669 710 2703 fecisset,
740 2670 794 2697 nisi
810 2669 892 2699 Jesus
913 2672 1008 2699 vivens

218 2716 303 2740 esset.
320 2712 456 2742 Caeterum
470 2715 580 2749 quoties
605 2716 777 2743 sacerdotem
797 2721 826 2743 ut
849 2718 1008 2745 ministrum

220 2758 313 2790 audis.
329 2759 419 2794 ipsum
435 2761 526 2797 cogita
541 2761 743 2790 exinanitionis
757 2755 930 2798 mysterium.
947 2773 953 2777 ’

1093 1661 1125 1691 Ἠ
1138 1663 1326 1699 προάγουσα,
1343 1664 1436 1700 φησὶν,
1452 1663 1575 1697 ἐντολὴ,
1590 1662 1729 1690 τουτέστιν
1745 1663 1763 1698 ἡ
1779 1670 1845 1697 προ-

1052 1708 1182 1745 δεδομένη
1198 1709 1294 1744 ἐντολὴ
1306 1710 1355 1745 τῆς
1367 1710 1488 1742 Παλαιᾶς
1500 1709 1637 1744 Διαθήκης
1646 1717 1652 1724 ·
1671 1708 1744 1743 λέγει
1759 1708 1788 1735 δὲ
1799 1708 1845 1735 τὸν

1053 1757 1154 1791 νόμον·
1179 1756 1329 1788 ἀθετεῑται,
1355 1757 1449 1792 φησὶν,
1483 1757 1530 1784 καὶ
1552 1756 1725 1787 ἐκϐάλλεται,
1750 1755 1845 1791 ἐπειδὴ

1053 1802 1197 1829 τελειῶσαι
1217 1803 1268 1829 οὐκ
1282 1802 1398 1838 ἠδύνατο
1411 1803 1457 1830 τὸν
1472 1802 1627 1838 ἄνθρωπον,
1655 1803 1846 1837 Ἐπασάγεται

1053 1848 1092 1880 δὲ,
1111 1847 1205 1884 φησὶν,
1222 1849 1239 1884 ὴ
1263 1849 1400 1884 κρείσσων
1424 1848 1513 1882 ἐλπὶς,
1533 1849 1550 1884 ἡ
1571 1849 1619 1876 καὶ
1640 1848 1751 1882 ἐγγίσαι
1773 1849 1847 1884 ἡμᾶς

1055 1894 1170 1921 ποιοῦσα
1186 1894 1225 1930 τῷ
1244 1893 1314 1930 Θεῷ.
1330 1895 1413 1929 Λέγει
1426 1895 1456 1922 δὲ
1471 1895 1519 1930 τὴν
1537 1895 1621 1927 Νέαν,
1644 1894 1678 1933 διξ
1693 1894 1778 1929 αὐτῆς
1793 1894 1846 1930 γὰρ

1056 1940 1233 1976 συνήφθημεν
1259 1939 1299 1976 τῷ
1321 1940 1381 1976 Θεῷ
1398 1941 1445 1967 καὶ
1470 1940 1576 1976 Πατρί·
1606 1940 1652 1967 καὶ
1677 1939 1780 1974 ταύτην
1805 1939 1848 1966 ἔτι

1055 1986 1164 2019 αὖξων,
1191 1987 1223 2014 οὐ
1245 1987 1330 2022 χωρὶς
1355 1986 1530 2023 ὁρκωμοσίας
1563 1986 1638 2021 λέγει
1669 1986 1846 2021 γεγενῆσθαι.

1062 2032 1170 2068 Ἐκείνη
1187 2032 1215 2059 δὲ
1238 2034 1256 2068 ἠ
1278 2033 1382 2060 παλαιὰ
1405 2033 1490 2069 χωρὶς
1512 2032 1687 2069 ὁρκωμοσίας
1707 2030 1752 2068 ἦν.
1777 2032 1849 2068 Ὅρα

1055 2077 1085 2104 δὲ
1108 2077 1168 2110 πῶς
1185 2078 1233 2105 καὶ
1247 2078 1281 2106 τὰ
1294 2078 1341 2105 δύο
1363 2078 1451 2112 eligat,
1465 2079 1506 2105 ὅτι
1520 2079 1571 2106 οὐκ
1586 2078 1644 2114 ἔχει
1657 2078 1734 2110 τέλος
1753 2077 1849 2113 ὥσπερ

1055 2125 1072 2160 ἡ
1089 2125 1188 2161 νομική
1205 2125 1273 2160 (ιο).
1291 2124 1376 2152 Τοῦτο
1388 2125 1416 2152 δὲ
1432 2125 1500 2160 αὐτῇ
1517 2125 1644 2161 σημαίνει
1657 2125 1712 2152 ἀπὺ
1725 2123 1773 2151 τοῦ
1785 2125 1850 2160 Χριε

1057 2170 1132 2198 στοῦ.
1155 2170 1238 2198 Κατὰ
1261 2171 1391 2206 δύναμιν
1409 2171 1474 2207 γὰρ,
1506 2171 1586 2207 φησὶ,
1607 2170 1683 2206 ζωῆς
1698 2170 1849 2199 ἀκαταλύ-

1020 2212 1042 2240 Ῑ)
1058 2225 1122 2250 του,
1141 2217 1192 2244 καὶ
1211 2217 1268 2245 τοῦ
1286 2217 1388 2252 ὅρκου.

1098 2272 1108 2290 ‹
1124 2263 1203 2290 Κατὰ
1219 2263 1345 2291 τοσοῦτον
1360 2264 1411 2291 καὶ
1430 2264 1584 2300 κρείττονος
1603 2265 1737 2301 διαθήκης
1753 2264 1850 2299 γέγονε

1059 2310 1159 2345 ἔγγυος
1183 2310 1296 2345 Ἰησοῦς,
1309 2311 1357 2338 καὶ
1374 2312 1399 2338 oi
1418 2311 1467 2346 μὲν
1492 2311 1615 2344 πλείονές
1629 2312 1683 2339 είσι
1708 2312 1850 2346 γεγονότες

1062 2356 1156 2391 ἱερεῖς,
1173 2356 1219 2383 διὰ
1229 2356 1261 2383 τὸ
1275 2356 1384 2393 θανάτῳ
1399 2356 1554 2384 κωλύεσθαι
1579 2357 1751 2393 παραμένειν
1762 2366 1768 2373 ’
1788 2359 1804 2385 ὁ
1819 2358 1848 2385 δὲ

1060 2402 1107 2429 διὰ
1121 2402 1152 2430 τδ
1165 2403 1258 2438 μένειν
1276 2403 1358 2431 αὑτὸν
1368 2404 1409 2436 είς
1421 2403 1467 2431 τὸν
1485 2404 1583 2437 αἰῶνα,
1601 2403 1779 2439 ἀπαράϐατον
1795 2403 1852 2439 ἔχει

1061 2448 1111 2483 τὴν
1129 2448 1292 2484 ἱερωσύνην.
1312 2449 1394 2476 Ὅθεν
1423 2449 1471 2476 καὶ
1489 2449 1586 2482 σώζειν
1600 2450 1640 2481 εἰς
1662 2449 1693 2476 τὸ
1721 2449 1852 2481 παντελὲς

1061 2494 1173 2521 δύναται
1185 2496 1249 2526 τοὺς
1262 2496 1498 2531 προσερχομένους
1512 2495 1547 2522 δι’
1562 2495 1644 2522 αὑτοῦ
1658 2495 1696 2530 τῷ
1702 2494 1771 2530 Θεῷ,
1784 2495 1852 2522 πάν-

1060 2548 1120 2566 τοτε
1137 2539 1200 2572 ζῶν.
1220 2550 1229 2566 ι

1098 2630 1160 2657 Ὅτι
1174 2630 1282 2666 ὤμοσεν
1293 2631 1368 2665 αὺτῷ
1383 2631 1428 2657 ἀεὶ
1442 2630 1523 2658 αὑτὸν
1532 2631 1653 2664 ἔσεσθαι,
1669 2631 1720 2658 οὐκ
1735 2630 1853 2659 ἄντοῦτο

1063 2676 1163 2708 ἐποίει,
1178 2677 1202 2703 εἰ
1216 2677 1254 2713 μὴ
1270 2677 1325 2710 ζῶν
1342 2674 1388 2713 ἦν.
1409 2677 1522 2709 Ὁσάκις
1535 2678 1562 2705 δὲ
1575 2678 1652 2714 ἱερέα
1668 2678 1685 2713 ἢ
1696 2677 1853 2713 λειτουργὸν

1063 2723 1184 2755 ἀκούεις,
1206 2723 1272 2750 αὐτὸ
1283 2723 1314 2750 τὺ
1326 2724 1375 2759 τῆς
1386 2723 1528 2756 κενώσεως
1545 2725 1629 2752 ὲννόει
1645 2725 1677 2751 τὸ
1693 2725 1852 2760 μυστήριον.

967 2810 1083 2838 NOTAE.

967 2811 989 2837 Ν
1077 2832 1083 2838 .

253 2850 313 2887 (l0)
333 2850 436 2882 Tcxtus
453 2853 567 2882 mutilus
582 2857 608 2882 et
624 2854 857 2884 obscurissimus.
963 2811 1073 2886 ιιοῖἷίξ
1075 2857 1156 2886 habet
1172 2858 1387 2894 Chrysostomus
1400 2860 1472 2889 unde
1493 2861 1643 2893 restaurari
1659 2859 1759 2896 possit.
