2078 3113
223 113 274 146 967

222 212 397 241 monstravit.
422 211 544 239 Observa
574 214 666 237 autem
699 212 834 243 quantum
865 206 1014 234 discrimen

222 259 259 286 sit
293 258 375 285 istius
410 258 444 284 ab
477 257 523 284 illo
552 266 558 283 :
585 255 689 290 quippe
716 261 778 282 cum
808 252 875 280 illud
905 251 1015 286 quidem

221 304 392 338 exemplum.
407 303 491 330 fuerit
515 306 543 330 et
571 301 669 336 figura,
694 300 747 327 hoc
774 302 866 326 autem
888 299 947 332 ipsa
967 304 1015 324 ve-

223 349 301 376 ritas.

260 401 270 417 ‹
288 391 365 425 Quod
391 391 556 419 melioribus
585 388 852 425 repromissionibus
880 387 1016 415 sancitum

222 441 275 465 est.
296 447 305 463 ι

259 483 458 521 Spiritualibus
471 489 581 517 nempe.
600 481 669 509 Illud
686 487 771 516 porro
791 479 928 514 promissa
943 481 1016 504 terra

221 529 442 556 Chauanaaorum
470 529 571 556 factum
600 532 642 555 est
661 537 668 555 :
685 527 758 554 unde
772 526 855 554 etiam
872 524 1016 559 explosum

223 570 292 605 fuit;
310 572 362 600 hoc
379 577 472 599 autem
489 575 593 599 manet.

262 618 345 645 Vsus.
363 618 437 647 7-12.
453 628 461 644 (
473 617 541 645 Nam
569 618 592 644 si
607 617 674 645 illud
692 616 771 652 prius
785 615 863 651 culpa
878 617 1016 645 vacasset,

223 673 277 692 non
293 665 390 699 utique
405 664 519 692 secundi
537 664 616 691 locus
631 664 833 698 inquii-eretur.
848 661 1017 696 Vituperans

221 712 295 738 enim
308 718 357 738 eos
371 710 458 737 dicit:
478 709 550 736 Ecce
568 709 627 737 dies
641 709 764 740 venient,
785 708 853 735 dicit
870 707 1016 739 Dominus,

221 762 249 785 et
265 756 469 784 consummatio
486 763 572 791 super
586 755 698 782 domum
723 754 808 782 lsrael
825 757 852 781 et
865 761 949 788 super
968 753 1018 780 do-

221 811 296 830 mum
324 802 394 829 Juda
419 806 617 829 testamentum
647 809 768 833 novum;
792 808 847 827 non
865 799 1017 827 secundum

221 851 419 882 testamentum
433 847 507 882 quod
526 846 578 874 feci
598 847 724 881 patribus
740 853 848 878 eorum,
864 846 890 871 in
909 844 953 871 die
964 851 1018 878 qua

222 892 393 927 apprehendi
418 899 529 918 manum
562 899 669 922 eorum,
700 896 729 917 ut
749 890 896 917 educerem
922 896 970 916 eos
984 888 1019 915 de

222 940 295 962 terra
321 935 433 970 [Egypti
455 945 461 962 :
486 935 617 970 quoniam
646 935 699 970 ipsi
725 942 780 961 non
807 938 1020 969 permanserunt

223 981 249 1008 in
275 985 436 1009 testamento
450 989 521 1014 meo,
548 984 575 1008 et
596 988 647 1016 ego
668 980 774 1015 neglexi
800 988 859 1013 eos,
879 980 946 1007 dicit
964 979 1020 1006 Do-

222 1028 325 1054 minus.
341 1026 411 1059 Quia
431 1027 481 1054 hoc
496 1031 539 1054 est
554 1030 751 1054 testamentum
781 1026 855 1060 quod
874 1026 1018 1061 disponam

221 1072 316 1099 domui
327 1072 412 1100 Israel
430 1076 492 1106 post
506 1071 566 1099 dies
586 1071 660 1103 illos,
677 1071 743 1098 dicit
759 1069 891 1097 Dominus
906 1077 912 1095 :
929 1069 1020 1096 dando

222 1117 295 1151 luges
319 1124 394 1143 meas
423 1117 451 1143 in
482 1121 602 1143 mentem
627 1123 736 1148 eorum,
760 1119 787 1142 et
816 1115 845 1141 in
863 1114 948 1141 corde
972 1121 1019 1141 eo-

222 1168 282 1187 rum
313 1161 520 1196 superscribam
536 1169 603 1193 eas;
631 1166 658 1188 et
683 1167 731 1187 ero
756 1159 797 1186 eis
821 1159 849 1186 in
875 1159 973 1191 Deum,
993 1163 1020 1185 et

222 1206 274 1240 ipsi
289 1210 371 1233 erunt
387 1206 451 1232 mihi
472 1208 498 1233 in
521 1206 663 1240 populum,
681 1209 709 1231 et
735 1211 788 1230 non
807 1203 918 1230 docebit
934 1210 1020 1229 unus-

223 1251 343 1286 quisque
371 1251 528 1285 proximum
558 1257 660 1281 suum,
687 1252 714 1276 ct
749 1248 941 1283 uuusquisque
966 1247 1020 1274 fra-

223 1302 291 1323 trem
319 1304 400 1323 suum
434 1297 530 1323 dicens
557 1304 563 1321 :
591 1295 734 1330 Cognosce
758 1294 923 1326 Dominum;
951 1300 1021 1328 quo~

223 1343 298 1369 niam
317 1349 416 1369 omnes
435 1342 524 1368 scient
539 1349 593 1372 me,
610 1348 624 1367 a
639 1341 744 1366 minore
771 1346 859 1374 usque
881 1338 913 1366 ad
932 1339 1020 1373 majo-

223 1397 281 1416 rem
290 1396 384 1415 eorum
397 1397 404 1421 ;
417 1387 479 1423 quia
495 1387 628 1422 propitius
644 1394 692 1413 ero
708 1385 900 1420 iniquitatibus
913 1392 1019 1416 eorum,

223 1438 250 1462 et
266 1438 442 1469 peccatorum
459 1440 554 1459 eorum
575 1431 632 1467 jam
648 1439 702 1458 non
721 1432 905 1458 memorabor.
927 1440 936 1456 ›

260 1522 317 1549 Hoc
331 1525 382 1554 est,
401 1521 424 1548 si
440 1519 703 1555 irreprebensibiles
719 1518 840 1546 fecisset.

260 1568 343 1596 Vens.
367 1567 410 1595 15.
429 1576 438 1591 ι
463 1566 585 1593 Dicendo
614 1570 706 1592 autem
737 1572 851 1595 novum,
881 1562 1020 1590 veteravit

224 1615 312 1650 prius.
327 1613 406 1647 Quod
430 1617 522 1640 autem
543 1611 704 1646 antiquatur
730 1615 757 1638 et
779 1609 911 1642 senescit,
936 1616 1020 1644 prope

224 1661 366 1687 interitum
383 1663 434 1686 est.
453 1668 462 1684 ι

259 1705 299 1732 Ex
329 1705 448 1739 ipsemet
487 1703 666 1730 tabernaculo
696 1702 846 1730 discrimen
884 1700 1017 1735 ostendit.

225 1751 342 1784 Quinam
356 1749 442 1777 vero?
454 1749 524 1782 Quia
539 1749 658 1783 primum
676 1748 786 1783 quidem
804 1752 930 1775 sanctum
943 1750 1017 1774 erat:

226 1795 374 1824 secundum
388 1803 454 1822 VBI'O
466 1795 596 1822 Sanctum
624 1799 794 1822 sanctorum.

551 1862 631 1889 CAP.
646 1862 692 1890 IX.

261 1930 345 1957 Vens.
375 1929 433 1956 1-4.
460 1938 469 1955 ι
489 1928 592 1957 Habuit
611 1929 721 1964 quidem
745 1932 773 1956 et
792 1928 869 1964 prius
884 1927 1020 1963 iustiﬁca-

226 1975 315 2003 tiones
329 1975 457 2006 culturae.
483 1978 509 2002 et
537 1978 664 2002 sanetum
683 1974 826 2002 saeculare.
842 1973 1021 2001 Tabernacu-

226 2021 283 2049 lum
304 2021 376 2048 enim
393 2023 436 2048 est
461 2019 563 2048 factum
594 2020 725 2056 primum,
743 2020 841 2055 inquo
857 2025 937 2047 erant
952 2027 1020 2047 can-

226 2068 349 2100 delabra,
364 2071 391 2095 et
406 2074 513 2099 mensa,
533 2071 561 2095 et
581 2067 737 2103 propositio
764 2073 878 2101 panum,
894 2073 956 2101 quas
978 2066 1022 2093 di-

226 2115 299 2141 citur
321 2117 430 2142 sancta.
448 2112 515 2141 POSt
532 2113 716 2141 velamentum
741 2116 832 2140 autem
855 2112 1020 2144 secundum,

848 103 886 134 'S.
900 101 1059 134 JOANNIS
1078 99 1293 130 DAMASCENI

257 167 391 201 Quoniam
419 166 531 194 auditus
560 165 621 192 visu
646 161 771 190 obtusior
796 165 849 193 est,
872 160 896 187 ei
918 159 1011 187 omnia
1027 161 1050 188 Α

1803 98 1862 130 968

1106 157 1215 191 Ἐπειδὴ
1235 158 1251 192 ἠ
1262 156 1331 191 ἀκοὴ
1339 155 1420 191 ἡμῶν
1432 154 1610 190 ἁμαθεστέρα
1621 155 1668 190 τῆς
1679 154 1767 190 δψεώς
1776 155 1861 185 ἐστιν.

1067 202 1168 236 ἔδειξεν
1181 202 1255 236 αύτῷ
1270 203 1371 229 πάντα.
1384 202 1486 228 Σκόπει
1503 201 1531 228 δὲ
1553 201 1636 228 πόσον
1654 201 1684 228 τὸ
1703 202 1785 236 μέσον
1799 201 1862 228 ταύι

1067 256 1117 283 της
1134 248 1203 283 πρὸς
1213 248 1334 283 ἐκείνην,
1348 247 1376 274 ετ
1399 257 1431 281 γε
1459 247 1552 282 ἐκείνη
1579 247 1631 282 μὲν
1646 247 1798 283 ὑπόδειγμα
1815 247 1861 275 καὶ

1068 294 1165 328 τύπος,
1182 294 1252 329 αὔτη
1264 294 1293 320 δὲ
1308 294 1434 330 ἀλήθεια.

1106 392 1115 408 ι
1133 382 1214 413 Ἦτις
1235 381 1282 408 ἐπὶ
1304 381 1459 417 κρείττοσιν
1488 382 1667 416 ἐπαγγελίαις
1685 382 1864 418 νενομοθέτη-

1068 437 1123 455 ται.
1144 438 1154 454 ι

1104 476 1171 507 Ταῖς
1197 475 1410 509 πνευματικαῖς.
1447 474 1554 509 Ἐκείνη
1585 474 1614 501 δὲ
1644 475 1705 506 ταῖς
1734 472 1785 508 τῇ
1811 474 1864 509 γῆς

1068 521 1122 548 τῶν
1136 521 1307 549 Χαναναίων.
1329 521 1375 548 Διὸ
1403 520 1461 553 καὶ,
1477 521 1494 556 ή
1519 520 1568 556 μὲν
1600 520 1775 556 ὲκὸέδληται,
1796 520 1864 556 ήλδὲ

1107 577 1158 594 νει.

1107 577 1158 594 νει.

1071 568 1116 640 μέ(
1128 614 1159 640 El
1175 614 1230 649 γὰρ
1243 614 1260 648 ἡ
1276 613 1373 649 ¹πρώτη
1396 613 1492 647 ’ἐκείνη
1508 610 1544 648 ἦν
1565 611 1721 648 ἄμεμπτος,
1751 613 1801 639 οὐκ
1826 612 1864 656 ᾖν

1068 660 1200 695 δευτέρας
1231 659 1355 694 ἐζητεῖτο
1378 658 1471 689 τόπος.
1503 659 1689 694 Μεμφόμενος
1704 658 1758 694 γὰρ
1771 659 1864 690 αὐτοῖς

1069 706 1158 741 λέγει’
1179 705 1244 733 Ἰδοὺ
1260 705 1364 741 ἡμέραι
1379 705 1514 740 ἔρχονται,
1529 704 1604 738 λέγει
1616 704 1728 740 Κύριος,
1742 704 1789 731 καὶ
1803 713 1865 731 συν-

1069 751 1170 778 τελέσω
1199 751 1245 777 ὲπὶ
1275 750 1321 776 τὸν
1348 747 1423 776 οἶκον
1451 749 1570 785 Ἰσραὴλ,
1597 750 1645 776 καὶ
1666 751 1712 776 ἐπὶ
1727 749 1772 776 τὸν
1791 747 1864 776 οἷκον

1076 797 1161 824 Ἰούδα
1175 797 1308 832 διαθήκην
1323 796 1431 831 καινήν,
1455 796 1486 822 ού
1514 796 1586 822 κατὰ
1600 796 1651 830 τὴν
1672 796 1817 831 διαθήκην,
1830 797 1864 832 ἣν

1036 832 1055 859 Β
1070 842 1187 877 ἐποίησα
1211 842 1268 872 τοῖς
1302 840 1441 876 πατράσιν
1464 840 1566 874 αὐτῶν,
1589 840 1618 866 ὲν
1629 840 1721 876 ἡμέρᾳ
1736 840 1863 867 ἐπιλαϐοη

1073 888 1155 922 μένου
1171 895 1222 922 μου
1233 887 1284 921 τῆς
1307 886 1398 922 χειρὸς
1424 885 1525 918 αὐτῶν,
1552 886 1697 920 ἐξαγαγεῖν
1711 886 1811 918 αὐτοὺς
1830 887 1864 913 ὲκ

1070 933 1122 967 τῆς
1136 932 1277 967 Αἰγύπτου
1288 941 1295 948 ·
1320 933 1361 959 ὅτι
1376 933 1455 960 αὐτοὶ
1473 933 1523 959 οὐκ
1548 932 1691 967 ἐνέμειναν
1708 933 1738 959 ὲν
1751 934 1784 968 τῇ
1804 933 1863 960 δια-

1071 979 1141 1014 θήκῃ
1155 987 1216 1014 μου,
1232 978 1313 1012 κάγὼ
1329 979 1455 1013 ἠμέλησα
1470 978 1569 1010 αὐτῶν,
1583 978 1659 1012 λέγει
1675 978 1787 1013 Κύριος.
1802 978 1863 1004 Ὀτι

1071 1024 1140 1060 αὕτη
1156 1025 1172 1059 ἡ
1189 1024 1317 1058 διαθήκη,
1351 1024 1385 1058 ἢν
1401 1022 1566 1058 διαθήσομαι
1588 1022 1627 1057 τῷ
1647 1022 1715 1058 οἴκῳ
1744 1022 1862 1058 Ἰσραὴλ,

1073 1071 1142 1107 μετὰ
1159 1071 1209 1102 τὰς
1223 1070 1332 1106 ἡμέρας
1348 1070 1467 1101 ὲκείνας.
1486 1069 1561 1104 λέγει
1588 1069 1701 1105 Κύριος,
1716 1068 1804 1101 διδοὺς
1819 1069 1863 1095 νό-

1073 1125 1140 1152 μους
1157 1125 1209 1152 μου
1225 1116 1265 1148 εἰς
1279 1116 1328 1151 τὴν
1344 1116 1468 1143 διάνοιαν
1483 1115 1586 1148 αὐτῶν,
1602 1115 1650 1142 καὶ
1667 1115 1714 1142 ἐπὶ
1732 1115 1781 1146 τὰς
1797 1123 1864 1150 καρ-

1071 1164 1130 1195 δίας
1142 1163 1231 1190 αὐτῶν
1251 1162 1398 1198 ἐπιγράψω
1415 1162 1525 1195 αὐτοὺς,
1537 1163 1585 1189 καὶ
1599 1162 1698 1197 ἔσομαι
1716 1162 1808 1193 αὐτοῖς
1823 1162 1863 1193 εἰς

1071 1210 1148 1241 Θεὸν,
1166 1210 1214 1236 καὶ
1226 1210 1304 1236 αὐτοὶ
1335 1209 1443 1236 ἔσονταί
1460 1218 1506 1244 μοι
1524 1209 1564 1241 εἰς
1580 1209 1653 1240 λαὸν,
1669 1208 1718 1235 καὶ
1729 1208 1759 1234 οὺ
1775 1208 1812 1243 μὴ
1825 1207 1864 1234 δι-

1070 1254 1186 1287 δάξωσιν
1199 1255 1314 1286 ἕκαστος
1330 1254 1376 1280 τὸν
1390 1254 1503 1288 πολίτην
1521 1253 1616 1284 αὐτοῦ,
1629 1253 1676 1280 καὶ
1690 1253 1806 1284 ἕκαστος
1818 1253 1863 1279 τδν

1071 1300 1185 1334 ἀδελφὸν
1199 1298 1292 1333 αὐτοῦ,
1307 1300 1406 1333 λέγων,
1422 1300 1509 1326 Γνῶθι
1526 1300 1571 1326 τὸν
1588 1299 1700 1334 Κύριον,
1711 1300 1752 1325 ὅτι
1764 1298 1864 1330 πάντες

1071 1346 1208 1380 εἰδήσουσί
1227 1355 1261 1381 με
1277 1346 1332 1372 ἀπὸ
1349 1345 1448 1381 μικροῦ
1461 1345 1552 1372 αὐτῶν
1565 1345 1618 1375 ἕως
1633 1344 1752 1380 μεγάλου
1762 1344 1862 1375 αὐτῶν,

1071 1392 1111 1418 ὅτι
1140 1392 1220 1423 ἵλεως
1248 1391 1346 1426 ἔσομαι
1373 1393 1432 1422 ταῖς
1460 1391 1579 1422 ἀδικίαις
1604 1390 1705 1421 αὐτῶν,
1737 1390 1784 1416 καὶ
1807 1389 1863 1415 τῶν

1072 1437 1213 1472 ἁμαρτιῶν
1238 1437 1339 1471 αὐτῶν,
1367 1437 1415 1464 καὶ
1439 1437 1494 1463 τῶν
1519 1437 1641 1472 ἀνομιῶν
1665 1436 1756 1464 αὐτῶν
1778 1436 1808 1463 οὺ
1826 1435 1863 1470 μὴ

1033 1504 1054 1533 C
1074 1483 1186 1518 μνησθῶ
1205 1483 1256 1508 ἐτι.
1275 1492 1284 1508 ι

1107 1528 1264 1560 Τουτέστιν,
1284 1529 1308 1554 εἰ
1322 1528 1485 1563 ἀμέμπτους
1499 1528 1596 1554 ἐποίει.

1110 1583 1120 1600 ‹
1149 1574 1193 1600 Ἐν
1207 1574 1246 1609 τῷ
1255 1573 1346 1608 λέγειν
1360 1573 1467 1609 καινὴν,
1483 1573 1662 1600 πεπαλαίωκε
1680 1573 1729 1607 τήν
1742 1571 1862 1607 πρώτην.

1072 1618 1109 1645 Τὸ
1123 1619 1152 1645 δὲ
1164 1618 1376 1654 παλαιούμενον,
1392 1619 1439 1645 καὶ
1455 1618 1669 1654 γεγερασμένον,
1695 1615 1779 1651 Hyla;
1794 1617 1865 1651 ἀφα-

1071 1662 1181 1699 νισμοῦ.
1205 1673 1214 1689 ι

1107 1709 1234 1737 Δείκνυσι
1249 1709 1279 1736 τὸ
1292 1709 1421 1744 διάφορον
1438 1709 1485 1735 καὶ
1513 1709 1559 1735 ἀπ’
1575 1709 1659 1744 αὐτῆς
1679 1708 1728 1744 τῆς
1750 1708 1863 1743 σκηνῆς·

1071 1754 1151 1788 Πῶς;
1165 1755 1182 1790 ή
1195 1755 1242 1790 μὲν
1257 1754 1353 1790 πρώτη
1367 1754 1433 1788 ἆγια
1442 1755 1475 1789 ’ἠ
1491 1754 1520 1780 δὲ
1531 1754 1656 1789 δευτέρα,
1672 1754 1756 1788 Ἅγια
1769 1754 1863 1789 ἁγίων.

1379 1869 1505 1896 ΚΕΦΑΛ.
1521 1869 1558 1896 Θ¹.

1110 1946 1119 1962 ι
1139 1934 1203 1972 Εἶχε
1216 1935 1266 1972 μὲν
1282 1933 1384 1963 οὖνκαὶ
1400 1937 1416 1971 ὴ
1431 1935 1529 1971 πρώτη
1541 1935 1715 1971 δικαιώματα
1725 1936 1864 1972 λατρείας.
1905 1954 1909 1958 .

1072 1984 1144 2010 τότε
1160 1982 1237 2017 ἅγιον
1249 1982 1394 2018 κοσμικόν.
1417 1982 1509 2018 Σκηνὴ
1530 1982 1585 2018 γὰρ
1610 1982 1818 2019 κατεσκευάσθη
1846 1984 1863 2018 ή

1072 2028 1182 2065 πρώτη,
1193 2029 1223 2056 ὲν
1266 2029 1284 2063 ἦ
1295 2037 1324 2055 τε
1335 2028 1443 2063 λυχνία,
1456 2027 1503 2055 καὶ
1516 2028 1533 2064 ἡ
1545 2028 1680 2063 τράπεζα,
1699 2029 1746 2056 καὶ
1761 2030 1778 2064 ἡ
1795 2030 1866 2066 πρός

1072 2075 1147 2106 θεσις
1165 2075 1220 2102 τῶν
1243 2074 1372 2110 ᾶρτων,ή
1390 2082 1432 2106 τις
1446 2074 1555 2108 λέγεται
1579 2074 1655 2109 ἅγια.
1676 2075 1754 2103 Μετὰ
1780 2076 1809 2103 δὲ
1834 2076 1865 2103 τὺ

1072 2121 1200 2156 δεύτερον
1230 2120 1450 2155 καταπέτασμα,
1481 2120 1568 2156 σκηνὴ
1587 2121 1604 2156 ή
1620 2121 1766 2157 λεγομένη,
1781 2122 1866 2157 ’Δγια

227 2159 449 2191 tabernaculum,
474 2158 550 2194 quod
577 2158 680 2186 dicitur
706 2157 809 2185 Sancta
836 2162 1017 2186 sanctorum:

1072 2167 1170 2201 ἁγίων,
1185 2165 1304 2202 χρυσοῦν
1320 2166 1421 2201 ἔχουσα
1431 2165 1625 2202 θυμιατήριον,
1645 2166 1693 2194 καὶ
1712 2167 1762 2203 τήν
1779 2168 1865 2195 κιϐω-

227 2213 342 2234 aureum
371 2206 475 2233 habens
500 2205 686 2238 thuribulum,
699 2209 728 2233 et
747 2212 842 2233 arcam
863 2205 1020 2234 testamenti

227 2251 438 2278 circumtectam
454 2258 488 2278 ex
515 2250 590 2278 omni
615 2255 693 2286 parte
715 2258 796 2282 auro,
824 2250 851 2278 in
870 2258 925 2286 qua
950 2258 1019 2278 urna

227 2303 312 2324 aurea
327 2295 432 2323 habens
460 2303 572 2327 manna,
594 2299 621 2323 et
644 2296 722 2332 virga
742 2295 836 2322 Aaron
860 2303 922 2330 qua:
945 2295 1020 2323 fron-

228 2344 336 2375 duerat,
357 2346 383 2369 et
397 2341 498 2368 tabula:
511 2341 677 2368 testamenti.
698 2350 707 2366 ι

262 2387 484 2422 Justiﬁcationes,
502 2387 579 2422 signa
594 2394 627 2414 ac
647 2387 771 2422 symbola
786 2387 914 2422 appellat.

265 2433 400 2461 δικαίωνε
414 2437 441 2460 et
463 2432 633 2459 mundanum
660 2432 740 2466 dicit,
759 2433 889 2467 quoniam
920 2432 1021 2460 licebat

229 2480 358 2508 omnibus
370 2480 437 2508 illud
450 2481 555 2516 ingredi
570 2489 578 2507 :
593 2485 676 2515 atque
686 2479 850 2509 manifestus
868 2485 927 2508 erat
943 2481 1021 2508 locus

230 2526 258 2552 in
271 2525 353 2553 hacce
366 2525 459 2558 domo,
475 2526 503 2553 in
527 2533 582 2561 quo
594 2525 755 2554 sacerdotes
782 2529 899 2558 starent,
912 2527 938 2554 in
966 2534 1021 2562 quo

229 2571 369 2604 Judaei,in
381 2580 436 2607 quo
463 2574 606 2610 proselyti,
630 2574 728 2609 inquo
752 2574 882 2608 gentiles,
914 2574 942 2600 in
967 2582 1021 2610 quo

231 2617 362 2645 Nazareni.
381 2618 610 2654 Quandoquidem
641 2621 771 2648 omnibus
795 2620 920 2655 pervium
950 2625 1020 2654 erat,

232 2662 259 2690 id
287 2663 406 2698 appellat
428 2664 566 2692 szcutare.
590 2665 738 2694 Enimvero
768 2665 927 2694 Iudaeorum
954 2674 1020 2702 gens

231 2708 350 2736 mundus
373 2716 426 2736 non
444 2715 513 2737 erat.

269 2753 480 2782 Tabernaculum
492 2763 539 2783 seu
553 2756 742 2786 habitaculum
757 2763 838 2787 vocat
853 2759 888 2786 ab
910 2758 1020 2786 inhabi-

235 2799 328 2828 tando.

1070 2212 1117 2239 τὸν
1133 2212 1183 2247 τῆς
1197 2212 1331 2248 διαθήκης
1343 2213 1623 2250 περικεκαλυμμένην
1644 2214 1776 2242 πάντοθεν
1799 2224 1866 2251 χρυ-

1072 2257 1134 2292 σίῳ,
1157 2259 1187 2284 ιν
1257 2258 1375 2294 στάμνος
1397 2259 1485 2294 χρυσῆ
1508 2259 1609 2295 ἔχουσα
1626 2260 1656 2287 τὸ
1674 2261 1775 2295 μάννα,
1789 2262 1864 2297 καὶὴ

1072 2304 1170 2338 ῥάϐδος
1192 2303 1298 2340 Ἀαρὼν
1312 2306 1329 2340 ή
1348 2305 1534 2342 βλαστήσασα,
1567 2306 1614 2334 καὶ
1642 2308 1669 2334 αἱ
1690 2307 1795 2339 πλάκες
1815 2307 1866 2341 τῆς

1071 2350 1212 2386 διαθήκης.
1232 2359 1241 2376 ι

1107 2396 1292 2430 Δικαιώματα
1304 2396 1343 2428 δὲ,
1359 2396 1484 2432 σύμϐολά
1494 2405 1588 2432 φησιν.

1104 2441 1258 2476 Κοσμικὸν
1277 2442 1364 2476 λέγει,
1380 2443 1476 2479 ἐπειδὴ
1495 2444 1579 2471 πᾶσιν
1598 2445 1863 2479 ὲφεῖτοὲπιϐαίνειν,

1073 2488 1120 2515 καὶ
1135 2487 1252 2524 φανερὸς
1265 2485 1299 2523 ἦν
1312 2488 1395 2520 τόπος
1411 2489 1440 2516 ὲν
1463 2489 1502 2525 τῷ
1518 2490 1593 2526 αὐτῷ
1603 2492 1681 2526 οἴκῳ,
1700 2491 1763 2521 ἔνθα
1778 2492 1803 2518 οί
1828 2493 1867 2518 εε-

1073 2535 1131 2569 ρεῖς
1146 2534 1333 2570 είστήκεισαν,
1365 2534 1432 2562 ἔνθα
1452 2536 1584 2569 Ἰουδαῖοι,
1609 2537 1673 2564 ἔνθα
1688 2538 1864 2574 προσήλυτοι,

1073 2579 1138 2607 ἔνθα
1159 2580 1291 2616 ’Έλληνες
1307 2581 1354 2607 καὶ
1373 2581 1540 2616 Ναζωραϊοι.
1565 2582 1674 2618 Ἐπειδὴ
1693 2583 1761 2611 πᾶσι
1783 2583 1866 2619 βατδν

1071 2622 1115 2661 ἦν,
1130 2626 1278 2660 κοσμικόν
1303 2627 1370 2653 αὐτὸ
1391 2627 1479 2654 καλεῖ.
1508 2628 1546 2655 Οὐ
1573 2628 1628 2664 γὰρ
1648 2629 1680 2666 δὴ
1707 2629 1829 2658 Ἰουδαῖοι
1849 2631 1865 2657 ὁ

1072 2671 1174 2706 κόσμος
1186 2669 1231 2707 ἦν.

1109 2760 1233 2795 Σκηνὴν
1246 2761 1333 2795 καλεῖ,
1350 2762 1425 2798 παρὰ
1439 2763 1469 2790 τὸ
1484 2764 1600 2799 σκηνοῦν
1616 2764 1685 2794 ἐκεῖ.
