2078 3113
187 163 240 193 969

750 163 792 197 ΙΝ
813 166 933 196 EPIST.
955 166 1005 197 AD
1021 162 1220 196 HEBREOS.

1766 163 1820 195 970

227 231 237 248 ι
258 218 403 257 Ὑπεράνω
412 220 441 247 δὲ
456 219 543 256 αὐτῆς
553 219 696 255 Χερουϐὶμ
715 219 807 255 δόξης,
823 218 977 246 κατασκιά-
991 239 998 252 Α

1064 217 1149 247 Vsus.
1161 218 1222 246 5-7.
1233 225 1244 244 ι
1256 216 1399 253 Superque
1408 223 1470 245 eam
1479 219 1560 245 erant
1567 215 1716 244 Cherubim
1730 216 1824 253 gloria:

188 266 270 300 ζοντα
280 266 311 293 τὺ
326 265 494 300 ἱλαστήριον.
514 273 525 290 ›

231 312 303 339 ’Δντὶ
311 311 370 343 τοῦ,
389 311 425 338 τὰ
437 310 544 343 ἔνδοξα.

226 367 236 384 ι
250 358 319 393 Περὶ
336 355 374 385 ὢν
386 357 437 384 οὐκ
457 356 516 384 ἐστι
537 356 585 384 νῦν
607 357 698 392 λέγειν
709 356 781 384 κατὰ
797 356 892 392 μέρος.
913 355 983 383 Τού-

189 411 245 432 των
262 403 290 430 δὲ
305 403 378 430 οὕτω
387 403 666 439 κατεσκευασμένων,
686 404 728 435 είς
743 403 793 438 μὶν
804 402 855 438 τὴν
869 401 984 438 πρώτην

192 448 295 484 σκηνὴν
308 448 351 475 διὰ
370 448 472 480 παντὸς
498 448 617 474 εἰσίασιν
639 449 666 475 οἱ
686 449 780 484 ιερεῑς,
793 447 844 480 τὰς
855 447 984 483 λατρείας

193 493 392 527 ἐπιτελοῦντες,
404 495 445 525 εις
461 494 490 521 δὲ
499 494 548 530 τὴν
557 494 688 530 δευτέραν
704 504 715 522 ι

234 539 279 571 Ὠς
296 539 403 575 μακροῦ
417 539 535 574 δεόμενα
548 539 629 573 λόγου
640 558 648 567 .

232 593 242 610 ι
259 583 352 617 "Arrcti
360 583 408 610 τοῦ
417 583 542 611 ἐνιαυτοῦ
561 583 641 619 μόνος
660 584 675 610 ό
690 583 848 620 ἀρχιερεὺς,
871 585 904 612 οὐ
923 593 982 620 χω·-

195 631 239 666 ρὶς
254 629 382 665 αἵματος,
396 629 410 656 ὃ
421 630 571 666 προσφέρει
585 630 656 666 ὑπὲρ
668 629 776 663 ἑαυτοῦ,
804 630 853 657 καὶ
865 629 921 657 τῶν
937 630 985 658 τοῦ

193 675 260 703 λαοῦ
272 676 466 711 ἀγνοημάτων,
480 676 560 703 τοῦτο
581 675 725 711 δηλοῦντος
751 675 799 702 τοῦ
827 676 986 712 Πνεῦματος

195 721 286 756 ἁγίου,
302 721 387 757 μήπω
401 729 412 747 ›

232 766 293 794 ἰνα
309 766 347 803 μὴ
357 766 485 801 λέγωσιν,
502 766 543 793 ὅτι
554 766 617 798 Πῶς
642 766 691 802 μία
713 767 792 794 θυσία
811 767 988 795 τετελείωκεν

197 812 237 844 εις
249 812 279 839 τὸ
307 812 450 847 διηνεκές;
469 811 606 840 δείκνυσιν
633 812 718 848 αὐτὴν
739 813 843 841 ἄνωθεν
867 814 923 841 ἀπὸ
940 813 987 840 τοῦ

197 857 351 894 ἀρχιερέως
374 859 636 894 προτετυπωμένην.
658 858 693 885 Et
719 867 751 894 γε
774 860 919 897 ἁγιωτέριιθ
940 861 989 888 καὶ

199 891 312 940 φρικτὴ,
328 904 379 940 μία
398 891 446 940 ἦν,
474 904 521 932 καὶ
542 891 629 936 -πῶςό
643 891 887 941 ἀρχιερεὺς-ἅπαξ
904 915 990 943 προσ-
1005 891 1027 920 Β

198 949 281 977 item:
289 959 296 977 :

235 959 248 976 ε
269 959 296 977 ε-

215 959 476 1033 φιρΠεφανερῶσθαι
498 997 547 1033 τὴν
571 998 627 1025 τῶν
652 999 740 1034 ἁγίων
763 999 844 1032 ὁδὸν,
866 999 909 1026 ἔτι
939 999 992 1036 τῆς

200 1041 313 1078 πρώτης
333 1043 438 1078 σκηνῆς
463 1043 580 1080 ἐχούσης
609 1045 717 1079 στάσιν,
740 1045 803 1081 ῆτις
819 1045 962 1082 παραϐολὴ
978 1055 989 1072 ι

242 1133 449 1169 ’Δπεκρύτιτετο
477 1135 613 1169 ἐνταῦθα,
644 1137 751 1173 φησὶν,
778 1137 796 1174 ἡ
823 1137 944 1174 προτέρα
965 1142 992 1171 1,

203 1180 297 1216 ἐπειδὴ
316 1180 403 1213 οὕτως
419 1181 579 1218 ἐνειστήκει
601 1183 689 1219 αὐτῆς
715 1185 730 1211 ὁ
758 1184 866 1220 καιρός.
885 1183 940 1212 'Hv
963 1185 994 1212 δὶ

201 1223 290 1297 οὗτοςό
302 1227 317 1253 ὁ
331 1227 381 1262 τῆς
397 1228 544 1264 ἐπιδημίας
555 1228 603 1256 τοῦ
624 1229 757 1265 Χριστοῦ,
770 1230 805 1257 δι’
818 1227 850 1258 οῦ
862 1231 910 1258 καὶ
926 1231 995 1266 ἔφα·-

204 1280 275 1297 ναοω
292 1279 321 1297 ⁵η.

204 1271 321 1308 ναρώθη.

243 1328 253 1345 ι
265 1317 312 1350 Είς
322 1318 367 1346 τὸν
383 1318 480 1354 καιρὸν
496 1319 541 1347 τδν
552 1320 731 1356 ἐνεστηκότα,
746 1321 808 1348 καθ’
820 1321 850 1348 δν
866 1321 941 1357 δῶρά
963 1326 996 1349 τι

205 1366 253 1392 καὶ
266 1364 357 1391 θυσίαι
370 1364 582 1400 προσφέρονται,
611 1365 649 1400 μὴ
674 1365 812 1401 δυνάμενα
834 1366 906 1393 κατὰ
931 1375 994 1394 συν-

205 1410 308 1446 είδησιν
318 1409 463 1438 τελειῶσαι
478 1410 524 1437 τὸν
535 1410 712 1446 λατρεύοντα.
732 1420 743 1437 ι

241 1452 398 1488 Τουτέστιν,
409 1456 424 1482 δ
436 1456 521 1487 τύπος
550 1456 657 1491 γέγονε,
679 1456 741 1483 καθ’
764 1454 794 1484 ὃν
809 1457 885 1493 δῶρά
900 1466 930 1485 τε
947 1458 996 1485 καὶ

206 1500 298 1528 θυσίαι
311 1500 524 1536 προσφέρονται,
542 1501 581 1537 μὴ
594 1502 744 1537 δυνάμεναι
756 1503 828 1531 κατὰ
842 1504 996 1540 συνείδησιν

205 1545 348 1574 τελειῶσαι
362 1547 408 1574 τὸν
421 1547 598 1583 λατρεύοντα.

241 1635 276 1662 Δί
292 1634 347 1670 γὰρ
361 1634 463 1668 θυσίαι,
475 1635 507 1662 οὺ
524 1634 570 1662 τδν
583 1635 638 1662 ἀπὸ
651 1636 742 1672 ψυχῆς
763 1636 850 1673 ῥύπον
866 1638 996 1672 ἠφίεσαν,

207 1681 264 1708 ἀλλ’
278 1680 319 1707 ἐτι
335 1681 401 1715 περὶ
415 1681 497 1716 σῶμα
517 1678 600 1717 ἦσαν,
619 1682 691 1709 κατὰ
704 1681 785 1718 νόμον
798 1683 936 1718 σαρκικῆς
952 1684 998 1709 ὲν-

207 1726 297 1762 τολῆς.
311 1724 349 1753 Οὐ
375 1726 429 1762 γὰρ
454 1726 487 1762 δὴ
501 1727 639 1763 μοιχείαν,
665 1727 713 1754 καὶ
729 1727 829 1764 φθόνον
853 1728 997 1764 οὐδὲίερο-

208 1772 304 1800 συλίαν
314 1772 422 1807 ἀφιέναι
432 1772 573 1808 ἠδύναντο.

245 1869 256 1887 ι
274 1860 365 1888 Μόνον
381 1860 428 1887 ἐπὶ
443 1859 581 1896 βρώμασι,
597 1861 645 1888 καὶ
659 1861 774 1897 πόμασι,
788 1861 835 1889 καὶ
859 1861 998 1897 διαφόροις

210 1906 386 1942 βαπτισμοῖς.
406 1915 416 1932 ι

245 1951 394 1985 Δοκοῦντα,
408 1951 502 1987 φησὶν,
517 1951 660 1988 καθαίρειν
677 1952 728 1988 τὴν
742 1952 843 1988 σάρκα.

248 2006 258 2024 ι
274 1997 329 2026 Καὶ
340 1997 507 2033 δικαιώμασι
523 1997 635 2034 σαρκὸς,
663 1998 747 2033 μέχρι
773 1999 872 2034 καιροῦ
886 1998 1000 2034 διορθώ-

211 2049 280 2076 σεως
312 2043 485 2078 ἐπικείμενα.
502 2044 620 2079 Χριστὸς
643 2043 674 2071 δὲ
697 2045 918 2080 παραγενόμενος
932 2046 1001 2081 ἀρχ-

212 2091 303 2127 ιερεὺς
314 2090 369 2117 τῶν
381 2089 532 2126 μελλόντων
543 2090 664 2125 ἀγαθῶν,
688 2099 699 2117 ι
1016 2103 1019 2106 ν

246 2136 557 2172 Καιρὸνδιορθώσεως,
568 2136 616 2164 τὸν
629 2137 680 2173 τῆς
690 2138 843 2173 παρουσίας
859 2138 939 2166 καλεῖ
952 2137 1000 2166 τοῦ

212 2181 342 2218 Χριστοῦ.
354 2182 437 2217 Λέγει
450 2180 496 2210 οὖν
516 2183 558 2210 ὅτι
575 2183 702 2219 ὠφέλιμα
715 2181 750 2219 ἦν
768 2184 822 2220 πρὸ
834 2184 882 2211 τοῦ
903 2185 1000 2220 καιροῦ

209 2229 262 2264 τῆς
278 2229 460 2265 διορθώσεως,
473 2229 542 2265 μετὰ
554 2230 583 2257 δὲ
596 2230 686 2258 ταῦτα
701 2231 841 2267 ἀνωφελῆ.

252 2283 266 2300 ι.
279 2275 329 2301 Διὰ
352 2275 404 2309 τῆς
429 2275 553 2310 μείζονος
583 2275 630 2302 καὶ
649 2275 820 2311 τελειοτέρας
842 2277 959 2313 σκηνῆς,
971 2278 1001 2304 οὐ

212 2320 416 2355 χειροποιήτου,
426 2319 566 2346 τουτέστιν
579 2320 610 2346 οὺ
627 2321 729 2355 ταύτης
745 2321 794 2357 τῆς
804 2321 931 2354 κτίσεως,
942 2323 1003 2350 οὐδὲ

213 2364 248 2390 δι’
269 2364 384 2399 αἵματος
394 2363 506 2399 τράγων
529 2364 578 2391 καὶ
606 2365 726 2400 μόσχων,
744 2365 789 2393 διὰ
801 2367 831 2393 δὶ
858 2367 906 2394 τοῦ
937 2367 1003 2395 ἰδίου

214 2408 330 2444 αἵματος
341 2409 466 2445 εἰσῆλθεν
482 2411 593 2445 ἐφάπαξ
619 2412 660 2444 είς
675 2411 710 2438 τὰ
725 2412 818 2446 Ἅγια,
842 2413 953 2441 αίωνίαν
960 2414 1005 2441 λύ-

215 2464 317 2490 τρωσιν
328 2456 489 2492 εὑράμενος.
505 2457 536 2484 El
551 2459 607 2494 γὰρ
619 2459 649 2485 τὸ
665 2457 735 2494 αἷμα
747 2459 856 2495 ταύρων
876 2460 923 2487 καὶ
937 2461 1003 2497 τρά-

214 2510 281 2537 γων,
295 2502 342 2528 καὶ
355 2502 453 2534 σποδὸς
473 2503 618 2539 δαμάλεως
639 2504 806 2540 ῥαντίζουσα
827 2507 891 2538 τοὺς
912 2516 1004 2534 κεκοια

214 2546 351 2582 νωμένους
362 2546 471 2583 ἁγιάζει
483 2549 551 2584 πρὸς
567 2550 617 2584 τὴν
630 2550 681 2585 τῆς
697 2551 799 2586 σαρκὸς
818 2552 1002 2588 καθαρότητα,

215 2593 291 2628 πόσῳ
305 2594 405 2627 μᾶλλον
420 2595 452 2621 τὸ
467 2592 537 2630 αἷμα
556 2595 603 2622 τοῦ
616 2596 747 2631 Χριστοῦ,
765 2597 796 2629 ὃς
812 2597 858 2624 διὰ
880 2598 1005 2634 Πνεῦμα-

215 2647 259 2671 τος
284 2639 363 2674 ἁγίου
386 2641 483 2667 ἑαυτὸν
510 2642 698 2677 προσήνεγκεν
729 2643 846 2679 ἄμωμον
873 2645 913 2679 τῷ
931 2644 1001 2679 Θεῷ,

216 2685 344 2721 καθαριεί
359 2687 410 2722 τὴν
427 2687 580 2723 συνείδησιν
597 2688 675 2724 ὑμῶν
689 2690 743 2716 ἀπὸ
756 2691 862 2726 νεκρῶν
877 2691 975 2726 ἔργων,
991 2701 1001 2716 1

1032 264 1227 293 obumbrantia
1243 264 1478 299 propitiatorium.
1496 272 1505 289 ι

1068 308 1099 337 Id
1106 314 1159 343 est,
1176 309 1270 345 glorise
1283 309 1374 344 plena.

1069 355 1150 392 245
1164 364 1174 382 ‹
1194 354 1234 383 De
1248 354 1350 390 quibus
1366 361 1422 381 non
1437 357 1480 382 est
1496 353 1578 381 modo
1602 353 1751 381 dicendum
1775 360 1825 388 per

1035 402 1155 438 singula.
1169 400 1219 430 His
1237 408 1304 429 vero
1320 400 1359 428 ita
1376 399 1548 435 compositis,
1564 400 1591 427 in
1612 400 1698 435 priori
1713 399 1825 436 quidem

1035 448 1216 476 tabernaculo
1238 453 1348 482 semper
1379 446 1527 474 introeunt
1552 445 1712 474 sacerdotes
1738 445 1825 474 ofﬁcia

1035 497 1263 523 consummantes
1279 502 1286 521 :
1298 494 1327 521 in
1341 493 1465 522 secundo
1476 496 1571 520 autem
1589 501 1598 518 ι

1073 540 1108 569 Ut
1122 548 1184 576 qua:
1200 540 1345 577 prolixiori
1361 547 1492 569 sermone
1505 546 1576 575 opus
1590 538 1721 567 habeant.

1074 596 1084 613 ‹
1103 586 1194 615 Semel
1209 586 1238 613 in
1255 592 1328 613 anno
1357 585 1433 613 solus
1449 585 1584 620 pontifex,
1605 592 1660 612 non
1682 584 1743 613 sine
1762 591 1828 611 san-

1037 633 1133 669 guine,
1149 639 1234 667 quam
1255 631 1335 660 otl‘ert
1349 639 1401 668 pro
1418 639 1468 659 sua
1485 635 1513 659 et
1531 631 1623 667 populi
1640 630 1804 666 ignorantiis
1819 639 1827 658 :

1038 678 1134 716 [Vsus
1151 675 1180 715 8]
1206 678 1259 706 hoc
1292 677 1464 718 signiﬁcante
1490 677 1594 714 Spiritu
1629 681 1735 711 sancto,
1759 685 1828 705 non-

1038 726 1104 754 dum
1117 735 1126 753 ι

1073 771 1113 799 Νε
1124 771 1300 807 objicerent:
1318 770 1370 804 Qui
1398 770 1500 799 factum
1529 775 1572 798 est
1591 774 1621 798 ut
1639 777 1692 798 una
1718 770 1830 797 victima

1040 817 1068 846 in
1086 817 1285 853 sempiternum
1301 816 1559 844 consummaverit?
1569 816 1689 844 ostendit
1701 823 1760 843 eam
1774 816 1830 851 jam

1041 862 1147 897 pridem
1164 869 1180 889 a
1198 868 1309 890 summo
1328 861 1472 889 sacerdote
1489 868 1550 888 esse
1568 860 1724 895 ﬁguratam.
1745 859 1832 893 Quin-

1042 907 1098 936 imo
1125 908 1150 936 si
1175 907 1299 936 sanctior
1317 907 1363 934 illa
1381 911 1408 934 et
1434 906 1571 934 terribilis
1588 913 1643 933 una
1664 910 1734 938 erat,
1749 912 1832 933 eccur

1043 962 1058 982 ιι
1073 953 1204 990 pontiﬁce
1218 953 1303 982 semel
1313 952 1503 982 Merebatur?

1081 1009 1091 1026 ι
1109 999 1283 1036 Propalatam
1296 1006 1358 1028 esse
1370 1003 1530 1028 sanctorum
1539 999 1623 1032 viam,
1642 998 1732 1025 adhuc
1743 998 1833 1033 priore

1042 1045 1222 1073 tabernaculo
1248 1044 1367 1073 habente
1384 1048 1497 1078 statum,
1513 1043 1611 1080 [Vens
1623 1043 1652 1079 9]
1664 1044 1736 1079 quod
1755 1051 1834 1079 para-

1043 1091 1105 1120 bola
1122 1094 1165 1119 est
1186 1099 1196 1117 I

1076 1137 1134 1165 lllic
1152 1137 1372 1165 abscondebatur
1388 1135 1552 1170 secundum,
1564 1135 1666 1171 inquit,
1682 1136 1747 1171 quia
1767 1143 1835 1163 non-

1044 1182 1109 1210 dum
1121 1183 1181 1217 ejus
1198 1186 1307 1217 tempus
1323 1182 1419 1210 aderat
1433 1190 1439 1208 :
1456 1185 1566 1217 tempus
1586 1182 1682 1217 utique
1697 1181 1834 1213 adventus

1044 1228 1160 1262 Christi,
1177 1236 1227 1264 per
1241 1235 1324 1264 quem
1340 1227 1408 1256 illud
1423 1227 1598 1264 propalatqu
1615 1226 1680 1255 fuit.

1083 1326 1094 1344 ι
1110 1316 1255 1352 Temporis
1282 1315 1425 1350 instantis,
1450 1315 1528 1350 iuxta
1561 1316 1634 1351 quod
1665 1323 1780 1343 munera
1807 1320 1837 1343 et

1045 1363 1144 1392 hostiae
1170 1362 1334 1395 oﬁ‘eruntur,
1362 1369 1423 1397 quae
1452 1369 1506 1389 nou
1536 1365 1654 1397 possunt
1675 1361 1752 1396 juxta
1767 1368 1836 1390 cont

1046 1409 1191 1437 scientiam
1206 1407 1357 1443 perfectum
1373 1407 1467 1435 facere
1484 1407 1662 1435 servientem.
1680 1416 1690 1434 ι

1082 1453 1140 1480 lioc
1166 1458 1218 1486 est,
1253 1452 1339 1488 ﬁgura
1365 1451 1469 1479 factum
1495 1455 1549 1484 est,
1577 1451 1728 1479 secundum
1753 1459 1836 1487 quam

1047 1499 1119 1527 dona
1145 1502 1174 1526 et
1196 1498 1332 1526 sacriﬁcia
1348 1496 1548 1530 oﬂ‘erebantur,
1564 1504 1625 1532 qua:
1647 1504 1702 1524 non
1725 1500 1840 1533 possent

1009 1557 1031 1587 α
1047 1543 1200 1573 secundum
1227 1543 1428 1571 conscientiam
1467 1541 1619 1577 perfectum
1656 1541 1749 1570 facere
1777 1542 1838 1570 cul-

1048 1594 1148 1618 torem.

1082 1635 1209 1664 Victima:
1241 1634 1379 1670 siquidem
1410 1634 1550 1662 maculam
1589 1634 1624 1662 ab
1651 1634 1742 1662 anima
1782 1642 1838 1663 non

1048 1682 1226 1716 auferebam;
1250 1681 1299 1710 sed
1317 1681 1407 1709 adhuc
1423 1681 1498 1709 circa
1518 1689 1621 1717 corpus
1642 1682 1838 1714 versabantur,

1048 1736 1099 1765 pro
1113 1729 1173 1762 lege
1195 1727 1320 1755 mandati
1341 1726 1473 1755 carnalis.
1483 1727 1601 1758 Etenim
1627 1734 1682 1756 non
1712 1731 1841 1762 poterant

1049 1773 1228 1807 adulterium,
1244 1773 1288 1802 vel
1315 1772 1507 1805 invidentiam,
1532 1772 1575 1800 vel
1593 1773 1768 1808 sacrilegium
1791 1781 1840 1800 ex-

1048 1822 1135 1858 piare.

1083 1876 1092 1894 I
1111 1866 1289 1895 Solummodo
1301 1866 1331 1894 in
1349 1866 1431 1900 cibis,
1443 1866 1472 1893 in
1488 1866 1658 1902 potionibus,
1681 1864 1778 1902 anns.
1794 1864 1840 1902 10]

1049 1918 1076 1941 ει
1086 1913 1170 1942 variis
1180 1912 1404 1948 baptismatibus.
1425 1921 1435 1938 ι

1086 1959 1152 1994 Quae
1170 1960 1348 1995 putabantur,
1365 1958 1468 1993 inquit,
1490 1965 1601 1986 carnem
1624 1958 1769 1986 mundare.

1090 2013 1100 2030 ‹
1119 2004 1151 2032 Ει
1167 2003 1414 2039 justiticationibus
1440 2002 1545 2034 carnis,
1572 2011 1660 2037 usque
1675 2003 1708 2030 ad
1730 2007 1840 2038 tempus

1051 2049 1233 2079 correctionis
1249 2048 1390 2084 imposita.
1405 2047 1501 2084 [Vsus
1519 2046 1576 2083 1L]
1596 2048 1724 2076 Christus
1749 2053 1841 2076 autem

1051 2097 1186 2125 assistens
1201 2093 1322 2131 pontifex
1343 2093 1498 2122 futurorum
1518 2093 1666 2126 bonorum,
1689 2103 1697 2119 I
1810 2085 1814 2089 ’

1086 2139 1199 2174 Tempus
1226 2138 1418 2171 correctionis,
1442 2141 1553 2173 tempus
1576 2137 1714 2165 adventus
1736 2137 1840 2166 Christi

1053 2188 1205 2219 nuncupat.
1225 2184 1270 2210 Ait
1285 2190 1351 2219 ergo
1370 2183 1428 2210 haec
1443 2183 1548 2218 juvisse
1572 2188 1636 2211 ante
1656 2188 1765 2218 tempus
1780 2191 1843 2211 cor-

1017 2224 1039 2254 D
1054 2230 1201 2262 rectionis,
1217 2228 1333 2264 posthac
1342 2235 1407 2256 vero
1424 2227 1531 2255 inutilia
1543 2227 1639 2256 fuisse.

1093 2285 1103 2302 ι
1122 2274 1174 2302 Ρει·
1198 2274 1316 2309 amplius
1335 2277 1362 2301 et
1388 2273 1537 2309 perfectius
1551 2273 1761 2302 tabernaculum
1786 2282 1843 2302 non

1055 2321 1253 2353 manuiactum,
1269 2319 1294 2347 id
1315 2323 1369 2353 est,
1385 2327 1440 2346 non
1461 2319 1544 2354 hujus
1559 2320 1724 2353 ornationis;
1745 2318 1841 2356 [Vens.

1057 2366 1153 2402 12-14]
1169 2373 1258 2401 neque
1289 2373 1338 2401 per
1357 2364 1519 2400 sanguinem
1535 2365 1683 2392 vitulorum
1704 2370 1730 2393 ct
1753 2366 1844 2392 hircu-

1056 2420 1129 2445 rum,
1144 2412 1191 2440 sed
1209 2419 1260 2447 per
1276 2412 1416 2446 proprium
1430 2411 1589 2446 sanguinem
1615 2411 1739 2438 introivit
1761 2411 1843 2439 semel

1056 2459 1083 2485 in
1099 2458 1211 2491 Sancta,
1228 2462 1329 2485 aeterna
1357 2457 1545 2493 redemptione
1577 2457 1696 2484 iuventa.
1727 2457 1754 2484 Si
1771 2457 1844 2485 enim

1056 2504 1171 2540 sanguis
1198 2504 1341 2531 hircorum
1366 2507 1394 2530 et
1419 2507 1576 2536 taurorum,
1608 2508 1636 2531 et
1659 2503 1731 2531 cinis
1754 2504 1846 2530 vitula:

1057 2558 1200 2586 aspersus,
1217 2550 1375 2585 inquinatos
1390 2548 1543 2577 sanctiﬁcat
1566 2549 1599 2576 ad
1624 2549 1846 2577 emundatiouem

1057 2597 1149 2625 carnis
1164 2606 1171 2624 :
1188 2602 1292 2632 quanto
1306 2595 1392 2632 magis
1404 2595 1516 2632 sanguis
1533 2594 1646 2628 Christi,
1661 2595 1708 2630 qui
1719 2603 1767 2630 per
1781 2595 1846 2630 Spi-

1059 2643 1142 2670 ritum
1155 2647 1281 2669 sanctum
1310 2642 1488 2677 semetipsum
1519 2641 1621 2669 obtulit
1649 2641 1846 2669 mmaculatum

1057 2688 1124 2721 Deo,
1141 2687 1302 2717 emuudabit
1318 2687 1514 2731 conscientiam
1536 2690 1658 2718 vestram
1672 2687 1706 2715 ab
1717 2687 1848 2723 operibus

1060 2734 1188 2767 mortuis,
1209 2743 1219 2760 ι

867 2821 986 2850 ἺᾹΒΙιΕ
1006 2822 1212 2853 LECTIONES.

253 2865 267 2885 Ἰ
281 2863 399 2893 Omnino
415 2865 558 2901 legendum
571 2871 625 2900 est,
640 2868 766 2905 δευτέρα.

382 2911 518 2943 ΡΑτιιοι.
542 2912 601 2943 Gn.
626 2913 717 2943 XCV.

1647 2917 1683 2951 31
