2078 3113
232 137 285 171 971,

836 138 867 168 S.
888 137 1050 167 JOANNIS
1063 137 1266 170 DAMASCEN
1270 140 1282 170 Ι

1814 139 1868 172 972

269 193 318 222 Vel
339 193 442 222 Christi
458 200 569 221 carnem
586 193 650 221 istic
667 191 769 225 innuit,
794 191 838 219 vel
855 191 1021 220 Eeclesiam.

1111 193 1166 229 Τὴν
1183 194 1273 228 σάρκα
1289 193 1365 228 λέγει
1374 193 1504 226 ἐνταῦθα,
1522 193 1539 230 ἢ
1555 193 1604 230 τὴν
1626 193 1800 230 Ἐκκλησίαν.

271 249 280 266 ι
293 239 332 266 Ad
350 239 524 268 serviendum
539 239 594 267 Deo
612 238 736 266 viventi?
752 247 761 264 ι

268 285 318 313 llic
333 285 456 312 notiﬁeat
485 291 548 312 eum
573 284 619 319 qui
640 282 759 310 mortuis
775 282 907 318 operibus
917 286 960 310 est
973 281 1023 309 ad-

231 331 334 363 dictus,
349 330 412 358 vivo
429 332 457 358 et
468 337 534 358 vero
552 336 608 357 non
622 336 705 364 posse
716 328 835 356 servire.

269 376 352 405 Vsus.
370 376 463 405 15-18.
480 385 490 402 ι
508 375 541 402 Et
555 375 617 403 ideo
630 375 695 403 novi
714 374 872 403 testamenti
888 373 1024 402 mediator

231 427 284 454 est,
296 425 337 453 ut,
351 426 438 448 morte
449 420 647 452 intercedente,
662 420 689 447 in
697 418 913 454 redemptionem
929 425 1023 446 earum

231 463 507 500 praevaricationum,
537 470 599 498 quae
627 466 707 490 erant
737 461 789 489 sub
826 461 913 496 priori
938 465 1024 488 testa-

231 515 335 541 mento,
348 508 592 543 repromissionem
611 507 759 542 accipiant,
773 506 821 542 qui
837 506 931 533 vocati
944 509 1020 538 sunt,

231 560 340 583 arteriis:
359 553 539 581 hzercditatis.
555 552 637 588 246
661 551 710 580 Ubi
722 551 795 579 enim
827 554 1023 578 testamentum

232 605 285 634 est,
305 608 382 628 mors
394 607 507 627 necesse
523 604 566 626 est
588 599 740 625 intercedat
757 596 912 625 testatoris.
927 595 1024 623 Testa-

231 651 355 675 mentum
370 646 442 673 enim
462 646 489 672 in
501 644 617 672 mortuis
630 644 826 671 conﬁrmatum
838 646 879 670 est
897 651 903 669 :
922 641 1024 676 aliOQui

233 701 288 720 non
311 692 393 724 valet,
417 691 482 718 dum
503 691 570 718 vivit
598 690 646 725 qui
676 694 793 718 testatus
808 692 861 716 est.
880 687 959 715 Unde
974 694 1024 715 nec

233 738 351 773 primum
364 736 474 772 quidem
490 736 550 764 sine
558 735 692 771 sanguine
707 745 716 761 ι

265 783 338 810 Fieri
351 787 459 818 poterat
473 782 648 817 utplerique,
663 781 709 816 qui
735 780 901 808 inﬁrmiores
917 781 1024 812 essent,

232 838 265 858 ex
282 837 315 857 eo
325 828 401 864 quod
417 828 545 856 Christus
562 832 679 856 mortem
697 827 816 859 obierat,
833 824 1025 862 promissioni-

1116 247 1125 264 ι
1141 239 1189 270 Εἰς
1198 239 1230 265 τὺ
1242 238 1384 274 λατρεύειν
1399 238 1458 274 Θεῷ
1475 238 1573 272 ζῶντι;
1590 247 1600 264 ι

1118 283 1251 311 Ἐνταῦθα
1265 284 1405 320 ἐμφαίνει,
1423 285 1465 311 ὅτι
1476 284 1562 320 νεκρὰ
1573 284 1642 320 ἔργα
1656 284 1752 320 ἔχοντα
1766 285 1816 313 οὐκ
1827 285 1868 313 ἔνι

1076 329 1214 357 δουλεύειν
1230 329 1269 365 τῷ
1281 330 1363 362 ζῶντι
1377 331 1424 357 καὶ
1438 330 1569 366 ἀληθινῷ.

1115 384 1124 402 ι
1141 376 1248 403 Καὶδιά
1263 375 1343 404 τοῦτο
1367 376 1503 412 διαθήκης
1528 376 1629 412 καινῆς
1650 377 1765 413 μεσίτης
1783 377 1868 412 ἐστὶν,

1077 421 1151 453 ὅπως
1166 421 1282 449 Θανάτου
1298 422 1446 458 γενομένου
1473 423 1514 454 εἰς
1532 422 1724 458 ἀπολύτρωσιν
1743 423 1798 450 τῶν
1821 425 1869 451 tm.

1077 469 1109 503 τῇ
1126 467 1223 504 πρώτῃ
1237 468 1354 504 διαθήκῃ
1364 468 1558 504 παραϐάσεων,
1573 469 1623 505 τὴν
1634 469 1804 504 ἐπαγγελίαν
1822 469 1869 497 λά-

1079 513 1162 539 ϐωσιν
1178 513 1203 539 οἱ
1215 513 1380 549 κεκλημένοι
1396 513 1446 549 τῆς
1457 514 1567 541 αἰωνίου
1581 511 1868 550 κληρονομίας.”οπου

1078 557 1133 593 γὰρ
1152 557 1281 593 διαθήκη,
1298 557 1414 586 θάνατον
1430 559 1538 593 ἀνάγκη
1564 559 1695 594 φέρεσθαι
1711 558 1758 586 τοῦ
1776 559 1870 586 διαθε-

1080 603 1173 638 μένου.
1185 604 1308 640 Διαθήκη
1321 604 1375 640 γὰρ
1390 605 1437 631 ἐπὶ
1446 606 1553 641 νεκροῖς
1566 605 1673 640 βεϐαία,
1686 606 1748 631 ἐπεὶ
1761 606 1868 641 μήποτε

1080 650 1178 685 ἰσχύει,
1194 651 1238 677 ὅτε
1256 650 1289 687 ζῇ
1302 652 1316 678 ὁ
1328 651 1497 687 διαθέμενος.
1515 651 1597 678 Ὅθεν
1612 651 1669 678 οὐδ’
1682 653 1699 687 ἡ
1709 652 1806 688 πρώτη
1818 661 1869 687 χω-
1889 647 1891 649 ’

1080 696 1121 732 ρὶς
1137 696 1251 732 αἵματος
1267 706 1276 723 ι
1363 695 1369 701 “

1114 784 1195 817 Εἰκὸς
1207 782 1242 820 ἦν
1256 785 1370 817 πολλοὺς
1384 785 1441 812 τῶν
1459 785 1655 821 ἀσθενέστερον
1674 786 1867 822 διακειμένων,

1079 829 1134 857 ἀπὸ
1157 830 1204 856 τοῦ
1223 829 1450 864 τετελευτηκέναι
1473 830 1519 857 τὸν
1535 830 1648 866 Κύριον,
1665 831 1783 866 μάλιστα
1803 832 1869 859 ἀπι-

232 877 286 903 bus
304 875 363 910 ejus
377 882 433 902 non
451 874 609 902 crederent.
628 873 765 907 Quocirca
777 871 1024 907 dicitApostolus:

1079 877 1151 902 στεῐν
1162 877 1222 907 ταῖς
1236 875 1414 910 ἐπαγγελίαις
1429 876 1524 904 αὑτοῦ.
1546 876 1577 902 '0
1590 876 1680 904 τοίνυν
1699 877 1864 909 Ἀπόστολύς

233 922 350 957 Propter
368 922 420 949 hoc
430 922 519 955 ipsum
535 920 619 955 igitur
639 927 702 948 esse
723 918 885 946 ﬁdentiores
905 920 1024 953 oportet,

233 969 299 1003 quia
317 967 496 994 testatoribus
522 973 575 993 non
606 964 774 997 viventibus,
798 964 846 992 sed
874 962 1025 995 defunctis,

234 1013 313 1039 ﬁrma
330 1013 397 1039 ﬁunt
415 1014 590 1043 testamenta,
607 1014 633 1038 et
650 1010 735 1037 robur
759 1008 910 1043 accipiunt.
937 1008 1027 1041 Atque

234 1057 279 1085 hic
304 1060 346 1084 est
359 1058 459 1083 SBIISUS
475 1063 481 1080 :
499 1053 572 1082 Deus
585 1053 725 1089 pollicitus
740 1056 792 1085 est,
807 1051 915 1086 inquit;
928 1051 1027 1079 deinde

234 1110 296 1130 cum
308 1101 437 1129 homines
464 1103 639 1136 peccassent,
658 1106 713 1127 non
737 1099 826 1126 solum
843 1097 949 1132 indigni
964 1096 1025 1124 fue-

234 1152 300 1176 runt
317 1147 362 1182 qui
379 1147 581 1182 promissorum
597 1148 739 1181 compotes
756 1144 864 1176 ﬁerent,
887 1147 917 1170 ut
933 1142 1026 1178 potius

234 1194 348 1222 obnoxii
362 1193 425 1221 laeti
441 1193 497 1220 sint
511 1192 603 1220 morti.
619 1190 686 1219 Eam
701 1191 736 1218 ob
757 1197 814 1218 rem
830 1189 960 1217 Christus
977 1196 1026 1216 ve-

234 1241 314 1268 niens
334 1239 484 1273 assumpsit
506 1238 533 1265 in
562 1245 592 1266 se
620 1240 746 1272 peccata,
773 1239 958 1270 mortuusque
971 1239 1024 1268 est,

236 1291 266 1315 ut
284 1286 322 1313 illi
346 1284 558 1316 mandarentur,
581 1283 711 1320 dignique
730 1281 876 1313 evaderent
892 1280 940 1315 qui
962 1287 1026 1315 pro-

235 1332 320 1360 missa
332 1333 582 1365 consequerentur.

273 1388 282 1404 ‹
300 1377 460 1405 Dedicatum
490 1379 542 1403 est.
574 1373 670 1410 [νεεδ.
706 1371 814 1408 lii-QN
843 1371 928 1399 Lecto
952 1371 1025 1399 enim

234 1424 310 1454 omni
328 1423 459 1451 mandato
475 1422 542 1456 legis
556 1428 571 1447 ο
597 1420 689 1455 Moyse
703 1419 835 1446 universo
849 1418 961 1454 populo,
977 1425 1024 1445 ac-

236 1471 341 1506 cipiens
366 1468 529 1505 sanguinem
558 1466 709 1494 vitulorum
734 1469 761 1492 et
789 1464 942 1496 hircorum,
960 1470 1024 1491 cum

237 1523 307 1551 aqua
322 1519 350 1543 et
363 1515 425 1542 lana
446 1512 586 1545 coccinea,
608 1521 617 1537 ι

267 1561 325 1588 Hoc
335 1564 389 1592 est,
403 1560 511 1586 ﬁrmum
532 1561 680 1591 ratumque
698 1555 802 1583 factum
820 1553 883 1583 fuit.

269 1617 280 1633 ι
293 1607 327 1634 Ει
340 1606 473 1641 hyssopo.
503 1603 592 1638 ipsum
611 1609 721 1637 quoque
744 1600 856 1633 librum,
877 1602 906 1627 et
917 1606 1026 1627 omnem

225 1652 369 1687 .populum
387 1650 518 1686 aspersit,
532 1649 627 1676 dicens
642 1656 648 1674 :
666 1647 714 1675 llic
726 1647 840 1681 sanguis
854 1646 1026 1679 testamenti,

237 1699 311 1736 quod
325 1699 463 1726 mandavit
480 1697 513 1725 ad
527 1704 576 1724 vos
598 1696 680 1724 Deus.
698 1695 788 1722 Etiam
815 1693 1025 1721 tabernaculum

225 1750 265 1774 et
277 1745 369 1773 omnia
384 1751 447 1773 vasa
462 1742 607 1772 ministerii
623 1741 758 1777 sanguine
773 1740 926 1768 secundum
940 1739 1028 1776 legem

360 1810 367 1817 ι
390 1799 399 1816 ι

238 1795 430 1871 usgifilillolum
462 1834 589 1869 spiritus.
622 1832 763 1868 iiyssopus
779 1831 853 1858 enim
874 1830 963 1859 calida
974 1833 1027 1858 est.

237 1882 311 1916 Quin
328 1885 354 1908 et
372 1887 441 1916 aqua
457 1879 667 1914 signiﬁcabatur
677 1876 839 1914 expurgatio
852 1883 913 1911 quae
933 1875 963 1903 ﬁt
981 1883 1036 1912 per.

237 1926 418 1961 baptismum.
435 1924 510 1951 Lana
540 1928 630 1950 autem
658 1922 896 1955 sumcbatur,qua
915 1919 1028 1955 sanguis

236 1973 440 2000 contineretur.

264 2016 357 2046 γεπε-
376 2017 440 2044 ΞΞΑ
460 2017 492 2043 Et
504 2015 594 2044 omnia
612 2022 680 2049 pene
693 2014 720 2040 in
731 2013 864 2049 sanguine
877 2012 1028 2041 secundum

236 2064 324 2099 legem
340 2062 520 2094 inundantur,
538 2065 566 2088 et
577 2061 638 2088 sine
658 2059 802 2094 sanguinis
819 2057 953 2087 eﬁ‘usione
973 2065 1028 2085 non

239 2110 269 2136 ﬁt
289 2107 428 2136 remissio.
448 2116 458 2133 ι

269 2153 408 2187 Quoniam
422 2160 469 2187 per
482 2159 542 2179 eam
559 2158 612 2178 non
630 2149 752 2186 perfecta
770 2149 913 2177 mundatio
936 2149 1028 2180 ﬁebat,

1077 930 1144 956 φησι
1154 929 1161 936 ·
1175 921 1226 948 Διὰ
1239 920 1318 948 τοῦτο
1330 921 1379 957 μὲν
1389 919 1436 948 οὖν
1449 921 1502 957 χρὴ
1522 921 1644 958 θαρῤεἴν,
1655 922 1696 949 ὅτι
1711 923 1742 949 οὐ
1758 921 1870 954 ζώντων

1077 968 1132 995 τῶν
1147 968 1354 1004 διατιθεμένων,
1370 967 1427 994 ἀλλ’
1439 968 1668 1004 ἀποθνησκόντων
1685 969 1745 995 τότε
1761 968 1869 1004 βέϐαιαί

1078 1015 1147 1041 εἰσιν
1156 1015 1184 1041 αἱ
1198 1014 1340 1050 διαθῆκαι,
1354 1015 1403 1042 καὶ
1418 1016 1468 1050 τὴν
1483 1015 1562 1050 ἰσχὺν
1573 1015 1770 1050 λαμϐάνουσιν.
1794 1014 1823 1043 Ὀ
1839 1015 1870 1043 δὲ

1078 1060 1140 1092 νοῦς
1157 1058 1248 1093 οὗτος·
1265 1059 1688 1096 Ἐπηγγείλατο,φησὶν,ὁθεός·
1704 1059 1763 1088 εἷτα
1775 1061 1868 1097 ἀμαρ-

1077 1106 1204 1138 τάνοντες
1224 1106 1249 1132 οἱ
1271 1106 1420 1141 ἂνθρωποι,
1445 1107 1474 1133 οὺ
1501 1106 1580 1142 μόνον
1603 1103 1675 1142 ἦσαν
1700 1106 1805 1138 ἀνάξιοι
1819 1106 1869 1141 τὴν

1077 1152 1245 1186 ἐπαγγελίαν
1263 1152 1417 1184 ἀναλαϐεῖν,
1434 1152 1503 1179 ἀλλὰ
1527 1152 1575 1179 καὶ
1598 1151 1706 1187 θανάτῳ
1717 1151 1868 1186 γεγόνασιν

1077 1199 1176 1234 ἔνοχοι.
1205 1198 1255 1225 Διά
1270 1198 1351 1225 τοῦτο
1367 1199 1381 1224 ὁ
1396 1198 1515 1233 Χριστὸς
1540 1197 1627 1224 ἐλθὼν
1651 1197 1799 1230 ἀνεδέξατο
1815 1197 1868 1229 τὰς

1076 1244 1226 1280 ἁμαρτίας,
1245 1244 1290 1271 καὶ
1311 1244 1457 1276 ἀπέθανεν,
1486 1244 1528 1270 ίνα
1551 1243 1777 1279 καθαρισθέντες,
1794 1242 1867 1276 ἄξιοι

1076 1292 1209 1324 γένωνται
1223 1289 1270 1321 τὰς
1278 1289 1446 1324 ἐπαγγελίας
1458 1289 1563 1316 λαϐεῖν.

1115 1389 1124 1406 r
1149 1379 1377 1414 Ἑγκεκαίνισται.
1402 1378 1572 1414 Δαληθείσης
1583 1378 1637 1414 γὰρ
1655 1378 1746 1413 πάσης
1759 1377 1870 1413 ἐντολῆς

1077 1426 1147 1454 κατὰ
1158 1425 1239 1460 νόμον
1261 1425 1315 1452 ὑπὸ
1336 1425 1476 1456 Μωῡσέως
1498 1425 1579 1451 παντὶ
1597 1423 1637 1459 τῷ
1652 1423 1721 1459 λαῷ,
1735 1422 1824 1450 λαϐὼν
1837 1423 1870 1449 τὸ

1077 1470 1147 1507 αἷμα
1159 1471 1213 1498 τῶν
1227 1471 1334 1506 μόσχων
1348 1471 1395 1497 καὶ
1406 1471 1525 1505 τράγων,
1543 1470 1612 1505 μετὰ
1622 1469 1729 1502 ὓδατος,
1739 1469 1869 1504 καὶὲρίου

1077 1525 1216 1549 κοκκινου,
1232 1526 1241 1542 ι

1113 1563 1254 1594 Τουτέστι,
1271 1562 1368 1597 βεϐαία
1381 1561 1488 1596 γέγονε,
1503 1561 1550 1588 καὶ
1565 1560 1703 1596 ἐκυρώθη.

1116 1619 1125 1636 ι
1144 1609 1200 1636 Καὶ
1211 1608 1350 1641 ὑσσώπου,
1367 1607 1433 1634 αὐτό
1445 1616 1476 1634 τε
1489 1607 1520 1633 τὸ
1531 1607 1643 1642 βιϐλίον,
1654 1607 1702 1634 καὶ
1718 1606 1808 1633 πάντα
1822 1605 1870 1632 τὸν

1078 1654 1141 1682 λαὸν
1153 1655 1306 1690 ὲρῤἀντισε,
1316 1653 1403 1688 λέγων
1414 1661 1421 1669 ·
1440 1652 1526 1679 Τοῦτο
1540 1652 1571 1679 τδ
1582 1651 1652 1688 αἷμα
1664 1652 1714 1687 τῆς
1724 1651 1868 1686 διαθήκης,

1079 1699 1115 1736 ἧς
1129 1700 1282 1727 ἐνετείλατο
1295 1699 1364 1734 πρὸς
1378 1699 1450 1734 ὑμᾶς
1463 1699 1477 1725 ὁ
1490 1697 1567 1729 Θεός.
1580 1698 1635 1724 Καὶ
1647 1697 1696 1731 τὴν
1710 1696 1812 1732 σκηνὴν
1827 1697 1867 1728 δὲ,

1078 1746 1126 1773 καλ¹
1152 1745 1241 1772 πάντα
1260 1745 1295 1771 τὰ
1319 1744 1404 1779 σκεύη
1434 1744 1485 1779 τῆς
1511 1743 1686 1778 λειτουργίας
1710 1742 1749 1777 τῷ
1772 1742 1870 1777 αἰματι

1079 1790 1180 1826 ὁμοίως
1193 1789 1348 1825 έῤῥάντισε.
1361 1798 1369 1814 ι

1115 1834 1253 1870 Σύμϐολον
1267 1834 1317 1860 τοῦ
1331 1833 1498 1869 πνεύματος.
1513 1831 1609 1867 Θερμὴ
1623 1831 1678 1866 γὰρ
1690 1831 1706 1866 ἡ
1721 1830 1848 1861 ὖσσωπος
1861 1838 1868 1844 ·

1079 1880 1138 1908 ἐστι
1154 1881 1209 1916 γὰρ
1225 1880 1273 1907 xui.
1289 1879 1319 1906 τὸ
1334 1879 1406 1915 ὕδωρ
1435 1879 1567 1914 σημαῖνον
1583 1877 1632 1913 τὴν
1652 1877 1696 1903 διὰ
1712 1875 1759 1903 τοῦ
1771 1875 1870 1910 βαπτί-

1080 1936 1184 1963 σματος
1199 1926 1351 1962 κάθαρσιν·
1369 1925 1416 1953 καὶ
1431 1925 1462 1951 τὸ
1481 1924 1554 1960 ἔριον
1567 1923 1606 1956 δὲ,
1619 1923 1689 1949 ὥστε
1704 1920 1869 1956 κατέχεσθαι

1078 1973 1111 2000 τὸ
1124 1970 1203 2008 αἷμα.

1117 2027 1127 2044 ι
1146 2019 1202 2046 Καὶ
1216 2017 1310 2053 σχεδὸν
1333 2018 1363 2044 ἐν
1372 2017 1473 2052 αἵματι
1498 2015 1589 2042 πάντα
1607 2014 1786 2050 καθαρίζεται
1800 2013 1871 2040 κατὰ

1079 2065 1125 2091 τὸν
1155 2064 1254 2099 νόμον,
1277 2064 1324 2090 καὶ
1347 2063 1431 2098 χωρὶς
1463 2060 1680 2097 αἱματεκχυσίας
1710 2060 1741 2086 οὺ
1765 2059 1870 2094 γίνεται

1080 2110 1187 2144 ἄφεσις.
1207 2118 1217 2134 ι

1122 2153 1233 2189 Ἐπειδὴ
1246 2153 1351 2180 ἐκείνου
1370 2153 1420 2180 οὐκ
1450 2150 1483 2187 ἦν
1509 2151 1652 2188 καθαρμὸς
1674 2151 1787 2183 τέλειος,
1809 2149 1870 2176 οὐδὲ

237 2206 327 2233 neque
349 2197 470 2232 perfecta
499 2196 644 2228 remissio,
676 2195 724 2223 sed
754 2195 930 2231 imperfecta;
965 2194 1025 2222 ideo

1080 2201 1176 2235 ἄφεσις
1191 2199 1293 2232 τελεία,
1310 2199 1367 2225 ἀλλ’
1381 2197 1526 2233 ἡμιτελὴς,
1540 2195 1600 2224 εἷπε
1612 2197 1653 2229 τὸ,
1674 2196 1798 2230 σχεδόν,

237 2242 316 2273 dixit,
338 2249 414 2276 pene.

273 2286 358 2315 Vens.
375 2287 420 2324 25.
438 2296 448 2312 ‹
466 2285 584 2314 Necesse
597 2289 639 2314 est
652 2293 727 2322 ergo,
741 2285 907 2320 exemplaria
916 2284 1028 2320 quidem

237 2333 393 2362 curlestinm
411 2333 454 2360 his
469 2333 608 2360 mundari.
632 2342 640 2358 ι

274 2378 366 2406 Mundi
379 2378 429 2412 illi,
447 2378 547 2413 inquit,
565 2378 613 2413 qui
627 2376 779 2404 secundum
801 2376 886 2411 legero
909 2375 1030 2409 perlicie-

238 2426 348 2457 bantur,
366 2424 520 2460 imperfecti
532 2421 880 2454 nihilominusmanebant,
901 2421 1029 2456 quoniam

237 2475 265 2497 et
280 2470 332 2505 ipsi
349 2469 436 2505 ﬁgura
446 2473 525 2496 erant
538 2470 708 2495 futurorum.
1006 2470 1011 2472 '

276 2523 286 2540 ι
306 2514 467 2550 lpsaautcm
484 2514 621 2545 cwlestia,
643 2522 652 2538 ι

274 2559 428 2588 Ecclesium
445 2560 523 2587 dicit.

277 2613 288 2631 ε
308 2604 470 2633 Melioribus
488 2604 590 2633 hostiis
607 2603 773 2639 qnamistis.
794 2613 803 2629 ν

270 2649 351 2678 Tunc
361 2651 434 2678 enim
451 2651 512 2686 agni
547 2650 680 2687 sanguine
700 2649 944 2685 perungcbantur;
959 2656 1032 2676 nunc

238 2702 305 2725 vero
316 2696 402 2731 ipsius
417 2696 531 2725 Christi.

275 2753 416 2782 Vensﬂt.
433 2764 442 2780 ι
463 2753 522 2782 Νοη
544 2753 618 2781 enim
647 2753 674 2781 in
697 2752 856 2780 manul'acta
877 2756 974 2779 sancta
990 2752 1033 2779 in-

240 2800 486 2834 troivitChristns,
500 2800 668 2836 exemplaria
681 2807 820 2835 verorum,
836 2799 884 2831 sed
895 2799 924 2828 in
941 2799 1031 2834 ipsum

240 2846 351 2881 C(l‘lllm,
367 2850 396 2874 ut
407 2851 536 2882 appareat
558 2853 630 2872 nunc
645 2854 654 2870 ι

1118 2300 1126 2316 ε
1149 2290 1268 2324 Ἀνάγκη
1296 2286 1354 2321 οὖν,
1376 2288 1410 2315 τὰ
1430 2288 1480 2324 μὲν
1496 2287 1685 2322 ὑποδείγματα
1700 2287 1754 2313 τῶν
1772 2287 1802 2313 ὲν
1814 2287 1872 2317 τοῖς

1080 2336 1213 2370 οὐρανοῖς,
1231 2335 1336 2366 τούτοις
1353 2333 1560 2369 καθαρίζεσθαι.
1577 2343 1586 2358 ι

1116 2377 1206 2412 Οὗτοι,
1222 2381 1313 2415 φησὶν,
1331 2379 1355 2406 οὶ
1373 2379 1500 2414 καθαροὶ,
1517 2380 1542 2405 οἱ
1562 2378 1634 2405 κατὰ
1650 2377 1732 2412 νόμον
1752 2376 1873 2404 τελειού-

1083 2435 1167 2462 μενοι,
1181 2426 1284 2457 ἀτελεῖς
1299 2423 1380 2461 ἦσαν,
1397 2425 1490 2460 ἐπειδὴ
1516 2427 1564 2452 καὶ
1587 2424 1672 2456 τύπος
1686 2423 1757 2460 ἦσαν
1771 2425 1872 2450 ἐκεῖνοι

1080 2473 1134 2500 τῶν
1146 2472 1308 2508 μελλόντων.

1118 2529 1129 2546 ί
1143 2519 1218 2547 Λύτά
1233 2519 1262 2546 δὲ
1276 2518 1311 2545 τὰ
1325 2517 1485 2552 ἐπουράνια,
1507 2527 1517 2543 ι

1117 2567 1173 2602 Τὴν
1194 2565 1358 2601 Ἐκκλησίαν
1377 2564 1463 2599 λέγει.

1120 2623 1129 2640 ε
1143 2612 1289 2647 Κρείττοσι
1302 2612 1409 2643 θυσίαις
1424 2610 1502 2646 παρὰ
1513 2610 1628 2642 ταύτας.
1651 2619 1660 2635 ι

1117 2659 1183 2685 Τότε
1199 2658 1248 2693 μὲν
1259 2657 1395 2694 προϐάτου
1410 2657 1506 2692 αἵματι
1520 2657 1659 2693 ἐχρίοντο,
1669 2655 1717 2683 νῦν
1731 2654 1770 2684 δὲ.
1790 2651 1875 2681 αὑτοῦ

1083 2704 1129 2731 τοῦ
1145 2704 1275 2740 Χριστοῦ.

1121 2761 1130 2776 ι
1145 2751 1182 2777 Οὐ
1197 2751 1252 2786 γάρ
1278 2750 1317 2781 εἰς
1345 2749 1523 2785 χειροποίητα
1545 2749 1611 2783 ἆγια
1639 2747 1788 2783 εἰσῆλθενό
1805 2747 1876 2782 Χρι-

1085 2797 1157 2828 στὸς,
1169 2796 1304 2823 ἀντίτυπα
1320 2795 1375 2822 τῶν
1401 2796 1557 2831 ἀληθινῶν,
1587 2795 1645 2823 ἀλλ’
1674 2795 1714 2828 εἰς
1727 2794 1809 2822 αὐτὸν
1829 2792 1876 2821 τὸν

1084 2842 1197 2879 οὐρανόν
1212 2850 1219 2857 ⁸
1237 2842 1285 2870 νῦν
1296 2842 1498 2879 ἐμφανισθῆναι
1524 2851 1534 2868 ι
