2078 3113
207 133 261 166 913

787 126 829 158 IN
844 124 962 156 EPIST.
984 124 1035 154 AD
1057 123 1256 154 HEBR/EOS.

1789 120 1841 153 οτι
1890 107 1894 110 ’

241 185 338 219 Τοῦτο,
363 185 456 221 φησὶν,
484 184 579 219 ὥσπερ
600 183 632 218 δὴ
655 182 727 218 μέγα
749 181 879 217 ἐφρόνουν
893 181 918 206 οἱ
935 179 997 205 Ὶου-

1086 176 1125 204 Ita
1144 177 1223 212 plane
1242 175 1375 211 loquitur,
1396 183 1459 203 cum
1482 179 1622 203 structura
1635 176 1729 210 templi
1746 176 1841 203 admo-

207 234 275 261 δαϊοι
289 232 335 259 ἐπὶ
345 232 378 266 τῇ
395 231 442 258 τοῦ
465 230 530 257 ναοῦ
549 230 720 264 κατασκευῇ,
736 229 774 260 ὡς
792 226 889 262 μηδενὶ
914 226 997 252 τόπου

207 279 283 310 ὕντος
298 276 430 304 τοιούτου.
447 275 534 302 Πάλιν
542 272 590 301 οὖν
602 274 758 309 σύγκρισις,
770 274 817 300 καὶ
825 272 856 298 τὸ
870 271 998 306 διάφορον

208 324 287 356 πολὺ,
303 323 358 358 ὅσῳ
370 322 450 354 αὐτὸς
460 322 474 348 ὁ
487 321 600 356 οὐρανὸς
616 319 663 347 τοῦ
678 319 754 347 ναοῦ.

245 421 255 439 ε
273 411 319 447 Τῷ
333 411 471 446 προσώπῳ
486 409 553 437 Θεοῦ
568 409 638 445 ὑπὲρ
651 408 740 444 ἡμῶν.
764 417 772 434 ι

247 458 339 485 Εἰπὼν
354 457 394 489 τὸ,
412 455 647 492 ἐμφανισθῆναι.
672 455 719 482 καὶ
733 454 823 488 δείξας
838 453 887 489 τὴν
896 454 1000 480 οἰκονο-

212 505 289 540 μίαν,
314 504 362 530 καὶ
383 503 433 537 τὴν
447 502 537 529 αἰτίαν
562 502 672 535 ἐπάγει,
684 501 726 528 ὅτι
743 500 822 527 τοῦτο
849 499 1001 534 πεποίηκεν

212 551 281 585 ὑπὲρ
296 548 470 585 ήμῶν,ὲπεὶ,
500 547 568 574 mea
591 547 659 578 Θεὸς
685 546 783 580 Λόγος,
805 546 921 572 πάντοτε
937 545 1000 571 σύν-

211 605 270 623 εστι
283 595 321 631 τῷ
337 594 436 630 Πατρί.
468 593 543 628 Ἐγὼ
574 594 638 629 γὰρ,
656 593 748 628 φησὶν,
777 592 813 620 ἐν
839 592 879 625 τῷ
899 591 1001 625 "arpi,

211 640 261 668 καὶ
274 642 291 668 ὁ
301 640 406 674 Πατὴρ
416 640 451 666 ἐν
469 639 544 673 ἐμοί.

250 697 260 713 ‹
278 687 346 713 οὐδὲ
362 685 493 717 πολλάκις
510 685 660 720 προσφέρει
680 683 786 716 ἑαυτὸν,
799 683 893 718 ὥσπερ
904 683 918 708 ὁ
936 683 1004 718 ἀρχ-

212 734 301 768 ιερεὺς
320 732 475 767 εἰσέρχεται
499 732 538 763 εἰς
562 731 596 757 τὰ
611 731 676 765 ἅγια
690 730 751 758 κατ’
775 729 898 756 ἐνιαυτὸν
915 730 943 755 ὲν
960 729 1004 755 αῖ-

214 789 279 815 ματι
292 778 436 814 ἀλλοτρίῳ,
450 778 510 804 ἐπεὶ
525 777 578 804 ἔδει
594 776 675 804 αὐτὸν
693 776 823 807 πολλάκις
840 775 937 803 παθεῖν
951 775 1005 802 ἀπὸ

213 826 263 860 τῆς
286 824 443 858 καταϐολῆς
458 823 506 850 τοῦ
523 824 643 858 κόσμου’
663 822 710 848 νῦν
723 822 750 848 δὲ
771 821 845 854 ἅπαξ
866 822 911 848 ἐπὶ
941 829 1004 847 συν-

213 871 305 907 τελείᾳ
316 870 371 898 τῶν
381 869 498 897 αἰώνων.
520 879 530 894 ι

249 959 282 986 El.
296 957 372 993 παρὰ
387 957 435 994 τὴν
447 957 548 993 ἀρχὴν,
565 956 643 991 φησι,
658 956 738 982 τοῦτο
750 955 870 990 ἐγένετο,
887 952 947 982 εἶτα
960 955 1005 981 οὺ-

215 1004 270 1036 δεὶς
283 1004 454 1036 ἐπίστευσεν,
471 1003 568 1039 ἔμενεν
580 1003 609 1028 ἐν
624 1001 748 1037 ἀπωλείᾳ
757 1001 788 1028 τὸ
800 1001 888 1036 γένος.
901 1002 938 1027 Οὐ
953 1001 1008 1036 γὰρ

215 1048 250 1086 ἦν
265 1050 377 1077 δυνατὸν
397 1049 524 1084 δεύτερον
544 1048 691 1075 ἀποθανεῖν
712 1047 841 1083 Χριστὸν,
866 1047 910 1074 ἵνα
928 1047 1008 1073 πάλιν

218 1096 302 1132 σωθῇ.
324 1096 434 1130 Ἐπειδὴ
449 1095 477 1122 δὲ
492 1095 555 1122 ﬁcte
559 1103 606 1130 ρον
620 1094 706 1120 πολλὰ
716 1091 749 1129 ἦν
762 1094 795 1121 τὰ
809 1094 1008 1129 ἁμαρτήματα,

185 1143 188 1145 ’
217 1142 332 1174 εἰκότως
346 1142 407 1168 τότε
421 1142 553 1176 ἀνεφάνη.

255 1240 266 1258 ε
285 1231 333 1263 Εἰς
351 1230 482 1265 ἀθέτησιν
498 1230 646 1266 ἁμαρτίας,
669 1239 678 1256 ι

255 1278 288 1305 Τί
317 1278 391 1304 ἐστιν
421 1277 559 1311 ἀθέτησις
569 1286 579 1310 ;
610 1276 671 1303 ἀντὶ
698 1275 761 1308 τοῦ,
792 1275 1006 1311 καταφρόνησις.

220 1324 318 1353 Οὐκέτι
331 1324 488 1360 παρρησίαν
503 1323 560 1358 ἔχει
573 1325 590 1359 ὴ
607 1323 740 1359 ἁμαρτία.
760 1322 906 1358 Ἦθέτηται
923 1321 978 1355 γὰρ
996 1321 1013 1356 ἡ

220 1371 360 1406 ἁμαρτία,
390 1370 536 1405 ὀφείλουσα
560 1370 610 1405 μὲν
643 1369 792 1396 ἀπολαϐεῖν
817 1368 940 1400 κόλασιν,
963 1368 1014 1394 οὐκ

220 1416 397 1443 ἀπολαϐοῦσα
415 1416 455 1443 δέ.
471 1416 620 1448 Τουτέστι,
644 1415 706 1451 βίαν
721 1414 836 1442 ἔπαθεν·
859 1415 903 1441 ὅτε
926 1421 1014 1448 προσ‹

221 1463 336 1498 εόόκησε
350 1463 455 1495 πάντας
469 1462 587 1496 ἀνελεῖν,
601 1461 664 1488 τότε
677 1461 809 1498 ἀνῃρέθη.

262 1558 271 1575 ι
290 1549 340 1576 Διὰ
358 1549 409 1584 τῆς
424 1549 521 1581 θυσίας
535 1548 617 1576 αὑτοῦ
634 1547 837 1583 πεφανέρωται.
859 1555 868 1572 ι

264 1596 439 1632 Ἐφανερώθη
455 1596 494 1631 τῷ
509 1595 579 1631 Θεῷ,
595 1595 643 1623 καὶ
654 1594 821 1631 προσῆλθεν.

262 1650 273 1668 ι
296 1643 351 1669 Καὶ
377 1641 493 1668 καθόσον
519 1642 662 1668 ἀπόκειται
678 1633 735 1672 τοῖς
758 1638 912 1676 ἀνθρώποις
940 1638 1016 1671 ἅπαξ

223 1688 382 1722 ἀποθανεῖν,
399 1688 469 1723 μετὰ
479 1688 508 1714 δὲ
522 1688 600 1715 τοῦτο
610 1687 702 1727 κρίσις
712 1695 718 1702 “
731 1686 802 1713 οὕτω
813 1687 861 1713 καὶ
873 1687 886 1712 ὁ
897 1686 1016 1721 Χριστὸς

224 1734 299 1768 ἅπαξ
314 1734 506 1769 προσενεχθεὶς
523 1735 564 1765 εἰς
579 1734 609 1760 τὸ
626 1733 731 1760 πολλῶν
746 1733 904 1766 ἀνενεγκεῖν
923 1732 1015 1767 ἁμαρ-

224 1781 295 1814 τίας,
316 1790 325 1807 ι

261 1828 316 1854 Καὶ
336 1828 385 1862 τὴν
399 1827 488 1854 αἰτίαν
510 1827 596 1861 λέγει,
612 1826 657 1854 διὰ
670 1826 697 1853 τί
718 1825 791 1859 ἆπαξ
806 1826 942 1855 ἀπέθανεν
953 1836 959 1843 ·
977 1828 1017 1854 ὅτι

225 1873 286 1905 ὲνὺς
309 1873 426 1900 θανάτου
450 1873 609 1908 ἀντίλυτρον
632 1872 752 1906 ἐγένετο.
781 1873 924 1900 Ἀπέκειτο
952 1875 1017 1910 γὰρ,

195 1930 201 1932 λ
226 1918 320 1952 φησιν,
333 1918 389 1948 τοῖς
399 1916 554 1952 ἀνθρώποις
566 1916 724 1943 ἀποθανεῖν.
737 1916 824 1944 Τοῦτο
839 1917 886 1945 οὖν
898 1919 928 1945 τὸ
944 1919 1019 1951 ἅπαξ

225 1962 363 1990 ἀπέθανεν
380 1962 451 1997 ὑπὲρ
478 1963 618 1995 ἁπάντων,
643 1963 717 1996 ἅπαξ
738 1964 948 2000 προσενεχθείς’
970 1967 1019 1993 καὶ

227 2009 281 2036 ὑπὸ
296 2009 369 2042 τίνος
382 2009 398 2046 ἦ
413 2010 458 2044 ὑφ’
475 2008 570 2036 ἑαυτοῦ
583 2009 722 2044 δηλονότι;
751 2010 826 2046 Ἐγὼ
840 2011 906 2047 γὰρ,
924 2013 1017 2047 φησιν,

227 2055 304 2090 ὑπὲρ
318 2055 418 2083 αὐτῶν
432 2054 539 2089 ἁγιάζω
553 2055 696 2090 ἐμαυτόν.

266 2111 276 2127 (
313 2102 360 2128 Ἐκ
383 2101 511 2136 δευτέρου
527 2101 613 2137 χωρὶς
631 2101 767 2137 ἁμαρτιας
787 2101 937 2137 ἀρθήσεται
963 2104 1020 2134 τοῖς

227 2146 310 2174 αὑτὸν
323 2147 562 2183 ἀπεκδεχομένοις,
579 2147 619 2178 εἰς
637 2145 786 2182 σωτηρίαν.
805 2155 815 2172 ι

536 2193 660 2220 ΚΕΦΑΛ.
680 2193 708 2222 ι’.

268 2247 277 2264 ε
290 2239 374 2266 Σκιάν
385 2239 440 2274 γάρ
447 2238 538 2274 ἔχωνὸ
546 2239 626 2273 νόμος
636 2239 690 2265 τῶν
705 2239 859 2273 μελλόντων
871 2239 996 2274 ἀγαθῶν,
1010 2249 1019 2265 ι

271 2330 316 2358 Ἐν
334 2333 367 2367 τῇ
390 2330 497 2366 πρώτῃ,
525 2331 618 2366 φησὶν,
644 2330 740 2366 ὤφθη,
759 2332 800 2363 εἰς
821 2331 852 2357 τὸ
878 2329 944 2368 ἆραι
972 2331 1023 2363 τὰς

228 2377 367 2412 ἁμαρτίας
382 2377 478 2412 ἡμῶν·
494 2377 524 2403 ἐν
540 2377 568 2404 δὲ
587 2377 620 2412 τῇ
641 2376 756 2413 δευτέρᾳ
772 2377 864 2404 οὐκέτι
878 2377 950 2404 οὓτω
968 2385 1022 2411 φα-

229 2425 324 2456 νεῖται,
343 2423 411 2450 ἀλλὰ
429 2422 524 2450 σώσων
539 2423 602 2455 τοὺς
622 2423 660 2454 εἱς
675 2423 756 2450 αὑτὸν
774 2422 984 2454 πιστεύσαντας.

266 2478 277 2495 ‹
295 2470 353 2497 Οὐκ
376 2469 462 2504 αὐτὴν
481 2469 531 2504 τὴν
557 2469 652 2496 εἰκόνα
667 2468 721 2495 τῶν
750 2469 933 2504 πραγμάτων.
960 2469 1021 2496 κατ’

229 2515 351 2542 ἐνιαυτὸν
371 2516 432 2546 ταῖς
451 2515 558 2546 θυσίαις
578 2514 612 2547 ἃς
639 2515 844 2550 προσφέρουσιν
864 2516 904 2547 εἰς
920 2515 950 2542 τὸ
980 2515 1021 2542 δι-

229 2561 340 2598 ηνεκὲς,
353 2561 481 2588 οὐδέποτε
496 2560 625 2588 δύνανται
644 2560 708 2592 τοὺς
726 2560 966 2596 προσερχομένους
977 2569 1022 2587 τε-

228 2606 354 2634 λειῶσαι.
373 2607 451 2633 Ἐπεὶ
470 2607 521 2633 οὐκ
551 2606 584 2633 ἂν
600 2606 756 2633 ἐπαύσαντο
779 2606 1020 2642 προσφερόμεναι,

228 2653 272 2681 διὰ
287 2653 318 2680 τὸ
335 2654 471 2689 μηδεμίαν
490 2653 562 2688 ἔχειν
578 2653 618 2679 ἔτι
632 2652 786 2688 συνείδησιν
799 2652 945 2688 ἁμαρτιῶν
957 2653 1020 2684 τοὺς

228 2699 408 2735 λατρεύοντας
432 2697 506 2731 ἅπαξ
530 2697 768 2734 κεκαθαρμένους·
789 2698 848 2725 ἀλλ’
870 2698 900 2725 ἐν
926 2699 1023 2739 αὐτοῖς

229 2745 382 2782 ἀνάμνησις
404 2744 545 2781 ἁμαρτιῶν
562 2744 623 2771 κατ’
638 2744 772 2773 ἐνιαυτόν.
796 2744 941 2773 Ἀδύνατον
965 2745 1020 2782 γὰρ

257 2836 267 2853 ⁸
281 2836 360 2865 Joan.
380 2845 436 2870 xw,
453 2837 494 2864 ll.
535 2835 639 2865 ’Joan.
657 2843 726 2869 xvtt,
762 2835 806 2864 19.

1051 223 1115 251 dum
1128 223 1214 251 Judaei
1230 223 1428 258 gloriarentur,
1445 230 1477 250 ac
1493 223 1516 250 si
1543 223 1637 251 nullus
1651 223 1722 250 alter
1741 222 1842 253 similis

1051 274 1173 298 exstaret
1186 270 1274 297 loeus.
1293 269 1400 296 Rursus
1426 277 1492 304 ergo
1515 270 1723 304 comparatione
1744 269 1842 301 utitur,

1051 316 1231 350 ostenditque
1243 316 1339 351 ingens
1365 315 1501 344 interesse
1523 316 1686 348 discrimen,
1709 321 1843 351 quantum

1053 361 1154 389 ccelnm
1173 362 1245 390 inter
1258 369 1290 389 ac
1304 362 1449 397 templum.

1091 416 1100 432 ‹
1118 406 1211 434 Vultui
1228 407 1275 435 Dei
1291 415 1341 443 pro
1355 407 1447 434 nobis.
1468 418 1477 433 ι

1088 453 1156 480 Cum
1169 453 1286 484 dixerit,
1302 457 1330 479 ut
1344 457 1483 487 appareat,
1503 455 1710 488 monstrataque
1732 453 1846 489 dispen-

1055 499 1173 530 satione.
1188 505 1303 526 causam
1319 497 1471 533 subjungit,
1496 498 1570 533 quod
1586 506 1685 534 nempe
1698 506 1749 534 pro
1766 500 1847 527 nobis

1055 545 1080 572 id
1101 545 1231 580 gesserit,
1244 545 1290 579 qui
1308 544 1411 579 ubique
1440 549 1482 572 est
1499 552 1561 571 cum
1581 545 1673 577 Patre,
1697 553 1751 579 qua
1778 545 1850 574 Deus

1056 595 1098 619 est
1112 590 1245 618 Verbum.
1266 591 1311 618 Ait
1335 591 1408 619 enim
1432 599 1438 617 :
1458 590 1512 626 Ego
1532 591 1560 618 ἱη
1586 591 1676 623 Patre,
1690 596 1714 618 et
1729 592 1812 619 Pater
1824 593 1851 618 in

1056 646 1096 664 me
1110 642 1148 665 est
1161 638 1183 665 °.

1091 683 1171 720 247
1193 683 1277 711 Vsus.
1302 683 1347 715 25,
1372 683 1416 710 26.
1446 693 1454 708 ι
1471 683 1566 718 Neque
1597 689 1627 711 ut
1655 692 1727 719 saepe
1754 685 1851 712 offerat

1057 730 1257 764 semetipsum,
1298 729 1530 764 quemadmodum
1562 731 1684 765 pontifex
1712 731 1794 758 intrat
1825 733 1852 758 in

1057 777 1155 802 sancta
1180 781 1228 809 per
1254 774 1378 809 singulos
1409 781 1497 802 annos
1523 775 1552 801 in
1570 776 1706 810 sanguine
1733 776 1851 804 alieno:

1059 817 1182 851 alioquin
1196 818 1343 852 oportebat
1359 825 1422 845 eum
1437 817 1593 852 frequenter
1612 820 1667 854 pati
1693 820 1727 847 ab
1747 821 1854 855 origine

1022 850 1046 879 Β
1061 862 1166 890 tnuudi.
1183 862 1262 891 Nunc
1280 867 1373 891 autem
1393 864 1477 891 semel
1494 865 1521 891 in
1539 865 1781 893 consummatione
1800 874 1854 893 sre-

1058 910 1195 937 culorum.

1096 955 1125 983 Si
1144 956 1224 983 initio
1243 956 1271 984 id
1299 960 1408 992 gestum
1428 961 1514 989 esset,
1540 957 1643 992 inquit,
1669 962 1726 984 tum
1755 958 1856 985 deinde

1061 1009 1140 1029 nemo
1154 1001 1328 1035 credidisset,
1345 1010 1434 1038 genus
1450 1007 1575 1031 nostrum
1590 1003 1617 1031 in
1632 1003 1746 1031 interitu
1762 1011 1856 1038 perse-

1063 1053 1178 1076 veraret.
1194 1047 1262 1075 Nam
1279 1048 1409 1083 possibile
1423 1056 1479 1076 non
1492 1053 1552 1076 erat
1576 1053 1606 1076 ut
1624 1048 1752 1077 Christus
1765 1049 1857 1076 denuo

1062 1098 1227 1126 moreretur,
1238 1101 1293 1129 quo
1302 1094 1369 1120 illud
1382 1095 1482 1121 iterum
1491 1094 1597 1121 salvum
1607 1094 1693 1122 ﬁeret.
1707 1093 1857 1129 Postquam

1061 1147 1127 1167 vero
1155 1140 1271 1175 plurima
1299 1139 1409 1167 tandem
1444 1145 1557 1175 peccata
1585 1141 1768 1173 exstiterunt.
1791 1145 1858 1169 tunc

1061 1190 1251 1214 consentanee
1266 1193 1381 1219 prorsus
1398 1193 1428 1213 se
1442 1185 1623 1221 conspicuum
1644 1185 1730 1214 dedit.

1101 1242 1110 1258 ε
1131 1232 1171 1259 Ad
1187 1232 1398 1260 destitutionem
1415 1233 1536 1267 peccati,
1558 1241 1567 1258 ι

1099 1278 1236 1311 Quidnam
1254 1282 1296 1306 est
1316 1278 1477 1305 destitutis?
1500 1278 1571 1305 idem
1602 1283 1678 1305 certe
1702 1278 1773 1312 quod
1791 1285 1858 1306 conc

1065 1324 1187 1359 temptio.
1206 1323 1354 1352 Peccatum
1371 1331 1547 1358 nequaquam
1565 1324 1686 1359 amplius
1704 1324 1860 1352 libertatem

1066 1369 1158 1397 habet.
1174 1369 1242 1396 Nam
1257 1369 1422 1397 destitutum
1436 1374 1478 1397 est
1500 1373 1527 1396 ct
1552 1370 1697 1401 abolitum,
1726 1375 1768 1402 ut,
1797 1379 1860 1398 cum

1065 1412 1163 1450 ptﬁnas
1178 1415 1245 1442 dare
1269 1415 1393 1447 deberet,
1417 1415 1506 1443 nullas
1531 1419 1621 1443 tamen
1644 1416 1760 1444 dederit.
1789 1417 1861 1449 Quin

1066 1461 1149 1488 etiam
1165 1460 1219 1487 vim
1234 1460 1359 1494 pertulit,
1379 1463 1421 1492 ut,
1438 1459 1504 1486 dum
1525 1461 1657 1495 sperabat
1681 1466 1799 1489 cunctos
1814 1469 1862 1495 pe-

1028 1523 1052 1555 c
1068 1505 1178 1539 rimere,
1192 1510 1258 1532 tunc
1274 1506 1361 1540 ipsum
1378 1510 1550 1540 peremptum
1574 1505 1666 1534 fuerit.

1107 1562 1117 1578 ι
1134 1551 1186 1579 Per
1202 1552 1319 1579 hostiam
1334 1559 1413 1578 suam
1427 1552 1569 1586 apparuit.
1586 1561 1597 1577 ι

1105 1597 1161 1624 Deo
1176 1604 1206 1624 se
1223 1596 1359 1628 exhibuit,
1378 1597 1449 1624 etad
1469 1604 1532 1624 eum
1549 1598 1677 1627 accessit.

1108 1641 1191 1670 VERS.
1208 1642 1255 1674 27,
1277 1641 1323 1670 28.
1345 1652 1354 1666 ι
1373 1641 1406 1669 Et
1420 1643 1652 1678 quemadmodum
1672 1648 1806 1672 statutum
1821 1650 1864 1673 est

1070 1688 1231 1716 hominibus
1242 1688 1327 1716 semel
1342 1689 1411 1715 mori
1426 1698 1434 1722 ;
1455 1694 1516 1724 post
1529 1689 1582 1717 hoc
1597 1695 1688 1717 autem
1704 1691 1840 1725 judicium
1855 1702 1862 1719 :

1071 1736 1110 1763 sic
1136 1738 1164 1762 et
1191 1734 1318 1762 Christus
1342 1734 1427 1761 semel
1451 1735 1562 1762 oblatus
1582 1740 1624 1763 est
1652 1735 1686 1763 ad
1712 1737 1863 1765 multorum

1071 1780 1258 1809 cxhaurienda
1273 1784 1396 1815 peccata.
1414 1789 1423 1806 ι

1106 1827 1224 1855 Causam
1241 1826 1326 1854 edicit
1343 1835 1393 1854 cur
1408 1830 1535 1855 mortuus
1551 1827 1598 1855 ille
1617 1827 1666 1859 sit,
1688 1828 1736 1863 qui
1767 1829 1864 1856 mortis

1072 1874 1155 1901 unius
1176 1873 1265 1900 factus
1286 1877 1328 1900 cst
1350 1872 1480 1907 pretium.
1497 1872 1564 1900 Nam
1583 1877 1717 1901 statutum
1737 1878 1796 1902 erat
1814 1875 1865 1901 ho-

1073 1920 1205 1951 minibus,
1225 1920 1326 1954 inquit,
1341 1923 1371 1946 ut
1386 1924 1571 1947 morerentur.
1586 1919 1772 1952 Quamobrem
1782 1921 1866 1948 semel

1073 1971 1199 1992 mortuus
1215 1969 1257 1992 cst
1281 1972 1331 1997 pro
1351 1964 1492 1997 omnibus,
1517 1969 1658 2000 quatenus
1687 1966 1798 1993 oblatus
1823 1973 1869 1995 est

1073 2011 1168 2040 semel.
1185 2011 1208 2037 A
1223 2016 1343 2043 quonam
1360 2014 1463 2042 autem,
1481 2010 1535 2038 nisi
1551 2018 1565 2037 τι
1590 2010 1703 2045 seipso?
1715 2011 1754 2038 ait
1771 2011 1844 2038 enim
1858 2021 1865 2039 :

1074 2058 1130 2094 Ego
1144 2065 1192 2092 pro
1207 2056 1261 2082 illis
1272 2056 1411 2090 sancti/ica
1428 2057 1556 2090 meipsum
1567 2057 1589 2084 '.

1070 2108 1074 2113 ‘
1113 2114 1121 2129 ι
1139 2102 1265 2132 Secundo
1281 2101 1340 2128 sine
1352 2106 1466 2137 peccato
1481 2103 1627 2138 apparebit
1638 2104 1865 2139 exspectantibus

1074 2158 1115 2182 se,
1133 2150 1158 2175 iu
1175 2148 1301 2175 salutent.
1323 2157 1332 2173 ι

1401 2194 1478 2222 CAP.
1504 2194 1538 2222 X.

1109 2241 1192 2268 Vsus.
1210 2241 1234 2266 t.
1260 2251 1269 2266 ι
1289 2239 1420 2267 Umbram
1434 2241 1509 2268 enim
1525 2240 1629 2268 habens
1643 2240 1688 2268 lex
1713 2240 1866 2268 futurorum

1072 2289 1219 2321 bonorum,
1239 2299 1248 2315 ι

1110 2337 1139 2363 in
1164 2337 1255 2371 primo
1278 2336 1398 2364 adventu
1418 2334 1557 2370 apparuit,
1575 2337 1607 2361 ut
1631 2333 1753 2361 auferret
1771 2337 1867 2362 nostra

1073 2387 1204 2416 peccata;
1224 2383 1251 2409 in
1265 2380 1388 2410 secundo
1403 2384 1495 2408 autem
1512 2386 1569 2407 non
1589 2379 1630 2406 sic
1644 2377 1800 2414 apparebit,
1817 2379 1866 2406 sed

1075 2432 1104 2454 ut
1125 2428 1216 2455 salvos
1230 2426 1312 2455 faciat
1331 2426 1394 2454 illos
1408 2425 1455 2460 qui
1472 2425 1499 2453 in
1510 2432 1540 2452 se
1555 2423 1745 2452 crediderunt.

1110 2483 1119 2499 ι
1136 2473 1195 2500 Non
1205 2474 1292 2507 ipsam
1308 2472 1455 2507 imaginem
1468 2478 1572 2503 rerum,
1581 2477 1631 2505 per
1643 2469 1769 2504 singulos
1778 2476 1867 2496 annos

1074 2517 1178 2545 cisdem
1202 2516 1270 2552 ipsis
1296 2516 1413 2548 hostiis,
1434 2522 1504 2548 quas
1525 2513 1648 2541 otl'erunt
1668 2513 1865 2545 indesinenter,

1074 2571 1215 2598 nunquam
1240 2565 1359 2597 poSsunt
1386 2560 1551 2588 accedentes
1578 2559 1719 2594 perfectos
1748 2558 1865 2587 facere:

1075 2606 1173 2643 [Vens
1189 2606 1251 2642 2-7]
1278 2605 1400 2641 alioquin
1418 2609 1573 2633 cessassent
1595 2603 1699 2636 oﬂ‘erri,
1720 2603 1782 2631 idco
1793 2604 1866 2639 quod

1077 2652 1181 2680 nullam
1213 2651 1346 2679 haberent
1375 2649 1577 2678 conscientiam
1612 2648 1717 2684 peccati
1743 2648 1867 2676 cultores

1075 2698 1161 2726 semel
1179 2696 1321 2730 mundati;
1335 2696 1383 2724 sed
1398 2696 1425 2723 in
1446 2696 1514 2731 ipsis
1529 2694 1757 2723 commemoratio
1770 2700 1868 2728 pecca-

1077 2749 1166 2773 torum
1182 2752 1231 2780 pcr
1249 2743 1373 2779 singulos
1389 2750 1476 2771 annos
1488 2742 1529 2770 ﬁt;
1548 2741 1725 2777 lmpossibile
1737 2744 1780 2768 est
1793 2739 1866 2767 enim
