2078 3113
231 130 286 163 975

829 131 859 161 S.
878 131 1039 162 JOANNIS
1056 132 1272 164 DAMASCENI

1820 135 1876 168 976

233 185 368 222 sanguine
382 189 527 213 taurorum
546 188 575 213 et
600 183 740 213 hircorum
766 186 870 214 auferri
899 191 1024 222 peccata.

1079 185 1149 223 αἷμα
1172 188 1282 224 ταύρων
1305 188 1354 215 καὶ
1369 187 1481 224 τράγων
1503 188 1633 224 ἀφαιρεῖν
1650 187 1805 224 ἁμαρτίας’
1834 188 1876 215 διὸ

232 230 297 259 Ideo
308 230 468 266 ingrediens
487 229 622 257 mundum
651 230 720 258 dicit
735 239 743 258 :
765 230 891 259 Hostiam
907 235 936 259 et
952 231 1028 259 obla-

232 277 334 305 tionem
350 276 485 309 noluisti;
505 283 605 312 corpus
628 281 720 304 autem
741 279 844 312 aptasti
862 278 928 306 mihi
951 288 958 306 :
977 278 1028 306 ho-

232 323 417 352 locautomata
430 326 458 351 et
476 330 527 358 pro
541 328 656 359 peccato
680 331 735 351 non
761 324 812 352 tibi
841 324 1025 360 placuerunt;

232 374 296 396 tunc
312 368 369 396 dixi
387 377 394 396 :
417 368 488 396 Ecce
515 369 607 396 venio.
628 368 656 397 in
681 369 775 405 capite
797 369 864 398 libri
889 370 1024 406 scriptum

230 419 272 443 est
285 415 319 442 de
331 423 384 448 me,
401 419 431 442 ut
446 414 557 449 faciam,
572 415 654 449 Deus,
671 416 843 445 voluntatem
861 420 948 445 tuam.
965 427 975 444 ι

264 460 292 488 ld
307 465 360 494 est,
377 468 432 489 non
449 461 536 497 ipsam
552 462 709 490 veritatem.

266 506 305 535 De
333 507 455 535 victimis
477 507 622 543 loquitur,
655 516 716 544 qua:
741 516 791 544 pro
820 509 1026 538 condonatione

215 551 426 580 referebantur.

265 597 349 627 Vens.
364 599 391 632 8,
405 598 432 627 9.
455 609 465 626 ‹
484 598 620 635 Superius
643 599 748 633 dicens,
772 601 837 636 quia
863 601 980 635 hostias,
997 607 1025 631 et

216 645 409 678 oblationem,
428 650 455 673 et
476 645 715 679 holocautomata,
730 651 757 674 et
776 654 829 682 pro
847 651 960 682 peccato
972 655 1024 675 no-

229 690 314 723 luisti,
334 698 385 718 nec
397 691 500 726 placita
522 695 589 719 sunt
605 691 665 724 tibi,
687 699 749 727 quae
769 694 920 721 secundum
936 693 1023 730 legem

228 735 392 769 oﬂeruntur,
413 739 479 763 tunc
494 736 587 764 dixit:
608 736 679 764 Ecce
694 737 786 765 venio.
805 747 816 764 »

263 783 355 810 Veteri
375 782 547 810 Testimouio
572 783 693 817 probat'
708 783 884 811 victimarum
906 784 1024 813 oblatio-

227 835 290 857 nem
309 827 428 855 desiisse
444 835 477 854 ex
495 834 551 862 quo
568 827 700 856 Christus
719 829 805 861 venit,
822 829 929 857 tametsi
945 830 1023 858 vide-

228 876 329 902 bantur
345 873 434 901 adhuc
455 873 562 901 oll'erri.
582 873 732 910 Tantisper
756 875 831 903 enim
859 875 1022 910 diﬂ'erebat;
1038 867 1061 899 Β

227 929 260 949 ac
271 922 379 948 demum
398 922 480 948 ilnem
502 921 556 949 illis
575 920 717 956 imposuit.

263 967 346 1003 248
361 976 372 993 ί
395 966 430 994 Ut
446 966 546 994 faciam
560 967 732 995 voluntatem
751 971 839 1001 tuam,
863 968 946 996 Deus.
965 969 1023 997 Au-

227 1012 281 1040 fert
298 1013 428 1047 primum,
447 1016 477 1039 ut
494 1019 613 1047 sequens
627 1017 743 1041 statuat.
757 1013 855 1050 [Vsns.
871 1014 977 1051 10-18.]
994 1015 1024 1043 in

218 1065 282 1094 qua
299 1058 440 1085 voluntate
466 1058 630 1086 sanctiﬁcati
651 1066 758 1091 sumus,
773 1060 820 1095 qui
837 1068 887 1096 per
908 1060 1025 1089 oblatio-

227 1111 291 1132 nem
308 1105 433 1139 corporis
449 1103 514 1132 Jesu
528 1103 634 1132 Christi
651 1105 745 1133 semel.
759 1105 792 1133 Et
804 1106 894 1134 omnis
911 1107 1023 1142 quidem

230 1151 358 1178 sacerdos
371 1154 473 1185 praesto
489 1155 532 1178 est
544 1151 668 1186 quotidie
681 1151 856 1186 ministrans,
873 1157 900 1180 et
913 1153 1022 1181 easdem

231 1204 305 1232 saepe
319 1196 440 1224 oiierens
455 1196 571 1230 hostias,
592 1204 654 1232 qua:
677 1205 818 1233 nunquam
836 1202 955 1234 possunt
974 1206 1023 1226 au-

229 1243 302 1270 ferre
316 1247 439 1277 peccata.
456 1241 509 1270 Hic
527 1247 618 1270 autem
640 1250 723 1270 unam
740 1251 791 1279 pro
812 1245 934 1279 peccatis
958 1244 1024 1272 οπε-

227 1296 294 1317 rens
310 1289 439 1320 hostiam.
466 1289 494 1316 in
526 1289 726 1324 sempiternum
751 1290 829 1318 sedet
858 1291 886 1318 in
908 1291 1023 1319 dextera

229 1334 290 1367 Dei,
307 1334 341 1362 de
352 1338 453 1363 caetero
464 1342 639 1371 exspectans,
657 1336 745 1364 donec
761 1343 901 1372 ponantur
917 1338 1023 1366 inimici

228 1381 290 1415 ejus
306 1390 316 1406 ι
999 1380 1009 1383 “

264 1426 399 1461 Meipsum
415 1426 560 1460 tradendo,
576 1426 679 1462 inquit.

268 1481 277 1498 ι
295 1472 449 1500 Scabellum
474 1473 574 1508 pedum
598 1473 669 1507 ejus.
698 1472 760 1501 Una
785 1475 858 1502 enim
885 1474 1025 1503 oblatione

231 1519 432 1546 consummavit
448 1519 475 1546 in
496 1523 632 1546 aeternum
652 1519 851 1549 sanctificatos.
877 1520 1023 1549 Contesla-

230 1568 278 1592 tur
294 1568 385 1592 autem
401 1571 451 1592 nos
467 1567 494 1592 et
507 1564 628 1600 Spiritus
645 1569 769 1593 sanctus.
786 1567 936 1602 Postquam
949 1567 1021 1595 enim

231 1610 301 1638 dixit
315 1620 321 1638 :
337 1610 395 1637 Hoc
417 1615 509 1638 autem
530 1614 740 1643 testamentum,
756 1612 830 1647 quod
843 1613 968 1641 testabor
988 1613 1022 1641 ad

231 1656 294 1685 illos
307 1660 368 1690 post
382 1655 442 1682 dies
465 1655 536 1688 illos,
558 1656 625 1683 dicit
641 1656 774 1685 Dominus
798 1666 806 1686 :
829 1658 920 1687 dando
949 1659 1023 1695 leges

1036 1543 1058 1573 C

229 1707 308 1729 meas
325 1700 351 1727 in
375 1700 506 1728 cordibus
527 1709 633 1734 eorum,
656 1708 683 1729 et
711 1703 738 1730 in
767 1705 905 1732 mentibus
927 1712 1023 1733 eorum

229 1746 436 1781 superscribam
460 1754 518 1781 eas,
546 1752 573 1775 et
589 1753 765 1783 peccatorum
790 1754 818 1778 et
846 1744 1022 1787 iniquiiatum

225 1791 284 1826 jam
305 1799 360 1818 non
378 1791 545 1821 recordabor
569 1793 698 1828 amplius.
724 1794 775 1822 Ubi
803 1800 894 1823 autem
925 1797 1024 1824 borum

229 1836 369 1870 remissio,
385 1836 442 1871 jam
457 1845 513 1864 non
527 1842 573 1865 est
586 1838 690 1866 oblatio
709 1847 759 1874 pro
773 1845 897 1875 peccato.
915 1851 924 1867 ι

267 1924 396 1953 Inimicos
411 1926 546 1959 nominat,
564 1926 686 1962 Iudaeos,
700 1934 726 1956 et
741 1928 892 1965 daemones,
903 1936 930 1959 et
945 1937 1025 1967 quot-

230 1973 298 2005 quot
313 1969 504 2004 praadicationi
523 1971 665 2007 Evangelii
686 1973 837 2001 obsistunt.

266 2014 350 2043 Vens.
379 2016 421 2044 l9.
458 2026 467 2042 ι
494 2016 632 2046 Habentes
661 2019 776 2054 itaque,
807 2019 927 2054 fratres,
955 2021 1025 2050 lidu-

230 2069 311 2094 ciam,
328 2071 338 2087 ι

265 2107 501 2141 Quemadmodum
514 2115 639 2143 peccata,
655 2111 757 2145 inquit.
770 2113 901 2146 pudorem
917 2119 1024 2149 creant,

231 2153 272 2179 sic
288 2160 399 2188 quoque
416 2153 546 2180 ﬁduciam
568 2158 595 2181 et
620 2155 776 2183 libertatem
795 2158 939 2192 habemus,
960 2160 1023 2188 dum

1079 234 1273 269 εἰσερχόμενος
1286 235 1328 265 εἰς
1340 234 1387 261 τὸν
1399 233 1502 269 κόσμον
1514 234 1600 268 λέγει·
1617 233 1720 260 Θυσίαν
1734 234 1782 261 καὶ
1791 242 1876 270 προσ-

1079 279 1166 315 φορὰν
1181 279 1233 306 οὐκ
1245 278 1393 315 ἠθέλησας,
1407 279 1489 315 σῶμα
1501 279 1529 306 δὲ
1543 279 1702 314 κατηρτίσω
1722 288 1779 315 μοι.
1802 280 1875 307 Ὀλο-

1078 324 1250 360 καυτώματα
1267 325 1314 351 καὶ
1330 325 1395 360 περὶ
1412 325 1552 360 ἁμαρτίας
1568 325 1620 351 οὐκ
1633 325 1796 360 εὐδόκησας,
1813 325 1874 353 τότε

1078 368 1166 405 εἷπον,
1189 371 1256 398 Ἰδοὺ
1281 370 1348 405 ἐγώ.
1381 371 1425 398 Ἐν
1448 370 1574 405 κεφαλίδι
1597 370 1699 406 βιϐλίου
1717 371 1874 407 γέγραπται

1077 417 1144 453 περὶ
1159 416 1239 452 ἐμοῦ,
1254 416 1302 444 τοῦ
1320 416 1434 452 ποιῆσαι
1450 418 1464 444 ὸ
1478 417 1545 449 Θεὸς
1559 416 1590 444 τδ
1605 416 1712 453 θέλημά
1729 426 1787 446 σου.
1807 426 1817 444 ι

1112 462 1260 490 Τουτέστιν
1272 462 1324 489 οὐκ
1338 462 1425 498 αὐτὴν
1444 462 1494 499 τὴν
1509 463 1653 498 ἀλήθειαν.

1112 508 1196 543 Λέγει
1211 508 1240 536 δὲ
1255 508 1307 542 τὰς
1319 509 1416 541 θυσίας
1430 509 1480 544 τῆς
1491 509 1627 544 ἀφέσεως.

1114 607 1124 625 ι
1151 598 1300 634 Ἀνώτερον
1318 597 1416 632 λέγων,
1431 598 1473 625 ὄτι
1488 597 1600 631 Θυσίαν,
1623 597 1670 624 καὶ
1690 594 1850 633 προσφοράν
1862 618 1871 632 ,

1076 644 1126 671 καὶ
1149 643 1367 680 ὁλοκαυτώματα
1379 663 1387 676 ,
1408 643 1457 671 καὶ
1478 643 1542 679 περὶ
1558 643 1695 679 ἁμαρτίας
1709 643 1760 671 οὐκ
1772 643 1873 680 ἠθέλη-

1076 699 1136 724 σας,
1152 690 1213 717 οὐδέ
1229 690 1395 726 εὐδόκησας·
1419 690 1522 722 αἵτινες
1541 690 1612 716 κατὰ
1625 690 1671 717 τὸν
1693 689 1775 726 νόμον
1788 698 1874 726 προσ-

1075 735 1204 771 φέρονται
1214 744 1222 752 ·
1234 735 1295 762 τότε
1309 735 1430 771 εἴρηκεν·
1450 735 1515 763 Ἰδοὺ
1531 736 1602 771 ήκω.
1626 744 1636 761 ι

1117 781 1260 809 Δείκνυσιν
1284 783 1317 809 ἐκ
1341 781 1503 817 Μαρτυρίας
1525 781 1658 813 Παλαιᾶς,
1682 781 1725 808 ὅτι
1749 781 1797 816 ἀφ’
1811 778 1872 817 οὗή

1074 827 1209 863 ἐπιδημία
1226 827 1357 863 Χριστοῦ,
1375 827 1513 854 πέπαυται
1530 827 1566 854 τὰ
1579 826 1634 854 τῶν
1650 826 1764 858 θυσιῶν,
1780 827 1806 853 εἰ
1824 827 1873 853 καὶ

1074 873 1200 901 δοκοῦσιν
1222 874 1262 901 ἔτι
1287 873 1502 910 προσφέρεσθαι.
1530 873 1707 901 Ἀνεὸἀλλετο
1727 873 1783 909 γὰρ
1802 873 1872 910 πρὸς

1074 919 1178 954 ὀλίγον,
1190 917 1252 946 εἷτα
1266 918 1408 954 ἐπήγαγεν
1418 919 1509 946 αὐτῶν
1521 918 1551 945 τὸ
1564 918 1650 950 τέλος.

1114 975 1122 992 ι
1142 965 1196 992 Τοῦ
1212 965 1323 1001 ποιῆσαι
1337 965 1368 992 τὸ
1382 965 1490 1001 θέλημά
1511 966 1588 998 σου,ὁ
1604 964 1681 996 Θεός.
1703 965 1826 999 ’Δναιρεῖ
1841 964 1871 991 τδ

1074 1011 1195 1048 πρῶτον,
1222 1011 1267 1038 ἵνα
1291 1011 1323 1038 τὺ
1348 1011 1475 1047 δεύτερον
1501 1012 1599 1047 στήσῃ.
1626 1012 1673 1038 Ἐν
1693 1007 1716 1045 ᾧ
1734 1011 1871 1046 θελήματι

1073 1058 1237 1094 ἡγιασμένοι
1252 1057 1348 1093 ἐσμὲν,
1361 1058 1385 1084 oi
1395 1057 1441 1085 διὰ
1449 1057 1499 1092 τῆς
1511 1058 1671 1093 προσφορᾶς
1682 1057 1729 1084 τοῦ
1742 1057 1871 1092 σώματος

1080 1103 1167 1139 Ἰησοῦ
1187 1103 1307 1140 Χριστοῦ
1322 1104 1443 1139 ἐφάπαξ.
1467 1104 1523 1131 Καὶ
1540 1104 1594 1135 πᾶς
1613 1103 1663 1139 μὲν
1680 1103 1771 1138 ἱερεὺς
1785 1103 1869 1137 ἐστη-

1074 1159 1122 1178 κεν
1140 1150 1202 1177 καθ’
1220 1150 1331 1186 ἡμέραν
1352 1149 1530 1186 λειτουργῶν,
1556 1149 1668 1181 καὶτὰς
1692 1149 1779 1181 αὑτὰς
1803 1148 1871 1176 πολ-

1073 1196 1153 1228 λάκις
1170 1197 1336 1232 προσφέρων
1352 1196 1459 1228 θυσίας,
1482 1196 1587 1228 αἵτινες
1601 1195 1729 1222 οὐδέποτε
1743 1195 1872 1223 δύνανται

1075 1243 1211 1279 περιελεῖν
1224 1242 1362 1278 ἁμαρτίας
1383 1249 1389 1257 ·
1404 1242 1487 1273 αὐτὸς
1504 1242 1532 1269 δὲ
1554 1242 1618 1278 μίαν
1636 1242 1707 1278 ὑπὲρ
1728 1242 1871 1278 ἁμαρτιῶν

1074 1288 1262 1325 προσενέγκας
1287 1287 1395 1321 θυσίαν,
1420 1288 1461 1320 είς
1487 1288 1518 1315 τὺ
1542 1288 1668 1324 διηνεκὲς
1695 1288 1824 1316 ἐκάθισεν
1841 1289 1872 1314 ἐν

1073 1335 1149 1370 δεξιᾷ
1165 1334 1212 1362 τοῦ
1227 1333 1307 1367 Θεοῦ,
1328 1334 1360 1361 τὸ
1374 1334 1468 1362 λοιπὸν
1481 1335 1672 1371 ἐκδεχόμενος,
1688 1335 1742 1368 ἕως
1755 1334 1872 1363 τεθῶσιν

1076 1382 1101 1407 oi.
1118 1379 1212 1416 ἐχθροὶ
1230 1378 1314 1406 αὑτοῦ
1335 1388 1344 1406 ι

1110 1426 1166 1452 Τοῦ
1182 1425 1312 1461 ἐμαυτὸν,
1328 1425 1422 1461 φησὶν,
1438 1425 1565 1453 ἐκδοῦναι
1579 1444 1585 1453 .

1113 1481 1122 1496 ι
1138 1471 1299 1498 Ὑποπόδιον
1312 1471 1368 1498 τῶν
1378 1471 1466 1498 ποδῶν
1483 1471 1577 1498 αὐτοῦ’
1594 1472 1645 1507 μιᾷ
1654 1471 1710 1508 γὰρ
1727 1472 1872 1508 προσφορᾷ

1075 1517 1251 1544 τετελείωκεν
1279 1518 1320 1550 είς
1353 1517 1385 1545 τὸ
1412 1517 1536 1553 διηνεκὲς
1564 1517 1629 1550 τοὺς
1660 1517 1869 1554 ἁγιαζομένους.

1075 1564 1221 1599 Μαρτυρεῖ
1233 1564 1261 1591 δὲ
1275 1564 1342 1599 ἡμῖν
1355 1565 1403 1591 καὶ
1415 1564 1445 1591 τὸ
1458 1564 1572 1600 Πνεῦμα
1582 1564 1612 1591 τὸ
1623 1563 1701 1599 ἅγιον
1709 1572 1717 1580 ·
1734 1563 1804 1599 μετὰ
1815 1564 1872 1601 γὰρ

1074 1609 1104 1637 τδ
1121 1611 1169 1638 καὶ
1186 1610 1400 1646 προειρηκέναι,
1423 1610 1497 1646 Αὕτη
1512 1611 1529 1646 ἡ
1543 1610 1673 1647 διαθήκη.
1691 1611 1724 1646 ἢν
1741 1610 1871 1646 διαθήσο-

1078 1665 1127 1692 μαι
1142 1656 1211 1692 πρδς
1234 1656 1332 1688 αὐτοὺς
1358 1655 1429 1691 μετὰ
1454 1655 1504 1687 τὰς
1521 1656 1630 1692 ἡμέρας
1653 1655 1778 1688 ἐκείνας,
1794 1655 1871 1690 λέγει

1075 1702 1178 1737 Κύριος
1188 1723 1196 1736 ,
1212 1701 1304 1734 Διδοῦς
1319 1701 1420 1737 νόμους
1437 1710 1488 1737 μου
1506 1702 1552 1728 ἐπὶ
1577 1701 1691 1736 καρδίας
1706 1702 1807 1733 αὐτῶν,
1823 1702 1871 1728 καὶ

1079 1748 1126 1774 ἐπὶ
1149 1748 1203 1776 τῶν
1216 1742 1340 1775 διανοιῶν
1353 1748 1446 1775 αὐτῶν
1466 1748 1612 1783 ἐπιγράψω
1627 1748 1735 1780 αὐτοὺς.
1752 1749 1800 1775 καὶ
1815 1747 1871 1774 τῶν

1075 1792 1220 1827 ἁμαρτιῶν
1245 1792 1347 1826 αὐτῶν,
1372 1793 1421 1819 καὶ
1448 1793 1504 1819 τῶν
1529 1792 1651 1828 ἀνομιῶν
1667 1793 1758 1821 αὐτῶν
1783 1794 1814 1820 οὐ
1831 1793 1870 1829 μὴ

1077 1838 1189 1873 μνησθῶ
1209 1838 1261 1866 ἔτι.
1279 1838 1367 1865 Ὅπου
1383 1838 1412 1865 δὲ
1427 1838 1526 1874 ἄφεσις
1542 1839 1657 1872 τούτων,
1674 1840 1767 1867 οὐκέτι
1785 1849 1870 1876 προσ-

1075 1883 1148 1919 φορὰ
1165 1884 1229 1920 περὶ
1243 1884 1392 1920 ἁμαρτίας.
1417 1893 1426 1909 ι

1117 1930 1257 1965 Ἐχθροὺς
1280 1929 1363 1958 αὑτοῦ
1389 1930 1533 1962 Ἰουδαίους
1549 1930 1635 1965 λέγει,
1661 1931 1708 1958 καὶ
1724 1931 1868 1967 δαίμονας,

1076 1977 1125 2004 καὶ
1140 1977 1246 2009 πάντας
1260 1977 1324 2009 τοὺς
1339 1977 1551 2009 ἀντιπίπτοντας
1566 1976 1604 2012 τῷ
1615 1977 1786 2014 κηρύγματι.

1113 2032 1122 2049 ι
1143 2024 1272 2059 Ἔχοντες
1288 2021 1345 2057 οὖν,
1360 2023 1484 2057 ἀδελφοὶ,
1500 2023 1669 2059 παρρησίαν,
1688 2033 1698 2050 ι

1112 2070 1220 2106 Ὥσπερ
1241 2069 1296 2106 γὰρ
1322 2069 1466 2106 αἰσχύνην,
1491 2071 1570 2106 φησὶ,
1597 2071 1670 2097 ποιεῖ
1686 2070 1720 2097 τὰ
1740 2071 1869 2107 apag/ni-

1077 2124 1160 2150 ματα,
1173 2115 1245 2142 οὕτω
1259 2116 1430 2151 παρρησίαν,
1445 2116 1475 2142 τὸ
1485 2116 1574 2143 πάντα
1586 2116 1722 2151 ἀφεθῆναι
1735 2117 1810 2152 ἡμῖν,
1822 2118 1870 2144 καὶ

1077 2161 1317 2197 συγκληρονόμους
1334 2161 1474 2197 γενέσθαι,
1497 2163 1543 2189 καὶ
1565 2161 1702 2197 τοσαύτης
1714 2162 1869 2190 ἀπολαῦσαι
1920 2162 1923 2165 ’

230 2203 331 2226 cuncta
347 2199 427 2226 nobis
439 2200 652 2235 condonantur;
668 2201 705 2228 ita
718 2207 746 2229 ut
758 2203 916 2234 colimredes
929 2206 1025 2235 eilicia-
1038 2215 1063 2246 ι)
1077 2206 1199 2241 ἀγάπης-

230 2251 304 2276 mur,
320 2251 354 2271 ac
366 2247 449 2272 tanta
463 2245 624 2275 dilectionis
638 2248 797 2284 participes.

269 2300 278 2316 (
301 2290 330 2317 In
358 2290 474 2319 introitu
507 2297 665 2321 sanctorum
693 2295 718 2322 in
750 2296 886 2332 sanguine
909 2298 1024 2331 Christi,

231 2336 328 2373 [νεεδ.
349 2338 395 2370 20,
409 2336 456 2374 21]
480 2346 562 2374 quem
592 2339 712 2368 initiavit
732 2342 813 2370 nobis
835 2343 908 2370 viam
925 2351 1024 2372 novam

229 2387 257 2411 et
270 2383 419 2417 viventem,
431 2380 480 2419 per
492 2385 630 2418 velamen,
645 2385 673 2414 id
695 2391 739 2414 est
755 2394 867 2415 carnem
883 2396 976 2423 suam;
997 2394 1024 2418 et

230 2429 399 2457 sacerdotem
413 2437 544 2465 magnum
559 2437 644 2466 super
658 2431 771 2459 domum
789 2433 847 2461 Dei.
869 2444 878 2460 ι

264 2475 372 2503 Caelum
389 2476 496 2504 scilicet
509 2477 611 2504 innuit.

266 2520 348 2549 Vens.
363 2521 459 2550 22-24.
480 2532 489 2548 ι
512 2523 688 2552 Accedamus
713 2531 776 2552 cum
801 2534 867 2554 vero
889 2528 972 2556 corde
996 2529 1023 2556 in

229 2567 403 2601 plenitudine
414 2567 489 2602 ﬁdei,
505 2570 612 2604 aspersi
629 2571 713 2599 corda
730 2579 746 2598 a
756 2573 927 2602 conscientia
941 2575 1022 2610 mala,

230 2616 256 2638 et
279 2612 365 2640 abluti
395 2621 495 2649 corpus
524 2623 594 2652 aqua
627 2617 729 2645 munda
756 2627 763 2646 :
791 2623 936 2649 teneamus
961 2621 1023 2650 tldei

230 2662 330 2685 nostra:
348 2658 553 2689 confessionem
577 2661 804 2692 indeclinabilem
824 2665 927 2701 (ﬁdelis
949 2667 1022 2695 enim

229 2707 282 2736 est,
295 2704 341 2739 qui
355 2706 533 2743 repromisit),
546 2712 574 2736 et
593 2710 798 2740 consideremus
819 2712 936 2742 invicem
955 2723 964 2740 ν

263 2834 360 2864 'Psal.
396 2844 493 2872 xutx,
515 2837 541 2866 7.

1115 2261 1125 2278 ι
1142 2253 1188 2283 Εἰς
1201 2251 1251 2288 τὴν
1266 2251 1369 2279 εἴσοδον
1383 2251 1438 2279 τῶν
1451 2252 1536 2287 ἁγίων
1549 2253 1578 2280 ἐν
1591 2252 1632 2289 τῷ
1647 2253 1743 2289 αἵματι
1765 2254 1866 2289 Ἰησοῦ,

1073 2297 1108 2333 ἢν
1125 2297 1276 2324 ἐνεκαίνισε
1293 2298 1360 2333 ἡμϊν
1382 2298 1441 2325 ὁδὸν
1463 2298 1622 2334 πρόσφατον
1639 2300 1688 2326 καὶ
1703 2299 1804 2332 ζῶσαν,
1824 2299 1869 2326 διὰ

1073 2343 1121 2370 τοῦ
1136 2343 1396 2379 καταπετάσματος,
1412 2344 1537 2371 τουτέστι
1558 2344 1610 2378 τῆς
1637 2345 1740 2381 σαρκὸς
1763 2345 1846 2372 αὑτοῦ
1859 2353 1866 2359 ·

1074 2389 1121 2416 καὶ
1138 2389 1214 2425 ἱερέα
1227 2390 1314 2425 μέγαν
1326 2389 1375 2416 ἐπὶ
1386 2389 1432 2417 τὸν
1445 2387 1519 2417 οἷκον
1533 2389 1582 2417 τοῦ
1597 2389 1676 2418 Θεοῦ.
1697 2399 1708 2418 ι

1110 2481 1162 2508 Τὸν
1181 2482 1296 2518 οὐρανόν
1309 2491 1388 2518 φησι.

1112 2537 1121 2554 ι
1142 2528 1364 2565 Προσερχώμεθα
1383 2529 1443 2565 μετ’
1459 2529 1591 2565 ἀληθινῆς
1612 2530 1727 2567 καρδίας
1748 2532 1777 2558 ἐν
1796 2532 1867 2567 πλη-

1076 2575 1191 2611 ροφορίᾳ
1213 2576 1343 2608 πίστεως,
1363 2577 1571 2613 ὲρῤαντισμένοι
1593 2577 1644 2610 τὰς
1667 2578 1784 2614 καρδίας
1811 2580 1867 2606 ἀπὸ

1076 2620 1258 2656 συνειδήσεως
1287 2622 1426 2657 πονηρᾶς,
1451 2621 1498 2648 καὶ
1527 2621 1687 2657 λελουμένοι
1719 2623 1750 2648 τὸ
1786 2623 1866 2657 σῶμα

1077 2666 1153 2693 ὕδατι
1168 2666 1292 2702 καθαρῷ,
1306 2667 1468 2703 κατέχωμεν
1479 2667 1530 2703 τὴν
1542 2668 1689 2702 ὁμολογίαν
1700 2668 1749 2704 τῆς
1760 2668 1867 2700 ἐλπίδος

1075 2712 1189 2747 ἀκλινῆ”
1213 2713 1310 2745 πιστὸς
1332 2713 1388 2750 γὰρ
1404 2715 1418 2741 ὁ
1439 2713 1695 2749 ἐπαγγειλάμενος’
1720 2714 1767 2741 καὶ
1783 2723 1863 2741 κατα·

1075 2759 1181 2795 νοῶμεν
1192 2759 1323 2796 ἀλλήλους
1341 2770 1351 2788 ι
