2078 3113
230 114 284 147 977

809 113 851 144 IN
872 112 993 142 EPIST.
1007 112 1057 142 AD
1068 111 1264 142 HEBRIEOS.

1808 114 1861 145 978

263 166 426 199 Δείκνυσιν,
441 166 479 198 ὼς
502 165 549 193 καὶ
571 165 662 192 πίστει
689 164 757 202 ὀρθῇ
780 167 923 201 προσεῖναι
952 166 994 192 δεῖ
1008 170 1019 183 τ

1106 165 1251 200 Signiﬁcat
1269 172 1362 200 operae
1381 165 1499 200 pretium
1513 171 1576 192 esse
1590 168 1619 192 ut
1638 171 1700 192 cum
1722 168 1794 192 recta
1811 165 1863 194 rule

229 212 277 242 καὶ
291 212 359 248 ἔργα
373 212 500 247 λαμπρά.
509 211 641 238 Τουτέστι
657 211 710 247 γὰρ
725 212 766 245 τὸ,
780 211 831 239 καὶ
841 210 1019 246 λελουμένοι

228 259 261 287 τὸ
273 258 357 294 σῶμα
370 258 468 285 ὕδατι.

266 345 312 382 Τῷ
331 345 471 381 καθαροὺς
484 344 618 378 ποιοῦντι,
633 344 650 380 ἢ
667 344 706 380 τῷ
721 344 759 380 μὴ
771 344 860 380 ἔχοντι
876 342 956 381 αἷμα.

268 445 278 464 ι
298 436 346 468 Εἰς
360 434 535 471 παροξυσμὸν
549 434 661 470 ἀγάπης
676 435 724 462 καὶ
737 434 827 462 καλῶν
839 434 939 470 ἔργων.
956 444 966 461 ι

266 528 314 559 Εἰς
331 527 361 554 τὸ
378 526 479 563 μᾶλλον
493 527 616 562 ἀγαπᾷν,
630 527 678 554 καὶ
691 527 862 561 ἀγαπᾶσθαι.

268 582 277 598 ι
297 572 343 608 Μὴ
358 573 604 606 ἐγκαταλείποντες
618 573 669 609 τὴν
683 573 895 608 ἐπισυναγωγὴν
905 572 1021 606 ἑαυτῶν,

231 617 323 649 καθὼς
337 617 398 649 ἔθος
410 618 492 650 τισὶν,
509 617 576 644 ἀλλά
591 617 827 653 παρακαλοῦντες,
844 618 891 644 καὶ
904 617 1024 653 τοσούτῳ

233 663 347 699 μᾶλλον,
361 663 416 698 ὅσῳ
431 662 544 698 βλέπετε
556 661 721 698 ἐγγίζουσαν
735 661 784 698 τὴν
795 661 913 698 ἡμέραν.
932 661 1024 688 Ἑκου-

231 707 298 739 σίως
320 707 376 744 γὰρ
391 707 604 744 ἁμαρτανόντων
616 708 695 743 ἡμῶν
717 709 787 744 μετὰ
805 707 837 735 τδ
857 707 952 734 λαϐεῖν
974 707 1024 743 τὴν

231 753 380 787 ἐπίγνωσιν
396 752 448 788 τῆς
462 753 601 788 ἀληθείας,
615 751 708 780 οὐκέτι
721 754 787 789 περὶ
799 752 943 789 ἁμαρτιῶν
957 752 1025 779 ἀπο-

231 799 356 826 λείπεται
374 798 468 825 θυσία·
492 799 597 834 φοϐερά
621 799 649 826 δέ
663 807 706 830 τις
721 799 818 835 ἐκδοχὴ
832 798 963 835 κρίσεως,
977 797 1025 825 καὶ

194 869 196 872 .
231 844 317 880 πυρὸς
341 844 434 878 ζῆλος,
449 843 551 871 ἐσθίειν
574 844 719 880 μέλλοντος
740 844 804 876 τοὺς
830 843 1018 876 ὑπεναντίους.
1035 841 1059 872 Β

237 889 386 925 ’Δθετήσας
412 899 454 922 τις
467 890 548 926 νόμον
571 891 730 924 Μωῡσέως,
757 890 843 926 χωρὶς
871 889 1022 926 οἰκτιρμῶν

231 936 278 963 ἐπὶ
294 936 400 972 δυσὶνῆ
420 937 496 972 τρισὶ
514 937 648 972 μάρτυσιν
668 936 857 972 ἀποθνήσκει·
884 935 962 971 πόσῳ
981 935 1023 962 δο-

231 983 306 1010 κεῖτε
320 982 442 1018 χείρονος
455 982 639 1018 ἀξιωθήσεται
651 982 799 1018 τιμωρίας,
819 991 829 1008 ι

268 1081 331 1110 Οῐδε
348 1082 403 1118 γὰρ
415 1082 469 1109 ἀπὸ
482 1082 534 1117 τῆς
549 1081 707 1117 συνηθείας,
721 1081 768 1108 καὶ
787 1082 837 1116 τῆς
852 1081 1025 1115 ἐπισυναγω-

232 1128 302 1164 γῆς,
330 1127 430 1163 πολλὴν
456 1125 541 1155 οὖσαν
558 1127 609 1163 τὴν
630 1127 719 1163 ἰσχύν.
744 1127 841 1153 Ὅπου
857 1125 922 1161 γὰρ,
946 1125 1023 1161 φησὶ,

233 1174 291 1202 δύο
309 1175 329 1210 ἢ
345 1174 424 1209 τρεῖς
443 1173 626 1209 συνηγμένοι
643 1175 687 1206 εις
703 1172 737 1200 τὸ
754 1172 828 1208 ἐμὸν
845 1171 949 1207 ὄνομα,
965 1171 1029 1198 ἐκεῖ

234 1221 294 1256 ειμι
306 1221 341 1248 ἐν
352 1220 437 1255 μέσῳ
450 1220 560 1248 αὐτῶν.

274 1275 284 1292 ι
306 1265 335 1293 ’0
344 1265 392 1293 τὸν
409 1265 474 1292 Υίὸν
488 1264 535 1292 τοῦ
552 1264 620 1292 Θεοῦ
632 1263 837 1299 καταπατήσας,
851 1262 899 1290 καὶ
911 1262 941 1289 τὸ
956 1259 1027 1297 αἷμα

234 1312 285 1348 τῆς
300 1310 433 1347 διαθήκης
451 1311 543 1338 κοινὸν
562 1311 755 1346 ἡγησάμενος,
774 1310 804 1336 ἂν
817 1305 840 1344 ᾦ
864 1308 1025 1343 ἡγιάσθητε,

234 1356 284 1384 καὶ
297 1356 328 1383 τὸ
338 1356 450 1391 πνεῦμα
468 1356 518 1391 τῆς
532 1355 646 1391 χάριτος
662 1354 824 1390 ὲνυῦρίσας,
839 1353 957 1389 οἴδαμεν
971 1352 1025 1388 γὰρ

235 1402 281 1430 τδν
292 1402 414 1429 είπόντα’
431 1401 510 1438 Ἐμοὶ
516 1401 665 1437 ἐκδίκησις,
678 1400 734 1436 ἐγὼ
746 1399 940 1431 ἀνταποδώσω,
952 1398 1027 1433 λέγει

235 1449 348 1484 Κύριος.
363 1448 420 1476 Καὶ
436 1448 530 1481 πάλιν,
547 1448 645 1483 Κρινεῖ
658 1447 706 1474 τὸν
720 1446 785 1474 λαδν
802 1444 897 1474 αὐτοῦ.
911 1443 1029 1480 Φοδερὸν

235 1495 266 1522 τδ
282 1495 412 1530 ἐμπεσεῖν
422 1494 463 1526 είς
473 1495 568 1530 χεῖρας
582 1492 651 1520 Θεοῦ
665 1493 778 1526 ζῶντος.
800 1501 811 1518 ι

274 1579 358 1606 Ὅταν
377 1579 431 1615 γὰρ
449 1579 533 1606 αὐτοῦ
553 1578 696 1615 μετασχὼν
721 1579 750 1606 ὲν
772 1580 830 1611 τοῖς
855 1578 1028 1615 μυστηρίοις,

237 1625 376 1660 ἁμαρτίαν
395 1624 566 1660 ἐργάζηται,
586 1624 646 1657 πῶς
665 1624 696 1652 οὐ
721 1625 912 1660 κατεπάτησεν
935 1625 1029 1660 αὐτὸν,

238 1671 450 1706 καταφρονήσας
464 1671 547 1698 αὑτοῦ
561 1680 568 1704 ;

274 1725 285 1742 ι
311 1715 566 1751 ’Δναμιμνήσκεσθε
582 1716 611 1743 δὲ
631 1716 682 1748 τὰς
703 1716 837 1752 πρότερον
861 1716 979 1754 ἡμέρας,
1001 1717 1030 1744 ὲν

239 1758 284 1794 αἷς
306 1762 488 1797 φωτισθέντες
510 1761 611 1798 πολλὴν
628 1762 743 1798 ἄθλησιν
762 1762 928 1798 ὑπεμείνατε
943 1762 1032 1799 παθη-

242 1808 344 1842 μάτων·
354 1807 435 1834 τοῦτο
449 1807 499 1843 μὲν
512 1807 677 1843 ὀνειδισμοῖς
690 1816 720 1835 τε
736 1808 784 1835 καὶ
799 1809 906 1844 θλίψεσι
923 1809 1033 1845 θεατρι-

240 1853 364 1888 ζόμενοισ
383 1853 462 1880 τοῦτο
479 1853 508 1880 δὲ
529 1854 654 1881 κοινωνοὶ
672 1853 726 1881 τῶν
749 1853 836 1884 οὕτως
860 1856 1030 1891 ἀναστρεφο-

242 1898 330 1934 μένων
347 1898 518 1934 γενηθέντες.
539 1899 596 1925 Kal.
615 1899 671 1935 γὰρ
688 1901 746 1932 τοῖς
767 1900 879 1936 δεσμοῖς
901 1909 951 1936 μου
969 1910 1033 1928 συν-

241 1944 414 1979 επαθήσατε,
444 1944 492 1971 καὶ
519 1944 570 1980 τὴν
597 1945 727 1981 ἁρπαγὴν
760 1945 816 1973 τῶν
854 1946 1032 1982 ὑπαρχόντων

241 1989 320 2019 ὑμῶν
337 1999 346 2015 ι

283 2034 392 2070 Ἐπειδὴ
413 2034 587 2067 διαλυθέντες
599 2032 671 2071 ἦσαν
687 2035 741 2063 ἀπὺ
764 2036 819 2064 τῶν
833 2036 962 2072 θλίψεων,
981 2038 1032 2075 ὅρα

243 2081 302 2112 πῶς
325 2080 426 2113 αὐτοὺς
447 2081 666 2117 παραμυθεῖται.
686 2081 800 2118 Πρῶτον
828 2083 878 2118 μὲν
902 2084 956 2111 ἀπὸ
978 2084 1033 2111 τῶν

242 2126 341 2153 αὐτῶν·
357 2127 638 2162 Ἀναμιμνήσκεσθε
651 2127 717 2164 γὰρ,
733 2129 810 2163 φησὶ,
824 2129 876 2162 τὰς
889 2130 1035 2165 πρότερον

1041 1512 1064 1541 C

1070 211 1246 243 accedamus,
1272 211 1509 246 exltibeamusque
1537 212 1647 247 egregia
1675 218 1770 246 opera.
1795 210 1861 238 Nam

1070 256 1116 284 hic
1141 261 1183 285 est
1213 256 1298 291 hujus
1325 256 1401 284 otiati
1433 264 1553 290 sensus,
1585 261 1610 284 et
1646 257 1732 284 abluti
1767 265 1863 292 corpus

1071 310 1151 338 aqua.

1105 348 1192 384 Aqua,
1209 348 1333 384 inquam,
1351 355 1413 384 quae
1427 348 1545 377 mundos
1558 348 1636 384 facit,
1652 353 1698 377 aut
1719 349 1863 384 sanguinis

1071 399 1114 422 est
1128 401 1238 430 expers.

1109 448 1119 465 ι
1137 439 1166 467 In
1182 439 1408 475 provocationem
1423 439 1569 469 charitatis
1591 444 1619 468 et
1640 440 1774 469 bonorum
1800 449 1864 477 ope-

1073 494 1145 514 rum.
1167 496 1176 513 Ι

1107 531 1170 565 Quo
1183 539 1307 560 amemus
1323 532 1452 568 amplius,
1471 535 1498 560 et
1512 531 1699 560 redamemur.

1108 577 1194 605 Vens.
1221 577 1316 606 25-29.
1349 586 1359 604 ι
1386 576 1446 605 Non
1481 577 1640 606 deserentes
1677 577 1866 605 collectionem

1073 628 1210 657 nostram,
1231 624 1301 652 sicut
1315 623 1529 652 consuetudinis
1545 628 1588 651 est
1614 623 1800 658 quibusdam;
1820 623 1866 651 sed

1073 669 1261 703 consolantes,
1282 673 1310 698 et
1333 673 1409 697 tanto
1433 669 1532 704 magis,
1549 674 1653 704 quanto
1678 668 1803 696 videritis
1817 676 1868 703 ap-

1073 716 1306 751 propinquantem
1319 715 1404 744 diem.
1420 714 1583 742 Volttntarie
1596 714 1670 742 enim
1687 713 1868 748 peccantibus

1074 761 1156 789 nobis
1176 764 1239 797 post
1267 765 1412 796 acceptam
1438 760 1565 787 notitiam
1584 759 1720 792 veritatis,
1736 759 1795 793 jam
1811 765 1868 786 non

1074 808 1244 843 relinquitur
1256 814 1307 842 pro
1329 806 1453 842 peccatis
1480 806 1591 840 hostia;
1621 805 1755 833 terribilis
1776 808 1869 833 autem

1072 852 1197 889 quaedam
1221 853 1394 888 exspectatio
1419 851 1526 888 iudicii,
1549 856 1576 879 et
1600 851 1672 887 ignis
1706 851 1868 883 aemulatio,

1074 906 1135 934 qua:
1161 903 1358 934 consumptura
1383 901 1427 926 est
1452 897 1638 925 adversarios.
1668 896 1776 924 lrritam
1807 896 1871 932 quis

1073 944 1179 972 faciens
1192 944 1279 980 legem
1297 943 1395 979 Moysi,
1414 943 1474 971 sine
1492 943 1547 970 ulla
1565 943 1744 971 miseratione
1762 943 1870 970 duobus

1073 990 1116 1017 vel
1132 989 1220 1017 trihus
1245 988 1364 1016 testibus
1383 988 1502 1016 moritur
1517 997 1524 1016 :
1541 993 1647 1023 quanto
1662 989 1749 1024 magis
1768 989 1871 1023 putatis

1074 1035 1209 1063 deteriora
1224 1035 1322 1062 mereri
1342 1034 1487 1070 supplicia,
1508 1043 1518 1060 ι

1110 1079 1230 1108 Noverat
1251 1079 1325 1108 enim
1351 1087 1385 1107 ex
1407 1079 1595 1108 familiaritate
1614 1083 1642 1108 et
1667 1079 1828 1107 collectione
1843 1079 1872 1106 in

1075 1134 1172 1160 unum,
1193 1127 1309 1154 multum
1327 1126 1437 1155 roboris
1457 1127 1498 1155 eis
1521 1133 1710 1154 accessurutn.
1729 1125 1779 1153 Ubi
1791 1126 1872 1158 enim,

1075 1172 1114 1199 ait
1128 1171 1269 1206 Christus,
1290 1172 1344 1200 duo
1358 1172 1397 1200 vel
1425 1177 1478 1200 tm
1496 1172 1596 1208 fuerint
1613 1171 1698 1207 249
1721 1171 1872 1206 congregati

1075 1218 1102 1245 in
1118 1218 1223 1245 nomine
1239 1214 1307 1251 ineo,
1322 1217 1358 1245 ibi
1374 1218 1402 1246 in
1424 1218 1511 1246 medio
1527 1226 1620 1246 eorum
1634 1225 1693 1245 sum
1706 1218 1728 1243 ³.

1116 1273 1125 1290 ι
1144 1263 1197 1297 Qui
1218 1264 1318 1292 Filium
1341 1264 1390 1293 Dei
1414 1265 1640 1296 conculcaverit,
1664 1267 1692 1292 et
1710 1263 1873 1298 sanguinem

1078 1311 1237 1338 testamenti
1256 1311 1392 1346 pollutum
1415 1311 1538 1343 duxerit,
1559 1311 1589 1339 in
1605 1319 1659 1346 quo
1682 1310 1874 1338 sanctillcatus

1077 1361 1131 1388 est,
1151 1360 1179 1384 et
1195 1355 1307 1392 spiritui
1321 1356 1418 1392 gratia:
1431 1356 1629 1384 contumeliam
1646 1354 1753 1383 fecerit.
1775 1353 1874 1390 [νεη.

1078 1402 1124 1434 50,
1137 1401 1195 1438 51.]
1213 1401 1323 1430 Scimus
1334 1402 1408 1429 enim
1421 1401 1469 1437 qui
1485 1401 1556 1430 dixit
1573 1403 1586 1428 :’
1596 1400 1662 1428 Mihi
1678 1399 1808 1432 vindicta,
1823 1406 1874 1434 ego

1079 1447 1245 1480 retribuam,
1272 1447 1339 1476 dicit
1364 1447 1509 1475 Dominus.
1524 1447 1558 1474 Et
1585 1447 1686 1474 iterum
1709 1457 1715 1474 ;
1734 1442 1876 1472 Judicabit

1080 1493 1215 1521 Dominus
1232 1493 1365 1529 populum
1385 1501 1478 1522 suum.
1500 1491 1677 1520 Horrendum
1693 1495 1737 1520 est
1752 1490 1876 1519 incidere

1080 1539 1110 1567 in
1129 1547 1228 1567 tuanus
1243 1539 1292 1567 Dei
1304 1540 1433 1568 viventis.
1453 1549 1463 1566 ι

1116 1585 1234 1620 Quando
1245 1586 1319 1615 enim
1336 1586 1383 1622 qui
1394 1585 1533 1622 particeps
1542 1585 1618 1614 illius
1627 1584 1678 1612 fuit
1687 1584 1715 1612 in
1725 1584 1875 1620 mysteriis,

1081 1637 1224 1669 peccatum
1243 1632 1374 1666 admittit,
1392 1631 1532 1668 quomodo
1549 1639 1604 1659 non
1628 1630 1772 1666 proculcat
1785 1630 1874 1664 illum,

1081 1683 1176 1715 utpote
1195 1687 1278 1714 quem
1296 1678 1451 1714 despicatui
1468 1677 1587 1705 habeat?

1119 1725 1201 1754 Vsus.
1219 1725 1315 1753 52-54.
1332 1734 1342 1751 ι
1362 1723 1599 1753 Remcmoramini
1615 1723 1749 1759 pristinos
1761 1723 1832 1756 dies,
1849 1723 1877 1751 in

1082 1773 1183 1809 quibus
1207 1771 1368 1805 illuminati,
1388 1778 1517 1806 magnum
1533 1773 1675 1798 certamen
1704 1769 1877 1797 sustinuistis

1082 1817 1263 1853 passionum;
1280 1821 1307 1844 et
1323 1816 1350 1843 in
1366 1815 1453 1843 altero
1468 1813 1582 1850 quidem
1605 1812 1763 1848 opprobriis
1777 1816 1804 1840 et
1828 1812 1878 1839 tri-

1083 1861 1270 1891 bulationibus
1290 1859 1480 1896 spectaculum
1507 1857 1585 1890 iacti,
1613 1856 1641 1884 in
1668 1856 1756 1883 altero
1784 1858 1877 1882 autent

1083 1908 1151 1936 socii
1167 1907 1259 1935 taliter
1275 1904 1502 1933 conversantium
1522 1902 1624 1930 effecti.
1638 1901 1706 1929 Nam
1717 1905 1744 1929 et
1758 1900 1877 1928 vinculis

1084 1952 1154 1981 meis
1171 1950 1309 1987 compassi
1325 1949 1403 1983 estis,
1420 1952 1448 1977 et
1463 1948 1589 1983 rapinam
1613 1947 1750 1975 bonorum
1771 1948 1879 1973 vestro—

1083 2006 1145 2026 rum
1161 2007 1170 2023 Ι

1119 2042 1255 2077 Quoniam
1271 2040 1471 2070 deltciebantur
1487 2039 1523 2067 ob
1540 2038 1715 2071 amictiones,
1728 2037 1791 2065 vide
1809 2043 1879 2072 quo-

1083 2089 1166 2116 modo
1175 2095 1222 2116 eos
1232 2086 1405 2118 consolatur,
1417 2092 1449 2113 ac
1464 2084 1584 2121 primum
1595 2083 1707 2119 quidem
1719 2083 1754 2110 ab
1768 2081 1877 2110 iisdem.

1085 2133 1326 2166 Rememoramiui,
1344 2131 1454 2167 inquit,
1480 2130 1607 2166 pristinos
1631 2129 1698 2156 dies.
1726 2127 1830 2156 Deinde
1844 2128 1879 2155 ab

242 2172 367 2218 ἡμέρας.
384 2173 502 2200 Ἔπειτα
518 2173 573 2200 ἀπὸ
596 2174 646 2208 τῆς
663 2174 776 2210 Γραφῆς
799 2174 984 2211 λεγούσης,”ο
999 2176 1030 2203 δὲ

1086 2179 1250 2208 auctoritate
1264 2178 1427 2214 Scriptum,
1444 2184 1506 2212 quae
1523 2175 1592 2204 dicit
1607 2184 1614 2203 :
1631 2174 1728 2203 Justus
1745 2179 1834 2202 autem
1847 2181 1880 2201 ea:

243 2217 359 2251 δίκαιος
382 2218 417 2244 ἐκ
429 2219 559 2252 πίστεως
589 2219 720 2253 ζήσεται.
748 2220 864 2248 Ἔπειτα
884 2221 939 2248 ἀπὸ
959 2222 1035 2257 λογι-

245 2263 333 2297 ομῶν,
350 2263 445 2295 εἰπὼν,
462 2264 503 2290 ὄτι
519 2265 603 2291 Ἔστι
619 2265 723 2298 πίστις
741 2265 942 2301 ἐλπιζομένων
959 2269 1034 2295 ὑπό-

245 2315 356 2342 στασις
366 2309 555 2344 πραγμάτοιν,
571 2310 698 2345 ἐλεγχος
709 2312 745 2338 οὐ
754 2312 964 2347 βλεπομένων.
979 2315 1035 2342 Καὶ

246 2354 328 2382 πάλιν
344 2355 399 2382 ἀπὸ
424 2355 479 2383 τῶν
500 2356 683 2392 προπατόρων
706 2356 762 2384 τῶν
779 2358 906 2392 μεγάλων
929 2359 1035 2396 ἀνδρῶν

245 2401 358 2428 ἐκείνων
378 2402 426 2429 καὶ
449 2401 625 2437 θαυμαστῶν.
648 2402 769 2436 Εἰκότως
782 2404 811 2431 δὲ
834 2404 943 2440 πρῶτον
967 2414 1035 2443 μνη·
1051 2400 1057 2406 ’

248 2446 356 2481 μονεύει
379 2446 426 2473 τοῦ
444 2446 539 2480 Ἅϐελ,
564 2448 698 2484 πρότερον
721 2449 792 2485 ὑπὲρ
813 2450 955 2483 εὐσεϐείας
968 2452 1036 2479 ἀπο-

246 2491 392 2524 θανόντος·
414 2492 544 2529 δεύτερον
564 2493 651 2530 ’Ἑνὼχ
662 2495 695 2522 δι’
709 2495 853 2523 εὐσέϐειαν
873 2498 1035 2532 μετατεθέν-

245 2545 303 2569 τος,
319 2537 427 2570 δεικνὺς
447 2538 580 2573 ἐσομένας
603 2541 715 2572 πάντως
730 2540 781 2573 τάς
795 2541 913 2576 ἀμοιϐάς
923 2551 929 2558 ·
945 2544 1037 2579 τρίτον

245 2582 321 2617 Νῶε,
336 2583 538 2620 κολαζομένους
553 2585 662 2618 δεικνὺς
675 2586 739 2619 τοὺς
757 2586 795 2623 μὴ
810 2588 1000 2622 πιστεύοντας.

265 2741 287 2777 ,ο
307 2740 406 2770 Matth.
427 2749 503 2774 xvtu,
517 2741 563 2769 20.
605 2741 628 2758 ¹⁶
659 2741 762 2772 ﬂabac.
785 2751 814 2778 tt,
834 2745 861 2773 4.

1087 2228 1139 2263 fide
1149 2227 1214 2254 vivet
1227 2225 1260 2253 '°.
1273 2224 1411 2252 Praeterea
1425 2223 1549 2251 rationes
1561 2220 1728 2257 adjiciendo,
1741 2220 1807 2247 dum
1823 2220 1878 2248 ait:

1088 2273 1138 2301 Eat
1151 2272 1217 2309 ﬁdes
1235 2270 1428 2306 sperandarum
1444 2267 1597 2296 substantia
1621 2274 1721 2299 rerum,
1738 2273 1880 2301 argumen-

1088 2324 1144 2346 tum
1159 2325 1210 2345 non
1224 2315 1421 2351 apparentium.
1446 2313 1570 2348 ltemqtte
1585 2318 1601 2338 a
1622 2310 1776 2346 majoribus
1789 2313 1816 2337 et
1833 2317 1882 2345 pa-

1087 2364 1224 2396 rentibus,
1243 2361 1350 2397 magnis
1373 2360 1482 2389 scilicet
1494 2363 1521 2387 et
1534 2356 1708 2386 admirandis
1725 2356 1782 2383 illis
1800 2355 1880 2382 viris.

1088 2411 1128 2444 Ac
1146 2409 1246 2438 merito
1273 2407 1386 2444 quidem
1411 2406 1503 2442 primo
1532 2404 1594 2432 loco
1623 2402 1790 2430 mentionem
1815 2400 1882 2428 facit

1085 2457 1165 2488 Abel,
1185 2455 1233 2491 qui
1257 2454 1365 2491 primus
1381 2452 1434 2481 fuit
1453 2458 1548 2481 eorum
1564 2450 1610 2485 qui
1629 2456 1679 2485 pro
1692 2455 1757 2476 vera
1778 2446 1881 2482 pietate

1085 2503 1188 2531 mortui
1205 2506 1296 2534 sunt;
1322 2499 1446 2529 secundo
1473 2497 1552 2534 ponit
1577 2495 1684 2528 Enoch,
1700 2493 1748 2529 qui
1769 2496 1882 2527 propter

1085 2550 1216 2585 pietatem
1237 2547 1388 2576 translatus
1413 2545 1466 2574 fuit
1488 2554 1496 2573 :
1515 2543 1561 2571 ubi
1583 2540 1697 2570 omnino
1721 2545 1882 2585 remunera-

1086 2582 1179 2624 tiones
1196 2595 1255 2623 fore
1274 2593 1420 2626 ostendit;
1438 2591 1521 2620 tertio
1547 2587 1623 2621 Noe,
1643 2593 1699 2622 quo
1720 2588 1816 2613 notum
1842 2582 1882 2609 fa-

1092 2642 1166 2674 ciat,
1194 2648 1292 2677 pinnas
1322 2647 1370 2668 eos
1397 2638 1444 2674 qui
1471 2644 1525 2666 non
1556 2631 1752 2664 crediderint,
1777 2627 1883 2666 persol-

1093 2693 1168 2715 vere.

898 2789 1013 2818 VARI/if.
1033 2788 1235 2818 LECTIONES.

288 2836 299 2854 τ
317 2816 437 2862 Verbum
449 2832 537 2868 deest,
550 2831 624 2861 forte
640 2833 790 2870 εἰσφέρειν.
