2077 3114
235 137 286 169 Ωἶθ

234 243 353 270 vinculis
371 242 484 274 fuerint,
506 241 532 268 in
556 240 631 268 hunc
650 239 707 268 fere
727 240 838 273 modum
858 240 946 275 loqui.
963 239 1023 267 Non

234 287 413 316 existimastis
432 287 490 315 haec
502 286 611 313 vincula
625 290 652 313 et
667 290 779 313 catenas
794 293 866 318 esse,
889 285 940 313 sed
951 286 1024 313 velut

235 335 344 361 athleta:
360 333 499 368 generosi,
527 332 566 360 ita
596 332 733 366 stetistis;
762 332 827 367 quia
849 339 906 360 non
934 332 1023 360 nostri

234 387 317 407 causa
337 379 472 406 duntaxat
487 385 557 413 opus
579 385 635 406 non
662 377 798 406 habuistis
822 378 1023 412 consolatione,

233 425 281 453 sed
295 429 321 452 et
335 425 386 460 ipsi
405 424 468 452 aliis
483 424 583 452 solatio
601 423 704 452 fuistis.

272 480 281 497 ι
304 470 372 498 Cum
401 470 501 506 gaudio
530 470 692 506 suscepistis
713 479 720 498 :
747 474 949 506 cognoscentes
974 477 1024 498 vos

235 517 339 544 habere
352 517 493 544 meliorem
505 521 532 544 et
544 520 700 544 manentem
715 515 910 544 substantiam.
927 515 1022 552 [νεεδ.

233 562 342 598 55-59.]
350 562 439 590 Nolite
449 562 542 598 itaque
550 562 675 590 amittere
686 562 884 590 conﬁdentiam
892 567 1023 594 vestram,

233 616 295 644 quae
327 615 456 643 magnam
480 607 562 636 habet
594 607 858 636 remunerationem.
887 607 1023 635 Patientia

232 654 307 681 cnim
323 653 402 682 vobis
423 653 581 681 necessaria
604 658 655 685 est,
681 656 712 680 ut
726 653 896 681 voluntatem
917 652 967 680 Dei
983 652 1023 680 fa-

233 700 350 733 cientes,
362 699 510 734 reportetis
528 699 750 734 promissionem.
768 699 867 727 Adhuc
878 699 952 728 enim
967 706 1024 727 mo-

234 746 326 773 dicum
343 745 557 780 aliquantulum,
582 745 630 780 qui
655 749 791 774 venturus
804 750 848 774 est
870 747 974 780 veniet,
996 751 1024 774 et

236 798 289 818 non
307 790 436 818 tardabit.
455 789 551 818 Justus
562 796 653 817 autem
669 797 702 817 ex
722 789 775 818 iide
791 790 865 818 vivet
882 799 888 818 :
905 790 979 826 quod
1001 790 1024 818 ei

234 837 406 866 subtraxerit
425 844 464 868 se,
491 844 545 863 non
573 835 695 871 placebit
718 836 816 863 animae
839 844 906 864 meae
920 836 949 863 in
965 835 1022 864 illo.

841 137 870 166 S.
889 137 1050 168 JOANNIS
1071 138 1289 169 DAMASCENI

270 195 393 224 Observa
407 203 470 224 eum
490 195 524 223 de
539 202 581 227 se,
597 198 626 222 ut
642 199 669 222 et
686 194 720 222 de
735 194 796 226 aliis
811 195 858 229 qui
879 194 1023 222 constricti
1039 198 1061 226 Α

1116 195 1208 232 Ὀρᾷς,
1234 195 1274 222 ὅτι
1289 195 1355 231 περὶ
1371 194 1455 222 αὐτοῦ
1479 202 1557 229 φησι,
1578 187 1695 221 καὶτῶν
1709 193 1798 220 ἄλλων
1821 195 1864 220 δε-

1074 241 1196 275 δεμένων
1220 241 1317 271 οὕτως.
1345 240 1402 275 Οὐχ
1423 239 1563 275 ἡγήσασθε
1588 239 1676 274 δεσμὰ
1701 237 1785 271 εἶναι,
1805 238 1863 265 ἀλλ’

1075 286 1169 321 ὥσπερ
1185 285 1302 321 ἀθληταὶ
1318 287 1446 320 γενναῖοι,
1462 285 1548 316 οὕτως
1562 285 1670 319 έστητε,
1683 286 1724 311 ὅτι
1738 286 1768 312 οὐ
1784 285 1864 320 μόνον

1076 333 1104 358 ὲν
1124 333 1179 363 τοῖς
1199 333 1344 367 ἡμετέροις
1364 332 1415 358 οὐκ
1431 331 1536 358 ἐδέεο-οε
1562 331 1772 366 παρακλήσεως,
1796 331 1865 358 ἀλλὰ

1075 379 1123 406 καὶ
1137 379 1194 410 τοῖς
1207 379 1298 410 ἄλλοις
1310 377 1437 413 ἐγένεσθε
1456 378 1639 413 παράκλησις.

1113 475 1123 492 ι
1143 466 1220 493 Μετὰ
1243 467 1330 502 χαρᾶς
1348 465 1564 501 προσεδέξασθε,
1589 465 1772 500 γινώσκοντες
1792 465 1865 500 ἔχειν

1075 512 1183 543 ἑαυτοῖς
1199 511 1343 548 κρείττονα
1366 511 1484 547 ὓπαρξιν
1500 512 1528 538 ἐν
1550 511 1686 546 οὐρανοῖς,
1706 511 1754 538 καὶ⁹
1768 511 1864 546 μένου-

1077 566 1136 585 σαν.
1159 557 1206 594 Μὴ
1220 557 1376 592 ἀποϐάλητε
1394 555 1442 585 οὖν
1455 557 1506 593 τὴν
1525 557 1684 593 παρρησίαν
1703 557 1789 592 ὑμῶν,
1804 556 1865 592 ἦτις

1075 605 1132 640 εχει
1149 605 1363 641 μισθαποδοσίαν
1389 605 1522 641 μεγάλην.
1548 605 1705 641 Ὑπομονῆς
1720 605 1774 640 γὰρ
1788 604 1865 639 ἔχετε

1075 650 1182 685 χρείαν,
1197 649 1241 677 ἵνα
1255 649 1286 677 τὸ
1307 650 1414 686 θέλημα
1431 650 1477 677 τοῦ
1500 650 1568 676 Θεοῦ
1592 650 1766 684 ποιήσαντες,
1785 649 1865 684 κομί-

1077 696 1159 732 σησθε
1182 696 1232 731 τὴν
1252 696 1430 731 ἐπαγγελίαν.
1455 696 1515 722 Ἔτι
1542 695 1597 730 γὰρ
1628 694 1725 730 μικρὸν
1755 695 1828 728 ὅσον,
1852 696 1867 722 ὁ

1076 741 1224 777 ἐρχόμενος
1244 741 1320 778 ἥξει,
1346 743 1394 769 καὶ
1418 742 1448 769 οὺ
1477 742 1595 777 χρονιείσ
1619 743 1634 768 ὁ
1652 741 1680 767 δὲ
1704 741 1810 772 δίκαιος
1835 741 1867 767 ἐκ

1075 788 1194 819 πίστεως
1205 788 1331 823 ζήσεται.
1347 787 1404 815 Καὶ
1415 788 1462 814 ἐὰν
1474 786 1678 821 ὑποστείληται,
1695 786 1746 812 οὐκ
1761 786 1866 813 εὐδοκεῖ

1075 835 1093 870 ὴ
1104 834 1178 870 ψυχή
1191 843 1242 870 μου
1257 835 1286 861 ἐν
1299 833 1382 869 αὐτῷ.
1404 833 1502 869 Ἡμεῖς
1512 833 1540 859 δὲ
1551 832 1601 859 οὐκ
1615 831 1699 867 ἐσμὲν
1715 831 1867 866 ὑποστολῆς

235 883 292 912 Nos
305 887 396 910 autem
414 889 467 909 non
483 889 582 910 sumus
601 881 801 909 subtractionis
821 880 870 909 ﬁlii
889 881 917 908 in
934 881 1025 916 perdi-

1079 882 1117 912 είς
1129 880 1278 913 ἀπώλειαν,
1287 879 1356 907 ἀλλὰ
1370 879 1489 910 πίστεως
1500 879 1540 910 είς
1548 878 1724 914 περιποίησιν
1737 877 1837 914 ψυχῆς.
1854 886 1864 904 ›

236 930 351 962 tionem,
364 928 411 955 sed
428 927 491 954 ﬁdei
510 927 538 954 in
557 926 768 962 acquisitionem
789 926 898 954 animm.
913 936 923 952 ι

270 975 323 1008 Qui
349 982 411 1002 cum
437 973 536 1010 gaudio
559 974 667 1009 tolerat,
692 973 847 1001 mercedem
875 973 1025 1008 quamdam

236 1022 290 1050 sibi
306 1020 455 1056 repositam
481 1027 543 1047 esse
554 1019 693 1052 ostendit;
710 1019 839 1055 quodque
851 1026 894 1047 res
910 1018 964 1047 sibi
979 1019 1027 1047 de-

236 1066 368 1096 trimento
389 1073 445 1094 non
460 1065 507 1098 sit,
523 1065 571 1093 sed
587 1064 745 1101 proventui.

561 1131 637 1160 CAP.
658 1130 695 1159 Xl

272 1202 354 1232 Vsus.
371 1202 424 1230 1-6.
448 1211 457 1228 ι
475 1202 524 1229 Est
547 1206 638 1229 autem
656 1201 723 1229 ﬁdes
742 1201 942 1236 sperandarum
957 1201 1026 1229 sub-

237 1249 340 1276 stantia
360 1255 462 1278 rerum,
481 1250 675 1281 argumentum
697 1253 753 1273 non
769 1246 972 1281 apparentium.
997 1245 1025 1272 ln

237 1294 291 1322 hac
309 1293 383 1322 enim
397 1292 586 1321 testimonium
602 1290 745 1319 consecuti
766 1295 831 1318 sunt
843 1298 935 1318 senes.
957 1289 1026 1317 Fide

235 1339 418 1374 intelligimus
436 1341 531 1373 aptata
545 1345 608 1365 esse
631 1336 731 1365 saecula
749 1337 834 1364 verbo
847 1335 906 1369 Dei,
922 1341 952 1363 ut
970 1343 1028 1363 non

237 1392 271 1413 ex
296 1383 451 1411 visibilibus
481 1381 601 1410 visibilia
630 1381 737 1409 ﬁerent.
775 1379 842 1408 Fide
879 1379 1027 1414 plurimam

237 1429 356 1458 hostiam
372 1428 451 1461 Abel,
465 1434 546 1463 quam
560 1426 640 1458 Cain,
655 1425 758 1453 obtulit
775 1425 848 1458 Deo;
874 1431 922 1459 per
944 1431 1027 1459 quam

239 1474 429 1503 testimonium
454 1477 622 1501 consecutus
639 1476 692 1504 est,
729 1478 791 1499 esse
817 1471 921 1505 justus,
947 1470 1026 1498 testi-

238 1521 360 1551 monium
378 1519 541 1555 perhibente
566 1518 726 1546 muneribus
753 1517 813 1552 ejus
835 1516 904 1550 Deo;
926 1519 954 1544 et
979 1522 1028 1551 per

238 1565 314 1592 illam
328 1563 472 1592 defunctus
497 1573 506 1589 ›

273 1605 334 1639 Nisi
362 1611 425 1647 quis
452 1610 603 1650 invisibilia
625 1608 789 1638 certitudiue
809 1608 907 1643 majori
924 1612 1027 1640 teneat,

239 1665 322 1693 quam
337 1664 398 1692 quae
413 1656 553 1690 videntur,
572 1656 638 1684 ﬁdes
652 1663 712 1683 esse
728 1663 784 1683 non
801 1658 902 1689 potest.

271 1749 353 1785 250
368 1748 466 1776 Adhuc
478 1747 610 1782 loquitur.
624 1745 720 1782 [νεεδ.
741 1743 814 1780 5ο7.’1
835 1753 844 1770 ‹
856 1743 922 1771 Fide
935 1743 1030 1770 Enoch

240 1796 392 1824 translatus
403 1799 446 1822 est
461 1801 495 1822 ne
511 1794 616 1821 videret
636 1796 763 1823 mortem,
780 1795 808 1819 et
827 1797 883 1817 non
907 1789 1030 1817 invenie—

241 1843 334 1876 batur,
357 1841 420 1876 quia
433 1839 575 1867 transtulit
591 1838 669 1865 illum
681 1837 768 1870 Deus;
788 1840 852 1863 ante
867 1835 1031 1863 translatio-

241 1895 304 1916 nem
321 1887 395 1915 enim
412 1884 599 1914 testimonium
614 1883 712 1910 habuit
731 1882 869 1918 placuisse
883 1881 950 1908 Deo.
967 1880 1031 1908 Sine

242 1933 296 1962 tlde
319 1936 410 1959 autem
436 1929 609 1966 impossibile
631 1931 673 1957 est
689 1929 798 1964 placere
820 1926 884 1955 Deo.
912 1926 1032 1954 Credere

241 1979 314 2007 enim
334 1981 442 2012 oportet
462 1976 637 2007 accedentem
664 1973 698 2000 ad
722 1972 820 2005 Deum,
842 1970 909 2006 quia
932 1974 984 2003 est,
1005 1973 1032 1997 et

242 2024 449 2061 inquirentibus
487 2030 517 2050 se
548 2023 743 2049 remunerator
776 2018 823 2046 sit.
861 2015 929 2044 Fide
962 2015 1031 2049 Noe,

243 2077 377 2106 responso
395 2073 509 2104 accepto
525 2068 559 2095 de
577 2068 687 2102 iisquae
710 2065 799 2094 adhuc
818 2071 875 2091 non
899 2063 1033 2091 videban-

243 2122 300 2149 tur,
321 2121 446 2144 metuens
473 2114 578 2150 aptavit
607 2120 701 2140 arcam
732 2112 760 2139 in
788 2110 907 2138 salutem
934 2109 1033 2136 domus

243 2170 311 2190 suae.
333 2171 343 2188 ι

279 2205 517 2240 Quemadmodum
547 2203 647 2232 cmlum
674 2204 734 2239 ipso
759 2205 874 2237 aspectu
898 2201 1033 2228 duntaxat
1049 2214 1071 2242 ι)

243 2261 296 2282 suo
323 2252 458 2288 loquitur,
482 2251 522 2280 sic
549 2255 577 2278 et
605 2249 689 2283 Abel,
719 2248 784 2275 dum
813 2247 841 2280 in
871 2246 1033 2280 memoriam

244 2299 329 2328 venit.

282 2353 293 2372 ι
309 2344 362 2372 Per
378 2351 460 2379 quam
478 2342 620 2371 damnavit
634 2340 775 2370 mundum.
796 2349 806 2366 ι

277 2389 407 2420 Ostendit
431 2390 506 2418 enim
531 2397 580 2417 eos
605 2395 667 2417 esse
693 2387 792 2424 dignos
816 2384 965 2420 supplicio,
986 2383 1034 2418 qui

243 2447 335 2475 neque
352 2437 419 2466 dum
436 2436 621 2465 fabricantur
631 2441 709 2466 area,
725 2433 760 2462 ad
777 2432 924 2461 sanitatem
946 2429 1035 2459 redie-

245 2488 322 2514 runt.

284 2541 293 2558 ι
311 2531 342 2558 Et
356 2530 473 2566 justitiae
485 2536 545 2564 qua
556 2525 709 2558 secundum
723 2525 804 2552 ﬁdem
818 2527 871 2557 est,
888 2522 977 2553 hzeres
994 2524 1037 2552 est

245 2576 400 2605 institutus.
418 2584 428 2601 ›

281 2622 340 2650 lloc
352 2624 405 2653 est,
419 2628 454 2648 ex
466 2620 518 2647 hoc
531 2617 661 2654 apparuit
672 2616 778 2652 justus,
796 2613 870 2650 quod
889 2612 1038 2646 crediderit

246 2669 313 2696 Deo.

285 2714 368 2740 Vsus.
381 2712 458 2740 8-10.
482 2720 491 2736 ‹
510 2710 585 2744 Fide,
608 2708 656 2745 qui
671 2711 788 2736 vocatur
800 2706 953 2737 Abraham,
969 2703 1038 2734 obc-

248 2760 317 2788 divit
332 2760 360 2786 in
378 2759 469 2786 locum
484 2758 571 2789 exire,
587 2764 669 2792 quem
685 2759 849 2790 accepturus
863 2756 922 2780 erat
939 2752 966 2779 in
984 2751 1038 2778 ba:-

249 2806 411 2837 reditatcui;
427 2810 453 2832 et
466 2805 534 2832 exiit
554 2803 682 2831 nesciens
699 2809 755 2837 quo
772 2802 835 2828 iret.
862 2799 930 2827 Fide
944 2799 1039 2826 demo-

249 2858 325 2881 ratus
338 2855 378 2879 est
391 2851 417 2878 in
430 2855 502 2879 terra
514 2849 890 2885 repromissionis,tanquam
899 2846 927 2874 in
937 2845 1036 2878 aliena,

1118 972 1148 998 Ὀ
1164 971 1235 1007 μετὰ
1248 971 1336 1006 χαρᾶς
1359 969 1461 1006 φέρων,
1477 968 1614 996 δείκνυσιν
1636 968 1678 995 ὅτι
1694 966 1751 1002 ἔχει
1771 965 1868 1001 μισθόν

1075 1027 1148 1049 τινα,
1173 1018 1220 1044 καὶ
1245 1017 1286 1043 ὅτι
1316 1016 1347 1042 οὺ
1376 1015 1474 1051 ζημία,
1503 1014 1571 1041 ἀλλὰ
1602 1012 1733 1048 πρόσοδός
1753 1012 1810 1038 ἐστι
1836 1011 1867 1038 τὸ

1077 1064 1204 1100 πρᾶγμα.

1376 1127 1499 1155 ΚΕΦᾹΛ.
1513 1127 1566 1154 1Α¹.

1116 1206 1125 1223 ί
1149 1195 1227 1222 Ἔστι
1250 1194 1279 1220 δὲ
1299 1193 1391 1225 πίστις
1407 1191 1596 1227 ἐλπιζομένων
1615 1190 1775 1221 ὑπόστασις,
1797 1195 1868 1224 πραο

1078 1243 1192 1278 γμάτων
1219 1241 1329 1276 ἐλεγχος
1355 1239 1385 1266 οὺ
1413 1237 1598 1273 βλεπομένων.
1632 1237 1677 1263 Ἐν
1701 1235 1786 1270 ταύτῃ
1812 1234 1868 1270 γὰρ

1078 1287 1313 1324 ἐμαρτυρήθησαν
1341 1286 1366 1312 οἱ
1395 1283 1586 1320 πρεσϐύτεροι.
1620 1282 1716 1310 Πίστει
1753 1280 1867 1316 νοοῦμεν

1078 1334 1260 1371 κατηρτίσθαι
1271 1333 1335 1364 τοὺς
1347 1331 1449 1363 αίῶνας
1461 1331 1563 1366 ῥήματι
1573 1327 1641 1356 Θεοῦ
1649 1348 1656 1362 τ
1674 1329 1716 1360 εἰς
1725 1327 1755 1354 ἐδ
1772 1327 1810 1362 μὴ
1822 1327 1868 1353 ὲκ·

1079 1380 1250 1417 φαινομένων
1263 1379 1299 1406 τὰ
1314 1378 1470 1414 βλεπόμενα
1482 1374 1635 1410 γεγονέναι.
1650 1374 1745 1401 Πίστει
1757 1372 1869 1399 πλείονα

1079 1427 1175 1454 θυσίαν
1196 1425 1280 1452 ’Ἅϐελ
1299 1424 1376 1459 παρὰ
1396 1422 1468 1449 Κάῖν
1489 1422 1661 1457 προσήνεγκε
1686 1419 1725 1455 τῷ
1749 1418 1820 1454 Θεῷ,
1833 1417 1869 1445 δι’

1078 1472 1113 1509 ἧς
1125 1471 1304 1509 ἐμαρτυρήθη
1321 1468 1391 1498 εἶναι
1405 1470 1519 1501 δίκαιος,
1532 1466 1741 1503 μαρτυροῦντος
1755 1465 1802 1492 ἐπὶ
1812 1465 1869 1496 τοῖς

1079 1519 1176 1556 δώροις
1193 1517 1275 1546 αὐτοῦ
1291 1515 1342 1547 τοῦ,
1354 1515 1433 1549 Θεοῦ,
1446 1515 1494 1543 καὶ
1503 1514 1536 1541 δι’
1554 1512 1640 1548 αὐτῆς
1652 1511 1796 1540 ἀποθανών
1814 1519 1824 1537 ο

1117 1610 1166 1635 Ἂν
1186 1607 1242 1643 γὰρ
1266 1606 1303 1641 μή
1317 1614 1361 1636 τις
1384 1604 1438 1631 τῶν
1455 1602 1603 1638 ὁρωμένων
1615 1600 1783 1635 σαφέστερον
1806 1597 1872 1632 περὶ

1079 1655 1135 1682 τῶν
1160 1653 1286 1688 ἀοράτων
1310 1649 1564 1686 πεπληροφὸρηται,
1588 1647 1679 1678 πίστις
1697 1644 1767 1673 εἶναι
1785 1644 1816 1671 οὐ
1829 1643 1873 1671 δύ-

1081 1707 1172 1726 ναται.

1119 1753 1130 1771 ι
1146 1742 1298 1771 Ἔτιλαλεῖ’
1311 1742 1403 1769 Πίστει
1421 1739 1508 1775 Ἑνὼχ
1519 1737 1688 1774 μετετέθειτο
1696 1736 1743 1763 τοῦ
1757 1735 1794 1771 μὴ
1807 1735 1874 1762 ἰδεῖν

1082 1791 1209 1823 θάνατον,
1225 1788 1274 1816 καὶ
1289 1788 1339 1823 οὐχ
1354 1787 1507 1822 εὑρίσκετο,
1522 1785 1589 1812 διότι
1614 1782 1766 1819 μετέθηκεν
1789 1780 1874 1808 αὑτὸν

1081 1838 1096 1863 ὁ
1113 1836 1190 1868 Θεός.
1206 1834 1277 1870 Πρὸς
1293 1834 1348 1868 γὰρ
1371 1832 1421 1867 τῆς
1436 1830 1610 1868 μεταθέσεως
1628 1827 1711 1856 αὐτοῦ
1731 1826 1874 1863 μεμαρτύ-

1084 1890 1164 1918 ρηται
1187 1879 1404 1916 εὐηρεστηκέναι
1429 1877 1469 1912 τῷ
1496 1876 1566 1911 Θεῷ,
1595 1874 1681 1911 χωρὶς
1699 1873 1727 1900 δέ
1754 1873 1875 1903 πίστεως

1082 1927 1214 1956 ἀδύνατον
1231 1925 1425 1961 εὐαρεστῆσαι,
1441 1921 1592 1950 Πιστεῦσαι
1606 1921 1660 1956 γὰρ
1672 1920 1712 1946 δεῖ
1725 1919 1771 1945 τὸν
1787 1925 1874 1954 προσ-

1084 1974 1231 2010 ερχόμενον
1260 1972 1298 2007 τῷ
1315 1971 1384 2006 Θεῷ,
1408 1970 1450 1997 ὅτι
1467 1969 1544 2000 ἐστι,
1569 1967 1617 1994 καὶ
1639 1967 1696 1997 τοῖς
1714 1963 1875 1999 ἐκζητοῦσιν

1084 2009 1165 2047 αὐτὸν
1186 2018 1321 2053 ἀποδότης
1337 2016 1453 2052 γίνεται.
1472 2015 1567 2042 Πίστει
1584 2011 1785 2049 χρηματισθεὶς
1811 2009 1876 2036 Νῶε

1084 2066 1150 2102 περὶ
1184 2065 1238 2092 τῶν
1264 2063 1377 2099 μηδέπω
1406 2061 1592 2098 βλεπομένων,
1621 2057 1782 2093 εὐλαϐηθεὶς
1808 2064 1876 2083 κατ-

1084 2111 1218 2138 εσκεύασε
1234 2109 1351 2136 κιϐωτὸν
1365 2108 1405 2140 είς
1418 2106 1557 2142 σωτηρίαν
1571 2105 1619 2132 τοῦ
1631 2105 1712 2131 ὀίκου
1726 2102 1820 2130 αὐτοῦ.
1840 2111 1850 2127 ι

1123 2200 1229 2234 Ὥσπερ
1254 2198 1368 2234 οὐρανὸς
1395 2196 1557 2232 φαινόμενος
1583 2195 1664 2230 μόνον
1683 2192 1775 2226 λαλεῖ,
1804 2189 1876 2217 οὓτω

1089 2245 1172 2272 ’Δϐελ
1191 2243 1435 2280 μνημονευόμενος,

1124 2343 1134 2360 ι
1154 2333 1193 2361 Δι’
1209 2330 1244 2370 ἦς
1259 2332 1405 2368 κατέκρινε
1418 2330 1464 2358 τὸν
1477 2330 1589 2364 κόσμον.
1611 2339 1620 2356 ι

1124 2380 1228 2414 Ἔδειξε
1244 2381 1298 2415 γὰρ
1313 2378 1412 2410 αὐτοὺς
1426 2378 1518 2410 ἀξίους
1529 2377 1616 2408 ,δντας
1638 2374 1786 2406 κολάσεως,
1803 2372 1830 2400 οῐ
1842 2381 1877 2407 γε

1087 2427 1149 2454 οὐδὲ
1165 2426 1209 2454 διὰ
1232 2426 1282 2462 τῆς
1308 2424 1484 2460 κατασκευῆς
1506 2424 1557 2460 τῆς
1584 2421 1701 2450 κιϐωτοῦ
1730 2419 1878 2456 ἐσωφρονί-

1087 2473 1175 2506 ζοντο.
1199 2482 1209 2498 ι

1127 2529 1137 2546 ι
1159 2519 1216 2546 Καὶ
1229 2519 1280 2553 τῆς
1296 2518 1367 2545 κατὰ
1382 2517 1474 2544 πίστιν
1492 2515 1668 2551 δικαιοσύνης
1681 2514 1790 2549 ἐγένετο
1809 2511 1878 2546 κλη-

1090 2565 1214 2602 ρονόμος,
1233 2572 1243 2589 ι

1124 2610 1282 2643 Τουτέστιν,
1310 2608 1366 2645 ἀπὸ
1381 2608 1478 2635 τούτου
1501 2607 1605 2638 δίκαιος
1628 2605 1728 2640 ἐφάνη,
1751 2603 1805 2631 ἀπὸ
1829 2601 1877 2630 τοῦ

1090 2655 1234 2686 πιστεῦσαι
1248 2654 1319 2690 Θεῷ.

1128 2713 1138 2730 ε
1161 2702 1257 2729 Πίστει
1274 2700 1442 2735 καλούμενος
1469 2697 1606 2734 Ἀϐραὰμ,
1627 2697 1782 2732 ὑπήκουσεν
1804 2693 1881 2726 ἐξελ-

1090 2750 1146 2777 θεῖν
1161 2749 1201 2780 είς
1214 2748 1259 2774 τὸν
1283 2747 1375 2779 τόπον,
1395 2746 1425 2772 ὃν
1438 2745 1534 2780 ἔμελλε
1559 2743 1710 2778 λαμϐάνειν
1722 2743 1762 2774 εἱς
1778 2741 1880 2776 κληρο-

1091 2796 1197 2832 νομίαν,
1217 2794 1265 2821 καὶ
1287 2792 1396 2828 ἐξῆλθε,
1419 2791 1457 2827 μὴ
1483 2790 1665 2825 ἐπιστάμενος
1688 2787 1739 2814 ποῦ
1756 2786 1878 2822 ἔρχεται.

1092 2842 1184 2870 Πίστει
1205 2840 1370 2877 παρῴκησεν
1388 2840 1426 2871 εἰς
1442 2837 1492 2873 γῆν
1513 2837 1563 2872 τῆς
1580 2834 1758 2870 ἐπαγγελίας,
1776 2833 1813 2865 ὡς
1832 2832 1882 2859 ἁλ-
