2077 3114
234 121 284 156 981

824 123 866 154 ΙΝ
884 124 1002 154 EPIST.
1013 124 1062 154 AD
1081 124 1277 155 HEBILEOS.

1810 125 1863 156 982

231 177 353 214 λοτρίαν,
376 176 406 204 ἐν
426 175 541 212 σκηναῖς
565 176 733 213 κατοικήσας
759 175 830 212 μετὰ
859 176 953 204 Ἰσαὰκ
975 178 1022 204 καὶ

1076 178 1100 205 in
1118 179 1220 205 casulis
1238 177 1398 210 habitando,
1416 185 1478 206 cum
1494 178 1571 205 Isaae
1593 182 1619 205 et
1641 176 1725 205 Iacob
1746 178 1864 206 coluere-

239 223 337 252 Ἰακωϐ
353 224 407 250 τῶν
420 223 525 258 συγκλη
531 223 652 259 ρονόμων
664 221 715 258 τῆς
730 222 898 257 ἐπαγγελίας
913 222 964 258 τῆς
978 223 1022 250 αὐ-

233 271 291 306 τῆς.
301 269 453 305 Ἑξεδὲχετο
465 269 521 304 γὰρ
541 278 550 295 ι

274 315 384 351 Ἐπειδῆ
407 316 447 348 είς
472 315 585 347 τούτους
608 314 702 352 ἑώρων
724 315 749 342 oi
775 314 805 347 ἐξ
829 314 963 351 Ἐϐραίων
978 324 1023 342 πε-

200 354 203 356 .
236 362 433 394 πιστευκότες,
462 360 501 392 ὡς
527 359 632 395 μυρίων
663 360 873 392 ἀπολαύσαντας
900 360 1021 395 ἀγαθῶν,

234 406 371 434 δείκνυσιν
382 407 422 433 ὅτι
439 405 544 432 οὐδέπω
559 405 647 437 οὐδεὶς
660 405 819 440 ἐκομίσατο.

273 461 284 478 ι
302 453 358 487 Τὴν
371 452 435 484 τοὺς
448 451 590 487 θεμελίους
606 451 722 487 ἐχουσαν
736 451 822 479 πόλιν.
841 461 851 478 ›

271 496 427 529 Τουτέστιν,
445 496 495 532 τὴν
505 495 667 523 ἀσάλευτον.

272 552 282 569 ‹
297 540 352 574 Ἶῐς
366 542 491 578 τεχνίτης
508 542 555 570 καὶ
571 542 739 578 δημιουργὸς
757 543 772 570 ὁ
787 543 864 575 Θεός.
886 553 895 569 ι

269 589 355 620 Αὐτὸς
370 589 427 624 γὰρ
448 588 545 621 ἐλθὼν,
562 588 671 624 ἐκείνην
693 589 786 621 αὐτοῖς
807 590 963 625 ἐχαρίσατο.
990 591 1022 617 Εἰ

235 633 273 669 μὴ
293 633 348 668 γὰρ
368 633 503 668 κατῆλθεν
520 632 635 668 Ἰησοῦς,
651 632 699 660 καὶ
716 633 833 669 ἀνῆλθεν
854 635 895 666 είς
915 634 961 661 τὸν
976 636 1021 661 οὐ-

236 679 326 714 ρανὸν,
350 679 505 715 πρόδρομος
528 678 607 714 ἡμῶν
623 678 782 714 γενόμενος,
805 680 855 706 οὐκ
883 679 917 707 ἂν
941 681 1021 716 ἡμεῖς

235 724 348 752 ἐκείνων
362 724 467 761 ἠξιώθη
474 733 523 761 μεν
538 725 592 752 τῶν
605 725 704 761 μονῶν.

272 780 282 797 ‹
302 771 396 798 Πίστει
411 771 466 807 γὰρ
480 771 575 807 Σάρῥα
589 771 636 798 καὶ
653 771 722 807 αὑτὴ
741 771 856 807 δύναμιν
875 781 884 797 ι

275 817 473 853 Ἐντρεπτικῶς
497 815 614 844 ἐνταῦθα
641 817 759 853 ἤρξατο,
785 817 811 844 εἴ
834 826 866 852 γε
891 818 1022 852 γυναικὸς

235 864 455 900 ὸλιγοψυχότεροι
475 863 625 897 φαίνονται.
645 863 725 895 ’Ὀλος
740 863 793 899 γὰρ
811 863 899 890 αὐτῶν
916 864 930 889 6
945 863 1022 898 λόγος

235 913 275 947 είς
286 911 367 938 τοῦτο
381 911 573 946 οἰκονομεῖται,
585 910 626 942 εἰς
636 910 667 937 τὸ
683 910 913 946 ἀποκεκμηκότας
926 910 1022 942 αὐτοὺς

235 958 339 993 ἀνακτή
344 957 453 984 σασθαι.

273 1012 283 1029 ‹
310 1003 358 1034 El;
385 1001 538 1037 καταϐολὴν
560 1001 718 1036 σπέρματος
744 1001 842 1033 ἔλαϐε,
870 1002 916 1028 καὶ
947 1002 1023 1037 παρὰ

235 1049 331 1084 καιρὸν
358 1048 468 1083 ἡλικίας
495 1048 599 1081 ἔτεκεν,
617 1048 678 1074 ἐπεὶ
704 1048 800 1075 πιστὸν
826 1049 949 1084 ἡγήσατο
976 1048 1022 1075 τὸν

236 1094 482 1130 ἐπαγγειλάμενον.
502 1104 511 1120 ›
560 1110 562 1112 ι

269 1140 426 1173 Τουτέστιν,
443 1141 483 1172 είς
497 1139 528 1167 τὸ
545 1141 692 1175 κατασχεῖν
706 1139 738 1166 τὺ
752 1139 874 1175 σπέρμα.

274 1194 283 1211 ι
300 1185 346 1212 Διὸ
365 1185 412 1212 καὶ
434 1185 480 1219 ἀφ’
496 1185 555 1217 ἐνὸς
570 1184 766 1220 ἐγεννήθησαν,
788 1185 835 1211 καὶ¹
850 1184 937 1211 ταῦτα
951 1193 1023 1212 νενε-

235 1231 387 1267 κρωμένου,
406 1230 499 1263 καθὼς
515 1231 551 1258 τὰ
564 1231 650 1267 ἄστρα
666 1231 713 1258 τοῦ
730 1231 846 1266 οὐρανοῦ
862 1232 901 1266 τῷ
913 1231 1021 1267 πλήθει,

235 1278 284 1304 καλ⁴
302 1277 339 1309 ὡς
363 1277 465 1313 ἄμμος,
482 1278 499 1312 ἡ
515 1277 592 1313 παρὰ
608 1277 638 1304 τὸ
656 1277 745 1312 χετλος
767 1276 818 1312 τῆς
843 1277 990 1314 θαλάσσης,
1007 1279 1023 1313 ἠ

235 1323 432 1358 ἀναρίθμητος.
451 1333 461 1349 ι

270 1368 355 1395 Τοῦτο
370 1369 421 1395 οὐκ
435 1368 507 1402 ἐστι,
522 1368 616 1404 φησὶν,
643 1369 724 1404 μόνον
740 1369 770 1396 τὺ
789 1368 960 1405 θαυμαστὸν,
983 1369 1024 1396 ὃτι

235 1413 314 1448 ισχεν
337 1413 451 1448 δύναμιν
464 1414 506 1445 εἰς
531 1413 687 1449 καταϐολὴν
715 1414 884 1450 σπέρματος,
907 1414 964 1441 ἀλλ’
984 1415 1024 1441 ὅτι

234 1458 370 1486 τοσούτων
384 1459 494 1494 ἐγένετο
517 1460 621 1495 μήτηρ,
635 1460 706 1487 ὅσων
722 1460 782 1487 οὐδὲ
802 1460 912 1496 εὔφορον,
926 1461 1024 1496 γαστέ-

1073 223 1153 252 dibus
1167 224 1290 259 ejusdem
1307 224 1544 261 repromissionis.
1566 225 1747 260 Exspectabat
1761 225 1832 252 enim
1850 234 1859 251 ι

1108 312 1242 345 Quoniam
1262 312 1302 340 illi
1325 312 1372 348 qui
1402 321 1435 341 ex
1460 313 1583 341 Hebraeis
1606 313 1791 345 crediderant,
1815 322 1862 342 eos

1073 358 1253 393 aspiciebant,
1270 366 1320 385 ceu
1336 358 1415 386 bonis
1429 360 1583 388 innumeris
1598 365 1720 393 ornatos,
1740 359 1863 388 declarat

1074 403 1209 431 neminem
1226 403 1375 438 quidquam
1393 404 1540 439 recepisse.

1111 458 1120 474 ι
1137 449 1327 477 Fundamenta
1343 449 1490 477 habentem
1507 450 1658 478 civitatem.
1675 460 1683 477 ι

1108 494 1135 522 id
1157 498 1199 522 est
1218 495 1414 524 inconwssam
1434 499 1460 523 et
1474 495 1656 524 immobilem.

1111 549 1120 566 ι
1139 540 1225 576 Cujus
1245 541 1346 569 artifex
1365 545 1392 569 et
1412 541 1539 568 conditor
1557 541 1639 570 Deus.
1657 551 1666 568 ι

1109 586 1170 620 ipse
1193 586 1267 613 enim
1294 586 1408 614 veniens
1427 587 1504 617 ,hanc
1525 587 1565 614 eis
1583 587 1706 615 donavit.
1725 586 1792 615 Nam
1810 588 1863 616 nisi

1072 630 1152 659 Jesus
1167 631 1368 666 descendisset,
1386 636 1414 659 et
1432 632 1606 660 ascendisset
1621 633 1647 660 in
1663 634 1774 666 cer-lum,
1793 642 1862 669 pra:-

1072 687 1171 707 cursor
1189 685 1283 707 noster
1303 679 1403 712 factus,
1421 679 1615 709 mansionibus
1637 681 1698 709 istis
1724 690 1863 718 nunquam

1073 725 1177 760 dignati
1190 725 1349 754 fuissemus.

1111 771 1191 799 Vens.
1208 773 1251 799 il.
1272 782 1281 798 ι
1300 772 1366 800 Fide
1378 777 1404 800 et
1418 773 1477 808 ipsa
1493 772 1560 800 Sara
1578 773 1709 801 virtutem
1729 783 1738 800 ι

1110 817 1160 844 Hic
1169 817 1254 844 veluti
1269 825 1385 852 arguere
1397 817 1504 852 incipit,
1517 818 1738 853 quandoquidem
1749 819 1864 846 muliere

1075 863 1271 891 imbecilliores
1286 863 1462 891 videbantur.
1478 863 1546 890 Nam
1563 868 1637 892 totus
1648 865 1701 893 iste
1715 864 1749 892 de
1764 865 1864 900 priscis

1074 909 1200 945 patribus
1215 917 1306 937 sermo
1320 909 1354 936 ad
1371 909 1424 937 hoc
1440 913 1557 945 spectat,
1576 915 1606 937 ut
1624 909 1784 938 fatiscentes
1800 910 1864 938 illos

1073 958 1190 981 recreet.

1112 1009 1121 1025 ι
1140 1000 1170 1027 ln
1185 1000 1347 1028 missionem
1370 1000 1486 1028 seminis
1512 1001 1635 1036 accepit;
1662 1001 1744 1029 etiam
1766 1005 1866 1036 praeter

1075 1049 1184 1081 tempus
1212 1046 1301 1074 atatis
1319 1047 1437 1082 peperit,
1467 1047 1596 1082 quoniam
1618 1047 1725 1075 ﬁdelem
1748 1047 1866 1075 credidit

1073 1099 1136 1119 eum
1151 1092 1198 1127 qui
1221 1092 1427 1126 repromiserat.
1445 1102 1454 1118 1

1108 1138 1136 1165 bl
1154 1142 1206 1171 est,
1221 1138 1255 1165 ad
1270 1138 1441 1166 retinendum
1457 1146 1562 1167 semen.

1110 1184 1194 1212 Vrsas.
1212 1183 1256 1211 τε.
1280 1193 1289 1209 ι
1308 1183 1425 1219 Propter
1441 1184 1514 1219 quod
1527 1189 1553 1213 et
1566 1185 1600 1213 ab
1613 1192 1668 1212 uno
1679 1184 1733 1212 orti
1749 1188 1813 1212 sunt
1828 1184 1867 1220 (et

1074 1230 1127 1258 hoc
1141 1230 1287 1265 emortuo)
1313 1233 1444 1265 tanquam
1464 1229 1555 1258 sidera
1573 1230 1647 1263 coeli,
1663 1230 1690 1257 in
1711 1230 1866 1258 multitudi-

1075 1282 1149 1306 nem,
1164 1279 1191 1301 et
1207 1274 1280 1302 sicut
1295 1281 1378 1302 arena
1394 1281 1455 1310 qua:
1470 1278 1512 1302 est
1528 1274 1561 1302 ad
1575 1282 1652 1302 oram
1671 1274 1768 1307 maris,
1783 1274 1866 1302 innu-

1075 1320 1227 1348 merabilis.
1244 1329 1254 1346 ι

1110 1366 1170 1394 Non
1187 1367 1238 1395 hoc
1258 1367 1360 1400 solum,
1375 1367 1477 1402 inquit,
1505 1366 1632 1394 mirabile
1654 1371 1706 1399 cst,
1722 1366 1796 1402 quod
1812 1367 1868 1394 vir-

1075 1416 1162 1440 tutem
1179 1413 1306 1440 habuerit
1317 1413 1350 1440 ad
1365 1412 1569 1447 susceptionem
1579 1413 1711 1447 seminis;
1724 1413 1771 1441 sed
1785 1413 1865 1441 etiam

1076 1460 1148 1494 quod
1169 1462 1252 1487 tantae
1276 1459 1464 1487 multitudinis
1486 1462 1573 1486 mater
1589 1459 1721 1491 evaserit,
1736 1463 1866 1493 quantam

237 1513 292 1541 ρες.
316 1506 360 1538 Ὧς
379 1505 414 1532 τὰ
437 1505 534 1540 ἄστρα
560 1506 632 1542 γὰρ,
657 1506 743 1542 φησὶ,
760 1507 814 1534 τοῦ
829 1506 975 1541 οὐρανοῦ,
996 1506 1025 1540 ἐξ

1077 1513 1127 1534 nec
1145 1505 1216 1532 uteri
1234 1505 1282 1532 ulli
1299 1504 1371 1532 ferre
1388 1504 1509 1532 valeant.
1534 1503 1614 1532 Sicut
1636 1503 1724 1531 sidera
1743 1504 1810 1536 σα-ίί,
1829 1504 1868 1531 in-

236 1551 294 1583 ἑνὸς
308 1551 336 1578 δὲ
351 1551 518 1587 σπέρματος,
534 1551 619 1586 λέγει.

270 1597 349 1624 Κατὰ
365 1597 457 1624 πίστιν
471 1597 606 1626 ἀπέθανον
627 1594 700 1626 οὗτοι
716 1599 828 1631 πάντες,
843 1599 881 1635 μὴ
896 1598 1024 1631 λαϐόντες
1068 1604 1069 1607 ‘

235 1642 286 1675 τὰς
300 1643 480 1677 ἐπαγγελίας.
497 1653 507 1670 ›

271 1688 303 1715 Ul
316 1689 381 1724 περὶ
391 1688 437 1716 τὸν
459 1688 596 1725 Ἀϐραὰμ,
613 1690 707 1725 φησιν.

274 1789 284 1805 ‹
308 1779 389 1806 Ἀλλὰ
402 1779 545 1815 πόῤῥωθεν
563 1779 648 1811 αὑτὰς
664 1779 773 1812 ἰδόντες,
786 1779 834 1807 καὶ
857 1779 1024 1817 ἀσπασάμε-

237 1833 286 1856 νοι,
302 1824 350 1851 καὶ
378 1824 605 1860 ὁμολογήσαντες,
628 1825 670 1851 ὅτι
685 1825 755 1856 ξένοι
771 1825 818 1851 καὶ
839 1825 1025 1861 παρεπίδημοί

236 1870 305 1897 εἰσιν
319 1870 366 1897 ἐπὶ
376 1870 426 1905 τῆς
436 1872 498 1906 γῆς.
514 1871 546 1897 Οἱ
560 1870 614 1906 γὰρ
632 1870 745 1897 τοιαῦτα
758 1870 893 1905 λέγοντες,
908 1872 1026 1906 ἐμφανί-

237 1916 330 1948 ζουσιν
341 1937 348 1949 ,
362 1917 402 1943 ὃτι
417 1916 536 1952 πατρίδα
559 1916 745 1952 ἐπιζητοῦσιν.
763 1917 819 1943 Καὶ
833 1918 857 1944 εί
882 1917 931 1952 μὲν
953 1917 1026 1945 ἐκεί-

237 1970 286 1997 νης
308 1963 492 1997 ἐμνημόνευον
504 1982 512 1994 ,
527 1962 574 1996 ἀφ’
588 1959 623 1998 ἧς
647 1962 775 1997 ἐξῆλθον,
790 1960 863 1998 εἶχον
879 1963 913 1991 ἂν
931 1963 1026 1999 καιρὸν

237 2007 408 2043 ἀνακάμψαι.
424 2008 482 2035 Νῦν
498 2008 527 2034 δὲ
548 2008 702 2042 κρείττονος
717 2008 870 2043 ὀρέγονται,
886 2011 1026 2038 τουτέστιν

237 2053 410 2089 ἐπουρανίου.
432 2054 478 2080 Διὸ
495 2054 545 2081 οὐκ
572 2054 763 2090 ἐπαισχύνεται
788 2055 886 2088 αὐτοὺς
908 2057 923 2083 6
948 2057 1024 2091 Θεὸς,

235 2099 304 2131 Θεὸς
331 2098 519 2127 ἐπικαλεῖσθαι
547 2099 647 2127 αὐτῶν.
679 2099 825 2136 Ἠτοίμασε
852 2102 906 2138 γὰρ
935 2102 1026 2135 αὐτοῖς

237 2144 326 2173 πόλιν.
347 2154 357 2171 ι

273 2190 319 2225 Τῷ
328 2190 465 2226 πνεύματι
478 2191 610 2226 δηλονότι.

277 2245 287 2262 ε
301 2236 398 2263 Πίστει
423 2237 624 2272 προσενήνοχεν
650 2236 775 2273 Ἀϐραὰμ
791 2237 839 2265 τὸν
856 2239 949 2266 Ἰσαὰκ
967 2247 1028 2267 πει-

240 2282 400 2317 ραζόμενος.
416 2283 464 2309 καὶ
477 2283 523 2309 τὸν
539 2283 671 2318 μονογενῆ
683 2284 865 2320 προσέφερεν,
882 2286 896 2312 6
912 2286 961 2318 τὰς
980 2287 1029 2313 ἐπ-

239 2327 368 2362 αγγελίας
382 2328 591 2363 ἀναδεξάμενος,
608 2329 677 2364 πρὸς
700 2329 728 2356 ὃν
755 2330 890 2366 ἐλαλήθη,
910 2331 951 2358 ὅτι
984 2332 1028 2359 Ἐν

244 2374 338 2402 Ἰσαὰκ
348 2373 514 2410 κληθήσεταί
531 2383 572 2402 σοι
595 2374 717 2410 σπέρμα,
736 2383 745 2400 ι

272 2422 376 2456 Πείραν
398 2422 447 2457 τῆς
464 2422 606 2454 εὐσεϐείας
631 2422 797 2454 ἐπιδεικνύς.
816 2423 947 2459 Πειράζει
963 2424 1027 2460 γὰρ,

239 2467 289 2502 οὐχ
305 2468 342 2499 ὡς
364 2467 470 2501 ἀγνοῶν
491 2466 568 2500 Θεὸς,
582 2466 641 2494 ἀλλ’
667 2467 707 2494 ὅτι
725 2468 751 2494 oi
777 2468 850 2502 ἅγιοι
869 2470 968 2504 πεῖραν
981 2470 1029 2497 καὶ

241 2513 378 2545 ἀπόδειξιν
405 2513 455 2548 τῆς
479 2513 622 2545 εὐσεϐείας
645 2514 860 2551 παρασχόμενοι,
877 2515 1029 2552 θαυμαστοὶ

241 2557 318 2594 παρὰ
334 2559 400 2585 πᾶσι
417 2558 560 2593 γένωνται.

279 2611 289 2629 ι
307 2604 502 2640 Δογισάμενος,
518 2605 559 2632 ὅτι
576 2604 625 2633 καὶ
639 2605 672 2632 ἐκ
696 2606 801 2642 νεκρῶν
815 2607 934 2643 ἐγείρειν
950 2607 1029 2636 δυνα-

240 2648 286 2681 τὸς
298 2650 313 2676 ὁ
326 2650 403 2682 Θεός.
421 2659 431 2676 ι

215 2703 218 2708 ·
278 2695 377 2731 Ἔλεγε
388 2715 396 2728 ,
410 2696 503 2731 φησὶν,
516 2697 557 2724 ὅτι
572 2697 588 2723 6
600 2698 633 2724 ἐκ
649 2698 756 2734 μήτρας
766 2699 814 2726 καὶ
831 2700 1028 2736 γεγηρακυίας,

242 2742 291 2770 καὶ
302 2742 440 2778 ἀχρήστου
454 2742 641 2778 γεγενημένης
653 2763 661 2775 ,
675 2743 732 2771 υεδν
746 2745 874 2779 γενέσθαι
889 2755 1029 2783 παρεσχη-

242 2787 308 2821 κὼς,
321 2787 368 2815 καὶ
384 2787 522 2823 σφαγέντα
538 2788 687 2824 ἀναστῆσαι
700 2791 852 2826 δυνήσεται.

279 2843 290 2861 ‹
304 2834 386 2862 Ὅθεν
399 2834 482 2862 αὐτὸν
496 2834 542 2862 καὶ
554 2835 584 2862 ἐν
600 2835 740 2872 παραϐολῇ
757 2837 912 2873 ἐκομίσατο.
930 2847 938 2863 ι

1080 1551 1151 1586 quit,
1169 1558 1201 1578 ex
1219 1557 1274 1578 uno
1290 1549 1419 1577 videlicet
1435 1550 1549 1578 semine.
1586 1551 1588 1554 ’

1114 1596 1198 1624 Vsus.
1212 1595 1304 1623 15-16.
1323 1605 1333 1621 ι
1351 1594 1436 1622 Juxta
1451 1595 1532 1622 [idem
1555 1593 1678 1624 defuncti
1694 1599 1758 1624 sunt
1773 1603 1870 1624 omnes

1080 1645 1135 1679 isti,
1155 1652 1211 1671 non
1227 1643 1351 1679 acceptis
1365 1643 1644 1678 repromissionibus.
1662 1653 1671 1670 ι

1115 1691 1254 1718 Abraham
1278 1690 1418 1722 nimirum,
1433 1693 1461 1718 et
1490 1690 1536 1724 qui
1560 1697 1592 1718 ex
1615 1697 1647 1718 eo
1665 1690 1719 1718 orti
1743 1694 1808 1719 sunt
1825 1697 1869 1726 pa‘

1081 1737 1218 1765 triarchaz.

1115 1782 1194 1817 251
1214 1792 1223 1808 ε
1244 1781 1297 1809 Sed
1311 1788 1324 1808 a
1341 1782 1420 1818 longe
1434 1789 1482 1809 eas
1507 1781 1685 1817 accipientes,
1702 1787 1728 1809 et
1745 1783 1869 1810 saluian-

1080 1833 1132 1861 tes,
1147 1833 1174 1856 et
1192 1828 1354 1857 conﬁtentes
1376 1829 1442 1864 quia
1460 1829 1598 1864 peregrini
1611 1833 1639 1857 et
1663 1830 1787 1865 hospites
1804 1836 1869 1858 sunt

1081 1883 1163 1911 super
1180 1881 1292 1903 terram.
1309 1875 1361 1909 Qui
1377 1875 1450 1902 enim
1467 1875 1525 1902 hzec
1544 1875 1650 1908 dicunt,
1668 1875 1824 1910 signiﬁcant
1839 1884 1869 1904 se

1079 1922 1197 1957 patriam
1209 1921 1358 1957 inquirere.
1370 1920 1403 1948 Et
1415 1921 1438 1948 si
1448 1920 1559 1956 quidem
1572 1921 1659 1956 ipsius
1670 1922 1868 1954 meminissent,

1080 1969 1113 1997 de
1128 1976 1181 2004 qua
1208 1969 1347 2001 exierunt,
1362 1967 1500 1995 habebant
1518 1966 1617 2002 utique
1644 1970 1752 2001 tempus
1775 1974 1868 1994 rever-

1081 2015 1166 2043 tendi.
1180 2015 1261 2042 Nunc
1280 2017 1371 2041 autem
1394 2014 1535 2040 meliorem
1552 2016 1695 2048 appetunt,
1712 2013 1738 2040 id
1755 2017 1796 2040 est
1812 2021 1869 2040 coe-

1080 2061 1186 2102 lestem.
1204 2060 1268 2088 ideo
1294 2067 1348 2088 non
1378 2059 1557 2088 confunditur
1581 2059 1654 2088 Deus
1682 2059 1775 2087 vocari
1797 2059 1868 2088 Deus

1080 2114 1174 2136 eorum
1191 2114 1197 2133 :
1212 2106 1318 2142 paravit
1333 2106 1405 2133 enim
1426 2106 1481 2133 illis
1497 2104 1648 2133 civitatem.
1665 2114 1674 2131 ι

1043 2193 1066 2221 1)
1117 2194 1222 2230 Spiritu
1238 2194 1380 2222 nimirum.

1113 2240 1197 2268 Vens.
1213 2241 1257 2273 17,
1272 2240 1314 2268 18.
1331 2249 1340 2266 ‹
1358 2239 1423 2268 Fide
1438 2239 1537 2268 obtulit
1555 2239 1694 2269 Abraham
1710 2239 1796 2273 Isaac,
1807 2248 1869 2268 cum

1079 2290 1230 2314 tentaretur
1244 2295 1251 2320 ;
1265 2291 1292 2314 et
1316 2286 1487 2321 unigenitum
1511 2286 1655 2320 oﬂ'erebat,
1674 2287 1721 2323 qui
1739 2295 1870 2324 suscepe-

1079 2338 1122 2360 rat
1143 2333 1385 2368 repromissiones,
1405 2333 1438 2360 ad
1456 2341 1536 2368 quem
1551 2333 1654 2361 dictum
1674 2337 1715 2361 est
1731 2343 1737 2360 :
1756 2333 1824 2367 Quia
1843 2334 1869 2361 iu

1079 2379 1156 2407 Isaac
1170 2379 1314 2407 vocabitur
1328 2379 1376 2406 tibi
1393 2387 1500 2407 semen.
1520 2388 1529 2405 ι

1115 2425 1340 2461 Experimentum
1365 2426 1491 2461 praebens
1506 2426 1618 2462 pictatis
1632 2434 1698 2454 suae.
1716 2425 1782 2453 Nam
1798 2426 1869 2455 Deus

1079 2472 1233 2508 periculum
1254 2471 1331 2504 facit,
1356 2479 1410 2499 non
1431 2480 1463 2500 cx
1478 2472 1644 2508 ignorantia,
1661 2472 1707 2500 sed
1723 2477 1751 2499 ut
1770 2473 1869 2505 sancti,

1080 2516 1194 2552 probata
1220 2516 1464 2551 demonstrataque
1493 2517 1593 2553 pietate
1619 2525 1688 2549 sua,
1705 2522 1819 2546 cunctos
1841 2519 1869 2546 in

1081 2561 1290 2590 admirationem
1306 2561 1427 2597 rapiant.

1115 2606 1198 2634 Vens.
1216 2606 1259 2633 19.
1280 2615 1289 2632 ι
1308 2607 1452 2635 Arbitrans
1478 2608 1542 2642 quia
1561 2610 1588 2635 et
1607 2614 1622 2635 a
1641 2608 1756 2636 mortuis
1780 2610 1870 2638 susci-

1080 2657 1140 2681 tare
1155 2656 1252 2688 potens
1268 2656 1310 2679 est
1325 2652 1406 2680 Deus.
1433 2662 1442 2678 ›

1116 2698 1250 2732 Dicebat,
1267 2698 1356 2734 inquit
1375 2706 1382 2726 :
1400 2698 1449 2726 Ille
1464 2699 1511 2734 qui
1540 2708 1573 2727 ex
1595 2701 1675 2729 vulva
1692 2705 1803 2737 propter
1828 2710 1871 2730 se-

1080 2745 1157 2773 nium
1177 2744 1298 2772 marcida
1315 2747 1397 2780 atque
1417 2745 1506 2772 inutili
1534 2746 1656 2780 reddita,
1680 2748 1753 2783 gigni
1784 2748 1868 2776 tilium

1082 2791 1230 2825 concessit,
1249 2791 1307 2826 ipse
1329 2790 1428 2826 poterit
1448 2795 1475 2819 et
1492 2792 1616 2820 occisum
1635 2793 1767 2822 excitare.

1120 2847 1130 2864 η
1149 2837 1226 2866 l'ndc
1243 2845 1304 2866 cum
1322 2841 1348 2866 ct
1368 2838 1393 2865 in
1411 2838 1568 2873 parabolam
1583 2839 1696 2874 accepit.
1715 2848 1725 2865 ι
