2078 3115
209 100 262 133 983

804 100 835 129 S.
849 99 969 130 JOANN
974 97 1009 128 IS
1024 96 1240 128 DAMASCENI

1792 95 1846 127 93¢

247 157 275 184 ld
297 161 350 189 est,
367 157 395 186 in
410 157 576 191 exemplum.
590 154 659 183 Nam
685 155 770 191 ﬁgura
789 154 891 183 Christi
909 155 1000 182 factus

1086 154 1232 181 Τουτέστιν
1245 153 1273 180 ἐν
1287 151 1478 188 ὑποδείγματι.
1495 150 1586 183 Tum:
1602 151 1656 187 γὰρ
1669 150 1766 185 γέγονε
1777 151 1846 188 Χρι-

210 206 253 231 est
267 211 275 230 ι
291 202 399 238 hocque
410 201 517 229 facinus
532 201 642 236 signum
653 204 712 228 erat
727 200 784 229 fore
797 204 826 228 ut
839 200 919 228 Pater
934 199 1002 228 Πιιί-

212 249 335 284 genitum
350 247 469 276 traderet
483 246 664 274 oﬂ'erendum.

247 294 332 322 Vsus.
358 293 463 326 20,21.
484 302 494 319 ι
524 292 592 320 Fide
621 297 647 319 rt
677 292 712 321 de
737 292 838 322 futuris
863 292 1003 321 benedixit

214 340 289 368 Isaac
300 340 385 368 Jacob
399 345 427 368 et
451 339 537 367 Esau.
554 338 622 367 Fide
638 338 725 368 Jacob
740 340 861 368 moriens
877 340 1003 375 singulos

213 386 332 413 ﬁliorum
348 385 450 421 Ioseph
474 385 626 413 benedixit.
648 394 658 411 ι

251 431 401 464 Undenam,
425 431 525 467 inquit,
541 431 605 460 aliis
617 435 694 458 tanta
711 431 757 459 illa
771 431 842 459 bona
866 432 1004 468 pollicitus

214 481 267 508 cst.
282 477 336 505 nisi
350 478 414 513 quia
426 478 556 505 credebat
570 477 625 506 Deo
640 477 652 505 ?

253 534 262 550 ι
279 523 312 550 Et
328 523 454 552 adoravit
475 524 503 551 in
520 522 632 559 fastigio
644 523 728 559 virga:
750 531 818 552 suae.
837 523 933 561 Heus.
945 523 1004 561 ξε]

215 569 282 597 Fide
301 569 404 605 Joseph
426 569 460 597 de
473 569 644 605 profectione
659 569 778 600 ﬁliorum
804 571 885 598 Israel
901 578 1005 599 memo-

215 619 294 644 ratus
309 620 359 644 est.
378 625 390 642 Ι

252 661 340 695 Tunc,
359 662 448 697 inquit
461 682 469 695 .
484 669 538 690 non
557 662 646 690 solum
662 661 762 690 citatus
787 667 848 697 est,
867 663 915 692 sed
932 668 958 691 et
973 663 1007 691 iis

216 715 277 742 qua:
292 712 406 736 ventura
421 712 513 740 erant,
532 708 601 737 adeo
614 708 780 742 conﬁdebat,
802 713 870 737 utet
882 709 934 737 hoc
950 709 1009 744 ipse

216 752 302 788 gestis
327 753 505 788 exprimeret.
521 753 588 780 Nam
609 753 673 789 quia
692 752 817 781 futurum
843 757 903 782 erat
920 758 950 781 ut
974 762 1008 782 ex

216 798 346 832 Ephraim
364 806 411 826 rex
430 799 500 827 alter
513 803 702 835 consurgeret,
720 803 867 834 eapropter
878 800 1009 827 adorasse

217 851 279 872 eum
296 844 324 871 in
340 844 451 880 fastigio
468 845 552 881 virgae
574 852 632 873 suae
645 845 695 873 ait.
715 843 777 872 Jam
803 845 876 873 enim
888 865 895 878 ,
908 845 1008 881 inquit,

217 888 365 926 Josephnm
382 891 558 924 adoraverat,
574 891 735 927 signiﬁcans
750 899 813 919 eum
830 892 865 920 ab
880 891 1010 919 universo

218 937 321 971 populo
356 942 468 973 propter
504 937 632 973 Ephraim
666 937 908 966 adorandum:id
937 937 1010 974 quod

218 983 394 1022 postmodum
412 991 427 1011 a
441 983 569 1012 tribubus
583 987 722 1020 patratum
737 983 797 1012 fuit.

253 1072 311 1101 Hoc
328 1077 380 1106 est,
389 1074 454 1109 quia
470 1073 527 1109 iam
544 1074 707 1110 grandaevus
727 1078 797 1103 erat.

257 1129 266 1142 ι
287 1119 320 1146 Ει
339 1119 373 1148 dc
388 1120 499 1149 ossibus
512 1121 571 1150 suis
587 1120 740 1148 mandavit.
758 1120 856 1156 [Vsus
868 1119 928 1157 εἰ]
944 1119 1012 1148 Fide

217 1165 323 1201 Moyses
346 1172 438 1200 natus,
454 1176 464 1193 ι

254 1211 290 1239 Ut
319 1217 397 1240 certo
412 1213 538 1241 crederet
561 1214 682 1250 populus
701 1213 919 1249 redemptionem
943 1213 1012 1249 ipsis

218 1257 356 1293 quondam
371 1258 541 1288 adfuturam.
556 1259 653 1295 Neque
676 1260 751 1288 enim
762 1259 797 1288 de
824 1260 928 1288 ossium
946 1267 1011 1288 suo-

218 1311 280 1332 rum
310 1305 489 1333 translatione
521 1306 831 1339 commonuisset,nisi
858 1306 912 1334 hoc
936 1309 1013 1334 certo

218 1354 370 1385 praenosset
381 1350 515 1380 futurum.

258 1405 267 1422 ι
286 1395 447 1424 Occultatus
468 1400 512 1425 est
529 1397 671 1425 mensibus
697 1398 790 1427 tribus
814 1405 830 1426 a
850 1397 1014 1434 parentibus

219 1440 289 1471 uuis.
308 1447 341 1468 eo
361 1440 434 1476 quod
445 1440 561 1469 vidisset
575 1441 728 1476 elegantem
749 1441 899 1474 infantem;
916 1443 945 1467 et
958 1447 1013 1468 non

220 1529 333 1566 grandis
361 1529 452 1557 factus
464 1550 472 1562 ,
485 1539 495 1556 ι

257 1575 327 1609 Quia
345 1583 400 1603 non
426 1575 464 1604 ita
483 1583 567 1612 grave
587 1581 631 1605 est
658 1577 763 1606 sanctis
787 1578 842 1607 illis
860 1578 929 1607 viris
943 1577 1015 1606 infe-

221 1621 311 1650 riores
323 1622 420 1654 videri,
430 1629 490 1650 eam
507 1623 541 1650 ob
559 1630 618 1650 rem
635 1622 762 1651 homines
774 1623 877 1652 nullius
892 1624 1015 1653 nominis

221 1671 249 1696 et
265 1668 400 1703 ignobiles
425 1667 541 1702 profert.

257 1713 339 1748 252
360 1722 370 1739 ι
400 1713 514 1749 Negavit
539 1721 569 1742 se
596 1722 659 1743 esse
687 1715 772 1743 ﬁlium
802 1715 865 1744 tiliae
889 1715 1015 1746 Pharao-

223 1758 277 1791 nis,
296 1758 391 1795 [Vsus
411 1758 458 1795 25]
486 1759 573 1796 magis
591 1761 695 1797 eligens
722 1761 805 1797 amisi
824 1770 886 1790 cum
914 1763 1016 1798 populo

222 1804 281 1837 Dei,
301 1815 312 1831 ι

258 1851 316 1879 Hoc
333 1851 372 1878 ait
391 1856 422 1879 ut
450 1851 547 1880 doceat
575 1851 641 1880 illos
668 1853 761 1881 omnia
792 1853 948 1890 despicere,
964 1861 1016 1882 nec

224 1897 371 1926 concidere
388 1898 507 1932 animis,
526 1898 591 1926 dum
618 1898 763 1928 facultales
783 1907 840 1928 suae
864 1900 1018 1936 diriperen-

224 1946 270 1972 tur
286 1952 293 1970 :
309 1943 420 1978 quando
435 1943 542 1980 Moyses
556 1952 667 1983 quoque
683 1951 797 1981 propter
814 1946 894 1974 iidem
910 1946 1018 1974 thesau-

225 1997 273 2017 ros
289 1989 379 2025 regios
393 1990 517 2026 reliquit.

259 2033 320 2062 Non
345 2034 510 2070 simpliciter
534 2035 659 2068 dimisit,
675 2035 723 2064 sed
747 2039 774 2063 et
802 2035 1016 2068 abrenuntiavit,

226 2080 279 2109 hoc
289 2084 331 2108 est
345 2080 409 2108 odio
425 2080 494 2108 illud
507 2080 615 2113 habuit,
630 2084 658 2108 et
684 2080 839 2109 exhorruit.
856 2081 923 2108 Dum
943 2079 1017 2108 enim

226 2126 326 2154 caelum
353 2126 576 2162 proponebatur,
591 2125 696 2155 frustra
721 2127 811 2162 regias
834 2126 944 2163 Egypti
969 2127 1019 2154 do-

226 2179 288 2199 mos
301 2172 418 2200 miratus
431 2175 518 2200 esset.

267 2225 276 2242 ι
299 2216 387 2249 Quam
418 2216 579 2251 temporalis
609 2216 715 2252 peccati
736 2216 838 2245 habere
855 2217 1018 2252 iucundita-

228 2267 283 2291 tem
300 2270 306 2287 :
323 2261 420 2298 [Vsus
434 2261 481 2298 26]
507 2261 626 2298 majores
643 2262 755 2291 divitias
781 2263 944 2292 existimans
959 2264 1020 2294 the‘

229 2315 312 2341 sauro
325 2307 518 2343 [Egyptiorum
542 2317 551 2334 ι

265 2353 410 2382 Peccatum
425 2361 488 2384 esse
509 2353 588 2387 dixit,
600 2354 672 2383 nolle
685 2362 748 2384 cum
764 2355 825 2384 aliis
838 2355 930 2392 allligi.

268 2454 278 2472 ι
296 2445 493 2481 lmproperium
508 2445 786 2481 Christizaspiciebat
798 2447 871 2475 enim
888 2447 914 2475 in
928 2455 1021 2476 remus

206 2491 211 2494 ”
230 2493 413 2521 nerationcm.
441 2491 538 2528 [Vens
552 2491 610 2529 27.]
628 2492 695 2521 Fide
721 2493 834 2529 reliquit
858 2493 1020 2530 Egyptum,

231 2546 286 2566 non
303 2539 406 2566 veritus
431 2538 636 2566 animositatem
657 2539 739 2574 regis.

267 2583 324 2612 lloc
337 2588 389 2617 est,
404 2584 469 2612 talia
490 2584 543 2612 sibi
559 2584 730 2620 exprobrari,
749 2585 841 2620 qualia
865 2586 946 2614 nobis
959 2593 1022 2621 pro-

231 2633 292 2664 pter
304 2630 462 2658 Christum:
477 2639 526 2659 seu
542 2631 605 2666 quia
617 2630 738 2667 Egyptii
754 2630 810 2659 Deo
826 2632 1021 2660 contumeliam

233 2676 389 2711 irrogaraut
405 2697 412 2709 ,
427 2676 530 2712 injuste
545 2676 688 2704 alliciendo
701 2698 709 2711 ,
726 2681 753 2705 et
767 2677 909 2705 laboribus
927 2678 1022 2713 oppri-

233 2722 331 2749 mendo
346 2722 497 2757 lsraelitas,
516 2730 549 2751 ac
571 2723 594 2751 si
613 2723 647 2751 ab
665 2723 711 2753 illo
739 2722 851 2751 liberari
871 2731 925 2751 non
958 2731 1022 2759 pos-

233 2772 304 2799 seut.

275 2822 286 2841 ι
303 2813 473 2845 invisibilcm
496 2815 569 2844 cnim
587 2821 718 2851 tanquam
733 2815 829 2845 videns
844 2817 987 2846 Sustinuit.
1011 2827 1019 2843 ι

1024 822 1047 853 Β

1053 199 1118 228 στοῢ
1131 207 1138 215 ·
1163 200 1211 226 καὶ
1228 198 1308 225 τοῦτο
1323 195 1358 233 ἦν
1376 196 1526 232 σύμϐολον,
1551 195 1646 224 τοῦτον
1668 196 1779 232 Πατέρα
1800 197 1846 225 τὸν

1052 246 1193 282 Μονογενῆ
1209 245 1370 282 προσάγειν.

1092 303 1101 319 ι
1119 293 1213 320 Πίστει
1228 293 1276 320 καὶ
1288 292 1354 328 περὶ
1368 291 1519 328 μελλόντων
1534 290 1681 325 εὐλόγησεν
1698 288 1791 316 Ἰσαὰκ
1802 289 1847 316 τὸν

1060 339 1157 367 Ἰακὼϐ
1180 339 1286 367 καὶτὸν
1306 339 1404 366 Ἠσαῦ.
1423 339 1518 366 Πίστει
1541 336 1639 364 Ἰακὼϐ
1656 336 1848 371 ἀποθνήσκων,

1054 387 1171 414 ἕκαστον
1185 386 1238 413 τῶν
1253 385 1319 413 υίῶν
1337 385 1436 421 Ἰωσὴφ
1455 385 1614 420 εὐλόγησεν.

1091 433 1188 466 Πόθεν,
1202 433 1296 468 φησὶν,
1305 431 1488 467 ἐπηγγείλατο
1501 432 1557 463 τοῖς
1572 431 1641 462 υἱοῖς
1651 429 1770 457 τοσαῦτα
1783 428 1849 464 ἀγα-

1056 480 1101 512 θὰ,
1117 478 1197 514 ῆάπὺ
1209 478 1255 505 τοῦ
1273 479 1412 506 πιστεύειν
1436 478 1476 514 τῷ
1490 478 1566 513 Θεῷ;

1095 535 1104 551 ι
1123 525 1180 552 Καὶ
1200 524 1405 560 προσεκύνησεν
1417 524 1463 551 ἐπὶ
1478 523 1507 550 τδ
1519 524 1604 558 ἄκρον
1626 523 1675 558 τῆς
1688 521 1787 558 ῥάϐδου
1801 520 1851 548 αὗ-

1057 572 1113 599 τοῦ.
1136 571 1231 598 Πίστει
1251 571 1350 606 Ἰωσὴφ
1369 570 1505 597 τελευτῶν
1534 569 1598 605 περῖ
1619 568 1670 604 τῆς
1692 568 1782 602 ἐξόδου
1796 567 1851 594 τῶν

1058 618 1124 644 υἱῶν
1143 616 1252 653 Ἰσραὴλ
1270 616 1468 652 ἐμνημόνευσε.
1487 625 1497 642 ι

1100 663 1243 696 Ἐνταῦθα,
1255 663 1350 698 φησὶν,
1368 662 1398 689 οὐ
1422 661 1503 698 μόνον
1517 659 1605 694 εἶπεν,
1622 660 1691 688 ἀλλὰ
1705 659 1752 687 καὶ
1764 658 1852 692 οὕτως

1059 709 1171 746 ἐθάρρει
1192 710 1248 740 τοῖς
1265 708 1416 744 ἐσομένοις,
1436 708 1474 739 ὡς
1496 707 1542 735 καὶ
1558 707 1597 742 τῷ
1619 707 1693 742 ἔργῳ
1707 705 1788 737 αὐτὸς
1804 706 1853 732 ἐπ-

1059 748 1172 787 έδειξεν.
1193 753 1301 789 Ἐπειδὴ
1316 753 1371 789 γὰρ
1384 753 1496 788 εμελλεν
1512 752 1566 779 ἀπὸ
1585 751 1633 779 τοῦ
1654 751 1775 788 Ἐφραὶμ
1803 751 1852 777 ἁν-

1063 800 1319 836 ίστασθαιβασιλεὺς
1339 800 1444 835 ἕτερος,
1457 798 1508 832 διὸ,
1527 798 1604 834 φησὶ,
1623 798 1670 825 καὶ
1682 797 1853 834 προσεκύνη-

1062 856 1108 875 σεν
1118 847 1165 874 ἐπὶ
1180 847 1211 874 τὸ
1222 846 1308 882 ἄκρον
1320 846 1369 881 τῆς
1391 845 1491 881 ῥάϐδου
1507 844 1601 872 αὐτοῦ.
1621 844 1691 879 Ἤδη
1710 843 1764 878 γὰρ
1776 863 1783 874 .
1798 851 1853 878 φη-

1060 894 1114 926 σὶν,
1130 893 1324 928 προσεκυνεῖτο
1340 891 1381 926 τῷ
1396 891 1512 927 Ἰωσὴφ,
1529 890 1580 926 τὴν
1603 889 1652 916 τοῦ
1681 888 1782 920 παντὸς
1805 887 1853 915 τοῦ

1060 938 1125 966 λαοῦ
1141 938 1327 974 προσκύνησιν
1337 937 1493 973 δηλῶν,τὴν
1512 935 1645 972 ἐσομένην
1661 934 1737 970 αὐτῷ
1748 934 1792 961 διὰ
1805 932 1854 960 τοῦ

1067 985 1189 1021 Ἐφρατμ
1208 993 1216 1000 ·
1231 985 1278 1012 καὶ
1301 983 1382 1011 τοῦτο
1403 983 1486 1018 ἐξέϐη
1514 982 1560 1010 διὰ
1588 981 1645 1009 τῶν
1668 980 1761 1016 φυλῶν
1776 979 1855 1006 ὓστε-

1062 1040 1119 1068 ρον.

1096 1077 1119 1104 Τ
1119 1077 1226 1105 ουτέστι
1236 1076 1284 1104 καὶ
1295 1076 1385 1112 γέρων
1401 1075 1439 1102 ὣν
1455 1075 1518 1111 ἤδη.

1099 1133 1109 1150 ι
1128 1124 1185 1151 Καὶ
1199 1122 1263 1158 περὶ
1288 1122 1343 1149 τῶν
1359 1121 1463 1149 ὀστέων
1488 1119 1571 1148 αὐτοῦ
1585 1119 1748 1148 ἐνετείλατο.
1760 1117 1856 1145 Πίστει

1061 1168 1183 1204 Μωῦσῆς
1199 1167 1352 1204 γεννηθεὶς,
1368 1177 1378 1194 ι

1097 1215 1156 1242 ἰνα
1167 1214 1301 1250 πιστεύσῃ
1313 1213 1328 1240 ὁ
1342 1213 1415 1245 λαὸς,
1435 1213 1477 1240 ὅτι
1493 1213 1604 1244 πάντως
1623 1211 1700 1239 ἐσται
1718 1210 1794 1245 αὐτῷ
1808 1209 1857 1237 λύ-

1061 1269 1172 1297 τρωσις.
1187 1260 1245 1287 υὺκ
1258 1260 1292 1287 ἂν
1306 1259 1361 1295 γὰρ
1377 1257 1504 1295 περὶτῆς
1516 1257 1689 1294 μεταθέσεως
1698 1256 1754 1283 τῶν
1770 1255 1857 1282 ὀστῶν

1062 1305 1282 1342 ἐμνημόνευσεν,
1297 1305 1323 1331 εί
1343 1304 1382 1340 μὴ
1406 1303 1529 1340 ἀκριϐῶς
1551 1303 1625 1338 ἑώρα
1650 1302 1785 1337 ἐσομένην
1807 1300 1857 1329 σὺν

1061 1352 1124 1387 τήν.

1101 1407 1111 1424 ι
1136 1396 1255 1431 Ἐκρύϐη
1283 1395 1417 1432 τρίμηνον
1445 1394 1501 1422 ἀπὸ
1523 1395 1579 1422 τῶν
1604 1393 1733 1430 πατέρων
1762 1390 1856 1425 αὑτοῦ.

1063 1443 1131 1470 διάει
1143 1439 1213 1469 εῐδον
1232 1442 1341 1469 ἀστεῖον
1363 1440 1395 1468 τὺ
1419 1440 1538 1471 παιδίον.
1556 1440 1604 1467 καὶ
1613 1441 1664 1468 οὐκ
1683 1438 1858 1474 ἐφοϐήθησαν

164 1518 169 1522 ι
222 1485 374 1513 timuerunt
400 1486 473 1522 regis
487 1486 622 1514 edictum.
639 1485 735 1522 [νεεδ.
756 1486 815 1523 24.]
827 1485 893 1514 Fide
907 1484 1013 1522 Moyses

1068 1489 1099 1516 sb
1121 1489 1260 1523 διάταγμα
1288 1487 1334 1515 τοῦ
1351 1486 1494 1523 βασιλέως.
1513 1486 1608 1513 Πίστει
1630 1485 1749 1521 Μωῦσῆς
1771 1483 1859 1519 μέγας

1064 1534 1221 1570 γενόμενος,
1244 1543 1254 1559 ι

1107 1579 1218 1615 Ἐπειδὴ
1229 1579 1284 1606 τῶν
1300 1578 1387 1613 ἁγίων
1408 1578 1522 1606 ἐκείνων
1538 1577 1668 1610 ἐλάττους
1682 1577 1801 1613 φανῆναι
1813 1575 1859 1604 οὖ-

1063 1625 1108 1653 δέν
1121 1622 1155 1662 ἧν
1167 1624 1263 1658 δεινὸν,
1278 1625 1376 1655 τούτου
1392 1624 1484 1660 χάριν¹
1507 1623 1556 1650 καὶ
1572 1624 1701 1656 εὐτελεῖς,
1717 1623 1766 1650 καὶ
1788 1622 1858 1658 def)-

1067 1678 1135 1706 μους
1151 1669 1251 1705 ἄνδρας
1266 1670 1385 1706 τίθησιν.

1103 1726 1114 1743 ι
1140 1717 1293 1752 Ἦρνήσατο
1306 1714 1433 1750 λέγεσθαι
1445 1715 1502 1747 υίὸς
1518 1714 1654 1751 θυγατρὸς
1673 1713 1774 1749 Φαραὼ
1791 1712 1860 1749 μᾶλ-

1066 1763 1111 1789 λον
1125 1762 1252 1797 ἐλόμενος
1264 1761 1514 1797 συγκακουχεῐσθαι
1527 1761 1568 1797 τῷ
1583 1761 1640 1797 λαῷ
1654 1760 1702 1788 τοῦ
1717 1759 1797 1794 Θεοῦ,
1818 1768 1827 1785 ι

1102 1850 1188 1881 Τοῦτό
1214 1859 1298 1887 φησι,
1312 1850 1448 1878 διδάσκων
1472 1850 1572 1882 αὐτοὺς
1594 1849 1775 1885 καταφρονεῖν
1790 1847 1860 1876 πάν-

1067 1906 1132 1929 των,
1148 1897 1196 1924 καὶ
1211 1896 1249 1932 μὴ
1273 1895 1421 1931 ἀδημονεῖν
1441 1894 1488 1922 ἐπὶ
1499 1895 1533 1930 τῇ
1547 1893 1601 1921 τῶν
1619 1893 1798 1929 ὑπαρχόντων
1811 1893 1862 1928 ἁρ-

1068 1944 1154 1979 παγῇ,
1170 1943 1237 1970 ὅπου
1252 1950 1286 1976 γε
1295 1941 1310 1968 ὸ
1319 1940 1442 1976 Μωῡσῆς
1456 1940 1501 1967 διὰ
1517 1939 1610 1967 πίστιν
1623 1939 1688 1972 τοὺς
1703 1938 1861 1975 βασιλικοὺς

1068 1989 1176 2024 ἐξέλιπε
1197 1987 1365 2024 θησαυρούς.

1104 2034 1161 2069 Οὐχ
1174 2032 1269 2066 ἁπλῶς
1285 2032 1393 2067 ἀφῆκεν
1405 2051 1414 2065 ,
1428 2031 1510 2067 φησὶν
1521 2051 1529 2064 ,
1545 2030 1604 2058 ἀλλ’
1618 2030 1767 2066 ἠρνήσατο,
1781 2038 1862 2057 τουτο

1068 2080 1144 2107 ἐστιν
1174 2079 1302 2114 ἐμίσησε,
1321 2077 1370 2104 καὶ
1397 2077 1573 2114 ἀπεστράφη.
1591 2076 1645 2103 Τοῦ
1669 2076 1724 2112 γὰρ
1745 2075 1862 2111 οὐρανοῦ

1069 2124 1274 2161 προκειμένου,
1296 2123 1428 2160 περισσὸν
1448 2121 1484 2159 ἦν
1508 2122 1543 2150 τὰ
1561 2121 1684 2160 βασίλεια
1710 2121 1863 2157 θαυμάζειν

1033 2169 1057 2197 D
1070 2170 1222 2206 Αἰγύπτου.

1108 2227 1118 2244 ι
1138 2217 1174 2244 Ἦ
1211 2216 1378 2253 πρόσκαιρον
1412 2215 1487 2252 ἔχειν
1522 2216 1661 2252 ἁμαρτίας
1690 2216 1839 2244 ὰτνᾶλαυσιν
1855 2224 1863 2231 ·

1072 2264 1184 2300 μείζονα
1199 2263 1315 2290 πλοῦτον
1329 2262 1505 2299 ἡγησάμενος
1517 2262 1571 2290 τῶν
1583 2263 1613 2290 ἐν
1622 2262 1753 2298 Αἰγύπτῳ
1762 2261 1864 2298 θησαυ-

1071 2319 1127 2346 ρων
1144 2319 1154 2336 ι

1112 2355 1265 2391 Ἀμαρτίαν
1292 2352 1365 2389 εἷπε,
1380 2356 1411 2383 τὺ
1426 2355 1464 2392 μὴ
1483 2356 1594 2393 θελῆσαι
1610 2356 1668 2388 τοῖς
1683 2355 1774 2388 ἄλλοις
1797 2363 1865 2390 συγο

1071 2402 1243 2438 κακωθῆναι.

1110 2457 1119 2475 ι
1136 2448 1188 2475 Τὸν
1201 2447 1354 2483 ὀνειδισμὸν
1367 2447 1414 2475 τοῦ
1436 2446 1557 2484 Χριστοῦ
1570 2455 1577 2463 ·
1595 2448 1736 2475 ἀπέϐλεπε
1752 2447 1807 2483 γὰρ
1822 2447 1865 2480 εις

1071 2494 1120 2530 τὴν
1133 2493 1358 2528 μισθαποδοσίαν.
1376 2494 1473 2522 Πίστει
1487 2494 1634 2522 κατέλιπεν
1656 2495 1806 2530 Αιγυπτον,
1826 2493 1864 2529 μὴ

1072 2539 1201 2575 φοϐηθεὶς
1217 2539 1263 2567 τὸν
1278 2539 1364 2575 θυμὸν
1378 2538 1426 2566 τοῦ
1439 2539 1582 2574 βασιλέως.
1601 2549 1612 2566 ι

1107 2587 1264 2620 Τουτέστιν,
1275 2586 1315 2614 Τὸ
1332 2586 1512 2619 ὀνειδίζεσθαι
1528 2586 1652 2620 τοιαῦτα,
1670 2583 1715 2614 οἷα
1731 2586 1810 2622 ὑμεῖς
1820 2585 1864 2613 διὰ

1071 2632 1117 2660 τὸν
1128 2632 1248 2668 Χριστόν
1259 2640 1266 2648 '
1285 2632 1302 2668 ἢ
1316 2632 1357 2659 ὅτι
1367 2632 1393 2659 οι
1407 2632 1553 2667 Αἰγύπτιοι
1565 2632 1708 2660 ὡνείδισαν
1721 2632 1767 2659 τὸν
1784 2631 1863 2665 Θεὸν,

1072 2678 1243 2713 ἀδικοῦντες,
1261 2678 1309 2705 καὶ
1320 2679 1541 2712 καταπονοῦντες
1555 2679 1619 2712 τοὺς
1638 2679 1670 2713 ἐξ
1691 2679 1810 2716 Ἰσραὴλ,
1824 2679 1864 2712 ὡς

1075 2725 1112 2761 μὴ
1124 2725 1273 2761 δυνάμενον
1289 2725 1397 2758 σώζειν.

1119 2826 1128 2842 ι
1144 2817 1196 2845 Τὸν
1212 2816 1266 2854 γὰρ
1284 2817 1402 2853 ἀόρατον
1410 2816 1448 2849 ὡς
1463 2817 1535 2853 ὁρῶν
1544 2816 1724 2853 ἐκαρτέρησε.
1744 2825 1755 2845 ι
