2078 3115
175 123 234 157 '985

759 126 802 157 ΙΝ
821 127 940 158 EPIST.
953 126 1002 156 AD
1021 126 1220 160 HEBRJEOS.

1759 130 1813 162 986

215 181 268 209 Τὸν
281 180 347 208 Θεὸν
358 180 440 217 ἔχων,
457 181 537 217 φησὶ,
558 181 603 209 διὰ
631 182 734 214 παντὸς
758 183 789 210 ἐν
809 185 844 219 τῇ
860 183 970 219 καρδίᾳ,

1057 185 1125 212 Cum
1142 192 1250 220 semper
1265 184 1294 222 in
1307 184 1390 213 corde
1405 184 1494 220 Deum
1502 184 1626 218 haberet,
1646 184 1746 222 inquit,
1756 185 1815 214 haec

179 229 268 256 ταῦτα
284 228 427 263 ὑπέμεινε.

218 285 228 302 ι
245 275 339 303 Πίστει
357 275 494 310 πεποίηκε
513 274 544 301 τὸ
565 275 673 310 Πάσχα,
691 274 740 302 καὶ
753 275 804 311 τὴν
818 276 972 311 πρόσχυσιν

179 322 228 350 τοῦ
243 322 371 357 αἵματος,
384 322 428 348 ἵνα
440 322 479 357 μὴ
492 322 506 349 ὸ
518 321 671 357 ὁλεθρεύων
680 322 716 350 τὰ
726 323 892 358 πρωτότοκα
908 323 972 360 θίγῃ

180 369 280 396 αὐτῶν.
296 378 306 396 ι
888 360 895 366 ⁵

216 415 270 442 Τδν
286 415 351 450 περὶ
380 414 435 442 τῶν
451 414 610 450 μυστηρίων
627 414 758 451 ἐμϐάλλει
778 415 870 450 λόγον.
889 416 972 450 Λέγει

181 461 220 494 δὲ,
253 462 295 488 ὅτι
318 461 468 493 πιστεύσας
488 461 534 488 τὸν
562 461 727 497 ὀλεορευτὴν
749 461 896 495 δυσωπεῖν,
925 462 974 489 καὶ

183 507 282 545 σῴζειν
295 508 327 534 τὸ
343 507 434 542 γένος,
446 507 477 534 τὸ
491 508 586 544 ἀρνίον
596 507 725 542 ἔσφαξεν.

219 607 230 625 ι
251 598 347 625 Πίστει
359 597 487 634 διέῦησαν
497 597 548 634 τὴν
561 597 695 634 Ἐρυθρὰν
712 598 861 633 θάλασσαν,
875 598 913 630 ὥς
928 598 973 625 διὰ

180 644 303 717 “flagiti:
316 690 356 722 εἰς
382 689 447 716 λαὸν
475 689 623 726 ὁλόκληρον
646 690 740 726 ἐξάγει
762 691 812 727 τὴν
843 691 972 727 μίμησιν.

181 735 241 763 Ἵνα
252 736 292 772 μὴ
299 735 428 770 λέγωσιν,
442 736 483 763 ὃτι
497 736 535 763 Οὐ
551 736 690 773 δυνάμεθα
705 737 776 764 κατὰ
787 736 850 769 τοὺς
870 737 970 771 ἁγίους

180 782 308 818 γενέσθαι
313 802 320 808 .

220 836 230 853 ι
244 824 300 859 *Ης
317 826 417 862 πεῖραν
433 826 565 858 λαϐόντες
582 827 607 853 οἱ
629 826 786 861 Αἰγύπτιοι,
814 827 971 863 κατεπόθη-

181 873 346 900 tramutata
364 859 399 899 τὰ
414 872 493 907 τείχη
513 871 619 908 Ἱεριχὼ
634 859 728 906 ἔπεσε,
741 872 917 900 κυκλωθέντα
926 859 972 900 ἐπὶ
986 859 1008 887 Β

181 920 252 948 ἑπτὰ
266 919 384 956 ἡμέρας.
403 928 413 946 ι

218 966 334 999 Ἐδειξε,
350 965 443 1001 φησὶν,
459 966 500 992 ὅτι
512 965 584 1000 ὕδωρ
605 961 650 1000 ἦν,
667 964 711 992 διὰ
724 965 779 992 τῶν
795 965 972 1001 ἐμπεσόντων

181 1013 228 1040 καὶ
240 1012 457 1046 ἁποπνιγέντων,
478 1013 503 1039 εί
519 1011 649 1039 καὶκατὰ
665 1011 794 1047 βούλησιν
815 1011 895 1044 Θεοῦ,
912 1020 973 1038 στε-

183 1058 315 1094 ρεώτερον
329 1058 437 1093 τείχους
450 1057 570 1092 ἐγένετο.

219 1114 228 1131 ι
251 1105 347 1132 Πίστει
368 1104 452 1132 Ῥαὰῦ
477 1105 495 1140 ἡ
522 1104 611 1141 πόρνη
637 1105 668 1131 οὗ
712 1103 886 1131 συναπόλωλε
915 1105 973 1136 τοῖς

181 1151 359 1186 ἀπειθήσασι,
368 1151 503 1186 δεξαμένη
521 1151 585 1182 τοὺς
602 1151 794 1183 κατασκόπους
813 1151 873 1185 μετ’
895 1150 973 1186 είρὴ-

181 1206 240 1232 νης.
256 1197 312 1225 Καὶ
322 1197 348 1224 τί
359 1197 400 1224 ἔτι
414 1196 498 1231 λέγω,
518 1195 655 1231 ιπιλείψει
667 1196 722 1232 γάρ
739 1205 773 1232 με
792 1196 972 1232 διηγούμενον

180 1243 296 1279 χρόνος,
321 1243 386 1279 περὶ
416 1242 538 1276 Γεδεὼν,
566 1242 660 1278 Βαράκ
685 1250 731 1276 τε,
756 1243 804 1269 καὶ
832 1241 971 1277 Σαμψὼν,

180 1288 230 1315 καὶ
251 1288 367 1324 Ἰεφθάε,
381 1288 464 1316 Δασίδ
474 1297 517 1322 τε,
545 1288 595 1316 καὶ
615 1287 754 1324 Σαμουὴλ,
768 1288 817 1315 καὶ
835 1288 890 1314 τῶν
907 1296 974 1324 προ-

180 1335 286 1370 φητῶν,
305 1344 314 1362 ι

215 1381 322 1408 Οὐκοῦν
335 1380 458 1417 αίσχρδν,
476 1381 569 1418 φησὶν,
583 1382 607 1409 εί
619 1381 667 1410 καὶ
680 1381 785 1418 πόρνης
796 1381 973 1418 ἀπιστότεροι

181 1427 318 1463 φαίνεσθε.

219 1483 229 1500 ι
244 1474 277 1500 Οἱ
284 1473 329 1500 διὰ
345 1473 465 1505 πίστεως
475 1471 700 1508 κατηγωνίσαντο
714 1472 868 1508 βασιλείας.
884 1482 894 1500 ι

216 1521 247 1548 0!
263 1519 328 1556 περὶ
343 1519 389 1547 τὸν
403 1519 516 1547 Γεδεών.

216 1566 304 1594 Τοῦτο
333 1566 389 1602 γὰρ
419 1566 522 1598 πίστις,
549 1565 615 1593 ὅταν
630 1566 667 1594 τὰ
683 1566 838 1602 πράγματα
859 1567 929 1603 πρὸς
942 1567 973 1594 ἰδ

180 1612 303 1641 δναντίον
319 1612 441 1640 ἐκϐαίνει
453 1620 461 1628 ⁸
479 1612 528 1640 καὶ
545 1612 608 1640 τότε
622 1612 664 1640 δεῖ
676 1613 827 1648 πιστεύειν,
842 1613 883 1641 ὅτι
895 1613 972 1641 οὐδὲν

180 1659 302 1688 ἐναντίον
318 1658 440 1693 γέγονεν,
457 1658 528 1686 ἀλλὰ
540 1659 629 1686 πάντα
640 1659 787 1688 ἀκόλουθα.

218 1757 229 1774 1
247 1748 417 1783 Είργάσαντο
431 1747 618 1784 δικαιοσύνην.
640 1757 650 1775 ι
666 1762 669 1768 π

214 1794 298 1823 Αὐτοὶ
309 1791 382 1822 οὗτοι
393 1794 475 1822 πάλιν
487 1802 494 1810 ·
509 1794 527 1830 ἢ
543 1794 592 1822 καὶ
602 1795 649 1822 τὸν
666 1793 749 1822 Δαόίδ
760 1802 854 1830 φησιν.

218 1891 229 1910 t
251 1883 398 1919 Ἕπέτυχον
408 1883 592 1917 ἐπαγγελιῶν.
613 1892 624 1909 ι

216 1929 266 1956 Διὰ
280 1929 331 1964 τὴν
346 1930 387 1961 είς
400 1929 465 1960 τοὺς
483 1928 613 1963 ἐγγόνους
640 1928 762 1955 ὲκὸἄσαν
786 1928 914 1964 εὐλογίαν
927 1937 936 1945 ·
955 1930 972 1966 ἦ

181 1975 228 2003 ἰπὶ
241 1974 288 2002 τοῦ
302 1975 396 2008 Δαεὶδ,
411 1974 456 2002 διὰ
475 1974 525 2010 τὴν
546 1973 593 2001 τοῦ
620 1974 799 2010 Σαλομῶντος
820 1974 972 2011 βασιλείαν.

217 2072 227 2090 ι
252 2062 394 2099 Ἐφραξαν
408 2063 532 2099 στόματα
540 2063 666 2092 λεόντων.
678 2072 689 2091 ι
737 2071 741 2074 ·

220 2109 265 2142 Ὠς
281 2109 394 2145 Δανιήλ.

217 2165 227 2181 ‹
248 2155 387 2184 Ἐσὸεσαν
401 2155 518 2192 δύναμιν
533 2156 631 2192 πυρός.
647 2165 656 2184 ι

219 2201 265 2235 Ὧς
279 2204 304 2230 οι
318 2204 394 2239 τρεῖς
409 2203 518 2236 παῖδες.

218 2260 229 2277 α
248 2250 370 2285 Ἔφυγον
386 2250 510 2286 στόματα
524 2251 677 2286 μαχαίρας.

219 2295 264 2327 Ὧς
274 2296 299 2322 ot
317 2295 501 2331 Ἰσραηλῖται.

217 2352 228 2369 ι
251 2341 514 2378 Ἐνεδυναμώθησαν
543 2341 600 2370 ἀπὸ
626 2342 973 2382 ἁσθενείας,ὲγενήθησαν

182 2389 290 2426 ἰσχυροὶ
304 2389 334 2416 ἐν
343 2388 467 2424 πολέμῳ.
487 2397 497 2415 ι

221 2435 252 2461 '0
275 2433 348 2461 κατὰ
370 2433 421 2469 τὴν
447 2433 576 2462 ἐπάνοδον
590 2434 666 2470 λέγει
684 2435 734 2472 τὴν
748 2437 782 2464 ἐκ
800 2437 971 2469 Βαϐυλῶνος.

180 2478 231 2510 Τίς
242 2477 298 2514 γὰρ
310 2477 425 2514 ἤλπισεν
451 2478 506 2506 ἀπὸ
534 2478 584 2515 τῆς
608 2480 799 2516 αἰχμαλωσίας
821 2483 973 2518 ἐπανήκειν

180 2523 280 2556 αὺτούς
292 2532 300 2558 ;
315 2523 363 2551 καὶ
375 2524 426 2551 οὒκ
436 2525 584 2560 ἐπανήκειν
596 2526 687 2561 μόνον,
702 2527 770 2554 ἀλλὰ
784 2528 832 2555 καὶ
846 2529 973 2566 ίσχυροὺς

181 2569 322 2607 γενέσθαι,
339 2569 388 2596 καὶ
397 2569 488 2597 κλῖναι
501 2571 681 2606 παρεμϐολὰς
697 2572 865 2610 ἁλλοτρίων;

218 2624 228 2641 ι
249 2615 431 2651 Παρεμϐολὰς
441 2614 552 2644 ἔκλιναν
566 2617 727 2654 ἀλλοτρίων.
739 2628 749 2645 ι

215 2661 354 2697 Σαμψώμ.

219 2717 229 2734 ι
247 2708 367 2737 Ἐλαὸον
380 2710 510 2745 γυναῖκες
535 2710 566 2745 ἐξ
584 2710 760 2745 ἀναστάσεως
778 2713 844 2746 τοὺς
857 2714 973 2751 νεκροὺς

180 2753 281 2783 αὐτῶν.
297 2765 307 2782 ι

217 2800 258 2828 Τὰ
268 2802 339 2829 κατὰ
351 2803 496 2839 προφήτας
511 2803 628 2831 ἐνταῦθα
638 2804 725 2839 λέγει,
740 2806 786 2834 τὸν
809 2807 913 2842 Ἠλίαν,
925 2807 971 2835 τὸν

187 2842 348 2877 Ἐλισσαῖον.
365 2848 489 2886 Νεκροὺς
502 2849 557 2885 γὰρ
572 2850 737 2886 ἀνέστησαν.

1023 229 1121 258 iubens
1137 230 1281 258 sustinuit.

1059 274 1143 303 Vens.
1154 275 1199 302 28.
1216 284 1226 300 ι
1247 274 1314 303 Fide
1326 275 1475 304 celebravit
1492 275 1610 311 Pascha,
1626 281 1653 305 et
1670 277 1814 313 sanguinis

1023 320 1196 354 eli'usionem,
1221 329 1267 354 ne,
1290 321 1338 356 qui
1364 322 1492 350 vastabat
1515 323 1666 358 primitiva,
1687 327 1813 360 tangeret

1023 374 1081 394 EOS.
1103 376 1113 393 ι

1062 412 1224 440 Sermonem
1240 413 1328 448 injicit
1341 413 1377 441 de
1392 414 1533 449 mysteriis
1550 423 1558 441 :
1573 415 1666 450 aitque
1680 414 1791 451 Moysen
1803 436 1812 450 ,

1023 465 1087 486 cum
1114 463 1190 487 certo
1207 459 1332 487 crederet
1361 464 1528 488 vastatorem
1551 468 1567 488 a
1583 468 1614 489 se
1637 461 1812 496 ﬂectendum,

1024 508 1220 540 servatumque
1243 505 1278 532 iri
1301 513 1391 541 genus
1405 513 1498 539 suum,
1511 513 1612 542 agnum
1625 507 1731 535 idcirco
1752 515 1813 535 ma-

1025 555 1128 579 classe.

1055 595 1140 624 Vsus.
1161 596 1208 630 29,
1223 596 1267 624 50.
1284 606 1294 623 ι
1310 596 1377 625 Fide
1403 598 1574 626 transierunt
1595 606 1671 627 mare
1689 599 1814 628 Rubrum

1024 647 1153 679 tanquam
1170 651 1218 678 per
1233 643 1340 671 aridam
1354 647 1465 672 terram.
1485 653 1494 670 ι

1061 689 1161 717 lterum
1176 690 1334 717 universum
1350 690 1480 726 populum
1496 691 1627 726 proponit
1637 691 1812 726 imitandum,

1023 741 1058 762 ne
1072 734 1197 762 dicerent
1211 743 1218 762 :
1234 733 1322 763 Penes
1342 742 1394 763 nos
1410 742 1465 762 non
1479 739 1523 764 est
1543 739 1701 764 sanctorum
1721 745 1814 765 mores

1023 779 1137 808 referre.

1062 835 1072 852 ‹
1100 825 1178 859 Quod
1211 825 1318 860 experti
1345 825 1467 862 [Egyptii
1497 827 1618 855 devorati
1648 831 1722 856 sunt.
1746 827 1814 856 Fide

1023 872 1094 899 muri
1108 870 1218 898 Jericho
1233 876 1400 899 corruerunt
1417 873 1535 901 circuitu
1551 872 1657 900 dierum
1674 878 1788 909 septem.
1801 883 1812 901 ι

1058 917 1263 952 Comprobavit,
1276 918 1377 952 inquit,
1395 926 1494 954 aquam
1512 926 1584 952 esse,
1601 919 1657 948 illis
1668 920 1815 947 subsiden-

1022 965 1098 992 tibus
1121 968 1148 991 et
1173 964 1340 999 suﬁocatis;
1365 965 1492 1000 quamvis
1512 966 1626 1002 alioqui,
1649 966 1705 995 Deo
1719 967 1756 995 ita
1768 967 1815 1003 ju-

1023 1011 1115 1044 hente,
1129 1018 1210 1038 muro
1221 1010 1337 1039 solidior
1350 1015 1441 1039 esset;

1058 1102 1140 1130 Vens.
1157 1102 1202 1134 51,
1214 1102 1261 1130 32.
1280 1112 1291 1129 ι
1306 1101 1374 1130 Fide
1388 1101 1486 1130 Rahab
1502 1106 1633 1130 meretrix
1661 1111 1716 1131 non
1734 1104 1815 1139 periit

1023 1155 1085 1175 cum
1105 1148 1269 1182 incredulis,
1286 1149 1427 1184 excipiens
1443 1148 1634 1183 exploratores
1656 1157 1719 1176 cum
1736 1157 1813 1184 pace.

1023 1193 1057 1221 Et
1085 1194 1151 1229 quid
1180 1194 1272 1222 adhuc
1303 1193 1547 1222 dicam?Deliciet
1576 1194 1649 1221 enim
1677 1201 1720 1222 me
1743 1199 1814 1222 tem-

1023 1247 1076 1275 pus
1099 1243 1275 1268 enarrantem
1303 1240 1338 1268 de
1359 1239 1470 1267 Gedeon
1484 1259 1492 1273 ,
1508 1243 1537 1267 et
1565 1239 1669 1272 Barac,
1684 1244 1711 1268 et
1735 1239 1814 1268 Sam-

1023 1293 1086 1319 son,
1106 1288 1134 1313 et
1161 1284 1269 1321 Jephte,
1290 1289 1318 1314 et
1340 1285 1437 1318 David,
1457 1289 1485 1313 et
1509 1284 1632 1318 Samuel,
1648 1289 1676 1313 et
1696 1285 1814 1321 prophe-

1023 1331 1072 1365 tis,
1088 1340 1098 1357 ι

1059 1376 1114 1404 Res
1138 1384 1204 1412 ergo
1219 1380 1262 1405 est
1280 1376 1361 1412 digna
1380 1376 1495 1412 pudore,
1513 1376 1622 1413 inquit,
1640 1377 1664 1406 si
1691 1384 1740 1405 vos
1759 1384 1812 1405 me‘

1023 1421 1125 1450 retrice
1147 1422 1347 1450 increduliores
1374 1422 1558 1457 prmbueritis,

1062 1465 1143 1494 Vens.
1156 1466 1203 1495 33.
1220 1476 1230 1492 ι
1248 1466 1300 1500 Qui
1325 1474 1375 1502 per
1394 1466 1474 1495 fidem
1490 1467 1616 1495 vicerunt
1634 1475 1730 1503 regna.
1749 1476 1760 1494 ι

985 1520 1008 1552 α
1059 1511 1170 1540 Gedeon
1195 1513 1302 1541 scilicet
1315 1517 1343 1540 et
1361 1513 1419 1541 alii.

1059 1557 1138 1585 Tunc
1156 1558 1257 1593 quippe
1280 1558 1350 1586 ﬁdes
1362 1563 1422 1591 est,
1437 1558 1550 1594 quando
1574 1567 1620 1588 res
1643 1560 1814 1588 contrarium

1023 1602 1126 1631 exitum
1147 1602 1251 1630 habere
1266 1603 1543 1640 videntur;tumque
1571 1605 1684 1633 credere
1707 1610 1816 1641 oportet

1023 1649 1092 1676 nihil
1106 1649 1240 1677 contrarii
1257 1649 1429 1686 contingere,
1442 1651 1492 1679 sed
1505 1655 1689 1680 consentanea
1700 1658 1816 1687 prorsus

1023 1694 1095 1722 serie
1109 1695 1204 1722 omnia
1219 1694 1290 1724 fieri.

1061 1751 1071 1768 ι
1088 1741 1276 1777 Operatisunt
1297 1742 1447 1778 justitiam.
1466 1751 1476 1769 ι

1058 1789 1139 1826 253
1163 1790 1206 1818 Illi
1228 1790 1281 1826 ipsi
1301 1790 1400 1818 iterum
1414 1811 1422 1825 ,
1434 1790 1478 1819 vel
1503 1790 1599 1819 saltem
1624 1790 1753 1819 Davidem
1770 1790 1815 1819 di-

1023 1835 1072 1863 cit.

1061 1889 1071 1906 ι
1090 1880 1188 1917 Adepti
1207 1885 1274 1909 sunt
1292 1882 1535 1917 repromissiones.
1556 1891 1566 1909 ι

1055 1926 1198 1960 Quatenus
1213 1935 1312 1963 nempe
1331 1932 1445 1964 nepotes
1461 1929 1584 1965 ipsorum
1596 1928 1814 1959 benedictionem

1023 1974 1168 2001 consecuti
1189 1978 1264 2001 sunt.
1281 1973 1329 2002 Vel
1348 1974 1479 2002 Davidem
1501 1975 1559 2009 ait,
1571 1976 1619 2011 qui
1637 1975 1812 2004 Salomonem

1023 2019 1099 2054 regni
1119 2025 1310 2047 successorem
1336 2019 1442 2047 habuit.

1062 2075 1072 2091 ι
1089 2064 1302 2093 Obduraverunt
1319 2072 1367 2092 ora
1385 2065 1507 2095 leonum.
1525 2075 1535 2093 ι

1060 2110 1142 2139 Velut
1158 2111 1265 2139 Daniel.

1061 2157 1145 2185 Vens.
1161 2157 1207 2185 54.
1227 2167 1237 2185 ι
1255 2157 1458 2187 Exstinxerunt
1470 2159 1603 2195 impetum
1621 2159 1704 2196 ignis.
1719 2169 1730 2187 ι

1060 2203 1095 2232 Ut
1112 2208 1176 2240 puta
1192 2207 1248 2233 tres
1271 2205 1361 2240 pueri.

1062 2259 1072 2275 ι
1093 2249 1255 2285 Ell'ugerunt
1269 2250 1358 2278 aciem
1374 2249 1469 2286 gladii.
1483 2259 1494 2278 ι

1061 2295 1141 2324 Velut
1159 2296 1300 2324 Israelitae.

1063 2351 1073 2368 ι
1091 2341 1298 2370 Convaluerunt
1311 2341 1346 2370 de
1367 2341 1546 2377 infirmitate;
1567 2342 1653 2371 fortes
1670 2342 1734 2372 facti
1749 2348 1815 2372 sunt

1023 2387 1050 2416 in
1063 2387 1148 2416 bello.
1167 2397 1178 2414 ι

1060 2433 1118 2461 Hoc
1142 2434 1181 2461 ait
1203 2433 1238 2461 de
1258 2440 1387 2469 regressu
1406 2440 1422 2462 e
1446 2433 1608 2470 Babylonia.
1625 2433 1726 2469 Ecquis
1740 2434 1813 2462 enim

1024 2475 1164 2514 sperasset
1187 2485 1235 2506 eos
1267 2477 1302 2505 de
1334 2477 1494 2512 captivitate
1519 2477 1707 2505 reversuros?
1724 2484 1814 2512 neque

1023 2525 1114 2554 solum
1138 2531 1312 2557 reversuros,
1326 2523 1375 2552 sed
1402 2528 1428 2551 et
1448 2523 1580 2551 robustos
1594 2527 1621 2551 et
1638 2522 1724 2551 fortes
1744 2523 1812 2557 fore,

1024 2570 1063 2598 ita
1078 2574 1107 2598 ut
1120 2570 1339 2606 alienigenarum
1353 2576 1464 2605 quoque
1479 2574 1571 2597 castra
1589 2569 1738 2598 funderent
1751 2569 1763 2597 2

1061 2626 1072 2643 1
1090 2616 1189 2645 Castra
1201 2619 1345 2644 verterunt
1358 2620 1526 2644 exterarum.
1543 2625 1552 2642 Ι

1057 2662 1187 2690 Samson.

1058 2708 1142 2737 Vsns.
1157 2708 1202 2736 35.
1213 2717 1223 2734 ι
1236 2709 1411 2744 Acceperunt
1420 2707 1550 2737 mulieres
1564 2707 1599 2737 de
1611 2709 1815 2737 resurrectione

1024 2760 1151 2784 mortuos
1165 2763 1231 2784 δυοε
1236 2776 1242 2784 .
1263 2765 1273 2782 ι

1059 2802 1098 2829 Ea
1119 2806 1214 2830 narrat
1238 2809 1299 2837 qua:
1317 2801 1460 2837 prophetis
1486 2802 1657 2836 acciderunt,
1674 2801 1740 2831 Elia:
1760 2803 1818 2831 sd~

1024 2849 1108 2880 licet,
1127 2851 1155 2876 et
1182 2847 1282 2877 Eliseo.
1305 2847 1353 2877 Isti
1378 2856 1497 2884 namque
1520 2854 1645 2878 mortuos
1670 2850 1703 2878 ad
1728 2852 1811 2880 vitam

1024 2899 1233 2923 τρνοςιινθτυηῐ.
