2077 3114
278 134 332 168 9157

875 132 906 162 S.
925 131 1084 162 JOANNIS
1103 129 1320 161 DAMASCENI

1868 125 1922 158 988

313 201 323 219 ι
344 191 395 219 Alii
415 188 528 219 distenti
543 193 618 221 sunt,
632 195 687 216 non
704 188 891 224 suscipientes
906 187 1071 222 redemptio-

1159 195 1170 212 ι
1189 185 1282 213 Ἀλλοι
1292 186 1320 213 δὲ
1331 183 1627 222 ἐτυμπανίσθησαν,οὐ
1636 182 1853 220 προσδεξάμενοι
1870 182 1920 219 τὴν

278 245 360 271 nem,
390 241 420 264 ut
456 236 596 263 meliorem
636 235 793 262 invenirent
828 233 1072 261 resurrectionem.

278 283 373 321 [νειιε.
393 283 445 314 36.
464 280 522 317 δη
548 281 600 308 Alii
620 280 740 308 ludibria
765 286 790 308 et
817 280 933 307 verbera
953 279 1070 314 experti,

279 331 392 364 insuper
407 332 434 356 ot
458 328 568 355 vincula
583 331 609 355 et
622 334 762 355 carceres.
784 326 911 362 Lapidati
929 331 1005 354 sunt.
1028 334 1037 351 ι

315 375 484 409 Stephanus.

313 430 323 447 ι
344 421 417 449 Secti
441 426 516 454 sunt,
539 421 635 448 tentati
666 423 742 454 sunt,
767 419 795 447 in
828 418 968 447 occisione
991 417 1074 454 gladii

279 467 384 504 mortui
409 470 484 495 sunt.
506 476 515 492 ι

277 526 279 528 ·
316 514 370 541 Εοε
383 520 416 541 ex
445 512 588 548 prophetis
602 511 669 539 dicit
696 511 744 546 qui
767 509 924 544 interempti
953 508 1074 541 fuerunt,

281 559 380 588 Isaiam
392 562 468 594 puta,
486 559 533 593 qui
555 565 633 585 serra
653 557 742 592 lignea
754 559 845 583 sectus
872 554 934 583 fuit.

321 615 331 632 ι
349 604 570 633 Circuieruntin
599 603 728 634 melotis,
745 606 773 630 et
798 600 916 636 pellibus
942 599 1075 636 caprinis,

285 657 409 688 egentes,
425 650 586 686 angustiati,
605 649 708 677 amicti.
729 658 737 674 ι

318 699 404 726 Elias.

318 745 403 772 Vens.
413 743 509 772 38-10.
527 751 537 770 ι
553 742 659 776 Quibus
685 742 786 777 dignus
800 749 855 769 non
874 745 934 769 erat
949 740 1077 768 mundus.

284 791 316 819 In
331 791 530 820 solitudinibus
542 793 679 823 errantes,
692 789 720 816 in
745 788 898 819 montibus,
917 792 944 815 et
964 788 1078 822 spelun-

285 837 336 869 cis,
353 841 380 864 et
405 836 531 864 cavernis
556 840 635 864 terra:
648 845 655 868 ;
669 839 697 863 et
716 835 744 862 hi
758 842 855 862 omnes
868 834 1030 862 testimonio
1048 834 1079 860 ti-

284 884 328 912 dei
351 883 470 918 probati,
484 890 540 910 non
559 884 726 916 acceperunt
748 880 1008 916 repromissioncm,
1022 879 1078 907 Deo

285 937 334 966 pro
354 930 433 957 nobis
449 929 548 957 melius
564 928 666 963 aliquid
684 927 866 963 providente,
884 932 914 954 ut
939 934 994 954 non
1017 926 1078 954 sine

285 975 365 1004 nobis
377 979 647 1004 conSummarentur.
667 983 677 1000 ι

604 1047 680 1076 CAP.
698 1046 755 1074 XII.

319 1118 404 1146 Vens.
424 1118 449 1145 Ι.
466 1126 475 1144 ι
493 1117 611 1152 Ideoque
628 1121 656 1144 et
681 1124 732 1145 nos
750 1120 852 1145 tantam
872 1116 1003 1144 habentes
1026 1116 1079 1144 im-

286 1166 403 1202 positam
422 1165 523 1193 nubem
546 1174 557 1192 ι
940 1163 944 1167 ‘

322 1209 418 1242 Eliam,
431 1208 546 1244 ejusque
561 1209 654 1237 socios
673 1209 752 1238 dicit.
771 1209 908 1243 Quidnam
934 1209 1019 1245 igitur
1035 1209 1081 1238 hic

285 1259 365 1282 erant
379 1254 520 1289 accepturi
534 1255 546 1281 ?

323 1300 454 1328 Mundum
470 1301 566 1336 utique
586 1302 740 1337 intelligere
763 1306 872 1338 oportet
885 1310 933 1331 eos
950 1303 998 1338 qui
1015 1308 1082 1331 sunt

287 1346 314 1373 in
331 1347 446 1374 mundo.

325 1403 334 1418 ι
357 1391 491 1425 ’l‘estium,
508 1393 677 1428 deponentcs
693 1401 775 1421 omne
790 1393 909 1430 pondus,
930 1404 940 1422 ι

321 1438 417 1467 Testes
430 1439 508 1472 dicit,
519 1447 574 1466 non
590 1440 672 1467 modo
687 1440 734 1475 qui
755 1441 806 1468 sub
828 1449 899 1469 novo
915 1445 1081 1470 testamento

287 1490 362 1516 sunt.
381 1485 428 1512 sed
453 1486 535 1512 etiam
551 1486 599 1520 qui
628 1486 680 1514 sub
700 1487 787 1515 veteri
805 1486 892 1515 fuere.
915 1487 983 1515 Nam
999 1493 1027 1516 et
1041 1489 1081 1516 illi

288 1531 475 1559 testimoninm
489 1531 625 1559 dederunt
640 1532 740 1560 divina
752 1532 973 1568 magniﬁcentim.

322 1586 332 1602 ‹
350 1576 382 1604 Ει
409 1577 594 1606 circumstans
608 1586 659 1606 nos
683 1583 828 1614 peccatum
840 1600 847 1614 ,
860 1586 908 1614 per
921 1581 1082 1615 patientiam

287 1629 433 1650 curramus
446 1623 479 1650 ad
491 1625 662 1659 propositum
679 1626 759 1654 nobis
774 1632 932 1656 certamen:
946 1628 1042 1664 [Vsus
1052 1629 1081 1665 2]

287 1668 452 1703 aspicientes
469 1669 496 1696 in
523 1674 663 1698 auctorem
692 1671 756 1700 ﬁdei
783 1678 811 1702 et
828 1679 1083 1704 consutnmatorem

287 1711 392 1741 Jesum.
409 1724 419 1741 ι

323 1769 401 1802 Quod
429 1778 478 1799 nos
511 1771 589 1801 facile
615 1774 876 1808 circumvenit,vel
903 1777 977 1812 quod
1001 1777 1083 1806 facile

287 1814 369 1851 254
394 1816 587 1845 circumveniri
602 1824 695 1853 queat.
709 1819 798 1854 Atque
812 1820 864 1848 hoc
874 1822 979 1855 potius.
996 1823 1083 1850 Dum-

288 1861 370 1888 modo
387 1862 459 1889 enim
475 1863 591 1891 velimus
603 1884 611 1896 ,
626 1863 700 1892 facili
719 1866 831 1901 negotio
849 1874 998 1902 possumus
1016 1876 1083 1904 pec-

289 1910 352 1934 cato
366 1908 523 1941 superiores
536 1909 607 1938 fleri.

326 1972 336 1988 ι
357 1962 419 1996 Qui,
442 1966 584 2000 proposito
602 1967 653 1995 sibi
680 1968 791 2004 gaudio,
808 1969 941 1998 sustinuit
959 1978 1081 2005 crucem,

288 2009 453 2038 confusione
469 2015 644 2049 contempta,
664 2014 691 2042 iu
720 2015 834 2044 dextera
861 2016 935 2044 sedis
961 2016 1011 2045 Dei
1036 2025 1080 2046 se-

289 2055 344 2084 det.
360 2065 371 2082 ι

323 2111 381 2139 Hoc
398 2117 451 2145 est,
468 2113 495 2141 in
509 2118 645 2149 potestate
661 2116 736 2144 illius
752 2121 812 2145 erat
830 2118 898 2146 nihil
918 2119 985 2154 pati,
999 2120 1023 2148 si
1037 2128 1083 2149 vo-

288 2155 394 2184 luisset.
411 2158 470 2193 lpse
485 2167 550 2187 vero
563 2160 744 2190 nihilominus
759 2164 871 2198 pertulit
887 2172 1008 2198 crucem,
1019 2173 1081 2194 cum

1123 232 1324 268 ἀπολύτρωσιν,
1337 230 1385 259 ἵνα
1409 232 1567 268 κρείττονος
1592 230 1770 262 ἀναστάσεως
1787 229 1919 265 τύχωσιν.

1124 279 1234 314 Ἕτεροι
1250 278 1279 305 δὲ
1297 277 1465 313 ἐμπαιγμῶν
1478 279 1526 304 καὶ
1540 276 1682 313 μαστίγων
1695 278 1794 313 πεῖραν
1812 278 1920 313 ἔλαϐον,

1123 324 1164 351 ἔτι
1177 325 1205 351 δὲ
1219 324 1327 360 δεσμῶν
1341 323 1388 351 καὶ
1405 323 1541 359 φυλακῆς.
1566 322 1775 359 Ἐλιθάσθησαν.
1794 333 1803 349 ι

1160 370 1393 451 ῗτὲρτῗέῒύθησαν,
1409 413 1627 450 ἐπειράσθησαν,
1649 414 1679 441 ἐν
1694 412 1767 450 φόνῳ
1782 414 1922 451 μαχαίρας

1124 463 1272 491 ἀπέθανον.
1289 471 1298 488 ι

1162 509 1233 540 Τοὺς
1269 507 1459 539 ἀποθανόντας
1485 507 1648 544 προφήτας,
1679 506 1781 542 φησὶν,
1809 505 1921 552 ὡςκτὺν

1133 555 1257 587 Ἡσαΐαν,
1277 555 1317 582 ὃτι
1331 555 1360 581 ἑν
1374 554 1474 588 ξυλίνῳ
1491 554 1611 590 ἐπρίσθη
1622 553 1725 589 πρίονι.

1165 609 1174 626 ι
1195 600 1344 636 Περιῆλθον
1370 599 1400 626 ἐν
1418 598 1568 634 μηλωταῖς,
1602 600 1631 625 ἐν
1648 599 1764 633 αἰγείοις
1776 598 1920 635 δέρμασιν,

1127 645 1336 682 ὑστερούμενοι,
1352 644 1518 680 ολιὸόμενοι,
1536 645 1765 680 κακουχούμενοι.
1779 654 1788 671 ι

1170 692 1276 720 Ἠλίας.

1173 701 1248 719 ἠΛια
1268 712 1276 720 .

1167 747 1176 764 ι
1186 735 1236 765 Ὧν
1249 701 1299 765 ἓύκ
1309 735 1344 773 ἦν
1360 737 1436 771 ἄξιος
1452 738 1467 764 ὸ
1482 737 1597 773 κόσμος.
1617 737 1660 764 'Ev
1671 737 1801 772 ἐρημίαις
1815 735 1922 763 πλανώ-

1131 791 1216 818 μενοι,
1233 783 1281 810 καὶ
1300 782 1388 818 ὄρεσι,
1405 783 1454 810 καὶ
1470 783 1628 818 σπηλαίοις,
1643 783 1691 809 καὶ
1703 783 1764 814 ταῖς
1779 782 1858 813 ὀπαῖς
1873 783 1924 817 τῆς

1129 828 1183 863 γῆς
1194 837 1201 845 ι
1217 828 1265 855 καὶ
1284 826 1357 856 οὗτοι
1374 829 1477 860 πάντες
1504 828 1726 864 μαρτυρηθέντες
1741 827 1785 854 διὰ
1810 827 1860 863 τῆς
1878 827 1927 853 πί-

1094 865 1116 893 Β
1132 883 1228 908 στεως,
1252 875 1303 902 οὐκ
1326 875 1491 910 ἐκομίσαντο
1515 875 1564 910 τὴν
1584 875 1764 909 ἐπαγγελίαν,
1790 874 1837 901 τοῦ
1855 873 1925 900 Θεοῦ

1132 921 1196 957 περὶ
1205 922 1283 956 ἡμῶν
1298 921 1424 956 κρεῖττόν
1437 929 1463 948 τι
1477 920 1716 956 προϐλεψαμένου,
1731 921 1775 947 ἵνα
1784 919 1822 956 μὴ
1839 920 1927 956 χωρὶς

1132 968 1212 1003 ἡμῶν
1231 967 1411 995 τελειωθῶσι.
1428 977 1439 994 ι

1432 1046 1558 1073 ΚΕΦΑΛ.
1573 1046 1623 1073 ΙΒ¹.

1173 1124 1182 1141 ι
1201 1114 1353 1150 Τοιγαροῦν
1372 1113 1420 1141 καὶ
1432 1114 1515 1149 ἡμεῖς
1535 1112 1666 1140 τοσοῦτον
1680 1113 1788 1148 ἔχοντες
1804 1111 1929 1148 περικεί-

1135 1170 1215 1198 μενον
1231 1161 1298 1196 ἡμῖν
1316 1160 1397 1195 νέφος
1414 1168 1424 1185 ι

1169 1207 1239 1239 Τοὺς
1253 1206 1318 1242 περὶ
1338 1205 1431 1233 Ἠλίαν
1446 1205 1523 1241 φησι.
1536 1205 1569 1232 Τί
1583 1205 1673 1232 τοίνυν
1683 1204 1800 1240 ἤμελλον
1809 1203 1929 1232 ἐνταῦθα

1134 1251 1337 1286 ἀπολαμϐάνειν
1351 1260 1358 1285 ;

1169 1298 1280 1333 Κόσμον
1299 1306 1332 1333 γε
1362 1297 1415 1334 μὴν
1432 1298 1462 1324 ἐν
1484 1297 1602 1330 τούτοις,
1622 1298 1687 1329 τοὺς
1708 1297 1738 1324 ἐν
1752 1297 1849 1333 κόσμῳ
1860 1298 1930 1324 νοεῖς

1135 1343 1197 1370 σθαι
1214 1343 1327 1380 πρέπει.

1173 1399 1181 1415 ι
1201 1390 1366 1424 Μαρτύρων,
1381 1388 1464 1423 ὀγκον
1476 1389 1642 1425 ἀποθέμενοι
1657 1389 1756 1421 πάντα,
1774 1399 1784 1416 ι

1128 1454 1130 1456 ι
1169 1435 1333 1470 Μάρτυρας,
1363 1434 1425 1470 οὐχὶ
1439 1435 1502 1466 τοὺς
1523 1435 1552 1461 ἐν
1567 1436 1600 1470 τῇ
1624 1435 1713 1470 Καινῇ
1739 1436 1813 1470 λέγει
1836 1437 1929 1471 μόνον,

1134 1481 1203 1509 ἀλλὰ
1227 1481 1274 1508 καὶ
1296 1480 1360 1512 τοὺς
1377 1481 1407 1506 ἐν
1431 1480 1465 1515 τῇ
1483 1479 1599 1515 Παλαιᾷ.
1621 1480 1677 1506 Καὶ
1698 1480 1753 1516 γὰρ
1773 1481 1821 1508 καὶ
1851 1481 1930 1508 αὐτοὶ

1095 1545 1117 1575 G
1135 1527 1334 1563 ἐμαρτύρησαν
1346 1526 1380 1561 τῇ
1396 1525 1443 1552 τοῦ
1459 1524 1526 1551 Θεοῦ
1542 1526 1746 1561 μεγαλειότητι.
1788 1536 1791 1539 ·

1173 1582 1182 1598 ι
1207 1573 1264 1599 Καὶ
1278 1572 1328 1608 τὴν
1343 1571 1541 1607 εὐπερίστατον
1562 1572 1713 1607 ἁμαρτίαν,
1734 1572 1768 1599 δι’
1788 1573 1930 1609 ὑπομονῆς

1134 1619 1279 1655 τρέχωμεν
1291 1618 1338 1646 τὸν
1363 1617 1544 1654 προκείμενον
1563 1619 1631 1654 ἡμῖν
1657 1619 1760 1652 ἀγῶνα,
1771 1620 1930 1653 ἀφορῶντες

1134 1667 1176 1698 εἰς
1199 1666 1246 1693 τδν
1263 1666 1313 1701 τῆς
1329 1665 1449 1696 πίστεως
1472 1665 1606 1700 ἀρχηγὸν,
1637 1666 1684 1692 καὶ
1707 1665 1854 1702 τελειωτήν
1875 1667 1930 1702 Ὶη-

1136 1721 1209 1740 σουν.
1230 1722 1240 1739 ι

1169 1770 1226 1805 Τὴν
1251 1770 1371 1802 εὐκόλως
1381 1770 1601 1806 περιισταμένην
1619 1770 1703 1806 ἡμᾶς,
1717 1770 1733 1806 ἦ
1747 1770 1796 1805 τὴν
1811 1769 1930 1802 εὐκόλως

1134 1816 1296 1852 περίστασιν
1323 1816 1476 1852 δυναμένην
1500 1818 1607 1844 παθεῖν.
1641 1816 1749 1843 Μᾶλλον
1778 1815 1807 1843 δὲ
1831 1815 1920 1842 τοῦτο.

1139 1862 1244 1898 Ῥᾴδιον
1263 1862 1318 1898 γὰρ
1332 1862 1379 1890 ἐὰν
1387 1862 1557 1899 θελήσωμεν,
1567 1862 1760 1898 περιγενέσθαι
1775 1864 1826 1898 τῆς
1841 1862 1932 1898 ἁμαρ-

1132 1917 1204 1940 τιας.

1170 1958 1183 1990 ἰ
1203 1965 1250 1997 Ὃς
1265 1965 1327 1992 ἀντὶ
1341 1965 1391 1999 τῆς
1405 1965 1591 2001 προκειμένης
1609 1965 1683 2001 αὐτῷ
1695 1966 1783 2000 χαρᾶς
1796 1965 1929 2000 ὑπέμεινε

1135 2010 1264 2046 σταυρὸν,
1279 2010 1413 2046 αἰσχύνης
1442 2011 1665 2046 καταφρονήσας,
1689 2011 1717 2037 ἐν
1730 2009 1806 2046 δεξιᾷ
1828 2018 1858 2036 τε
1880 2010 1929 2037 τοῦ

1135 2056 1231 2092 θρόνου
1246 2055 1294 2082 τοῦ
1306 2055 1375 2083 Θεοῦ
1391 2055 1550 2086 κεκάθικεν,
1569 2065 1579 2082 ι

1170 2112 1329 2146 Τουτέστιν,
1345 2112 1410 2147 ἐξῆν
1426 2112 1501 2148 αὐτῷ
1521 2113 1604 2148 μηδὲν
1628 2114 1735 2146 παθεῖν,
1755 2115 1833 2150 εῐπερ
1845 2115 1929 2151 ήὸού-

1133 2159 1204 2186 λετο,
1231 2159 1260 2186 '0
1287 2159 1316 2185 δὲ
1345 2160 1406 2186 ἀντὶ
1423 2159 1521 2186 τούτου
1538 2159 1656 2194 σταυρὸν
1678 2160 1820 2194 ὑπέμεινε,
1844 2161 1929 2196 μηδει-

288 2202 364 2229 nulla
376 2204 543 2232 necessitate
557 2206 590 2233 ad
607 2213 717 2234 crucem
729 2209 899 2244 adigeretur.
912 2210 980 2239 Nam
994 2211 1080 2240 nostri

1137 2205 1202 2241 μίαν
1216 2205 1286 2241 ἔχων
1303 2206 1426 2242 ἀνάγκην
1459 2205 1504 2232 τοῦ
1527 2205 1729 2241 σταυρωθῆναι.
1753 2207 1929 2243 Ἐσταυρώθη

289 2254 372 2275 causa
390 2249 487 2276 atlixus
502 2254 544 2278 est
558 2251 645 2279 cruci.

318 2301 408 2353 Vsus:
429 2304 508 2332 5-10.
530 2315 539 2331 ι
557 2305 720 2342 Recogitate
744 2310 818 2337 enim
841 2319 903 2339 eum
930 2314 976 2349 qui
1000 2315 1082 2344 talem

289 2348 422 2375 sustinuit
448 2356 463 2376 a
491 2352 683 2385 peccatoribus
723 2354 870 2383 adversum
903 2348 1083 2395 semetipsum

289 2395 550 2431 contradictionem,
566 2402 596 2426 ut
623 2407 658 2427 ne
677 2400 842 2436 fatigemini,
866 2404 967 2434 animis
981 2409 1084 2437 vestris

289 2441 457 2471 deﬁcientes.
475 2443 603 2473 Nondum
619 2446 692 2473 enim
709 2455 798 2483 usque
811 2449 846 2477 ad
865 2452 1028 2486 sanguinem
1042 2462 1086 2482 re-

290 2488 410 2522 stitistis,
430 2489 563 2518 adversus
580 2497 723 2526 peccatum
740 2500 936 2530 repugnantes,
953 2501 980 2525 et
1006 2499 1084 2527 obliti

288 2533 358 2560 estis
374 2535 574 2579 consolationis
588 2543 649 2570 quae
665 2537 745 2565 vobis
764 2543 895 2575 tanquam
916 2542 980 2571 ﬁliis
994 2543 1083 2579 loqui-

289 2581 350 2610 tur,
363 2577 460 2606 dicens
483 2590 488 2607 :
505 2578 555 2606 Fili
583 2580 620 2607 mi
636 2602 643 2614 ,
659 2582 716 2609 noll
740 2583 877 2619 negligere
906 2577 1082 2622 disciplinam

288 2622 409 2656 Domini,
426 2633 516 2660 neque
531 2626 738 2662 fatigeris,dum
756 2630 791 2657 ab
804 2637 837 2658 eo
852 2633 985 2667 argueris.
995 2634 1081 2667 Quem

288 2669 361 2697 enim
388 2670 477 2706 diligit
505 2670 655 2706 Dominus,
683 2672 801 2710 ca'stigat
824 2676 965 2712 :ilagellat
991 2684 1081 2707 autem

288 2721 399 2742 omnem
415 2716 502 2744 tilium
514 2726 595 2752 quem
615 2720 722 2755 recipit.
739 2721 768 2748 ln
793 2722 940 2758 disciplina
956 2732 1082 2759 perseve-

289 2762 370 2787 rate:
389 2764 523 2796 tanquam
541 2763 604 2790 Iiliis
620 2765 698 2792 vobis
713 2765 791 2793 olfert
805 2774 836 2794 se
850 2766 933 2795 Deus.
951 2767 1019 2801 Quis
1033 2777 1082 2796 au-

270 2819 274 2825 -
290 2809 345 2832 tem
365 2805 436 2834 illius
453 2815 533 2842 quem
551 2816 605 2836 non
621 2811 735 2846 corripit
749 2813 849 2847 pater?
867 2814 944 2847 Quod
966 2815 989 2842 si
1005 2821 1082 2844 extra

289 2847 464 2884 disciplinam
504 2853 593 2887 estis,
614 2855 694 2890 cujus
725 2858 878 2895 participes,
911 2859 975 2887 facti
1014 2867 1079 2890 sunt

1136 2251 1191 2287 γὰρ
1209 2250 1288 2286 ήμῶν
1299 2250 1402 2277 ἐνεκεν.

1175 2317 1184 2334 ι
1209 2306 1421 2342 ’Δναλογίσασθε
1436 2307 1490 2343 γὰρ
1500 2307 1546 2334 τὸν
1560 2307 1689 2344 τοιαύτην
1698 2308 1930 2345 ὑπομεμενηκότα

1137 2354 1190 2381 ὑπὸ
1202 2354 1257 2381 τῶν
1277 2353 1451 2389 ἁμαρτωλῶν
1473 2355 1513 2386 εἰς
1529 2354 1612 2381 αὑτὸν
1641 2355 1808 2389 ἀντιλογίαν,
1825 2356 1870 2384 ἵνα
1890 2356 1928 2392 μὴ

1137 2400 1257 2436 κάμητε,
1269 2401 1330 2431 ταῖς
1345 2400 1445 2435 ψυχαῖς
1459 2400 1535 2435 ὑμῶν
1543 2401 1714 2437 ἐκλυόμενοι.
1732 2400 1816 2428 Οὔπω
1831 2402 1927 2438 μέχρις

1136 2447 1253 2481 αἵματος
1276 2446 1505 2482 ἀντικατέστητε,
1531 2447 1600 2482 πρὸς
1627 2447 1680 2482 τὴν
1698 2447 1836 2483 ἁμαρτίαν
1865 2449 1930 2475 ἀντ-

1136 2492 1335 2527 αγωνιζόμενοι
1348 2500 1355 2507 ·
1373 2492 1424 2518 καὶ
1438 2491 1584 2528 ἐκλέλησθε
1601 2492 1653 2527 τῆς
1675 2493 1886 2528 παρακλήσεως,
1897 2494 1930 2528 ῆ-

1136 2546 1180 2570 τις
1193 2538 1257 2573 ὑμῖν
1271 2537 1309 2569 ὡς
1325 2538 1393 2569 υἱοῖς
1408 2537 1573 2571 διαλέγεται·
1590 2537 1639 2564 Υίέ
1660 2546 1723 2573 μου,
1748 2538 1786 2574 μὴ
1804 2537 1931 2573 ὀλιγώρει

1137 2584 1262 2616 παιδείας
1275 2584 1390 2620 Κυρίου,
1407 2584 1474 2620 μηδὲ
1493 2583 1593 2611 ἐκλύου
1614 2584 1662 2611 ὑπ’
1677 2584 1760 2611 αὐτοῦ
1784 2584 1931 2619 ἐλεγχόμε-

1137 2639 1193 2663 νος.
1210 2632 1261 2658 Ὃν
1275 2632 1331 2667 γὰρ
1349 2631 1445 2666 ἀγαπᾷ
1459 2630 1573 2666 Κύριος,
1601 2631 1738 2665 παιδεύει,
1755 2633 1884 2667 μαστιγοῖ
1901 2631 1931 2658 δὲ

1137 2677 1228 2705 πάντα
1242 2677 1301 2704 υἱὸν
1313 2677 1343 2704 ὃν
1354 2676 1554 2713 παραδέχεται·
1568 2678 1608 2709 είς
1625 2678 1748 2705 παιδείαν
1760 2679 1912 2714 ὑπομένετε
1920 2687 1928 2694 ·

1136 2723 1175 2756 ὡς
1189 2724 1258 2755 υἱοῖς
1275 2724 1340 2758 ὑμῖν
1367 2722 1553 2759 προσφέρεται
1576 2724 1590 2751 ό
1605 2724 1682 2756 Θεὸς.
1704 2725 1752 2757 Τίς
1777 2725 1832 2760 γάρ
1854 2723 1931 2752 ἐστιν

1135 2770 1244 2802 υίὸς,ὃν
1255 2770 1286 2797 οὐ
1304 2769 1428 2796 παιδεύει
1449 2770 1557 2805 πατήρ;
1582 2771 1613 2797 Εἰ
1637 2771 1665 2797 δὲ
1683 2771 1768 2807 χωρίς
1787 2772 1849 2798 ἐστε
1863 2780 1931 2799 παι-

1137 2816 1222 2850 δείας,
1240 2813 1274 2852 ἦς
1287 2816 1396 2851 μέτοχοι
1411 2816 1540 2850 γεγόνασι
1559 2815 1670 2848 πάντες,
1693 2816 1748 2851 ἄρα
1761 2816 1833 2843 νόθοι
1853 2817 1928 2849 ἐστὲ,

1134 2861 1182 2889 καὶ
1200 2861 1249 2896 οὺχ
1260 2860 1323 2888 υἱοί,
1340 2858 1407 2888 Εἶτα
1423 2860 1485 2892 τοὺς
1504 2860 1554 2895 μὲν
1565 2860 1614 2896 τῆς
1630 2860 1732 2897 σαρκὸς
1749 2860 1828 2898 ήμῶν
1838 2868 1927 2889 πατε-
