2077 3114
178 131 231 164 989

759 135 801 165 ΙΝ
818 136 937 167 EPIST.
951 137 1002 167 AD
1016 137 1212 169 HEBR/EOS.

1755 131 1810 164 990

178 197 230 223 ρας
239 187 348 223 εἴχομεν
358 187 517 222 παιδευτὰς,
531 181 579 216 καὶ
589 188 796 224 ἐνετρεπόμεθα
809 198 816 205 -
834 190 865 216 οὐ
881 188 971 225 πολλῷ

1024 197 1217 224 omnes-,ergo
1244 190 1382 223 adulteri,
1401 193 1429 217 et
1459 196 1513 216 non
1532 188 1580 215 lilii
1609 188 1688 216 estis.
1717 187 1821 215 Deinde

179 235 279 270 μᾶλλον
294 234 526 270 ὑποταγησόμεθα
538 245 546 261 ι

213 373 245 400 ΕΞ
263 373 298 400 τὰ
311 371 365 400 τῶν
398 371 521 408 πλησίων
550 372 626 406 πάθη
650 372 680 398 οὐ
702 371 873 406 διανίστησιν
887 371 972 405 ἡμᾶς,

179 421 274 455 φησιν,
293 419 351 447 ἀλλ’
366 416 413 446 οὖν
425 419 459 446 τὰ
471 418 519 446 τοῦ
533 419 670 446 Δεσπότου
685 419 726 451 εις
741 418 821 445 τοῦτο
833 417 972 454 διεγείρει,

179 468 218 498 είς
230 466 262 493 τὸ
273 466 364 493 ἀθλεῖν
378 466 449 502 ὑπὲρ
463 466 518 493 τῶν
535 465 629 501 ψυχῶν
647 465 738 501 ἡμῶν.

220 565 229 581 ι
246 554 292 590 Τῷ
309 555 398 591 Πατρὶ
411 554 467 581 τῶν
483 555 659 590 πνευμάτων,
670 555 718 581 καὶ
734 553 870 590 ζήσομεν;
886 553 910 579 οἱ
924 552 973 588 μὲν

180 601 234 638 γὰρ
266 602 335 637 πρὸς
363 601 459 635 ὀλίγας
475 601 585 637 ἡμέρας
611 601 682 628 κατὰ
709 601 742 627 τὸ
767 599 864 627 δοκοῦν
880 600 974 630 αὐτοῖς

181 648 324 675 ἐπαίδευον
339 655 346 663 ⁸
367 648 380 674 ό
403 647 433 674 δὲ
450 647 498 674 ἐπὶ
514 647 545 674 τὸ
558 647 697 682 συμφέρον
708 647 748 678 είς
762 647 793 674 τὺ
810 645 974 681 μεταλαϐεῖν

181 693 231 728 τῆς
247 693 391 728 ἁγιότητος
404 693 498 720 αὑτοῦ.
511 694 590 719 Πᾶσα
599 692 628 719 δὲ
639 692 748 719 παιδεία
759 691 828 727 πρὸς
842 692 873 718 τδ
887 690 974 726 παρὸν

181 741 211 768 οὐ
226 741 301 767 δοκεῖ
313 741 400 776 χαρᾶς
413 739 495 772 εἶναι,
513 739 582 767 ἀλλά
600 739 689 774 λύπης
703 747 710 755 ³
725 738 841 775 ὕστερον
860 738 888 765 δὲ
904 745 973 773 καρ-

182 787 233 814 πὸν
246 787 383 822 εἰρηνικὸν
392 787 447 818 τοῖς
454 787 488 817 δι’
503 786 590 821 αὐτῆς
608 795 617 811 ι

223 875 258 901 Ἢ
273 873 328 900 τῶν
343 873 522 909 χαρισμάτων
541 873 635 909 φησὶν,
655 872 672 908 ἢ
697 872 752 900 τῶν
769 871 869 908 εὐχῶν,
890 872 906 908 ἦ
920 873 975 900 τῶν
991 864 1012 892 Β

181 921 336 955 δυνάμεων.

218 976 228 992 ε
247 965 488 1001 Γεγυμνασμένοις
503 965 655 994 ἀποδίδωσι
669 966 858 1002 δικαιοσύνης.
867 965 913 992 Διδ
924 964 973 996 τὰς

182 1012 352 1047 παρειμένας
366 1013 470 1047 χεῖρας,
498 1011 547 1039 καὶ
571 1012 607 1039 τὰ
636 1012 849 1048 παραλελυμένοι
872 1011 974 1046 γόνατα

182 1057 406 1093 ὲπανορθώσατε,
437 1058 486 1085 καὶ
508 1057 622 1094 τροχιὰς
646 1058 731 1094 ὀρθὰς
764 1059 897 1093 ποιήσατε
918 1057 974 1089 τοῖς

183 1103 263 1130 ποσὶν
275 1103 362 1138 ὑμῶν,
379 1103 423 1130 ἵνα
439 1103 476 1139 μὴ
489 1103 520 1130 τὸ
535 1104 622 1139 χωλὸν
633 1105 769 1140 ἐκτραπῇ,
786 1104 846 1139 ίαθῇ
861 1103 890 1130 δὲ
907 1103 975 1138 μᾶλ-

182 1149 237 1177 λον.
251 1149 370 1185 Εἰρήνην
399 1149 512 1176 διώκετε
541 1149 612 1184 μετὰ
627 1149 748 1182 πάντων,
771 1150 820 1176 καὶ
834 1149 880 1176 τὸν
895 1149 974 1183 ἁγια-

182 1193 262 1228 σμόν,
288 1190 319 1219 οὗ
344 1194 430 1230 χωρὶς
460 1194 548 1226 οὐδεὶς
579 1194 675 1228 ὄψεται
694 1194 741 1222 τὸν
763 1194 877 1230 Κύριον.
899 1194 974 1221 Ἐπι-

183 1237 348 1270 σκοποῦντες
365 1238 403 1273 μή
432 1247 474 1271 τις
499 1238 622 1274 ὑστερῶν
647 1239 702 1266 ἀπὸ
730 1239 779 1275 τῆς
794 1240 905 1275 χάριτος
927 1238 974 1266 τοῦ

181 1283 263 1311 Θεοῦ.
281 1292 291 1309 ι

223 1329 296 1356 Ἀντὶ
316 1329 376 1362 τοῦ,
401 1331 457 1362 τοῖς
473 1330 673 1365 ἀνασχομένοις
689 1330 736 1357 ἐπὶ
754 1331 834 1364 πολὺ,
850 1331 896 1358 καὶ
910 1340 975 1366 καρ-

182 1374 336 1410 τερήσας-ι’
356 1376 406 1402 καὶ
442 1375 568 1412 εὐφήμῳ.
584 1377 697 1411 ὀνόματι
726 1377 871 1412 κέχρηται.
903 1378 974 1412 Ἄρα

182 1421 321 1456 γυμνασία
351 1422 462 1457 ἐστινὴ
493 1422 614 1454 παιδεία,
645 1422 691 1448 τὸν
713 1422 836 1458 ἀθλητὴν
864 1423 974 1458 ἰσχυρὸν

181 1466 375 1503 ἐργαζομένη,
401 1468 449 1495 καὶ
476 1467 700 1503 ἀκαταγώνιστον
724 1468 753 1495 ὲν
771 1470 828 1500 τοῖς
858 1469 973 1503 ἀγῶσιν,

181 1512 286 1548 ἄμαχον
301 1513 329 1540 ὲν
344 1514 400 1544 τοῖς
414 1512 555 1548 πολέμοις.

217 1568 226 1584 ι
242 1559 342 1594 Μῆτις
358 1559 419 1595 ῥίζα
445 1559 559 1594 πικρίας
586 1559 642 1587 ἄνω
669 1559 775 1594 φύουσα
796 1560 903 1596 ἐνοχλῇ,
926 1562 973 1588 καὶ

181 1605 225 1632 διὰ
239 1605 342 1640 ταύτης
359 1605 494 1639 μιανθῶσι
508 1604 612 1632 πολλοί.
630 1614 639 1630 ι

217 1649 309 1688 Κᾶνῇ
333 1659 376 1682 τις
390 1651 454 1686 ρίςα
478 1650 592 1684 τοιαύτη
609 1651 718 1685 γέγονε,
737 1651 814 1687 φησὶ,
838 1652 974 1688 μηδεμίαν

183 1697 300 1732 βλάστην
312 1696 381 1731 ἄφες
399 1695 545 1732 ἀναϐῆναι,
566 1696 624 1724 ἀλλ’
639 1696 767 1731 ἔκκοψον,
781 1697 826 1725 ἵνα
850 1698 888 1733 μὴ
903 1699 974 1734 φέρῃ

182 1742 318 1778 καρπούς.

220 1799 229 1815 ι
247 1789 292 1824 Μή
306 1798 348 1821 τις
361 1789 469 1825 πόρνος,
499 1789 516 1825 ἢ
545 1789 670 1824 βέϐηλος,
683 1790 721 1822 ὼς
741 1789 840 1822 Ἡσαῦ,
855 1791 885 1823 ὃς
913 1791 974 1818 ἀντὶ

183 1833 309 1870 βρώσεως
322 1834 387 1869 μιᾶς
402 1832 516 1860 ἀπέδοτο
529 1833 563 1860 τὰ
578 1833 750 1868 πρωτοτόκια
766 1833 860 1861 αὐτοῦ.
878 1843 888 1860 ι

217 1925 266 1956 Εἰς
288 1923 369 1951 τοῦτο
401 1923 489 1957 στίξαι
500 1923 541 1950 δεῖ
555 1923 624 1958 (Η),
650 1921 728 1960 ἴναῇ
750 1924 842 1951 τελεία
857 1924 972 1959 διάνοια,

182 1971 273 1998 καὶτὸ
297 1969 506 2006 ἐπιφερόμενον,
525 1970 545 2004 ἣ
562 1969 706 2004 βέϐηλος,
725 1971 767 2003 ὡς
795 1970 902 2000 Ἠσαῦ.
926 1972 974 1997 Βέ-

183 2017 264 2054 ϐηλος
277 2017 317 2050 δὲ,
325 2016 533 2052 γαστρίμαργος
547 2016 595 2044 καὶ
609 2016 741 2052 ἀκρατής.

220 2117 229 2135 ι
255 2106 325 2134 Ἰστε
347 2106 401 2142 γὰρ
427 2107 468 2133 ὅτι
491 2106 539 2133 καὶ
563 2106 712 2141 μετέπειτα
735 2105 820 2133 θέλων
841 2106 972 2141 κληρονο-

184 2153 270 2188 μῆσαι
284 2151 334 2187 τὴν
348 2151 491 2185 εὐλογίαν,
507 2150 728 2186 ἀπεδοκιμάσθη.
748 2151 902 2184 Μετανοίας
918 2152 972 2188 γὰρ

1026 240 1119 270 patres
1136 236 1248 270 quidem
1269 236 1361 262 carnis
1380 239 1483 262 nostrai
1493 235 1650 262 eruditores
1661 233 1820 263 habuimus.

1024 285 1051 308 et
1069 282 1266 309 rcverebamur
1283 289 1331 310 cos
1347 289 1354 309 :
1371 288 1427 308 non
1439 281 1525 308 multo
1545 281 1632 316 magis
1645 281 1821 315 obtempera-

1025 327 1116 355 bimus
1131 337 1141 354 ι

1060 373 1138 406 Quod
1154 373 1176 401 si
1193 380 1225 400 ea
1238 380 1300 408 qua:
1315 373 1464 408 propinqui
1485 373 1574 400 nostri
1590 372 1665 407 passi
1683 376 1756 404 sunt,
1772 378 1822 398 ne-

1024 427 1163 454 quaquam
1180 427 1230 447 nos
1247 420 1367 455 erigunt,
1386 419 1524 454 inquit,at
1541 418 1638 446 saltem
1651 425 1713 453 quae
1727 417 1821 444 Domi-

1026 474 1079 493 nus
1108 466 1254 497 sdstinuit,
1270 467 1303 493 ad
1322 466 1375 493 hoc
1397 465 1521 492 excitam
1536 469 1566 491 ut
1582 471 1632 499 pro
1647 464 1751 492 nostris
1764 463 1821 490 ani-

1024 512 1123 538 mabus
1142 511 1345 546 depugnemus.

1061 564 1070 581 ι
1091 555 1167 582 Patri
1181 556 1340 590 spirituum,
1349 559 1377 583 et
1387 554 1529 582 vivemus?
1539 558 1566 582 et
1577 554 1617 581 illi
1631 552 1742 588 quidem
1753 559 1822 587 pau-

1024 602 1066 629 cis
1081 602 1180 630 diebus
1197 601 1351 629 secundum
1377 601 1548 628 voluntatem
1564 607 1642 627 suam
1659 599 1823 626 erudiebant

1024 657 1095 682 nos;
1114 649 1159 676 hic
1184 652 1277 676 autem
1292 648 1325 676 ad
1353 648 1380 676 id
1406 647 1479 683 quod
1498 647 1564 674 utile
1588 650 1643 679 est,
1658 646 1685 673 in
1710 644 1822 680 partici-

1025 696 1116 732 pando
1146 695 1395 723 sanctiﬁcationem
1426 694 1499 729 ejus.
1519 692 1615 729 [νεεδ.
1644 691 1701 727 Η.]
1725 691 1822 719 Omnis

1026 746 1117 770 autem
1144 741 1290 776 disciplina
1308 740 1335 767 in
1354 739 1482 775 przesenti
1509 738 1621 773 quidem
1642 737 1751 764 videtur
1767 743 1822 762 non

1026 795 1088 816 esse
1103 788 1209 823 gaudii,
1224 787 1270 814 sed
1297 787 1426 813 maeroris
1448 794 1455 812 :
1475 789 1571 820 postea
1588 787 1680 811 autem
1700 782 1821 809 fructum

1025 831 1233 866 paeatissimum
1250 831 1284 859 iis
1300 831 1346 865 qni
1359 838 1407 865 per
1416 837 1476 857 eam
1501 838 1510 855 ι

1064 877 1114 905 Vel
1132 878 1268 905 donorum
1295 877 1351 910 ait,
1368 884 1417 904 seu
1436 876 1600 912 gratiarum,
1618 874 1661 901 vel
1686 872 1821 908 precatio-

1025 932 1102 956 num,
1119 924 1161 951 vel
1175 924 1320 951 virtutum.

1064 979 1073 996 ι
1095 969 1244 997 Exercitati
1260 972 1336 1002 sunt,
1358 964 1821 1002 redditjustitiaansJi-isd

1024 1014 1140 1050 Propter
1154 1015 1227 1050 quod
1242 1015 1378 1043 remissas
1395 1021 1495 1041 manus
1516 1017 1542 1040 et
1560 1013 1651 1040 soluta
1667 1019 1753 1047 genua
1769 1012 1822 1039 eri-

1025 1061 1095 1097 gite,
1110 1065 1137 1089 et
1153 1068 1265 1096 gressus
1289 1064 1380 1088 rectos
1402 1060 1486 1087 facite
1512 1058 1629 1094 pedibus
1659 1057 1776 1089 vestris,
1793 1061 1822 1084 ut

1025 1114 1081 1135 non
1098 1106 1256 1134 claudicans
1273 1106 1335 1142 quis
1354 1110 1447 1137 erret,
1463 1105 1552 1140 magis
1577 1108 1669 1131 autem
1695 1106 1821 1131 sanetur.

1024 1153 1123 1181 Pacem
1145 1153 1293 1188 sequimini
1312 1160 1375 1180 cum
1395 1151 1535 1185 omnibus,
1553 1155 1580 1178 et
1597 1149 1821 1178 sanctimoniam.

1025 1199 1086 1226 sine
1104 1205 1157 1233 qua
1178 1206 1258 1226 nemo
1274 1197 1379 1225 videbit
1414 1196 1512 1225 Deum.
1541 1195 1766 1230 Contemplanles
1789 1200 1822 1220 ne

1024 1245 1087 1279 quis
1103 1244 1174 1272 desit
1191 1243 1284 1279 gratia:
1305 1242 1363 1270 Dei.
1382 1253 1391 1268 ι

1061 1332 1114 1361 Pro
1141 1333 1236 1361 eodem
1264 1339 1295 1359 ac
1316 1332 1340 1360 si
1355 1332 1470 1363 diceret,
1487 1331 1534 1367 qui
1557 1331 1604 1359 diu
1628 1330 1823 1358 sustinuerunt

1025 1383 1053 1406 et
1067 1381 1331 1414 perseveraverunt:
1349 1377 1396 1404 ubi
1416 1384 1483 1404 voce
1499 1376 1568 1404 bene
1591 1378 1709 1403 sonante
1725 1373 1821 1400 utitur.

1011 1417 1176 1453 ‘Enimvero
1197 1424 1361 1452 exercitatio
1377 1423 1524 1458 disciplina
1543 1426 1584 1450 est
1597 1441 1604 1454 ,
1616 1429 1678 1457 qua:
1691 1420 1822 1447 athletam

1025 1473 1170 1500 robustum
1195 1471 1305 1503 reddit,
1325 1474 1352 1498 et
1371 1469 1589 1504 insuperabilem
1609 1469 1638 1496 in
1665 1466 1822 1495 certamini~

1026 1517 1088 1550 bus,
1103 1524 1134 1544 ac
1145 1517 1174 1543 in
1186 1516 1290 1552 prmliis
1306 1515 1561 1550 inexpugnabilem.

1062 1572 1072 1588 ‹
1087 1561 1125 1590 Ne
1143 1569 1197 1596 qua
1220 1561 1297 1588 radix
1317 1560 1512 1587 amaritudinis
1530 1565 1641 1587 sursum
1659 1556 1820 1593 germinans

1025 1604 1168 1640 impediat,
1186 1609 1214 1632 et
1233 1611 1282 1638 per
1303 1604 1378 1630 illam
1395 1603 1576 1639 inquinentur
1594 1600 1684 1629 multi.
1705 1611 1714 1627 ι

1061 1649 1131 1682 Etsi,
1152 1649 1253 1684 inquit,
1271 1649 1408 1684 ejusmodi
1429 1649 1505 1676 radix
1520 1648 1642 1680 exsistit,
1656 1655 1690 1674 ne
1706 1646 1821 1682 permit-

1025 1699 1067 1722 tas
1084 1695 1170 1722 ullum
1188 1703 1299 1730 germen
1316 1702 1468 1730 exsurgere
1484 1704 1492 1729 ;
1515 1695 1563 1723 sed
1583 1698 1694 1730 amputa
1718 1693 1821 1724 statim,

1025 1748 1060 1768 ne
1075 1739 1180 1768 fructus
1197 1740 1332 1775 proferat.

1061 1786 1144 1814 Vens.
1161 1786 1206 1814 i6.
1231 1795 1240 1812 ι
1267 1787 1307 1814 Ne
1322 1787 1385 1822 quis
1411 1786 1588 1817 fornicator,
1605 1788 1652 1811 aut
1676 1783 1822 1818 profanus,

1025 1837 1056 1860 ut
1071 1833 1154 1865 Esau,
1171 1833 1218 1868 qui
1233 1838 1344 1868 propter
1361 1840 1444 1861 unam
1466 1839 1558 1861 escam
1581 1830 1706 1859 vendidit
1724 1829 1821 1865 primi-

1024 1879 1080 1906 tiva
1103 1886 1162 1906 sua.
1178 1889 1188 1905 ι

1059 1924 1110 1951 Hic
1125 1929 1234 1960 oportet
1249 1924 1462 1960 interpungere.
1482 1928 1512 1952 ut
1529 1924 1566 1952 sit
1583 1923 1664 1959 255
1682 1922 1821 1958 perfectus

1024 1978 1137 2002 sensus,
1154 1976 1236 2006 atque
1255 1971 1450 2006 subiungitur,
1472 1975 1520 1997 aut
1534 1971 1676 2004 profanus,
1693 1974 1721 1996 ut
1734 1968 1820 1996 Em.

1024 2017 1119 2052 Atqui'
1138 2018 1273 2053 profanus
1301 2017 1374 2050 fuit,
1392 2018 1458 2052 quia
1484 2017 1599 2053 gulosus
1628 2020 1655 2044 et
1684 2016 1820 2050 intempe-

1024 2069 1101 2090 rans.

1060 2108 1144 2137 Vens.
1171 2109 1215 2136 Π.
1235 2118 1245 2134 ι
1271 2108 1376 2138 Scitote
1398 2110 1472 2137 enim
1505 2109 1641 2146 quoniam
1669 2113 1696 2138 et
1724 2114 1820 2145 postea

1025 2155 1142 2190 cupiens
1181 2155 1348 2184 hmreditare
1390 2156 1626 2189 benedictionem,
1653 2156 1821 2192 reprobatus

181 2198 265 2225 τόπον
280 2198 331 2234 οὐχ
344 2194 438 2233 εὗρεν,
460 2196 561 2232 καίπερ
584 2197 653 2232 μετὰ
668 2197 795 2233 δακρύων
819 2198 972 2234 ἐκζητήσας

1024 2206 1077 2230 est.
1093 2202 1154 2230 Non
1180 2203 1254 2229 enim
1283 2202 1390 2230 invenit
1415 2203 1589 2238 poenitentia:
1614 2204 1717 2237 locum,
1733 2210 1821 2239 quan-

181 2243 277 2279 αὑτήν,
297 2253 307 2269 ι

218 2289 257 2316 Δι’
273 2288 428 2324 ὑπερϐατοῦ
447 2289 567 2317 δνταῦθα
581 2289 595 2316 ό
614 2289 686 2321 νοῦς.
708 2289 754 2325 Τῷ
771 2290 863 2318 τοίνυν
879 2291 975 2319 θέλων

182 2335 410 2370 κληρονομῆσαι
424 2335 482 2369 τὴν
495 2335 690 2369 ἐπαγγελίαν,
713 2335 833 2370 σύναψον
844 2336 885 2368 τὸ,
900 2336 976 2370 μετὰ

181 2381 319 2414 δακρύων
332 2380 431 2415 αὐτὴν
449 2380 633 2415 ἐκζητήσας,
648 2381 692 2408 ἵνα
708 2379 725 2416 ᾖ
741 2381 846 2408 διάνοια
860 2383 877 2417 ὴ
892 2382 974 2419 αὕτη.

182 2425 329 2461 Βουληθεὶς
357 2426 563 2462 κληρονομῆσαι
596 2427 645 2456 καὶ
675 2426 756 2458 αὐτὸς
785 2427 972 2462 ἐπαγγελίαν,

185 2471 261 2506 φησὶ,
277 2472 324 2498 καὶ
342 2471 412 2507 μετὰ
426 2471 553 2508 δακρύων
571 2473 657 2509 αὐτὴν
682 2473 784 2509 ταύτην
806 2474 975 2510 ἐπαγγελίαν

1025 2256 1107 2284 quam
1123 2256 1186 2276 cum
1201 2249 1334 2284 lacrymis
1351 2249 1516 2285 inquisissct
1529 2257 1600 2278 eam.
1619 2259 1629 2276 ι

1059 2293 1118 2321 Hoc
1134 2295 1160 2322 in
1179 2295 1241 2322 loco
1265 2295 1419 2331 hyperbato
1430 2296 1528 2323 utitur.
1548 2295 1719 2332 Huicitaque
1733 2303 1821 2323 ment-

1025 2340 1087 2372 bro,
1102 2341 1210 2374 cupiens
1226 2340 1388 2368 hareditare
1403 2341 1626 2375 benedictionem,
1643 2342 1710 2370 illud
1723 2342 1820 2377 junge,

1024 2393 1085 2412 cum
1103 2385 1230 2421 lacryntis
1254 2386 1390 2421 inquirens
1415 2395 1497 2419 eam;
1521 2392 1551 2414 ut
1574 2387 1619 2414 hic
1642 2388 1679 2415 sit
1701 2395 1819 2416 sensus:

1027 2431 1096 2459 Cum
1113 2436 1140 2460 et
1165 2433 1225 2467 ipse
1249 2432 1412 2461 haereditate
1432 2434 1561 2461 obtinere
1574 2435 1820 2469 repromissionem

1028 2482 1153 2514 cuperet,
1175 2478 1360 2514 eamdemque
1382 2479 1595 2514 promissionem
1613 2487 1678 2508 cum
1692 2481 1820 2517 lacrymis

943 2567 1060 2599 NOTAE.

221 2631 277 2673 (ll)
295 2630 348 2673 E_tc
366 2631 454 2673 τοῦτο
480 2633 582 2673 crisat
600 2634 656 2673 δεῖ.
668 2633 727 2673 _H_i_c
750 2635 829 2665 locus
844 2637 973 2666 nonnihil

185 2668 270 2707 habet
293 2667 472 2707 obscuritatis
484 2688 493 2700 ,
507 2672 582 2696 textu
596 2688 603 2701 ,
617 2671 647 2707 ni
665 2669 756 2704 fallor,
773 2672 920 2700 oscitantia
937 2673 973 2700 li-

186 2702 272 2744 brarii
299 2701 405 2744 vitiato.
418 2701 593 2744 Quapropter
618 2701 808 2744 Chrlsost'orqi
836 2707 973 2744 interpre-

186 2738 315 2778 tationem
327 2737 404 2778 juvat
417 2737 461 2777 hic
481 2737 618 2778 subjicere
634 2748 641 2766 :
675 2737 744 2778 Kal”
752 2741 803 2768 ποῦ
823 2737 927 2778 suam;
937 2741 972 2778 ἦν

185 2772 302 2812 όλιισίιῦ
316 2771 368 2812 ;'_o_{t_
383 2771 468 2812 τοῦτο
489 2771 605 2812 ἐνταῦθα
621 2783 718 2812 φησιν,
732 2776 773 2802 ὅτι
794 2771 892 2811 πόρνος
907 2771 973 2812 ἧνίό

189 2806 278 2843 ⁸ίίσαῦ
289 2828 297 2839 ,
311 2807 394 2843 νὰλλὰ
407 2807 487 2843 πρὸς
507 2806 715 2843 ὰντιδιασήτολὴνν
731 2814 818 2838 κεῖται
831 2806 895 2843 τοῦ,
917 2806 973 2839 Τὸν

189 2841 338 2879 ἁτιασμὸν
365 2841 494 2871 διώκετε.
514 2843 551 2870 Τὸ
564 2843 603 2877 δὲ,
620 2841 749 2881 βέϐηλος,
765 2847 802 2878 ὡς
819 2841 973 2883 πρὸςὲκεί-

1022 2648 1068 2667 νον
1094 2640 1386 2677 εἰρηταιυίινυὴὶηοιι]
1408 2642 1481 2669 enim
1511 2641 1591 2677 iEsau
1623 2641 1709 2670 fuisse
1739 2649 1820 2671 scor-

1021 2679 1096 2703 tator
1124 2676 1237 2704 fertur?
1257 2676 1317 2704 Non
1343 2676 1396 2704 hoc
1426 2677 1484 2709 ait,
1510 2676 1583 2705 Esau
1614 2677 1812 2706 fornicatorem

1022 2710 1120 2745 fuisse,
1139 2713 1186 2740 sed
1201 2719 1296 2740 vocem
1310 2712 1382 2739 hanc
1394 2719 1442 2747 per
1466 2713 1669 2747 oppositionem
1690 2712 1818 2741 adhibuit

1022 2752 1135 2782 propter
1150 2748 1209 2775 haec
1226 2747 1278 2774 alia
1302 2747 1385 2775 verba
1399 2756 1406 2775 :
1420 2747 1569 2782 Sequimini
1597 2747 1816 2777 sanctimoniam.

1021 2782 1263 2820 Czcterumﬂquod,
1286 2782 1418 2820 profanus
1430 2802 1438 2815 ,
1454 2783 1584 2820 additur,
1602 2783 1636 2810 ad
1660 2783 1727 2810 illud
1754 2791 1817 2820 spe-

1021 2822 1075 2844 ctat
1094 2826 1101 2845 :
1118 2817 1212 2846 nullus
1232 2817 1298 2854 ergo
1315 2818 1447 2854 profanus
1466 2818 1536 2847 sicut
1553 2818 1636 2852 Esau,
1654 2827 1664 2844 ι
1684 2823 1736 2847 etc.
