2077 3114
170 132 225 165 993

750 125 792 155 IN
812 124 931 154 EPIST.
951 124 1002 154 AD
1019 123 1217 155 HEBRIEOS.

1755 128 1810 162 994

208 195 219 213 ‹
242 184 303 212 Τῶν
319 180 510 217 σαλευομένων
529 179 579 216 τὴν
601 179 765 215 μετάθεσιν,
785 178 824 210 ὡς
845 187 962 214 πεποιη-

1052 187 1061 204 ι
1083 178 1226 206 Mobiiium
1250 179 1473 213 translationem,
1494 184 1626 217 tanquam
1658 182 1810 218 factorum,

172 233 276 269 μένων,
289 230 333 257 ίνα
351 228 431 264 μείνῃ
450 227 484 254 τὰ
502 227 540 262 μὴ
556 225 726 260 σαλευόμενα
737 233 744 240 ·
760 225 800 252 διὸ
821 224 962 260 βασιλείαν

171 277 321 307 ἀσάλευτον
338 274 448 310 παραλα
453 272 613 308 μϐἁνοντες,
636 279 648 298 ι

206 323 292 350 Τοῦτό
304 329 397 357 φησιν,
415 319 458 346 ὅτι
471 317 663 354 μετατέθεικεν
671 316 717 344 τὸν
733 316 815 352 νόμον
831 316 870 348 εἰς
884 315 962 343 πολι-

171 368 244 396 τείαν
262 365 462 402 πνευματικήν.

212 425 220 441 ι
237 414 358 450 Ἔχομεν
372 412 463 447 χάριν,
479 410 512 438 δι’
523 417 556 446 ης
565 409 735 445 λατρεὺομεν
754 408 912 444 εὐαρέστως
924 407 963 443 τῷ

172 460 233 496 Θεῷ
252 459 322 494 μετὰ
347 457 437 489 αἰδοῦς
455 457 502 483 καὶ¹
528 454 681 486 εὐλαϐείας.
708 453 763 481 Καὶ
780 453 834 489 γὰρ
856 453 872 480 ό
896 453 964 486 Θεὸς

173 506 253 543 ὴμῶν
269 505 326 540 πῦρ
339 502 548 531 καταναλίσκον.
569 510 578 527 ι

468 546 594 574 ΚΕΦᾹΔ.
614 546 664 573 II".

212 604 222 621 ι
246 594 279 621 Ἦ
295 593 456 629 φιλαδελφία
472 591 586 628 μενέτω.
605 601 614 618 ι

212 641 400 676 Εὐχαρίστως,
419 639 497 674 φησὶ,
511 637 700 674 λατρεύωμεν,
717 637 755 673 μὴ
772 636 842 672 μετὰ
861 645 964 672 γογγυ-

175 686 252 722 σμῶν
262 708 269 718 ,
286 686 354 721 μηδὲ
370 684 576 716 ἁποκακοῦντες
592 685 621 711 ὲν
638 686 698 716 ταῖς
715 684 848 719 θλίψεσιν.

213 742 223 758 ι
246 732 304 767 Τῆς
330 730 486 766 φιλοξενίας
512 730 550 767 μὴ
572 730 805 759 ἐπιλανθάνεσθε·
831 731 876 759 διὰ
897 731 965 758 ταῦο

173 787 225 814 της
244 777 299 812 γὰρ
320 786 329 802 ι

211 823 269 850 Οὐκ
286 821 365 856 εἷπε,
390 822 552 857 ξενοδοχίας,
572 823 641 850 ἀλλὰ
666 823 859 858 φιλοξενίας·
887 833 964 852 τουτ-

1016 228 1046 251 ut
1062 229 1192 252 maneant
1206 231 1239 252 ea
1253 232 1314 260 quae
1325 230 1390 253 sunt
1402 226 1564 255 immobilia.
1580 227 1677 264 [Vens.
1688 231 1736 264 28,
1748 231 1809 270 29.]

1015 269 1111 305 Itaque
1119 277 1234 306 regnum
1248 271 1390 299 immobile
1403 273 1602 308 suscipientes,
1621 284 1630 302 ι

1052 314 1091 341 lta
1121 315 1252 350 loquitur,
1273 323 1306 342 eo
1326 316 1400 351 quod
1422 320 1648 347 transmutaverit
1672 320 1759 356 legem
1782 323 1809 350 in

1016 360 1189 396 spiritualem
1205 361 1304 396 agendi
1321 361 1472 390 rationem.

1055 415 1064 431 ι
1085 404 1226 434 Habemus
1255 405 1383 441 gratiam,
1412 414 1462 442 per
1489 415 1572 442 quam
1601 411 1735 440 servimus
1751 412 1810 447 pla-

1016 454 1110 479 centes
1128 451 1185 479 Deo
1209 459 1272 478 cum
1299 456 1374 479 metu
1403 457 1430 480 et
1457 455 1622 483 reverentia.
1652 456 1720 484 Nam
1738 457 1810 486 Deus

1017 501 1114 525 noster
1132 497 1204 533 ignis
1219 504 1387 525 consumens
1402 503 1457 526 est.
1479 508 1490 525 ι

1329 543 1407 571 CAP.
1423 544 1493 572 Xlll.

1052 589 1137 617 Vsus.
1155 589 1180 617 Ι.
1197 599 1206 616 ι
1221 589 1350 618 Charitas
1365 590 1553 620 fraternitatis
1568 598 1689 623 maneat.
1709 604 1719 621 ι

1054 635 1139 663 Grato
1164 636 1259 663 animo
1285 636 1451 669 serviamus,
1473 637 1575 673 inquit,
1604 647 1659 667 non
1686 648 1812 669 murmu-

1018 681 1115 714 rando,
1136 688 1188 709 nec
1209 681 1361 710 deﬁciendo
1380 682 1408 709 in
1424 683 1630 713 alﬁictionibus.

1053 726 1138 755 Vsus.
1166 727 1195 755 2.
1225 736 1235 753 ι
1252 726 1476 763 Hospitalitatem
1503 730 1590 759 nolite
1614 731 1811 762 oblivisci.Per

1018 774 1089 802 hanc
1102 775 1187 807 enim,
1204 783 1214 800 ι

1050 819 1112 847 Non
1145 819 1226 853 dixit,
1253 820 1460 857 susceptionem
1494 822 1716 858 peregrinorum,
1750 823 1810 857 sed,

177 867 252 895 ἐστιν
262 889 270 901 ,
284 868 331 904 Μὴ
349 867 443 900 ἁπλῶς
459 868 633 905 ξενοδοχεῖτε,
643 869 711 896 ἀλλὰ
727 868 797 904 μετὰ
811 869 859 896 τοῦ
881 869 968 904 φιλεῖν

1019 875 1178 902 propensam
1204 866 1431 902 hospitalitatem:
1456 868 1510 896 hoc
1529 873 1582 903 est,
1595 876 1650 896 non
1675 869 1812 904 simplici—

175 913 240 945 τοὺς
256 913 358 946 ξένους.

215 1012 224 1029 ι
258 1003 375 1031 Ἔλαθόν
401 1012 473 1037 τινες
502 1003 656 1037 ξενίσαντες
682 1005 828 1040 ἀγγέλους.
857 1005 968 1041 Μιμνή-

177 1049 276 1077 σκεσθε
295 1049 350 1077 τῶν
368 1050 504 1086 δεσμίων,
531 1051 569 1084 ὠς
585 1051 792 1087 συνδεδεμένοι,
807 1050 863 1080 τῶν
883 1060 969 1080 κακο⁶

177 1096 316 1132 χουμένων
326 1116 334 1130 ,
349 1097 388 1129 ὡς
399 1097 448 1124 καὶ
460 1097 538 1125 αὐτοὶ
552 1097 629 1130 ὄντες
643 1099 673 1125 ὲν
688 1098 806 1134 σώματι.
827 1107 838 1126 ι

212 1184 262 1211 Διὰ
277 1184 332 1221 γὰρ
351 1184 431 1212 τοῦτο
450 1186 465 1212 ὁ
485 1185 580 1221 μισθδς
597 1186 636 1222 τῷ
654 1186 781 1222 ’Δϐραὰμ
795 1186 901 1214 δέδοται
920 1187 970 1222 μέ-

176 1239 239 1266 γας,
256 1231 297 1258 ὅτι
318 1232 355 1268 μὴ
372 1231 450 1264 εἰδὼς
472 1232 605 1267 ἀγγέλους
624 1232 724 1264 αὐτοὺς
739 1232 819 1266 ὄντας
834 1233 964 1266 ἐξένισεν.

183 1278 295 1314 Ἐπειδὴ
309 1280 333 1306 εί
354 1279 412 1315 ᾔδει
424 1298 432 1312 ,
447 1279 524 1306 οὐδὲν
539 1279 708 1315 θαυμαστόν.
731 1279 919 1307 ’Δποτείνεται
938 1279 968 1307 δι

177 1325 226 1352 καὶ
242 1325 282 1357 είς
295 1325 342 1352 τὸν
358 1324 431 1352 Λώτ.

212 1371 310 1406 Τίμιος
330 1371 345 1397 ὁ
361 1371 451 1405 γάμος
473 1370 503 1397 ὲν
523 1370 602 1401 πᾶσι,
619 1370 667 1397 καὶ
690 1371 708 1405 ἠ
724 1370 802 1406 κοίτη
823 1370 966 1406 ἀμίαντος.

178 1416 297 1451 Πόρνους
311 1416 341 1443 δὲ
357 1417 404 1444 καὶ
418 1415 529 1452 μοιχοὺς
542 1417 655 1451 κρινεῖό
671 1415 748 1448 Θεός.
767 1416 968 1452 1Δφιλιίιργυρος

177 1461 192 1488 ϐ
214 1461 333 1497 τρόπος,
356 1460 523 1497 ἀρκούμενοι
544 1462 600 1493 τοῖς
627 1461 780 1496 παροῦσιν·
806 1461 887 1493 αὐτὸς
912 1460 968 1497 γὰρ

178 1507 289 1544 εἴρηκεν
300 1515 307 1522 ·
321 1507 358 1533 Οὐ
375 1507 412 1542 μή
428 1515 457 1534 σε
471 1506 539 1540 ἀνῶ,
556 1506 610 1533 οὐδ’
625 1507 656 1534 οὐ
673 1507 712 1543 μή
729 1515 760 1534 σε
774 1506 967 1542 ὶγκαταλίπωη

1019 917 1061 940 ter
1088 913 1208 949 excipite
1239 914 1413 949 peregrinos,
1441 915 1491 943 sed
1523 923 1586 943 cum
1613 915 1763 944 dilcctione
1785 919 1813 944 et

1018 958 1167 987 charitate.

1059 1014 1069 1031 ι
1092 1005 1247 1033 Latuerunt
1267 1005 1392 1041 quidam,
1415 1006 1522 1041 angelis
1536 1006 1659 1042 hospitio
1682 1007 1812 1042 receptis.

1019 1050 1115 1088 [Vens
1139 1051 1179 1088 5.]
1205 1051 1372 1080 Mementote
1388 1052 1557 1086 vinctorum,
1581 1057 1712 1088 tanquam
1728 1053 1812 1081 simul

1018 1097 1121 1131 vincti;
1149 1097 1346 1131 laborantium,
1372 1103 1502 1134 tanquam
1528 1103 1556 1126 et
1570 1099 1624 1135 ipsi
1646 1099 1675 1127 in
1692 1106 1812 1134 corpore

1018 1147 1170 1171 morantes.
1188 1152 1198 1169 ι

1054 1188 1164 1216 ldcirco
1189 1195 1288 1224 magna
1311 1196 1418 1217 merces
1438 1189 1501 1217 data
1519 1194 1563 1218 est
1577 1189 1730 1223 Abraham,
1745 1190 1812 1226 quia

1018 1240 1089 1269 quos
1101 1233 1246 1261 nesciebat
1259 1234 1372 1269 angelos
1393 1242 1464 1266 esse.
1483 1234 1534 1262 hos
1548 1236 1660 1270 excepit
1675 1235 1810 1270 hospitio.

1017 1277 1086 1305 Nam
1099 1278 1123 1306 si
1139 1278 1283 1311 rescisset,
1303 1278 1372 1306 nihil
1392 1279 1578 1317 admiratione
1594 1280 1707 1316 dignum
1731 1281 1812 1308 foret.

1018 1323 1077 1352 Hoc
1095 1325 1177 1352 etiam
1194 1324 1228 1352 ad
1244 1324 1295 1352 Lot
1313 1329 1430 1361 spectat.

1053 1369 1140 1398 Vens.
1157 1369 1217 1397 4ο7.
1234 1379 1244 1396 ι
1262 1370 1430 1398 Houorabile
1445 1370 1616 1399 connubium
1630 1371 1659 1399 in
1670 1371 1810 1406 omnibus,

1021 1418 1049 1443 ct
1065 1418 1145 1443 torus
1159 1415 1573 1445 immaculatus.Fornicatores
1600 1417 1673 1445 enim
1690 1421 1717 1445 ct
1731 1418 1810 1445 adul-

1020 1465 1096 1489 teros
1113 1461 1250 1496 iudicabit
1280 1461 1363 1491 Deus.
1390 1461 1454 1490 Sint
1476 1470 1568 1491 mores
1591 1464 1653 1491 sine
1681 1464 1810 1497 avaritia,

1019 1506 1142 1534 contenti
1172 1507 1375 1542 praesentibus;
1402 1508 1463 1544 ipse
1489 1508 1562 1536 enim
1585 1509 1680 1537 dixit:
1707 1509 1768 1536 Non
1785 1513 1812 1538 te

178 1541 249 1580 se.
265 1541 434 1590 θαρροῦντας
445 1553 520 1589 ἡμᾶς
535 1553 637 1588 λέγειν,
655 1541 758 1589 Κύριος
775 1541 837 1590 ἐμοὶ
857 1552 966 1588 βοηθὸς,

1021 1550 1158 1583 deseram,
1173 1541 1276 1586 ineque
1299 1541 1508 1588 derelinquam;
1535 1553 1573 1580 ita
1590 1558 1622 1581 ut
1642 1554 1814 1582 conﬁdenter

178 1600 228 1627 καὶ
254 1599 284 1626 οὑ
314 1599 523 1635 φοϐηθήσομαι,
548 1599 576 1626 τί
601 1599 713 1634 ποιήσει
742 1607 789 1635 μοι
813 1598 968 1634 ἄνθρωπος.

178 1645 372 1681 Μνημονεύετε
390 1646 446 1673 τῶν
461 1646 625 1682 ἡγουμένων
645 1645 737 1681 ὑμῶν,
752 1645 852 1678 οῐτινες
871 1645 969 1681 ἐλάλη-

180 1699 230 1718 σαν
244 1691 308 1726 ὑμῖν
324 1691 373 1719 τὸν
385 1691 464 1726 λόγον
481 1691 528 1718 τοῦ
546 1691 624 1718 Θεοῦ.

214 1736 350 1770 Γενέσθω,
363 1737 442 1772 φησὶ,
453 1737 554 1772 τίμιος,
570 1738 618 1764 καὶ
634 1737 672 1773 μὴ
685 1736 841 1772 μολυνέσθω
854 1737 888 1772 τῇ
902 1735 970 1771 πρὸς

179 1783 277 1820 ἑτέραν
292 1783 430 1819 κοινωνίᾳ.

218 1838 228 1855 ι
250 1826 301 1855 Ὧν
328 1829 548 1864 ἀναθεωροῦντες
574 1828 624 1864 τὴν
642 1828 756 1856 ἔκϐασιν
782 1828 968 1864 ἀναστροφῆς,

182 1875 309 1911 μιμεῖσθε
323 1875 372 1911 τὴν
383 1875 485 1903 πίστιν.
508 1874 611 1910 Ἰησοῦς
628 1875 746 1910 Χριστὸς
761 1874 835 1910 χθὲς,
857 1875 904 1901 καὶ
919 1874 970 1909 σή-

181 1929 265 1957 μερον
278 1922 293 1948 ὁ
305 1921 396 1954 αὐτὸς,
412 1921 460 1948 καὶ
471 1921 512 1953 είς
525 1921 589 1953 τοὺς
605 1921 716 1953 αίῶνας.
731 1921 860 1957 Διδαχαϊς
877 1920 970 1948 ποικί-

180 1967 240 1999 λαις
251 1967 298 1994 καὶ
314 1967 404 2000 ξέναις
419 1967 456 2003 μὴ
469 1966 673 2003 παραφέρεσθε.
689 1967 779 1994 Καλὸν
793 1967 849 2002 γὰρ
871 1976 881 1993 ι

214 2013 386 2048 Θεωροῦντες
407 2013 497 2040 αὐτῶν
516 2013 562 2040 τὸν
587 2012 661 2048 βίον,
680 2013 728 2039 καὶ
740 2012 790 2048 τὴν
811 2011 969 2044 πολιτείαν,

181 2059 258 2095 φησὶ,
276 2058 402 2094 μιμεῖσθε
417 2058 467 2094 τὴν
486 2060 586 2086 πίστιν.
608 2058 641 2086 Τί
656 2059 714 2085 ἐστι
730 2057 969 2094 ἁναθεωροῦντεςς

182 2104 302 2140 συνεχῶς
322 2103 486 2140 στρέφοντες
504 2104 533 2131 ὲν
550 2105 674 2138 ἑαυτοῖς,
688 2103 878 2138 ἐξετάζοντες,
893 2103 970 2138 λογι-

181 2151 305 2186 ζόμενοι,
320 2151 538 2187 ἀναζητοῦντες,
560 2151 683 2187 ἀκριϐῶς
700 2151 905 2184 βασανίζοντες,
928 2151 970 2178 δτι

181 2196 257 2229 τέλος
271 2198 390 2233 χρηστὸν
404 2197 495 2224 αὐτῶν
509 2196 567 2232 ἔχει
579 2197 597 2231 ὴ
611 2197 781 2233 ἀναστροφή.

221 2250 230 2267 ι
251 2241 349 2277 Χάριτι
364 2241 538 2277 βεϐαιοῦσθαι
552 2241 602 2278 τὴν
617 2241 742 2278 καρδίαν,
763 2250 773 2268 ι

223 2287 296 2315 Ἀντὶ
308 2287 356 2315 τοῦ
370 2287 471 2315 πίστει.

219 2342 228 2360 ι
249 2334 287 2361 Οὐ
305 2334 465 2370 βρώμασιν,
483 2335 512 2361 ὲν
530 2332 572 2367 οἷς
587 2333 638 2361 οὐκ
657 2333 836 2370 ὠφελήθησαν
850 2334 876 2362 σί
892 2343 972 2371 περι-

182 2380 364 2416 πατήσαντες.
390 2380 508 2416 Ἔχομεν
530 2380 742 2416 θυσιαστήριον,
764 2380 794 2414 ἐξ
817 2376 848 2407 οὗ
874 2381 973 2416 φαγεῖν

182 2426 232 2453 οὐκ
246 2426 352 2462 ἔχουσιν
362 2427 387 2453 at
400 2428 433 2462 τῇ
450 2428 536 2462 σκηνῇ
547 2426 737 2462 λατρεύοντες.
749 2422 800 2454 Ὧν
808 2427 862 2463 γὰρ
877 2426 972 2462 εἰσφέ-

184 2479 261 2507 ρεται
274 2471 351 2503 ζώων
368 2472 398 2498 τὸ
411 2469 482 2507 αἷμα
500 2473 565 2508 περὶ
580 2472 720 2508 ἁμαρτίας
734 2473 776 2504 εἰς
791 2473 825 2500 τὰ
844 2473 911 2508 ἅγια
929 2472 974 2500 διὰ

183 2517 231 2544 τοῦ
246 2517 408 2553 ἀρχιερέως,
423 2518 525 2546 τούτων
540 2521 576 2546 τὰ
592 2519 709 2555 σώματα
726 2520 908 2547 κατακαίεται
920 2519 974 2554 ἔξω

183 2565 232 2600 τῆς
249 2565 436 2600 παρεμϐολῆς.
457 2567 503 2593 Διὸ
525 2567 572 2594 καὶ
603 2567 723 2603 Ἰησοῦς,
740 2567 784 2596 ῖνα
809 2567 911 2604 ἁγιάσῃ
928 2566 974 2594 διὰ

183 2609 232 2637 τοῦ
249 2610 314 2637 ἰδίου
328 2610 443 2646 αἵματος
458 2611 504 2638 τδν
519 2611 592 2647 λαὸν,
612 2621 623 2638 ι

226 2698 334 2735 Ἠρέμα
350 2698 498 2725 αἰνίττεται
511 2699 573 2730 τοὺς
585 2699 634 2735 τὴν
647 2699 813 2736 παραίτησιν
831 2701 885 2730 τῶν
903 2702 975 2738 βρω-

187 2744 281 2780 μάτων
292 2745 462 2779 εἰσάγοντας.

224 2799 235 2817 ι
254 2790 327 2823 Ἐξω
337 2791 386 2826 τῆς
399 2790 487 2826 πύλης
498 2789 608 2818 ἔπαθεν.
616 2791 712 2818 Τοίνυν
723 2791 898 2828 ἐξερχώμεθα
907 2794 975 2830 πρὸς

188 2835 269 2864 αὐτὸν
288 2836 340 2870 ἔξω
361 2836 411 2873 τῆς
436 2835 626 2873 παρεμϐολῆς,
649 2836 696 2866 τὸν
718 2837 871 2883 ὀνειδισμὸν
892 2839 979 2882 αυτοῦ.

1019 1596 1166 1624 dicamus:
1192 1596 1328 1626 Dominus
1356 1597 1424 1625 mihi
1448 1598 1560 1633 adjutor
1583 1596 1594 1626 Ξ
1626 1606 1681 1626 non
1710 1599 1813 1627 timebo

1019 1643 1088 1679 quid
1111 1643 1197 1671 faciat
1210 1644 1279 1671 mihi
1295 1644 1390 1672 homo.
1406 1644 1573 1673 Mementote
1602 1646 1812 1681 praepositorum

1020 1692 1187 1722 vestrorum,
1202 1689 1250 1724 qui
1266 1689 1347 1717 vobis
1362 1690 1446 1718 locuti
1462 1695 1529 1719 sunt
1542 1691 1657 1719 verbum
1672 1690 1731 1719 Dei.
1751 1699 1762 1717 ι

1053 1734 1107 1762 Per
1126 1735 1221 1762 omnia
1236 1734 1272 1763 sit
1288 1743 1351 1763 cum
1377 1736 1481 1764 decore
1512 1740 1540 1764 et
1561 1737 1679 1771 honore,
1696 1744 1749 1765 nec
1767 1737 1812 1765 in-

1020 1781 1151 1817 quinetur
1165 1783 1306 1810 consortio
1321 1789 1384 1810 cum
1403 1786 1547 1811 extranea.

1059 1835 1069 1853 ι
1085 1826 1207 1860 Quorum
1227 1827 1437 1856 considerantes
1451 1828 1557 1856 exitum
1576 1828 1812 1863 conversationis,

1021 1871 1167 1899 imitamini
1183 1871 1274 1900 ﬁdem.
1292 1871 1389 1909 [Vnum
1403 1872 1430 1905 8.
1445 1873 1486 1910 9.]
1500 1873 1582 1902 Jesus
1597 1873 1726 1902 Christus
1737 1873 1811 1907 heri,

1020 1922 1048 1947 et
1068 1919 1149 1947 hodie
1162 1919 1234 1955 ipse,
1252 1923 1280 1948 ct
1293 1920 1321 1947 in
1335 1921 1448 1948 saecula.
1469 1921 1611 1950 Doctrinis
1625 1922 1708 1949 variis
1723 1925 1750 1950 et
1765 1929 1814 1958 pc-

1021 1965 1141 2000 regrinis
1157 1965 1244 1993 nolite
1260 1965 1372 1993 abduci.
1386 1966 1523 2001 Optimum
1539 1971 1583 1994 est
1597 1967 1670 1995 enim
1684 1976 1693 1993 ι

1056 2009 1286 2043 Considerantes,
1313 2011 1415 2046 inquit,
1439 2011 1524 2039 vitam
1547 2020 1643 2040 eorum
1657 2017 1685 2040 et
1700 2019 1814 2040 conver-

1021 2055 1169 2090 sationem,
1196 2057 1345 2084 imitamini
1373 2058 1466 2086 ﬁdem.
1493 2058 1565 2091 Quid
1585 2058 1815 2086 considerantes?

1022 2101 1212 2130 indesinenter
1241 2102 1270 2129 in
1303 2103 1384 2131 vobis
1411 2104 1813 2139 versantes,.investigantcs.

1022 2151 1196 2183 reputantes,
1220 2147 1406 2183 inquirentes,
1435 2148 1583 2184 diligenter
1611 2150 1813 2184 expendentes,

985 2193 1153 2238 “quoniam
1173 2201 1268 2222 eorum
1285 2195 1460 2223 conversatio
1481 2194 1603 2224 faustum
1619 2195 1702 2224 ﬁnem
1718 2195 1811 2224 habet.

1061 2249 1072 2266 ι
1086 2239 1182 2267 Gratia
1197 2240 1326 2268 stabilire
1343 2248 1402 2275 cor,
1422 2250 1432 2268 ι

1059 2286 1124 2314 Sive
1140 2286 1202 2315 ﬁde.

1062 2341 1072 2359 ι
1089 2331 1150 2360 Non
1165 2332 1251 2366 escis,
1266 2340 1327 2368 quae
1348 2340 1403 2360 non
1423 2332 1591 2369 profuerunt
1607 2333 1814 2361 ambulantibus

1024 2378 1052 2407 in
1061 2379 1112 2407 eis.
1126 2377 1222 2415 [Vnum
1235 2377 1342 2416 10-12.]
1358 2378 1497 2407 Habemus
1507 2379 1604 2411 altare,
1622 2378 1656 2406 de
1671 2385 1726 2414 quo
1733 2380 1814 2406 edere

1024 2432 1079 2452 non
1091 2424 1194 2453 habent
1208 2428 1371 2460 potestatem
1389 2424 1437 2460 qui
1447 2425 1624 2453 tabernaculo
1644 2424 1812 2452 deserviunt.

1024 2470 1149 2504 Quorum
1175 2470 1250 2498 enim
1281 2470 1445 2498 animalium
1477 2469 1595 2498 infertur
1620 2470 1737 2504 sanguis
1764 2475 1815 2504 pro

1024 2521 1139 2552 peccato
1157 2517 1184 2544 in
1201 2516 1304 2545 Sancta
1330 2520 1490 2545 sanctorum
1509 2523 1558 2552 per
1578 2515 1748 2551 pontiﬁcem,
1765 2514 1815 2542 ho-

1024 2570 1086 2591 rum
1115 2569 1233 2598 corpora
1266 2567 1426 2591 cremantur
1459 2566 1538 2590 extra
1569 2565 1671 2588 castra.
1701 2561 1816 2596 Propter

1024 2607 1099 2644 quod
1116 2611 1142 2636 et
1159 2607 1252 2642 Jesus,
1272 2612 1302 2636 ut
1328 2607 1517 2637 sanctiﬁcaret
1539 2615 1587 2644 per
1605 2614 1686 2635 suum
1702 2606 1815 2642 sangui-

1025 2664 1088 2685 nem
1104 2656 1246 2692 populum,
1263 2665 1273 2683 ι

1063 2702 1129 2730 illos
1144 2702 1227 2730 tacite
1244 2702 1339 2730 innuit
1357 2702 1406 2739 qui
1431 2702 1556 2732 ciborum
1575 2702 1762 2731 exclusionem
1778 2700 1817 2727 in-

1026 2749 1222 2778 troducebant.
1323 2766 1335 2770 -

1061 2796 1143 2832 257
1157 2806 1167 2824 ‹
1186 2796 1270 2825 Extra
1286 2801 1393 2834 portam
1408 2805 1508 2834 passus
1526 2802 1580 2826 est.
1597 2796 1693 2834 [νεεδ.
1707 2793 1815 2830 1546.]

1026 2841 1164 2873 Exeamus
1177 2843 1261 2879 igitur
1274 2843 1308 2872 ad
1323 2852 1385 2874 eum
1413 2848 1492 2875 extra
1507 2850 1609 2881 castra,
1620 2841 1816 2879 improperium
