2077 3114
263 119 316 151 905

845 111 875 140 S.
895 107 1056 142 JOANNIS
1069 106 1286 138 DAMASCENI

1844 105 1897 137 996

263 174 324 207 ejus
340 173 494 207 portantes.
507 168 567 197 Non
583 169 657 196 enim
681 166 818 195 habemus
833 165 880 192 hic
896 168 1052 207 manentem

1113 164 1243 199 ρέροντες.
1263 163 1300 189 Οὐ
1317 162 1372 197 γὰρ
1387 160 1485 197 ἔχομεν
1498 156 1550 188 ὦδε
1568 161 1705 196 μένουσαν
1726 160 1815 193 πόλιν,
1831 161 1898 188 ἀλλὰ

263 205 416 250 civitatem,
445 215 494 245 sed
529 214 650 242 futuram
685 212 867 248 inquirimus.
893 205 946 238 Per
962 210 1053 245 ipsum

263 270 330 297 ergo
357 261 500 289 offerimus
519 258 638 294 hostiam
664 257 755 285 laudis
783 263 892 291 semper
919 255 984 287 Deo,
1003 254 1056 282 hoc

263 312 306 336 est
319 308 438 334 fructum
454 315 464 331 ι

299 353 327 380 Id
351 357 404 385 est,
429 349 655 386 quandoquidem
677 348 735 377 haec
749 348 882 384 patimur,
897 346 1056 375 communi-

264 404 358 425 cemus
373 395 497 431 passioni
513 395 629 423 Christi.

303 451 312 469 ι
328 442 477 469 Labiorum
493 439 684 468 confitentium
697 439 801 466 nomini
814 437 1054 474 ejus.Benclicen-

265 488 310 516 tia:
332 492 423 516 autem
449 492 476 514 et
491 486 701 514 communionis
726 485 811 513 nolite
829 483 955 512 oblivisci
972 483 1057 511 :tali—

265 533 318 561 bus
333 533 406 560 enim
422 532 520 560 hostiis
538 536 716 566 promeretur
733 530 817 557 Deus.
835 539 845 555 ι

301 576 462 604 Gratiarum
478 575 614 603 actionem
628 575 870 602 Eucharistiamve
888 573 1055 601 oﬂerendam

265 623 343 655 dicit,
371 626 398 650 et
423 627 523 650 cuncta
551 622 658 649 fortiter
684 622 838 653 toleranda,
867 622 919 650 etsi
942 621 1055 649 molesta

266 668 403 696 videntur.
422 669 479 695 Hoc
496 672 576 703 pacto
593 668 666 695 enim
691 667 746 694 Deo
763 667 880 702 proximi
897 667 1055 699 evadimus,

265 715 333 750 quin
348 719 376 743 ct
391 709 543 742 debitorem
560 714 694 741 habemus
712 713 808 740 Dcum.
833 713 949 746 Quando
965 718 1056 740 autem

265 768 332 793 non,
354 761 392 788 uti
411 760 497 793 decet,
516 761 648 796 patimur,
670 759 725 788 Deo
743 759 877 787 cﬂicimur
898 759 1013 787 obnoxii
1029 764 1057 786 et

265 807 421 840 debitores;
438 806 486 834 sed
503 812 529 834 et
546 806 706 840 frequenter
729 806 755 833 id
774 807 854 834 nobis
874 806 901 833 in
921 806 1056 841 judicium

264 853 400 880 vertitur:
416 852 544 887 quiuimo
572 851 682 880 dolores
699 856 726 879 ct
743 852 875 880 molestiae
890 840 954 879 sunt
971 859 1059 887 preme
1076 840 1096 868 Β

265 902 458 934 peccatorum.

302 941 385 971 Véas.
414 943 510 970 17-24.
540 953 549 969 ι
568 943 683 971 Obcdite
708 943 865 978 praepositis
891 944 1003 976 vestris,
1032 948 1060 971 et

266 988 417 1023 suhjacete.
450 988 504 1023 Ipsi
531 988 605 1016 enim
632 989 808 1024 pervigilant,
827 989 907 1024 quasi
924 989 1058 1017 rationem

266 1041 316 1069 pro
333 1033 477 1061 animabus
493 1035 593 1061 vestris
606 1035 753 1068 reddituri,
769 1039 798 1062 ut
814 1043 877 1062 cum
893 1036 994 1070 gaudio
1006 1036 1059 1063 hoc

269 1079 384 1112 faciant,
403 1083 430 1107 et
447 1087 503 1107 non
529 1084 671 1116 gementes
688 1088 695 1107 :
715 1081 767 1108 hoc
787 1081 862 1108 enim
880 1088 935 1108 non
949 1081 1061 1116 expedit

268 1125 359 1152 vobis.
388 1123 472 1152 Orate
492 1132 541 1160 pro
569 1125 660 1153 nobis.
693 1125 867 1153 Contidimus
896 1125 971 1153 enim
993 1125 1059 1161 quia

266 1171 367 1199 bonam
399 1171 600 1198 conscientiam
629 1171 765 1199 habentes
791 1172 820 1199 in
835 1171 966 1200 omnibus
990 1172 1060 1200 bene

266 1218 391 1245 volentes
406 1217 578 1245 conversari.
594 1218 722 1253 Amplius
748 1222 839 1246 autem
861 1219 995 1253 deprecor
1011 1225 1059 1246 vos

267 1264 319 1291 hoc
349 1264 452 1297 facere,
481 1271 537 1298 quo
562 1264 685 1297 celerius
711 1265 846 1291 restituar
871 1265 958 1292 vobis.
987 1263 1059 1292 Deus

267 1313 359 1335 autem
374 1307 462 1342 pacis,
475 1308 529 1343 jqui
546 1307 640 1335 eduxit
663 1308 697 1336 de
713 1309 832 1336 mortuis
844 1313 983 1344 pastorem
1001 1316 1061 1337 ma-

266 1360 351 1389 gnum
367 1353 471 1386 ovium,
492 1353 519 1380 in
533 1353 668 1388 sanguine
695 1354 854 1382 testamenti
877 1355 985 1389 aeterni,
1004 1354 1059 1381 Do-

267 1399 373 1426 minum
395 1402 521 1426 nostrum
542 1397 646 1432 Iesum,
672 1403 747 1434 aptet
762 1406 814 1427 vos
839 1399 868 1426 in
883 1399 959 1427 omni
975 1407 1060 1435 opere

267 1444 352 1478 bono,
369 1449 400 1472 ut
423 1443 533 1472 faciatis
546 1444 608 1479 ejus
621 1445 793 1473 voluntatem
809 1453 816 1472 :
841 1445 947 1474 faciens
968 1445 996 1472 in
1012 1453 1060 1473 vo-

267 1491 311 1518 bis
325 1491 399 1525 quod
421 1490 529 1526 placeat
553 1497 648 1518 coram
674 1499 704 1518 se
727 1498 776 1526 per
785 1490 881 1519 Jesum
908 1491 1059 1524 Christum,

268 1538 314 1566 cui
334 1541 377 1565 est
394 1536 482 1573 gloria
504 1536 533 1564 in
551 1537 652 1565 saecula
675 1537 855 1565 saeculorum.
872 1537 970 1565 Amen.
986 1536 1063 1572 Rogo

268 1588 359 1612 autem
385 1590 445 1614 vos,
465 1582 580 1615 fratres,
606 1587 638 1610 ut
661 1583 802 1611 suﬁ‘cratis
827 1583 941 1610 verbum
957 1583 1060 1611 solatii.

270 1629 375 1657 Etenim
404 1629 552 1665 perpaucis
576 1629 677 1664 scripsi
699 1628 790 1658 vobis.
813 1628 978 1664 Cognoscite
1007 1627 1063 1656 fra-

269 1682 338 1704 trem
356 1680 481 1703 noslrum
497 1675 686 1703 Timotheum.
707 1684 717 1701 ι

305 1721 375 1755 Quid
390 1728 456 1757 ergo
481 1720 536 1748 ait?
559 1720 699 1756 nunquid,
721 1720 745 1748 si
772 1720 860 1748 malus
878 1723 931 1753 est,
948 1719 1062 1747 obedire

269 1767 419 1795 debemus?
436 1765 584 1802 lquomodo
606 1766 709 1794 malum
735 1765 862 1794 dixeris?
891 1766 920 1792 Si
951 1765 1064 1800 quidem

269 1812 361 1840 malus
381 1812 418 1840 sit
434 1812 463 1839 in
478 1819 563 1840 causa
577 1811 652 1844 lidei,
669 1811 732 1847 fuge
752 1811 831 1838 illum
843 1815 870 1839 et
886 1811 988 1843 devita,
1008 1819 1063 1838 non

271 1859 361 1886 solum
377 1858 401 1886 si
425 1858 508 1886 homo
524 1858 572 1890 sit,
588 1858 637 1886 sed
656 1861 683 1885 et
703 1857 726 1885 si
743 1857 777 1885 de
798 1857 868 1884 coelo
886 1857 1000 1892 angelus
1015 1856 1064 1883 de-

270 1903 419 1932 scenderit.
446 1902 494 1930 Sin
511 1911 577 1931 vero
599 1903 628 1930 in
657 1903 720 1930 vita:
741 1903 861 1936 ratione,
877 1911 910 1930 ne
925 1902 952 1929 id
969 1902 1063 1930 curio-

270 1950 330 1978 sius
359 1949 494 1984 inquiras.
521 1949 592 1976 Nam
616 1948 682 1976 audi
709 1949 776 1983 quid
800 1947 931 1976 Christus
965 1947 1062 1976 dicat:

271 1995 357 2031 Super
374 1995 529 2023 cathedram
550 1994 639 2031 Moysi
659 1995 782 2025 sederunt
805 1993 908 2022 Scriba:
924 1998 949 2021 el
965 1993 1063 2021 Phari-

271 2043 318 2069 δαὶ
335 2041 366 2069 ’⁵.
382 2041 450 2069 Cum
478 2041 565 2069 multa
582 2041 691 2068 illorum
720 2041 791 2068 mala
816 2044 880 2068 ante
893 2047 1064 2067 commemo‘

273 2091 373 2119 rassct,
390 2090 457 2114 tunc
471 2087 520 2119 ait,
549 2086 635 2122 Super
657 2086 811 2114 cathedram
827 2086 914 2121 Moysi
927 2087 1063 2114 sederunt.

274 2133 372 2162 Omnia
383 2141 445 2169 ergo
468 2141 630 2169 quaecunque
652 2133 771 2161 dixerint
797 2134 869 2161 vobis
898 2140 926 2161 ut
942 2134 1063 2168 faciatis,

273 2180 377 2214 facile:
403 2180 546 2207 secundum
580 2187 669 2207 autem
694 2188 774 2214 opera
797 2188 888 2207 eorum
911 2181 994 2208 nolite
1023 2181 1065 2216 fa-

272 2233 328 2252 cere
357 2226 389 2252 ¹³.
417 2224 526 2252 Habent
553 2225 761 2257 auctoritatem,
791 2225 892 2260 inquit,
913 2225 961 2254 sed
981 2226 1064 2254 vitam

272 2274 357 2305 agunt
379 2270 528 2305 impuram.
553 2270 656 2297 Verum
673 2277 729 2298 non
744 2271 817 2304 vitae,
842 2271 890 2299 sed
910 2271 992 2299 dictis
1006 2272 1067 2300 arii-

273 2324 348 2345 mum
378 2316 502 2351 adjicite.
531 2315 617 2344 Nemo
643 2317 745 2352 quippe
770 2325 804 2345 cx
822 2325 918 2346 eorum
943 2318 1066 2346 muribus

273 2363 468 2392 detrimentum
489 2363 635 2398 acceperit.
663 2363 756 2391 Eccur
783 2364 868 2391 vero?
891 2365 1022 2399 quoniam
1039 2368 1067 2392 et

273 2408 413 2437 manifesti
431 2412 497 2438 sunt
525 2409 666 2441 omnibus,
694 2414 721 2437 et
745 2410 874 2444 quamvis
899 2410 945 2437 ille
964 2410 1066 2438 millies

270 2455 417 2491 improbus
432 2455 481 2489 sit,
497 2455 568 2482 mala
585 2454 644 2482 haec
662 2463 805 2491 nunquam
822 2456 944 2483 docebit.
963 2455 1000 2483 De
1015 2455 1067 2484 fide

271 2505 376 2534 autem,
401 2509 458 2529 non
486 2500 527 2529 sic
542 2500 615 2536 apud
638 2508 735 2529 omnes
761 2505 882 2533 constat,
903 2501 950 2528 ubi
978 2501 1067 2529 malus

273 2547 320 2575 ille
337 2547 455 2575 docendi
470 2555 574 2575 munus
596 2555 652 2574 non
668 2546 816 2575 detrectat.
832 2547 970 2579 Quoniam
988 2551 1015 2574 et
1032 2547 1066 2574 il-

272 2593 319 2621 lud
341 2593 466 2626 effatum,
482 2592 575 2620 Nolite
591 2593 728 2628 judicare,
747 2597 775 2619 ut
793 2600 844 2620 non
859 2592 1017 2628 judice-mini
1033 2593 1066 2627 “,

270 2640 304 2667 de
316 2639 383 2672 vita,
413 2647 468 2667 non
494 2639 528 2667 de
552 2637 605 2666 fide
627 2638 838 2674 pronuntiatum
864 2642 917 2666 est.
946 2638 974 2665 id
991 2638 1065 2672 quod

271 2685 408 2713 sermonis
440 2685 529 2714 series
557 2685 733 2720 perspicuum
764 2684 841 2712 facit.
871 2684 941 2718 Quid
975 2684 1062 2718 vides,

273 2729 373 2764 inquit,
390 2730 520 2764 festucam
535 2730 563 2757 in
580 2729 657 2758 oculo
673 2731 770 2765 fratris
789 2731 839 2763 tui,
858 2730 958 2758 trabem
976 2737 1064 2758 autent

309 2815 331 2833 “
347 2815 444 2844 Matth.
467 2826 545 2853 xxnl,
561 2818 588 2845 Ξ.
633 2818 654 2835 ¹⁵
669 2818 736 2846 ibid.
758 2819 784 2845 3.
808 2817 829 2833 ¹⁶
846 2817 942 2845 Matth.
958 2825 1006 2850 vn,
1031 2818 1056 2845 i.

1106 210 1155 245 τὴν
1172 209 1324 245 μέλλουσαν
1345 207 1541 243 ἐπιζητοῦμεν.
1565 208 1604 233 Δι’
1621 207 1704 234 αὑτοῦ
1727 207 1774 234 οὖν
1797 207 1898 243 ἀναφέ-

1107 264 1191 290 ρομεν
1209 255 1304 281 θυσίαν
1318 254 1448 286 αἰνέσεως
1465 253 1510 280 διὰ
1525 253 1625 284 παντὸς
1636 252 1674 288 τῷ
1690 252 1761 288 Θεῷ,
1776 253 1899 280 τουτέστι

1107 299 1214 335 καρπὸν
1235 308 1245 326 ι

1143 345 1288 378 Τουτέστι,
1303 345 1338 372 τὰ
1354 344 1424 372 αὐτὰ
1441 344 1592 379 πάσχοντες
1615 343 1827 379 κοινωνήσωμεν
1844 344 1902 375 τοῖς

1107 391 1252 427 παθήμασι
1267 390 1315 418 τοῦ
1330 389 1461 426 Χριστοῦ.
1811 409 1826 422 .

1146 449 1155 466 ι
1178 439 1299 466 Χειλέων
1321 437 1528 474 ὁμολογούντων
1541 438 1581 473 τῷ
1605 437 1716 473 ὀνόματι
1731 436 1825 464 αὐτοῦ.
1845 437 1902 472 Τῆς

1106 485 1136 513 δὲ
1150 485 1276 516 εὐποιίας
1287 484 1335 512 καὶ
1349 483 1494 515 κοινωνίας
1512 483 1550 519 μὴ
1568 482 1797 510 ἐπιλανθάνεσθε·
1811 483 1903 509 τοιαύ-

1107 543 1168 566 ταις
1183 534 1236 570 γὰρ
1253 533 1361 564 θυσίαις
1375 532 1564 568 εὐαρεστεῖται
1577 532 1591 557 ὁ
1605 531 1683 562 Θεός.
1704 540 1714 555 ι

1143 579 1181 606 Τὸ
1203 579 1253 614 τὴν
1274 578 1450 614 εὐχαριστίαν
1475 577 1621 612 ἀναφέρειν
1649 576 1742 611 λέγει,
1766 576 1814 604 καὶ
1838 584 1902 610 γεν-

1109 626 1192 657 ναίως
1204 626 1312 653 ἅπαντα
1323 625 1428 660 φέρειν,
1440 624 1488 650 καὶ
1499 623 1533 650 τὰ
1541 622 1672 650 δοκοῦντα
1684 622 1804 657 λυπηρά.
1817 622 1903 649 Τοῦτο

1109 672 1193 706 ἐγγὺς
1216 672 1292 707 ἡμᾶς
1318 669 1390 698 εἶναι
1406 671 1480 697 ποιεῖ
1506 670 1594 696 Θεοῦ·
1617 670 1679 696 τότε
1700 669 1747 696 xui.
1768 668 1813 695 τὸν
1836 669 1902 695 Θεὸν

1108 718 1252 753 ὀφειλέτην
1276 717 1385 753 ἔχομεν.
1405 717 1489 745 Ὅταν
1520 715 1548 742 δὲ
1571 715 1602 741 οὺ
1631 714 1721 746 καλῶς
1751 714 1902 748 πάθωμεν.

1109 765 1191 799 ἡμεῖς
1207 765 1291 800 ἐσμεν
1309 763 1449 798 ὀφειλέται
1466 763 1514 789 καὶ
1527 761 1673 788 ὑπεύθυνοι
1689 760 1737 787 τοῦ
1753 760 1839 792 Θεοῦ,
1856 761 1903 786 καὶ

1111 809 1241 841 πολλάκις
1255 809 1336 844 ἡμῶν
1355 808 1444 835 ταῦτα
1459 809 1498 839 εἰς
1515 808 1606 843 κρῖμα
1620 806 1726 840 γίνεται
1739 814 1746 821 ο
1763 807 1855 832 ἐκεῖνα
1874 805 1903 832 δὲ

1111 857 1151 889 είς
1167 856 1271 883 ἔκτισιν
1287 855 1504 891 ἁμαρτημάτων.

1151 954 1160 970 ι
1179 944 1311 971 Πείθεσθε
1334 944 1390 974 τοῖς
1405 942 1570 978 ἡγουμένοις
1586 941 1679 976 ὑμῶν,
1697 941 1744 968 καὶ
1762 941 1901 968 ὑπείκετε.

1112 989 1194 1016 Αὐτοὶ
1210 988 1265 1024 γὰρ
1283 987 1470 1024 ἀγρυπνοῦσιν
1487 987 1557 1022 ὑπὲρ
1572 987 1626 1013 τῶν
1645 986 1739 1022 ψυχῶν
1755 986 1846 1021 ὑμῶν,
1867 987 1906 1018 ὼς

1112 1035 1191 1069 λόγον
1212 1033 1416 1065 ἀποδώσοντες,
1435 1033 1478 1059 ἵνα
1493 1033 1562 1067 μετὰ
1579 1033 1667 1068 χαρᾶς
1691 1032 1770 1059 τοῦτο
1787 1032 1904 1065 ποιῶσι,

1113 1080 1160 1107 καὶ
1178 1079 1215 1115 μὴ
1241 1079 1437 1111 στενάζοντες”
1466 1078 1623 1110 ἀλυσιτελὲς
1646 1078 1701 1114 γὰρ
1727 1079 1791 1114 ὑμῖν
1813 1078 1904 1105 τοῦτο.

1113 1125 1303 1162 Προσεύχεσθε
1325 1125 1389 1160 περὶ
1407 1125 1495 1160 ήμῶν.
1514 1124 1691 1160 Πεποίθαμεν
1712 1124 1777 1160 γὰρ,
1793 1125 1833 1151 ὅτι
1856 1133 1906 1150 κα-

1112 1172 1161 1208 λὴν
1173 1171 1326 1208 συνείδησιν
1337 1171 1435 1207 ἔχομεν
1447 1172 1475 1199 ἐν
1490 1174 1583 1205 πᾶσιν,
1602 1171 1693 1203 καλῶς
1707 1171 1829 1203 θέλοντες
1840 1171 1906 1198 ἀνα-

1114 1218 1289 1254 στρέφεσθαι.
1305 1219 1510 1254 Περισσοτέρως
1523 1219 1551 1245 δὲ
1568 1217 1720 1254 παρακαλῶ
1731 1217 1811 1245 τοῦτο
1825 1217 1906 1252 ποιῆ-

1114 1274 1159 1293 σαι
1169 1285 1176 1298 ,
1194 1266 1237 1292 ἵνα
1254 1265 1347 1300 τάχιον
1362 1264 1583 1292 ἀποκατασταθῶ
1596 1265 1673 1300 ὑμῖν.
1694 1265 1722 1291 '0
1737 1265 1764 1290 δὲ
1775 1264 1841 1295 Θεὸς
1856 1264 1906 1298 τῆς

1113 1312 1235 1346 εἰρήνης,
1252 1312 1267 1337 ὁ
1291 1310 1438 1345 ἀναγαγὼν
1462 1312 1494 1337 ὲκ
1514 1310 1620 1346 νεκρῶν
1638 1311 1683 1337 τὸν
1709 1309 1829 1345 ποιμένα
1851 1309 1906 1336 τῶν

1113 1356 1259 1393 προϐάτων
1277 1356 1323 1383 τὸν
1339 1356 1443 1391 μέγαν,
1461 1357 1490 1382 ἐν
1508 1356 1606 1391 αἵματι
1625 1356 1758 1391 διαθήκης
1775 1355 1886 1382 αἰωνίου
1899 1376 1906 1388 ,

1113 1403 1159 1430 τὸν
1170 1403 1273 1438 Κύριον
1288 1403 1367 1438 ἡμῶν
1389 1401 1504 1437 Ἰησοῦν,
1520 1402 1686 1437 καταρτίσαι
1699 1401 1771 1437 ὑμᾶς
1783 1402 1812 1428 ὲν
1826 1401 1908 1428 παντὶ

1114 1450 1187 1485 ἔργῳ
1201 1450 1305 1485 ἀγαθῷ,
1319 1451 1358 1481 είς
1372 1450 1403 1476 τὸ
1417 1449 1529 1484 ποιῆσαι
1548 1449 1576 1475 τὸ
1591 1449 1696 1483 Θέλημα
1712 1447 1806 1481 αὑτοῦ,
1823 1447 1908 1474 ποιῶν

1114 1496 1143 1521 ἐν
1166 1495 1231 1530 ὑμῖν
1254 1495 1285 1522 τὸ
1311 1495 1457 1529 εὐάρεστον
1476 1494 1592 1520 ἐνώπιον
1614 1493 1716 1524 αὑτοῦ,
1741 1493 1788 1519 διὰ
1819 1492 1909 1528 Ἰησοῦ

1115 1542 1254 1578 Χριστοῦ,
1272 1538 1294 1575 ᾧ
1310 1543 1326 1576 ὴ
1349 1541 1412 1573 δόξα
1435 1541 1475 1572 εἰς
1501 1540 1566 1571 τοὺς
1592 1539 1693 1570 αἰῶνας
1716 1538 1770 1566 τῶν
1791 1537 1908 1565 αἰώνων.

1121 1590 1217 1624 Ἀμήν.
1230 1588 1386 1624 Παρακαλῶ
1405 1587 1433 1614 δὲ
1449 1587 1536 1622 ὑμᾶς,
1557 1585 1684 1620 ἀδελφοὶ,
1709 1583 1838 1620 ἀνέχεσθε
1861 1583 1908 1610 τοῦ

1114 1635 1194 1669 λόγου
1208 1635 1258 1671 τῆς
1274 1634 1486 1668 παρακλήσεως.
1507 1632 1562 1659 Καὶ
1573 1631 1628 1667 γὰρ
1658 1631 1702 1658 διὰ
1721 1630 1845 1666 βραχέων
1859 1630 1908 1656 ἐπ-

1115 1681 1222 1708 έστειλα
1243 1681 1318 1716 ὑμῖν.
1333 1679 1486 1706 Γινώσκετε
1496 1678 1541 1705 τὸν
1555 1677 1667 1712 ἀδελφὸν
1681 1676 1826 1712 Τιμόθεον.
1845 1685 1854 1701 ι

1151 1727 1183 1753 Τί
1197 1724 1243 1753 οὗν
1257 1734 1356 1761 φησιν;
1371 1724 1404 1752 ἂν
1418 1724 1537 1758 πονηρὸς
1552 1721 1580 1760 ᾖ,
1598 1722 1775 1757 πειθώμεοα;
1789 1720 1908 1756 πονηρὸς

1115 1770 1174 1802 πῶς
1186 1770 1275 1804 λέγεις
1287 1779 1294 1803 ;
1308 1770 1332 1795 εἰ
1350 1769 1400 1803 μὲν
1415 1769 1535 1800 πίστεως
1548 1769 1653 1800 ἕνεκεν,
1671 1767 1741 1802 φύγε
1755 1766 1848 1799 αὐτὸν,
1862 1765 1910 1792 καὶ

1115 1816 1302 1852 παραίτησαι,
1323 1815 1361 1850 μὴ
1387 1815 1468 1850 μόνον
1488 1814 1521 1840 ἂν
1537 1813 1683 1849 ἄνθρωπος
1700 1812 1736 1850 ᾗ,
1762 1812 1830 1839 ἀλλὰ
1859 1811 1911 1838 κᾶν

1115 1860 1231 1895 ἄγγελος
1245 1859 1275 1892 ἐξ
1296 1859 1414 1895 οὐρανοῦ
1439 1858 1600 1885 κατιών..Εἰ
1616 1858 1645 1885 δὲ
1667 1858 1726 1893 βίου
1741 1857 1852 1890 ἕνεκεν,
1870 1857 1908 1892 μὴ

1115 1905 1312 1942 περιεργάζου.
1339 1905 1439 1932 Ἀκουε
1468 1905 1523 1939 γὰρ
1548 1903 1594 1930 τοῦ
1618 1903 1738 1939 Χριστοῦ
1772 1903 1908 1937 λέγοντος,

1122 1953 1185 1980 Ἐπὶ
1201 1952 1257 1986 τῆς
1273 1951 1423 1984 Μωῢσέως
1442 1949 1588 1984 καθέδρας
1604 1949 1752 1977 ἐκάθισαν
1769 1951 1795 1976 οἱ
1813 1950 1909 1983 Γραμ-

1113 1998 1217 2034 ματεῖς
1235 1997 1284 2025 καὶ
1298 1999 1326 2024 οὶ
1341 1997 1508 2032 Φαρισαῖοι.
1525 1996 1663 2032 Πρότερον
1681 1995 1765 2023 εἰπὼν
1780 1996 1844 2031 περὶ
1862 1995 1910 2022 αὖ·

1115 2043 1170 2070 τῶν
1185 2042 1259 2070 δεινὰ
1275 2042 1376 2072 πολλὰ,
1394 2043 1454 2068 τότε
1474 2041 1575 2076 φησὶν,
1602 2041 1668 2068 Ἐπὶ
1689 2041 1743 2075 τῆς
1762 2041 1910 2074 Μωυσέως

1115 2087 1262 2121 καθέδρας
1273 2087 1429 2114 ἐκάθισαν.
1443 2087 1544 2114 Πάντα
1555 2085 1612 2114 οὖν
1625 2087 1685 2113 ὅσα
1695 2088 1826 2121 λέγωσιν
1841 2087 1910 2121 ὑμῖν

1116 2133 1229 2166 ποιεῖν,
1258 2133 1387 2161 ποιεῖτε*
1412 2133 1488 2160 κατά
1518 2133 1553 2160 δὲ
1581 2134 1617 2160 τὰ
1643 2133 1715 2168 ἔργα
1740 2132 1840 2160 αὐτῶν
1867 2132 1908 2166 μὴ

1079 2186 1104 2217 D
1118 2179 1236 2207 ποιεῖτε.
1252 2180 1376 2215 Ἔχουσι,
1392 2179 1470 2214 φησι,
1486 2179 1516 2205 τὸ
1542 2178 1663 2214 ἀξίωμα,
1680 2177 1748 2204 ἀλλὰ
1764 2177 1822 2212 βίου
1842 2178 1910 2203 εἰσὶν

1114 2225 1280 2262 ἀκαθάρτου.
1290 2224 1372 2252 Ἀλλὰ
1390 2225 1427 2261 μὴ
1442 2224 1481 2260 τῷ
1494 2224 1554 2260 βίῳ,
1569 2223 1639 2251 ἀλλὰ
1652 2225 1708 2255 τοῖς
1723 2223 1812 2258 λόγοις
1825 2231 1910 2258 προς-

1115 2273 1202 2308 έχετε.
1215 2271 1275 2298 Τῶν
1293 2271 1342 2306 μὲν
1363 2271 1419 2306 γὰρ
1433 2270 1507 2306 ἠθῶν
1521 2270 1616 2297 ἕνεκεν
1635 2269 1723 2301 οὐδεὶς
1736 2269 1768 2296 ἂν
1784 2268 1908 2304 βλαϐείη.

1114 2318 1147 2345 Τί
1161 2318 1281 2354 δήποτε;
1299 2318 1341 2344 ὅτι
1359 2318 1408 2344 καὶ
1423 2316 1493 2352 δῆλα
1508 2316 1592 2344 πᾶσιν
1609 2317 1702 2348 ἐστιν,
1719 2315 1766 2342 καὶ
1782 2315 1843 2342 οὐδὲ
1863 2315 1911 2343 αὑ-

1114 2365 1171 2398 τὸς,
1190 2364 1243 2391 κᾶν
1260 2364 1393 2400 μυριάκις
1439 2362 1568 2398 πονηρὸς,
1589 2361 1698 2397 πονηρὰ
1717 2361 1818 2394 διδάξει
1834 2360 1908 2387 ποτέ.

1117 2409 1239 2442 Πίστεως
1253 2409 1282 2436 δὲ
1296 2409 1404 2442 ἕνεκεν,
1417 2408 1480 2435 οὗτε
1495 2408 1574 2444 δῆλόν
1587 2408 1646 2434 ἐστι
1658 2408 1752 2438 πᾶσιν,
1769 2407 1814 2434 ὅτε
1831 2414 1911 2440 πονη-

1118 2456 1164 2492 ρδς
1185 2456 1216 2483 οὑ
1237 2455 1438 2491 παραιτήσεται
1457 2454 1606 2481 διδάσκειν.
1629 2453 1708 2480 Ἐπεὶ
1724 2453 1772 2479 καὶ
1791 2452 1831 2485 τδ,
1862 2453 1910 2486 Μὴ

1117 2502 1244 2537 κρίνετε,
1261 2501 1312 2528 ἵνα
1323 2500 1367 2536 μὴ
1387 2500 1517 2534 κριθῆτε,
1536 2499 1601 2535 περὶ
1616 2499 1674 2534 βίου
1690 2499 1776 2531 ἐστὶν,
1793 2499 1823 2524 οὐ
1847 2499 1911 2533 περὶ

1117 2547 1247 2579 πίστεως.
1264 2547 1301 2575 Τδ
1316 2547 1381 2581 γοῦν
1396 2546 1577 2581 ἐπαγόμενον,
1598 2545 1678 2572 τοῦτο
1689 2545 1774 2581 δηλοῖ.
1792 2544 1823 2571 Τί
1837 2543 1911 2576 ,ϐλέ-

1119 2602 1203 2627 πεις,
1221 2592 1320 2628 φησὶν,
1342 2591 1376 2619 τὸ
1395 2591 1509 2626 κάρφος
1525 2591 1557 2618 τὸ
1579 2591 1614 2618 ἐν
1631 2590 1671 2624 τῷ
1697 2589 1839 2625 ὀφθαλμῷ
1857 2588 1911 2616 τοῦ

1117 2638 1252 2673 ἀδελφοῦ
1277 2645 1352 2670 σου,
1374 2636 1432 2671 τὴν
1449 2636 1483 2663 δὲ
1500 2636 1593 2663 δοκὸν
1611 2636 1669 2669 τὴν
1683 2635 1718 2662 ἐν
1731 2634 1770 2668 τῷ
1791 2633 1836 2667 σῷ
1857 2634 1911 2668 όφς

1117 2683 1220 2719 θαλμῷ
1244 2684 1280 2712 οὐ
1298 2683 1455 2716 κατανοεῖς
1462 2691 1472 2716 ;
1496 2682 1598 2710 Πάντα
1618 2679 1675 2710 οὖν
1691 2682 1749 2708 ὅσα
1766 2680 1804 2708 ἃν
1818 2679 1911 2715 λέγω·

1117 2738 1169 2758 σιν
1186 2731 1271 2766 ὑμῖν,
1295 2729 1422 2763 ποιεῖτε,
1445 2728 1520 2757 κατὰ
1541 2728 1575 2756 δὲ
1597 2729 1635 2755 τὰ
1659 2728 1731 2764 ἔργα
1745 2725 1845 2754 αὐτῶν
1866 2726 1913 2762 μὴ
