2078 3115
197 107 249 141 997

762 107 803 137 IN
821 108 942 139 EPIST.
964 108 978 138 Ι
998 102 1310 141 ΑΠ’ΤΙΜΟΤΗΕΗΜ.

1785 113 1837 147 998

196 166 316 195 ποιεῖτε.
337 165 421 201 1Ορᾷς
444 165 487 193 ὅτι
509 164 541 192 οὺ
558 164 623 200 περὶ
642 164 788 200 δογμάτων
809 166 900 198 ἐστὶν,
925 166 980 193 tm

1031 194 1032 197 η
1048 167 1075 194 in
1091 167 1167 195 oculo
1189 173 1233 195 tuo
1249 177 1302 196 non
1329 169 1400 197 vider
1427 169 1466 197 ’1?
1486 169 1584 198 Omnia
1598 178 1664 206 ergo
1676 179 1837 207 quiscunque

196 213 261 249 περὶ
281 212 340 247 βίου
356 212 404 238 καὶ
418 210 519 246 ἔργων.
541 210 621 238 ’Δλλὰ
633 211 647 237 ὁ
660 210 766 242 Παῦλος
778 211 911 247 πρότερον
927 221 993 239 συν-

1045 212 1164 240 dixerint
1193 213 1278 247 vobis,
1306 214 1408 249 facile:
1430 216 1575 243 secundant
1590 221 1679 243 autem
1697 225 1777 251 opera
1790 225 1836 245 eo-

196 258 313 293 ἐστησεν
351 256 470 289 αὐτοὺς,
492 256 541 283 καὶ
565 256 627 283 τότε
658 256 752 291 φησὶν,
768 257 912 284 Πείθεσθε
930 257 980 285 τοῦ

1046 266 1105 286 rum
1123 260 1205 287 nolite
1215 260 1303 293 facere
1321 261 1354 289 ³⁸.
1368 261 1451 290 Vides
1466 261 1562 297 igitur,
1578 270 1633 290 non
1648 263 1681 291 de
1696 263 1835 296 doctrina,

196 303 377 339 ἡγουμένοις
389 302 474 337 ὑμῶν
484 322 492 335 ,
505 301 554 329 καὶ
567 299 716 329 ὑπείκετε.

1046 304 1095 331 sed
1119 304 1154 332 de
1177 305 1240 332 vitm
1257 305 1367 334 ratione
1384 310 1412 333 et
1434 307 1565 341 operibus
1588 315 1742 336 sermonem
1760 315 1834 336 esse.

195 350 300 378 Paulus
316 349 421 385 itaque,
438 348 523 383 258
547 354 610 375 cum
648 348 768 383 primum
781 355 830 377 eos
865 349 1114 383 commendaverit,
1143 354 1210 378 tunc
1239 351 1331 379 dicit:
1365 351 1475 380 Obedite
1498 354 1649 388 prtepositis
1680 354 1784 387 vestris,
1809 359 1835 382 et

195 396 342 431 tubjacete.

233 451 244 468 ι
272 440 505 476 Ἀπολελυμὲνον·
534 440 594 476 μεθ’
609 437 640 467 οῦ
656 461 664 473 ,
681 441 729 468 ὲὰν
749 441 842 477 τάχιον
858 440 987 476 ἔρχηται,

195 488 296 524 ὂψομαι
311 487 393 522 ὑμᾶς.
416 486 591 514 Ἀσπάσασθε
609 487 714 519 πάντας
734 487 799 518 τοὺς
819 487 989 522 ἡγουμένους

195 534 283 568 ὑμῶν,
300 532 348 560 καὶ
363 532 469 564 πάντας
480 533 544 565 τοὺς
555 533 660 568 ἁγίους.
681 532 863 564 Ἀσπάζονται
877 533 950 568 ὑμᾶς
962 533 987 560 οἱ

194 580 248 608 ἀπδ
262 580 312 614 τῆς
334 578 458 610 Ἰταλίας.
480 587 490 604 ι

233 624 485 659 Ἆπολελυμένον.
501 623 604 656 Πόθεν;
622 621 708 659 Οἶμαι.
727 623 809 651 αὐτδν
824 624 864 655 εἰς
878 623 985 658 δεσμω-

193 671 287 707 τήριον
303 669 507 705 ἐμϐεϐλῆσθαι·
529 669 547 704 ἢ
570 669 594 696 εἰ
610 669 649 704 μὴ
666 669 761 701 τοῦτο,
781 669 836 696 άπὸ
865 668 986 703 Ἀθηνῶν

193 715 403 751 ἀπολελυμένον.
419 714 476 741 Καὶ
494 713 549 749 γὰρ
566 714 614 741 καὶ
631 714 711 742 τοῦτο
734 715 762 742 ὲν
785 715 847 744 ταῖς
865 713 986 749 Πράξεσι

193 762 294 788 κειται.

231 816 241 833 ί
268 806 302 832 'H
316 805 396 842 χάρις
415 805 483 841 μετὰ
500 805 610 833 πάντων
626 804 713 840 ὑμῶν.
737 805 835 840 Ἀμήν.
855 814 865 830 ι

233 851 265 879 Ἦ
279 851 360 887 χάρις
377 851 437 884 πῶς
452 851 558 886 γίνεται
583 851 642 887 μεθ’
669 851 765 886 ἡμῶν;
781 852 829 879 ἐὰν
848 851 886 887 μὴ
905 851 984 888 ὑϐρι-

192 905 284 932 σωμεν
297 897 338 928 εἰς
352 897 402 932 τὴν
417 897 587 933 εὐεργεσίαν.
779 892 782 896 λ

191 942 269 977 Πρὸς
288 941 442 976 Ἐϐραίους
454 941 568 976 ἐτράφη
583 941 642 968 ἀπὸ
657 941 712 975 τῆς
731 941 861 974 Ἰταλίας
874 940 922 968 διὰ
940 942 984 970 Τι-

409 988 531 1022 μοθέου.
551 988 676 1022 Στίχων.
698 986 759 1022 git-7".

225 1033 299 1069 (Τὴν
314 1033 383 1069 πρδς
397 1033 540 1068 Ἐϐραίους
566 1033 725 1069 Ἐπιστολὴν
740 1034 843 1068 ἱστορεῖ
854 1033 980 1069 Κλήμης,

190 1076 221 1107 οῦ
247 1080 384 1116 μέμνηται
406 1079 531 1111 Παῦλος,
547 1079 576 1111 ὃς
595 1080 643 1106 καὶ
667 1079 816 1111 ἐπίσκοπος
838 1079 982 1114 Ῥωμαίων

190 1124 316 1159 ἐγένετο·
338 1124 376 1155 ὡς
398 1124 505 1151 Παύλου
530 1124 614 1159 αὐτὴν
642 1123 781 1158 Ἑϐραίοις
802 1124 835 1158 τῇ
861 1123 982 1159 Ἐϐραΐδι

190 1170 322 1206 διαλέκτῳ
349 1169 529 1204 συντάξαντος
548 1169 727 1206 ἡρμηνεύθη,
753 1169 791 1201 ὥς
813 1178 903 1202 τινες,
930 1169 982 1196 ὑπὸ

190 1217 283 1243 Λουκᾶ
304 1216 351 1243 τοῦ
374 1215 570 1251 εὐαγγελιστοῦ
587 1224 594 1231 ·
620 1216 656 1247 ὡς
679 1215 708 1242 δὲ
730 1215 815 1249 ίῐιλλοι¹
832 1215 885 1242 ὑπὸ
899 1214 982 1242 αὑτοῦ

189 1262 238 1290 τοῦ
253 1262 424 1298 Κλήμεντος.
436 1263 445 1298 )

231 1319 253 1335 "
270 1319 365 1347 Matth.
383 1327 431 1351 vn,
442 1320 470 1348 4.
515 1320 537 1337 ¹⁸
548 1319 644 1347 Matth.
664 1327 747 1352 mu,
762 1319 791 1347 5.

1081 452 1090 468 ι
1104 441 1266 474 Dimissum,
1276 449 1338 468 cum
1348 448 1404 476 quo
1420 441 1454 476 (si
1469 441 1588 469 celerius
1602 442 1719 477 venerit)
1733 442 1834 470 videbo

1041 495 1102 515 vos.
1120 487 1246 515 Salutate
1262 495 1359 514 omnes
1370 487 1538 522 prmpositos
1552 490 1672 520 vestros,
1696 492 1723 514 et
1737 495 1834 516 omnes

1041 535 1163 561 sanctos.
1181 532 1309 560 Salutant
1327 539 1375 560 vos
1390 533 1438 567 qui
1455 537 1520 560 sunt
1535 532 1569 560 de
1583 531 1670 561 Italia.
1689 542 1698 559 ι

1075 623 1231 650 Dimiuum.
1264 622 1342 650 Unde
1357 630 1421 650 reor
1436 623 1514 650 illum
1533 623 1560 649 in
1582 630 1722 650 carcerem
1739 623 1832 657 conje-

1038 673 1114 697 ctum
1144 669 1247 702 l‘uissc;
1270 669 1315 697 sin
1340 676 1418 702 vero,
1442 668 1589 696 dimissum
1615 669 1744 696 Athenis.
1761 669 1830 696 Nam

1037 718 1065 743 et
1084 714 1136 742 hoc
1151 722 1260 750 quoque
1277 714 1305 742 in
1320 713 1438 742 Actibus
1458 713 1644 749 apostolorum
1661 713 1789 741 habetur.

1073 803 1158 832 Vens.
1174 803 1219 831 25.
1236 813 1245 839 ι
1266 803 1360 831 Gratia
1374 811 1437 831 cum
1452 803 1580 831 omnibus
1593 804 1681 831 vobis.
1700 803 1795 830 Amen.
1815 813 1824 829 ι

1073 851 1198 884 Quonam
1225 851 1308 878 modo
1326 851 1414 887 gratia
1430 849 1576 878 nobiscum
1596 851 1661 882 erit,
1688 851 1711 878 si
1727 850 1830 878 bencli~

1038 894 1136 922 centia:
1152 894 1201 921 Dei
1217 902 1392 930 nequaquam
1408 894 1503 930 injurii
1519 895 1644 922 erimus?

1037 939 1163 976 Epistula
1175 940 1210 967 ad
1223 939 1350 967 Hebrazas
1367 948 1399 967 ea:
1415 940 1500 967 Italia
1515 936 1614 974 scripta
1630 945 1667 967 est
1681 949 1726 974 per
1737 940 1830 968 Timo-

1267 986 1364 1013 theum.
1390 985 1514 1013 Versibus
1529 986 1592 1014 705.

1071 1032 1243 1070 (Epistolam
1257 1032 1292 1059 ad
1305 1031 1435 1059 Hebraeos
1448 1030 1577 1058 edisserit
1592 1030 1730 1063 Clemens,
1748 1031 1829 1065 cujus

1033 1079 1161 1107 meminit
1187 1078 1300 1110 Paulus,
1329 1077 1432 1112 quique
1465 1077 1655 1103 Romanorum
1682 1076 1829 1110 cpiscopus

1033 1125 1086 1153 luit
1100 1133 1108 1152 :
1125 1128 1156 1152 ut
1174 1132 1273 1159 nempe
1286 1131 1349 1152 cum
1365 1122 1517 1158 Apostolus
1531 1129 1591 1149 cam
1607 1121 1745 1149 Hebraico
1760 1121 1828 1148 idio-

1034 1174 1108 1198 mate
1123 1169 1296 1204 scripsisset,
1317 1169 1345 1195 in
1361 1168 1487 1196 Graecum
1507 1167 1643 1195 translata
1659 1167 1705 1198 sit,
1720 1171 1750 1194 ut
1767 1167 1827 1201 qui-

1035 1214 1097 1242 dem
1114 1214 1255 1242 nonnullis
1273 1215 1373 1249 placet,
1390 1221 1405 1240 a
1429 1213 1503 1242 Luca
1519 1213 1706 1248 evangelista;
1721 1217 1752 1240 ut
1764 1212 1827 1249 aliis

1036 1267 1115 1293 vero,
1130 1261 1163 1287 ab
1177 1247 1463 1295 eodem—Clemente.)
1592 1247 1602 1248 γ
1777 1247 1781 1263 ¹

195 1409 1802 1428 ________________________.____.__._._._.

475 1494 561 1537 ΕΙΣ
610 1491 938 1536 ΕΠΙΣΤΟΛΗΝ
965 1491 1112 1535 ΠΡΟΣ
1153 1489 1449 1535 ΤΙΜΟΘΕΟΝ
1472 1487 1531 1530 A'.

381 1670 447 1713 IN
485 1668 822 1715 EPISTOLAM
861 1665 1095 1711 PRIMAM
1131 1665 1206 1709 AD
1246 1663 1637 1709 TIMOTHEUM.

402 1825 601 1853 ΚΕΦᾹΛΑΙΟΝ
629 1825 777 1853 ΠΡΩΤΟΝ.

221 1880 233 1899 ι
250 1871 357 1903 Παῦλος
385 1871 533 1903 ἀπόστολος
560 1870 679 1906 Χριστοῦ
701 1870 788 1905 Ἰησοῦ
809 1871 869 1897 κατ’
883 1872 979 1899 ἐπιτα-

183 1917 236 1954 γὴν
264 1917 332 1944 Θεοῦ
362 1917 469 1953 Πατρδς
493 1917 548 1952 (12)
573 1916 650 1951 ὑμῶν
680 1916 726 1942 καὶ
750 1916 852 1951 Κυρίου
889 1918 976 1953 Ἰησοῦ

183 1963 302 1999 Χριστοῦ
317 1963 366 1998 τῆς
382 1962 500 1994 μὲλπίδος
524 1962 616 1998 ἡμῶν,
632 1961 757 1997 Τιμοθέῳ
769 1962 874 1998 γνησίῳ
887 1963 976 1999 τέκνῳ

183 2010 212 2036 ὲν
232 2009 333 2036 πίστει.
349 2017 360 2034 ι

222 2053 332 2090 Ἐπειδὴ
361 2052 447 2089 μέγας
467 2050 502 2089 ἦν
524 2053 538 2080 ὁ
553 2053 628 2087 ἀγὼν
653 2053 692 2089 τῷ
717 2054 846 2090 μαθητῇ·
863 2053 975 2088 δέσμιος

181 2099 236 2136 γὰρ
259 2098 293 2136 ἦν
308 2100 378 2136 ὑπὲρ
393 2099 439 2127 τοῦ
457 2099 652 2136 κηρύγματος’
673 2099 769 2126 τούτου
789 2100 871 2135 χάριν
893 2099 974 2132 εὐθὺς

181 2145 214 2172 ἐκ
229 2144 380 2180 προοιμίων
397 2145 540 2181 ἀνίστησιν
556 2145 639 2172 αὑτοῦ
661 2145 711 2180 τὴν
726 2145 826 2181 ψυχὴν.
849 2145 972 2180 Σωτῆρα

180 2190 226 2216 τὸν
241 2190 306 2217 Θεὸν
320 2191 428 2217 καλῶν·
442 2191 534 2226 ὅμοιον
548 2190 576 2216 δὲ
590 2191 628 2222 ὡς
645 2191 669 2217 εἰ
682 2191 767 2224 λέγοι·
784 2191 821 2217 Οὐ
838 2191 890 2227 χρὴ
902 2193 973 2226 ἀκη-

180 2233 239 2267 διᾷν
253 2234 282 2259 ὲν
296 2235 356 2265 ταῖς
368 2233 501 2268 Θλίψεσιν,
518 2234 625 2269 ἔχοντες
641 2235 755 2270 Σωτῆρα
769 2235 816 2263 τὸν
830 2235 908 2269 Θεὸν,
923 2236 971 2263 καὶ

180 2277 274 2304 ἐλπίδα
286 2278 332 2304 τὸν
349 2278 478 2314 Χριστόν.

214 2373 386 2409 Εὑρίσκομεν
407 2375 462 2410 γὰρ
482 2375 514 2402 τὸ
538 2375 650 2411 Πνεῦμα
672 2376 751 2412 λέγον
766 2385 772 2391 ·
799 2377 972 2412 Ἀφορίσατέ

178 2427 229 2452 μοι
244 2418 367 2446 Παῦλον
382 2419 430 2446 καὶ
444 2419 612 2455 Βαρνάϐαν.

217 2474 226 2490 ι
246 2465 349 2501 Χάρις,
365 2466 457 2498 ἔλεος,
479 2467 576 2503 εἰρήνη
590 2467 644 2495 ἀπὸ
658 2467 727 2494 θεοῦ
747 2468 855 2504 Πατρδς
873 2467 967 2504 ἡμῶν,

179 2510 227 2537 καὶ
244 2511 346 2546 Κυρίου
361 2511 481 2547 Χριστοῦ
503 2512 591 2548 Ἰησοῦ
609 2513 658 2540 τοῦ
673 2513 777 2549 Κυρίου
792 2513 882 2549 ἡμῶν.
901 2523 911 2539 ι

214 2557 270 2583 Καὶ
282 2557 363 2584 τοῦτο
373 2557 423 2591 τῆς
438 2557 554 2593 θλίψεως
563 2559 770 2595 παραμυθικόν.
783 2559 909 2595 οὑδαμοῦ
922 2559 968 2586 τὸν

178 2600 288 2637 ἐλεον,ἧ
308 2602 426 2629 ἐνταῦθα
444 2603 599 2638 ὠνόμασεν.

182 2701 202 2716 ¹⁹
214 2699 278 2727 Act.
295 2707 355 2732 xm,
368 2699 397 2726 2.

1288 1824 1404 1853 CAPUT
1419 1824 1566 1853 PRIMUM.

1064 1872 1149 1901 Vsus.
1169 1873 1196 1905 1,
1211 1873 1239 1901 2.
1257 1881 1267 1898 ε
1287 1872 1389 1901 Paulus
1416 1872 1559 1907 apostolus
1574 1872 1640 1900 Jesu
1655 1872 1757 1902 Christi
1774 1883 1821 1903 se-

1028 1919 1150 1946 cundum
1165 1918 1313 1953 imperium
1338 1917 1386 1945 Dei
1409 1918 1500 1947 Patris
1525 1920 1625 1953 nostri,
1651 1924 1679 1947 et
1707 1920 1817 1948 Domini

1028 1966 1117 1993 nostri
1140 1964 1207 1992 Jcsu
1223 1964 1326 1992 Christi
1347 1965 1406 1999 spei
1423 1969 1535 1999 nostrae,
1556 1965 1704 1994 Timotheo
1715 1967 1817 1996 dilecto

1027 2010 1083 2037 lilio
1097 2011 1123 2037 in
1141 2009 1203 2037 ﬁde.
1217 2019 1226 2035 ι

1061 2055 1198 2089 Quoniam
1224 2063 1353 2090 magnum
1378 2059 1519 2083 certamen
1537 2057 1716 2084 incumbebat
1731 2057 1815 2086 disci-

1025 2101 1100 2136 pulo,
1121 2107 1183 2127 eum
1209 2100 1318 2127 vinctus
1335 2104 1408 2128 esset
1435 2104 1548 2135 propter
1575 2101 1820 2136 praedicationem,-

1024 2154 1084 2174 eam
1099 2146 1135 2173 ob
1150 2153 1263 2173 causam
1285 2145 1376 2173 statim
1405 2146 1441 2173 ab
1457 2146 1570 2173 exordio
1590 2147 1713 2174 animtun
1738 2149 1813 2177 illius

1025 2192 1120 2227 erigit,
1139 2192 1224 2219 Dcum
1250 2191 1417 2219 Salvatorem
1442 2197 1540 2225 vocat;
1557 2193 1672 2228 perinde
1687 2201 1720 2221 ac
1732 2195 1756 2222 si
1769 2196 1812 2223 di-

1024 2242 1118 2268 ceret:
1134 2237 1194 2265 Non
1211 2245 1262 2265 nos
1277 2242 1385 2273 oportet
1401 2239 1429 2265 in
1451 2238 1648 2267 amictionibus
1666 2241 1814 2270 concidere

1024 2283 1127 2315 animo,
1143 2283 1191 2318 qui
1217 2283 1305 2311 Deum
1332 2283 1484 2312 habeamus
1502 2284 1673 2313 Salvatorem
1690 2291 1717 2314 et
1732 2286 1813 2315 Chri-

1024 2333 1097 2356 stum
1114 2336 1201 2363 spem.

1058 2375 1219 2403 Invenimus
1243 2374 1318 2402 enim
1353 2374 1491 2410 Spiritum
1512 2376 1633 2406 edixisse
1648 2386 1654 2405 :
1672 2377 1812 2414 Segregate

1022 2420 1087 2447 mihi
1105 2419 1222 2447 Paulum
1239 2425 1264 2447 et
1278 2419 1432 2447 Barnabam
1452 2421 1487 2449 ¹⁹.

1059 2476 1069 2492 ‹
1097 2466 1205 2499 Gratia,
1230 2466 1439 2500 misericordia,
1467 2475 1520 2502 pax
1548 2475 1564 2495 a
1593 2467 1649 2495 Deo
1675 2467 1757 2497 Patre
1783 2474 1811 2497 et

984 2511 1006 2538 D
1020 2512 1131 2540 Christo
1145 2511 1211 2539 Jesu
1225 2511 1343 2539 Domino
1360 2516 1468 2540 nostro.
1486 2522 1496 2539 ι

1057 2559 1148 2593 Atque
1175 2558 1227 2585 hoc
1246 2561 1289 2585 est
1312 2557 1470 2586 atllictionis
1489 2557 1673 2586 levamentum
1688 2563 1716 2587 et
1737 2561 1811 2588 sola-

1023 2612 1097 2631 men.
1112 2603 1256 2639 Nusquam
1278 2603 1496 2632 misericordiam
1512 2604 1556 2633 his
1571 2604 1600 2633 in
1620 2605 1689 2634 locis
1707 2614 1810 2635 memo-

1023 2649 1103 2676 ravit.

934 2745 1040 2776 ΝΟΤιιΕ
1045 2768 1051 2775 .

213 2791 270 2828 (12)
288 2791 334 2821 Sic
346 2792 456 2829 quidem
469 2792 577 2822 codices
591 2792 696 2829 aliquot
706 2801 721 2831 _:
738 2797 834 2822 auctor
845 2799 912 2822 vero
925 2801 988 2822 cum
1003 2795 1199 2830 uhrystntomo
1208 2801 1235 2826 et
1247 2797 1308 2828 aliis
1324 2798 1440 2835 legebat,
1459 2800 1596 2835 Σωτῆρος.
