2077 3114
251 126 305 160 999

849 119 880 150 S.
896 117 1058 150 JOANNIS
1068 116 1269 150 DAMASCEN
1272 118 1285 148 Ι

1817 119 1884 151 1οω

285 181 370 208 Vens.
386 180 413 208 5.
432 187 443 206 ι
462 177 540 205 Sicut
557 175 651 211 rogavi
671 179 698 203 te
711 178 741 202 ut
754 180 915 202 remaneres
931 172 1044 208 Ephesi,

1136 182 1145 199 ι
1172 173 1274 206 Καθὼς
1289 175 1468 211 παρεκάλεσά
1484 183 1514 202 σε
1534 176 1700 212 προσμεῖναι
1716 176 1747 204 ὲν
1765 176 1888 212 Ἐφέσῳ,

252 235 314 257 cmn
335 227 402 253 irem
418 225 445 251 in
461 221 663 250 Macedoniam.
679 232 689 248 ι

285 272 347 300 Non
371 269 498 304 magistri
523 275 600 295 more
621 267 757 302 loquitur,
774 266 824 295 sed
839 274 909 302 pene
925 265 1043 298 famuli;

253 322 284 346 ut
307 316 472 350 discipulum
502 313 601 341 doceat
621 313 743 340 modeste
757 319 789 339 ac
801 312 922 340 demisse
937 318 1043 347 sapere.

290 373 301 389 ι
319 362 354 390 Ut
368 360 549 389 denuntiares
564 359 730 394 quibusdam
742 365 797 386 non
812 358 892 386 aliter
903 357 1016 385 docere.
1032 365 1042 383 ι

288 409 348 436 Non
364 415 413 436 eos
434 405 597 434 nominatim
627 404 743 436 indicat,
771 411 805 432 ne
827 403 1046 439 impudentiores

254 453 362 482 ﬂerent.

289 497 377 526 Vens.
394 497 422 524 4.
441 506 451 523 ι
470 496 564 532 Neque
583 494 760 523 intenderent
776 493 890 527 fabulis,
911 501 921 520 ι

288 543 438 571 Fabulosis
454 543 551 577 utique
576 540 733 569 Judaeorum
750 539 962 571 traditionibus,
976 545 1047 573 quos

253 590 337 617 etiam
354 588 488 624 propheta
505 588 632 623 coarguit
651 587 750 615 dicens
766 595 772 613 :
799 586 929 614 Docentes
945 585 1048 612 doctri-

255 643 305 662 nas
331 639 357 662 et
383 633 512 661 mandata
535 633 672 660 hominum
693 633 728 658 ὀ.
750 631 819 660 Nam
836 632 963 667 neglecta
979 629 1048 666 legis

255 681 441 716 expOsitionc,
460 679 627 707 traditiones
644 686 710 707 suas
723 678 958 715 excogitaverant.

293 736 303 753 ι
320 725 353 753 Ει
366 725 535 762 genealogiis
554 724 749 752 interminatis.
767 733 777 750 ι

293 771 466 806 Genealogias
482 774 572 803 vocat,
591 769 754 805 theogonias
765 768 937 799 Graecorum,
951 766 1048 801 longas

256 819 342 847 series
356 817 484 845 deorum.
501 815 637 844 Hortatur
650 823 718 851 ergo
732 815 901 850 discipulum
921 813 1004 849 259
1019 816 1049 840 ut

256 872 306 892 eos
330 862 469 891 dismrbet
486 862 534 897 qui
554 861 666 890 fabulas
690 860 824 889 Judaicas
849 859 1051 895 amplecteren-

257 913 314 942 tur,
332 916 382 937 nec
398 909 460 936 illos
473 908 548 943 loqui
567 908 670 937 sineret
692 908 740 943 qui
756 906 927 935 Graecanicis
947 905 1051 933 errori-

256 956 309 983 bus
336 955 439 983 addicti
472 957 578 986 essent.
609 960 662 982 nec
690 953 776 982 veluti
806 950 1052 981 concatenationes

257 1002 372 1030 deorum
388 1000 503 1028 inferre.

296 1057 306 1073 ι
321 1046 387 1080 Qum
408 1045 576 1081 quaestiones
592 1049 738 1086 .praestaut
765 1045 870 1081 magis,
888 1051 971 1080 quam
993 1043 1053 1072 dis-

257 1092 448 1128 pensationem
466 1091 512 1119 Dei
529 1092 556 1118 in
570 1091 634 1119 tide.
652 1101 662 1118 ι

293 1138 357 1165 Istae
383 1137 535 1171 doctrinae,
563 1137 674 1172 inquit.
701 1144 766 1166 cum
794 1137 864 1165 nulli
890 1136 1053 1172 adiumento

195 1182 201 1186 ’
258 1183 333 1217 sint,
357 1183 497 1211 hominem
522 1183 636 1218 insuper
652 1190 667 1210 a
682 1183 894 1218 dispensatione
907 1181 957 1210 Dei
972 1186 1053 1209 aver-

257 1233 332 1258 tunt.
351 1229 581 1262 Dispensationem
609 1233 702 1264 autem
718 1228 768 1257 Dei
785 1229 906 1264 appellat
924 1228 1054 1255 incarna-

259 1274 345 1302 ti0nis
359 1274 530 1310 mysterium.

295 1320 380 1348 Vens.
399 1320 425 1347 5.
441 1329 450 1346 ι
464 1319 542 1347 Finis
559 1324 654 1347 autem
672 1318 803 1355 praecepti
819 1321 863 1346 est
878 1317 1002 1346 charitss
1019 1316 1054 1345 de

261 1366 346 1395 corde
371 1373 460 1401 puro,
485 1369 513 1394 et
533 1365 708 1393 conscientia
724 1365 816 1399 bona,
828 1368 864 1392 -ει
884 1363 937 1391 ﬁde
951 1369 1007 1391 non
1023 1363 1054 1390 ﬂ-

261 1416 315 1441 cla.
333 1421 344 1440 ι

297 1456 325 1484 ld
339 1461 399 1489 est,
421 1464 530 1484 summa
554 1457 750 1484 mandatorum
771 1459 815 1484 est
836 1463 928 1484 sermo
942 1455 976 1483 de
989 1455 1055 1483 cha-

261 1503 353 1531 ritate.
370 1502 606 1536 Quemadmodum
629 1507 721 1530 autem
746 1502 892 1538 Scriptura
913 1502 1053 1531 Christum

262 1548 343 1576 linem
368 1547 437 1583 legis
462 1547 529 1575 dicit
554 1548 589 1580 ",
614 1547 667 1575 hoc
692 1542 736 1575 est
763 1548 999 1582 complementum
1027 1551 1055 1578 et

262 1594 463 1627 summarium;
480 1593 521 1621 sic
538 1593 633 1621 ethoc
657 1594 685 1620 in
712 1593 773 1622 loco
801 1593 966 1621 vocabulum
991 1594 1055 1628 ﬁnis

262 1640 418 1676 usurpavit.
434 1638 507 1668 Bene
523 1647 588 1668 vero
604 1639 720 1674 adjecit,
738 1639 770 1667 de
787 1640 866 1668 corde
881 1648 970 1675 puro;
985 1647 1056 1675 quo-

262 1686 337 1714 niam
362 1689 391 1714 et
416 1685 553 1712 malorum
579 1690 622 1713 est
636 1686 760 1713 amicitia
771 1707 779 1718 ,
795 1686 886 1721 qualis
902 1686 992 1714 fuerat
1008 1694 1057 1713 eo-

263 1739 325 1759 rum
341 1733 389 1766 qui
413 1731 540 1758 unanimi
567 1731 687 1759 consilio
710 1731 855 1760 Christum
878 1732 963 1767 impie
985 1731 1056 1758 allii-

263 1781 376 1804 xerunt.

299 1822 384 1850 Vens.
405 1821 432 1849 6.
444 1831 453 1848 ι
467 1821 591 1856 Quorum
611 1821 725 1857 quidam
739 1821 913 1855 aberrantes,
927 1821 1055 1849 conversi

262 1872 329 1896 sunt
342 1868 372 1895 in
386 1867 590 1902 vaniloquium.
607 1876 616 1892 ι

296 1912 318 1939 Δ
335 1912 490 1945 charitate,
506 1913 563 1945 ait;
590 1915 618 1940 et.
643 1911 815 1940 conscientia
839 1912 930 1946 bona,
952 1916 980 1940 et
1003 1912 1057 1940 tlde

263 1966 319 1986 non
336 1958 481 1986 simulata.

300 2003 383 2032 Vens.
404 2004 431 2031 7.
447 2013 457 2029 ι
475 2003 605 2032 Volentes
634 2011 697 2032 esse
724 2003 794 2040 legis
821 2003 969 2038 doctores.
1001 2012 1056 2032 non

264 2050 453 2085 intelligentes
466 2069 475 2082 ,
495 2058 585 2085 neque
599 2050 634 2078 de
656 2050 760 2086 quibus
783 2050 945 2086 loquuntur,
966 2058 1056 2086 neque

263 2095 298 2123 de
311 2096 413 2130 quibus
428 2095 576 2123 aﬂirmant.
592 2105 601 2122 ι

299 2140 398 2168 Libido
415 2141 517 2176 quippe
528 2140 693 2169 dominandi
707 2148 755 2169 eos
769 2142 843 2177 cogit
857 2147 888 2169 ut
903 2142 1055 2178 magisterii

263 2195 366 2215 munus
381 2187 526 2222 arripiant.

296 2242 382 2271 Vsus.
403 2242 431 2276 8,
450 2242 478 2269 9.
492 2251 502 2268 ι
518 2242 627 2271 Scimus
641 2246 736 2270 autem
750 2243 814 2278 quia
829 2243 901 2272 bona
928 2250 972 2273 est
993 2245 1055 2278 lex,

265 2289 288 2318 si
303 2288 367 2324 quis
379 2295 411 2316 ea
427 2288 548 2324 legitime
563 2292 666 2316 utatur.
681 2288 739 2316 Hoc
755 2291 859 2324 sciens,
875 2301 886 2317 ι

297 2345 443 2380 Legitime,
464 2344 576 2380 inquit,
598 2345 624 2372 id
644 2349 704 2379 est,
721 2354 772 2382 per
788 2355 873 2382 opera
894 2348 979 2382 legem
1004 2348 1055 2375 im-

264 2392 376 2428 plendo.
391 2390 569 2426 Rursumque
586 2391 702 2427 legitime
724 2392 839 2425 dicitur,
864 2393 930 2420 dum
955 2394 1055 2429 aliquis

264 2440 316 2475 legi
335 2446 439 2467 morem
459 2438 541 2473 gerit.
557 2438 622 2473 Legi
639 2447 704 2467 vero
721 2439 767 2467 ille
781 2447 886 2468 morem
907 2440 995 2476 gerit,
1009 2441 1056 2476 qui

264 2485 406 2513 Christum
424 2483 563 2518 suscipit:
586 2484 650 2519 quia
675 2491 775 2519 nempe
798 2485 856 2512 haec
878 2493 930 2514 nos
953 2490 1057 2521 myste-

264 2531 337 2558 rium
351 2531 411 2565 ejus
425 2529 543 2557 docebat
555 2548 563 2561 ,
577 2529 652 2564 quod
667 2529 822 2557 umbratice
837 2530 1000 2559 delinearet.

304 2596 313 2614 ι
328 2586 399 2621 Quia
415 2587 459 2614 lex
471 2586 550 2622 justo
566 2593 622 2614 non
636 2590 679 2615 est
694 2588 797 2623 posita.
813 2596 823 2613 ι

299 2641 447 2670 Proximus
463 2650 564 2671 sensns
577 2646 636 2675 est,
648 2642 757 2677 justum
775 2644 888 2672 minime
904 2645 1054 2672 obnoxium

266 2695 327 2716 esse
345 2687 492 2723 supplicio.
508 2687 686 2722 Spiritualior
698 2688 781 2723 vero},
806 2697 870 2716 eum
895 2690 942 2725 qui
962 2691 1056 2725 justus

266 2733 357 2760 factus
383 2733 436 2767 sit,
461 2733 579 2761 liberum
601 2741 663 2762 esse
691 2741 706 2761 a
734 2734 859 2763 molestis
882 2735 1056 2770 jussionibus

301 2821 324 2838 ’θ
337 2820 392 2849 lsa.
408 2828 484 2854 xxix,
503 2821 547 2849 l5.
585 2822 608 2839 ¹¹
627 2822 707 2850 Rom.
726 2829 754 2856 x,
774 2822 801 2850 4.

1096 221 1280 257 πορευόμενος
1296 223 1336 254 εἰς
1351 222 1532 250 Μακεδονίαν,
1553 232 1562 248 ι

1131 267 1168 294 οὐ
1181 267 1344 295 διδασκάλου
1361 270 1437 304 φωνῇ
1460 269 1604 304 κέχρηται,
1621 268 1679 296 ἀλλ’
1698 268 1806 296 οἰκέτου
1827 277 1890 306 σχι-

1096 313 1151 347 δὺν,
1167 314 1212 343 ἵνα
1227 314 1320 351 διδάξῃ
1335 315 1380 341 τὸν
1396 315 1522 351 μαθητὴν
1537 317 1771 351 ταπεινοφρονεω.

1135 371 1145 388 ι
1168 362 1229 389 Ἵνα
1246 362 1438 398 παραγγείλῃς
1452 363 1518 396 τισὶ,
1536 363 1574 399 μὴ
1590 363 1852 398 ἑτεροδιδασκαλεῖν.
1875 371 1888 391 ι

1134 407 1171 434 Οὐ
1186 407 1295 442 τίθησιν
1315 407 1414 440 αὐτοὺς
1438 407 1579 443 ὀνομαστὶ,
1596 408 1640 435 ἵνα
1656 407 1694 444 μὴ
1711 408 1891 444 ἀναισχυντο-

1096 452 1193 489 τέρους
1208 453 1320 489 ποιήσῃ.

1137 506 1146 523 ι
1164 497 1240 533 Μηδὲ
1255 498 1400 534 προσέχειν
1417 498 1523 534 μύθοις,
1544 507 1554 524 ι

1133 543 1201 575 Ταῖς
1215 543 1344 579 μυθικαῖς
1356 543 1411 571 τῶν
1431 544 1565 571 Ἰουδαίων
1580 544 1772 580 παρωδόσεσιν,
1787 542 1830 577 οἷς
1844 545 1892 572 καὶ

1098 590 1113 617 ὁ
1121 590 1264 625 προφήτης
1275 589 1398 617 ἐνεκάλει
1413 589 1501 624 λέγων
1512 599 1519 606 ·
1534 590 1735 625 Διδάσκοντσς
1746 591 1891 619 διδασκα-

1098 635 1183 669 λίας,
1208 635 1381 670 ἐντάλματα
1413 635 1589 670 ἀνθρώπων.
1618 635 1756 670 ’Λφιέντες
1772 637 1828 673 γὰρ
1847 635 1892 670 ἑξ-

1099 681 1227 717 ηγεῖσθαι
1239 681 1286 709 τὸν
1301 682 1396 717 νόμον,
1418 682 1486 713 ιδίας
1501 681 1666 717 παραδόσεις
1682 682 1822 712 ἐπενόουν.

1139 737 1150 754 ι
1171 728 1228 755 Καὶ
1241 727 1429 763 γενεαλογίαις
1443 728 1618 764 άπεράντοις.
1633 737 1642 754 ι

1136 773 1357 808 Γενεαλοτίας,
1379 774 1429 806 τὰς
1453 775 1519 810 παρ’
1542 773 1679 809 Ἐλλήνων
1694 773 1833 808 θεογονίας
1847 772 1892 801 λέ·
1930 776 1934 779 ’

1101 828 1162 854 γει,
1177 819 1228 852 τὰς
1242 819 1335 855 σειρὰς
1347 819 1402 846 τῶν
1419 819 1499 849 θεῶν.
1514 820 1651 856 Παραινεϊ
1661 817 1710 847 οὖν
1720 818 1759 855 τῷ
1771 820 1890 856 μαθητῇ,

1102 865 1152 893 καὶ
1171 867 1235 898 τοὺς
1265 866 1359 901 μύθοις
1388 866 1546 898 Ἰουδαϊκοῖς
1570 866 1759 902 κεχρημένους
1779 867 1893 902 ἀνατρέ-

1102 915 1174 946 πειν,
1190 913 1239 940 καὶ
1258 913 1320 945 τοὺς
1342 913 1503 949 Ἑλληνικῆς
1527 913 1635 947 ἀπάτης
1659 913 1828 948 χρωμένους,
1855 912 1893 949 μὴ

1101 959 1261 996 ἑπιτρέπειν
1286 959 1393 992 λαλεῖν,
1427 959 1497 995 μηδὲ
1526 959 1610 987 οἱονεὶ
1637 959 1731 995 σειρὰς
1755 958 1895 994 εἰσφέρειν

1103 1005 1183 1033 θεῶν.

1141 1061 1152 1079 ι
1166 1052 1275 1084 Αῐτινες
1301 1053 1430 1089 ζητήσεις
1448 1052 1599 1088 παρέχουσι
1621 1051 1735 1087 μᾶλλον,
1753 1051 1769 1087 ἢ
1788 1051 1892 1079 οἰκοδο-

1104 1099 1173 1135 μίαν
1196 1099 1264 1126 Θεοῦ
1282 1099 1334 1134 τὴν
1350 1099 1380 1126 ὲν
1396 1098 1500 1127 πίστει.
1521 1108 1531 1125 ι

1138 1139 1237 1176 Αὗται,
1256 1145 1348 1180 φησὶν,
1364 1145 1391 1171 αἱ
1406 1144 1578 1172 διδασκαλίαι
1595 1144 1664 1179 πρὸς
1674 1143 1705 1171 τὺ
1720 1145 1803 1180 μηδὲν
1817 1145 1892 1180 ὠφε-

1103 1189 1171 1223 λεῖν,
1185 1189 1233 1217 καὶ
1247 1189 1298 1224 τῆς
1317 1189 1475 1226 οἰκονομίας
1484 1189 1533 1216 τοῦ
1544 1188 1625 1221 Θεοῦ,
1638 1189 1826 1224 άπασχυλοῦσι
1847 1189 1894 1217 τὸν

1104 1233 1259 1269 ἄνθρωπον.
1277 1235 1457 1270 Οἰκονομίαν
1473 1234 1514 1262 δὲ’
1528 1234 1603 1262 Θεοῦ
1614 1233 1644 1261 τὸ
1655 1226 1710 1270 τῆς
1720 1233 1894 1271 ὲνανθρωπή-

1104 1287 1174 1313 σεως
1191 1279 1266 1315 λέγει
1283 1282 1445 1317 μυστήριον.

1144 1333 1157 1352 ι
1171 1325 1209 1352 Τὸ
1224 1325 1253 1352 δὲ
1271 1325 1348 1358 τέλος
1364 1325 1416 1361 τῆς
1437 1325 1630 1362 παραγγελίας
1649 1326 1736 1358 ἐστὶν,
1750 1324 1845 1361 ἀγάπη
1861 1325 1895 1352 bc

1103 1371 1230 1407 καθαρᾶς
1246 1371 1373 1406 καρδίας,
1387 1371 1435 1398 καὶ⁵
1456 1371 1636 1406 συνειδήσεως
1650 1370 1768 1406 ἀγαθῆς,
1787 1371 1836 1398 καὶ
1849 1371 1894 1398 πῖ-

1093 1416 1096 1419 ’
1107 1423 1193 1448 στεως
1205 1417 1399 1452 ἀνυποκρίτου.
1419 1425 1429 1442 ι

1142 1461 1283 1493 Τουτέστι,
1304 1462 1454 1496 κεφάλαιον
1477 1462 1527 1497 τῆς
1552 1462 1744 1498 παραγγελίας
1778 1462 1865 1495 ἐστὶν,
1881 1462 1895 1488 δ

1106 1507 1170 1542 περὶ
1185 1507 1297 1541 ἀγάπης
1312 1507 1401 1541 λόγος.
1417 1507 1522 1543 Ὥσπερ
1541 1507 1570 1534 δὲ
1585 1507 1662 1539 τέλος
1677 1508 1761 1542 νόμον
1775 1506 1895 1543 Χριστὸν

1105 1551 1230 1586 ὴΓραφὴ
1244 1551 1336 1585 λέγει,
1360 1551 1485 1578 τουτέστι
1502 1550 1703 1586 συμπλήρωσιν
1732 1551 1780 1577 καὶ
1808 1558 1896 1584 κεφα-

1105 1594 1229 1626 λαίωσιν,
1243 1594 1316 1621 οὕτω
1331 1594 1450 1621 ἐνταῦθα
1469 1594 1566 1630 εἴρηκε
1582 1594 1632 1630 τὴν
1646 1594 1744 1626 λέξιν.
1767 1591 1803 1620 Εὗ
1821 1594 1850 1621 δὲ
1865 1593 1897 1620 τδ

1107 1639 1266 1675 προσθεῖναι
1291 1640 1326 1666 ἐκ
1344 1639 1476 1674 καθαρᾶς
1500 1639 1636 1674 καρδίας,
1651 1639 1747 1675 ἐπειδὴ
1764 1639 1822 1666 ἐστι
1848 1640 1896 1667 καὶ

1106 1685 1233 1720 πονηρῶν
1250 1685 1357 1720 ἀγάπη.
1383 1682 1444 1712 Οἴοι
1471 1682 1543 1720 ἦσαν
1557 1685 1582 1711 oi
1598 1684 1779 1720 ὁμονοοῦντες
1792 1684 1839 1711 ἐπὶ
1862 1685 1895 1720 τῇ

1106 1730 1177 1756 κατά
1185 1730 1305 1765 Χριστοῦ
1316 1729 1473 1766 δυσσεϐείᾳ.

1145 1828 1155 1845 ι
1169 1815 1220 1846 Ὧν
1239 1826 1310 1849 τινες
1328 1819 1544 1854 ἀστοχήσαντες,
1569 1817 1760 1853 ἐξετράπησαν
1784 1817 1825 1849 είς
1846 1825 1897 1852 μαι

1107 1863 1216 1898 ταιολογ
1220 1863 1273 1891 ίαν.
1289 1873 1298 1889 ι

1143 1910 1199 1945 Τῆς
1212 1910 1323 1946 ἀγάπης
1338 1910 1424 1945 λέγει.
1448 1910 1496 1938 καὶ
1518 1910 1568 1946 τῆς
1583 1909 1690 1945 ἀγαθῆς
1703 1909 1895 1944 συνειδήσεως,

1107 1955 1154 1984 καὶ
1170 1956 1220 1990 τῆς
1231 1956 1418 1991 ἀνυποκρίτου
1433 1956 1563 1988 πίστεως.

1149 2011 1159 2028 ι
1178 2002 1307 2033 Θὲλοντες
1327 2001 1396 2029 εἶναι
1426 2002 1661 2038 νομοδιδάσκαλοι,
1698 2001 1736 2037 μὴ
1760 2002 1896 2035 νοοῦντες,

1109 2050 1180 2086 μήτε
1194 2049 1213 2076 ἃ
1230 2048 1350 2084 λέγουσι,
1365 2050 1435 2085 μήτε
1451 2049 1517 2084 περὶ
1531 2049 1614 2075 τίνων
1630 2048 1862 2076 διασεὸαιοῦνται.
1883 2059 1893 2076 ι

1145 2141 1179 2168 '0
1201 2140 1255 2175 γὰρ
1277 2139 1348 2176 ἔρως
1375 2140 1424 2175 τῆς
1451 2139 1600 2175 φιλαρχίας
1623 2139 1774 2174 ἀναγκάζει
1797 2139 1826 2166 τὺ
1842 2139 1897 2166 τῶν

1111 2186 1283 2216 διδασκάλων
1300 2185 1435 2222 ἁρπάζειν
1449 2186 1569 2221 ἀξίωμα.

1144 2254 1154 2270 ι
1170 2244 1290 2279 οῐδαμεν
1313 2243 1342 2270 δὲ
1365 2243 1407 2271 δτι
1433 2243 1516 2275 καλὸς
1539 2243 1554 2269 ό
1577 2242 1670 2278 νόμος,
1688 2243 1747 2277 »ἐάν
1768 2251 1810 2274 τις
1823 2242 1899 2278 αὐτῷ

1109 2292 1237 2327 νομίμως
1249 2291 1358 2326 χρῆται,
1379 2289 1465 2321 Εἰδὼς
1479 2289 1569 2323 τοῦτο,
1590 2299 1599 2314 ι

1144 2349 1192 2382 Τὸ,
1206 2348 1349 2384 νομίμως,
1369 2347 1432 2375 ἀντὶ
1447 2346 1506 2378 τοῦ,
1524 2346 1560 2373 δι’
1580 2345 1668 2382 ἔργων
1688 2345 1769 2372 αὑτὸν
1787 2346 1897 2381 πληροῖ.

1109 2394 1164 2422 Καὶ
1182 2394 1265 2421 πάλιν
1275 2394 1307 2420 τὸ
1330 2394 1473 2428 νομίμως,
1498 2393 1563 2419 ὅταν
1589 2401 1630 2424 τις
1653 2391 1729 2426 αὑτῷ
1757 2391 1899 2418 πείθεσθαι

1109 2439 1195 2474 λέγει.
1213 2439 1340 2466 Πείθεται
1364 2439 1393 2465 δὲ
1417 2438 1491 2474 αὐτῷ
1505 2439 1519 2464 ὁ
1538 2438 1683 2473 δεχόμενος
1700 2437 1747 2464 τδν
1770 2438 1899 2472 Χριστὸν,

1111 2485 1178 2512 καθὸ
1199 2486 1247 2512 καὶ
1259 2485 1290 2511 τὸ
1306 2485 1371 2518 περὶ
1390 2484 1472 2511 αὐτοῦ
1485 2484 1626 2511 ἐδίδασκεν
1645 2484 1721 2519 ἡμᾶς
1734 2483 1897 2519 μυστήριον,

1106 2531 1206 2566 ’ὥσπερ
1218 2532 1246 2558 ὲν
1262 2532 1352 2563 σκιαῖς
1369 2530 1434 2566 ὑμῖν
1448 2530 1635 2565 καταγράφων
1649 2529 1726 2557 αὑτό.

1147 2597 1158 2614 ι
1178 2588 1240 2615 Ὅτι
1258 2587 1354 2622 δικαίῳ
1369 2588 1451 2623 νόμος
1462 2587 1492 2614 οὺ
1511 2587 1612 2614 κεῖται.
1626 2595 1635 2612 ι

1145 2645 1225 2673 Κατὰ
1237 2645 1286 2681 μὲν
1298 2645 1344 2671 τὸν
1358 2643 1505 2680 πρόχειρον
1514 2639 1604 2678 λόγον,
1616 2643 1656 2670 ὅτι
1667 2642 1806 2674 κολάσεώς
1819 2643 1896 2669 ἐστιν

1113 2691 1191 2722 tuo;
1211 2689 1249 2725 τῷ
1261 2689 1368 2725 δικαίῳ.
1379 2688 1460 2716 Κατά
1475 2688 1503 2715 δὲ
1515 2688 1561 2715 τὸν
1575 2688 1846 2723 πνευματικώτερην,
1858 2689 1902 2715 ὅτι

1111 2737 1125 2763 ὁ
1138 2737 1295 2770 δικαιωθεὶς
1310 2737 1355 2765 διὰ
1370 2736 1420 2772 τῆς
1440 2736 1564 2772 χάριτος,
1582 2735 1634 2769 ἔξω
1646 2734 1803 2763 λυπούντων
1816 2742 1904 2770 «por
