2078 3115
239 138 241 140 ν
297 125 365 158 1οῡ3

849 139 851 142 -
878 123 907 153 S.
922 122 1083 154 JOANNIS
1098 124 1315 156 DAMASCENI

1856 132 1922 165 100’.

295 179 444 216 exprimit,
460 178 545 206 'velut
573 178 747 212 signiﬁcans,
771 182 827 206 tum
851 179 925 206 illam
942 186 1003 207 cum
1029 186 1075 214 qu:

1134 180 1216 207 οἱονεὶ
1232 182 1374 217 σημαίνων
1399 183 1508 220 ἐκείνην
1530 184 1589 220 μεθ’
1605 184 1638 222 ἧς
1657 185 1752 213 ἔλαϐεν
1768 187 1860 221 αὐτὸν,
1876 191 1924 217 καὶ

293 225 469 255 Timotheum
490 229 652 258 acceperat,
674 232 736 252 cum
754 232 806 259 qua
822 229 849 251 et
863 224 952 259 ipsum
965 225 1080 251 cireum-

292 271 413 302 cidernt,
430 274 456 297 et
483 277 546 298 cum
574 277 627 304 qua
649 269 748 297 ordine
774 277 853 296 sacro
878 269 1005 298 eumdem
1030 268 1082 296 ini-

292 319 418 345 tiarerat.
461 350 462 353 η

330 372 339 389 ι
355 363 442 396 Quam
458 362 570 398 quidam
585 362 749 397 repellentes
760 383 768 395 ,
783 363 856 390 circa
873 362 952 390 ﬁdem
969 362 1082 390 naufra-

290 415 439 446 gavcruut,
463 408 567 445 [Vsns.
588 408 645 445 20]
666 416 698 436 ex
730 409 832 444 quibus
852 413 894 437 est
919 409 1081 444 Hymenaeus

290 461 317 484 ct
332 454 499 489 Alexander,
516 461 587 490 quos
603 454 701 481 tradidi
720 454 839 481 Satanae.
856 464 866 480 ι

328 501 394 528 Nam
409 501 455 528 ubi
473 501 530 528 vita
548 500 674 536 deposita
691 505 753 532 est,
769 504 797 527 et
819 501 957 535 ejumuodi
979 500 1079 535 dogma

290 548 318 574 in
333 548 422 575 lucem
437 546 539 579 editur,
558 553 590 573 ac
608 545 742 580 plurimos
757 545 852 574 videas
869 547 896 573 in
913 545 1078 581 profundum

289 593 427 621 malorum
441 599 592 624 corruere,
606 596 634 619 et
645 591 679 618 ad
694 591 825 627 gentilem
845 591 927 618 ritum
942 592 1078 619 converti.

285 638 325 666 lit
338 638 411 667 enim
427 637 584 665 fulturarum
608 642 684 666 metu
701 636 815 664 minime
831 636 1001 669 crucientur,
1018 637 1078 666 ani-

288 691 334 711 mo
348 682 514 719 persuadere
528 682 640 710 student
655 681 724 709 falsa
748 690 811 710 esse
834 689 1007 718 quaecunque
1028 690 1078 710 nos

283 729 435 757 tradimus.

322 785 332 802 ι
347 775 384 804 Ut
396 775 506 803 discant
520 782 574 803 non
587 775 790 810 blasphemare.
807 784 817 800 ι

615 820 692 848 CAP.
714 819 747 848 ll.

324 866 406 895 Vens.
428 867 454 895 l.
469 876 478 893 ι
494 866 618 895 Obsecro
631 867 715 902 igitur
729 868 849 903 primum
867 866 926 895 ﬁeri
942 867 1076 895 obsecra-

287 913 395 946 tiones,
417 913 638 948 postulationes,
660 917 688 941 et
708 914 861 949 gratiarum
882 913 1006 942 actiones
1027 921 1078 949 pro

285 959 416 988 omnibus
427 959 615 987 hominibus.)

319 1006 379 1035 Non
395 1011 424 1034 ut
437 1014 484 1036 eos
498 1006 615 1039 doceat,
632 1007 736 1043 inquit,
759 1007 808 1036 sed
830 1012 859 1035 ut.
879 1008 996 1035 discant.
1016 1006 1077 1035 Non

282 1052 356 1080 enim
378 1053 431 1081 hoc
452 1053 499 1080 ille
514 1057 644 1088 praestat,
660 1053 706 1082 sed
720 1054 871 1082 indictione
885 1061 973 1090 poenae
989 1053 1016 1082 id
1031 1061 1077 1081 ac-

283 1099 363 1127 cidit.
763 1120 765 1122 .

317 1146 400 1175 Vens.
422 1147 488 1175 2-6.
501 1156 511 1173 ι
528 1147 581 1175 Pro
599 1147 710 1183 regibus
725 1151 752 1176 et
764 1147 893 1175 omnibus
906 1146 952 1182 qui
969 1147 996 1174 in
1011 1146 1077 1174 sub-

283 1193 399 1222 limitate
422 1197 504 1227 sunt,
540 1195 620 1230 261
646 1199 676 1221 ut
699 1194 820 1229 quietam
845 1198 872 1222 et
897 1193 1075 1229 tranquillam

282 1239 367 1266 vitam
388 1247 504 1275 agamus
528 1239 555 1267 in
579 1239 656 1267 omni
683 1240 787 1274 pietate
811 1243 839 1267 et
861 1240 1001 1268 castitate.
1018 1239 1076 1267 Hoc

281 1285 355 1312 enim
367 1286 469 1314 bonum
484 1290 526 1313 est
555 1289 582 1314 et
597 1289 737 1319 acceptum
752 1293 847 1313 coram
861 1286 1005 1313 Salvatore
1021 1285 1076 1314 Deo

281 1335 393 1363 nostro,
407 1332 455 1366 qui
474 1331 533 1359 vult
548 1339 644 1359 omnes
658 1331 784 1358 homines
798 1331 889 1359 salvos
906 1331 964 1358 ﬁeri
974 1351 982 1363 ,
997 1334 1026 1358 et
1041 1330 1075 1358 ad

282 1377 449 1412 agnitionem
464 1377 589 1405 veritatis
606 1377 713 1405 venire.
726 1376 805 1404 Unus
815 1377 889 1404 enim
906 1376 988 1409 Deus,
1003 1385 1075 1405 unus

282 1423 417 1451 mediator
434 1423 480 1451 Dei
492 1429 519 1451 et
536 1423 679 1451 hominum
691 1444 698 1457 ,
723 1423 806 1451 homo
827 1422 957 1451 Christus
976 1421 1074 1455 Iesus,

281 1470 328 1504 qui
345 1468 420 1497 dedit
432 1469 612 1505 semetipsum
624 1479 634 1495 ι

318 1516 388 1550 Quia
416 1516 556 1552 principes
572 1520 641 1544 tunc
665 1517 797 1552 temporis
823 1516 996 1545 Christianos
1014 1523 1073 1543 ma-
1087 1528 1110 1559 ο

281 1563 354 1591 xime
372 1563 592 1594 insectabantur,
621 1563 758 1590 orandum
789 1570 851 1592 esse
867 1569 917 1598 pro
931 1562 999 1597 ipsis
1022 1562 1072 1594 ait,

282 1613 311 1637 ut
327 1609 420 1637 ﬁdeles
435 1608 544 1636 discant
555 1615 602 1636 eos
634 1615 688 1635 non
716 1608 818 1636 odisse.
836 1607 894 1636 Hoc
909 1615 1005 1643 nempe
1020 1607 1072 1634 do-

280 1662 357 1686 cens,
373 1654 445 1689 quod
461 1653 592 1681 Dominus
608 1654 650 1681 his
664 1653 755 1681 verbis
783 1657 950 1689 praeceperat
967 1661 974 1680 :
991 1653 1074 1681 Orate

279 1709 328 1735 pro
345 1700 560 1736 persequentibus
579 1701 665 1727 vos“.
681 1699 857 1735 Quapropter
872 1699 975 1735 adjecit
989 1707 997 1726 :
1013 1701 1071 1728 Hoc

281 1745 378 1773 bonum
390 1749 429 1773 est
444 1750 468 1773 et
484 1750 634 1780 acceptant.

317 1800 327 1817 ι
346 1791 568 1826 Redemptioncm
580 1798 629 1826 pro
639 1791 779 1825 omnibus,
795 1791 993 1824 testimonium,
1007 1800 1017 1817 ι

315 1837 384 1866 Cum
423 1838 459 1865 ob
489 1840 603 1872 peccata
623 1845 672 1865 sua
689 1837 823 1872 puniendi
851 1841 956 1870 essent,
970 1837 1070 1872 inquit,

280 1881 378 1909 borum
396 1882 455 1911 vice
467 1881 566 1909 Filium
577 1889 659 1910 suum
671 1882 757 1910 dedit.

297 1972 497 2008 «Temporibus
523 1973 599 2006 suis;
625 1972 728 2009 [Vens
744 1971 772 2007 7,
785 1972 821 2009 8]
840 1973 868 2000 in
886 1981 942 2009 quo
965 1973 1073 2009 positus

278 2025 340 2046 sum
351 2025 401 2054 ego
414 2019 576 2054 praedicator
585 2024 613 2047 et
624 2019 772 2055 Apostolus
786 2018 797 2052 ί
804 2019 945 2047 veritatem
959 2019 1032 2053 dico,
1045 2024 1073 2048 et

280 2071 335 2092 non
355 2065 498 2100 mentior),
515 2065 646 2099 magister
659 2065 781 2101 gentium
800 2065 827 2092 in
844 2065 896 2094 ﬁde
907 2069 936 2093 et
946 2065 1071 2094 veritate.

281 2108 347 2136 Volo
360 2117 410 2145 ego
423 2110 498 2138 viros
512 2118 591 2138 orare
602 2120 612 2137 ι

315 2155 343 2182 Id
355 2158 408 2188 cst,
422 2155 460 2182 uti
475 2156 658 2190 congruebat.

1135 227 1195 260 μεθ’
1209 225 1242 263 ἧς
1254 229 1412 264 περιέτεμε,
1430 231 1476 257 καὶ
1493 230 1552 266 μεθ’
1567 229 1602 267 ἧς
1617 231 1791 267 ἐχειροτόνει.

1172 371 1180 387 ι
1203 362 1256 389 ’Ἢν
1271 372 1344 395 τινες
1366 364 1553 400 ἀπωσάμενοι,
1567 366 1631 401 περὶ
1656 366 1705 400 τὴν
1724 367 1816 394 πίστιν
1842 368 1922 395 ὲναυ-
1964 374 1975 384 ¹

1133 407 1249 443 ἀγησαν,
1260 405 1297 435 ὧν
1309 410 1383 436 ἐστιν
1391 410 1534 445 ’Υμεναῖος
1544 412 1592 438 καὶ
1604 410 1780 448 Ἀλέξανδρος
1793 412 1840 446 οὓς
1851 422 1923 450 παρα

1131 454 1222 481 έδωκα
1234 455 1272 489 τῷ
1283 456 1401 491 Σατανᾷ,
1424 466 1433 482 ι

1167 501 1252 528 Ὅταν
1267 502 1321 537 γὰρ
1360 502 1417 537 βίος
1427 503 1650 538 ἀπεγνωσμένος,
1665 505 1713 531 καὶ
1728 505 1819 540 δόγμα
1832 505 1922 532 τίκτε-

1129 553 1175 571 ται
1201 545 1333 579 τοιοῦτον,
1361 548 1408 574 καὶ
1430 548 1504 575 ἐστιν
1534 548 1598 575 ἰδεῖν
1628 548 1744 581 πολλοὺς
1759 549 1807 577 ἐπὶ
1820 550 1852 576 τὸ
1869 550 1917 577 τοῦ

1130 592 1299 618 καταπεσεῖν
1312 592 1352 623 εἰς
1368 592 1448 627 βυθὸν
1476 594 1569 620 κακῶν
1592 595 1640 621 καὶ
1668 594 1710 626 εἰς
1738 594 1920 631 Ἐλληνισμδν

1129 636 1327 671 ἐκτραπέντας.
1352 638 1412 666 Ἵνα
1422 639 1477 675 γὰρ
1499 640 1537 675 μὴ
1551 639 1590 675 τῷ
1606 640 1683 676 φόϐῳ
1696 640 1750 667 τῶν
1767 641 1921 676 μελλόντων

1130 681 1347 716 βασανίζωνται,
1365 686 1548 712 σπουδάσουσι
1573 687 1666 712 πεῖσαι
1695 687 1746 722 τὴν
1761 686 1861 722 ψυχὴν,
1878 687 1920 714 ὅτι

1128 728 1214 764 ψευδῆ
1230 730 1320 756 πάντα
1332 730 1367 757 τὰ
1385 731 1450 766 παρ’
1468 732 1545 766 ἡμῖν.

1167 784 1176 800 ι
1196 775 1255 803 Ἵνα
1275 777 1442 804 παιδευθῶσι
1465 777 1504 813 μὴ
1519 778 1702 814 βλασφημεῖν.

1431 824 1558 852 ΚΕΦΔΔ.
1579 825 1617 852 Β’.

1166 876 1175 892 ι
1201 867 1360 903 Παρακαλῶ
1374 866 1420 895 οὖν
1437 869 1546 905 πρῶτον
1562 865 1673 897 πάντωδ
1701 871 1839 898 ποιεῖσθαι
1858 871 1918 907 δεή-

1130 920 1200 945 σεις,
1215 915 1382 950 προσευχὰς,
1399 914 1547 949 ἐντεύξεις,
1569 916 1749 951 εὐχαριστίας
1762 917 1834 953 ὑπὲρ
1848 918 1916 945 πάν-

1128 964 1182 984 των
1196 957 1359 993 ἀνθρώπων.
1376 967 1384 983 ι

1164 1002 1221 1038 Οὐχ
1231 1003 1274 1030 ἴνα
1289 1004 1424 1040 παιδεύσῃ
1436 1005 1548 1037 αὐτοὺς,
1565 1005 1658 1040 φησὶν,
1674 1005 1732 1032 ἀλλ’
1748 1006 1792 1034 ἵνα
1802 1007 1922 1034 παιδευ-

1128 1047 1232 1077 θῶσιν.
1248 1049 1285 1076 Οὺ
1295 1050 1350 1085 γὰρ
1364 1051 1469 1082 ἐκεῖνος
1483 1050 1564 1078 τοῦτο
1576 1051 1734 1086 ἐργάζεται,
1752 1052 1810 1078 ἀλλ’
1824 1053 1856 1078 ὲκ
1868 1053 1918 1087 τῆς

1128 1095 1265 1128 κολάσεως
1282 1096 1362 1123 τοῦτο
1376 1097 1533 1132 συμϐαίνει.

1166 1152 1175 1167 ι
1197 1143 1285 1179 ’Υπὲρ
1307 1143 1453 1178 βασιλέων,
1482 1145 1529 1172 καὶ
1546 1144 1657 1171 πάντων
1673 1144 1728 1171 τῶν
1746 1145 1776 1171 ἐν
1793 1146 1917 1181 ὑπεροχῇ

1127 1190 1222 1224 ὀντων,
1253 1191 1296 1218 ἵνα
1322 1193 1427 1228 ἧρεμον
1452 1193 1500 1220 καὶ
1518 1192 1631 1228 ἡσύχιον
1660 1192 1718 1228 βίον
1735 1193 1876 1228 διάγωμεν
1888 1194 1917 1219 ἐν

1127 1239 1202 1275 πάσῃ
1220 1239 1347 1276 εὐσεϐείᾳ
1367 1241 1414 1267 καὶ
1424 1240 1585 1275 σεμνότητι.ι
1598 1239 1685 1266 Τοῦτο
1701 1239 1756 1275 γὰρ
1770 1239 1853 1266 καλὸν
1870 1239 1917 1265 καὶ

1126 1286 1274 1312 ἀπόδεκτον
1303 1287 1419 1313 ἐνώπιον
1444 1286 1491 1312 τοῦ
1519 1287 1644 1321 Σωτῆρος
1674 1287 1755 1321 ἡμῶν
1777 1285 1858 1317 Θεοῦ,
1887 1285 1917 1316 ὃς

1127 1331 1233 1363 πάντας
1248 1331 1410 1367 ἀνθρώπους
1423 1331 1496 1358 θέλει
1522 1331 1659 1366 σωθῆναι,
1677 1332 1724 1358 καὶ
1741 1332 1780 1363 εἱς
1796 1332 1916 1365 ἐπίγνω-

1127 1385 1169 1403 σιν
1183 1377 1313 1412 ἀληθείας
1326 1377 1425 1404 ἐλθεῖν.
1442 1376 1489 1410 Εἷς
1508 1378 1563 1414 γὰρ
1577 1378 1655 1411 Θεὸς,
1681 1376 1722 1409 εἷς
1734 1378 1782 1404 καὶ
1800 1370 1915 1412 μέσίτης

1125 1423 1194 1450 Θεοῦ
1208 1424 1256 1450 καὶ
1277 1423 1441 1460 ἀνθρώπιον,
1457 1424 1602 1460 ἄνθρωπος
1625 1424 1733 1460 Ἰησοῦς
1756 1424 1887 1459 Χριστὸς,
1901 1423 1916 1449 ὀ

1124 1471 1187 1503 δοὺς
1202 1471 1299 1498 ἑαυτὸν
1319 1481 1328 1497 ι

1168 1516 1278 1552 Ἐπειδὴ
1288 1517 1350 1544 τότε
1367 1516 1487 1552 μάλιστα
1502 1516 1657 1549 ἐδιώκοντο,
1683 1515 1768 1550 φησιν
1787 1515 1916 1550 εὔχεσθαι

1127 1563 1197 1599 ὑπὲρ
1212 1563 1314 1597 αὐτῶν,
1327 1563 1371 1590 ἵνα
1393 1563 1508 1599 διδάσκῃ
1525 1562 1562 1599 μὴ
1589 1564 1680 1598 μισεῖν
1695 1562 1805 1593 αὐτούς.
1828 1561 1915 1588 Τοῦτο

1124 1608 1223 1642 λέγων,
1242 1609 1256 1635 ὃ
1272 1608 1438 1645 προσέταξεν
1451 1609 1465 1635 ὁ
1478 1608 1582 1644 Κύριος
1591 1608 1689 1642 λέγων,
1703 1607 1915 1641 Προσεύχεσθε

1123 1654 1201 1688 ὑπὲρ
1217 1654 1277 1681 τῶν
1300 1654 1472 1681 διωκόντων
1498 1653 1587 1688 ὑμᾶς.
1615 1653 1660 1680 Διὸ
1686 1653 1733 1680 καὶ
1748 1654 1889 1688 ἐπήγαγεν
1905 1661 1912 1668 ·

1126 1699 1217 1728 Τοῦτο
1231 1701 1328 1727 καλὸν
1340 1700 1390 1727 καί
1406 1700 1586 1728 ἀπόδεκτον.
1780 1695 1786 1698 ”

1162 1798 1171 1814 ι
1199 1788 1374 1824 ’Δντίλυτρον
1390 1788 1461 1823 ὑπὲρ
1481 1788 1591 1815 πάντων
1605 1795 1612 1803 ·
1626 1789 1657 1815 ἰδ
1674 1788 1838 1824 μαρτύριον,
1857 1797 1867 1813 ι

1162 1834 1307 1870 Ἐμελλεν,
1335 1835 1414 1870 φησι⁷
1439 1834 1620 1870 τιμωρεῖσθαι
1647 1834 1747 1865 αὐτοὺς
1765 1834 1835 1868 ὑπὲρ
1858 1833 1913 1859 τῶν

1122 1880 1343 1916 ἁμαρτημάτων,
1356 1880 1412 1907 ἀλλ’
1427 1881 1486 1907 ἀντ’
1502 1880 1614 1908 ἱκείνων
1633 1881 1680 1907 τὸν
1695 1880 1793 1907 εαυτοῦ
1810 1880 1913 1906 ἔδωκεν

1124 1927 1197 1955 Υίόν.

1163 1984 1172 2001 ι
1188 1974 1304 2009 Καιροϊς
1323 1974 1407 2006 ἰδίοις,
1423 1974 1462 2005 εἰς
1480 1973 1495 2000 ὃ
1508 1973 1603 2009 ἐτέθην
1613 1972 1668 2008 ἐγὼ
1679 1972 1768 2009 κήρυε
1787 1973 1835 2000 καὶ
1847 1973 1913 2000 ἀπό-

1124 2018 1229 2050 στολος,
1246 2017 1379 2053 ἀλήθειαν
1411 2017 1495 2052 λέγω,
1516 2018 1548 2045 οὐ
1574 2017 1721 2054 ψεύδομαι,
1751 2017 1913 2049 διδάσκαλος

1122 2063 1220 2097 ἐθνῶν,
1235 2063 1265 2091 ὲν
1280 2064 1371 2091 πίστει
1387 2064 1435 2091 καὶ
1448 2063 1572 2099 ἀληθείᾳ.
1584 2064 1721 2099 Βούλομαι
1733 2062 1782 2092 οὖν
1796 2063 1915 2105 προσεύ-

1124 2110 1220 2145 χεσθαι
1235 2110 1300 2142 τοὺς
1315 2110 1414 2144 ἄνδρας
1433 2120 1442 2137 ι

1161 2156 1303 2189 Τουτέστι,
1321 2156 1528 2191 προσηκόντως.

316 2209 325 2224 ι
343 2200 372 2227 in
397 2200 472 2227 omni
485 2200 557 2232 loco,
586 2201 710 2229 levantes
741 2209 824 2236 puras
840 2210 938 2231 manus
955 2204 1016 2233 sine
1030 2205 1070 2232 ira

1163 2211 1172 2228 ι
1197 2203 1243 2229 Ἐν
1260 2202 1342 2229 παντὶ
1351 2202 1439 2237 τόπῳ,
1452 2202 1616 2237 ἐπαίροντας
1629 2202 1721 2234 ὁσίους
1739 2203 1842 2238 χεῖρας,
1859 2209 1915 2235 χω-

278 2249 306 2273 et
324 2245 534 2281 disceptatione.
549 2256 558 2272 ι

314 2289 444 2318 Ostendit
461 2291 601 2319 sacriﬁcio
617 2292 722 2320 Christi
735 2292 838 2321 factum
859 2302 922 2323 esse
938 2299 968 2324 ut
980 2297 1074 2325 omnis

278 2337 356 2364 orbis
368 2340 449 2364 terrae
458 2336 538 2365 locus
547 2335 702 2366 Jerusalem
717 2338 857 2366 evaderet.
875 2339 962 2367 Purus
978 2349 1074 2369 manus

279 2383 359 2417 dicit,
374 2387 404 2411 ut
417 2383 493 2419 ipsos
510 2383 609 2412 doceat
621 2385 655 2411 ab
670 2385 748 2412 omni
766 2391 880 2420 peccato
895 2394 982 2421 puros
998 2395 1071 2420 esse,

278 2430 355 2457 velut
382 2434 447 2457 ante
469 2429 588 2457 dixerat.
602 2429 674 2458 Illud
691 2438 769 2464 vero,
787 2432 844 2459 sine
861 2433 915 2466 ira,
938 2432 1010 2462 idem
1028 2438 1072 2461 est

279 2479 362 2511 atque
394 2475 560 2511 injuriarum
591 2475 778 2505 immemores.
808 2476 884 2506 istud
915 2479 1020 2511 etiam,
1046 2485 1071 2506 et

278 2521 524 2555 disceptationibus,
555 2528 665 2550 omnem
697 2522 896 2551 haesitationem
923 2524 1031 2557 adimit,
1047 2529 1075 2552 ct

280 2566 414 2601 ejusmodi
437 2567 624 2601 dubietatem;
654 2575 719 2596 num
751 2567 822 2596 forte
848 2576 944 2597 eorum
970 2577 1032 2604 quae
1055 2577 1069 2596 ιι

280 2611 336 2638 Deo
351 2611 503 2646 postulant,
516 2617 660 2648 compotes
680 2618 774 2641 essent
791 2613 892 2642 futuri.

297 2656 400 2685 ,Vsns.
431 2657 459 2690 9,
474 2657 519 2685 10.
540 2666 550 2684 ι
570 2658 706 2687 Similiter
732 2663 761 2686 et
784 2659 913 2688 mulieres
928 2660 955 2687 in
974 2660 1069 2688 habitu

280 2706 380 2731 ornato
395 2709 459 2730 cum
483 2703 647 2731 verecundia
668 2708 695 2731 et
711 2704 862 2733 sobrietate
876 2709 1010 2732 ornantes
1025 2713 1066 2739 se,

279 2752 307 2775 et
318 2755 373 2775 non
387 2748 414 2775 in
432 2748 512 2775 tortis
531 2748 666 2782 crinibus,
681 2754 729 2777 aut
744 2758 822 2784 auro,
839 2755 885 2778 aut
900 2752 1070 2785 margaritis.

324 2835 450 2866 "Matth.
469 2845 537 2871 nu,
552 2837 599 2867 ιι.

1127 2249 1169 2285 pi;
1185 2248 1270 2285 ὀργῆς
1286 2249 1335 2276 καὶ
1351 2248 1547 2284 διαλογισμοῦι
1560 2258 1570 2274 ν

1161 2296 1314 2328 Δείκνυσιν,
1329 2296 1367 2327 ὡς
1385 2295 1431 2322 διὰ
1446 2295 1499 2330 τῆς
1518 2295 1616 2327 θυσίας
1641 2294 1687 2321 ⁵τοῖ’.»
1705 2294 1827 2330 Χριστοῦ
1839 2294 1914 2325 ἄπας

1124 2343 1175 2378 τῆς
1183 2343 1348 2378 οἰκουμένης
1357 2342 1439 2374 Ιτόπος
1447 2342 1560 2376 γέγονεν
1576 2341 1733 2377 Ἱερουσαλή
1738 2350 1768 2376 μ.
1789 2340 1914 2372 ὀσίους

1122 2389 1152 2416 δὲ
1167 2388 1267 2423 χεῷας
1281 2388 1370 2422 λέγει,
1381 2387 1515 2415 διδάσκων
1526 2387 1626 2418 αὐτοὺς
1642 2387 1743 2422 πάσης,
1758 2387 1796 2418 ὼς
1811 2386 1913 2416 εἰπεῖν,

1126 2433 1290 2469 καθαρεύειν
1304 2432 1455 2469 ἁμαρτίας.
1475 2433 1513 2459 Τὸ
1539 2432 1579 2465 δὲ,
1597 2432 1688 2466 χωρίς
1705 2430 1808 2466 ἀρῆς,
1835 2438 1914 2458 τουτ-

1124 2480 1200 2506 έστιν
1214 2479 1422 2515 ἀμνησικάκους
1436 2479 1525 2510 ὂντας.
1546 2478 1583 2505 Τὸ
1598 2478 1636 2511 δὲ,
1653 2476 1867 2512 διαλογισμῶν,
1884 2476 1917 2503 τὸ

1125 2526 1276 2561 ἀμφίϐολον
1292 2526 1469 2561 ἀναιροῦντος
1488 2526 1559 2558 ἐστι,
1577 2525 1667 2552 καὶτὸ
1686 2524 1871 2556 διστάζοντος.
1888 2523 1915 2549 εί

1125 2571 1179 2607 ἄρα
1196 2571 1304 2598 λάϐοιεν
1315 2571 1334 2598 ἃ,
1349 2570 1456 2598 αἰτοῦσι
1468 2570 1544 2606 παρὰ
1555 2570 1634 2597 Θεοῦ.

1166 2671 1175 2687 ι
1206 2662 1346 2694 Ὡσαύτως
1359 2662 1408 2689 καὶ
1419 2661 1469 2693 τὰς
1485 2663 1618 2696 γυναῖκας
1640 2662 1670 2688 ὲν
1689 2661 1841 2695 καταστολῇ
1868 2667 1915 2686 κο-

1128 2707 1212 2741 σμίῳ,
1232 2707 1300 2741 μετὰ
1314 2707 1406 2738 αἰδοῦς
1419 2707 1466 2733 καὶ
1482 2707 1661 2742 σωφροσύνης
1673 2707 1786 2740 κοσμεῖν
1803 2703 1915 2743 ἑαυτὰς,

1130 2753 1166 2787 μὴ
1182 2753 1210 2779 ἐν
1230 2752 1392 2787 πλέγμασιν,
1411 2752 1426 2779 ἦ
1454 2754 1483 2779 ὲν
1503 2754 1606 2788 χρυσῷ,
1630 2753 1646 2788 ἢ
1675 2751 1872 2789 μαργαρίταις,
1899 2749 1918 2785 ἢ
