2078 3115
227 138 295 171 1005

790 138 830 167 ΙΝ
851 136 969 166 EPIST.
992 136 1040 166 AD
1065 134 1294 166 TlMOTHEUM
1328 133 1354 164 Ι.

1782 129 1848 162 uno
1886 122 1891 128 '

226 197 366 234 ἱματισμῷ
384 198 535 230 πολυτελεῖ,
551 198 608 224 ἀλλ’
624 198 638 224 ὃ
654 197 752 233 πρέπει
769 195 904 229 γυναιξὶν,
924 196 1010 228 ἐπαγι

1061 193 1103 220 vel
1117 197 1192 220 reste
1206 192 1344 228 pretiosa;
1371 190 1419 218 sed
1439 189 1513 225 quod
1536 190 1614 217 decet
1628 186 1767 220 mulieres,
1783 197 1847 223 pro-

223 244 398 280 γελλομέναις
416 243 572 271 θεοσέϐειαν
584 244 618 270 δι’
634 244 724 279 ἔργων
734 242 854 277 ἀγαθῶν.
876 252 883 267 ι
912 255 915 257 λ

258 289 398 323 Τοντέστι,
432 289 600 324 πανταχόθεν
639 287 865 324 περιστέλλεσθαι
907 286 1008 319 καλῶς,

223 336 292 370 ὕπερ
305 335 364 362 ἐστὶ
377 334 474 361 πολλοῦ
489 334 572 368 φόϐου
586 333 770 369 σημαντικόν.

262 391 270 406 ι
285 382 356 415 Γυνὴ
373 382 400 407 ὲν
414 380 515 415 ἡσυχίᾳ.
534 380 704 415 μανθανέτω,
727 380 756 405 ἐν
777 378 852 412 πάσῃ
869 378 1007 411 ὑποταγῇ.

224 428 336 454 Γυναικὶ
349 427 375 453 δὲ
389 427 523 453 διδάσκειν
547 427 596 452 οὒκ
612 426 762 459 ἐπιτρέπω,
792 424 853 450 οὐδὲ
871 424 1011 450 αὐθεντεῖν

225 474 335 508 ἀνδρὸς,
359 473 415 500 ἀλλ’
436 471 505 499 εἶναι
524 474 552 498 ὲν
578 465 690 506 ἡσυχίᾳ.
723 472 807 505 ’Λδὰμ
823 470 876 505 γὰρ
904 470 1010 505 πρῶτος

224 515 424 552 ὲττλάσΟη,εἶτα
446 517 511 543 Εὕα.
532 527 539 541 ι

259 564 425 597 Βουλόμενος
448 563 539 588 αὐτῶν
560 562 709 596 περικόψαι
735 562 784 595 τὴν
808 562 935 596 ἀψορμὴν
960 561 1008 595 τῆς

226 608 332 641 λαλιᾶς,
347 608 407 634 οὐδὲ
424 607 561 634 διδάσκειν
586 607 671 638 αὐτὰς
688 607 840 641 ἐπιτρέπει.
859 607 913 632 Καὶ
933 606 1011 631 τοῦτο

225 655 280 689 γὰρ
295 654 444 688 κοσμιότης
471 654 539 683 ἐστὶ,
573 652 637 687 περὶ
667 649 699 687 ἧς
714 653 760 677 καὶ
783 652 928 685 διελέγετο,
945 652 1012 686 μηδὲ

223 700 312 725 λαλεῖν
326 699 402 729 ὅλως.
416 699 490 733 Ἅμα
505 698 533 723 δὲ
550 698 594 724 καὶ
616 698 665 732 τὴν
681 697 770 723 αἰτίαν
783 697 903 732 τίθησιν,
917 697 1011 730 ἐπειδὴ

224 744 298 775 ἅπαξ
312 743 426 775 ἐδίδαξε,
453 743 500 769 καὶ
515 742 559 769 τὸν
573 743 656 777 ἄνδρα
679 742 863 777 κατέστρεψεν
877 762 883 772 ,
912 743 959 768 καὶ
979 743 1011 776 τῇ

224 790 351 823 παρακοῇ
368 788 518 814 ὑπεύθυνον
530 787 666 821 εποίησεν.

263 848 272 864 ι
296 839 351 865 Καὶ
372 838 457 873 ’Λδὰμ
471 839 520 864 οὐκ
532 838 671 872 ἠπατήθη,
686 839 702 872 ἡ
720 838 747 863 δὲ
761 837 828 872 γυνὴ
842 837 1010 871 ἀπατηοεῖσα

225 884 254 909 ὲν
273 883 426 918 παραϐάσει
439 883 544 918 γέγονε.
569 883 725 917 Σωοήσετοιι
747 883 774 908 δὲ
790 882 835 909 διὰ
848 884 896 918 τῆς
916 891 1010 908 τεκνο-

224 929 327 962 γονίας,
356 930 404 955 ἐὰν
430 929 559 963 μείνωσιν
579 930 608 955 ἐν
632 928 735 960 πίστει,
757 929 804 954 καὶ
833 928 940 963 ἀγάπῃ,
966 929 1010 953 καὶ

224 973 352 1007 ἁγιασμῷ
369 973 439 1007 μετὰ
456 972 643 1007 σωφροσύνης.
664 982 672 996 ι

260 1061 331 1094 Πρὸς
354 1061 498 1095 σύγκρισιν
542 1060 591 1091 τῆς
614 1060 752 1094 γυναικὸς,
779 1061 860 1094 φησιν
878 1059 957 1086 αὐτὸν
976 1060 1012 1094 μὴ

224 1105 398 1140 ἡπατῆσθαι·
412 1105 493 1132 πάλιν
510 1105 538 1131 δὲ
558 1106 588 1131 οὐ
604 1105 670 1140 περὶ
694 1104 780 1140 Ἀδὰμ
798 1104 916 1139 εἴρηται,
942 1103 1013 1132 Εἶδε

224 1149 258 1177 τὸ
268 1150 366 1182 ξύλον
376 1149 421 1177 ὅτι
437 1150 486 1177 καὶ
501 1149 598 1177 καλὸν
607 1151 651 1183 εὶς
658 1149 788 1184 βρῶσιν,
800 1149 869 1177 ἀλλὰ
881 1151 948 1186 περὶ
961 1151 1011 1185 τῆς

224 1196 363 1230 γυναικός.
380 1195 437 1224 Καὶ
461 1196 565 1231 ἔφαγε,
597 1196 647 1223 καὶ
670 1196 764 1223 ἔδωκε
790 1196 846 1223 καὶ·
861 1195 902 1229 τῷ
927 1196 1012 1231 ἀνδρὶ

222 1241 331 1275 αὐτῆς,
346 1241 418 1270 ὥστ»
433 1239 513 1274 οὗτος
542 1242 593 1269 οὐκ
619 1241 754 1277 ἐπιθυμία
778 1241 871 1273 ἐνδοὺς
891 1241 1010 1277 παρέϐη,

225 1287 294 1314 ἀλλὰ
315 1289 348 1323 τῇ
365 1288 477 1322 γυναικὶ
496 1287 630 1319 πεισθείς.

527 1366 652 1393 ΚΕΦΔΛ.
672 1365 707 1392 Γ’.

262 1430 271 1448 ι
287 1422 385 1454 Πιστὸς
397 1423 411 1449 ὸ
425 1422 512 1456 λόγος.
532 1431 543 1449 ι

264 1472 378 1507 Ὅμοιον
394 1471 433 1504 ὡς
450 1472 475 1498 εἰ
496 1471 587 1506 λέγει’
604 1471 650 1507 Μὴ
669 1472 804 1506 κατηφεῖς
820 1470 949 1507 γένησθε,
972 1471 1013 1498 ὅτι

1061 239 1203 267 mittentes
1217 238 1345 273 pietatem
1360 244 1407 272 per
1424 237 1494 263 bona
1510 243 1604 271 opera.
1624 246 1632 261 ι

1098 285 1154 313 lloe
1182 290 1235 315 est,
1262 283 1445 318 undequaque
1472 283 1574 310 debent
1595 283 1722 310 modesto
1746 282 1849 310 vestitu

1062 329 1102 356 uti
1118 337 1125 356 :
1143 328 1169 356 id
1181 328 1254 363 quod
1268 328 1345 354 multi
1363 327 1470 355 timoris
1483 331 1675 361 argumentum
1690 331 1742 354 est.

1098 373 1181 401 Vnus.
1205 374 1293 400 ll-i5.
1327 383 1335 397 ι
1353 372 1450 399 Mulier
1483 374 1508 398 iu
1532 373 1642 399 silentio
1670 372 1759 399 discat
1787 379 1848 398 eum

1063 421 1242 455 subiectione.
1260 420 1361 446 Docere
1391 423 1482 445 autem
1499 419 1606 445 mulieri
1630 426 1682 444 non
1706 418 1848 453 permitto,

1064 475 1150 502 neque
1162 466 1295 493 dominari
1311 466 1337 492 in
1353 465 1450 497 virum,
1461 464 1508 492 sed
1523 471 1583 491 esse
1597 464 1623 490 in
1636 464 1753 491 silentio.
1764 464 1849 491 Adam

1064 513 1166 546 primus
1183 512 1314 539 formatus
1330 515 1381 543 est,
1396 510 1493 538 deinde
1511 510 1574 536 Eva.
1589 519 1597 535 ι

1098 561 1165 587 (tum
1195 560 1258 586 velit
1283 559 1457 593 loquacitatis
1472 558 1631 586 occasiones
1644 558 1685 585 eis
1698 562 1850 592 amputare,

1064 614 1114 633 nec
1140 606 1274 641 permittit
1291 609 1320 631 ut
1338 606 1466 632 doceant.
1492 605 1554 631 Πιηο
1573 604 1646 631 enim
1662 608 1704 631 cst
1722 604 1851 630 honestas

1064 652 1109 678 illa
1126 651 1158 679 de
1176 659 1230 685 qua
1247 652 1358 678 loeutus
1377 654 1445 681 erat.
1460 650 1645 685 praecipiendo
1663 657 1696 676 nc
1716 650 1851 675 ullatenus

1065 698 1248 731 loquerentur.
1263 696 1375 731 Insuper
1396 701 1485 722 autem
1501 700 1527 722 et
1557 696 1601 722 hic
1624 702 1734 722 causam
1763 694 1850 727 affert,

1065 744 1137 777 quod
1156 751 1253 777 ncutpe
1285 750 1347 769 cutn
1361 742 1448 769 semel
1463 742 1599 771 docuerit,
1624 741 1665 767 vir
1679 741 1712 767 ab
1728 741 1787 774 ipsa
1801 740 1851 766 de-

1064 789 1154 823 jectus
1167 788 1213 820 sit,
1228 792 1254 814 ct
1271 788 1457 821 inobsequens
1474 787 1608 814 redditus.

1102 832 1186 859 Vens.
1208 834 1251 863 Η,
1269 833 1309 859 l5.
1328 841 1337 857 ι
1357 833 1387 859 Et
1400 833 1484 858 Adam
1502 840 1555 858 non
1570 837 1611 858 est
1629 831 1776 861 seductus;
1790 838 1850 857 mu-

1065 880 1113 906 lier
1131 884 1221 906 autem
1250 880 1362 906 seducta
1380 880 1406 905 in
1429 879 1657 912 pnevarieatione
1680 877 1741 903 fuit.
1755 878 1850 903 Salva-

1064 926 1137 953 bitur
1152 930 1240 952 autem
1258 932 1306 959 per
1323 925 1440 951 tiliorutn
1453 924 1670 959 generationem,
1682 924 1703 949 si
1724 926 1850 949 maneant

1065 971 1092 998 in
1105 970 1167 1002 lidc,
1184 976 1208 997 et
1226 970 1384 1000 dilectione.
1397 975 1423 996 et
1436 970 1653 997 sanctiﬁcatione
1667 976 1728 995 cum
1743 969 1849 995 sobrie~

1064 1019 1129 1042 tate.
1147 1024 1155 1040 ι

1099 1060 1128 1086 ln
1145 1059 1380 1095 comparationem
1407 1060 1533 1086 mulieris
1558 1060 1701 1086 seductum
1720 1066 1773 1086 nou
1790 1066 1850 1086 esse

1064 1106 1152 1133 virum
1164 1105 1241 1133 dicit.
1259 1104 1377 1133 Rursum
1392 1112 1457 1132 vero
1472 1112 1527 1132 non
1544 1104 1577 1132 de
1592 1104 1698 1131 Adamo
1718 1104 1851 1139 Scriptum

1063 1156 1107 1180 est
1120 1159 1127 1178 :
1152 1151 1225 1178 Vidit
1238 1151 1341 1186 lignum
1360 1152 1430 1186 quod
1442 1155 1509 1179 esset
1527 1152 1624 1178 bonum
1635 1150 1670 1177 ad
1682 1150 1849 1181 vescendum,

1064 1197 1113 1226 sed
1130 1198 1164 1225 de
1191 1197 1308 1224 muliere
1326 1205 1333 1224 :
1353 1197 1387 1223 Et
1402 1197 1527 1229 comedit,
1542 1196 1665 1232 deditque
1682 1197 1739 1223 viro
1750 1204 1800 1223 suo
1814 1196 1849 1221 ἰ.

1064 1242 1249 1279 Quamobrem
1283 1243 1328 1270 ille
1368 1250 1423 1270 non
1457 1242 1591 1277 appetitui
1632 1241 1851 1276 obtemperando

1064 1288 1227 1315 mandatum
1242 1287 1367 1319 violavit,
1386 1288 1433 1315 sed
1448 1287 1628 1322 obsequendo
1643 1286 1762 1314 mulieri.

1380 1366 1456 1394 CAP.
1476 1367 1498 1394 ll

1105 1432 1113 1448 ι
1124 1422 1224 1451 Fidelis
1237 1431 1338 1451 sermo.
1347 1433 1355 1449 ι

1099 1469 1180 1504 262
1193 1468 1310 1497 Perinde
1320 1475 1364 1498 est
1379 1478 1411 1498 ac
1428 1471 1450 1499 si
1465 1470 1570 1498 diceret
1582 1478 1588 1496 :
1599 1469 1638 1498 Ne
1648 1474 1747 1499 moesto
1759 1471 1852 1497 animo

222 1517 254 1544 τὸ
265 1517 343 1552 γένος
355 1516 431 1552 ὑμῶν
440 1516 625 1552 διαόἐϐληπαι.
639 1516 760 1544 Ἔδωκεν
775 1517 840 1552 ὑμῖν
854 1517 868 1543 ὁ
877 1516 946 1548 Θεὸς
962 1516 1010 1542 καὶ

1065 1515 1139 1547 sitis,
1160 1522 1192 1543 ac
1207 1516 1231 1543 si
1248 1516 1327 1543 sexui
1343 1521 1434 1544 vestro
1445 1517 1619 1545 detrahatur.
1634 1517 1758 1545 Alteram
1772 1518 1852 1545 vobis

224 1562 322 1598 ἑτέραν
336 1562 464 1598 ἀφορμὴν
479 1562 629 1597 σωτηρίας,
650 1562 701 1596 τὴν
716 1562 926 1598 παιδοτροφίαν,
937 1562 1009 1589 ὥστε

1065 1559 1136 1588 Deus
1146 1561 1319 1588 occasionem
1332 1563 1458 1596 porrexit
1484 1564 1592 1594 salutis.
1607 1564 1755 1591 liberorum
1776 1565 1851 1592 vide-

226 1607 264 1642 μὴ
279 1607 361 1642 μόνον
373 1608 409 1634 δι’
426 1608 541 1639 ἑαυτῶν,
556 1607 626 1635 ἀλλὰ
636 1609 684 1635 καὶ
697 1607 731 1634 δι’
746 1609 848 1643 ἐτέρων
862 1608 1008 1640 σώζεσθαι.

224 1652 362 1685 Σὼζονται
390 1654 455 1689 γὰρ.
473 1654 514 1680 ὅτι
531 1653 652 1688 ἀθλητὰς
678 1654 798 1689 ἔθρεψαν
812 1654 851 1689 τῷ
873 1654 942 1689 Θεῷ.
956 1655 1011 1681 Καὶ

223 1701 263 1727 ὅτι
279 1700 361 1727 τοῦτο
372 1699 467 1733 σώζει,
492 1701 629 1735 ἐπήγαγε,
655 1701 768 1732 Πιστὸς
779 1702 796 1727 d
814 1701 918 1735 λόγος,
931 1708 1010 1735 μονο-

223 1746 300 1780 νουχὶ
308 1745 407 1780 λέγων,
415 1746 518 1781 Μηδεὶς
532 1746 692 1779 ἀπιστείτω,
705 1746 773 1782 φησι
786 1753 794 1762 ⁸
805 1746 850 1773 διὰ
861 1747 909 1781 τῆς
917 1755 1011 1774 τεκνοο

222 1792 315 1825 γονίας
325 1791 456 1823 σώζονται
471 1800 478 1808 ·
495 1793 527 1819 οὐ
558 1793 613 1828 γάρ
638 1793 697 1819 ἐστι
711 1792 790 1824 τοῦτο
807 1793 917 1828 μικρὸν,
932 1793 962 1820 τὸ
976 1793 1011 1819 τὰ

222 1836 334 1864 δοθέντα
349 1837 444 1864 παιδία
459 1839 524 1873 παρ’
542 1837 637 1869 αὑτοῦ,
659 1838 747 1865 ταῦτα
763 1838 837 1874 αὐτῷ
848 1838 998 1866 ἀναθεῖναι.

261 1979 270 1995 ι
285 1969 320 1997 Et
330 1977 372 2000 τις
387 1969 539 2004 ἐπισκοπῆς
556 1969 694 2004 ὀρέγεται,
711 1969 794 1996 καλοῦ
815 1969 896 2005 ἔργον
912 1970 1007 1997 ἐπιθυ-

223 2016 279 2050 μεῖ.
294 2015 340 2041 Δεῖ
349 2011 397 2042 οὖν
406 2014 452 2042 τὸν
469 2015 617 2041 ἐπίσκοπον
637 2024 646 2040 ι

258 2060 315 2087 Οὐκ
325 2059 446 2095 ἐγκαλῶ,
457 2060 525 2095 φησί
537 2069 543 2076 ·
560 2060 727 2096 προστασίας
744 2061 798 2097 γὰρ
805 2061 886 2097 ἔργον
898 2061 967 2094 ἐστὶ,
984 2062 1011 2088 εἴ

222 2114 263 2137 τις
277 2105 380 2141 ταύτην
390 2106 447 2141 ἔχοι
465 2106 514 2142 τὴν
528 2106 687 2141 ἐπιθυμίαν,
701 2107 771 2134 ὥστε
788 2107 826 2143 μὴ
843 2107 892 2142 τῆς
908 2108 1006 2143 ἀρχῆς,

223 2152 272 2179 καὶ
288 2153 338 2189 τῆς
348 2152 395 2179 ἀπ’
408 2152 492 2187 αὐτῆς
509 2153 593 2187 τιμῆς
607 2153 732 2186 ἐφίεσθαι
752 2154 844 2187 μόνον.
866 2153 948 2180 Ἀλλὰ
962 2156 1008 2181 καὶ

1052 1604 1126 1634 ,lieet
1161 1605 1368 1639 educationem,
1400 1611 1430 1634 ut
1457 1615 1512 1636 non
1533 1608 1614 1636 tnodo
1630 1617 1680 1644 per
1708 1617 1757 1637 vos
1784 1610 1851 1645 ipsa:

1062 1650 1144 1677 salvae
1160 1650 1233 1683 sitis,
1246 1659 1339 1679 verum
1352 1654 1435 1679 etiam
1454 1660 1502 1688 per
1511 1653 1591 1681 alios.
1607 1653 1753 1682 Enimvero
1769 1656 1852 1683 salvae

1062 1697 1139 1728 ﬁunt,
1170 1698 1235 1732 quia
1250 1697 1369 1726 athletas
1397 1699 1453 1726 Deo
1470 1700 1608 1727 nutriunt.
1635 1700 1771 1736 Quodque
1798 1702 1850 1730 hac

1059 1742 1103 1770 eis
1114 1742 1251 1770 conducat
1268 1743 1301 1770 ad
1313 1745 1445 1777 salutem,
1463 1745 1555 1773 intulit
1570 1746 1612 1773 his
1629 1746 1723 1774 verbis
1738 1756 1745 1774 :
1763 1746 1844 1774 Fide-

1061 1788 1094 1815 lis
1108 1796 1204 1815 nemo.
1220 1789 1306 1821 Quasi
1326 1789 1400 1817 dicat
1420 1798 1426 1815 :
1440 1790 1527 1818 Nemo
1555 1796 1666 1819 revocet
1683 1792 1710 1819 in
1723 1792 1848 1823 dubium.

1060 1834 1126 1869 quin
1135 1842 1183 1869 per
1198 1836 1318 1863 liliorum
1334 1836 1541 1871 generationem
1557 1838 1674 1865 salutem
1692 1838 1847 1865 obtineant.

1060 1879 1120 1906 Non
1143 1880 1218 1907 enim
1239 1880 1291 1907 hoc
1306 1881 1439 1915 exiguum
1453 1880 1558 1915 aliquid
1571 1885 1626 1913 est,
1642 1880 1715 1908 tilios
1732 1880 1788 1909 Deo
1804 1882 1851 1911 de-

1060 1925 1133 1958 dere,
1143 1927 1189 1960 qui
1210 1926 1244 1953 ab
1264 1926 1380 1961 ipsemet
1395 1926 1454 1954 dati
1480 1931 1557 1955 sunt.

1097 1980 1106 1996 ι
1120 1971 1148 1998 Si
1175 1972 1239 2006 quis
1259 1971 1452 2006 episcopatum
1485 1972 1636 2005 desiderat,
1657 1973 1760 2000 bonum
1777 1981 1850 2009 opus

1059 2016 1206 2043 desiderat.
1221 2016 1335 2051 Oportet
1346 2024 1411 2051 ergo
1426 2016 1586 2052 episcopum
1607 2028 1617 2044 ι

1085 2061 1143 2090 Non
1163 2062 1257 2096 culpo,
1270 2061 1370 2097 inquit.
1385 2062 1464 2097 Opus
1482 2063 1583 2097 quippe
1593 2063 1739 2098 regiminis
1756 2069 1808 2097 est,
1826 2067 1850 2093 si

1052 2109 1131 2143 -quis
1148 2108 1198 2134 hoc
1226 2107 1395 2134 desiderium
1413 2107 1507 2140 habet,
1533 2112 1563 2135 ut
1578 2116 1666 2143 neque
1689 2110 1849 2145 primatum,

1060 2162 1150 2189 neque
1179 2154 1311 2180 honorem
1330 2154 1378 2188 qui
1408 2161 1441 2181 ex
1460 2161 1492 2181 eo
1514 2155 1712 2190 consequitur,
1727 2161 1850 2184 tantum-

222 2197 272 2231 τῆς
289 2198 456 2232 προστασίας
469 2198 520 2225 οὐκ
543 2198 670 2232 ἐγκαλῶ·
688 2200 749 2225 ἐπεὶ
778 2200 826 2226 καὶ
844 2201 963 2235 Μωῦσῆς
978 2201 1007 2233 ἓξ

1061 2200 1142 2226 modo
1167 2199 1270 2236 cludat.
1298 2199 1371 2232 Quin
1385 2206 1436 2226 nec
1463 2199 1608 2235 regiminis
1624 2201 1748 2228 studium
1764 2206 1829 2229 taxo
1843 2212 1848 2228 :

223 2241 309 2277 ἀρχῆς
323 2242 417 2268 τοῦτον
433 2242 496 2277 ἔσχε
513 2243 558 2269 τὸν
580 2244 674 2278 ζῆλον,
693 2244 741 2270 τοῦ
770 2245 932 2272 ἐπισκοπεῖν
945 2247 1008 2277 τοὺς

225 2286 357 2320 ἀδελφοὺς
367 2287 462 2314 αὑτοῦ.
906 2298 908 2300 ’

260 2341 269 2358 ι
297 2332 491 2367 ’Λνεπιληπτον
506 2331 588 2366 εἶναι,
612 2342 622 2359 ι

257 2377 306 2404 Διὰ
322 2378 386 2412 μιᾶς
409 2377 507 2410 λέξεως
521 2380 611 2405 πᾶσαν
625 2379 705 2406 αὑτὸν
720 2380 819 2416 ἀρετὴν
835 2381 907 2417 ἔχειν
920 2391 1007 2418 προσ-

222 2422 310 2455 ἔταξε.

260 2477 269 2494 ι
288 2468 360 2500 Μιᾶς
371 2469 498 2501 γυναικὸς
513 2469 608 2505 ἄνδρα,
621 2470 768 2506 νηφαλὲον,
790 2472 927 2508 σώφρονα,
943 2474 1007 2500 κόσ-

224 2523 295 2549 μιον,
314 2515 461 2549 φιλόξενον,
476 2516 650 2550 διδακτικὺν,
676 2518 713 2552 μὴ
732 2518 870 2553 πάροινον,
885 2520 922 2554 μὴ
940 2520 1008 2556 πλή-

222 2570 299 2595 κτην,
312 2563 349 2597 μὴ
360 2562 551 2597 αἰσχροκερδῆ,
560 2562 618 2589 ἀλλ’
629 2564 751 2598 ἐπιεικῆ,
762 2564 881 2600 ἄμαχον,
892 2567 1007 2601 ἀφιλάρ-

222 2615 313 2643 γυρον,
330 2607 377 2633 τοῦ
392 2607 455 2633 ιδιυυ
472 2607 547 2634 οῐκου
567 2608 657 2640 καλῶς
673 2610 899 2645 προϊστάμενον.»

256 2698 315 2725 ’Ὶνα
332 2697 369 2733 μὴ
381 2696 460 2724 τοῦτο
471 2697 599 2732 ἐμπόδιον
611 2698 725 2734 γένηται
739 2700 795 2731 τοῖς
809 2700 859 2736 ἥδη
874 2700 1008 2737 ἐσχηκόσι

220 2745 354 2780 γαμετὰς,
370 2744 386 2778 ἢ
401 2745 448 2771 καὶ
467 2744 535 2779 πρὸς
556 2744 762 2781 ἀντιδιαστολὴν
775 2746 830 2773 τῶν
850 2748 925 2782 παρὰ
946 2747 1011 2774 Ἰου-

255 2834 279 2849 ²³
295 2833 364 2862 Gen.
383 2842 424 2866 Ill,
439 2834 466 2861 6.
511 2835 532 2850 “
551 2834 636 2862 Exod.
652 2836 737 2867 11,1Ι.

1062 2245 1285 2280 quandoquidem
1299 2249 1328 2272 et
1339 2245 1448 2280 Moyses
1463 2246 1552 2280 prima
1566 2251 1646 2274 actate
1665 2246 1719 2274 hoc
1735 2249 1849 2275 aemula-

1062 2297 1107 2319 tus
1124 2296 1177 2323 est,
1195 2295 1224 2318 ut
1238 2291 1368 2318 fratribus
1387 2292 1446 2319 suis
1466 2292 1638 2327 prospiceret
1652 2293 1686 2320 υ.

1072 2346 1081 2363 ι
1095 2336 1367 2371 lrrepreltensibilem
1391 2343 1465 2369 esse,
1485 2346 1493 2362 ι

1095 2381 1153 2409 Una
1170 2375 1293 2409 dictione
1310 2389 1396 2416 genus
1425 2389 1506 2409 onme
1526 2382 1637 2410 virtutis
1650 2382 1806 2410 habendum
1822 2382 1850 2415 ei

1061 2428 1240 2463 praescripsit.

1093 2472 1179 2500 Unius
1193 2473 1287 2500 uxoris
1300 2473 1402 2505 virum,
1417 2473 1553 2505 sobrium,
1569 2473 1746 2508 prudentem,
1760 2481 1846 2502 orna-

1060 2522 1127 2551 tum,
1161 2519 1334 2554 hospitalem,
1366 2519 1534 2546 doctorem:
1565 2518 1666 2554 [νειιε.
1684 2519 1760 2555 5-5]
1790 2528 1845 2548 non

1059 2565 1240 2597 vinolentum,
1267 2572 1322 2592 non
1346 2572 1538 2599 percussorem
1554 2573 1560 2591 :
1575 2574 1628 2593 non
1657 2567 1746 2601 turpis
1775 2567 1845 2594 lucri

1060 2611 1200 2645 cupidum,
1220 2611 1266 2638 sed
1281 2611 1447 2642 modestum,
1464 2618 1519 2637 non
1541 2611 1702 2647 litigiosum,
1723 2620 1778 2640 non
1793 2620 1844 2640 cu-

1061 2656 1166 2690 pidum,
1180 2656 1272 2683 domui
1288 2663 1345 2684 suae
1363 2656 1432 2684 bene
1448 2657 1636 2692 praepositum,
1657 2667 1667 2683 ι

1089 2700 1129 2728 Ne
1143 2701 1195 2728 hoc
1212 2701 1267 2729 illis
1287 2701 1485 2736 impedimento
1503 2702 1549 2734 sit,
1565 2703 1611 2737 qui
1627 2703 1681 2737 iam
1698 2708 1760 2731 ante
1775 2711 1845 2731 uxo-

1059 2754 1106 2775 res
1114 2747 1261 2780 duxeriut;
1276 2748 1317 2775 vel
1333 2748 1365 2774 ad
1379 2747 1563 2776 dillerentiam
1577 2749 1722 2776 doctorum
1732 2749 1843 2778 Judae-
