2078 3115
933 62 953 72 σ

251 112 328 146 1007

805 111 836 141 S.
851 110 1011 146 JDANNIS
1030 112 1245 145 DAMASCENI

1815 118 1886 152 1008

260 178 333 202 rum,
350 168 452 204 quibus
469 168 511 196 fas
531 172 591 196 erat
612 168 681 196 duas
696 167 778 195 etiam
803 175 904 197 uxores
918 168 1021 196 habere
1038 178 1041 196 ς

1098 171 1184 204 δαίοις
1197 173 1378 208 διδασκάλων,
1391 171 1432 207 οἷς
1460 174 1525 211 ἐξῆν
1538 176 1584 202 καὶ
1599 175 1647 203 δύο
1658 175 1741 212 ἔχειν,
1755 177 1824 214 ὅπερ
1837 180 1886 206 καὶ

259 216 285 243 id
301 214 375 250 quod
392 215 479 250 magis
496 218 714 242 consentaneum
732 217 784 241 cst.

295 270 305 287 ι
319 260 404 288 Filios
430 260 576 288 habentem
592 259 721 288 subditos
738 267 800 287 cum
813 260 889 288 omni
903 260 1044 288 castitate.

258 305 286 332 Si
301 306 363 341 quis
379 309 471 333 autem
484 305 577 333 domui
592 312 648 333 suae
663 312 780 339 praeesse
795 305 893 337 nescit,
907 305 1047 339 quomodo

257 350 386 378 Ecclesia
399 349 447 378 Dei
476 350 645 386 diligentiam
665 349 777 377 habebit
790 350 801 376 ?
812 359 822 376 ι

290 394 430 424 Coudecet
442 395 516 423 enim
534 400 589 423 ute
608 403 639 423 re
658 395 813 422 domestica
829 396 955 432 exempla
976 403 1046 431 pra:-

255 442 331 473 beat,
349 447 431 476 posse
448 448 478 469 se
490 445 565 469 recte
580 440 653 468 ﬁlios
681 439 834 468 secundum
850 441 934 469 Deum
962 442 1045 469 insti-

257 491 346 514 tuere.

291 531 376 561 Vsus.
391 532 418 560 6.
437 540 448 558 ε
463 531 525 560 Non
538 531 717 568 neophytum,
728 539 762 560 ne
775 531 802 559 in
818 532 976 568 superbiam
988 532 1046 560 ela-

255 583 317 607 tus.
333 587 344 605 ι

286 624 356 652 Eum
380 624 447 652 dicit
463 623 511 659 qui
530 630 618 659 nuper
644 623 772 651 eruditus
788 623 836 657 sit,
852 630 908 651 non
925 623 972 659 qui
990 623 1036 658 ju-

254 670 342 697 nioris
350 670 451 698 astatis.

283 726 293 743 ι
310 716 339 744 In
351 716 491 752 judicium
505 716 610 744 incidat
624 717 739 745 diaboli.
756 726 766 744 ι

284 761 313 788 Id
326 765 378 794 est,
404 761 433 789 iu
460 761 584 790 eamdem
605 761 874 795 condemnationem,
895 769 978 797 quam
996 761 1043 789 ille

252 806 289 835 ob
303 807 460 842 superbiam
479 807 602 835 sustulit.

282 838 369 881 Vsa-5.
395 853 456 880 7-9.
475 862 484 879 ι
497 852 613 888 Oportet
629 853 708 881 illum
735 858 763 881 et
779 853 970 881 testimonium
986 853 1038 881 ha-
1054 838 1078 868 Β

254 899 320 928 bere
329 899 433 926 bonum
450 899 486 927 ab
496 899 531 926 iis
548 899 595 934 qui
610 899 676 927 foris
688 904 764 933 sunt,
777 907 811 928 ne
821 900 849 927 in
861 900 1040 942 opprobrium

254 944 370 977 incidat,
387 947 415 971 ct
434 944 462 971 in
479 944 606 979 laqueum
619 943 737 971 diaboli.
757 943 897 972 Diaconos
911 944 1040 973 similiter

253 989 382 1025 pudicos,
400 996 454 1017 non
470 989 620 1025 bilingues,
650 996 706 1016 non
726 989 792 1016 vino
809 989 898 1016 multo
916 988 1038 1021 deditos.

253 1041 310 1062 non
337 1037 418 1070 turpe
431 1034 541 1062 lucrum
555 1038 708 1067 sectantes,
723 1033 857 1063 habentes
872 1034 1037 1070 mysterium

253 1081 409 1155 Matutino
420 1126 511 1159 debet,
527 1125 628 1162 inquit,
643 1113 768 1154 homines
780 1125 808 1153 in
820 1126 863 1154 sui
877 1125 1040 1153 admiratio-

253 1181 315 1201 nem
331 1172 453 1204 trahere,
465 1175 492 1200 et
507 1172 602 1206 justus
617 1179 690 1205 esse,
710 1175 742 1199 ut
755 1171 791 1200 ab
809 1171 936 1207 ipsismet
949 1171 1040 1199 inimi-

253 1219 296 1247 cis
308 1218 496 1247 testimonium
517 1217 626 1246 habeat.
640 1217 669 1245 id
685 1217 760 1253 quod
772 1218 886 1253 perinde
898 1220 941 1245 est
957 1221 1041 1252 atque

251 1263 320 1291 illud
349 1262 462 1291 eﬁ‘atum
482 1261 607 1290 :Luceat
635 1262 682 1289 tua;
694 1267 781 1290 rutra
802 1270 894 1290 coram
922 1262 1040 1289 homini-

313 1309 336 1325 II

252 1309 300 1380 Im:
316 1327 348 1381 Ir:
357 1353 527 1382 conscientia
543 1360 623 1389 pura.
636 1352 742 1390 [νεεδ.
758 1353 873 1391 t0-l5.]
886 1353 918 1381 Et
934 1353 962 1382 hi
977 1354 1040 1390 qui-

192 1422 199 1427 .
251 1399 314 1428 dem
327 1399 478 1434 probentur
494 1399 624 1435 primum,
645 1404 672 1428 et
685 1399 726 1428 sic
746 1398 916 1433 ministrent,
933 1399 1039 1427 nullum

237 1446 356 1474 crimen
379 1445 522 1474 habentes.
540 1444 669 1474 Mulieres
684 1445 814 1473 similiter
839 1445 966 1481 pudicas,
982 1452 1037 1473 non

237 1492 439 1526 detrahentes,
465 1491 587 1524 sobrias,
600 1491 696 1520 ﬁdeles
716 1491 744 1519 in
766 1490 905 1519 omnibus.
923 1490 1037 1537 Diaconi
1051 1505 1074 1537 ο

238 1539 309 1568 -sint
322 1539 406 1567 unius
416 1539 512 1566 uxoris
527 1538 591 1571 viri,
607 1537 655 1574 qui
666 1537 730 1565 ﬁliis
746 1537 805 1565 suis
820 1537 891 1565 bene
904 1536 1037 1572 praesint,

239 1591 280 1614 -et
307 1585 367 1614 suis
398 1585 539 1613 domibus.
566 1583 619 1618 Qui
651 1583 724 1612 enim
759 1583 831 1611 bene
861 1582 1038 1615 ministrant,

238 1631 368 1667 sgradum
380 1631 482 1659 bonum
495 1630 547 1658 sibi
564 1629 722 1665 acquirunt,
738 1634 766 1657 et
776 1629 890 1656 multam
908 1627 1037 1655 ﬁduciam

238 1677 280 1705 ain
298 1676 362 1710 ﬁde,
391 1683 454 1711 qua:
469 1679 512 1704 est
525 1676 552 1704 in
580 1675 692 1703 Christo
706 1674 783 1703 Jesu.
801 1673 865 1702 Hec
873 1674 922 1702 tibi
933 1673 1037 1706 scribo,

251 1729 368 1758 sperans
381 1729 426 1749 me
438 1721 473 1749 ad
494 1721 609 1757 te263
632 1720 726 1749 venire
742 1720 810 1748 cito.
828 1719 856 1747 Si
873 1724 965 1747 autem
980 1722 1038 1746 tar-

252 1767 364 1801 davero,
384 1771 415 1795 ut
429 1767 503 1796 scias
513 1766 653 1803 quomodo
666 1769 793 1802 oporteat
808 1769 835 1794 te
850 1766 877 1794 in
894 1765 976 1793 domo
990 1764 1038 1793 Dei

244 1813 423 1847 conversari,
446 1821 509 1849 qua
521 1818 563 1841 est
582 1812 706 1840 Ecclesia
723 1811 771 1840 Dei
788 1811 853 1845 vivi,
873 1811 1000 1839 columna
1011 1813 1039 1838 et

253 1858 456 1886 ﬁrmamentum
469 1857 604 1885 veritatis.
621 1866 631 1884 ι

288 1903 345 1931 Hoc
358 1907 410 1936 est,
435 1903 481 1939 qui
509 1907 584 1931 recta
601 1902 653 1931 ﬁde
675 1902 802 1931 instructi
821 1901 890 1935 sint,
915 1901 1039 1936 nihilque

252 1948 340 1976 dolosi
352 1949 378 1976 ei
392 1948 573 1977 admisceant.

287 1993 371 2022 Vsus.
390 1994 434 2022 16.
452 2003 463 2021 ι
483 1993 516 2022 Et
536 1993 681 2023 manifeste
704 2002 833 2031 magnum
859 1998 903 2022 est
927 1992 1038 2029 pietatis

250 2044 468 2069 sacramentum.
487 2039 560 2069 Deus
576 2040 767 2069 manifestatus
783 2040 868 2068 estin
883 2047 976 2067 carne.
990 2048 1000 2064 ι

285 2085 326 2114 Nc
338 2085 405 2113 mihi
419 2085 602 2114 tintinnabula
614 2086 781 2119 narraveris,
799 2085 907 2121 inquit;
919 2093 954 2112 ne
967 2083 1038 2112 San-

252 2136 295 2161 cta
311 2135 482 2163 sanctorum,
498 2139 533 2159 ne
550 2139 688 2160 summum
708 2131 889 2159 sacerdotem.
915 2129 1037 2158 Ecclesia

251 2180 295 2206 est
320 2176 396 2204 orbis
422 2176 568 2208 columna;
597 2178 798 2203 sacramentum
820 2181 950 2212 magnum
975 2177 1036 2207 est,

252 2229 287 2250 ac
299 2220 409 2257 pictatis
434 2224 657 2254 sacramentum;
682 2219 766 2255 idque
784 2219 813 2247 in
830 2219 959 2249 confesso
980 2223 1038 2253 est,

253 2274 308 2295 non
323 2266 351 2294 in
366 2265 491 2300 ancipiti.
510 2265 577 2293 Nam
596 2265 649 2293 hoc
665 2269 709 2294 est
719 2265 916 2293 indubitatum.

291 2320 300 2337 ε
316 2310 488 2339 Justiﬁcatus
501 2314 544 2339 est
560 2310 586 2338 in
601 2311 712 2347 spiritu.
728 2320 739 2338 ι

287 2356 327 2385 Ita
342 2357 475 2392 loquitur,
490 2357 620 2392 quoniam
633 2357 679 2385 ille
695 2358 742 2393 qui
754 2357 892 2394 consimili
911 2356 992 2385 modo
1007 2364 1040 2385 ac

251 2410 302 2431 nos
316 2402 491 2438 participavit
503 2409 613 2430 carnem
631 2407 659 2431 et
674 2395 844 2439 sanguinem,
863 2409 1036 2439 nequaquam

248 2453 395 2484 peccatum
418 2447 541 2480 admisit,
568 2455 619 2476 nec
646 2449 773 2478 inventus
787 2453 830 2477 est
848 2449 928 2477 dolus
945 2449 974 2477 in
991 2456 1039 2477 ore

249 2501 324 2529 eius.

289 2548 300 2565 ε
325 2539 459 2575 Apparuit
470 2541 586 2577 angelis,
599 2540 763 2576 praedicatus
778 2545 820 2568 est
830 2541 966 2575 gentibus,
978 2548 1038 2568 cre-

253 2584 326 2613 ditus
341 2590 385 2614 est
399 2585 427 2613 in
441 2586 554 2618 mundo,
571 2590 729 2621 assumptus
742 2589 784 2614 est
797 2586 825 2613 in
845 2586 941 2622 gloria.
961 2595 971 2612 ι

567 2631 644 2659 CAP.
673 2631 718 2659 IV.

287 2677 370 2706 Vens.
392 2678 452 2705 1-5.
473 2687 484 2705 ι
507 2677 628 2714 Spiritus
653 2682 745 2706 autem
772 2679 920 2708 manifeste
946 2680 1036 2708 dicit:

251 2722 316 2758 quia
331 2722 360 2750 in
385 2723 546 2751 novissimis
571 2724 745 2759 temporibus
763 2724 906 2753 discedent
923 2725 1037 2761 quidam

251 2775 268 2796 a
285 2767 346 2795 ﬁde.
364 2777 374 2794 ι

292 2825 316 2842 ’⁵
332 2825 429 2854 Matth.
444 2834 469 2860 V,
487 2826 530 2854 16.

1099 218 1215 253 ἁρμόζει
1227 218 1339 254 μᾶλλον.

1136 273 1145 289 ι
1162 263 1252 292 Τέκνα
1283 265 1380 300 ἑχοντα
1396 265 1425 293 ἓν
1449 266 1572 302 ὑποταγῇ
1590 267 1662 302 μετὰ
1677 267 1769 304 πάσης
1787 267 1886 304 σεμνό-

1097 317 1186 344 τητος.
1205 310 1236 337 El
1251 311 1280 337 δέ
1296 319 1338 342 τις
1348 311 1394 338 τοῦ
1411 312 1476 338 ἰδίου
1487 312 1561 339 οἴκου
1578 312 1732 348 προστῆναι
1743 314 1794 340 οὐκ
1809 312 1878 348 οἶδε,

1097 355 1156 387 πῶς
1176 356 1340 391 Ἐκκλησίας
1357 357 1426 384 Θεοῦ
1440 358 1655 394 ὲπιμελήσεται;
1669 368 1678 385 ι
1844 388 1846 390 τ

1131 402 1180 431 Δεῖ
1189 402 1244 436 γὰρ
1271 403 1354 430 αὐτὸν
1373 404 1478 430 οἴκοθεν
1494 404 1684 440 παρασχέσθαι
1698 405 1734 432 τὰ
1753 405 1884 440 παραδεί-

1095 456 1201 484 γματα,
1217 449 1256 481 ὡς
1281 449 1373 481 καλῶς
1391 449 1536 485 δυνήσεται
1560 450 1595 477 τὰ
1614 449 1686 477 κατὰ
1709 451 1776 478 Θεὸν
1800 451 1883 478 τέκνα

1094 494 1215 520 διοικεῖν.

1133 548 1142 565 ι
1161 539 1207 575 Μὴ
1223 539 1362 574 νεόφυτον,
1377 539 1421 566 ἵνα
1438 539 1476 575 μὴ
1490 539 1637 575 τυφωθεὶς,
1656 550 1666 566 ι

1129 628 1182 656 Τὸν
1193 629 1291 656 νεωστὶ
1312 629 1504 665 κατηχημένον
1525 629 1609 664 λέγει,
1633 629 1663 656 οὗ
1688 629 1734 656 τὸν
1745 628 1879 666 νεώτερον

1093 676 1126 711 τῇ
1145 674 1250 711 ἡλικίᾳ.

1131 729 1141 747 ι
1155 721 1202 753 Εἰς
1223 722 1311 757 κρῖμα
1326 721 1436 758 ἐμπέσῃ
1447 720 1494 748 τοῦ
1511 720 1647 749 διαϐόλου.
1670 729 1680 747 ι

1128 767 1274 794 Τουτέστιν
1288 767 1326 799 είς
1342 767 1390 802 τὴν
1411 767 1573 803 καταδίκην,
1586 767 1620 802 ἦν
1634 767 1739 799 ἐκεῖνος
1762 766 1817 794 ἀπὸ
1828 765 1879 802 τῆς

1094 812 1223 845 ἀπονοίας
1238 813 1290 840 ὑπέ
1294 822 1327 849 με
1332 821 1380 842 ινε.

1130 867 1140 885 ι
1160 859 1206 885 Δεῖ
1216 858 1245 885 δὲ
1257 859 1338 886 αὑτὸν
1351 859 1399 886 καὶ
1412 859 1566 895 μαρτυρίαν
1576 858 1661 895 καλὴν
1670 858 1744 894 ἔχειν
1757 858 1812 886 ἀπὸ
1822 858 1878 886 τῶν

1091 903 1155 936 ἔξω,
1169 904 1213 931 ἵνα
1226 904 1264 940 μὴ
1281 905 1322 936 εις
1335 904 1490 940 ὀνειδισμὸν
1514 904 1634 940 ἐμπέσῃ,
1653 904 1701 930 καὶ
1715 902 1818 937 παγίδα
1829 902 1877 929 τοῦ

1091 950 1227 978 διαὸόλου.
1254 951 1401 983 Διακόνους
1425 950 1557 983 ὡσαύτως
1587 951 1719 986 σεμνοὺς,
1748 950 1787 986 μὴ
1804 949 1877 977 διλό-

1090 1004 1166 1031 γους,
1176 996 1213 1032 μὴ
1224 996 1288 1032 οῐνῳ
1298 996 1387 1032 πολλῷ
1397 996 1593 1032 προσέχοντας,
1607 996 1646 1032 μὴ
1660 995 1876 1032 αἰσχροκερδεῖς·

1091 1042 1203 1077 ἔχοντος
1220 1042 1251 1069 τδ
1266 1042 1418 1078 μυστήριον
1436 1042 1566 1075 πίστεως,
1585 1051 1596 1068 ι

1125 1131 1220 1165 Οὕτως
1228 1131 1342 1168 ὀφείλει,
1358 1131 1436 1167 φησι,
1450 1130 1607 1166 θαυμαστὸς
1621 1127 1691 1158 εἶναι
1706 1129 1755 1158 καὶ
1761 1129 1876 1162 δίκαιος,

1089 1178 1128 1210 ὥς
1145 1178 1270 1210 καὶτοὺς
1299 1177 1414 1214 ἐχθροὺς
1440 1177 1514 1212 αὐτῷ
1535 1178 1698 1212 μαρτυρεῖν.
1716 1176 1831 1211 Ὅμοιον
1846 1174 1877 1202 δδ

1089 1223 1139 1259 τῷ,
1154 1223 1306 1258 Λαμψάτω
1320 1222 1355 1251 τό
1371 1222 1436 1258 φῶς
1451 1221 1536 1258 ὑμῶν
1558 1222 1729 1257 ἔμπροσθεν
1748 1220 1810 1249 τῶν
1822 1221 1879 1249 ὡκ

1089 1269 1223 1304 θρώπων.

1127 1367 1137 1385 ι
1166 1357 1210 1385 Ἐν
1225 1357 1333 1394 καθαρᾷ
1352 1357 1516 1394 συνειδήσει.
1540 1356 1598 1384 Καὶ
1622 1352 1696 1384 οὗτοι
1712 1355 1742 1383 δὲ
1760 1355 1875 1390 δοκιμα-

1089 1403 1230 1437 ζέσθωσαν
1247 1403 1367 1439 πρῶτον,
1391 1401 1452 1430 εῐτα
1476 1402 1699 1435 διακονείτωσαν,
1712 1400 1876 1436 ἀνέγκλητοι

1088 1448 1176 1481 ὅντες.
1200 1449 1336 1480 Γυναῖκας
1352 1447 1485 1479 ὡσαύτως
1512 1447 1626 1483 σεμνὰς,
1657 1447 1695 1482 μὴ
1722 1445 1874 1478 διαϐόλους,

1088 1491 1250 1528 νηφαλίους,
1265 1492 1365 1524 πιστὰς
1379 1492 1408 1519 εν
1421 1493 1516 1519 πᾶσιν.
1532 1491 1656 1519 Διὰκονοι
1670 1491 1794 1518 ἔστωσαν
1808 1490 1875 1526 μιᾶς

1088 1537 1219 1573 γυναικὸς
1234 1537 1342 1572 ἄνδρες,
1362 1537 1465 1564 τέκνων
1490 1536 1581 1569 καλῶς
1598 1536 1806 1573 προϊστάμενοι,
1825 1536 1874 1563 καὶ

1087 1583 1142 1610 τῶν
1157 1583 1229 1610 ἰδίων
1240 1582 1333 1610 οῐκων.
1345 1583 1377 1609 οι
1402 1582 1457 1617 γὰρ
1480 1582 1571 1614 καλῶς
1585 1582 1805 1618 διακονήσαντες,
1825 1580 1874 1616 βα-

1089 1628 1158 1664 θμὸν
1175 1629 1282 1660 ἑαυτοῖς
1297 1628 1381 1656 καλὸν
1398 1627 1614 1664 περιποιοῦνται,
1629 1627 1677 1655 καὶ
1687 1626 1788 1662 πολλὴν
1803 1626 1874 1661 παρ-

1089 1675 1186 1711 ρησιαν
1199 1676 1228 1702 ὲν
1242 1675 1334 1703 πίστει
1350 1675 1386 1702 τὰ
1411 1676 1441 1702 ὲν
1467 1675 1580 1711 Χριστῷ
1601 1674 1701 1709 Ἰησοῦ.
1716 1672 1810 1701 Ταῦτά
1831 1680 1874 1699 σοι

1087 1721 1202 1757 γράφω,
1227 1721 1345 1754 έλπίζων
1365 1720 1453 1748 ἐλθεῖν
1473 1720 1542 1757 πρὸς
1567 1720 1599 1748 σε
1628 1719 1735 1755 τάχιον.
1767 1718 1830 1746 Ἐὰν
1843 1718 1874 1745 δὲ

1089 1765 1223 1802 βραδύνω,
1238 1766 1282 1793 ῐνα
1299 1766 1383 1803 εἰδῇς,
1400 1765 1459 1798 πῶς
1476 1766 1516 1794 δεῖ
1531 1767 1561 1793 ὲν
1575 1766 1642 1801 οἴκῳ
1657 1764 1726 1792 Θεοῦ
1738 1763 1873 1799 ἀναστρέ-

1088 1812 1198 1847 φεσθαι,
1214 1812 1363 1848 ἥτις-εστὶν
1390 1811 1540 1848 Ἐκκλησία
1563 1810 1631 1838 Θεοῦ
1649 1810 1763 1843 ζῶντος,
1778 1808 1874 1840 στύλος

1088 1859 1135 1885 καὶ
1149 1858 1289 1894 ἑδραίωμα
1307 1858 1357 1893 τῆς
1369 1857 1510 1894 ἀληθείας.
1525 1866 1535 1883 ι
1631 1864 1634 1865 ⁷
1744 1873 1749 1876 ς

1123 1903 1279 1936 Τουτέστιν,
1294 1902 1377 1939 ὀρθὴν
1391 1902 1504 1938 ἔχοντας
1518 1901 1622 1934 πίστιν,
1641 1901 1690 1928 καὶ
1704 1900 1788 1937 μηδὲν
1802 1899 1873 1935 αὐτῇ

1087 1950 1142 1977 τῶν
1154 1949 1250 1976 δολίων
1265 1949 1472 1983 ἐπεισάγοντας.

1125 2005 1136 2022 ι
1151 1995 1206 2022 Καὶ
1220 1994 1443 2030 ὁμολογουμένως
1461 1993 1532 2030 μέγα
1547 1994 1606 2021 ἐστὶ
1618 1993 1650 2021 τὸ
1667 1994 1718 2029 τῆς
1731 1992 1873 2024 εὐσεϐείας

1090 2039 1248 2076 μυστήριον.
1263 2039 1329 2071 Θεὸς
1344 2039 1504 2076 ἐφανερώθη
1517 2040 1547 2067 εν
1563 2040 1656 2076 σαρκί.
1671 2048 1682 2066 s

1124 2085 1171 2121 Μή
1183 2093 1231 2120 μοι
1242 2085 1323 2122 εἴπῃς
1334 2085 1399 2117 τοὺς
1413 2085 1551 2118 κώδωνας,
1561 2086 1653 2120 φησὶν,
1663 2086 1731 2122 μηδὶ
1742 2085 1777 2113 τὰ
1790 2085 1876 2119 ’Δγια

1086 2130 1142 2157 τῶν
1156 2130 1252 2164 ἁγίων,
1271 2129 1339 2165 μηδὲ
1353 2129 1399 2157 τὸν
1417 2129 1559 2165 ἀρχιερέα.
1574 2130 1675 2162 Στύλος
1694 2130 1755 2157 ἐστὶ
1774 2130 1824 2165 τῆς
1837 2131 1877 2156 οι-

1053 2166 1227 2212 ΙΗιουμένης
1251 2175 1268 2211 ὴ
1290 2174 1453 2210 Ἐκκλησία·
1481 2174 1529 2201 καὶ
1553 2175 1705 2210 μυστήριόν
1729 2175 1805 2207 ἐστι,
1827 2175 1876 2201 καὶ

1090 2221 1172 2258 μέγα,
1185 2220 1231 2248 καὶ
1247 2220 1388 2253 εὐσεϐείας
1402 2221 1562 2257 μυστήριον,
1576 2220 1624 2248 καὶ
1639 2219 1875 2255 ὁμολογουμένως,

1088 2267 1120 2294 οὺ
1135 2266 1319 2302 ζητουμένοις.
1340 2265 1536 2302 ’Δναμφίδολον
1550 2266 1604 2302 γάρ
1617 2266 1703 2294 ἔστιν.

1128 2321 1138 2340 ι
1161 2311 1322 2347 Ἐδικαιώθη
1336 2312 1367 2339 ὲν
1383 2311 1530 2348 πνεύματι.
1546 2321 1557 2339 ι

1125 2357 1212 2385 Τοῦτό
1225 2366 1320 2394 φησιν,
1334 2357 1376 2385 ὅτι
1392 2358 1553 2393 μεταλαϐὼν
1573 2357 1690 2393 αῐματος
1706 2358 1753 2385 καὶ
1774 2356 1877 2392 σαρκὸς

1092 2403 1292 2439 παραπλησίως
1305 2403 1383 2439 ἡμῖν,
1396 2403 1447 2430 οὐκ
1457 2402 1584 2438 ἐποίησεν
1599 2402 1749 2438 ἁμαρτίαν,
1759 2402 1820 2429 οὐδε
1831 2402 1877 2429 εὖ·

1093 2449 1159 2485 ρέθη
1174 2448 1250 2481 δόλος
1262 2449 1292 2476 ὲν
1309 2448 1349 2484 τῷ
1365 2449 1480 2484 στόματι
1493 2448 1587 2477 αὐτοῦ.

1130 2549 1139 2565 ε
1153 2539 1243 2575 Ὠφθη
1255 2539 1394 2574 ἀγγέλοις,
1405 2539 1544 2576 ἐκηρύχθη
1555 2539 1586 2566 ἑν
1597 2539 1715 2573 ἔθνεσιν,
1729 2540 1878 2576 ἐπιστεύθη

1091 2586 1121 2613 ὲν
1140 2587 1244 2622 κόσμῳ,
1258 2585 1396 2621 ἀνελήφθη
1411 2587 1440 2613 ὲν
1456 2585 1529 2621 δόξῃ.
1549 2595 1560 2611 ι

1391 2632 1519 2659 ΚΕΦΛΛ.
1543 2631 1580 2660 Δ’.

1131 2688 1140 2705 ι
1164 2679 1200 2706 Τὸ
1217 2679 1245 2706 δὲ
1256 2678 1366 2713 πνεῦμα
1380 2677 1472 2714 ῥητῶς
1483 2678 1568 2712 λέγει,
1580 2678 1622 2704 ὅτι
1637 2679 1666 2705 ὲν
1681 2679 1807 2716 ὑστέροις
1819 2687 1878 2706 και-
1905 2680 1907 2682 ’

1094 2726 1150 2761 ροῖς
1164 2724 1365 2760 ἀποστήσονταί
1381 2733 1455 2756 τινες
1473 2724 1525 2758 τῆς
1541 2724 1672 2757 πίστεως.
1689 2735 1699 2752 ι
