2078 3115
211 152 281 186 1009

762 152 802 181 ΙΝ
820 151 941 181 EPIST.
956 151 1006 180 AD
1028 149 1257 181 TIMOTIIEUM
1277 151 1301 181 Ι.

1770 147 1838 182 1010

247 209 331 236 Ὥστε
349 208 396 235 καὶ
417 207 528 242 ἄγγελοι
546 207 605 242 μεθ’
622 206 702 243 ἡμῶν
722 205 792 233 εἶδον
809 207 854 233 τὸν
869 206 934 233 Υῑδν
950 205 997 232 τοῦ

1085 205 1181 240 Itaque
1193 205 1303 240 angeli,
1318 204 1549 240 quemadmodum
1565 208 1592 231 et
1609 211 1660 231 nos
1675 202 1722 232 Dei
1737 203 1836 231 Filium

210 246 291 286 Θεοῦ,
308 254 443 290 πρότερον
455 254 503 288 οὐχ
521 253 649 288 ὁρῶντες.

249 309 259 326 ‹
274 291 459 334 Προσέχοντες
472 298 609 334 πνεύμασι
623 297 744 330 πλάνοις,
755 298 802 324 καὶ
815 296 1000 328 διδασκαλίαις

211 345 375 380 δαιμονίων,
400 345 430 371 ὶν
450 345 538 380 ὑποκρ
551 352 593 370 σει
610 343 796 379 ψευδολόγων,
818 351 1001 378 κεκαυτηρια-

213 392 322 427 σμένων
344 391 394 426 τὴν
413 390 482 417 ίδίαν
508 389 674 424 συνείδησιν,
702 389 861 416 κωλυόντων
887 389 999 423 γαμεῖν,

212 437 364 473 ἀπέχεσθαι
377 437 541 472 βρωμάτων,
556 436 574 463 ἃ
587 437 601 463 ό
615 436 681 467 Θεὸς
693 435 801 462 ἔκτισεν
820 435 861 467 εἰς
881 434 1000 470 μετάλη-

212 484 261 518 ψιν
278 483 348 518 μετὰ
364 474 550 518 εὐχαριστίας,
565 483 622 514 τοῖς
634 483 751 515 πιστοῖς,
767 482 815 509 καὶ
828 481 999 515 ἐπεγνωκόσι

212 529 262 565 τὴν
276 529 415 564 ἀλήθειαν.
433 538 443 555 ι

248 575 296 606 Et;
310 575 463 610 Μανιχαϊον
475 574 522 602 καὶ
535 575 689 611 Μαρκίωνα
702 574 790 601 ταῦτα
805 573 895 601 πάντα
911 571 998 607 λέγει.

251 673 260 690 ι
280 663 343 691 Ὀτι
360 664 415 691 πᾶν
430 664 534 700 κτίσμα
546 664 615 691 Θεοῦ
628 664 721 696 καλὸν,
732 663 779 691 καὶ
791 662 868 690 οὐδὲν
879 661 1000 698 ἀπόϐλη-

213 718 259 736 τον
272 710 342 744 μετὰ
354 710 530 745 εὐχαριστίας
542 710 758 745 λαμϐανόμενον.
778 708 935 743 ’Δγιάζεται
945 708 1000 743 γὰρ

212 754 257 782 διὰ
271 755 350 789 λόγου
365 755 433 782 Θεοῦ
455 756 502 782 καὶ
519 755 675 789 ἐντεύξεως.
692 754 785 782 Ταῦτα
804 754 999 788 ὑποτιθέμενος

212 799 270 831 τοῖς
283 798 421 834 ἀδελφοῖς,
435 799 518 831 καλὸς
533 799 584 835 ἔσῃ
594 799 718 831 διάκονος
736 798 824 835 Ἰησοῦ
838 797 968 835 Χριστοῦ.
985 806 995 823 ι

1050 258 1233 285 conspexere,
1250 258 1331 285 quem
1348 254 1412 277 ante
1426 258 1481 277 non
1496 249 1635 277 viderant.

1088 296 1295 324 «Attendentes
1319 296 1465 331 spiritibus
1491 296 1615 328 erroris,
1644 299 1672 323 et
1700 293 1836 323 doctrinis

1050 340 1261 374 daemoniorum,
1273 342 1300 368 in
1312 341 1454 377 hypocrisi
1465 341 1637 377 loquentium
1649 339 1836 370 mendacium,

1050 387 1230 416 cauteriatam
1245 388 1404 416 habentium
1419 395 1497 416 suam
1511 387 1711 415 conscientiam
1721 407 1730 419 ,
1744 385 1838 421 prohi-

1049 432 1174 459 bentium
1189 432 1305 466 nubere,
1319 432 1459 460 abstinere
1473 439 1488 459 a
1503 432 1574 459 cibis
1586 439 1657 467 quos
1671 431 1744 459 Deus
1756 437 1837 458 crea-

1050 477 1088 504 vit
1106 477 1141 504 ad
1160 476 1367 512 percipiendum
1384 484 1450 504 cum
1468 476 1621 512 gratiarum
1638 475 1749 503 actione
1769 473 1837 501 ﬁde-

1048 522 1139 556 libus,
1155 527 1181 550 et
1195 523 1230 550 iis
1247 523 1293 558 qui
1311 527 1499 559 cognoverunt
1513 522 1668 550 veritatem.
1684 530 1694 548 ι

1085 566 1148 594 Haec
1162 567 1256 595 omnia
1274 567 1409 596 adversus
1424 566 1608 595 Manichzeum
1624 569 1652 594 et
1666 564 1837 593 Marcionem

1049 611 1190 639 dicuntur.

1085 657 1169 686 Vens.
1189 658 1248 685 4-6.
1265 667 1274 684 ι
1288 657 1359 692 Quia
1375 659 1467 687 omnis
1482 661 1612 686 creatura
1625 657 1675 685 Dei
1690 656 1763 685 bona
1778 659 1838 690 est,

1049 709 1078 732 et
1092 703 1162 731 nihil
1178 704 1361 740 rejiciendum
1376 703 1451 739 quod
1473 711 1536 732 cum
1552 703 1706 739 gratiarum
1729 701 1839 730 actione

1049 750 1213 786 percipitur.
1231 750 1426 778 Sanctiﬁcatur
1441 750 1514 778 enim
1532 757 1581 785 per
1604 749 1718 777 verbum
1738 747 1786 776 Dei
1809 751 1839 775 et

1050 796 1217 824 orationem.
1233 796 1297 825 Haec
1313 801 1471 832 proponens
1493 795 1645 827 fratribus,
1670 795 1761 823 bonus
1782 792 1838 821 eris

1049 842 1178 871 minister
1191 842 1259 871 Jesu
1276 842 1394 871 Christi.
1410 852 1420 869 ι

248 886 301 914 Δύο
314 886 422 922 τίθησιν
444 886 561 913 ἐνταῦθα
574 886 724 921 κεφάλαια·
741 885 770 913 ἓν
793 885 853 921 μὲν,
868 884 910 912 ὅτι
923 878 1000 911 οὐδὲν

1087 888 1138 917 Hic
1152 888 1207 917 duo
1224 889 1317 925 capita
1340 889 1458 917 statuit:
1475 896 1561 916 unum
1584 888 1712 923 quidem,
1732 886 1837 914 nullam

213 933 319 968 κτίσμα
334 933 425 960 κοινόν
436 940 443 948 ·
457 931 583 968 δεύτερον
596 932 635 965 δὲ,
652 933 677 959 εί
690 931 738 959 καὶ
752 931 866 968 γένηται
880 932 914 967 τῇ
930 931 999 958 ὑπο-

213 978 295 1014 λήψει
314 978 414 1012 κοινὸν,
433 977 492 1005 ἀλλ’
514 978 588 1014 ἔχεις
608 978 640 1005 τὸ
657 978 819 1014 φάρμακον·
846 976 1001 1013 σφραγίσας

214 1024 412 1061 εὐχαρίστησον
421 1033 430 1041 ·
447 1024 559 1057 δόξασαν
572 1024 619 1052 τδν
635 1024 713 1058 Θεὸν,
727 1024 775 1051 καὶ
789 1024 864 1051 πᾶσα
879 1022 1001 1061 ᾴκαθσρ-

215 1070 262 1098 σία
274 1071 438 1107 ἁφίπταται.

253 1171 264 1188 ε
288 1161 500 1198 Ἑντρεφόμινος
510 1161 568 1192 τοῖς
582 1160 671 1195 λόγοις
685 1160 736 1196 τῆς
746 1159 875 1192 πίστεως,
889 1158 937 1187 καὶ
949 1158 1000 1194 τῆς

213 1208 301 1243 καλῆς
316 1207 502 1239 διδασκαλίας.
552 1205 794 1242 παρηκολούθηκα.
812 1215 824 1232 ι

249 1255 286 1282 To
301 1254 423 1291 διηνεκὲς
434 1255 485 1290 τῆς
501 1255 541 1287 εἰς
561 1254 596 1281 τὰ
612 1253 726 1281 τοιαῦτα
746 1252 884 1290 προσοχῆς
900 1251 999 1287 δηλῶν.

252 1310 263 1327 v
280 1300 351 1333 τοὺς
367 1299 498 1336 βεϐήλους
512 1299 561 1327 καὶ
571 1298 705 1335 γραώδεις
721 1298 823 1335 μῦθους
835 1297 999 1334 παραιτοῦ.)

249 1391 306 1424 Τὰς
321 1390 440 1426 μυθικὰς
460 1390 595 1418 Ἰουδαίων
613 1389 778 1426 παραδόσεις
792 1388 877 1424 λέγει.

253 1446 263 1463 ι
281 1436 409 1472 Γύμναζε
423 1437 452 1464 δι
465 1436 560 1464 ἑαυτὸν
581 1445 591 1463 ›

255 1482 286 1510 '0
299 1482 518 1518 γυμναζόμενος,
534 1482 650 1518 ἱδρῶτας
667 1480 724 1517 Exn
736 1479 861 1512 πολλούς.

253 1538 263 1554 ε
279 1528 352 1564 Πρὸς
362 1527 515 1556 εὐσέϐειαν.
533 1537 543 1554 ι

252 1575 393 1607 Τουτέστι,
408 1574 501 1601 πίστιν
513 1573 639 1609 καθαρὰν
654 1573 701 1600 καὶ
715 1573 783 1609 βίον.

255 1629 264 1646 ι
286 1621 320 1647 Ἦ
332 1620 387 1656 γὰρ
409 1619 553 1656 σωματικὴ
570 1619 709 1655 γυμνασία
733 1618 802 1654 πρὸς
819 1617 912 1652 ὀλίγον
928 1616 1002 1644 ἐστὶν

215 1667 363 1702 ὠφέλιμος·
370 1668 387 1702 ἡ
395 1666 423 1693 δὶ
432 1666 570 1699 εὐσέϐεια,
578 1666 647 1702 πρὸς
656 1665 745 1693 πάντα
752 1664 889 1699 ὠφέλιμός
898 1664 983 1691 ἐστιν.
990 1673 1000 1690 ι

251 1712 330 1744 Τινὲς
342 1711 407 1747 περ)⁵
417 1712 544 1747 νηστείας
551 1711 631 1738 τοῦτό
643 1718 725 1746 φασιν
732 1709 868 1746 είρῆσθαι.
883 1709 916 1736 ’Δ
921 1715 1002 1743 παγι⁴

215 1759 267 1785 οὐκ
283 1758 341 1784 ἔστι
356 1757 501 1793 σωματικὴ
515 1757 666 1792 γυμνασία,
686 1755 755 1784 ἀλλὰ
767 1755 953 1791 πνευματική.
970 1755 1003 1782 Et

216 1804 271 1839 γὰρ
287 1803 429 1838 σωματικὴ
442 1800 487 1838 ἦν,
501 1802 532 1830 τὺ
550 1802 632 1837 σῶμα
646 1801 761 1837 ἕτρεῳιν
774 1801 817 1829 ἄν.
838 1801 870 1828 Εί
881 1800 911 1827 δὲ
923 1800 1003 1836 τήκει

217 1846 294 1879 αὐτὸ,
312 1846 360 1873 καὶ
373 1846 514 1878 λεπτύνει,
531 1846 579 1873 καὶ
597 1845 751 1881 κατισχύει,
768 1845 820 1872 οὐκ
834 1844 893 1872 ἔστι
908 1853 1003 1880 σωμα-

216 1892 290 1927 τική.
312 1892 384 1928 Ἀρα
397 1892 463 1927 περὶ
476 1891 526 1927 τῆς
541 1891 588 1918 τοῦ
604 1891 730 1926 σώματος
749 1890 892 1926 ἀσκήσεώς
908 1899 1002 1926 φησιν,

217 1937 288 1964 ὥστε
312 1937 379 1973 ἡμῖν
402 1937 443 1964 δεῖ
466 1937 516 1973 τῆς
540 1937 696 1972 γυμνασίας
721 1937 771 1972 τῆς
795 1936 867 1964 κατὰ
893 1936 1001 1973 ψυχήν·

217 1982 309 2019 ἐκείνη
327 1983 383 2018 γὰρ
397 1983 448 2009 οὐκ
464 1982 521 2018 ἔχει
534 1982 640 2018 κέρδος,
655 1981 713 2009 ἀλλ’
725 1981 815 2016 ὀλίγον
831 1982 956 2017 ὠφέλησε
974 1983 1004 2010 τδ

218 2028 298 2064 σιῖιμα
308 2037 314 2043 ·
330 2029 347 2064 ἡ
361 2029 390 2056 δὲ
403 2029 454 2064 τῆς
468 2027 609 2060 εὐσεσείας
627 2029 754 2064 ἄσκησις,
777 2028 822 2056 τὸν
840 2029 945 2064 καρπὸν
957 2029 1005 2056 καὶ

217 2076 247 2102 ὲν
262 2075 302 2112 τῷ
318 2075 441 2112 μέλλοντι
463 2074 621 2108 ἀποδίδωσι,
637 2075 684 2102 καὶ
704 2074 822 2102 ἐνταῦθα
839 2075 1002 2103 ἀνακτᾶται.

256 2176 265 2193 ι
294 2166 478 2202 Ἐπαγγελίαν
488 2165 589 2202 ἔχουσα
599 2165 672 2203 ζωῆς
682 2168 732 2203 τῆς
743 2166 801 2199 νῦν,
816 2166 864 2194 καὶ
875 2166 926 2202 τῆς
941 2167 1003 2202 μελ-

217 2212 327 2247 λούσης.
350 2221 360 2238 ι

254 2258 327 2294 Ἀρα
344 2258 392 2285 καὶ
406 2257 522 2286 ⁴ἐνταῦθα
538 2258 568 2285 ἐν
581 2258 688 2287 ἐλπίσιν
702 2259 786 2294 ἐσμὲν
807 2262 950 2296 χρησταῖς.
975 2261 1004 2288 '0

218 2303 273 2338 γὰρ
291 2303 374 2338 μηδὲν
398 2303 488 2338 ἑαυτῷ
509 2304 647 2337 συνειδὼς,
660 2305 709 2331 καὶ
727 2305 845 2333 ἐνταῦθα
861 2307 1002 2341 γάννυται.

224 2348 375 2384 Ὠσπεροῦν
395 2349 444 2376 καὶ
463 2350 478 2376 ὁ
492 2349 622 2385 πονηρὸς,
637 2350 686 2377 καὶ
712 2350 829 2377 ἐνταῦθα
849 2351 1003 2385 κολάζεται.

258 2403 267 2420 ι
282 2394 381 2426 Πιστὸς
391 2395 406 2421 ό
420 2393 509 2428 λόγος,
526 2394 573 2421 καὶ
587 2394 678 2430 πάσης
694 2394 831 2431 ἀποδοχῆς
841 2395 926 2430 ἄξιος.
948 2405 957 2423 ι

254 2480 411 2511 Τουτέστιν,
428 2479 533 2515 ἀληθής
548 2479 616 2512 ἐστι,
634 2479 682 2507 καὶ
695 2479 822 2513 ἐνταῦθα,
837 2481 884 2508 καὶ
893 2482 961 2509 ἐκεῖ.

257 2536 266 2552 ι
284 2526 331 2558 Εἰς
344 2525 424 2553 τοῦτο
438 2525 493 2561 γὰρ
511 2525 662 2560 κοπιῶμεν,
685 2526 733 2552 καὶ
753 2526 950 2563 ὀνειδιζόμεθα,
964 2528 1006 2555 ὅτι

217 2572 375 2608 ἠλπίκαμεν
390 2571 438 2600 ὲπὶ
459 2573 519 2609 θεῷ
538 2572 630 2605 ζῶντι,
647 2572 676 2603 ὃς
698 2573 757 2599 ἐστι
781 2573 873 2610 σωτὴρ
896 2575 1006 2602 πάντων

217 2617 382 2653 ἀνθρώπων,
392 2618 440 2645 καὶ
454 2618 573 2654 μάλιστα
586 2617 701 2644 πιστῶν.
717 2618 895 2654 Παράγγελλε
906 2620 1005 2654 ταῦτα,

219 2664 266 2691 καὶ
282 2664 401 2692 δίδασκε.
416 2673 426 2690 ι

253 2709 400 2737 Τουτέστι·
420 2709 493 2743 τίνος
512 2711 568 2747 γὰρ
580 2711 661 2739 ἕνεκα
682 2712 820 2748 κόπτομεν
836 2712 961 2747 ἑαυτοὺς,
981 2714 1006 2740 εί

221 2755 259 2792 μὴ
272 2756 307 2783 τὰ
323 2756 455 2792 μέλλοντα
470 2758 689 2793 προσεδοκῶμεν;

257 2809 268 2827 ε
288 2801 392 2837 Μηδείς
413 2810 461 2830 σου
480 2803 530 2838 τῆς
548 2803 675 2839 νεότητος
696 2806 916 2842 καταφρονείτω,
940 2807 1007 2835 ἀλλὰ

219 2844 305 2878 τύπος
319 2846 394 2881 γίνου
405 2847 460 2876 τῶν
473 2848 587 2882 πιστῶν,
604 2849 633 2876 ὲν
649 2848 729 2886 λόγῳ,
744 2851 773 2878 ἐν
793 2852 961 2888 ἀναστροφῇ,
978 2853 1007 2880 ἐν

1049 940 1109 962 rem
1123 939 1242 962 creatam
1257 941 1433 963 communem
1448 942 1511 963 esse
1525 938 1573 962 aut
1586 933 1756 961 immundam
1771 941 1778 960 :
1796 932 1838 959 al-

1051 982 1158 1012 terum,
1172 979 1226 1008 etsi
1241 979 1383 1014 quidpiam
1405 980 1450 1007 vel
1475 979 1635 1015 suspicione
1663 977 1837 1006 immundum

1050 1024 1181 1058 habetur,
1207 1025 1359 1054 remedium
1387 1025 1417 1054 in
1441 1029 1569 1062 promptu
1596 1033 1678 1058 esse,
1705 1024 1837 1052 nimirum

1049 1069 1240 1106 consignaudo
1252 1071 1360 1107 gratias
1377 1079 1428 1107 age
1441 1081 1448 1099 :
1463 1071 1579 1108 gloriam
1604 1070 1697 1106 praebe
1721 1069 1794 1103 Deo,
1811 1072 1838 1097 et

1050 1116 1198 1152 impuritas
1210 1117 1301 1145 omnis
1315 1116 1447 1145 avolabit.

1089 1173 1099 1191 ι
1115 1163 1259 1191 Enutritus
1272 1163 1367 1193 verbis
1382 1163 1446 1192 ﬁdei
1459 1167 1487 1192 et
1499 1162 1579 1191 bona:
1591 1162 1726 1191 doctrina:
1734 1181 1742 1194 ,
1754 1169 1838 1198 quam

1051 1213 1195 1238 assecutus
1211 1216 1252 1237 es.
1269 1218 1280 1235 ι

1086 1255 1235 1284 Assiduam
1249 1263 1315 1291 erga
1331 1255 1385 1284 ista
1399 1255 1583 1284 attentionem
1591 1253 1753 1306 ‘przei‘erens

1085 1300 1170 1328 Vens.
1191 1300 1218 1327 7.
1233 1309 1243 1327 ι
1256 1300 1364 1336 lneptas
1390 1305 1485 1328 autem
1505 1304 1534 1328 et
1556 1297 1646 1327 aniles
1671 1297 1839 1335 quastione:

1050 1346 1151 1375 devita.
1166 1356 1176 1373 ι

1088 1391 1240 1421 Fabulares
1253 1391 1412 1421 Iudaeorum
1427 1391 1592 1421 traditiones
1606 1391 1685 1420 dicit.

1089 1446 1099 1464 α
1114 1438 1221 1466 Exerce
1237 1442 1329 1466 autem
1346 1437 1463 1474 teipsum
1480 1447 1490 1465 ι

1086 1481 1139 1516 Qui
1154 1490 1184 1510 se
1198 1486 1324 1516 exercet,
1339 1482 1419 1511 valde
1434 1482 1562 1511 desudat.

1089 1535 1100 1553 ι
1113 1526 1155 1554 Ad
1167 1528 1308 1563 pietatem.
1317 1536 1327 1554 ι

1087 1572 1118 1600 id
1133 1577 1176 1601 est
1192 1573 1272 1601 ﬁdem
1286 1577 1315 1601 et
1329 1574 1413 1602 vitam
1430 1581 1539 1610 puram.

1088 1618 1174 1647 Vens.
1194 1619 1222 1646 8.
1236 1628 1246 1645 ι
1259 1619 1328 1646 Nam
1345 1619 1501 1654 corporalis
1520 1619 1683 1648 exercitatio
1698 1620 1732 1647 ad
1749 1619 1840 1647 modi-

1053 1673 1117 1694 cum
1134 1665 1265 1701 prodest,
1281 1665 1370 1700 pietas
1384 1669 1476 1693 autem
1491 1665 1526 1694 ad
1543 1665 1635 1693 omnia
1653 1665 1730 1694 utilis
1744 1669 1797 1694 est.
1811 1674 1821 1692 ι

1088 1710 1206 1744 Quidam
1223 1710 1301 1738 aiunt
1315 1711 1368 1738 hoc
1380 1711 1414 1738 de
1426 1710 1533 1746 jejunio
1549 1711 1655 1739 dictum
1669 1719 1741 1740 esse.
1766 1712 1840 1747 Apa-

1054 1764 1109 1793 ge:
1124 1763 1179 1785 non
1196 1757 1248 1785 hoc
1261 1760 1305 1785 est
1323 1757 1484 1785 exercitatio
1504 1757 1656 1792 corporalis
1667 1777 1675 1789 .
1690 1757 1739 1786 sed
1761 1756 1843 1792 spiria

1055 1803 1149 1831 tualis.
1173 1802 1242 1830 Nam
1260 1803 1284 1831 si
1301 1800 1455 1838 corporalis
1473 1806 1562 1836 esset,
1586 1810 1688 1838 corpus
1709 1803 1839 1830 nutriret.

1054 1848 1104 1877 Sin
1121 1856 1187 1877 vero
1209 1849 1277 1877 illud
1295 1856 1467 1877 marcescere
1482 1848 1550 1876 facit
1564 1852 1591 1877 et
1608 1851 1748 1881 attenuat,
1764 1848 1841 1883 ejus-

1053 1902 1108 1930 que
1123 1895 1196 1922 vircs
1212 1895 1325 1928 atterit,
1343 1894 1495 1929 corporalis
1510 1902 1566 1922 non
1588 1894 1682 1923 fuerit.
1706 1894 1793 1931 Igitur
1807 1895 1841 1923 de

1056 1939 1256 1967 exercitatione
1277 1938 1403 1974 corporis
1419 1938 1551 1974 loquitur,
1565 1942 1595 1966 ut
1611 1945 1626 1966 e
1642 1946 1672 1966 re
1688 1942 1783 1966 nostra
1806 1939 1842 1966 sit

1054 1984 1136 2020 264
1150 1983 1345 2011 exercitationi
1359 1982 1447 2010 animi
1461 1989 1573 2018 operam
1596 1982 1674 2010 dare.
1696 1982 1745 2010 illa
1766 1982 1840 2010 enim

1054 2030 1124 2058 nihil
1139 2028 1297 2064 compendii
1311 2028 1394 2056 habet
1404 2048 1411 2060 ,
1426 2035 1580 2063 parumque
1592 2027 1706 2063 prodest
1718 2028 1840 2063 corpori.

1053 2075 1169 2104 Pietatis
1182 2078 1274 2103 autent
1287 2074 1467 2106 exercitatio,
1483 2081 1546 2101 cum
1561 2073 1589 2100 in
1603 2080 1662 2101 aevo
1675 2072 1770 2101 futuro
1783 2073 1842 2101 [τυ-

1054 2126 1130 2151 ctum
1147 2120 1290 2154 retribuit,
1308 2124 1366 2148 tum
1380 2124 1406 2148 et
1421 2120 1448 2147 in
1463 2119 1593 2155 praesenti
1610 2124 1727 2147 recreat.

1094 2177 1104 2194 ‹
1118 2167 1334 2195 Promissionem
1351 2166 1458 2195 habens
1473 2165 1553 2200 vitae,
1569 2172 1632 2201 qua:
1646 2173 1720 2193 nunc
1735 2169 1797 2199 est,
1814 2169 1842 2194 et

1018 2225 1042 2254 ι)
1056 2214 1165 2243 futurae.
1181 2222 1191 2239 ›

1091 2259 1179 2294 igitur
1193 2265 1267 2286 nunc
1283 2265 1395 2294 quoque
1412 2258 1439 2286 in
1456 2266 1505 2294 spe
1519 2257 1592 2286 bona
1605 2265 1760 2286 versamur.
1774 2257 1841 2284 Nam

1055 2306 1102 2341 qui
1122 2304 1191 2332 nihil
1211 2304 1264 2332 sibi
1285 2304 1416 2333 conscius
1434 2309 1494 2338 est,
1512 2303 1558 2332 hic
1572 2304 1656 2332 etiam
1676 2303 1842 2331 oblectatur.

1055 2349 1293 2384 Quemadmodum
1309 2349 1400 2377 malus
1414 2349 1478 2377 istic
1494 2356 1605 2385 quoque
1613 2356 1711 2384 ρωποι
1728 2348 1788 2375 luit.

1092 2395 1176 2424 Vitas.
1195 2395 1222 2424 9.
1238 2404 1248 2422 ι
1262 2395 1364 2424 Fidelis
1390 2402 1482 2424 sermo
1502 2398 1531 2423 et
1553 2395 1627 2422 omni
1653 2394 1842 2430 acceptations

1055 2442 1164 2478 dignus.
1175 2451 1185 2468 ι

1090 2487 1150 2515 Hoc
1166 2491 1226 2521 est,
1242 2494 1326 2514 verus
1341 2491 1401 2519 est.
1415 2494 1479 2514 cum
1496 2487 1541 2515 hic
1553 2508 1560 2521 ,
1575 2491 1632 2515 tum
1651 2486 1718 2514 illic.

1091 2532 1176 2561 Vens.
1197 2532 1242 2564 10,
1263 2532 1307 2559 Η.
1323 2541 1332 2558 ι
1347 2531 1378 2559 ln
1393 2532 1445 2560 hoc
1458 2532 1532 2560 enim
1554 2532 1712 2560 laboramus
1734 2535 1762 2559 et
1782 2538 1843 2558 ma-
1897 2539 1908 2545 ’

1056 2579 1213 2611 ledicimur,
1231 2578 1297 2613 quia
1313 2585 1457 2612 speramus
1471 2578 1500 2605 in
1515 2577 1600 2605 Deum
1615 2578 1707 2604 vivum
1717 2598 1725 2612 ,
1738 2577 1786 2612 qui
1801 2581 1844 2604 est

1056 2625 1178 2653 salvator
1189 2624 1312 2651 omnium
1325 2623 1467 2651 hominum
1476 2643 1484 2656 ,
1498 2623 1617 2650 maxime
1629 2622 1760 2650 ﬁdelium.
1772 2622 1843 2649 Prae.

1055 2670 1119 2705 cipe
1130 2670 1188 2697 haec
1201 2672 1228 2697 et
1241 2668 1320 2697 doce.
1331 2678 1340 2695 ι
1486 2703 1488 2705 γ

1087 2715 1117 2744 id
1139 2720 1204 2744 est:
1229 2714 1320 2743 Eccur
1343 2715 1416 2743 enim
1442 2714 1583 2743 laboribus
1597 2722 1648 2742 nos
1662 2714 1843 2748 conﬁcimus,

1057 2762 1111 2790 nisi
1126 2769 1172 2789 res
1186 2761 1296 2789 futuras
1310 2761 1510 2797 speraremus‘i

1091 2807 1173 2836 Vens.
1196 2807 1240 2840 12,
1257 2807 1301 2836 15.
1319 2817 1328 2833 ι
1343 2807 1429 2835 Nemo
1445 2806 1660 2835 adolescentiam
1684 2810 1758 2834 luant
1775 2814 1844 2834 con-

1059 2858 1162 2883 temnat
1175 2863 1183 2888 ς
1197 2854 1245 2883 sed
1260 2853 1416 2890 exetnpium
1433 2857 1494 2882 esto
1510 2853 1631 2882 ﬁdelium
1643 2874 1651 2888 ,
1663 2854 1692 2882 in
1707 2853 1801 2882 verbo.
1817 2852 1842 2880 in
