2078 3115
254 136 323 170 1011

802 136 832 165 S.
854 135 1015 165 JOANNlS
1035 134 1251 167 DAMASCENI

1808 141 1875 173 10l2

249 195 470 226 conversatione,
490 194 517 220 in
534 193 681 224 cliaritate.
696 191 724 219 in
739 192 838 226 spiritu
852 211 860 223 ,
877 191 903 218 in
921 192 989 222 liile,
1008 191 1033 216 in

1094 192 1191 227 ἰγάπῃ,
1205 193 1235 218 ἐν
1249 193 1394 228 πνεύματι,
1409 195 1438 220 ἐν
1457 195 1558 226 πίστει,
1574 196 1603 221 ὲν
1620 196 1727 232 ἁγνείᾳ.
1747 197 1818 229 Ἕως
1829 199 1874 234 ἔρ-

249 242 387 270 castitate.
400 241 468 268 Dum
480 239 571 272 venio,
582 238 691 266 attende
705 237 815 266 lectioni
827 259 833 270 ,
847 237 1034 264 cxhortationi

249 295 275 317 ct
290 288 430 315 doctrinm.
447 297 456 313 ›
755 293 758 296 λ

282 334 404 362 Ostende
415 340 508 368 opera,
527 332 627 368 inquit,
643 331 744 359 canitie
770 330 853 365 digna
870 341 876 357 :
895 337 955 365 qua:
972 329 1035 358 sub-

251 382 314 408 inde
330 380 414 407 etiam
430 383 553 407 enarrat.

282 426 366 454 Vens.
389 426 433 458 Μ,
452 425 496 453 15.
510 433 520 451 i
533 423 595 452 Noli
611 424 749 459 negligere
763 423 880 458 gratiam
892 430 952 457 qua:
967 422 994 449 in
1011 427 1035 449 te

251 477 307 505 est,
323 480 384 507 qua:
401 471 464 498 data
478 474 521 499 est
537 470 587 499 tibi
609 477 674 498 cum
699 469 876 505 impositione
902 476 1033 496 manuum

250 518 423 554 presbyterii.
442 516 504 545 Haec
518 517 652 544 meditare
667 524 672 542 :
689 515 717 543 in
732 516 792 544 istis
806 520 876 543 esto.
892 523 900 540 ι

287 563 448 592 Doctrinam
465 564 513 591 ait.

285 621 294 636 i
310 609 345 638 Ut
369 609 511 645 profectus
533 614 597 636 tuus
617 607 781 635 manifestus
797 606 834 634 sit
850 607 878 634 in
895 607 1034 634 omnibus.

251 655 354 693 [Vnam
369 642 438 689 ’16.]
451 654 570 682 Attende
588 654 638 681 tibi
653 658 681 681 et
696 653 829 681 doctrinae
843 663 850 680 :
871 655 942 680 insta
957 652 986 680 in
1002 653 1036 679 il-
1056 642 1069 649 ’

250 702 295 729 lis.
315 701 372 730 Hoc
389 700 461 728 enim
479 700 603 734 faciens,
620 699 737 734 teipsum
754 700 861 726 salvum
878 698 962 726 facies
977 719 984 731 ,
1009 702 1036 726 et

249 754 297 775 eos
312 746 359 781 qui
375 751 401 774 te
415 745 542 773 audiunt.
563 755 572 771 ›

283 790 344 821 Non
359 791 387 819 in
404 792 460 821 vita
473 791 581 824 solum,
599 790 646 820 sed
658 795 684 818 et
700 791 728 818 in
742 791 826 820 Verbo
840 790 984 819 doctrinae.

574 880 649 908 CAP.
671 879 704 909 Ἴ.

286 927 370 956 Vens.
392 927 448 955 Η.
465 936 473 953 i
488 926 632 955 Seniorem
647 934 682 954 ne
695 926 903 961 inerepaveris:
921 925 969 954 sed
985 925 1037 953 ob—

251 980 328 1001 secra
341 976 373 1000 ut
387 977 513 1008 patrem;
527 972 645 1007 juvenes
663 977 692 999 ut
707 972 809 1000 fratres
823 980 830 1004 ;
848 979 917 1000 anus
934 977 963 999 ut
981 980 1038 999 ina-

251 1026 331 1050 ircs;
352 1018 512 1052 juveneulas
538 1021 567 1045 ut
593 1025 722 1050 sorores,
748 1018 776 1045 in
799 1017 875 1046 omni
901 1018 1037 1045 castitate.

251 1063 356 1093 Viduas
380 1063 501 1096 honora,
528 1071 590 1100 quae
616 1071 680 1092 vere
701 1064 792 1092 vidua:
820 1068 894 1092 sunt.
923 1064 953 1092 Si
978 1071 1039 1100 quae

251 1114 342 1138 autem
360 1109 443 1136 vidua
465 1109 536 1137 ﬁlios
555 1113 602 1137 aut
626 1114 740 1144 nepotes
761 1108 858 1142 habet,
874 1109 963 1137 discat
979 1110 1038 1144 pri-

251 1164 337 1188 nium,
352 1166 362 1182 Ι

288 1201 325 1230 De
350 1207 535 1237 quocunque,
561 1201 606 1236 qui
635 1206 771 1235 provectae
798 1200 834 1228 sit
858 1201 964 1232 aetatis,
996 1201 1038 1227 lo-

250 1248 354 1284 quitur.
653 1239 657 1243 ’

291 1303 300 1319 i
319 1294 434 1320 Domum
451 1299 530 1321 suam
551 1299 663 1327 regere,
684 1295 711 1319 et
728 1296 852 1318 mutuam
874 1291 960 1319 vicem
977 1291 1038 1319 red-

252 1341 317 1367 ilere
334 1338 506 1373 parentibus.
532 1336 589 1364 Hoc
612 1336 687 1364 enim
709 1340 851 1371 acceptum
875 1339 918 1363 est
943 1342 1038 1362 coram

253 1384 320 1412 Deo.
339 1382 436 1417 illatis,
453 1382 529 1417 5-7.]
544 1381 610 1415 Quae
623 1385 715 1409 autem
736 1387 798 1409 vere
816 1379 898 1408 vidua
926 1384 987 1412 est,
1012 1384 1040 1408 et

252 1429 390 1461 desolata,
413 1432 505 1463 speret
525 1428 553 1455 in
572 1427 657 1455 Deum
669 1447 676 1461 ,
692 1431 720 1455 et
737 1426 820 1454 instet
836 1425 1039 1455 obsecrationi-

254 1475 306 1503 bus
320 1479 348 1502 et
361 1475 534 1502 orationibus
551 1477 635 1502 nocte
650 1477 678 1501 et
692 1473 747 1502 die.
765 1472 831 1500 Nam
849 1481 911 1508 quae
926 1473 954 1500 in
969 1472 1039 1501 deli-

253 1521 305 1549 ciis
323 1525 380 1553 est,
397 1521 490 1549 vivens
505 1525 613 1548 mortua
630 1524 683 1550 est.
713 1519 745 1546 Et
767 1520 826 1548 haec
850 1519 984 1556 ιιι·ωεὶρο,
1010 1523 1039 1547 ut
1054 1529 1075 1561 ο

254 1567 510 1602 irrepreliensibiles
522 1567 587 1595 sint.
602 1576 611 1593 ι

286 1612 358 1640 Idem
375 1617 417 1640 est
430 1619 463 1639 ac
473 1631 481 1643 ,
497 1612 567 1643 bene
583 1619 689 1647 gerere.

290 1658 374 1685 Vens.
395 1656 422 1684 8.
437 1667 447 1683 ι
462 1656 491 1684 Si
510 1657 573 1691 quis
590 1662 683 1685 autem
707 1664 840 1690 suorum,
867 1661 896 1685 et
921 1657 1042 1684 maxime

255 1703 476 1734 domesticorum
491 1709 586 1729 eurani
602 1710 658 1730 non
674 1702 771 1732 liabet.
783 1710 794 1728 ε

291 1746 345 1774 Eos
375 1746 414 1774 ait
442 1746 490 1781 qui
520 1753 621 1781 genere
646 1745 795 1781 propinqui
823 1750 915 1780 sunt;
943 1754 1042 1782 quem-

257 1791 403 1820 admodum
414 1796 442 1819 et
459 1791 545 1820 lsaias
565 1800 571 1819 :
588 1791 682 1826 Mirm
698 1790 800 1826 generis
817 1792 857 1818 tui
880 1800 931 1819 non
952 1799 1043 1826 asper-

254 1837 324 1866 neris
339 1838 372 1866 ".

293 1892 302 1908 i
317 1882 412 1911 Fidem
427 1883 553 1919 negavit,
567 1888 597 1912 et
612 1887 655 1912 est
670 1883 775 1912 inﬁdeli
791 1883 923 1913 deterior.
943 1882 1039 1920 [Vnam

255 1927 345 1965 945.]
358 1928 448 1956 Vidua
463 1929 582 1964 eligatur
597 1936 654 1957 non
669 1929 764 1958 minus
788 1929 932 1965 sexaginta
956 1936 1045 1956 anno-

255 1983 335 2007 rum.
349 1982 411 2011 quae
426 1975 508 2011 265
523 1974 607 2003 fuerit
622 1976 705 2004 unius
725 1975 777 2004 viri
800 1983 891 2010 uxor;
908 1975 936 2003 in
953 1972 1044 2012 operi-

256 2022 309 2048 bus
325 2021 406 2049 bonis
420 2021 608 2054 testimonium
621 2021 746 2051 habens:
764 2021 789 2050 si
807 2021 880 2050 ﬁlios
898 2021 1041 2055 educavit,

257 2067 281 2095 si
298 2066 421 2102 hospitio
434 2067 557 2102 recepit,
573 2067 596 2095 si
613 2071 774 2096 sanctorum
797 2067 883 2102 pedes
909 2067 994 2101 lavit,
1019 2067 1045 2096 si

257 2112 464 2144 tribulationem
482 2113 652 2148 patientibus
667 2114 908 2149 subministravit,
925 2115 948 2144 si
964 2123 1047 2144 omne

258 2167 330 2195 opus
342 2159 444 2188 bonum
460 2160 608 2188 subsecuta
624 2164 679 2189 est.
693 2160 937 2190 Adolescentiores
953 2166 1045 2191 autem

1087 246 1179 271 χομαι,
1207 239 1325 274 πρόσεχε
1344 241 1377 275 τῇ
1401 240 1564 275 ἀναγνώσει,
1581 243 1614 276 τῇ
1643 243 1823 278 παρακλήσει,
1839 247 1872 281 τῇ

1086 283 1255 320 διδασκαλίᾳ.
1274 294 1283 311 ι

1124 330 1213 366 Ἔργα
1233 331 1298 367 γὰρ,
1324 333 1418 367 φησιν,
1440 334 1573 366 ἐπίδειξον
1588 334 1650 367 ἄξια
1670 335 1775 369 πολιᾶς,
1794 336 1811 362 ἃ
1827 337 1873 363 καὶ

1087 375 1186 411 ἐφεξῆς
1200 376 1283 410 λέγει.
1681 389 1684 393 ~

1125 432 1133 449 i
1157 423 1202 458 Μὴ
1216 423 1313 459 ἀμέλει
1334 426 1380 452 τοῦ
1401 428 1430 452 ὲν
1443 427 1483 453 σοὶ
1503 428 1684 464 χαρίσματος,
1708 428 1722 454 ὃ
1736 428 1813 463 ἐδόθη
1832 437 1873 454 σοι

1087 470 1129 495 διὰ
1143 470 1321 505 προφητείας,
1335 472 1405 506 μετὰ
1419 473 1568 505 ἐπιθέσεως
1578 474 1632 500 τῶν
1642 474 1742 509 χειρῶν
1754 475 1875 510 πρεσϐυ-

1087 515 1188 550 τερίου.
1205 516 1297 543 Ταῦτα
1315 518 1424 551 μελέτα,
1440 519 1470 546 ὲν
1482 519 1586 552 τούτοις
1605 519 1668 552 ἴσθι,
1689 530 1698 546 ι

1123 561 1179 595 Τῆς
1192 561 1368 595 διδασκαλίας
1379 564 1471 599 φησίν.

1127 617 1135 632 i
1154 608 1214 635 Ἵνα
1228 617 1274 634 σου
1290 609 1306 643 ἡ
1322 610 1449 644 προκοπὴ
1465 611 1570 646 φανερὰ
1620 612 1650 638 ἐν
1665 611 1758 637 πᾶσιν.
1774 611 1873 644 ’Ἐπεχε

1090 653 1207 688 σεαυτῷ,
1231 654 1277 680 καὶ
1293 654 1326 689 τῇ
1342 654 1514 691 διδασκαλίᾳ,
1537 655 1649 691 ἐπίμενε
1672 656 1773 687 αὐτοῖς,
1789 655 1876 681 Τοῦτο

1088 699 1142 734 γὰρ
1167 699 1263 732 ποιῶν,
1279 699 1326 726 καὶ
1354 700 1467 727 σεαυτὸν
1487 700 1594 734 σώσεις,
1618 702 1664 729 καὶ
1686 701 1749 732 τοὺς
1761 700 1875 727 ἀκούον-

1088 750 1137 781 τάς
1150 755 1207 776 σου.
1230 758 1239 774 ι
1616 742 1627 755 '

1124 797 1169 832 Μὴ
1184 797 1212 823 ἐν
1226 796 1266 831 τῷ
1281 796 1331 831 βίῳ
1349 795 1439 830 μόνον,
1456 793 1524 821 ἀλλὰ
1540 793 1587 820 καὶ
1604 793 1633 819 ἒν
1646 791 1686 827 τῷ
1700 791 1773 825 λόγῳ
1787 791 1827 826 τῷ
1837 791 1876 817 δι-

1089 842 1255 877 δασκαλικῷ.

1388 874 1513 902 ΚΕΦΛΛ.
1529 874 1566 901 Ε’.

1125 922 1310 958 Πρεσδυτέρῳ
1332 923 1369 957 μὴ
1390 921 1555 956 ἐπιπλήξῃς,
1577 919 1645 946 ἀλλὰ
1661 918 1814 953 παρακάλει
1838 921 1876 950 ὼς

1091 969 1206 1004 πατέρα,
1226 968 1378 1003 νεωτέρους
1402 967 1441 999 ὡς
1465 965 1606 1000 ἀδελφοὺς,
1629 963 1819 1000 πρεσϐυτέρας
1837 963 1875 994 ὡς

1091 1015 1224 1050 μητέρας,
1236 1014 1372 1049 νεωτέρας
1387 1014 1425 1045 ὡς
1439 1012 1557 1045 ἀδελφὰς
1571 1012 1600 1037 ὲν
1620 1010 1695 1044 πάσῃ
1709 1009 1805 1044 ἁγνείᾳ
1826 1009 1876 1044 Χήο

1092 1068 1141 1094 ρας
1153 1059 1219 1094 τίμα
1232 1058 1281 1090 τὰς
1294 1057 1379 1089 ὄντως
1397 1058 1494 1092 χήρας.
1510 1056 1541 1082 Εί
1557 1055 1587 1082 δέ
1608 1063 1650 1086 τις
1662 1055 1735 1091 χήρα
1749 1053 1843 1086 τέκνα,
1857 1053 1875 1087 ἢ

1090 1106 1190 1140 ἔκγονα
1203 1105 1270 1140 ἔχει,
1287 1104 1446 1140 μανθανέτω
1462 1102 1580 1137 πρῶτον,
1601 1112 1609 1127 I

1126 1196 1195 1231 Περὶ
1208 1196 1308 1226 παντὸς
1322 1193 1508 1228 γεγηρακότος
1519 1191 1602 1226 λέγει.

1129 1293 1137 1310 i
1161 1283 1212 1310 Τδν
1228 1282 1293 1309 ἴδιον
1310 1278 1386 1308 οἶκον
1399 1278 1533 1310 εὐσεὸεἶν,
1553 1277 1600 1304 καὶ
1617 1276 1733 1312 ἀμοιὸὰς
1751 1274 1876 1302 ἑιειῐοδιδό⁴

1091 1338 1135 1356 ναι
1150 1329 1206 1360 τοῖς
1222 1326 1378 1362 προγόνοις,
1394 1324 1480 1351 Τοῦτο
1497 1323 1551 1359 γάρ
1577 1322 1652 1349 ἐστιν
1668 1320 1816 1347 ἀπόδεκτον
1832 1319 1875 1345 ὲν-

1090 1375 1175 1402 ώπιον
1192 1372 1240 1400 τοῦ
1251 1370 1377 1400 Θεοῦ.“¹11
1392 1370 1421 1397 δὲ
1431 1369 1516 1400 ὅντως
1527 1366 1665 1404 χήρα,καὶ
1684 1364 1876 1401 μεμονωμένη,

1091 1421 1206 1457 ἡλπικεν
1220 1418 1267 1445 ἐπὶ
1278 1417 1325 1444 τὸν
1348 1415 1425 1448 Θεὸν,
1443 1415 1492 1441 καὶ
1514 1413 1664 1458 προσμένει
1684 1413 1745 1444 ταῖς
1768 1411 1877 1446 δεήσεσι

1091 1467 1139 1495 καὶ
1153 1467 1214 1498 ταῖς
1229 1463 1394 1500 προσευχαῖς
1410 1461 1520 1494 νυκτὸς,
1534 1460 1583 1488 καὶ
1594 1457 1701 1495 ἡμέρας
1713 1467 1720 1474 ·
1735 1460 1753 1494 ἡ
1768 1457 1797 1484 δὲ
1808 1465 1878 1483 σπα-

1092 1511 1213 1544 ταλῶσα,
1233 1509 1308 1543 ζῶσα
1332 1508 1477 1543 τέθνηκεν.
1500 1507 1556 1533 Καὶ
1579 1505 1665 1532 ταῦτα
1693 1502 1877 1540 παράγγελλε,

1093 1559 1137 1585 ἴνα
1153 1556 1332 1592 ἀνεπίληπτοι
1346 1552 1423 1583 ὦσιν.
1444 1563 1454 1579 ι

1133 1603 1207 1631 ’Λντὶ
1225 1602 1284 1634 τοῦ,
1303 1601 1335 1628 εὖ
1347 1601 1446 1628 ποιεῖν.

1132 1652 1141 1675 i
1162 1649 1193 1676 El
1213 1648 1242 1675 δέ
1260 1656 1304 1678 τις
1321 1646 1375 1674 τῶν
1395 1645 1479 1676 ιδίων,
1492 1642 1540 1670 καὶ
1560 1642 1678 1677 μάλιστα
1695 1641 1751 1668 τῶν
1762 1640 1882 1673 οἰκείων,

1093 1695 1124 1722 οὺ
1141 1695 1261 1730 προνοεῖ,
1279 1702 1288 1719 t

1127 1740 1199 1772 Τοὺς
1211 1739 1285 1774 γένει
1306 1739 1495 1774 προσήκοντας
1517 1736 1610 1771 φησὶν,
1627 1735 1664 1766 ὡς
1684 1734 1732 1760 καὶ
1754 1731 1881 1763 Ἡσαΐας,

1097 1785 1170 1818 Τοὺς
1182 1784 1311 1816 οικείους
1324 1783 1378 1818 τοῦ
1392 1781 1564 1816 σπέρματός
1578 1787 1637 1807 σου
1653 1779 1709 1812 οὺχ
1726 1776 1882 1811 auspcio-ci.

1133 1885 1142 1902 i
1162 1875 1217 1911 Τὴν
1231 1874 1325 1901 πίστιν
1339 1873 1468 1908 ἤρνηται,
1487 1871 1534 1898 καὶ
1553 1870 1627 1897 ἔστιν
1644 1868 1760 1896 ἀπίστου
1772 1866 1883 1903 χείρων.

1095 1924 1177 1960 Χήρα
1193 1919 1388 1955 καταλεγέσθω
1411 1918 1449 1955 μὴ
1463 1917 1573 1944 ἔλαττον
1591 1915 1660 1942 ἐτῶν
1679 1913 1820 1948 ἑξήκοντα,
1837 1918 1886 1944 γε·

1095 1970 1191 2004 γονυῖα
1206 1967 1265 1999 ὲνδς
1278 1965 1374 2002 ἀνδρὸς
1386 1963 1466 1999 γυνὴ,
1477 1964 1506 1990 ὲν
1518 1962 1609 1998 ἔργοις
1623 1960 1715 1991 καλοῖς
1732 1964 1887 2004 μαρτυρου-

1098 2002 1177 2052 μένη,
1193 2015 1218 2041 εἰ
1236 2011 1479 2048 ἐτεκνοτρόφησεν,
1496 2010 1521 2036 εἰ
1543 2007 1742 2042 ἐξενοδόχησεν,
1758 2005 1783 2052 si
1801 2002 1887 2052 ἁγίων

1202 2059 1303 2095 ἔνιψεν,
1331 2059 1356 2085 ει
1380 2056 1549 2091 θλιϐομένοις
1574 2055 1740 2089 ἐπήρκεσεν,
1758 2051 1782 2077 εί
1803 2048 1888 2076 παντὶ

1097 2107 1170 2143 ἔργῳ
1177 2105 1273 2140 ἀγαθῷ
1286 2102 1514 2139 ἐπηκολούθησεν.
1522 2099 1667 2134 Νεωτέρας
1678 2097 1706 2124 δὲ
1718 2097 1806 2132 χήρας
1818 2101 1888 2143 παρ-

1098 2139 1186 2181 α-ιτοθ.
1203 2139 1297 2178 γὈταν
1321 2150 1376 2185 γὰρ
1403 2145 1658 2183 καταστρηνιάσωσι
1686 2142 1735 2170 τοῦ
1757 2139 1888 2177 Χριστοῦ,

259 2203 359 2232 viduas
380 2203 482 2232 devita.
514 2204 583 2232 Cum
610 2204 685 2232 enim
713 2204 859 2234 luxuriata:
887 2206 994 2235 fuerint
1017 2207 1044 2234 in

1098 2201 1198 2235 γαμεῖν
1225 2198 1373 2230 ἐθέλουσιν,
1390 2195 1501 2231 ἔχουσαι
1515 2195 1613 2229 κρῖμα,
1638 2191 1680 2218 ὅτι
1703 2189 1753 2225 τὴν
1775 2187 1888 2223 πρώτην

259 2248 401 2276 Christum
413 2269 421 2282 ,
434 2249 539 2277 nubere
552 2249 665 2282 volunt,
679 2249 811 2278 habentes
823 2250 1027 2280 damnationem
1038 2272 1046 2285 ,

260 2294 326 2330 quia
340 2294 457 2329 primam
476 2294 559 2322 ﬁdem
575 2294 682 2322 irritam
701 2294 838 2323 fecerunt.
854 2295 941 2323 Simul
956 2301 1048 2325 autem

259 2345 287 2370 et
312 2341 410 2368 otiosa;
435 2339 548 2368 discunt
574 2340 695 2368 circuire
720 2340 840 2369 domos:
872 2349 927 2372 non
958 2343 1047 2370 solum

259 2386 371 2418 otiosae,
398 2385 446 2414 sed
473 2390 502 2414 et
525 2386 666 2420 verbosa,
694 2391 722 2415 et
745 2387 880 2420 curiosae,
905 2388 1049 2424 loquentes

260 2440 321 2467 quae
334 2440 388 2459 non
405 2436 523 2468 oportet.
538 2432 606 2460 Volo
619 2441 684 2469 ergo
697 2433 823 2469 juniores
840 2435 944 2463 nubere
954 2456 961 2468 ,
978 2436 1050 2464 ﬁlios

261 2485 427 2514 procreare,
447 2478 673 2507 matresfamilias
694 2487 770 2513 esse,
793 2481 898 2508 nullam
925 2482 1051 2510 occasio-

262 2532 325 2552 nem
340 2525 407 2553 dare
421 2524 583 2553 adversario
605 2526 747 2553 maledicti
772 2527 870 2561 gratia.
892 2525 952 2555 Jam
976 2527 1050 2556 enim

261 2571 385 2606 quaedam
401 2578 544 2600 conversae
559 2577 624 2600 sunt
639 2577 715 2600 retro
728 2572 871 2601 Satanam.
888 2583 897 2599 ι

297 2617 369 2649 Quia
388 2617 508 2645 inﬁdelis
523 2618 580 2651 ille,
595 2619 648 2646 etsi
670 2610 816 2648 extraneos
841 2621 971 2656 despicit,
985 2629 1048 2657 pro-

261 2663 380 2698 pinquos
397 2669 488 2691 tamen
505 2672 558 2692 non
577 2670 751 2700 aspernatur.
774 2666 858 2702 Atqui
879 2668 958 2702 ﬁdem
975 2677 1050 2697 com-

261 2713 373 2746 pactum
390 2709 468 2737 dicit.

297 2754 381 2783 Vens.
403 2756 499 2784 16-25.
520 2766 528 2783 i
548 2757 577 2785 Si
596 2758 659 2793 quis
685 2760 727 2787 vir
754 2766 811 2805 aut
836 2761 934 2790 mulier
963 2761 1050 2791 ﬁdelis

298 2845 321 2863 “
335 2844 389 2874 lsa.
403 2854 482 2881 mn,
495 2847 520 2881 7,
534 2856 587 2878 sec.
607 2859 670 2879 in.

1100 2247 1194 2275 πίστιν
1214 2244 1362 2280 ἠθέτησαν.
1381 2242 1458 2277 ’Ἅμα
1476 2240 1506 2267 δὲ
1521 2239 1568 2266 καὶ
1590 2237 1674 2275 ἀργαὶ
1696 2235 1886 2280 μανθάνουσιν,

1101 2279 1315 2329 περιερχόμεναι
1332 2289 1381 2321 τὰς
1399 2287 1505 2318 οἰκίας·
1518 2286 1549 2313 οὐ
1573 2284 1653 2320 μόνον
1669 2281 1810 2329 Beli-pra},
1821 2279 1889 2306 ἀλλὰ

1102 2324 1150 2365 καί
1166 2324 1291 2372 φλνιίαροι,
1305 2334 1353 2361 καὶ
1370 2333 1526 2368 περίεργοι,
1540 2328 1670 2357 λαλοῦσαι
1683 2327 1719 2354 τὰ
1731 2326 1768 2361 μὴ
1783 2324 1887 2372 δέοντα.

1101 2370 1246 2419 Βούλομαι
1254 2380 1301 2409 οὖν
1313 2380 1450 2414 νεωτέρας
1466 2377 1575 2413 γαμεῖν,
1592 2373 1772 2408 τεκνογονεῖν,
1787 2370 1890 2419 οἰκοδε-

1103 2416 1225 2460 σποτεῖν,
1242 2426 1376 2463 μηδεμίαν
1387 2423 1514 2460 ἀφορμὴν
1525 2421 1624 2449 διδόναι
1640 2419 1680 2454 τῷ
1697 2416 1887 2463 ἀντικειμένῳ,

1102 2475 1233 2511 λοιδορίας
1243 2460 1340 2509 -χᾶρίν,
1358 2470 1427 2506 Ἤδη
1444 2469 1499 2504 γάρ
1514 2475 1587 2498 ⁵ιινες
1601 2465 1789 2500 ἰξετράπησαν
1803 2460 1892 2488 ὀπίσω

1101 2523 1150 2550 τοῦ
1166 2520 1284 2548 Σατανᾶ.
1306 2528 1316 2544 ι

1139 2612 1202 2638 Ὅτι
1213 2609 1327 2639 ἐκεῖνος,
1339 2608 1364 2632 εἰ
1378 2606 1425 2632 καὶ
1440 2604 1478 2639 μὴ
1490 2603 1554 2634 τοὺς
1567 2599 1734 2633 ἀλλοτρίους,
1748 2597 1812 2628 τοὺς
1825 2594 1889 2629 γοῦν

1105 2657 1189 2692 ἐγγὺς
1200 2655 1230 2682 οὑ
1249 2653 1375 2690 περιορᾷ.
1392 2651 1448 2685 Τὴν
1465 2649 1603 2684 συνθήκην
1623 2645 1716 2680 φησίν.

1144 2771 1151 2787 i
1219 2767 1260 2790 τις
1279 2754 1384 2787 πιστὸς,
1400 2753 1416 2788 ἢ
1432 2750 1514 2786 πιστὴ
1537 2749 1593 2785 ἔχει
1613 2749 1711 2783 χήρας,
1734 2742 1891 2780 ἐπαρκείτω
