2078 3115
220 131 287 163 1013

744 133 784 162 ΙΝ
804 132 923 162 EI’IST.
944 133 992 162 AD
1011 133 1242 165 TIMOTHEUM
1261 135 1284 164 Ι.

1778 138 1846 172 1014

217 188 323 219 αὑταῖς,
343 187 388 214 καὶ
404 187 440 222 μὴ
456 187 591 222 βαρείσθω
612 188 630 222 ἡ
650 187 810 221 Ἐκκλησία,
827 188 871 214 ἵνα
888 189 948 219 ταῖς
961 188 1002 214 δν-

1059 188 1140 217 habet
1161 190 1271 224 viduas,
1298 191 1490 219 subministrat
1509 192 1574 225 illis,
1597 198 1624 221 ct
1648 201 1702 221 non
1719 200 1846 230 gravetur

211 242 270 264 -τως
285 233 385 268 χήραις
410 234 561 270 ἐπαρκέσῃ.
581 234 612 259 Οί
635 233 725 266 καλῶς
745 234 918 269 προεστῶτες
941 243 1007 270 πρε-

218 277 355 312 σόύτεροι,
370 277 465 311 διπλῆς
478 278 560 312 τιμῆς
575 277 773 311 ἀξιούσθωσαν,
790 278 907 313 μάλιστα
923 279 948 305 οι
960 288 1006 306 χοε

217 332 334 355 meme;
348 324 376 350 ἐν
387 323 458 358 λόγῳ
472 324 518 350 καλ⁵
527 323 695 359 διδασκαλίᾳ.
708 324 788 357 Λέγει
803 324 858 360 γὰρ
870 325 885 360 ἡ
898 325 1005 360 Γραφὴ,

218 369 287 396 Βυῦν
304 370 425 397 ἀλοῶντα
447 369 478 396 οὺ
495 369 640 404 φιμώσεις.
661 370 725 401 Καὶ,
748 370 838 402 ’Ἄξιος
854 371 868 397 6
886 370 1006 407 ἐργάτης

218 416 265 442 τοῦ
286 407 383 451 μισθοῦ
405 415 500 443 αὑτοῦ.
525 416 603 442 Κατὰ
626 415 814 451 πρεσϐυτέρου
838 417 1007 452 κατηγορίαν

221 461 257 496 μὴ
271 461 435 497 παραδέχου,
453 461 530 492 ἐκτὸς
547 462 570 487 εί
589 461 626 496 μὴ
641 461 688 487 ἐπὶ
703 461 750 488 δύο
770 461 785 497 ἢ
803 462 886 497 τριῶν
903 463 1006 498 μαρτύ-

221 516 284 542 ρων.
307 508 376 538 Τοὺς
390 507 599 543 ἁμαρτάνοντας
625 506 741 534 ἐνώπιον
764 508 874 535 πάντων
899 508 1005 544 ἔλεγχε,

219 553 263 579 ἴνα
284 553 330 579 καὶ
345 553 372 579 οἱ
389 552 479 578 λοιποὶ
500 553 581 587 φόϐον
597 553 692 588 ἔχωσι.
709 554 938 589 Διαμαρτύρομαι
964 555 1006 582 ὲν-

218 599 302 624 ώπιον
318 597 364 625 τοῦ
372 598 439 624 Θεοῦ
457 599 503 624 καὶ
515 599 618 633 Κυρίου
636 599 722 634 Ἰησοῦ
739 599 869 634 Χριστοῦ,
893 601 940 627 καὶ
951 600 1006 636 τῷν

218 643 354 671 ἐκλεκτῶν
363 643 497 678 ἀγγέλων,
509 645 554 671 ἵνα
565 644 651 671 ταῦτα
664 644 784 681 φυλάξῃς
798 646 882 681 χωρὶς
893 647 1007 682 προκρί-

220 699 315 724 ματος,
334 690 419 724 μηδὲν
443 690 526 717 ποιῶν
548 691 619 717 κατὰ
640 691 812 726 πρόσκλισιν.
838 693 941 728 Χεῖρας
956 702 1005 720 τα-

217 735 288 769 χέως
304 735 399 770 μηδενὶ
415 735 542 767 ἐπιτίθει,
566 735 634 771 μηδὲ
649 736 772 763 κοινώνει
793 737 943 772 ἁμαρτίαις
959 738 1006 765 ἀλ-

217 780 347 815 λοτρίαις.
363 781 480 807 Σεαυτὺν
502 780 584 815 ἁγνὸν
605 782 694 817 τήρει.
716 783 823 818 Μηκέτι
851 784 1004 819 ὑδροπότει,

217 825 275 852 ἀλλ’
288 827 351 861 οϊνῳ
375 826 458 862 ὀλίγῳ
472 827 530 862 χρῶ
543 827 587 854 διὰ
609 827 655 854 τὸν
674 829 810 864 στόμαχον
824 838 871 856 σου
893 831 940 857 καὶ
955 830 1004 862 τὰς

217 873 323 904 πυκνάς
338 881 384 899 σου
401 873 552 906 ἀσθενείας.
568 874 655 902 Τινῶν
669 874 821 910 ἀνθρώπων
831 876 858 902 αἱ
872 876 1004 912 ἁμαρτίαι

217 918 347 954 πρόδηλοί
369 920 434 952 εισι,
450 920 622 955 προάγουσαι
643 922 682 953 εἰς
700 921 805 957 κρίσιν’
828 923 884 949 τισὶ
905 923 934 950 δὲ
959 925 1006 951 καὶ

216 964 458 992 ἐπακολουθοῦσιν.
479 965 618 999 Ὡσαύτως
639 968 732 994 καὶτὰ
754 968 824 995 καλὰ
847 969 917 1004 ἔργα
937 971 1005 1006 πρό-

167 1028 169 1037 .
216 1009 285 1044 δηλά
297 1011 368 1044 ἐστι,
393 1011 441 1039 καὶ
467 1012 609 1045 τὰνᾶλλως
627 1013 725 1048 ἔχοντα
749 1015 884 1050 κρυὸἦναι
906 1017 938 1043 οὐ
961 1016 1006 1044 δύ-

217 1064 305 1084 ναται.
328 1065 338 1083 ὶ

516 1150 640 1177 ΚΕΦΑΛ.
660 1152 705 1184 ς’.

255 1204 264 1219 ι
286 1194 364 1221 Ὅσοι
376 1195 444 1222 εἰσιν
455 1195 508 1222 ὑπὸ
524 1196 606 1230 ζυγὸν
619 1196 707 1223 δοῦλοι
724 1197 786 1229 τοὺς
810 1198 890 1230 ἰδίους
906 1200 1004 1227 δεσπό-

216 1248 266 1272 τας
281 1241 371 1276 πάσης
381 1241 463 1276 τιμῆς
477 1241 760 1277 ὰξίουςὴγείσθωσαν,
772 1243 815 1270 ἵνα
828 1245 865 1280 μὴ
879 1245 909 1272 τὸ
921 1246 1005 1282 ὂνομα

217 1285 264 1313 τοῦ
281 1286 361 1319 Θεοῦ,
382 1287 428 1313 καὶ
443 1288 458 1322 ή
474 1287 633 1314 διδασκαλία
649 1288 853 1324 βλασφημῆται.
870 1292 901 1318 Ol
918 1292 946 1318 δὲ
961 1302 1005 1320 πι-

219 1331 298 1362 στοὺς
324 1331 432 1366 ἔχοντες
454 1332 587 1364 δεσπότας
610 1333 648 1369 μὴ
674 1335 941 1370 καταφρονείτωσαν,
963 1339 1004 1366 ὅτι

217 1376 326 1410 ἀδελφοί
340 1377 421 1409 slew,
440 1377 508 1404 ἀλλὰ
522 1378 622 1413 μᾶλλον
636 1379 848 1414 δουλευέτωσαν,
863 1383 905 1409 ὅτι
916 1385 1005 1411 πιστοί

217 1422 269 1448 εἰσι
284 1422 332 1448 καὶ
352 1423 499 1458 ἀγαπητοὶ,
519 1425 543 1450 oi
560 1425 609 1459 τῆς
631 1425 790 1461 εὐεργεσίας
808 1428 1006 1465 ἀντιλαμϐανό-

219 1475 304 1501 μενοι.
323 1468 415 1495 Ταῦτα
430 1469 538 1496 δίδασκε
557 1471 603 1497 καὶ
623 1472 788 1506 παρακάλει.
805 1473 840 1500 El'
856 1483 898 1506 τις
911 1476 1005 1511 ἑτερο-

1059 237 1192 270 Ecclesia,
1225 241 1252 265 ut
1278 237 1312 266 iis
1332 246 1392 273 quae
1418 247 1481 266 vere
1507 240 1595 268 viduae
1620 246 1695 274 stitit,
1718 242 1844 270 suilleiat.

1057 282 1110 316 Qui
1133 284 1201 311 bene
1223 289 1343 319 praesunt
1364 285 1526 321 presbyteri,
1545 287 1648 322 duplici
1676 287 1778 316 honore
1799 289 1847 316 lia-

1057 328 1186 356 beantur.
1217 329 1336 356 maxime
1366 329 1413 363 qui
1441 329 1565 357 laborant
1592 330 1619 357 in
1636 332 1722 358 verbo
1743 336 1770 359 et
1795 332 1845 359 do-

1058 374 1156 401 ctrina.
1189 373 1258 401 Dieit
1286 375 1359 402 enim
1384 374 1547 409 Scriptura:
1575 375 1633 403 Non
1662 377 1789 411 alligabis
1813 385 1845 404 os

1058 419 1119 447 bovi
1135 419 1276 447 trituranti
1299 420 1334 452 ";
1349 423 1399 452 et,
1422 419 1528 455 Dignus
1548 425 1590 448 est
1606 422 1753 456 operarius
1773 430 1846 449 mer-

1057 465 1124 493 cede
1143 473 1193 494 sua
1213 465 1247 492 ’⁸.
1264 465 1402 494 Adversus
1422 466 1612 502 presbyterum
1639 468 1844 496 accusationem

1057 511 1113 538 noli
1133 512 1266 547 recipere,
1282 511 1336 540 nisi
1352 511 1404 540 sub
1427 511 1535 540 duobus
1548 516 1595 540 aut
1609 512 1698 541 tribus
1718 514 1843 542 testibus.

1056 556 1208 585 Peccantes
1226 563 1320 584 coram
1344 557 1472 585 omnibus
1488 565 1584 593 argue,
1610 562 1640 585 ut
1656 562 1682 586 et
1700 559 1790 586 caeteri
1809 559 1846 586 ti—

1058 609 1162 631 morem
1188 602 1318 630 habeant.
1346 603 1475 631 Obtestor
1497 611 1591 630 coram
1614 603 1669 631 Deo
1684 608 1712 632 et
1728 603 1846 631 Domino

1055 645 1121 674 Jesu
1133 646 1256 679 Christo,
1271 651 1298 675 et
1311 646 1408 675 electis
1427 648 1543 683 angelis,
1568 652 1598 675 ιιι
1618 648 1676 676 haec
1691 649 1844 680 custodias,

1057 694 1118 721 sine
1141 692 1312 729 prazjudicio,
1336 693 1406 720 nihil
1429 693 1534 722 faciens
1553 693 1580 721 in
1605 694 1718 722 alteram
1739 699 1844 730 partem

1056 739 1231 767 declinando.
1248 739 1346 768 Manus
1366 740 1423 767 cito
1444 740 1547 767 nemini
1564 740 1741 776 imposueris,
1757 749 1846 776 neque

1057 786 1307 814 communicaveris
1320 786 1443 822 peccatis
1459 786 1569 815 alienis.
1586 786 1716 821 Teipsum
1736 791 1843 814 castum

1057 832 1177 861 custodi.
1195 833 1259 861 Noli
1277 833 1369 861 adhuc
1397 840 1497 868 aquam
1525 833 1632 866 bibere,
1658 833 1706 862 sed
1735 833 1844 861 modico

1056 880 1121 908 vino
1138 884 1216 908 utere
1239 883 1352 916 pr0pter
1371 879 1543 907 stomachum
1560 883 1648 911 tuum,
1674 883 1701 907 et
1718 879 1845 914 frequen-

1058 932 1098 956 tes
1111 931 1174 955 tuas
1197 926 1382 954 inﬁrmitates.
1405 925 1593 959 Quorumdam
1615 925 1759 956 hominum
1781 934 1845 961 pec-

1057 977 1118 1002 cata
1145 971 1296 1000 manifesta
1325 975 1400 1004 sunt,
1430 971 1613 1007 praecedentia
1633 972 1666 999 ad
1687 971 1842 1006 judicium:

1057 1020 1192 1056 quosdam
1215 1023 1307 1047 autem
1320 1022 1347 1046 et
1365 1018 1586 1054 subsequuntur.
1609 1018 1744 1046 Similiter
1759 1023 1785 1046 et
1801 1019 1843 1045 fa-

1057 1069 1100 1093 cta
1117 1067 1188 1093 bona
1208 1063 1354 1092 manifesta
1376 1067 1453 1097 sunt,
1467 1067 1494 1091 et
1508 1070 1569 1098 quae
1583 1064 1663 1092 aliter
1681 1072 1712 1092 se
1726 1064 1842 1096 habent,

1056 1111 1188 1140 abscondi
1203 1118 1259 1139 non
1278 1115 1405 1146 possunt.
1425 1119 1434 1136 ›

1372 1156 1447 1183 CAP.
1475 1155 1522 1183 Vl.

1091 1204 1175 1232 Vens.
1200 1203 1260 1230 1-5.
1277 1211 1287 1228 ι
1315 1202 1477 1237 Quicunque
1504 1205 1568 1229 sunt
1588 1202 1640 1230 sub
1667 1202 1733 1238 jugo
1756 1203 1842 1236 servi,

1055 1250 1182 1278 dominos
1211 1256 1277 1277 suos
1304 1249 1409 1276 honore
1422 1247 1520 1282 dignos
1542 1248 1723 1282 arbitrentur,
1746 1257 1781 1277 ne
1796 1250 1842 1277 Dei

1056 1304 1155 1323 nomen
1170 1300 1198 1323 et
1211 1295 1336 1322 doctrina
1357 1294 1572 1329 blasphemelur.
1595 1293 1647 1327 Qui
1663 1298 1754 1322 autem
1775 1295 1842 1323 tide-

1056 1341 1096 1369 ics
1112 1341 1213 1368 habent
1227 1341 1366 1373 dominos,
1383 1347 1438 1367 non
1458 1343 1647 1372 contemnant,
1663 1341 1728 1376 quia
1743 1340 1843 1369 fratres

1056 1392 1137 1420 sunt;
1157 1388 1205 1416 sed
1225 1388 1313 1422 magis
1334 1387 1466 1418 serviant,
1484 1386 1549 1421 quia
1574 1385 1668 1414 tideles
1683 1390 1786 1415 suntet
1799 1387 1843 1415 di—

1056 1434 1131 1466 lecti,
1147 1433 1194 1468 qui
1220 1432 1348 1460 beneticii
1374 1432 1525 1467 participes
1546 1436 1621 1460 sunt.
1644 1432 1708 1460 Haec
1728 1432 1799 1461 doce
1815 1437 1843 1461 et

1055 1479 1214 1507 exhortare.
1231 1478 1259 1505 Si
1276 1478 1340 1513 quis
1361 1478 1442 1506 aliter
1460 1478 1552 1512 docet,
1568 1483 1596 1507 et
1614 1485 1670 1506 non
1688 1479 1842 1514 acquiescit

216 1513 380 1546 διδασκαλετ,
392 1515 439 1541 καὶ
451 1515 488 1551 μὴ
497 1516 679 1552 προσέρχεται
690 1518 839 1552 ὑγιαίνουσι
850 1519 939 1555 λόγοις
949 1523 1002 1555 τοῖς

1057 1525 1132 1554 sanis
1156 1524 1332 1552 sermonibus
1359 1523 1467 1551 Domini
1493 1524 1583 1552 nostri
1601 1524 1666 1553 Jesu
1689 1513 1843 1558 Christi,et

217 1557 264 1584 τοῦ
282 1558 384 1593 Κυρίου
412 1559 491 1594 ἡμῶν
511 1560 599 1596 Ἰησοῦ
617 1561 746 1596 Χριστοῦ,
762 1563 811 1590 καὶ
830 1565 863 1600 τῇ
883 1565 944 1592 κατ’
959 1566 1004 1593 εὺ-

217 1603 326 1631 σέϐειαν
344 1605 513 1642 διδασκαλίᾳ,
529 1606 683 1641 τετύφωται
702 1609 785 1644 μηδὲν
807 1610 1001 1646 ἐπιστάμενος,

216 1649 285 1676 ἀλλὰ
296 1651 381 1677 νοσῶν
395 1652 459 1686 περὶ
471 1650 601 1687 ζητήεις
616 1653 662 1679 καὶ
678 1653 854 1689 λογομαχίας,
870 1656 899 1689 ἐξ
913 1653 950 1684 ὧν
962 1658 1003 1692 γί-

215 1703 290 1722 νεται
309 1697 416 1730 φθόνος,
436 1697 519 1732 ἕρεις,
536 1698 717 1734 βλασφημίαι,
733 1700 868 1734 ὑπόνοιαι,
883 1711 892 1728 ι

252 1742 392 1775 Τουτέστι,
413 1743 488 1775 δόξαι
505 1744 552 1770 καὶ
567 1744 691 1780 δόγματα
715 1747 840 1782 πονηράν
859 1747 919 1775 τότε
937 1750 1002 1785 περ)⁸

213 1787 283 1814 Θεοῦ
299 1788 317 1815 a
342 1789 379 1824 μὴ
400 1789 450 1822 δεῖ,
476 1790 703 1827 ὑποπτευόμενοι,
721 1793 786 1820 ὅταν
810 1794 850 1826 είς
874 1793 1002 1831 ζητήσεις

215 1834 391 1869 ἐμπέσωμεν.

252 1888 261 1905 ι
283 1880 520 1917 Διαπαρατριὸαὶ,
543 1883 751 1920 διεφθαρμένων
776 1886 929 1921 ἀνθρώπιον
955 1887 1000 1914 τὸν

214 1924 287 1956 νοῦν,
303 1926 349 1951 καὶ
359 1925 591 1962 ἀπεστερημένων
608 1928 657 1963 τῆς
674 1929 815 1963 ἀληθείας,
836 1931 1000 1966 νομιζόντων

215 1970 348 2005 πορισμὸν
362 1968 432 1998 εἶναι
455 1972 505 2007 τὴν
520 1972 673 2000 εὐσέϐειαν.
700 1974 848 2009 Ἀφίστασο
865 1976 921 2004 ἀπὸ
944 1977 1000 2005 τῶν

213 2015 351 2043 τοιούτων.
367 2015 445 2043 Ἔστι
459 2017 487 2043 δὲ
504 2018 639 2053 πορισμὸς
656 2019 745 2054 μέγας
757 2021 775 2055 ἡ
786 2021 914 2049 εὐσέϐεια
931 2023 999 2058 μετὰ

213 2060 390 2096 αὐταρκείας.
403 2061 487 2088 Οὐδὲν
498 2061 553 2098 γὰρ
565 2064 765 2100 εἰσηνέγκαμεν
774 2066 815 2098 είς
828 2067 874 2094 τὸν
884 2068 997 2105 κόσμον,

212 2105 293 2140 δῆλον
310 2106 352 2133 ὅτι
367 2107 427 2134 οὐδὲ
448 2107 600 2143 ἐξενεγκεῖν
614 2119 641 2136 τι
664 2110 812 2146 δυνάμεθα.
830 2113 958 2148 Ἔχοντες
970 2115 999 2141 δὲ

211 2151 359 2188 διατροφὰς
370 2154 417 2180 καὶ
429 2154 621 2190 σκεπάσματα,
632 2155 738 2188 τούτοις
751 2158 996 2196 ἁρκεσθησώμεθα.

211 2199 243 2225 Ol
262 2199 290 2225 δὲ
308 2199 464 2235 βουλόμενοι
484 2201 610 2229 πλουτεῖν
635 2203 817 2237 ἐμπίπτουσιν
840 2206 881 2238 είς
900 2194 997 2242 πειρα-
1014 2194 1036 2222 D

211 2244 293 2288 σμὸν,
313 2245 365 2276 καὶ,
379 2245 491 2280 παγίδα,
508 2246 555 2273 καὶ
569 2247 719 2282 ἐπιθυμίας
736 2249 837 2283 πολλὰς
856 2251 996 2288 ἀνοήτους,

211 2288 258 2314 καὶ
284 2287 439 2324 βλαὸερὰς,
461 2289 565 2322 αἵτινες
591 2291 729 2325 βυθίζουσι
754 2295 817 2326 τοὺς
837 2287 998 2331 ἀνθρώπους

210 2335 250 2366 εἰς
265 2333 375 2370 δλεθρον
397 2334 443 2361 καὶ
468 2335 615 2363 ἀπώλειαν.
637 2337 714 2369 Ῥίζα
740 2338 795 2374 γὰρ
818 2339 928 2367 πάντων
942 2342 997 2369 τῶν

210 2380 303 2407 κακῶν
322 2382 400 2413 ,ἐστιν
428 2382 445 2417 ἠ
472 2382 654 2418 φιλαργυρία*
678 2381 713 2419 ἧς
739 2393 812 2417 τινες
835 2385 996 2422 ὀρεγόμενοι

209 2425 442 2462 ἀπεπλανήθησαν
456 2426 510 2453 ἀπὸ
529 2427 578 2462 τῆς
592 2428 720 2463 πίστεως,
746 2430 793 2457 καὶ
812 2431 926 2466 ἑαυτοὺς
945 2442 994 2460 πε-

211 2472 352 2508 ριέπειραν
365 2471 472 2503 ὀδύναις
488 2472 608 2505 πολλαῖς.

242 2517 328 2543 Τοῦτό
343 2525 426 2552 φησι·
440 2517 572 2554 Καθάπερ
585 2518 620 2545 τὰ
634 2519 762 2554 ψωραλέα
782 2521 837 2548 τῶν
850 2522 994 2558 προϐάτων

209 2562 443 2598 παρατριϐόμενα,
459 2564 538 2590 νόσου
560 2565 607 2591 καὶ
624 2565 659 2591 τὰ
678 2565 834 2599 ὑγιαίνοντα
855 2569 995 2606 ἐμπίπλη-

209 2619 262 2641 σιν,
276 2609 362 2641 οὒτως
375 2609 422 2636 καὶ
432 2610 509 2637 αὐτοὶ
526 2611 550 2637 οἱ
566 2611 679 2646 πονηροὶ
695 2612 801 2648 ἄνδρες.

247 2665 255 2681 ι
275 2656 311 2682 Σὺ
325 2655 364 2688 δὲ,
377 2652 400 2682 ὦ
410 2655 537 2691 ἄνθρωπε
551 2656 597 2682 τοῦ
612 2657 690 2690 Θεοῦ,
702 2657 787 2685 ταῦτα
799 2660 897 2695 φεῦγε·
911 2661 992 2689 δίωκε

206 2701 392 2737 δικαιοσύνην,
409 2702 558 2731 εὐσέϐειαν.
578 2703 680 2735 πίστιν,
697 2704 819 2741 ἀγάπην,
841 2707 991 2744 ὑπομονὴν,

195 2748 358 2784 πραότητα.
368 2748 513 2782 ’Λγωνίζου
522 2748 567 2775 τὸν
581 2748 663 2776 καλὸν
676 2751 770 2785 ἀγῶνα
785 2752 835 2787 τῆς
855 2754 971 2787 πίστεως
984 2763 990 2770 ·

197 2841 210 2850 -
226 2833 249 2850 ’⁷
268 2833 347 2862 Deut.
374 2843 437 2866 xxv,
454 2835 485 2868 t;
507 2834 514 2861 Ι
532 2835 595 2863 Cor.
617 2844 654 2868 ix,
667 2837 692 2864 8.
739 2838 760 2853 ἠ
777 2837 909 2871 Matth.x.
924 2839 950 2866 7.

1054 1570 1080 1598 ei
1092 1577 1154 1605 qum
1171 1568 1322 1596 secundum
1338 1569 1466 1603 pietatem
1484 1572 1527 1596 est
1539 1569 1684 1603 doctrinae,
1703 1570 1841 1606 superbus

1054 1620 1108 1647 est,
1121 1615 1190 1643 nihil
1202 1615 1306 1646 sciens,
1323 1614 1372 1642 sed
1394 1614 1528 1650 languens
1541 1614 1615 1643 circa
1631 1615 1800 1650 quaestiones
1813 1619 1841 1643 et

1054 1667 1160 1696 pugnas
1190 1659 1348 1691 verborum,
1376 1666 1409 1686 ex
1439 1659 1540 1694 quibus
1566 1659 1695 1687 oriuntur
1718 1660 1838 1693 invidiae,

1054 1705 1256 1736 contentiones,
1268 1705 1455 1740 blasphemiae,
1473 1706 1659 1741 suspiciones,
1683 1716 1692 1732 ι

1088 1751 1118 1778 ld
1138 1753 1190 1783 est,
1219 1749 1367 1785 opiniones
1395 1753 1423 1777 et
1444 1750 1572 1785 dogmata
1587 1758 1683 1786 prava.
1706 1750 1785 1780 Tune
1806 1751 1840 1779 de

1053 1797 1110 1824 Deo
1135 1791 1357 1824 existimationes
1377 1796 1533 1824 malesanas
1555 1796 1700 1830 habemus,
1729 1797 1839 1832 quando

1052 1842 1079 1870 in
1092 1842 1258 1878 quaestiones
1273 1842 1431 1870 incidimus.

1087 1889 1170 1917 Vens.
1193 1890 1269 1918 5-l0.
1299 1898 1308 1914 ι
1334 1888 1560 1917 Conﬂictationes
1582 1889 1725 1917 hominum
1748 1893 1840 1918 mente

1052 1940 1258 1972 corruptorum,
1274 1939 1302 1962 et
1326 1935 1374 1970 qui
1392 1935 1507 1962 veritate
1531 1935 1629 1970 privati
1646 1939 1723 1966 sunt,
1739 1935 1837 1962 existi-

1052 1983 1185 2010 mantium
1201 1985 1339 2016 quaestum
1358 1988 1419 2008 esse
1435 1982 1576 2016 pietatem.
1597 1981 1645 2008 Est
1657 1985 1750 2008 autem
1764 1987 1839 2015 qum-

1051 2031 1110 2054 stus
1136 2033 1253 2061 magnus
1277 2024 1366 2059 pictas
1390 2032 1453 2052 cum
1470 2025 1646 2053 sufficientia.
1673 2025 1746 2052 Nihil
1764 2025 1837 2051 enim

1050 2072 1197 2100 intulimus
1223 2071 1251 2098 in
1272 2070 1423 2103 mundum;
1441 2070 1514 2098 haud
1539 2070 1655 2098 dubium
1683 2071 1757 2106 quod
1787 2078 1838 2098 nec

1050 2119 1160 2146 auferre
1176 2116 1242 2152 quid
1258 2118 1407 2152 possimus.
1428 2116 1569 2144 Habentes
1592 2120 1684 2144 autem
1706 2116 1836 2144 alimenta

1049 2168 1077 2192 et
1091 2163 1193 2198 quibus
1208 2165 1346 2198 tegamur,
1366 2161 1410 2189 his
1427 2161 1552 2190 contenti
1566 2162 1663 2190 simus.
1681 2161 1733 2195 Qui
1744 2165 1835 2189 autem

1050 2209 1145 2237 volunt
1176 2208 1275 2236 divites
1301 2207 1370 2241 ﬂeri,
1395 2207 1523 2235 incidunt
1547 2208 1574 2236 in
1600 2209 1791 2241 tentationem,
1805 2212 1833 2236 et

1049 2255 1076 2282 in
1095 2254 1222 2289 laqueum
1249 2252 1365 2286 diaboli,
1385 2257 1413 2280 et
1440 2252 1578 2281 desideria
1599 2253 1684 2281 multa
1711 2253 1830 2293 absurda

1048 2304 1076 2328 ct
1101 2301 1210 2332 nociva,
1235 2307 1297 2336 quae
1317 2304 1443 2336 mergunt
1466 2300 1592 2328 homines
1609 2299 1638 2327 in
1654 2300 1794 2328 interitum
1808 2305 1835 2328 et

1048 2346 1244 2382 perditionem.
1274 2344 1363 2372 Radix
1383 2345 1456 2373 enim
1482 2345 1605 2373 omnium
1634 2346 1770 2373 malorum
1792 2349 1834 2373 est

1047 2391 1186 2426 cupiditas
1203 2399 1209 2418 :
1229 2398 1312 2426 quam
1325 2390 1438 2425 quidam
1458 2395 1619 2426 appetentes
1636 2396 1800 2418 erraverunt
1818 2398 1833 2417 ιι

1047 2435 1111 2470 ﬁde,
1125 2441 1153 2464 et
1167 2436 1346 2464 inseruerunt
1365 2444 1394 2464 se
1409 2436 1551 2465 doloribus
1566 2436 1671 2464 multis.
1687 2445 1696 2462 ι

1082 2528 1165 2564 266
1179 2528 1427 2562 Quemadmodum,
1445 2529 1545 2565 inquit,
1570 2536 1635 2556 ores
1650 2527 1794 2559 scabiosae,
1808 2527 1833 2555 si

1047 2581 1110 2601 cum
1127 2574 1191 2601 aliis
1205 2574 1340 2606 habitent,
1360 2578 1474 2601 caeteras
1489 2575 1574 2601 etiam
1592 2581 1653 2609 qu:c
1668 2580 1742 2600 sana;
1756 2576 1831 2604 sunt,

1049 2620 1146 2647 morbo
1166 2619 1293 2646 inliciunt
1309 2628 1371 2652 suo,
1392 2620 1432 2647 sic
1445 2625 1472 2648 et
1488 2620 1551 2647 mali
1568 2620 1706 2648 homines.

1083 2664 1167 2692 Vens.
1192 2664 1284 2692 ll-M.
1306 2675 1316 2691 ι
1342 2664 1384 2692 Τιι
1411 2669 1513 2699 autem,
1542 2673 1559 2692 ο
1579 2666 1663 2692 homo
1689 2663 1747 2695 Dei,
1775 2662 1832 2691 haec

1048 2710 1132 2744 fuge:
1158 2714 1265 2738 sectare
1292 2718 1359 2738 vero
1384 2711 1530 2746 justitiam,
1571 2711 1712 2746 pietatem,
1738 2709 1829 2743 tidem,

1048 2756 1222 2789 charilatcm,
1255 2757 1427 2792 patientiam.
1466 2757 1719 2785 mansuetudinem.
1750 2755 1831 2784 Certa
