2078 3115
253 108 324 143 1015

837 111 869 141 S.
889 110 1051 142 JOANNIS
1070 113 1285 144 DAMASCENI

1818 115 1888 150 1016

253 169 355 196 bonum
370 172 510 196 certamen
525 168 598 202 ﬁdei,
611 167 787 204 apprehende
800 168 884 196 vitam
899 173 1043 201 aeternam,

1100 170 1226 197 ἐπιλαϐοῦ
1248 171 1298 206 τῆς
1319 171 1430 198 αἰωνίου
1450 171 1538 206 ζωῆς,
1564 172 1604 204 εἰς
1623 171 1656 207 ἢν
1680 172 1810 209 ἐκλήθης,
1839 174 1888 202 καὶ

253 215 280 242 in
296 222 350 250 qua
367 219 481 242 meatus
498 222 539 247 es,
556 218 584 242 et
604 215 750 242 confessus
763 222 794 242 es
812 214 913 242 bonam
934 214 1043 243 confes-

253 260 360 289 sionem
376 267 469 288 coram
485 261 580 288 inultis
595 261 726 289 testibus.

292 316 302 332 ι
322 306 454 342 Prmcipio
478 306 529 334 tibi
546 313 640 334 coram
663 305 718 334 Deo
731 306 777 342 qui
801 306 924 334 viviﬁcat
937 306 1043 339 omnia,

253 354 281 378 ct
296 350 408 378 Christo
421 349 486 378 Jesu
502 350 549 386 qui
565 351 754 378 testimonium
774 351 893 378 reddidit
907 351 960 379 sub
972 350 1044 379 Pon-

253 397 293 424 tio
318 396 421 430 Pilato,
447 396 548 425 bonam
567 397 783 430 confessionem,
810 401 840 425 ut
856 405 951 426 serves
967 405 1044 426 man-

254 443 349 470 datum
363 443 423 470 sine
437 443 557 476 macula,
574 443 828 479 irreprehensibile.
847 453 857 469 ι

287 487 395 516 Rursus
422 495 484 516 eum
511 488 584 516 bono
609 496 671 517 esse
698 489 790 516 animo
810 488 899 522 jubet,
927 489 970 517 his
988 488 1045 517 fere

255 534 346 562 verbis
368 543 375 561 :
402 533 442 562 Ne
456 538 572 562 mortem
599 534 710 562 timeas.
737 533 805 562 Nam
823 542 921 562 servus
937 543 967 562 es
985 534 1042 568 Dei,

256 581 305 615 qui
323 584 413 616 potest
425 580 504 608 vivos
517 587 675 616 procreare.

294 635 304 652 ι
318 626 412 662 Usque
427 625 462 654 ad
483 626 630 654 adventum
645 625 753 653 Domini
774 626 862 653 noslri
882 626 947 655 Jesu
964 627 1046 655 Chri-

257 671 310 704 sti;
325 670 422 706 [νειε.
436 671 483 708 i5]
502 678 584 707 quem
610 672 669 700 suis
689 673 862 708 temporibus
873 674 1012 702 ostendet.
1033 684 1043 701 ι

293 717 322 746 ld
334 721 387 750 est,
404 722 435 745 ut
453 717 566 753 quando
581 717 746 747 manifestus
761 719 825 753 erit,
842 719 955 755 plenum
977 720 1046 748 illud

256 770 384 792 servasse
399 763 561 799 reperiaris.

295 819 305 837 ι
325 809 427 838 Beatus
439 815 467 838 et
485 811 563 839 solus
582 814 692 846 potens,
712 809 771 839 Rex
785 819 892 847 regum,
908 816 937 840 et
952 811 1046 839 Domi-

257 863 311 884 nus
324 855 542 890 dominantium;
563 842 648 893 [i’zas
668 842 774 892 lii-19.]
795 842 843 892 qui
872 842 950 885 solus
965 857 1047 887 habet
1063 842 1084 870 Β

259 901 506 936 immortalitatem,
531 905 559 930 et
581 902 671 930 lucem
700 901 839 930 inhabitat
862 902 1047 930 inaccessibi-

258 948 323 981 lem,
340 955 422 983 quem
445 947 538 976 nullus
553 947 695 976 hominum
716 947 798 981 vidit,
816 956 870 976 nec
885 948 981 977 videre
998 956 1047 984 po-

257 998 330 1028 test;
346 994 392 1022 cui
411 994 499 1023 honor
515 998 543 1022 et
558 994 704 1030 imperium
721 995 934 1030 sempiternum.
949 995 1046 1023 Amen.

257 1041 394 1070 Divitibus
421 1041 504 1078 hujus
527 1043 623 1072 saeculi
644 1042 764 1078 precipe
787 1050 843 1070 non
867 1042 987 1070 sublime
1004 1049 1048 1070 sa-

257 1096 332 1124 pere,
351 1096 442 1124 neque
462 1095 575 1124 sperare
590 1089 618 1116 in
641 1087 746 1116 incerto
768 1088 942 1123 divitiarum,
955 1087 1003 1116 sed
1019 1087 1047 1115 in

258 1134 313 1162 Deo
342 1135 406 1163 vivo
435 1134 502 1171 (qui
530 1138 644 1171 praestat
673 1134 755 1162 nobis
772 1134 865 1162 omnia
889 1133 999 1161 abunde
1013 1133 1048 1161 ad

258 1181 420 1216 fruendum)
433 1181 503 1210 bene
522 1188 617 1217 agere,
633 1180 735 1209 divites
761 1179 822 1209 ﬂeri
840 1180 868 1208 in
884 1179 965 1208 bonis
982 1187 1048 1215 ope-

257 1227 347 1261 ribus,
367 1227 446 1256 facile
461 1227 595 1260 tribuere,
615 1225 834 1259 communicare,
854 1225 1047 1254 thesaurizare

258 1273 323 1301 sibi.
330 1283 340 1300 ι

291 1319 340 1346 llis
356 1325 468 1346 rursum
485 1318 580 1347 verbis
595 1318 673 1346 illum
693 1317 792 1347 edocet
806 1325 841 1346 ne
858 1321 933 1346 metu
948 1316 1049 1353 praedi-

259 1364 393 1392 cationem
409 1364 519 1399 prodat.

301 1420 312 1437 ι
331 1410 553 1439 Fundamentum
582 1411 686 1439 bonum
702 1412 730 1439 in
746 1411 883 1444 futurum,
907 1414 937 1438 ut
951 1417 1049 1446 appre-

260 1458 384 1487 hendant
404 1466 496 1487 veram
520 1459 616 1487 vitam.
636 1459 730 1496 [Vens
755 1459 803 1492 20,
828 1459 888 1496 ει]
912 1458 1050 1487 O’Timo-

1092 215 1276 252 ὡμολόγησας
1298 216 1348 252 τὴν
1367 216 1453 253 καλὴν
1477 217 1623 252 ὁμολογίαν
1648 217 1766 246 ἐνώπιον
1781 219 1887 248 πολλῶν

1095 262 1252 298 μαρτύρων.

1133 317 1143 333 ι
1159 307 1348 343 Παραγγέλλω
1364 316 1405 335 σοι
1425 307 1542 335 ἐνώπιον
1558 308 1605 335 τοῦ
1621 308 1700 342 Θεοῦ,
1715 308 1763 336 τοῦ
1775 310 1888 342 ζωοποι-

1094 352 1188 384 οῦντος
1203 353 1238 379 τὰ
1260 352 1360 384 πάντα,
1382 355 1431 380 καὶ
1447 353 1566 388 Χριστοῦ
1585 353 1683 388 Ἰησοῦ,
1711 353 1757 380 τοῦ
1783 363 1888 390 μαρτυ-

1095 399 1229 434 ρήσαντος
1240 398 1286 425 ἐπὶ
1300 398 1416 425 Ποντίου
1432 398 1552 425 Πιλάτου
1567 399 1618 434 τὴν
1630 399 1717 436 καλὴν
1729 400 1886 436 ὁμολογίαν,

1094 443 1214 479 τηρῆσαί
1226 452 1256 470 σε
1272 443 1323 479 τὴν
1338 443 1449 479 ἐντολὴν
1464 443 1589 477 ἄσπιλον,
1605 444 1801 480 ἀνεπίληπτον.
1820 454 1829 470 ι

1132 489 1217 517 Πάλιν
1236 489 1319 517 αὐτὸν
1343 490 1383 521 εἰς
1402 489 1535 525 εὐθυμίαν
1558 490 1722 526 διανίστησι,
1747 491 1888 527 μονονουχὶ

1095 537 1182 571 λέγων
1190 545 1197 552 ·
1208 537 1255 572 Μὴ
1266 535 1389 572 φοϐηθῇς
1400 536 1445 563 τὸν
1460 536 1585 564 θάνατον.
1596 536 1664 564 Θεοῦ
1676 536 1732 573 γὰρ
1744 534 1770 564 εἰ
1783 537 1886 570 δοῦλος,

1095 583 1142 610 τοῦ
1153 583 1305 618 δυναμένου
1321 582 1476 617 ζωογονεῖν.

1134 639 1143 655 ι
1161 629 1252 664 Μέχρι
1268 628 1318 664 τῆς
1334 629 1494 663 ἐπιφανείας
1513 627 1561 656 τοῦ
1576 629 1680 665 Κυρίου
1700 629 1780 666 ήμῶν
1799 629 1887 666 Ἰησοῦ

1096 674 1227 711 Χριστοῦ,
1243 675 1276 710 ἢν
1293 676 1401 711 καιροῖς
1419 675 1494 707 ἰδίοις
1506 675 1598 708 δείξει.
1617 684 1627 701 ι

1132 721 1290 755 Τουτέστιν,
1303 721 1348 748 ’ἰνα
1358 723 1387 748 ὲν
1400 722 1435 757 τῇ
1447 721 1594 756 ἐπιφανείᾳ
1603 721 1710 758 πλήρης
1723 721 1808 758 αὐτὴν
1818 721 1889 757 ἔχων

1097 768 1226 804 εὑρεθῇς.
1664 804 1666 807 ι

1135 822 1145 838 ι
1169 812 1199 839 '0
1225 813 1361 849 μακάριος
1384 812 1432 840 καὶ
1452 812 1533 847 μόνος
1554 812 1698 850 δυνάστης,
1720 815 1735 841 ὁ
1755 814 1889 846 Βασιλεὺς

1097 858 1152 886 τῶν
1170 858 1377 894 βασιλευόντων,
1394 859 1442 886 καὶ
1457 858 1560 895 Κύριος
1582 859 1639 886 τῶν
1660 860 1854 896 κυριευόντων,
1873 861 1889 887 ὁ

1100 905 1181 940 μόνος
1196 905 1265 940 ἔχων
1281 904 1331 940 τὴν
1346 904 1510 937 ἀθανασίαν,
1524 905 1583 940 φῶς
1597 905 1680 932 οἰκῶν
1699 906 1847 941 ἀπρόσιτον
1859 905 1888 933 ὃν

1098 950 1168 978 εἶδεν
1191 950 1279 982 οὐδεὶς
1295 950 1459 986 ἀνθρώπων,
1476 950 1537 977 οὐδὲ
1557 951 1622 978 ἰδεῖν
1641 951 1764 986 δύναται,
1783 949 1806 987 ᾧ
1821 952 1889 988 τιμὴ

1098 997 1145 1023 καὶ
1161 995 1262 1032 κράτος
1283 995 1403 1023 αἰώνιον.
1424 996 1521 1031 ’Δμήν.
1547 996 1610 1028 Τοῖς
1631 996 1769 1029 πλουσίοις
1790 998 1836 1025 ἐπὶ
1849 998 1889 1034 τῷ

1098 1041 1146 1069 νῦν
1163 1041 1241 1068 αἰῶνι
1256 1041 1427 1077 παράγγελλε
1449 1040 1488 1077 μὴ
1503 1041 1710 1077 ὑψηλοφρονεῖν,
1725 1043 1794 1079 μηδὲ
1808 1043 1889 1077 ἤλπι-

1099 1087 1175 1114 κέναι
1190 1087 1237 1114 ἐπὶ
1254 1086 1370 1114 πλούτου
1383 1086 1540 1122 ἀδηλότητι,
1554 1087 1612 1114 ἀλλ’
1626 1089 1655 1115 ὲν
1669 1088 1708 1124 τῷ
1719 1088 1779 1124 Θεῷ
1794 1089 1886 1124 ζῶντι,

1098 1133 1138 1169 τῷ
1150 1133 1298 1169 παρέχοντι
1316 1134 1381 1170 ἡμῖν
1399 1133 1534 1166 πλουσίως
1549 1134 1638 1162 πάντα
1660 1136 1701 1167 εἰς
1725 1136 1887 1169 ἀπόλαυσιν,

1099 1179 1289 1215 ἀγαθοεργεῖν,
1311 1179 1438 1207 πλουτεῖν
1460 1181 1489 1206 ἰν
1506 1180 1598 1216 ἔργοις
1619 1181 1724 1214 καλοῖς,
1741 1182 1889 1218 εὐμεταᾶί-

1098 1235 1162 1258 τους
1190 1224 1279 1261 εἶναι,
1305 1226 1498 1260 κοινωνικοὺς,
1525 1226 1797 1264 ἀποθησαυρίζοντας
1825 1229 1888 1256 εαυ-

1098 1274 1166 1305 τοῐς.
1187 1282 1197 1299 ι

1134 1318 1221 1345 Τοῦτο
1237 1318 1320 1346 πάλιν
1342 1319 1420 1354 φησὶ,
1442 1319 1586 1352 διδάσκων,
1602 1319 1640 1355 μὴ
1654 1319 1699 1347 διὰ
1719 1319 1802 1355 φόϐον
1818 1327 1888 1356 προ-

1098 1363 1199 1393 διδόναι
1213 1364 1243 1391 τδ
1254 1364 1396 1401 κήρυγμα.

1141 1420 1151 1437 ι
1170 1410 1302 1446 Θεμέλιον
1320 1411 1403 1438 καλὸν
1416 1411 1458 1443 εἰς
1471 1411 1511 1438 ’τὸ
1528 1411 1634 1447 μέλλον,
1645 1411 1689 1439 ἵνα
1704 1411 1888 1439 ἐπιλάϐωνται

1102 1456 1154 1492 τῆς
1165 1457 1275 1485 αἰωνίου
1292 1455 1419 1492 ζωῆς.Ὦ
1434 1457 1567 1493 Τιμόθεε,
1584 1458 1634 1493 τήν
1654 1457 1820 1493 παραθήκην
1835 1456 1888 1492 φύ-

261 1506 334 1538 thee,
351 1505 507 1540 depositum
534 1505 655 1538 custodi,
683 1505 809 1534 devitans
831 1504 963 1540 profanas
995 1513 1045 1533 vo-

1101 1502 1192 1536 λαξον,
1217 1503 1416 1539 ἐκτρεπόμενος
1434 1503 1484 1536 τὰς
1502 1503 1632 1539 βεϐήλους
1649 1503 1827 1538 κενοφωνίας,
1841 1502 1889 1529 καὶ

260 1560 323 1580 cum
336 1551 485 1585 novitates,
499 1556 527 1580 et
539 1551 729 1587 oppositiones
742 1550 807 1579 falsi
823 1551 945 1579 nominis
959 1551 1050 1579 scien-

260 1597 323 1630 tiae;
337 1605 421 1632 quam
447 1598 558 1633 quidam
579 1598 782 1633 promittentes,
811 1597 886 1625 circa
900 1596 981 1625 ﬁdem
998 1604 1048 1625 ex-

261 1642 399 1672 ciderunt.
414 1643 509 1670 Gratia
525 1647 627 1672 tecum.
645 1643 742 1671 Amen.
765 1652 775 1669 ›

297 1687 370 1715 Nihil
396 1688 536 1720 instabile.
570 1687 617 1716 sed
650 1688 729 1716 ﬁrma
756 1687 860 1721 omnia,
884 1687 1048 1721 immobilia,

263 1734 362 1767 solida,
378 1733 579 1769 permanentia.

263 1780 305 1810 Ad
326 1780 491 1808 Timotheum
504 1780 594 1814 prima
606 1780 706 1814 scripta
718 1783 758 1807 est
768 1778 914 1812 Laodicea,
930 1787 990 1814 qua
1008 1783 1047 1807 est

321 1826 470 1861 metropolis
486 1824 612 1861 Phrygia:
620 1825 791 1854 Peculium.
811 1824 906 1853 Versa:
924 1824 988 1852 20L

1101 1549 1253 1582 ἀντιθέσεις
1265 1549 1315 1585 τῆς
1325 1548 1502 1585 ψευδωνύμου
1519 1549 1658 1584 γνώσεως.
1671 1549 1706 1584 ἥν
1716 1557 1788 1580 τινες
1802 1550 1889 1583 ἐπαγ-

1099 1594 1268 1630 γελλόμενοι,
1293 1594 1359 1629 περὶ
1381 1594 1432 1630 τὴν
1452 1594 1544 1621 πίστιν
1566 1594 1733 1631 ἠστόχησαν.
1755 1594 1788 1620 Ἦ
1807 1593 1890 1629 χάρις

1101 1639 1173 1676 μετά
1183 1640 1242 1667 σοῦ.
1266 1640 1364 1675 ’Δμήν.
1383 1650 1393 1667 ι
1526 1645 1543 1668 1

1136 1685 1219 1713 Οὐδὲν
1232 1685 1361 1718 ἄστατον,
1378 1685 1447 1712 ἀλλά
1459 1685 1549 1713 πάντα
1559 1685 1669 1722 βέϐαια,
1689 1685 1818 1721 ἀκίνητα,
1836 1682 1890 1711 πά-

1099 1739 1157 1766 για,
1175 1730 1286 1766 μόνιμα.

1101 1775 1180 1810 Πρὸς
1197 1776 1336 1810 Τιμόθεον
1354 1780 1392 1809 α’,
1409 1776 1524 1812 ἐτράφη
1545 1776 1606 1804 ἀπὸ
1620 1776 1807 1811 Λαοδικείας,
1823 1776 1892 1812 ἣτις

1136 1821 1203 1848 ἐστὶ
1231 1821 1417 1856 μητρόπολις
1444 1823 1575 1858 Φρυγίας
1603 1822 1659 1858 τῆς
1686 1823 1889 1858 Πακατιανῆιι.

1139 1868 1255 1903 Στιχίον
1269 1866 1311 1898 Ct'.

265 1976 1879 1995 Μ

540 2062 627 2106 ΕΙΣ
654 2062 978 2107 ΕΠΙΣΤΟΛΗΝ
1009 2061 1048 2105 B'
1093 2062 1239 2107 ΠΡΟΣ
1277 2060 1588 2105 ΤΙΜΟΘΕΟΝ.

392 2238 454 2282 ΙΝ
492 2236 830 2283 EPISTOLAM
885 2237 1204 2284 SECUNDAM
1258 2237 1333 2281 AD
1369 2236 1760 2285 TIMOTHEUM.

517 2405 632 2434 CAPUT
650 2405 796 2435 PRIMUM.

300 2453 383 2482 Vens.
407 2452 468 2481 1-7.
485 2462 494 2479 ι
509 2451 613 2480 Paulus
629 2453 773 2488 apostolus
792 2452 895 2481 Christi
915 2452 979 2481 Jesu
1003 2460 1053 2488 per

263 2501 434 2529 voluntatem
461 2499 520 2533 Dei,
548 2499 700 2528 secundum
734 2499 946 2535 promissionem
976 2499 1050 2532 vitaz,

264 2554 325 2582 quae
339 2550 381 2574 est
395 2547 422 2574 in
437 2545 550 2574 Christo
566 2544 643 2578 Jesu,
662 2544 809 2573 Timotheo
836 2545 1000 2574 charissima
1018 2545 1052 2573 li-

264 2593 310 2623 lio.
327 2592 428 2628 gratia,
444 2592 645 2625 misericordia,
661 2599 714 2627 pax
725 2598 740 2618 a
753 2591 810 2619 Deo
825 2591 917 2626 Patre,
929 2596 956 2619 et
970 2591 1052 2619 Chri-

264 2642 309 2666 sto
339 2637 406 2666 Jesu
434 2637 550 2665 Domino
575 2642 682 2665 nostro.
714 2637 824 2665 Gratias
843 2645 894 2673 ago
920 2637 986 2672 Deo,
1007 2637 1053 2664 cui

265 2685 358 2712 servio
374 2692 388 2711 a
403 2684 626 2719 progenitoribus
644 2684 671 2711 in
688 2684 859 2712 conscientia
883 2691 963 2719 pura,
979 2682 1053 2718 quod

265 2730 326 2759 sine
341 2730 550 2758 intermissione
572 2729 687 2757 habeam
703 2729 743 2757 tui
759 2729 918 2758 memoriam
946 2729 973 2756 in
994 2736 1056 2756 orav

267 2777 390 2804 tionibus
405 2776 484 2808 meis,
500 2776 544 2803 die
560 2783 592 2803 ac
608 2780 700 2810 nocte,
725 2776 887 2804 desiderans
904 2780 930 2804 te
949 2775 1055 2807 videre,

267 2829 373 2851 memor
396 2822 578 2857 lacrymarum
607 2826 726 2855 tuarum,
753 2817 780 2850 ut
802 2821 902 2857 gaudio
930 2821 1055 2857 implear,

1309 2406 1507 2435 ΚΕΦΑΛΑΙΟΝ
1528 2406 1678 2435 ΠΡΩΤΟΝ.

1142 2463 1151 2480 ι
1173 2452 1280 2485 Παῦλος
1297 2452 1447 2484 ἀπόστολος
1462 2452 1581 2487 Χριστοῦ
1602 2453 1690 2488 Ἰησοῦ
1712 2452 1758 2480 διὰ
1773 2453 1893 2488 θελήμα-

1104 2508 1150 2532 τος
1166 2499 1245 2532 Θεοῦ,
1262 2499 1324 2526 κατ’
1336 2498 1501 2533 ἐπαγγελίαν
1514 2498 1587 2534 ζωῆς
1601 2499 1650 2535 τῆς
1664 2499 1700 2526 ἔν’
1713 2499 1825 2534 Χριστῷ
1846 2498 1894 2534 Ἰη-

1105 2544 1163 2578 σοῦ,
1178 2544 1304 2580 Τιμοθέῳ
1322 2543 1361 2578 τῷ
1382 2544 1482 2579 τέκνῳ,
1497 2544 1588 2580 χάρις,
1612 2544 1696 2577 ἔλεος,
1721 2545 1818 2580 εἰρήνη
1839 2544 1894 2571 ἀπὸ

1105 2590 1174 2617 Θεοῦ
1187 2590 1293 2626 [ἰατρὸς
1310 2591 1358 2617 καὶ
1373 2590 1492 2626 Χριστοῦ
1514 2589 1602 2625 Ἰησοῦ
1617 2590 1665 2617 τοῦ
1681 2590 1786 2626 Κυρίου
1803 2589 1892 2626 ἡμῶν.

1103 2637 1192 2673 Χάριν
1202 2636 1257 2672 ἔχω
1272 2636 1311 2672 τῷ
1323 2636 1392 2672 Θεῷ,
1406 2632 1429 2671 ᾧ
1440 2636 1565 2672 λατρεύω
1576 2636 1631 2663 ἀπὸ
1647 2636 1790 2673 προγόνων
1802 2636 1832 2662 ιν
1843 2643 1893 2662 κα⁴

1103 2681 1174 2717 θαρᾷ
1192 2682 1355 2717 συνειδήσει,
1371 2682 1409 2714 ὡς
1431 2681 1604 2709 ἀδιάλειπτον
1620 2681 1676 2717 ἔχω
1690 2682 1740 2717 τὴν
1761 2681 1827 2717 περὶ
1845 2679 1894 2707 σοῦ

1107 2727 1201 2763 μνείαν
1212 2728 1242 2754 ὲν
1255 2729 1314 2760 ταῖς
1331 2728 1440 2763 δεήσεσί
1455 2736 1506 2764 μου
1528 2728 1624 2760 νυκτὸς
1639 2729 1687 2755 καὶ
1705 2727 1822 2763 ἡμέρας,
1835 2727 1895 2753 ἔπι-

1108 2772 1198 2800 πιιθῶν
1211 2782 1242 2800 σε
1258 2773 1333 2806 ἰδεῖν,
1357 2773 1530 2809 μεμνημένος
1543 2782 1590 2800 σου
1605 2773 1660 2800 τῶν
1679 2771 1808 2808 δακρύων
1827 2792 1835 2806 ,
1850 2771 1896 2798 ἶνα

1107 2820 1195 2855 χαρᾶς
1221 2818 1366 2855 πληρωθῶ,
1390 2819 1543 2856 ὑπόμνησιν
1561 2819 1708 2855 λαμϐάνων
1733 2818 1785 2853 τῆς
1803 2818 1834 2846 ὲν
1851 2817 1894 2846 σοι
