2078 3115
220 146 288 180 1017

721 148 762 178 ΙΝ
777 148 897 178 EPIST.
931 148 978 177 AD
999 146 1232 177 TIMOTHEUM
1252 147 1293 177 lI.

1790 144 1859 178 1018

219 206 402 243 ἀνυποκρίτου
424 207 555 240 πίστεως,
574 209 635 243 ἥτις
655 207 777 242 ὲνῴκησε
797 206 906 242 πρῶτον
924 207 953 232 ὲν
978 206 1005 241 τῖ

1064 205 1285 232 recordationem
1313 203 1456 239 accipiens
1473 201 1535 239 (-jus
1557 202 1620 231 ﬁdei
1640 209 1701 238 qua:
1721 205 1764 231 est
1789 202 1816 230 in
1830 206 1858 230 te

220 244 323 289 pdpyn
347 249 394 280 σου
412 254 508 284 Λωῖδι,
529 255 577 280 καὶ
592 255 625 288 τῇ
645 253 728 288 μητρί
752 261 799 279 σου
827 253 944 288 Εὐνίκῃ·
964 252 1012 278 πέ·

220 306 335 333 πεισμαι
345 298 373 324 δὲ
387 298 429 325 ὅτι
441 299 489 325 καὶ
500 299 528 325 ὲν
540 299 592 326 σοί.
604 299 643 325 Δι’
658 299 692 333 ἢν
706 298 797 324 αἰτίαν
811 298 1012 332 ἀναμιμνήσκω

221 352 250 370 σε
265 343 457 379 ἀναζωπυρεῖν
467 344 497 370 τὸ
511 345 636 380 χάρισμα
649 343 697 370 τοῦ
713 342 793 377 Θεοῦ,
811 343 825 370 ὃ
840 344 914 370 ἐστιν
929 343 958 369 ὲν
970 343 1012 369 σοὶ

219 390 263 416 διὰ
280 390 329 425 τῆς
345 390 495 422 ἐπιθέσεως
514 391 569 418 τῶν
585 391 685 426 χειρῶν
701 399 764 426 μου.
784 390 821 416 Οὐ
838 389 893 425 γὰρ
912 389 1011 416 ἔδωκεν

220 437 287 471 ήμϊν
302 437 316 463 ὁ
337 436 403 468 Θεὸς
429 436 537 471 πνεῦμα
556 435 669 468 δειλίας,
691 435 759 463 ἀλλά
782 435 934 471 δυνάμεως,
963 434 1011 462 καὶ

220 481 342 516 ἀγάπης,
356 482 404 509 καὶ
417 481 622 518 σωφρονισμοῦ.
643 491 652 508 ι

254 570 365 606 Γράψας
375 570 459 606 αὐτῷ,
471 570 510 602 ὡς
524 570 652 605 ἀφίξεται
662 571 731 607 πρὸς
742 571 834 604 αὐτὸν,
850 571 1008 608 ὲνεποδίσθη

218 616 306 648 δεθεὶς
321 618 360 648 είς
381 615 508 652 Ῥώμην·
529 616 570 643 διὸ
589 616 636 644 καὶ
648 617 779 653 δευτέρας
803 616 878 653 αὐτῷ
900 617 1010 653 ὲδέησεν

219 661 376 697 ἐπιστολῆς.

255 750 368 786 Πρῶτον
394 750 534 787 ἐγκώμιον
548 751 597 779 τοῦ
622 751 757 788 μαθητοῦ,
773 753 816 780 ὅτι
837 752 942 781 ἄνωθεν
955 752 1009 780 ἀπὸ

219 796 309 828 οἰκίας
325 796 384 823 ἐστὶ
400 796 440 833 τῷ
458 797 570 833 Χριστῷ
588 798 778 833 δουλευούσης.

257 850 267 867 ι
291 842 337 877 Μὴ
353 840 400 869 οὖν
417 843 605 879 ὶπαισχυνθῇς
623 843 654 870 τὺ
671 844 823 880 μαρτύριον
838 844 886 873 τοῦ
902 845 1006 881 Κυρίου

219 887 310 924 ἡμῶν,
325 887 392 924 μηδὲ
408 887 459 923 ἐμὲ
480 887 527 915 τὸν
548 888 659 924 δέσμιον
672 888 766 923 αὐτοῦ,
781 888 850 917 ἀλλά
870 898 1008 925 συγκακο-

219 933 343 968 πάθησον
357 932 397 969 τῷ
410 933 581 970 Εὑαγγελίῳ,
594 935 666 962 κατὰ
680 935 795 971 δύναμιν
809 935 877 963 Θεοῦ
893 936 941 962 τοῦ
956 936 1009 963 σώο

220 987 316 1011 σαντος
330 979 416 1014 ἡμᾶς,
436 979 484 1006 καὶ
499 979 664 1012 καλέσαντος
680 980 777 1017 κλήσει
795 982 871 1017 ἁγία,
888 982 920 1009 οὐ
936 982 1009 1010 κατά

217 1024 252 1051 τὰ
271 1023 342 1060 ἔργα
356 1023 447 1060 ήμῶν,
471 1024 540 1052 ἀλλὰ
561 1024 610 1052 καὶ
633 1026 695 1053 κατ’
720 1026 789 1054 ἰδίαν
807 1026 938 1063 πρόθεσιν
961 1028 1009 1056 καὶ

218 1070 309 1106 χάριν,
335 1069 386 1105 τὴν
408 1069 533 1098 δοθεῖσαν
560 1071 628 1107 ήμίν
650 1072 680 1099 ἐν
704 1071 815 1108 Χριστῷ
844 1072 930 1108 Ἰησοῦ
955 1073 1008 1110 πρὸ

218 1116 324 1152 χρόνων
337 1115 466 1144 αἰωνίων.
490 1125 500 1143 ι
748 1118 752 1121 ”

251 1162 312 1190 Κᾶν
326 1163 408 1197 αὐτὸς
420 1162 508 1191 ταῦτα
521 1163 622 1200 πάθῃς,
637 1163 716 1200 φησὶ,
739 1164 778 1200 μὴ
792 1164 952 1200 αἰσχυνθῇς.

254 1218 265 1235 ‹
286 1208 494 1245 Οανερωθεῖσαν
517 1209 547 1237 δὲ
573 1210 621 1238 νῦν
635 1210 680 1238 διὰ
704 1211 754 1246 τῆς
769 1211 942 1246 -ὲπιφανείας
958 1209 1006 1238 τοῦ

216 1254 322 1290 Κυρίου
344 1255 425 1291 ἡμῶν
454 1255 546 1292 Ἰησοῦ
571 1255 703 1292 Χριστοῦ,
718 1256 943 1292 καταργήσαντος
957 1257 1007 1292 μὲν

216 1300 263 1327 τὸν
281 1300 409 1333 θάνατον,
436 1301 606 1336 φωτίσαντος
627 1302 657 1329 δὲ
680 1301 753 1338 ζωὴν
779 1303 828 1330 καὶ
851 1303 1006 1339 ἀφθαρσίαν

216 1346 261 1373 διὰ
278 1346 326 1373 τοῦ
350 1346 529 1382 Εὑαγγελίου,
554 1348 596 1380 εἰς
611 1347 626 1374 ὃ
649 1347 746 1384 ιτέθην
767 1348 825 1384 ιγὼ
842 1349 941 1385 κήρυξ,
959 1349 1005 1377 καὶ

216 1392 378 1426 ἀπόστολος,
395 1393 443 1420 καὶ
455 1393 617 1425 διδάσκαλος
634 1393 730 1422 ἐθνῶν.
746 1395 785 1421 Δι’
798 1395 832 1430 ἢν
854 1395 944 1422 αἰτίαν
958 1396 1006 1423 καὶ

215 1439 302 1466 ταῦτα
317 1439 425 1474 πάσχω,
441 1439 499 1466 ἀλλ’
519 1439 570 1467 οὐκ
590 1440 805 1476 ἐπαισχύνομαι.
829 1438 895 1468 οῖδα
911 1441 966 1478 γὰρ
982 1438 1005 1476 ᾧ

216 1484 398 1517 πεπίστευκα,
421 1484 470 1512 καὶ
494 1484 648 1522 πέπεισμαι
673 1485 715 1512 ὅτι
739 1485 852 1518 δυνατός
874 1486 933 1513 ἐστι
953 1487 1005 1522 τὴν

1063 257 1118 277 non
1137 249 1212 282 ficta,
1229 257 1291 284 qua:
1318 253 1346 276 et
1371 249 1505 276 habitavit
1530 249 1650 284 primutn
1675 248 1704 275 in
1723 248 1784 275 avia
1810 254 1858 275 tua

1061 295 1158 328 Loide,
1191 295 1272 330 267
1298 300 1326 322 et
1352 298 1442 322 matre
1471 299 1518 322 tua
1543 294 1665 327 Eunice;
1684 298 1778 322 certus
1794 302 1857 322 sum

1061 345 1153 368 atttem
1172 340 1246 375 quod
1272 345 1298 367 et
1316 340 1344 367 in
1361 344 1397 366 te.
1429 339 1546 374 Propter
1569 347 1652 374 quam
1678 347 1792 367 causam
1809 338 1858 366 ad-

1061 393 1159 414 moneo
1175 389 1202 413 te
1215 390 1245 412 ut
1264 386 1417 413 resuscites
1434 385 1549 419 gratiam
1564 384 1631 416 Dei,
1650 392 1712 419 qua:
1732 388 1775 412 est
1789 384 1818 412 in
1832 389 1858 412 to

1062 439 1112 467 per
1138 431 1343 467 impositionem
1375 438 1510 459 manuum
1538 437 1673 458 mearum.
1697 430 1758 458 Non
1781 431 1856 458 enim

1059 477 1135 505 dedit
1156 477 1239 505 nobis
1266 478 1339 505 Deus
1363 477 1492 512 spiritum
1516 474 1637 508 timOris,
1652 475 1701 503 sed
1731 475 1855 508 virtutis,

1059 527 1087 552 et
1101 524 1273 557 dilectionis,
1293 528 1320 551 et
1336 522 1511 552 sobrietatis.
1530 530 1540 548 ι

1094 569 1164 598 Cum
1179 570 1342 605 scripsisset
1362 577 1393 597 se
1421 568 1611 604 profecturum
1626 567 1659 594 ad
1677 567 1766 599 illum,
1791 574 1856 602 pro-

1059 615 1163 643 hibitus
1177 615 1240 649 fuit,
1270 616 1437 650 vinctusque
1464 614 1581 642 Romam
1610 613 1854 648 perductus.Qua-

1060 665 1174 697 propter
1190 651 1311 689 'necesse
1335 659 1390 688 fuit
1404 664 1436 688 ut
1451 659 1567 687 alteram
1588 657 1623 685 ad
1647 658 1774 687 eumdem
1794 659 1854 695 epi-

1058 707 1158 735 stolam
1169 707 1265 735 daret.

1093 752 1184 780 Prima
1205 753 1265 781 laus
1281 752 1423 788 discipuli.
1443 752 1519 788 quod
1533 759 1567 781 ex
1584 751 1693 780 familia
1709 751 1746 780 sit
1770 751 1854 779 Chri-

1060 802 1104 827 sto
1112 799 1279 834 jampridem
1298 799 1467 834 mancipata.

1093 843 1178 872 Vsus.
1193 844 1220 877 8,
1234 844 1262 871 9.
1281 853 1290 870 ι
1309 843 1370 871 Noli
1382 843 1467 879 igitur
1476 844 1643 872 erubescere
1658 841 1853 871 testimonium

1023 875 1045 904 Β
1060 889 1169 917 Domini
1187 875 1287 922 nostri,
1307 875 1456 925 neque'me
1475 890 1597 917 vinctum
1623 889 1701 924 ejus;
1717 887 1765 916 sed
1794 887 1853 915 eol-

1060 935 1155 963 labora
1172 935 1323 971 Evangelia
1335 934 1488 963 secundum
1502 934 1633 962 virtutem
1650 933 1708 965 Dei,
1723 932 1770 968 qui
1801 939 1853 960 nos

1059 980 1199 1013 liberavit,
1217 985 1246 1008 et
1261 980 1372 1008 vocavit
1384 980 1531 1008 vocatione
1547 987 1598 1008 sua
1610 983 1715 1011 sancta,
1737 985 1792 1006 non
1809 985 1853 1005 se-

1059 1026 1180 1054 cundum
1195 1033 1277 1061 opera
1299 1029 1406 1058 nostra,
1425 1024 1473 1053 sed
1499 1024 1651 1053 secundum
1678 1023 1851 1058 propositum

1058 1079 1140 1100 suum
1160 1075 1189 1099 et
1209 1072 1340 1107 gratiam.
1366 1078 1428 1106 quae
1456 1071 1520 1098 data
1542 1074 1586 1099 est
1602 1070 1721 1098 nobisin
1740 1068 1853 1097 Christo

1057 1117 1121 1147 Jesu
1131 1122 1195 1146 ante
1212 1121 1337 1153 tempora
1348 1117 1502 1146 saecularia.
1515 1126 1526 1144 ι

1092 1159 1215 1192 Tametsi
1231 1164 1290 1192 haec
1300 1164 1407 1199 patiare
1424 1163 1525 1199 inquit,
1537 1163 1592 1190 noli
1601 1163 1765 1190 erubescere.

1090 1210 1175 1238 Vsus.
1191 1210 1233 1244 l0,
1247 1211 1291 1238 18.
1307 1209 1480 1237 Manifestata
1502 1212 1545 1237 est
1559 1213 1651 1237 autem
1668 1216 1743 1236 nunc
1755 1214 1803 1244 per
1817 1207 1851 1235 il-

1055 1256 1265 1284 lnminationem
1279 1254 1430 1283 Salvatoris
1446 1255 1535 1283 nostri
1550 1253 1616 1283 Jesu
1628 1253 1852 1289 Christi,quide—

1056 1301 1156 1330 struxit
1167 1305 1294 1335 mortem,
1305 1293 1469 1328 illuminavit
1482 1303 1576 1328 autem
1586 1300 1670 1327 vitam
1686 1305 1713 1327 et
1723 1299 1852 1327 incorru-

1055 1347 1181 1382 ptionem
1200 1354 1249 1382 per
1274 1345 1451 1381 Evangelium
1469 1354 1477 1378 ;
1497 1345 1524 1372 in
1536 1352 1590 1380 quo
1604 1345 1711 1380 positus
1723 1352 1784 1372 sum
1798 1351 1850 1379 ego

1055 1392 1231 1428 praedicator,
1247 1395 1275 1419 et
1290 1391 1445 1426 apostolus,
1459 1394 1486 1418 et
1502 1390 1635 1426 magister
1655 1390 1788 1426 gentium.
1808 1389 1850 1417 0b

1054 1445 1136 1473 quam
1152 1444 1264 1465 causam
1279 1436 1361 1463 etiam
1384 1435 1442 1463 haec
1453 1435 1554 1470 patior,
1578 1434 1627 1463 sed
1649 1442 1704 1462 non
1731 1433 1850 1462 confun-

1056 1483 1117 1511 dor.
1132 1482 1197 1510 Scio
1228 1482 1301 1509 enim
1326 1481 1372 1509 cui
1404 1481 1522 1515 credidi,
1539 1485 1567 1509 et
1577 1485 1672 1509 certus
1694 1488 1756 1509 sum
1784 1480 1849 1515 quia

217 1530 383 1566 παραθήκην
398 1520 516 1565 φυλάξαι
538 1532 579 1563 εις
600 1520 708 1566 εκείνην
721 1530 771 1567 τὴν
784 1531 901 1568 ἡμέραν.
923 1520 1005 1559 Ύπο-

1056 1533 1154 1565 potens
1169 1534 1211 1557 est
1224 1528 1379 1563 depositum
1393 1535 1484 1556 meum
1501 1535 1612 1556 servare
1628 1528 1656 1555 in
1675 1527 1753 1555 illum
1764 1526 1847 1555 diem.

214 1576 337 1603 τύπωσιν
351 1576 396 1612 ἔχε
409 1575 587 1610 ὑγιαινόντων
601 1575 699 1610 λόγων,
711 1573 750 1603 ὦν
763 1578 828 1613 παρ’
843 1576 912 1612 ἐμοῦ
923 1577 1006 1613 ἥκου-

216 1630 266 1653 σας
280 1622 310 1648 ὲν
324 1621 427 1655 πίστει,
442 1621 490 1649 καὶ
504 1622 600 1659 ἀγάπῃ
613 1624 646 1658 τῇ
661 1623 691 1649 ὲν
704 1622 816 1658 Χριστῷ
833 1622 932 1659 Ἰησοῦ.
948 1624 1005 1661 Τήν

215 1668 484 1704 καλὴνπαραθήκην
498 1668 617 1703 φύλαξον
630 1669 675 1696 διὰ
690 1669 849 1704 Πνεύματος
861 1670 939 1703 ἁγίου
957 1670 1004 1697 τοῦ

215 1713 383 1745 ένοικοῦντος
400 1713 430 1740 ὲν
443 1714 522 1749 ἡμῖν.
538 1711 606 1740 Οἶδα
627 1713 717 1746 τοῦτο,
733 1713 949 1749 ἀπεστράφησάν
970 1723 1004 1750 με

215 1760 317 1792 πάντες
332 1760 357 1787 οί
373 1761 403 1787 ὲν
417 1761 450 1796 τῇ
471 1759 559 1796 Ἀσίᾳ,
573 1756 612 1787 ὧν
628 1761 687 1787 ἐστι
708 1760 826 1795 Φύγελος
841 1760 888 1787 καὶ
905 1761 1005 1796 Ἑρμο-

215 1807 309 1842 γένης.
334 1805 396 1841 Δῴη
418 1805 494 1838 ἔλεος
518 1806 533 1833 ὁ
554 1805 657 1842 Κύριος
671 1805 710 1841 τῷ
733 1806 912 1842 Ὀνησιφόρου
927 1805 1003 1842 οἴκῳ,

215 1852 257 1879 ὅτι
274 1852 405 1884 πολλάκις
428 1860 463 1887 με
478 1851 622 1888 ἀνέψυξεν,
639 1853 687 1879 καὶ
700 1852 751 1887 τὴν
770 1852 866 1879 ἅλυσίν
887 1861 938 1888 μου
954 1852 1005 1880 οὐκ

215 1897 386 1934 ἑπῃσχύνθη,
403 1897 472 1926 ἀλλὰ
493 1897 641 1933 γενόμενος
657 1899 687 1925 ὲν
708 1898 813 1934 Ῥώμῃ,
831 1898 1004 1925 σπουδαιότε-

217 1951 264 1979 ρον
280 1942 398 1978 ὲζήτησέ
416 1951 461 1981 με,
478 1944 526 1970 καὶ
544 1940 634 1979 εῦριν.
650 1942 710 1978 Δῴη
725 1942 800 1978 αὐτῷ
812 1944 827 1970 ό
840 1943 942 1978 Κύριος
958 1943 1005 1970 εὐ-

216 1989 274 2024 ρεῖν
289 1987 363 2014 ἔλεον
377 1987 454 2024 παρὰ
464 1988 568 2023 Κυρίου
582 1988 612 2014 ὲν
621 1987 713 2023 ἐκείνῃ
725 1988 757 2023 τῇ
772 1987 878 2024 ἡμέρᾳ·
894 1989 941 2016 καὶ
954 1988 1004 2015 ὅσα

216 2033 246 2060 έν
266 2033 372 2069 Ἐφέσῳ
388 2033 544 2069 διηκόνησε,
561 2032 666 2068 βέλτιον
682 2034 714 2060 σὺ
727 2032 884 2067 γινώσκεις.
909 2043 919 2060 ι

517 2122 645 2151 ΚΕΦΑΛ.
668 2122 706 2150 B’.

255 2178 265 2195 ι
277 2168 314 2196 Σὺ
330 2167 388 2201 οῦν,
398 2169 492 2196 τέκνον
509 2178 572 2204 μου,
589 2168 739 2205 ἐνδυναμοῦ
750 2168 780 2196 ἐν
794 2170 828 2205 τῇ
855 2169 948 2206 χάριτι
968 2170 1002 2205 τῇ

1058 1574 1185 1602 Formam
1208 1574 1278 1602 habe
1301 1580 1432 1602 sanorum
1462 1573 1621 1605 verborum,
1640 1580 1730 1605 quam
1748 1579 1791 1600 me
1801 1579 1849 1600 au<
1876 1601 1880 1604 ,

1057 1621 1121 1649 disti
1134 1620 1161 1648 in
1177 1619 1231 1648 ﬁde
1244 1625 1271 1648 et
1281 1619 1308 1647 in
1319 1620 1469 1648 dilectione
1485 1620 1512 1647 in
1526 1619 1638 1647 Christo
1654 1618 1731 1647 Jcsu.
1742 1618 1849 1646 Bonum

1058 1665 1210 1701 depositum
1228 1664 1347 1699 custodi,
1373 1673 1421 1700 per
1437 1664 1570 1701 Spiritum
1592 1669 1718 1692 sanctum
1738 1664 1786 1700 qni
1799 1663 1850 1691 ha-

1057 1712 1126 1739 bitat
1140 1711 1168 1738 in
1184 1711 1275 1739 nobis.
1300 1710 1363 1739 Scis
1383 1710 1446 1743 hoc,
1472 1710 1545 1746 quod
1570 1710 1661 1738 aversi
1697 1714 1789 1738 sunta
1805 1717 1850 1738 me

1057 1767 1154 1788 omnes
1176 1759 1223 1794 qui
1238 1759 1265 1786 in
1282 1758 1347 1786 Asia
1359 1763 1435 1791 sunt,
1451 1766 1485 1786 ex
1503 1758 1605 1793 quibus
1619 1761 1662 1786 est
1675 1756 1812 1794 Phygelus
1823 1761 1851 1785 et

1057 1805 1252 1841 Hermogenes.
1275 1804 1326 1832 Det
1341 1803 1560 1833 misericordiam
1589 1803 1723 1830 Dominus
1749 1802 1849 1830 Onesi-

1057 1851 1137 1888 phori
1150 1852 1244 1880 domui
1258 1861 1265 1879 :
1282 1849 1347 1887 quia
1375 1858 1447 1886 sape
1463 1857 1508 1878 me
1534 1849 1718 1885 reirigeravit,
1732 1853 1760 1877 et
1775 1853 1849 1877 cate-

1057 1905 1123 1926 nam
1140 1906 1228 1926 meam
1242 1905 1295 1925 non
1307 1896 1437 1925 erubuit:
1448 1896 1496 1925 sed
1509 1904 1571 1924 cum
1587 1895 1700 1923 Romam
1716 1895 1848 1928 venisset.

1058 1943 1178 1972 sollicite
1187 1950 1229 1970 me
1246 1941 1373 1977 quaesivit
1385 1945 1413 1969 et
1432 1941 1547 1969 invenit.
1573 1940 1625 1968 Det
1652 1940 1690 1968 illi
1715 1939 1849 1968 Dominus

1058 1987 1182 2015 invenire
1203 1985 1422 2014 misericordiam
1437 1992 1453 2011 a
1467 1984 1585 2012 Domino
1605 1985 1635 2012 in
1660 1984 1707 2011 illa
1741 1984 1796 2011 die.
1815 1983 1849 2010 Ει

1056 2037 1160 2070 quanta
1186 2031 1288 2068 Ephesi
1317 2031 1483 2059 ministravit
1512 2030 1590 2064 mihi,
1612 2034 1642 2058 tu
1668 2030 1767 2058 melius
1796 2035 1848 2057 no-

1057 2080 1104 2109 sti.
1117 2088 1127 2105 ι
1413 2109 1418 2114 ¹

1390 2123 1468 2153 CAP.
1492 2123 1526 2152 ll.
1670 2156 1674 2161 ,

1095 2181 1105 2198 ι
1120 2171 1162 2199 Tn
1186 2178 1263 2206 ergo,
1280 2170 1318 2198 illi
1338 2170 1392 2205 mi,
1407 2169 1565 2198 confortare
1580 2169 1608 2197 in
1626 2169 1713 2206 gratia
1726 2175 1788 2205 quae
1805 2171 1848 2197 est

215 2213 246 2242 ἓν
269 2214 380 2249 Χριστῷ
410 2214 511 2249 Ἰησοῦ,
535 2214 582 2241 καὶ
604 2214 623 2241 ἃ
647 2207 768 2250 ἡκουσας
795 2216 860 2251 παρ’
877 2214 944 2251 ἐμοῦ
960 2214 1004 2242 διὰ

1055 2218 1083 2246 in
1109 2217 1221 2246 Christo
1235 2217 1320 2250 Iesu;
1336 2221 1364 2245 et
1376 2223 1437 2252 qua
1452 2215 1554 2244 audisti
1570 2222 1585 2243 a
1602 2223 1646 2243 me
1667 2223 1717 2251 per
1743 2215 1847 2243 multos

215 2259 323 2286 πολλῶν
346 2259 493 2295 μαρτύρων
510 2259 598 2286 ταῦτα
622 2260 745 2296 παράθου
768 2262 874 2293 πιστοῖς
900 2260 1005 2296 ἀνθρὼ-

217 2303 289 2336 ποίς,
306 2304 406 2335 οἵτινες
437 2304 526 2331 ίκανοὶ
549 2304 668 2337 ἔσονται,
693 2305 741 2332 καὶ
763 2306 876 2342 ἐτέρους
889 2306 1005 2340 διδάξαι.

216 2350 253 2376 Σὺ
272 2347 319 2376 οῦν
335 2349 529 2385 κακοπάθησον
550 2350 589 2382 ὡς
610 2350 692 2382 καλὸς
718 2351 887 2387 στρατιώτης
918 2352 1005 2387 Ἰησοῦ

216 2395 346 2431 Χριστοῦ.
359 2395 451 2426 Οὐδεὶς
461 2395 689 2432 στρατευόμενος,
704 2397 872 2431 ἐμπλέκεται
886 2399 948 2430 ταῖς
956 2399 1005 2426 τοῦ

217 2442 275 2478 βίου
291 2442 506 2477 πραγματείαις,
523 2441 567 2469 ἵνα
583 2442 622 2478 τῷ
639 2443 887 2479 στρατολογήσαντι
904 2445 1003 2481 ἀρέσῃ.

223 2488 286 2514 Ἐὰν
303 2487 330 2513 δὲ
346 2487 394 2514 καὶ
411 2487 480 2523 ἀθλῇ
496 2497 550 2522 τις,
568 2488 599 2514 οὐ
623 2489 815 2523 στεφανοῦται,
835 2490 883 2517 ἐὰν
902 2491 940 2527 μὴ
961 2499 1004 2518 νο-

217 2533 309 2567 μίμως
325 2532 441 2569 ἀθλήσῃ.
464 2533 516 2560 Τὸν
542 2533 681 2561 κοπιῶντα
697 2536 821 2570 γεωργὸν
843 2535 883 2562 δεῖ
896 2536 1004 2572 πρῶτον

215 2577 269 2604 τῶν
293 2577 409 2614 καρπῶν
434 2579 663 2615 μεταλαμϐάνειν.
686 2580 751 2607 Νόει
773 2580 791 2608 ἀ
815 2581 902 2616 λέγω·
923 2582 1002 2610 δώσει

214 2625 270 2660 γάρ
286 2634 326 2652 σοι
341 2627 355 2652 ό
375 2626 478 2663 Κύριος
493 2627 601 2654 σύνεσιν
618 2629 647 2656 ἐν
663 2630 739 2656 πᾶσι.
765 2630 927 2665 Μνημόνευε
949 2630 1002 2666 Ἰη-

216 2671 281 2698 σοῦν
294 2671 413 2707 Χριστὸν
427 2672 614 2708 ἐγηγερμένον
632 2675 665 2701 ἐκ
678 2674 784 2709 νεκρῶν
798 2675 831 2702 ἐκ
845 2676 1002 2711 σπέρματος

212 2715 297 2743 Δαόὶδ
327 2717 398 2745 κατὰ
420 2717 451 2745 τὸ
479 2718 637 2752 εὐαγγέλιόν
663 2728 727 2754 μου.
753 2719 783 2746 ὲν
805 2716 828 2753 ᾧ
851 2721 1002 2748 κακοπαθῶ

215 2761 297 2798 μέχρι
309 2762 418 2798 δεσμῶν
434 2763 472 2796 ὡς
490 2763 644 2800 κακοῦργος
657 2771 665 2779 ⁸
680 2765 737 2792 ἀλλ’
751 2766 766 2791 ὀ
781 2765 859 2800 λόγος
872 2765 918 2793 τοῦ
933 2765 1001 2793 Θεοῦ

212 2807 243 2834 οὐ
259 2808 374 2837 δέδεται.
391 2809 440 2836 Διά
453 2809 533 2836 τοῦτο
547 2810 637 2837 πάντα
654 2811 780 2846 ὑπομένω
793 2811 836 2838 διὰ
850 2812 911 2843 τοὺς
925 2812 1002 2839 ἐκλε-

213 2853 309 2886 κτοὺς,
335 2854 379 2882 ἵνα
414 2855 458 2882 καὶ
485 2855 561 2882 αὐτοὶ
593 2855 730 2891 σωτηρίας
757 2855 859 2891 τύχωσι
888 2856 938 2891 τῆς
968 2856 998 2884 ἐν

1056 2267 1153 2296 testes,
1180 2262 1238 2290 tunc
1261 2261 1424 2290 commenda
1450 2261 1576 2289 ﬁdelibus
1603 2259 1773 2293 hominibus,
1798 2260 1844 2295 qui

1056 2308 1147 2338 idonei
1159 2312 1240 2336 erunt
1256 2313 1282 2336 et
1297 2308 1367 2336 alios
1394 2308 1503 2335 docere.
1522 2306 1562 2334 Tu
1574 2314 1641 2342 ergo
1664 2306 1759 2334 labora
1773 2306 1848 2334 sicut

1056 2355 1144 2383 bonus
1155 2355 1233 2382 miles
1252 2353 1318 2382 Jesu
1336 2353 1452 2382 Christi.
1473 2353 1560 2381 Nemo
1591 2353 1714 2381 militans
1728 2352 1783 2380 Deo
1793 2352 1845 2379 im-

1055 2401 1140 2436 plicat
1163 2408 1193 2428 se
1224 2399 1341 2435 negotiis
1366 2399 1557 2430 saecularibus.
1573 2402 1605 2425 ut
1624 2398 1648 2426 ei
1663 2399 1771 2433 placeat
1797 2397 1845 2432 qui

1055 2446 1234 2481 seprobavit.
1262 2445 1447 2473 Laborantem
1472 2445 1622 2481 agricolam
1648 2448 1756 2480 oportet
1786 2443 1845 2478 pri-

1054 2499 1129 2519 mum
1144 2491 1178 2519 de
1208 2490 1344 2519 fructibus
1365 2492 1516 2526 percipere.
1546 2489 1669 2525 lntellige
1682 2496 1744 2524 quae
1757 2487 1821 2516 dico
1835 2497 1843 2516 :

1054 2537 1130 2565 dabit
1142 2536 1216 2564 enim
1233 2536 1282 2563 tibi
1299 2535 1430 2564 Dominus
1446 2536 1474 2563 in
1503 2535 1633 2563 omnibus
1660 2534 1842 2562 intellectum.

1053 2582 1225 2611 Memorcsto
1241 2581 1388 2610 Dominum
1418 2581 1512 2609 Jesum
1541 2581 1684 2609 Christum
1719 2586 1844 2608 resurre-

1052 2629 1128 2657 xisse
1141 2636 1157 2655 a
1172 2627 1291 2656 mortuis
1304 2635 1339 2655 ex
1349 2627 1455 2656 semine
1473 2626 1559 2655 David
1572 2626 1724 2655 secundum
1750 2624 1842 2652 Evan-

1053 2674 1154 2710 gelium
1181 2681 1282 2706 meum,
1304 2674 1331 2701 in
1357 2680 1413 2709 quo
1435 2673 1530 2701 laboro
1561 2680 1648 2708 usque
1677 2672 1710 2699 ad
1730 2670 1840 2699 vincula

1052 2719 1130 2756 quasi
1146 2719 1218 2747 male
1229 2727 1359 2755 operans,
1378 2720 1427 2748 sed
1444 2719 1557 2748 verbum
1575 2718 1622 2746 Dei
1645 2724 1700 2745 non
1713 2720 1756 2745 est
1778 2716 1841 2743 alli-

1052 2769 1156 2800 gatum.
1185 2763 1250 2792 ideo
1279 2765 1372 2792 omnia
1394 2765 1520 2794 sustineo
1544 2768 1656 2801 propter
1681 2763 1795 2795 electos.
1811 2765 1841 2789 ut

1051 2814 1079 2838 et
1096 2809 1147 2844 ipsi
1163 2808 1279 2837 salutem
1306 2814 1523 2845 consequantur,
1551 2818 1612 2845 qua:
1642 2808 1841 2837 estinChristo

1054 2855 1117 2898 τίθει]
1147 2862 1209 2882 cum
1235 2856 1321 2892 gloria
1346 2861 1458 2886 aeterna.
1488 2856 1590 2886 Fidelis
1618 2863 1725 2888 sermo;
1741 2861 1803 2883 nam
1815 2853 1839 2883 si
