2080 3111
243 135 312 170 1019

843 131 874 161 S.
888 127 1047 160 JOANNIS
1065 127 1280 158 DAMASCENI

1803 123 1870 158 1020

244 194 409 221 commortui
429 200 536 225 smnus,
556 197 586 225 et.
600 191 795 225 convivemus;
812 192 835 220 si
849 192 1029 222 sustinemus,

1084 186 1193 222 Χριστῷ
1215 186 1314 221 Ἰησοῦ,
1334 186 1403 223 μετὰ
1425 185 1503 220 δόξης
1522 184 1642 212 αἰωνίου.
1667 183 1765 215 Πιστὸς
1788 184 1803 210 ὁ
1824 184 1870 211 λό-

245 244 271 265 et
285 238 468 273 regnabimus.
486 237 515 264 Si
533 237 734 272 negaverimus,
744 241 771 265 et
782 237 828 264 ille
843 237 953 272 negabit
964 245 1029 271 nos;

244 284 268 311 si
286 291 338 310 non
353 283 501 315 credimus,
514 283 557 309 ille
586 282 674 310 ﬁdelis
691 286 848 317 permanet:
865 290 966 318 negare
989 291 1031 311 se-

244 329 334 364 ipsnm
349 335 401 355 non
409 332 507 362 potest.
527 328 592 355 Hart:
607 335 765 361 commone,
775 327 925 356 testiﬁcans
937 336 1031 357 coram

245 375 371 401 Domino.
401 372 462 401 Noli
489 374 655 401 contendere
671 374 763 402 verbis
784 384 790 402 :
810 375 843 402 ad
858 374 928 401 nihil
957 375 1030 402 enim

245 418 312 445 utile
320 423 372 451 est,
385 418 438 446 nisi
450 418 483 446 ad
492 418 699 446 subversioncm
712 419 892 446 audientium.
906 418 1032 447 Sollicite

245 470 313 490 cura
323 464 441 498 teipsum
461 464 607 499 probatum
628 464 758 492 exhibere
774 464 841 497 Deo,
874 465 1031 500 operarium

245 508 479 543 inconfusihilem,
489 514 563 538 recte
577 514 740 538 tractantem
753 511 869 538 verbum
895 512 1031 539 veritatis.

245 553 364 580 Profana
375 555 458 590 268
467 559 558 582 autem
575 559 603 584 et
618 556 774 592 vaniloquia
786 557 876 584 devita
890 566 898 590 ;
916 557 1032 584 multum

245 598 318 625 enim
347 599 496 632 proﬁciunt
514 599 548 626 ad
563 600 751 634 impietatem:
769 605 797 628 et
814 609 905 628 sermo
934 609 1031 629 eorum

247 647 278 670 ut
291 650 391 671 cancer
405 645 493 679 serpit
509 652 516 671 :
530 654 564 673 ex
576 646 676 680 quibus
688 650 729 673 est
747 636 914 681 llymenaau's
929 651 956 675 et
972 647 1033 675 Phi-

247 689 330 722 lctus,
362 690 436 724 quia
452 690 567 718 veritate
587 692 760 724 exciderunt,
789 692 913 721 dicentes
938 701 1032 721 resur-

246 735 398 763 rectionem
415 743 478 764 esse
496 736 553 770 jam
577 736 690 770 factam,
705 742 733 766 et
750 738 944 767 subverterunt
962 747 1032 774 quo-

247 780 373 807 rumdam
388 781 477 810 ﬁdem.
498 782 552 810 Sed
566 783 672 811 ﬁrmum
687 783 896 812 fundamentum
908 784 954 812 Dei
966 789 1032 818 stat,

247 824 351 854 habens
362 826 533 863 signaculum
567 829 636 856 hoc:
665 829 801 865 Cognovit
829 830 963 860 Dominus
984 832 1032 867 qui

247 875 311 898 sunt
331 872 408 907 ejus;
440 878 467 902 et
494 874 617 902 discedat
637 876 671 903 ab
693 876 839 911 iniquitate
873 878 963 906 omnis
987 879 1035 913 qui

247 916 371 944 nominat
389 926 487 947 nomen
518 919 638 948 Domini.
652 920 682 948 ln
700 928 798 957 magna
825 927 916 951 autem
941 924 1034 957 domo,

247 968 304 988 non
331 963 419 991 solum
451 970 517 992 sunt
540 973 605 993 vasa
633 974 716 994 aurea
730 973 758 995 et
782 973 921 1003 argentea,
946 969 993 997 Sed
1008 975 1036 998 et

247 1007 337 1042 lignea
363 1013 391 1037 et
403 1009 495 1038 ﬁctilia
514 1020 522 1038 :
539 1015 567 1040 et
582 1012 706 1047 quaedam
730 1013 838 1049 quidem
850 1015 877 1043 in
891 1015 1033 1051 honorem,

241 1053 371 1098 quaedam
387 1060 478 1084 autem
488 1057 515 1084 in
531 1059 736 1086 contumeliam.
747 1060 775 1088 Si
785 1062 847 1096 quis
861 1069 927 1098 ergo
941 1071 1035 1092 emun-

247 1097 353 1126 davcrit
364 1109 394 1129 se
407 1101 442 1130 ab
457 1102 529 1135 istis,
553 1104 605 1131 erit
627 1106 714 1133 vasin
735 1106 883 1140 honorem,
898 1097 1034 1138 sanctiﬁ-

247 1147 339 1172 catum
358 1150 387 1173 et
402 1146 468 1175 utile
481 1147 599 1176 llotnino
620 1150 653 1177 ad
669 1157 750 1178 omne
781 1159 851 1187 opus
871 1153 973 1181 bonum
985 1163 1036 1190 pa-

247 1192 348 1217 ratum.
373 1190 509 1220 Juvenilia
541 1198 632 1222 autem
661 1195 800 1225 desideria
825 1198 905 1234 iuge,
928 1204 1034 1228 sectare

247 1241 312 1262 vero
324 1235 469 1270 justitiam.
488 1237 578 1270 ﬁdem.
592 1240 766 1274 charitatem,
783 1247 809 1270 et
823 1251 916 1278 pacem
929 1246 1034 1274 cumiis

247 1279 294 1314 qui
307 1280 439 1309 invocant
452 1282 598 1312 Dominum
616 1286 651 1314 de
663 1287 745 1315 corde
760 1296 839 1323 puro.
864 1289 970 1319 Stultas
985 1298 1034 1318 au-

247 1328 302 1352 tem
314 1329 341 1353 et
353 1326 412 1354 sine
425 1327 569 1362 disciplina
582 1332 842 1366 quaestionesdevita
853 1343 860 1368 ;
870 1335 961 1364 sciens
970 1336 1034 1372 quia

247 1376 382 1416 generant
396 1372 469 1401 lites.
487 1373 601 1404 Servum
627 1381 719 1405 autem
739 1378 847 1407 Domini
861 1388 915 1408 non
925 1386 1034 1416 oportet

249 1415 378 1451 litigare;
395 1418 444 1446 sed
471 1426 646 1449 mansuetum
670 1430 731 1451 esse
745 1424 779 1451 ad
790 1433 886 1462 omnes
897 1446 905 1459 ,
929 1415 1034 1456 docibi-

248 1461 314 1494 lem,
338 1463 498 1499 patientem,
519 1473 583 1494 cum
609 1469 743 1497 modestia
771 1472 965 1507 corripientem
985 1481 1033 1503 eos

249 1508 297 1542 qui
318 1509 472 1554 resistunt:
490 1513 637 1548 nequando
670 1515 743 1544 Deus
759 1516 805 1544 det
825 1518 878 1545 illis
900 1519 1034 1554 paeniten-

249 1553 316 1580 tiam
327 1553 362 1580 ad
386 1558 608 1591 cognoscendam
625 1560 781 1595 veritatem,
794 1567 821 1590 et
840 1564 1005 1599 resipiscant
1019 1573 1034 1594 a

248 1599 349 1647 diaboli
373 1600 490 1637 laqueis,
505 1603 535 1632 in
550 1612 605 1640 quo
626 1607 728 1642 captivi
746 1611 874 1637 tenentur
897 1611 931 1639 ad
947 1611 1035 1647 ipsius

247 1645 428 1676 Voluntatem.
440 1657 451 1675 ι

564 1779 640 1810 CAP.
650 1782 696 1812 lll.

285 1823 367 1851 Vsus.
383 1824 409 1857 i,
423 1824 467 1852 Η.
485 1825 557 1853 «Hoc
566 1833 656 1855 autem
673 1829 781 1863 scitote,
795 1832 868 1866 quod
879 1832 907 1860 in
916 1834 1035 1863 novissi-

249 1869 301 1896 mis
316 1870 412 1898 diebns
439 1871 581 1900 instabunt
607 1878 730 1910 tempora
755 1877 919 1911 periculosa.
949 1880 1036 1908 Erunt

248 1914 321 1941 enim
334 1914 461 1944 homines
476 1917 582 1952 seipsos
597 1924 733 1954 amantes,
757 1922 863 1957 cupidi,
885 1923 962 1958 elati,
987 1932 1034 1953 su-

250 1960 343 1993 perbi.
374 1961 553 1997 blasphemi,
582 1965 744 1999 parentibus
773 1975 828 1996 non
857 1969 1034 2006 obedientes,

247 2007 358 2042 ingrati,
373 2008 493 2041 scelesti,
511 2009 572 2038 sine
594 2010 749 2046 atfectione,
765 2014 826 2042 sine
847 2022 924 2050 pace,
944 2017 1036 2046 crimi-

247 2057 377 2085 natorcs,
408 2054 626 2090 incontinentes,
655 2057 793 2092 immites,
821 2060 881 2088 sine
907 2061 1034 2098 benigni-

248 2102 313 2130 tate,
343 2100 509 2134 proditores.
539 2103 671 2137 protervi,
692 2105 799 2136 tumidi,
813 2109 841 2133 et
863 2106 1033 2142 voluptatum

247 2146 388 2171 amatores
419 2146 508 2180 magis
535 2154 618 2181 quam
648 2147 718 2182 Dci';
754 2149 888 2180 habentes
922 2153 1032 2188 quidem

1083 241 1148 267 γος·
1175 233 1199 259 εἰ
1225 232 1279 268 γὰρ
1306 232 1540 267 συναπεθάνομεν,
1568 231 1615 258 καὶ
1642 231 1815 265 συζήσομεν·
1845 231 1868 256 εί

1085 279 1266 315 ὑπομένομεν,
1287 279 1334 305 καὶ
1359 278 1624 314 συμϐασιλεύσομεν.
1652 277 1683 304 Εἰ
1701 277 1868 311 ἀρνούμεθα,

1084 326 1211 356 κάκεῖνος
1234 325 1383 359 ἀρνήσεται
1408 325 1491 359 ἡμᾶς.
1512 325 1543 350 Εἰ
1567 323 1746 358 ἀπιστοῦμεν,
1766 323 1868 354 ἐκεῖνος

1084 371 1178 402 πιστὸς
1192 371 1284 405 μένει·
1301 370 1471 405 ἀρνήσασθαι
1487 369 1583 396 ἑαυτὸν
1597 369 1628 395 οὺ
1640 368 1763 395 δύναται.
1779 368 1870 395 Ταῦτα

1085 416 1288 451 ὐπομίμνησκε,
1303 415 1555 452 διαμαρτυρόμενος
1567 415 1682 441 ἐνώπιον
1697 414 1744 441 τοῦ
1755 414 1868 450 Κυρίου,

1086 461 1124 497 μὴ
1140 461 1313 497 λογομαχεῖν,
1329 461 1366 492 ὡς
1381 461 1458 487 οὐδὲν
1474 462 1611 496 χρήσιμον
1632 461 1677 487 ἐπὶ
1694 463 1870 497 καταστροφῇ

1084 506 1139 533 τῶν
1158 507 1322 534 ἀκουόντων.
1345 506 1500 533 Σπούδασον
1517 505 1629 533 σεαυτὸν
1651 506 1762 542 δόκιμον
1779 515 1870 542 παρα-

1086 553 1184 588 στῆσαι
1201 552 1240 588 τῷ
1265 552 1387 588 Χριστῷ,
1407 552 1527 588 ὲργάτην
1544 552 1767 587 ἀνεπαίσχυντον,
1792 552 1870 586 ὀρθο-

1085 599 1218 634 τομοῦντα
1232 599 1372 634 τὸνλόγον
1393 600 1442 635 τῆς
1456 599 1594 634 ἀληθείας.
1614 599 1668 631 Τὰς
1687 599 1716 626 δὲ
1741 599 1870 634 βεϐήλους

1085 645 1250 679 κενοφωνίας
1265 647 1429 682 περίστασο’
1454 645 1499 672 ἐπὶ
1520 645 1602 672 πλέον
1616 645 1670 681 γὰρ
1688 645 1870 681 προκόψουσιν

1085 691 1223 723 ἀσεϐείας,
1241 691 1290 718 καὶ
1307 691 1322 717 ὁ
1344 691 1423 725 λόγος
1443 691 1533 719 αὐτῶν
1549 691 1585 723 ὡς
1608 692 1763 727 γάγγραινα
1785 691 1870 727 νομήν

1085 736 1141 768 ἕξει
1151 743 1157 750 ·
1172 732 1211 763 ὧν
1228 736 1303 763 ἔστιν
1322 736 1465 772 Ὑμεναῖος
1494 737 1541 764 καὶ
1555 736 1679 772 Φιλητὸς,
1694 738 1792 768 οἵτινες
1808 737 1871 773 περὶ

1085 783 1135 817 τήν
1158 782 1288 818 ἀλήθειαν
1310 782 1476 818 ἠστόχησαν,
1501 782 1626 817 λέγοντες
1651 783 1700 818 τήν
1724 783 1873 809 ἀνάστασιν

1087 828 1137 864 ’ήδη
1157 828 1309 862 γεγονέναι,
1327 828 1375 855 καὶ
1390 828 1573 864 ἀνατρέπουσι
1596 829 1647 864 τήν
1670 837 1751 856 τινων
1769 829 1871 856 πίστιν.

1094 874 1122 900 '0
1140 873 1231 909 μέντοι
1247 873 1357 909 στερεὸς
1371 873 1496 909 θεμέλιος
1510 873 1557 900 τοῦ
1573 873 1640 900 Θεοῦ
1663 873 1789 908 ἕστηκεν,
1804 873 1872 908 ἔχων

1086 919 1135 955 τὴν
1160 919 1296 954 σφραγίδα
1318 919 1433 955 ταύτην.
1456 920 1549 954 Ἔγνω
1577 919 1682 955 Κύριος
1707 920 1770 951 τοὺς
1793 919 1873 950 ὄντας

1086 964 1179 997 αὑτοῦ,
1196 965 1243 991 καὶ
1260 964 1408 1000 ἀποστήτω
1431 964 1486 992 ἀπὸ
1505 964 1612 996 ἀδικίας
1627 965 1681 997 πᾶς
1702 965 1716 991 ό
1731 964 1873 1000 ὀνομάζων

1086 1011 1116 1039 τὸ
1129 1011 1215 1046 ὄνομα
1230 1011 1343 1047 Κυρίου.
1364 1011 1409 1038 'Ev
1426 1011 1531 1047 μεγάλῃ
1546 1011 1575 1038 δὲ
1588 1011 1663 1046 οίκίᾳ
1683 1011 1734 1037 οὐκ
1749 1010 1806 1037 ἔστι
1824 1010 1873 1046 μό-

1087 1066 1131 1085 νον
1145 1057 1231 1092 σκεύη
1248 1057 1336 1092 χρυσᾶ
1357 1057 1404 1084 καὶ
1419 1057 1539 1092 ἀργυρᾶ,
1563 1057 1630 1084 ἀλλὰ
1645 1057 1691 1084 καὶ
1711 1057 1804 1090 ξύλινα
1825 1057 1873 1084 καὶ

1086 1103 1252 1139 ὀστράκινα·
1269 1104 1316 1131 καὶ
1331 1103 1349 1131 ἃ.
1364 1104 1415 1139 μὲν
1437 1103 1477 1136 εἰς
1502 1103 1595 1138 τιμὴν,
1613 1103 1631 1130 ἃ.
1648 1103 1678 1130 δὲ
1692 1105 1732 1135 είς
1747 1103 1869 1138 ἀτιμίαν.

1093 1149 1156 1176 Ἐὰν
1174 1146 1221 1176 οὗν
1240 1157 1282 1180 τις
1305 1148 1447 1184 ἐκκαθάρῃ
1473 1149 1568 1176 ἑαυτὸν
1587 1148 1642 1176 ἀπὸ
1655 1148 1770 1181 τούτων,
1795 1149 1872 1176 ἔσται

1086 1194 1185 1227 σκεῦος
1209 1196 1250 1227 εἰς
1274 1195 1368 1231 τιμήν,
1395 1195 1562 1230 ἡγιασμένον
1588 1195 1636 1221 καὶ
1660 1194 1809 1230 εὔχρηστον
1832 1194 1872 1230 τῷ

1085 1240 1209 1277 Δεσπότῃ
1230 1241 1271 1273 είς
1294 1241 1347 1268 πᾶν
1365 1240 1446 1276 ἔργον
1467 1240 1568 1274 ἀγαθὸν
1581 1240 1792 1275 ἡτοιμασμένον.
1815 1240 1872 1273 Τὰς

1085 1285 1115 1312 δὲ
1129 1285 1293 1321 νεωτερικὰς
1305 1285 1455 1320 ἐπιθυμίας
1473 1285 1558 1320 φεῦγε
1570 1293 1576 1300 ·
1592 1285 1672 1312 δίωκε
1693 1285 1722 1312 δὲ
1736 1285 1872 1312 δικαιοσύ-

1085 1339 1146 1366 νην,
1170 1331 1271 1362 πίστιν,
1287 1331 1409 1367 ἀγάπην,
1434 1332 1546 1367 εἰρήνην
1565 1331 1633 1367 μετά
1656 1331 1711 1358 τῶν
1728 1331 1873 1358 ἐπικαλου-

1088 1377 1176 1411 μένων
1202 1376 1247 1403 τδν
1270 1376 1372 1412 Κύριον
1398 1378 1431 1404 ἐκ
1456 1377 1581 1413 καθαρᾶς
1605 1377 1727 1413 καρδίας.
1759 1377 1815 1410 Τὰς
1842 1377 1872 1403 δὲ

1087 1421 1182 1457 μωρὰς
1207 1421 1254 1449 καὶ
1270 1422 1450 1454 ἀπαιδεύτους
1473 1423 1602 1458 ζητήσεις
1625 1422 1770 1458 παραιτοῦ,
1793 1422 1872 1454 είδὼς

1085 1467 1127 1494 ὅτι
1142 1467 1258 1502 γεννῶσι
1275 1467 1375 1503 μάχας.
1391 1467 1490 1496 Δοῦλον
1509 1468 1538 1495 δὲ
1553 1468 1656 1504 Κυρίου
1685 1468 1714 1495 οὐ
1728 1468 1770 1494 δεῖ
1785 1469 1872 1503 μάχε-

1087 1513 1159 1545 σθαι,
1188 1514 1245 1541 ἀλλ’
1270 1514 1352 1550 ἤπιον
1377 1512 1446 1542 εἶναι
1471 1514 1540 1550 πρὸς
1568 1515 1681 1548 πάντας,
1707 1515 1871 1547 διδακτικδν,

1085 1559 1255 1592 ἀνεξίκακον,
1272 1561 1300 1587 ὲν
1315 1560 1450 1595 πραότητι
1468 1560 1629 1588 παιδεύοντα
1643 1561 1706 1592 τοὺς
1725 1560 1871 1587 ἀντιδιατι-

1086 1605 1233 1641 θεμένους·
1249 1606 1356 1642 μήποτε
1380 1606 1418 1642 δῷ
1440 1607 1535 1639 αὺτοῖς
1548 1608 1562 1634 ὁ
1582 1607 1649 1639 Θεὸς
1673 1607 1817 1642 μετάνοιαν
1831 1607 1873 1639 είς

1084 1651 1234 1685 ἐπίγνωσιν
1255 1651 1394 1686 ἀληθείας,
1412 1651 1460 1678 καὶ
1475 1651 1649 1687 ἀνανήψωσιν
1666 1653 1698 1678 ἐκ
1721 1653 1770 1688 τῆς
1783 1651 1873 1679 διαδό-

1085 1696 1131 1722 λου
1144 1697 1268 1731 παγίδος,
1285 1697 1475 1733 ἐζωγρημένοι
1494 1698 1540 1724 ὑπ’
1556 1697 1639 1725 αὑτοῦ
1657 1699 1697 1729 είς
1716 1698 1748 1724 τὸ
1767 1697 1872 1725 ἐκείνου

1085 1741 1202 1777 θέλημα.
1225 1752 1235 1769 ι

1389 1788 1515 1816 ΚΕΦΑΛ.
1536 1789 1573 1816 Γ¹.

1124 1844 1134 1861 ι
1154 1834 1239 1862 Τοῦτο
1251 1834 1280 1862 δὲ
1290 1834 1439 1869 γινώσκετε
1455 1835 1496 1861 ὅτι
1507 1835 1537 1861 ὲν
1554 1834 1682 1870 ἐσχάταις
1697 1834 1813 1870 ήμέραις
1829 1836 1872 1861 ἐν-

1086 1880 1229 1916 στήσονται
1250 1880 1341 1916 καιροὶ¹
1364 1880 1487 1915 χαλεποί.
1513 1881 1639 1907 Ἔσονται
1653 1880 1707 1915 γὰρ
1725 1881 1750 1907 οι
1764 1881 1873 1914 ἄνθρω-

1085 1934 1142 1959 ποι,
1165 1925 1302 1961 φίλαυτοι,
1318 1925 1490 1962 φιλάργυροι,
1519 1925 1664 1958 ἀλαζόνες,
1688 1926 1870 1961 ὑπερήφανοι,

1085 1970 1253 2007 βλάσφημοι,
1273 1970 1400 2005 γονεῦσιν
1421 1971 1555 2003 ἀπειθεῖς,
1579 1971 1733 2006 ἀχάριστοι,
1755 1972 1870 2004 ἀνόσιοι,

1083 2016 1224 2052 ἄστοργοι,
1248 2017 1384 2050 ἄσπονδοι,
1406 2016 1535 2049 διάϐολοι,
1559 2016 1700 2052 ἀκρατεῖς,
1725 2017 1869 2052 ἀνήμεροι,

1084 2061 1257 2096 ἀφιλάγαθοι,
1273 2061 1413 2097 προδόται,
1427 2062 1583 2097 προπετεῖς,
1597 2061 1792 2096 τετυφωμένοι,
1809 2062 1871 2096 φιλ-

1084 2106 1173 2141 ήδονοι
1191 2105 1302 2141 μᾶλλον,
1327 2106 1344 2141 ἢ
1368 2105 1504 2140 φιλόθεοι·
1528 2105 1636 2141 ἔχοντες
1660 2106 1800 2142 μόρφωσιν
1821 2106 1870 2132 εὐ-

1084 2151 1202 2184 σεόείας,
1218 2151 1268 2186 τὴν
1280 2151 1309 2178 δὲ
1325 2151 1440 2187 δύναμιν
1461 2152 1546 2186 αὐτῆς
1563 2152 1723 2187 ἠρνημένοι.
1739 2152 1794 2178 Καὶ
1807 2151 1870 2178 τού-

247 2189 501 2224 speciempietatis,
526 2193 659 2220 virtutem
675 2198 769 2222 autem
799 2195 860 2230 ejus
892 2198 1032 2234 abnegau-

1084 2205 1146 2229 τους
1163 2196 1320 2232 ἀποτρέπου
1331 2205 1338 2213 '
1355 2197 1388 2224 ὲκ
1403 2197 1506 2224 τούτων
1520 2198 1573 2233 γάρ
1586 2197 1655 2224 είσιν
1673 2197 1698 2224 οί
1717 2197 1870 2229 ἐνδύνοντες

248 2237 301 2260 tes.
311 2232 343 2260 Et
359 2233 410 2262 hos
425 2235 519 2263 devita
534 2245 541 2263 :
556 2244 590 2264 ex
599 2237 643 2265 his
657 2238 730 2266 enim
744 2244 808 2268 sunt
824 2241 872 2275 qui
889 2232 1034 2277 penetrant

247 2277 345 2306 domos
356 2298 364 2312 ,
381 2284 408 2307 et
422 2281 547 2315 captivas
573 2282 679 2311 ducunt
696 2285 874 2315 mulierculas
905 2294 1033 2319 oneratas

248 2325 380 2358 peccatis,
398 2333 460 2361 quae
488 2327 627 2356 ducuntur
642 2329 726 2358 variis
746 2330 909 2361 desideriis:
927 2341 1034 2370 semper

247 2370 397 2403 discentes,
407 2375 434 2399 et
445 2380 506 2408 quae
537 2382 679 2410 nunquam
693 2376 728 2403 ad
741 2377 887 2406 scientiam
909 2381 1033 2410 veritatis

247 2420 364 2450 possunt
385 2418 539 2452 pervenire.
554 2419 789 2453 Quemadmodum
811 2430 903 2453 autem
931 2426 1033 2456 Jannes

182 2461 188 2468 ‘
247 2467 275 2489 et
288 2461 414 2492 Jambres
428 2466 594 2494 restiterunt
611 2467 717 2504 Moysi;
737 2471 775 2497 ita
789 2475 816 2499 et
844 2472 870 2499 hi
901 2473 1033 2502 resistent

246 2508 376 2544 veritati;
397 2510 523 2541 homines
545 2515 670 2549 corrupti
691 2519 794 2549 mente,
822 2519 932 2553 reprobi
958 2520 1032 2548 circa

247 2553 340 2588 Iidem,
360 2555 407 2582 sed
437 2556 507 2584 ultra
523 2565 578 2586 non
595 2560 749 2593 proﬁcient.
771 2560 929 2597 lnsipientia
958 2565 1032 2592 enim

245 2608 341 2628 eorum
371 2602 516 2631 manifesta
541 2604 594 2633 erit
621 2607 759 2641 omnibus,
786 2609 858 2637 sicut
874 2614 902 2637 et
921 2611 1032 2640 illorum

247 2646 309 2674 fuit.
322 2646 362 2674 Tu
379 2652 470 2676 autent
486 2656 631 2679 assecutus
647 2659 678 2680 es
692 2660 778 2681 meam
806 2656 971 2690 doctrinam,
989 2657 1032 2685 in-

246 2692 431 2727 stitutionem,
449 2697 632 2731 propositum,
661 2698 752 2732 ﬁdem,
785 2701 1030 2736 longanimitatem.

247 2736 440 2772 dilectionem,
452 2741 625 2775 patientiam.
643 2745 860 2778 persecutiones,
879 2747 1030 2781 passioncs;

248 2781 339 2828 qualia
357 2783 422 2810 mihi
435 2784 504 2813 facta
522 2791 587 2814 sunt
610 2787 773 2822 Antiochiae,
803 2789 900 2825 lconii,
922 2792 948 2819 in
978 2791 1030 2828 Ly-

249 2824 425 2860 stris,qualcs
434 2831 639 2863 persecutiones
648 2833 776 2861 sustinui.
790 2844 799 2860 ι

1083 2243 1124 2275 είς
1147 2242 1197 2274 τὰς
1220 2242 1322 2275 οἰκίας,
1348 2243 1395 2270 καὶ
1423 2243 1676 2278 αἱχμαλωτεὺοντες
1692 2243 1868 2278 γυναικάρια,

1084 2288 1276 2324 σεσωρευμένα
1298 2288 1458 2324 ἁμαρτίαις,
1485 2289 1609 2324 ἀγόμενα
1627 2288 1786 2324 ἐπιθυμίαις
1810 2297 1868 2316 ποι-

1082 2333 1184 2366 κίλαις,
1199 2333 1315 2361 πάντοτε
1332 2334 1512 2370 μανθάνοντα,
1527 2334 1576 2361 καὶ
1599 2334 1732 2370 μηδέποτε
1750 2335 1790 2366 εἰς
1809 2334 1868 2360 ἐπί-

1083 2389 1184 2415 γνωσιν
1209 2380 1338 2416 ἀληθείας
1363 2381 1451 2407 ἐλθεῖν
1473 2381 1620 2417 δυνάμενα.
1645 2382 1694 2408 Ὃν
1717 2381 1817 2417 τρόπον
1841 2381 1869 2408 δὲ

1089 2427 1191 2462 Ἰαννῆς
1206 2427 1253 2454 καὶ
1274 2426 1405 2462 Ἰαμὸρῆς
1419 2426 1586 2463 ἀντέστησαν
1600 2427 1717 2462 Μωῦσῇ,
1733 2426 1806 2453 οὕτω
1821 2427 1869 2454 καὶ

1082 2468 1156 2498 οὗτοι
1176 2471 1350 2498 ἀνθίστανται
1364 2473 1397 2507 τῇ
1417 2471 1542 2507 ἀληθείᾳ,
1559 2472 1698 2507 ἄνθρωποι
1715 2472 1869 2508 κατεφθαρ-

1084 2517 1160 2552 μένοι
1184 2517 1230 2544 τὺν
1254 2517 1327 2549 νοῦν,
1350 2517 1475 2552 ἀδόκιμοι
1499 2518 1564 2554 περὶ
1584 2518 1634 2553 τὴν
1648 2518 1750 2549 πίστιν,
1765 2517 1823 2544 ἀλλ’
1836 2517 1867 2544 οὐ

1083 2563 1266 2599 προκόψουσιν
1281 2563 1328 2590 ἐπὶ
1346 2563 1448 2591 πλεῖον.
1476 2564 1508 2590 'H
1522 2563 1576 2599 γὰρ
1588 2564 1666 2591 ἄνοια
1680 2563 1768 2591 αὐτῶν
1788 2563 1868 2598 ἔκδη-

1082 2609 1127 2641 λος
1140 2609 1215 2637 ἐσται
1237 2610 1330 2644 πᾶσιν,
1354 2610 1392 2641 ὡς
1406 2609 1486 2644 καὶὴ
1507 2610 1620 2636 ἐκείνων
1643 2609 1761 2644 ἐγένετο.
1778 2609 1814 2636 Σὺ
1839 2609 1867 2636 δὲ

1082 2655 1327 2691 παρηκολούθηκας
1345 2664 1396 2690 μου
1420 2656 1453 2691 τῇ
1470 2655 1639 2691 διδασκαλίᾳ,
1655 2656 1689 2691 τῇ
1712 2656 1818 2690 ἀγωγῇ,
1833 2657 1867 2690 τῇ

1083 2701 1221 2738 προθέσει,
1237 2703 1270 2738 τῇ
1284 2702 1387 2735 πίστει,
1405 2702 1438 2736 τῇ
1459 2701 1644 2737 μακροθυμίᾳ,
1659 2703 1691 2737 τῇ
1705 2701 1811 2736 ἀγάπῃ,
1833 2702 1868 2737 τῇ

1082 2748 1217 2783 ὑπομονῇ,
1243 2748 1299 2778 τοῖς
1321 2747 1462 2782 διωγμοῖς,
1487 2748 1542 2778 τοῖς
1565 2747 1734 2782 παθήμασιν,
1754 2744 1798 2774 οἷά
1822 2755 1869 2781 μοι

1082 2794 1190 2828 ἐγένετο
1201 2793 1229 2819 ὲν
1249 2793 1407 2828 Ἀντιοχείᾳ,
1423 2793 1451 2820 ὲν
1472 2793 1581 2828 Ἰκονίῳ,
1600 2793 1627 2820 ὲν
1640 2792 1782 2828 Λύστροις,
1795 2792 1868 2824 οἴους

1082 2838 1216 2874 διωγμοὺς
1234 2838 1384 2874 ὑπήνεγκα.
1406 2847 1416 2864 ›
