2080 3111
227 208 260 234 Ἀ
275 206 320 233 διὰ.
333 205 439 233 Θέκλαν
454 204 582 236 πέπονθε,
597 203 680 238 λέγει.

228 262 237 278 ι
260 252 316 279 Καὶ
326 252 358 278 ἐκ
371 251 480 278 πάντων
495 259 529 286 με
540 250 675 285 ἐρρύσατο
686 250 700 276 ὁ
715 249 827 285 Κύριος.
841 250 896 276 Καὶ
911 249 978 275 πάνυ

188 305 234 328 τες
257 296 285 323 δὲ
307 296 332 322 οἱ
349 295 473 327 θέλοντες
489 294 610 327 εὐσεϐῶς
624 294 674 330 ζῇν
692 295 721 321 ὲν
740 294 852 330 Χριστῷ
878 294 976 330 Ἰησοῦ,

189 343 396 378 διωχθήσονται.
420 351 429 368 ι

225 389 334 416 Τούτων
352 388 390 420 ὡς
409 388 516 424 νεαρῶν
536 387 620 415 ὄντων
637 388 777 423 ἐμνήσθη·
801 388 836 415 τὰ
858 387 888 414 δὲ
910 387 980 416 ἄλλα.

188 437 306 471 ἀφῆκεν,
322 435 360 467 ὡς
375 434 503 471 γνώριμα
516 435 582 462 ὄντα
602 434 641 471 τῷ
656 435 744 470 ἀνδρί.

228 491 238 507 ι
262 481 378 517 Πονηροὶ
399 480 428 507 δὲ
451 480 589 516 ἄνθρωποι
608 480 656 508 καὶ
679 481 778 516 γόητες
794 480 978 516 προκόψουσιν

190 527 238 554 ἐπὶ
250 527 280 553 τὸ
288 528 388 562 χεῖρον,
398 526 554 558 πλανῶντες
567 526 614 553 καὶ
625 525 807 561 πλανώμενοι.
821 525 857 552 Σὺ
872 526 900 552 δὲ
913 526 978 561 μένε

190 574 220 599 ἐν
237 569 277 605 οἷς
298 573 412 608 ἔμαθες,
438 573 485 600 καὶ
509 572 681 608 ὲπιστώθηςο
708 572 785 606 εἰδὼς
808 573 885 609 ποιρά
907 573 979 605 τινος

190 617 302 653 ἔμαθες,
320 618 367 645 καὶ
380 618 421 645 ὅτι
439 617 492 645 ἀπὸ
507 618 633 653 βρέφους.
658 627 667 644 ι

227 706 283 738 Τὰς
308 706 413 741 θλίψεις
435 705 555 734 ινταῦθά
571 714 647 742 φησι,
674 706 790 738 καὶτὰς
811 706 907 738 ὀδύνας
929 707 977 742 τῆς

192 752 288 785 στενῆς
303 752 350 779 καὶ¹
365 752 547 788 τεθλιμμένης
563 752 624 780 ὁδοῦ
642 751 693 788 τῆς
708 753 819 788 ἀρετῆς.

229 807 238 824 ι
262 797 302 824 Τὰ
322 798 382 834 ιερὰ
395 798 547 833 γράμματα
570 795 654 831 οἶδας,
677 797 712 825 τὰ
735 797 872 833 δυνάμενά
889 805 919 824 σε
934 805 978 824 σιο-

191 845 269 878 φίσαι
291 845 331 876 εις
361 844 498 880 σωτηρίαν
525 843 570 871 διὰ
595 843 713 875 πίστεως
735 843 787 878 τῆς
814 844 844 871 ὲν
868 843 979 878 Χριστῷ

197 891 233 925 Ὶη
238 889 294 917 σοῦ.
317 899 326 915 ι

229 935 282 962 Τὸν
297 935 380 968 νόμον
394 935 442 962 καὶ
460 935 524 966 τοὺς
561 934 704 970 προφήτας
724 934 809 969 λέγει,
821 933 920 964 οἵτινες
937 932 986 959 αὑ-

192 980 239 1007 τὸν
264 980 394 1007 ἐδύναντο
418 981 460 1012 είς
482 980 532 1016 τὴν
557 980 654 1015 σοφίαν
676 980 836 1014 ἀναγαγεῖν,
861 977 986 1005 τουτέστι

192 1026 318 1062 Χριστόν,
346 1025 394 1058 Εἰς
414 1025 508 1054 τοῦτον
531 1026 585 1062 γὰρ
608 1026 771 1062 ἐπληροῦτο,
791 1025 839 1052 καὶ
857 1025 871 1051 ὁ
893 1024 985 1059 νόμος,

193 1073 241 1099 καὶ
260 1073 286 1099 οἱ
303 1073 455 1109 προφῆται.
479 1073 542 1099 ὐτι
561 1072 591 1099 δὲ
609 1072 668 1108 ᾔδει
689 1071 739 1107 τὴν
761 1071 884 1107 Γραφὴν,
906 1070 985 1106 δῆλον

193 1118 225 1144 ἐκ
239 1117 286 1147 τοῦ
304 1118 448 1153 ἱστορῆσαι
465 1117 513 1145 τὸν
527 1118 636 1144 Λουκᾶν
653 1117 718 1152 περὶ
734 1116 837 1144 αὐτοῦ..
855 1116 916 1143 Ὀτι
933 1124 986 1151 μηρ

192 1162 256 1196 ego;
279 1160 313 1197 ἦν
340 1163 471 1194 Ὶονδαίας
495 1163 603 1198 πιστῆς,
627 1163 767 1190 τουτέστιν
789 1162 819 1194 ἐξ
849 1161 984 1189 Ἰουδαίων

195 1208 380 1243 πιστευσάσης
395 1208 435 1239 εἰς
450 1208 580 1243 Χριστόν.

233 1263 242 1279 ι
265 1254 343 1280 Πᾶσα
366 1254 462 1290 Γραφὴ
483 1254 662 1286 θεόπνευστος
683 1254 730 1281 καὶ
755 1254 893 1290 ὠφέλιμος
914 1253 983 1289 πρὸς

194 1299 382 1332 διδασκαλίαν,
396 1299 465 1335 πρὸς
478 1299 602 1335 ελεγχον,
617 1300 687 1335 πρὸς
701 1299 899 1336 ἐπανόρθωσιν,
914 1300 983 1336 πρὸς

195 1343 318 1370 παιδείαν
334 1343 383 1380 τὴν
398 1344 427 1371 ιν
443 1344 600 1380 δικαιοσύνῃ
611 1353 617 1359 ·
630 1344 673 1372 ἵνα
685 1345 779 1380 ἄρτιος
794 1342 838 1382 ᾖδ
850 1344 901 1372 τοῦ
913 1344 982 1372 Θιοῠ

195 1388 348 1425 ἄνθρωπος,
367 1390 435 1427 πρὸς
452 1391 505 1418 πᾶν
524 1390 605 1426 ἔργον
619 1391 723 1425 ἀγαθὸν
738 1390 944 1427 ἐξηρτισμένος.
969 1401 979 1417 Ι

497 1498 622 1526 ΚΕΦΑΛ.
648 1499 684 1525 Δ’.

236 1575 245 1591 ι
260 1564 484 1600 Διαμαρτύρομαι
498 1562 548 1592 οὖν
569 1564 624 1599 ἐγὼ
642 1564 756 1592 ἐνώπιον
775 1563 822 1592 τοῦ
842 1564 922 1598 Θεοῦ,
937 1564 984 1593 καὶ

197 1611 245 1639 τοῦ
256 1611 359 1647 Κυρίου
375 1609 462 1646 Ἰησοῦ
473 1610 603 1646 Χριστοῦ,
623 1610 670 1638 τοῦ
683 1611 825 1646 μέλλοντος
838 1611 952 1647 κρίνειν.
971 1620 982 1637 ι

233 1657 337 1692 Πολλὴν
353 1657 529 1693 παράκλησιν
542 1657 727 1692 ποιησάμενος
743 1657 790 1684 καὶ
807 1656 984 1692 παραμυθίαν

197 1703 251 1730 ἀπὸ
267 1703 386 1736 πάντων,
403 1702 502 1737 ἐπάγει
526 1702 575 1730 καὶ
595 1702 644 1737 τὴν
658 1702 712 1729 ἀπὸ
730 1702 785 1729 τῶν
807 1702 922 1737 Γραφῶν
938 1710 985 1728 τε-

197 1749 337 1784 λειοτέραν
346 1746 440 1776 οὖσαν.
452 1748 572 1780 Εἰκότως
580 1747 609 1774 δὲ
620 1747 754 1782 τοσαύτην
768 1747 877 1782 ιπάγει,
889 1747 984 1782 ἐπειδὴ

197 1794 318 1830 λυπηρὸν
334 1793 445 1830 ἔμελλεν
459 1794 534 1829 ἐρεῖν
554 1792 593 1828 τῷ
617 1792 737 1828 μαθητῇ,
751 1792 797 1819 τὸν
813 1791 910 1820 ἑαυτοῦ
934 1791 983 1819 θά-

198 1849 288 1867 νατον.

239 1886 361 1922 Ἐκείνην
383 1884 450 1921 φησι
467 1884 516 1921 τὴν
537 1883 659 1920 Γραφὴν,
688 1884 752 1920 περὶ
775 1881 809 1920 ἦς
832 1882 921 1916 εἶπεν,
944 1883 985 1910 δτι

205 1931 276 1960 Ἀπὸ
289 1931 423 1966 ,ϐρέφους
440 1931 503 1966 ιερὰ
518 1930 679 1965 Γράμματα
695 1929 791 1963 οἶδας.

236 1987 246 2004 ι
268 1979 376 2010 Ζῶντας
393 1977 442 2005 καὶ
458 1976 583 2013 νεκροὺς,
599 1976 670 2003 κατὰ
683 1976 733 2012 τὴν
755 1975 917 2010 ἐπιφάνειαν
933 1976 984 2002 αὐ-

198 2021 256 2055 τοῦ,
275 2022 321 2050 κα)⁸
344 2021 402 2058 τὴν
417 2020 557 2058 βασιλείαν
574 2020 658 2048 αὐτοῦ
669 2029 676 2036 ·
693 2019 811 2056 κήρυξον
833 2019 879 2047 τὸν
895 2019 984 2054 λόγον,

199 2067 324 2103 ὶπίστηθι
347 2076 358 2094 ι

240 2111 434 2149 Ἀμαρτωλοῦς
459 2113 506 2140 καὶ⁵
532 2110 653 2143 δικαίους
675 2110 766 2145 λέγειν
790 2110 807 2145 ἢ
835 2110 876 2137 ὅτι
893 2109 986 2137 πολλοὶ

200 2157 461 2192 καταλειφθήσονται
478 2155 589 2188 ζῶντες.

660 189 662 191 μ
687 148 728 178 IN
749 147 871 178 EPIST.
894 147 942 177 AD
959 147 1192 181 TIMOTHEUM
1212 150 1256 182 II.

991 206 1014 234 A

996 1542 1019 1572 α

1748 143 1818 177 1022

1063 206 1156 234 lnuuit
1170 215 1202 235 ea
1217 215 1280 242 qua:
1294 206 1402 235 Thcche
1410 213 1495 234 causa
1508 211 1660 242 perpessus
1672 207 1742 232 erat.

1067 252 1124 287 (Et
1134 260 1167 280 ex
1181 253 1309 281 omnibus
1323 253 1425 288 eripuit
1436 259 1479 280 me
1492 251 1635 279 Dominus.
1651 248 1747 286 [νεκε.
1762 246 1819 284 ιι]

1030 298 1064 326 Et
1075 307 1171 328 omnes
1184 299 1233 335 qui
1256 299 1301 335 pie
1325 299 1422 327 volunt
1450 299 1542 327 vivere
1563 298 1591 325 in
1606 297 1718 326 Christo
1741 294 1818 328 Iesu,

1029 345 1254 380 persecutionem
1269 344 1418 380 patientur.
1441 353 1450 370 ι

1066 390 1169 418 Horum
1201 391 1345 423 meminit,
1371 395 1401 418 ut
1430 390 1616 418 recentiorum
1639 398 1646 419 ;
1667 388 1721 416 alia
1754 393 1819 415 vero

1030 437 1214 473 praetermisit,
1229 442 1260 465 ut
1271 444 1331 473 qum
1350 435 1495 464 Timotheo
1512 439 1651 470 comperta
1664 439 1766 463 essent.

1067 483 1149 511 Vens.
1179 483 1264 511 {3-15
1295 492 1304 509 I
1322 482 1386 510 Mali
1414 485 1504 510 autem
1528 481 1653 509 homines
1678 483 1705 508 et
1737 478 1818 507 sedu-

1029 534 1120 558 ctores
1134 530 1278 565 proficient
1299 529 1326 557 in
1347 529 1444 565 pejus;
1459 532 1583 556 errantes
1603 530 1630 554 et
1647 526 1676 553 in
1698 531 1819 553 errorem

1029 574 1181 602 mittentes.
1199 573 1241 602 Tu
1257 581 1330 607 vero
1342 580 1474 609 permane
1490 572 1518 600 in
1535 571 1571 599 iis
1591 578 1653 606 quae
1684 568 1820 600 didicisti,

1029 626 1057 648 et
1076 624 1152 648 certa
1170 620 1222 651 fide
1233 623 1310 648 tenes
1326 627 1334 653 ;
1351 619 1467 646 sciensa
1478 626 1533 653 quo
1548 616 1688 645 didiceris.
1709 614 1743 642 Et
1757 613 1822 649 quia

1029 666 1064 693 ab
1076 665 1205 693 infantia.
1220 675 1229 692 ι

1066 709 1118 738 Hic
1151 710 1319 739 aiﬂiclioues
1346 710 1504 746 signiﬁcat,
1521 713 1548 737 et
1561 707 1738 741 acerbitates,
1761 713 1822 742 quae

1029 755 1056 782 in
1074 759 1150 782 arcta
1161 760 1335 791 angustaque
1346 755 1455 783 virtutis
1471 755 1514 782 via
1539 756 1700 782 occurrunt.

1066 810 1076 826 ι
1094 799 1195 828 Sacras
1213 801 1318 829 litteras
1333 800 1417 833 nosti,
1434 805 1530 835 quaete
1544 802 1662 834 possunt
1684 798 1822 825 instruere

1030 845 1064 873 ad
1076 845 1205 879 salutem,
1220 853 1269 882 per
1286 846 1367 874 ﬁdem
1387 852 1449 882 quae
1464 849 1508 874 est
1522 844 1551 872 in
1580 843 1690 872 Christo
1715 842 1792 870 Iesu.
1809 850 1818 867 ι

1074 934 1172 970 Legem
1189 934 1228 962 ait
1251 940 1279 962 et
1306 934 1465 970 prophetas,
1490 941 1550 969 qua:
1575 933 1698 960 valerent
1709 938 1770 959 eum
1788 930 1821 957 ad

1034 978 1211 1014 sapientiam,
1231 978 1259 1006 id
1273 983 1315 1007 est
1344 979 1378 1006 ad
1401 979 1543 1007 Christum
1574 975 1774 1013 provehereJn
1789 982 1822 1002 eo

1035 1025 1120 1061 269
1134 1025 1269 1060 siquidem
1286 1025 1398 1060 impleta
1411 1028 1454 1052 est
1477 1024 1520 1052 lex
1537 1031 1569 1051 ac
1579 1023 1729 1058 propheta}.
1743 1020 1821 1055 Quod

1035 1075 1128 1099 autem
1145 1070 1314 1106 Scripturam
1327 1074 1431 1103 nosset.
1447 1069 1652 1098 manifestatum
1673 1072 1725 1101 est,
1739 1074 1823 1102 quan-

1034 1114 1182 1152 doquidem
1203 1116 1262 1151 ipse
1277 1115 1367 1143 Lucas
1382 1115 1479 1144 scribit
1490 1114 1562 1150 quod
1579 1121 1612 1142 ex
1629 1113 1719 1141 Iudaea
1735 1116 1822 1140 matre

1034 1167 1112 1191 ortus
1138 1167 1223 1203 esset,
1243 1163 1270 1190 id
1285 1166 1328 1191 est
1343 1170 1404 1198 quae
1425 1170 1456 1189 cx
1474 1161 1569 1189 Judazo
1582 1167 1681 1196 genere
1696 1159 1724 1186 in
1741 1158 1822 1186 Chri-

1033 1213 1106 1238 stum
1125 1209 1288 1237 crediderat.

1070 1253 1155 1282 Vsns.
1172 1253 1216 1286 16,
1232 1253 1277 1281 17.
1295 1262 1305 1279 ι
1321 1252 1420 1280 Omnis
1433 1252 1578 1286 Scriptura
1597 1248 1823 1282 divinitusinspi-

1033 1304 1105 1333 rata,
1126 1299 1204 1328 utilis
1222 1303 1265 1327 cst
1285 1299 1320 1326 ad
1341 1297 1510 1329 docendum,
1533 1296 1567 1324 ad
1583 1294 1768 1331 urguendum,
1789 1293 1823 1321 ad

1033 1346 1254 1381 corripiendum,
1269 1345 1303 1372 ad
1317 1343 1501 1372 erudiendum
1523 1343 1551 1369 in
1565 1341 1674 1376 justitia
1691 1349 1698 1368 ε
1715 1344 1745 1368 ιιι
1761 1346 1823 1375 per-

1033 1391 1121 1420 fectus
1136 1391 1176 1420 sit
1192 1391 1273 1420 homo
1287 1390 1335 1419 Dei
1351 1389 1385 1418 ad
1410 1395 1491 1418 omne
1517 1395 1586 1424 opus
1600 1387 1703 1415 bonum
1720 1386 1824 1417 insuu-

1033 1441 1108 1465 ctus.
1125 1445 1135 1462 ι

1353 1501 1432 1530 CAP.
1460 1501 1504 1529 IV.

1073 1569 1155 1598 VBIS.
1174 1569 1202 1597 l.
1235 1578 1244 1594 ι
1265 1568 1411 1596 Testincor
1431 1568 1516 1603 igitur
1540 1571 1591 1604 ego
1617 1573 1710 1595 coram
1727 1566 1783 1594 Deo
1796 1569 1825 1594 et

1032 1613 1149 1642 Domino
1160 1613 1225 1642 Jesu
1240 1613 1360 1645 Christo,
1377 1612 1425 1647 qui
1439 1612 1614 1647 judicaturus
1631 1614 1684 1638 est.
1696 1619 1705 1636 ι

1068 1659 1216 1695 Postquam
1231 1666 1265 1687 ex
1278 1658 1354 1686 οηιοί
1367 1657 1457 1692 capite
1473 1664 1536 1684 eum
1557 1660 1600 1684 est
1620 1655 1783 1683 cohortatus
1798 1657 1825 1682 et

1034 1705 1207 1739 consolatus,
1229 1704 1306 1732 addit
1333 1703 1445 1731 tandem
1467 1703 1619 1740 perfectius
1635 1705 1826 1737 argumentum

1034 1760 1066 1780 ex
1086 1750 1251 1786 Scripturis.
1275 1751 1310 1778 Et
1325 1749 1455 1777 censulto
1484 1747 1596 1783 quidem
1611 1755 1618 1781 ;
1633 1746 1762 1782 quoniam
1781 1747 1825 1774 di-

1035 1796 1143 1832 scipulo
1160 1803 1243 1831 grave
1265 1795 1404 1831 quoddam
1423 1799 1452 1822 et
1468 1794 1547 1821 triste
1566 1792 1739 1821 indicaturus
1753 1795 1825 1824 erat,

1035 1851 1114 1871 suam
1127 1842 1256 1871 videlicet
1271 1845 1400 1870 mortem.

1072 1889 1244 1924 Scripturam
1269 1888 1344 1916 illam
1363 1887 1412 1920 ait,
1439 1887 1475 1915 de
1495 1894 1550 1922 qua
1566 1886 1648 1914 modo
1667 1889 1732 1913 ante
1747 1883 1824 1913 dixe-

1036 1938 1077 1962 rat
1093 1943 1100 1962 :
1119 1934 1158 1961 Ab
1176 1933 1292 1968 infantia
1308 1932 1427 1960 Litteras
1446 1940 1538 1959 sacras
1554 1932 1636 1959 nosti.

1074 1990 1083 2006 ι
1104 1979 1188 2008 Vivos
1214 1983 1243 2007 et
1265 1982 1403 2010 mortuos,
1426 1985 1475 2013 per
1496 1978 1646 2005 adventum
1665 1977 1728 2012 ejus
1743 1980 1770 2004 et
1782 1982 1825 2003 re-

1036 2035 1118 2064 gnum
1141 2027 1202 2062 ejus
1217 2035 1224 2054 :
1241 2025 1324 2062 [Vsus
1340 2025 1369 2062 2]
1384 2025 1503 2054 Praedico
1517 2025 1641 2059 verbum,
1656 2025 1730 2052 insta
1750 2033 1760 2050 ι

1072 2116 1238 2144 Peccatores
1249 2119 1277 2143 et
1290 2115 1383 2151 justo:
1398 2114 1467 2143 dicit
1481 2122 1489 2142 :
1506 2114 1550 2143 vel
1563 2113 1637 2150 quod
1650 2113 1728 2142 multi
1742 2113 1770 2141 in
1783 2113 1824 2142 vi-

1038 2161 1080 2190 vis
1091 2161 1257 2196 superstites
1280 2164 1373 2188 erunt.

238 2213 248 2230 ι
272 2203 426 2239 Εὐκαίρως,
442 2203 582 2238 ἀκαίρως·
601 2201 720 2236 ἱλεγξον,
738 2201 914 2236 ἐπιτίμησον,
931 2209 984 2228 πα-

1076 2218 1086 2234 (
1109 2207 1282 2243 Opportune,
1298 2206 1461 2242 importune
1480 2213 1595 2241 :argue,
1612 2205 1734 2241 increpa,
1746 2205 1825 2233 obse-

201 2249 351 2285 ρακάλεσον
369 2248 399 2276 ὲν
416 2249 489 2284 πάσῃ
513 2246 688 2283 μακροθυμίᾳ
705 2248 751 2273 καὶ
764 2245 869 2281 διδαχῇ.
887 2246 986 2273 Ἔσται

201 2295 256 2330 γὰρ
271 2295 377 2331 καιρὸς,
404 2295 448 2321 ὅτε
471 2294 521 2329 τῆς
544 2292 721 2328 ὑγιαινούσης
743 2291 920 2323 διδασκαλίας
937 2292 988 2319 οὐκ

200 2342 350 2375 ἀνέξονται.
365 2341 434 2369 ἀλλὰ
452 2341 523 2368 κατὰ
539 2341 588 2372 τὰς
602 2339 752 2374 ἐπιθυμίας
769 2338 820 2370 τὰς
839 2338 907 2371 ιδίας
926 2339 988 2366 ἑαυο

200 2389 257 2420 τοῖς
274 2388 491 2423 ἑπισωρεύσουσι
513 2386 701 2419 διδασκάλους,
725 2394 735 2411 ι

235 2434 394 2466 Τουτέστιν,
409 2433 456 2468 Μὴ
469 2433 515 2468 ἐχε
531 2431 735 2468 κεχωρισμένον
751 2430 862 2467 καιρόν·
880 2431 924 2458 ἀεί
946 2439 988 2458 σοι

201 2479 272 2505 ἔστω
296 2478 401 2512 καιρδς,
427 2478 472 2513 Μὴ
494 2479 524 2504 ἐν
538 2479 643 2514 εἰρήνῃ,
668 2477 734 2513 μηδὲ
759 2477 788 2504 ὲν
809 2476 925 2513 εὐθυμία
938 2477 987 2510 ὢν,

204 2522 273 2558 μηδὲ
287 2522 316 2548 ὲν
340 2521 487 2558 Ἐκκλησία
503 2522 658 2557 καθήμενος
679 2522 759 2557 μόνον
781 2521 901 2558 διδάξῃς,
919 2522 947 2549 ὲν
959 2521 988 2549 δὲ

202 2569 259 2599 τοῖς
276 2567 409 2599 κινδύνοις
425 2568 601 2604 περισταλῇς.
617 2568 684 2596 ἀλλὰ
698 2567 751 2595 κᾶν
767 2568 796 2594 ὲν
810 2567 988 2604 δεσμωτηρίῳ

202 2609 247 2648 ᾖς,
265 2611 318 2638 κᾶν
333 2610 426 2638 ἅλυσιν
450 2612 651 2647 περικείμενος,
670 2611 708 2647 μὴ
727 2611 818 2648 παύσῃ
841 2612 888 2639 τοῦ
904 2612 989 2648 κηρύ-

202 2665 320 2693 γματος.

173 2693 202 2736 (λ
241 2711 250 2728 ι
271 2702 440 2738 Κνηθὸμενοι
452 2701 500 2737 τὴν
513 2702 608 2737 ἀκοὴν,
618 2702 664 2728 καὶ
675 2702 730 2729 ἀπὸ
742 2703 790 2737 μὲν
801 2704 851 2738 τῆς
862 2703 989 2738 ἀληθείας

202 2749 252 2785 τὴν
267 2749 352 2785 ἀκοὴν
363 2747 589 2783 ἀποστρέψουσιν,
604 2748 651 2773 ἐπὶ
661 2747 688 2774 δὲ
699 2749 761 2778 τοὺς
777 2748 878 2782 μύθους
891 2750 989 2784 ἐκτρα-

203 2796 346 2831 πήσονται.
364 2795 400 2822 Σὺ
415 2795 444 2822 δὲ
461 2794 529 2829 νῆφε
547 2794 577 2819 ἓν
591 2794 669 2824 πᾶσι,
687 2794 890 2828 κακοπάοησον,
909 2796 988 2830 ἔργον

203 2838 316 2874 ποίησον
330 2838 534 2875 εὐαγγελιστοῦ,
554 2838 602 2873 τὴν
618 2837 756 2865 διακονίαν
781 2847 827 2866 σου
852 2840 985 2876 nim.er-

1037 2261 1084 2282 cra
1106 2253 1134 2280 in
1153 2252 1229 2280 omni
1253 2251 1388 2288 patientia
1416 2255 1445 2279 et
1470 2250 1596 2279 doctrina
1610 2246 1710 2285 [Vnns.
1731 2250 1758 2282 5,
1784 2247 1828 2284 1.]

1037 2299 1098 2327 Erit
1125 2298 1199 2327 enim
1228 2303 1340 2333 tempus
1366 2305 1430 2326 cum
1458 2304 1555 2325 sanam
1586 2296 1743 2325 doctrinam
1768 2303 1824 2323 non

1037 2343 1227 2377 sustinebunt,
1254 2342 1302 2371 sed
1331 2342 1365 2370 ad
1386 2349 1437 2370 sua
1460 2341 1601 2370 desideria
1625 2340 1826 2369 coacervabunt

1038 2390 1091 2418 sibi
1107 2389 1267 2425 magistros,
1288 2398 1298 2414 ι

1075 2435 1133 2463 [loc
1150 2439 1203 2467 est,
1217 2433 1329 2462 Nullum
1351 2437 1462 2469 tempus
1482 2433 1624 2461 deﬁnitum
1640 2432 1710 2460 habe
1728 2440 1735 2458 :
1753 2439 1825 2459 sem-

1039 2489 1088 2517 per
1103 2481 1153 2508 tilti
1168 2485 1277 2515 tempus
1290 2481 1373 2513 adsit,
1395 2484 1425 2508 ut
1449 2487 1504 2507 non
1528 2478 1610 2506 modo
1632 2479 1659 2506 in
1676 2484 1754 2513 pace.
1777 2481 1826 2504 aut

1039 2527 1150 2562 quando
1175 2527 1248 2554 bono
1271 2534 1302 2554 es
1326 2526 1432 2558 animo,
1460 2529 1508 2552 aut
1532 2524 1643 2560 quando
1659 2524 1686 2550 in
1701 2522 1826 2549 Ecclesia

1039 2573 1174 2604 versaris.
1189 2576 1255 2600 tunc
1273 2571 1364 2600 solum
1379 2571 1497 2605 doceas;
1513 2570 1634 2605 dumque
1653 2567 1774 2604 pericula
1785 2568 1826 2594 in-

1039 2621 1152 2654 gruunt,
1174 2617 1294 2646 desistas
1317 2627 1324 2645 :
1346 2617 1396 2645 sed
1420 2617 1478 2645 sive
1497 2623 1610 2644 carcere
1631 2615 1757 2642 inclusus
1775 2613 1827 2646 sis,

1041 2665 1098 2692 sive
1113 2669 1210 2691 catena
1223 2664 1343 2696 vinctus,
1362 2670 1418 2690 non
1435 2670 1528 2691 cesses
1547 2669 1562 2689 a
1580 2661 1789 2696 praedicatione.

1078 2719 1087 2736 ι
1105 2710 1267 2738 Prurientes
1288 2710 1425 2741 auditum,
1442 2714 1468 2738 et
1483 2717 1499 2736 a
1514 2708 1630 2736 veritate
1650 2706 1761 2742 quidem
1775 2713 1824 2733 au-

1040 2756 1128 2784 ditum
1153 2760 1288 2788 avertcnt,
1317 2756 1350 2783 ad
1376 2755 1484 2784 fabulas
1501 2759 1593 2783 autem
1618 2756 1826 2782 converlentur.

1041 2801 1136 2837 [Vnns.
1165 2802 1192 2834 5,
1220 2801 1258 2837 6.)
1285 2801 1325 2829 Tu
1346 2809 1410 2828 vero
1424 2801 1517 2836 vigila,
1533 2800 1563 2828 in
1577 2799 1707 2827 omnibus
1719 2797 1829 2830 labora,

1041 2855 1109 2880 opus
1129 2847 1172 2875 (ac
1199 2848 1384 2882 evangelista),
1417 2847 1600 2876 ministerium
1631 2850 1710 2873 tuum
1732 2842 1824 2878 imple.
