2080 3111
251 123 320 157 1023

845 123 875 155 S.
894 124 1054 155 IOANNIS
1072 124 1288 156 DAMASCENI

1821 123 1889 157 1024

253 181 311 217 Ego
329 181 403 209 enim
424 181 481 217 jam
497 180 580 214 libor,
599 184 627 208 et
647 182 758 217 tempus
773 179 955 209 resolutionis
973 187 1062 212 meae.

1110 189 1188 215 ησον.
1211 181 1282 215 Ἐγὼ
1296 181 1352 216 γὰρ
1375 180 1424 216 ἤδη
1452 180 1613 216 σπένδομαι,
1628 179 1676 208 καὶ
1694 181 1709 208 6
1724 181 1821 218 καιρὸς
1836 182 1887 218 τῆς

253 227 351 256 instat.
367 237 377 254 ι

291 273 348 301 Hoc
362 277 414 304 est,
433 273 604 301 obiectantes
622 272 759 301 auditum.

290 319 374 347 Vens.
397 318 455 347 7-9.
487 328 496 345 ι
515 318 621 346 Bonum
639 322 782 347 certamen
799 318 917 353 certavi,
931 326 1044 347 cursum

256 365 458 396 consummavi,
487 365 569 392 tidem
594 365 713 393 servavi.
738 365 776 393 De
799 366 906 401 reliquo
926 365 1047 400 reposita

256 414 298 438 est
311 408 378 436 mihi
398 417 501 437 corona
519 409 646 444 justitise,
662 417 744 445 quam
758 410 855 438 reddet
869 409 936 437 mihi
956 410 1048 437 Domi-

258 465 311 485 nus
322 457 350 484 in
363 457 409 484 illa
424 456 469 484 die
479 457 676 492 justusjudex.
688 456 748 484 Non
760 456 849 485 solum
859 461 950 484 autem
967 457 1047 489 mihi,

259 502 308 531 sed
326 507 352 530 et
379 503 413 530 iis
427 503 474 538 qui
493 502 610 538 diligunt
631 503 778 531 adventum
797 503 868 538 ejus.
887 503 999 531 Festina
1014 502 1049 530 ad

260 556 304 577 me
321 550 415 577 venire
434 550 501 578 cito.
514 549 614 578 Demas
630 549 704 577 enim
724 557 768 578 me
785 549 908 585 reliquit,
927 558 937 576 ι

297 636 431 672 Discipuli
454 644 602 666 mcerorem
631 638 715 666 solari
745 638 832 675 cupit,
857 638 931 667 bono
956 639 1051 667 animo

261 688 324 709 esse
352 682 473 716 jubens;
490 682 622 718 quoniam
646 683 681 710 ad
695 690 826 712 coronam
845 683 976 712 omnibus
997 684 1052 713 rite

262 727 384 762 peractis
406 727 465 762 ipse
485 728 629 764 pergebat.
644 727 743 757 Latari
762 728 852 765 juvat,
871 730 974 766 inquit,
994 738 1052 759 non

262 772 366 801 dolere.

305 825 315 842 ι
330 817 451 856 Diligens
473 819 526 848 hoc
551 820 700 856 saeculum,
725 825 753 850 et
774 821 843 850 abiit
872 821 1052 851 Thessaloni-

264 871 336 893 cam.
358 874 368 891 ι

302 909 330 938 Id
346 914 400 943 est,
421 912 545 947 requiem
559 916 587 940 et
601 912 726 942 delicias.
1048 939 1054 953 κ

302 956 386 986 Vsus.
403 958 499 987 l0-l2.
525 968 535 985 ι
549 958 682 988 Crescens
705 959 734 988 in
755 959 908 995 Galatiam;
928 960 1008 990 Titus
1024 961 1054 990 in

267 1002 450 1037 Dalmatiam;
477 1003 569 1032 Lucas
598 1007 642 1032 est
674 1012 784 1033 mecum
809 1005 898 1034 solus.
929 1005 1054 1034 Marcum

267 1057 397 1082 assume,
420 1055 448 1078 et
474 1050 565 1078 adduc
579 1054 689 1085 tecum;
714 1055 760 1088 est
783 1052 857 1080 enim
882 1052 952 1080 mihi
977 1052 1055 1081 utilis

266 1097 296 1124 in
328 1095 524 1124 ministerium.
552 1096 708 1133 Tychicum
747 1101 839 1127 autem
872 1098 936 1127 misi
967 1097 1057 1134 Ephe-

267 1149 340 1170 sum.
365 1151 376 1168 1

304 1186 361 1215 Hos
380 1195 436 1216 non
458 1192 556 1223 taxat;
576 1189 681 1226 quippe
698 1189 747 1226 qui
770 1189 976 1226 pradicationis
989 1196 1058 1226 ergo

270 1233 346 1263 missi
361 1239 450 1271 erant.

306 1279 388 1308 Vsus.
401 1281 494 1309 l3—l5.
504 1281 586 1317 27o
597 1291 607 1308 ι
620 1281 752 1310 Penulam
762 1287 854 1310 autem
865 1289 948 1318 quam
956 1281 1058 1318 reliqui

270 1325 378 1354 Troade
386 1327 458 1362 apud
467 1327 598 1364 Carpum,
613 1327 680 1356 affer
694 1331 798 1360 tecum,
811 1332 840 1356 et
860 1327 960 1361 libros,
970 1328 1060 1356 maxi-

269 1372 526 1414 me..membranas.
551 1372 709 1401 Alexander
733 1373 849 1402 aerarius
872 1373 959 1401 multa
985 1373 1059 1402 mala

270 1415 339 1444 mibi
348 1417 478 1445 ostendit.
494 1417 600 1445 Reddat
610 1418 649 1445 illi
662 1416 796 1447 Dominus
807 1418 960 1447 secundum
975 1426 1060 1454 opera

271 1464 333 1498 ejus
349 1471 357 1490 :
371 1470 454 1499 quem
475 1467 506 1492 et
519 1467 549 1492 tu
568 1464 675 1495 devita:
694 1464 778 1492 valde
792 1465 867 1493 enim
881 1464 986 1494 restitit
997 1471 1060 1494 ver-

272 1507 316 1537 bis
332 1509 445 1538 nostris.
467 1519 478 1536 ι

307 1554 404 1584 Petam
419 1555 498 1588 dicit,
509 1556 538 1584 in
552 1563 607 1592 qua
621 1556 709 1585 libros
721 1560 749 1585 et
757 1556 869 1585 chartas
887 1557 1058 1586 asservabat.

272 1601 327 1631 libi
346 1610 398 1632 nos
420 1603 503 1632 docet
530 1607 561 1632 ut
576 1604 610 1633 ad
630 1608 783 1632 extremum
805 1611 894 1639 usque
917 1604 1059 1640 spiritum,

272 1647 424 1682 quamlibet
441 1649 561 1677 vinculis
580 1649 765 1684 detineamur,
783 1649 876 1678 divina
900 1650 1009 1686 eloquia
1021 1650 1062 1678 in-

273 1692 433 1721 desinenter
445 1694 621 1733 meditemur.

309 1737 454 1766 Judaicum
468 1738 537 1767 dicit
554 1740 728 1768 involucrum
743 1741 828 1778 legis.

312 1782 396 1812 Vens.
412 1785 457 1819 16,
472 1785 516 1813 17.
541 1794 551 1812 ι
574 1785 604 1813 1η
622 1786 710 1822 prima
724 1794 787 1815 mea
801 1786 967 1816 defensione
981 1794 1063 1816 nemo

274 1830 343 1858 mihi
359 1830 458 1863 adfuit,
478 1830 527 1860 sed
541 1839 638 1860 omnes
654 1840 698 1860 me
711 1832 918 1868 dereliquerunt
933 1842 941 1861 :
957 1840 1013 1861 non
1028 1833 1063 1860 il-

275 1877 311 1906 lis
328 1877 489 1912 imputetur.
510 1877 644 1906 Dominus
659 1882 751 1906 autem
764 1878 832 1906 mihi
845 1879 945 1913 astitit,
957 1884 984 1908 et
996 1887 1065 1908 con—

276 1923 389 1950 fortavit
408 1930 464 1951 me.
486 1932 497 1950 ι

309 1967 370 1996 1am
385 1969 460 1997 enim
477 1969 563 2003 semel
585 1969 614 1997 in
632 1969 680 2006 jus
694 1973 809 1999 venerat
829 1977 923 1999 coram
944 1970 1063 2006 Nerone,

276 2018 306 2043 et
322 2014 452 2044 immunis
468 2021 605 2044 evaserat.

315 2069 326 2087 ι
349 2059 386 2088 Ut
403 2068 452 2096 per
475 2069 519 2090 me
538 2061 700 2096 praedicatio
721 2062 879 2098 impleatur,
902 2066 931 2091 et
951 2056 1067 2092 audiant

277 2114 375 2135 omnes
394 2112 491 2143 gentes
510 2115 518 2135 :
533 2112 561 2136 et
575 2108 711 2136 liberatus
726 2116 788 2137 sum
800 2108 835 2137 de
850 2116 899 2137 ore
913 2109 1013 2138 leonis.
1035 2119 1045 2137 ι

316 2194 352 2223 Ut
368 2196 514 2224 manifesta
532 2196 580 2224 ﬂat
599 2196 730 2224 omnibus
752 2197 957 2232 pmdicationis
972 2201 1067 2226 osten-
1081 2187 1105 2215 υ

280 2241 334 2269 sio.
351 2239 446 2276 Neque
469 2248 535 2269 vero
547 2241 600 2269 hoc
621 2242 661 2269 ait
674 2245 705 2270 ut
725 2249 755 2270 se
771 2242 883 2277 dignum
905 2243 1003 2277 iactet,
1019 2243 1067 2272 sed

280 2290 395 2322 propter
420 2286 661 2321 praedicationem;
687 2294 720 2315 ac
741 2288 765 2315 si
791 2288 856 2323 quis
869 2295 1022 2324 purpuram
1041 2292 1069 2317 et

280 2332 409 2360 diadema
424 2336 548 2367 gestans,
564 2340 614 2368 per
625 2333 688 2360 hac
705 2337 840 2362 servetur.

316 2376 429 2404 Leonem
443 2377 561 2413 appellat
571 2377 718 2406 Neronem.

318 2423 403 2451 Vens.
427 2423 521 2451 18-21.
545 2432 556 2450 ι
576 2423 609 2451 Et
621 2423 750 2452 liberabit
760 2432 804 2452 me
818 2424 952 2453 Dominus
965 2425 1000 2453 ab
1010 2432 1070 2453 om-

281 2472 311 2500 ni
333 2479 416 2507 opere
441 2471 525 2504 malo,
544 2475 573 2499 et
593 2471 699 2499 salvum
714 2470 798 2499 faciet
815 2472 842 2499 in
857 2480 971 2508 regnum
989 2480 1070 2500 suum

282 2518 410 2551 cmleste;
430 2517 475 2544 cui
495 2517 583 2552 gloria
605 2517 634 2545 in
654 2518 757 2545 saecula
775 2518 952 2546 saeculorum.
971 2519 1069 2547 Amen.

284 2564 408 2592 Salutate
423 2562 546 2591 Priscam
570 2568 597 2591 et
619 2563 759 2599 Aquilam,
783 2568 811 2592 et
832 2564 998 2600 Onesiphori
1024 2565 1070 2594 do-

283 2618 370 2638 mum.
391 2608 508 2638 Erastus
520 2609 654 2637 remansit
669 2609 806 2637 Corinthi.
823 2609 1004 2646 Trophimum
1021 2618 1072 2638 au-

1094 225 1166 261 ἐμῆς
1182 225 1340 257 ἀναλύσεως
1355 226 1517 262 ἐφέστηκεν.
1539 235 1549 252 ι

1130 272 1273 305 Τουτέστι,
1289 272 1453 307 τερπόμενοι
1470 271 1520 307 τὴν
1535 271 1631 307 ἀκοήν.

1135 327 1144 343 ι
1169 318 1222 345 Τὸν
1243 317 1338 352 ἀγῶνα
1359 318 1406 345 τὸν
1431 318 1512 345 καλὸν
1526 317 1696 353 ¹ὴγώνισμαι,
1720 317 1767 345 τδν
1786 318 1890 355 δρόμον

1095 363 1236 397 τετέλεκα,
1256 363 1306 399 τὴν
1328 363 1419 391 πίστιν
1441 364 1593 399 τετήρηκα.
1618 364 1719 392 Λοιπὸν
1741 364 1890 392 ἀπόκειταί

1099 418 1145 445 μοι
1160 411 1174 436 6
1187 410 1237 445 τῆς
1253 409 1428 445 δικαιοσύνης
1452 410 1593 444 στέφανος.
1608 409 1638 436 δν
1652 410 1788 437 ἀποδώσει
1813 419 1860 446 μοι
1874 411 1891 437 6

1098 455 1201 492 Κύριος
1216 455 1245 482 ὲν
1261 455 1355 492 ἐκείνῃ
1371 456 1404 490 τῇ
1420 455 1512 491 ἡμέρᾳ
1524 455 1538 482 6
1548 455 1652 488 δίκαιος
1666 456 1772 491 κριτής.
1789 456 1827 483 οὐ
1841 456 1892 491 μό-

1099 509 1144 527 νον
1159 500 1188 527 es
1202 500 1273 535 ἐμοὶ.
1286 499 1355 527 ἀλλὰ
1369 499 1417 527 καὶ
1433 501 1501 527 πᾶσι
1515 502 1570 532 τοῖς
1596 501 1752 537 ἠγαπηκόσι
1768 502 1819 538 τὴν
1830 502 1893 529 ἑπι-

1100 546 1215 582 φάνειαν
1236 545 1321 573 αὐτοῦ
1353 545 1510 574 Σπούδασον
1526 546 1615 574 ἐλθεῖν
1630 547 1699 583 πρός
1721 555 1756 583 με
1771 548 1890 583 ταχέως.

1099 593 1196 628 Δημᾶς
1209 593 1263 628 γάρ
1281 600 1315 628 με
1336 591 1528 626 ἐγκατέλιπεν,
1553 601 1563 619 ι

1135 639 1191 675 Τὴν
1210 638 1332 674 ἀθυμίαν
1356 639 1610 674 παραμυθήσασθαι
1625 639 1750 675 βούλεται
1765 638 1814 666 τοῦ
1839 648 1893 676 μα-

1101 684 1196 720 θητοῦ,
1211 684 1324 720 θαρῤιίν
1337 684 1468 718 κελεύων.
1482 684 1522 717 ὡς
1543 685 1589 712 sui.
1607 685 1739 721 στέφανον
1764 686 1894 718 ἀπιόντος

1101 729 1195 764 αὐτοῦ,
1208 731 1246 763 ὡς
1260 729 1350 758 πάντα
1360 729 1541 764 τετελεκάιος,
1552 730 1678 767 Χαίρειν,
1692 731 1771 768 φησὶ,
1782 731 1832 764 δεῖ,
1841 731 1894 758 οὐκ

1101 776 1212 812 ἀλγεῖν..

1120 822 1304 859 (Ἆγαπήσας
1317 822 1363 850 τὸν
1376 821 1425 850 νῦν
1440 822 1537 857 αἰῶνα,
1554 822 1602 850 καὶ
1615 822 1753 858 ιπορσύθη
1769 822 1811 855 είς
1823 822 1894 850 Θισ-

1104 867 1259 903 σαλονίκην.
1287 876 1297 894 ι

1140 914 1296 948 Τουτιστιν,
1312 914 1362 951 τὴν
1374 915 1478 949 ἄνεσιν,
1500 916 1549 944 καὶ
1561 915 1612 951 τὴν
1624 915 1742 952 τρυφήν.

1141 969 1152 986 ι
1174 960 1300 996 Κρίσκης
1324 961 1365 993 εἰς
1387 961 1532 995 Γαλατίαν,
1553 962 1633 994 Τίτος
1654 963 1695 995 εἰς
1719 962 1894 999 Δαλματίαν·

1104 1006 1213 1039 Λουκᾶς
1235 1006 1294 1033 Iovi
1319 1007 1399 1042 μόνος
1420 1006 1480 1043 μετ’
1497 1007 1577 1043 ιμοῦ.
1601 1008 1715 1045 Μάρκον
1739 1008 1895 1042 ἀναλαϐὼν,

1104 1052 1194 1088 άγαγε
1220 1051 1290 1088 μιτὰ
1312 1052 1432 1080 σαυτοῦ⁶
1457 1053 1515 1081 ἐστι
1536 1053 1592 1091 γάρ
1616 1062 1663 1090 μοι
1685 1054 1836 1091 εὔχρηστος
1855 1055 1897 1088 είς

1105 1099 1256 1127 διακονίαν.
1272 1098 1391 1135 Τυχιιιδν
1406 1099 1434 1127 δὲ
1456 1100 1604 1128 ἀπέστειλα
1619 1101 1661 1134 si;
1676 1101 1802 1137 Ἔφεσον.
1829 1110 1840 1129 ι

1141 1187 1262 1220 Τοὺτους
1274 1187 1306 1215 οὐ
1321 1187 1478 1224 μέμφιταν
1498 1187 1543 1216 διὰ
1562 1187 1594 1216 τὸ
1614 1188 1747 1225 κήρυγμα
1759 1188 1814 1224 γὰρ
1825 1186 1898 1226 ἦσαν

1107 1233 1322 1270 ἀπεσταλμένοι.

1145 1288 1157 1306 ι
1179 1279 1232 1307 Τὸν
1254 1279 1284 1306 δι
1305 1279 1430 1315 φιλόνην,
1444 1279 1475 1307 δν
1487 1280 1623 1309 ἀπέλιπον
1644 1281 1674 1309 ιν
1695 1280 1803 1316 Τρωάδι
1819 1280 1898 1317 παρὰ

1107 1325 1227 1361 Κάρπῳ,
1237 1325 1385 1361 ιρχόμινος
1398 1326 1475 1361 φέρε,
1491 1325 1586 1353 καὶτὰ
1601 1325 1703 1362 βιϐλία,
1718 1325 1836 1362 μάλιστα
1844 1325 1898 1358 τὰς

1110 1371 1281 1409 μεμϐράνας.
1300 1371 1475 1408 Ἀλέξανδρος
1488 1373 1504 1400 6
1518 1372 1638 1408 χαλκεὺς
1657 1372 1745 1404 πολλά
1765 1381 1810 1409 μοι
1823 1372 1900 1400 κακὰ

1109 1417 1270 1450 ἐνεδείξατο.
1300 1416 1424 1453 ’Δποδῴη
1441 1417 1517 1453 αὐτῷ
1539 1417 1555 1444 6
1570 1417 1673 1453 Κύριος
1688 1417 1759 1445 κατὰ
1772 1417 1808 1445 τὰ
1829 1418 1901 1454 ἔργα

1109 1463 1192 1491 αὐτοῦ
1203 1472 1210 1479 -
1223 1463 1253 1490 δν
1269 1463 1318 1491 καὶ
1329 1463 1362 1491 σὺ
1371 1463 1520 1499 φυλάσσω.
1535 1464 1606 1492 Δίαν
1615 1464 1670 1501 γὰρ
1680 1464 1832 1501 άνθέστηκε
1842 1465 1901 1497 τοῖς

1071 1517 1095 1548 ο
1110 1509 1258 1546 ἡμετέροις
1274 1509 1377 1544 λόγοις.
1397 1518 1408 1536 ι

1145 1554 1341 1590 Γλωσσόκομον
1355 1553 1419 1581 ἔνθα
1434 1550 1508 1591 εἶχεν
1521 1554 1572 1587 τὰς
1587 1554 1696 1591 βίϐλους
1711 1555 1759 1582 καὶ
1778 1554 1814 1582 τὰ
1830 1563 1901 1592 χαρ-

1110 1598 1166 1626 τία.
1195 1598 1321 1626 Διδάσκει
1347 1599 1422 1634 ἡμᾶς
1446 1599 1484 1631 ὼς
1510 1599 1575 1634 ἄχρι
1605 1598 1723 1635 ὶσχάτης
1749 1600 1901 1636 ἀναπνοῆς,

1110 1643 1162 1671 κᾶν
1180 1644 1210 1671 δν
1222 1644 1333 1680 δεσμοῖς
1346 1641 1432 1680 ὦμεν,
1449 1644 1504 1672 τῶν
1517 1644 1598 1672 θείων
1610 1644 1709 1680 λογίων
1726 1646 1775 1673 οὐκ
1789 1645 1902 1682 ἀμελεῖν

1111 1689 1161 1718 δεῖ.

1153 1735 1296 1764 Ἰουδαϊκὸν
1318 1737 1476 1773 ἱλαστήριον
1492 1737 1548 1773 (l3)
1562 1738 1609 1766 τοῦ
1624 1739 1707 1774 νόμου
1724 1738 1808 1774 λέγει.

1150 1791 1160 1809 ι
1189 1782 1234 1810 Ἑν
1247 1785 1282 1820 τῇ
1294 1783 1390 1820 πρώτῃ
1405 1793 1456 1820 μου
1467 1785 1600 1822 ἀπολογίᾳ
1612 1786 1700 1818 οὐδείς
1716 1794 1762 1822 μοι
1772 1794 1902 1822 συμπαρ-

1113 1828 1233 1864 εγένετο,
1252 1830 1320 1858 ἀλλὰ
1345 1831 1449 1863 πάντες
1471 1840 1506 1867 με
1523 1832 1723 1866 ἐγκατέλιπον·
1748 1832 1786 1869 μὴ
1811 1833 1903 1865 αὐτοῖς

1113 1874 1263 1912 λογισθείη.
1282 1876 1312 1904 '0
1327 1877 1356 1904 δὲ
1370 1876 1475 1913 Κύριός
1499 1886 1545 1913 μοι
1567 1878 1701 1914 παρέστη,
1717 1878 1765 1905 καὶ
1780 1878 1905 1906 ἐνεδυνά-

1116 1922 1192 1958 μωσέ
1203 1931 1248 1958 με.
1272 1932 1281 1949 ι

1150 1967 1277 2004 Παρέστη
1291 1967 1346 2004 γάρ
1360 1968 1434 2002 ἅπαξ
1447 1967 1486 2004 τῷ
1499 1968 1618 2004 Νέρωνι,
1631 1968 1680 1996 καὶ
1692 1968 1831 2004 διέφυγεν.

1154 2065 1164 2082 ι
1187 2056 1245 2084 Ἵνα
1267 2057 1302 2083 δι’
1320 2056 1392 2092 ,ἐμοῦ
1410 2057 1442 2084 τὸ
1465 2057 1597 2093 κήρυγμα
1617 2057 1832 2093 πληροφορηθῇ,
1857 2057 1907 2085 καὶ

1116 2100 1221 2137 ἀκούσῃ
1237 2101 1326 2129 πάντα
1349 2102 1384 2129 τὰ
1399 2101 1464 2138 ἔθνη
1474 2110 1482 2117 ο
1501 2103 1547 2129 καὶ⁸
1563 2101 1702 2139 apponam.
1720 2104 1752 2130 ἐκ
1772 2103 1907 2139 στόματος

1116 2146 1234 2179 λέοντος.
1263 2157 1272 2174 ι

1154 2193 1214 2220 Ἵνα
1238 2194 1306 2220 πᾶσι
1326 2193 1477 2229 κατάδηλος
1494 2195 1608 2230 γένηται
1623 2195 1640 2230 ὴ
1659 2195 1707 2222 τοῦ
1728 2194 1909 2231 κηρύγματος

1117 2239 1273 2273 ἐπιφάνεια.
1297 2239 1354 2275 οὐχ
1369 2239 1407 2271 ὡς
1422 2239 1496 2273 ἄξιον
1510 2240 1538 2266 δὲ
1554 2241 1650 2268 ἑαυτόν
1665 2249 1758 2276 φησιν,
1775 2240 1844 2268 ἀλλὰ
1864 2240 1910 2268 διὰ

1117 2286 1149 2312 τὸ
1163 2286 1304 2322 κήρυγμα,
1327 2285 1365 2317 ὡς
1381 2285 1415 2313 ἄν
1429 2294 1472 2318 τις
1487 2287 1641 2323 πορφυρίδα
1654 2288 1701 2315 καὶ
1718 2287 1838 2323 διάδημα
1859 2287 1910 2323 βα-

1120 2332 1236 2366 στάζων,
1252 2332 1286 2359 δι⁹
1300 2332 1371 2359 αὐτὰ
1387 2332 1515 2364 ἐσώζετο.

1155 2378 1281 2411 Λέοντα,
1300 2377 1346 2405 τὸν
1360 2377 1477 2413 Νέρωνα
1489 2377 1574 2413 λέγει.

1159 2434 1169 2450 ‹
1191 2425 1246 2452 Καὶ
1261 2423 1374 2460 ῥύσεταί
1390 2432 1424 2460 με
1447 2424 1551 2460 Κύριος
1567 2425 1622 2452 ἀπὸ
1642 2424 1742 2456 παντὸς
1755 2424 1838 2460 ἔργου
1859 2432 1911 2451 πο-

1121 2470 1216 2506 νηροῦ,
1233 2470 1279 2497 καὶ
1293 2470 1376 2496 σώσει
1391 2470 1431 2501 είς
1443 2469 1493 2505 τὴν
1516 2469 1655 2505 βασιλείαν
1669 2469 1752 2497 αὑτοῦ
1764 2469 1814 2504 τὴν
1830 2470 1913 2496 ἐπου-

1123 2516 1233 2552 ράνιον·
1257 2512 1280 2550 ᾧ
1302 2517 1319 2551 ἡ
1345 2515 1409 2548 δόξα
1434 2516 1474 2547 είς
1499 2516 1563 2548 τοὺς
1589 2516 1691 2548 αίῶνας
1718 2515 1773 2542 τῶν
1793 2514 1912 2542 αἰώνων.

1129 2563 1227 2599 Ἀμήν.
1250 2561 1424 2590 Ἀσπάσασθε
1439 2561 1562 2597 Πρίσκαν
1576 2561 1624 2589 καὶ
1644 2562 1771 2593 Ἀκύλαν,
1796 2561 1844 2588 καὶ
1866 2560 1915 2587 τὸν

1130 2609 1310 2646 Ὀνησιφόρου
1331 2608 1416 2637 οἷκον.
1443 2600 1578 2644 Ἐραστοξ
1601 2608 1708 2644 ἔμεινεν
1725 2609 1755 2636 ὲν
1775 2607 1914 2644 Κορίνθῳ.

1041 2698 1157 2727 ΝΟΤΕ.

321 2772 462 2809 (l3)_Lego
490 2773 613 2809 ἔλυτρον,
630 2773 806 2805 innatuerunt,
823 2780 872 2809 seu
894 2777 1073 2809 tegumentum

288 2806 437 2843 voluminis
452 2809 519 2843 legis
535 2817 541 2835 :
558 2806 607 2835 ’Ἐν
621 2808 737 2843 εῐλητοίς
752 2808 806 2842 γὰρ
827 2806 899 2843 εἶχον
910 2806 941 2834 τὸ
956 2807 1072 2843 ῖιαλαιδν

288 2841 339 2874 τὰς
352 2841 428 2873 θείας
442 2841 564 2876 Γραφάς,
589 2841 680 2878 inquit
697 2841 897 2871 Theodoretus.
924 2852 934 2869 ο
960 2842 1070 2870 Divinas

1126 2770 1262 2806 siquidem
1275 2769 1484 2806 Scripturasin
1496 2766 1649 2796 involucris
1660 2764 1808 2806 servabant
1826 2761 1916 2806 olim;

1125 2797 1281 2847 apiisiidai
1295 2797 1378 2833 etiam
1399 2804 1432 2833 ad
1443 2804 1516 2832 hunc
1527 2809 1637 2839 quoque
1653 2801 1726 2829 diem
1747 2799 1833 2828 Judaei
1854 2797 1918 2835 plu-

1123 2849 1193 2870 rima
1211 2841 1321 2870 habent.
1345 2850 1354 2867 ι
