2080 3111
215 124 285 157 1029

737 123 777 153 ΙΝ
798 123 919 153 EPIST.
940 123 990 152 AD
1006 123 1270 156 PHILEMONEM.

1777 125 1845 157 1030
1863 123 1865 125 ’

238 182 285 209 ’Ei
302 182 356 218 γὰρ
374 181 520 218 συμὸαίνει
539 182 656 216 γυναῖκα
680 180 780 215 πιστὴν
796 179 905 214 ἀπίστῳ
925 188 1002 206 συνοιι

1097 181 1164 208 Nam
1176 182 1199 209 si
1227 183 1364 220 contingit
1382 189 1411 212 ιιι
1427 193 1497 214 uxor
1513 186 1611 218 ﬁdelis,
1627 192 1689 221 qua!
1704 191 1767 211 cum
1786 186 1844 210 vim

214 227 326 260 κοῦσαν,
343 228 382 263 μὴ
396 225 465 255 εἶναι
475 227 614 263 ἐνάρετον,
629 227 645 262 ή
659 226 818 262 βλασφημία
827 225 873 252 ἐπὶ
883 225 929 252 τὸν
939 225 1005 252 Θεὸν

213 274 362 301 διαϐαίνειν
377 273 482 301 εἴωθεν.

251 328 261 345 ι
282 320 332 351 '0;
352 319 453 346 ἔδωκεν
475 319 572 346 ἑαυτὸν
587 319 657 354 ὑπὲρ
674 318 762 354 ἡμῶν,
775 318 820 345 ἴνα
831 317 1004 353 λυτρώσηται

215 365 287 401 ὑμᾶς
299 366 354 393 ἀπὸ
368 366 460 401 πάσης
474 365 603 400 ἀνομίας,
615 365 662 392 καὶ
681 365 820 401 καθαρίσῃ
836 364 926 399 ἐαυτῷ
939 364 1004 391 λαὸν

214 411 383 446 περιούσιον,
404 409 530 447 ζηλωτὴν
557 410 649 438 καλῶν
676 411 775 447 ἓργων.
799 410 892 437 Ταῦτα
917 409 1003 442 λάλει,

215 456 263 484 καὶ
286 457 453 492 παρακάλει,
473 457 520 484 καὶ
544 457 639 493 ἔλεγχε
666 457 734 493 μετὰ
754 456 846 491 πάσης
856 456 1002 491 ἐπιταγῆς.

214 503 319 538 Μηδείς
335 511 383 530 σου
400 503 612 539 περιφρονείτω.
633 513 641 529 ι

532 549 658 576 ΚΕΦΔΛ.
676 549 713 576 Γ’.

253 605 262 621 ι
280 594 489 630 Ὑπομίμνησκε
505 595 603 628 αὐτοὺς
613 595 720 631 ἀρχαῖς,
736 595 784 622 καὶ
794 595 929 628 ἐξουσίαις
941 595 1004 622 ὑπο-

214 640 373 672 τάσσεσθαι,
385 639 557 676 πειθαρχεῖν,
572 640 641 675 πρδς
653 641 707 667 πᾶν
721 640 802 676 ἔργον
814 640 917 675 ἀγαθὸν
931 640 1002 668 ἑτοί-

216 694 282 720 μους
299 684 380 718 εἶναι,
398 685 499 720 μηδένα
511 685 692 721 βλασφημεῖν,
704 686 830 722 ἀμάχους
842 685 922 720 εἶναι,
938 687 1001 713 ἐπι-

213 733 307 763 εικείς,
333 732 424 758 πᾶσαν
441 731 664 766 ἐνδεικνυμένους
679 731 822 767 πραότητα
848 731 917 767 πρὸς
934 731 1003 759 πάν-

213 786 263 809 τας
275 776 448 812 ἀνθρώπους.
468 775 561 812 Ἶίμεν
576 777 631 812 γάρ
644 785 710 804 ποτε
719 777 768 804 κα)⁸
783 778 866 813 ἡμεῖς
879 777 1001 813 ἀνόητοι,

214 822 348 856 ἀπειθεῖς,
371 821 556 858 πλανώμενοι,
580 822 755 855 δουλεύοντες
775 823 936 860 ἐπιθυμίαις
954 824 1002 851 καὶ

1062 225 1163 254 inﬁdeli
1181 228 1297 261 habitat,
1313 230 1409 257 virtuti
1427 239 1480 259 non
1496 233 1541 260 det
1554 239 1682 266 operam.
1704 231 1846 257 obtrecta~

1060 271 1097 298 tio
1109 277 1136 300 et
1152 272 1322 308 blasphemia
1338 276 1364 302 in
1379 276 1463 304 Deum
1481 277 1568 312 ipsum
1583 276 1739 305 redundare
1754 276 1835 303 solet.

1096 317 1178 346 Vens.
1197 320 1291 353 14,15.
1311 330 1321 346 ι
1339 321 1392 354 Qui
1408 323 1482 350 dedit
1499 324 1677 358 semetipsum
1692 330 1742 358 pro
1755 322 1847 355 nobis,

1058 367 1088 390 ut
1105 364 1254 392 redimeret
1272 373 1323 393 nos
1339 366 1374 393 ab
1388 368 1463 394 omni
1477 367 1633 402 iniquitate,
1651 374 1678 396 et
1694 368 1843 396 tnundaret

1058 409 1109 437 sibi
1134 410 1265 446 populum
1285 412 1495 446 acceptabilem,
1519 418 1684 441 sectatorem
1708 413 1847 441 bonorum

1056 463 1182 490 operum.
1200 456 1264 485 Hatc
1278 457 1403 493 loquere,
1419 462 1446 486 et
1460 459 1620 491 exhortare,
1634 464 1660 486 ct
1676 466 1764 494 argue
1780 466 1844 487 cum

1056 504 1130 531 omni
1153 504 1281 539 imperio.
1301 504 1386 532 Nemo
1403 509 1430 532 te
1448 508 1617 533 contemnat.
1640 514 1651 530 ›
1801 516 1803 518 -

1405 551 1485 580 CAP.
1504 552 1544 580 Ill.

1092 595 1175 625 Vens.
1193 597 1269 625 l-t5.
1287 598 1426 626 «Admone
1445 598 1508 626 illos
1525 597 1698 634 principibus
1712 601 1740 625 et
1766 601 1846 632 pote-

1056 642 1177 670 statibus
1195 642 1322 671 subditos
1333 651 1407 676 esse,
1419 643 1495 672 dicto
1505 644 1629 676 obedire,
1643 643 1678 671 ad
1686 650 1768 670 omne
1775 649 1846 677 opus

1056 688 1162 716 bonum
1179 693 1292 724 paratos
1307 696 1380 723 esse,
1406 689 1546 718 neminem
1559 689 1764 725 blasphemare,
1789 695 1844 715 non

1055 733 1195 769 litigioso:
1213 741 1287 768 esse,
1304 735 1352 763 sed
1369 735 1520 769 modestos,
1535 742 1645 762 omnem
1664 734 1846 762 ostendentes

1055 780 1294 808 mansuetudinem
1310 781 1344 808 ad
1359 788 1455 809 omnes
1470 781 1607 809 homines.
1634 779 1752 807 Eramus
1765 779 1842 807 enim

1056 824 1206 860 aliquando
1220 829 1248 853 et
1265 833 1316 853 nos
1331 825 1508 862 insipientes,
1524 825 1671 858 increduli,
1698 829 1839 857 errantes,

214 869 324 904 ἡδοναῖς
342 867 488 900 ποικίλαις,
509 869 537 895 ἐν
561 868 656 904 κακίᾳ,
676 869 723 896 καὶ
748 869 838 904 φθόνῳ
852 869 1002 904 διάγοντες,

1055 870 1209 899 servientes
1234 871 1384 900 desideriis
1408 877 1437 900 et
1466 871 1659 907 voluptatibus
1684 871 1784 903 variis,
1812 871 1842 897 in

215 914 355 949 στυγητοὶ,
377 913 519 949 μισοῦντες
536 913 677 950 ἀλλήλους.
694 914 761 942 ’Ὀτε
775 914 804 942 δὲ
819 916 835 950 ἠ
850 915 1004 950 χρηστότης

214 960 262 988 καὶ
271 961 287 995 ἡ
297 959 488 994 φιλανθρωπία
501 960 625 995 ἐπεφάνη
635 959 683 987 τοῦ
695 960 823 996 Σωτῆρος
831 960 912 996 ἡμῶν
922 960 1002 994 Θεοῦ,

213 1008 264 1035 οὐκ
286 1006 317 1039 ἐξ
339 1006 428 1042 ἔργων
451 1006 505 1033 τῶν
534 1007 563 1033 ἐν
587 1006 746 1043 δικαιοσύνῃ
772 1004 809 1034 ὦν
833 1008 1004 1043 ἐποιήσαμεν

215 1053 305 1088 ἡμεῖς,
323 1052 391 1079 ἀλλὰ
411 1052 482 1079 κατὰ
497 1052 528 1078 τὸ
540 1052 638 1079 ἐαυτοῦ
655 1052 730 1085 ἕλεος
741 1052 845 1080 Εσωσεν
858 1053 943 1088 ἡμᾶς,
958 1052 1003 1081 διὰ

213 1098 326 1134 λουτροῦ
343 1098 565 1133 παλιγγενεσίας,
581 1099 629 1126 καὶ
652 1099 864 1131 ἀνακαινώσεως
877 1099 1004 1135 Πνεύμα-

213 1153 259 1176 τος
272 1144 362 1178 ἁγίου,
378 1141 408 1170 οὗ
419 1144 526 1179 ἐξέχεεν
543 1144 585 1180 ἐφ’
599 1145 673 1180 ἡμᾶς
695 1145 830 1178 πλουσίως
849 1145 894 1173 διὰ
915 1145 1003 1182 Ἰησοῦ

213 1188 332 1224 Χριστοῦ
357 1188 404 1216 τοῦ
425 1189 552 1225 Σωτῆρος
573 1190 662 1225 ἡμῶν,
684 1190 728 1217 ἴνα
750 1190 944 1223 δικαιωθέντες
967 1192 1001 1227 τῇ

213 1235 319 1262 ἐκείνου
340 1236 441 1271 χάριτι,
465 1236 631 1272 κληρονόμοι
663 1235 810 1271 γινώμεθα
831 1236 892 1263 κατ’
905 1235 1003 1264 ἐλπίδα

213 1282 287 1317 ζωῆς
312 1282 434 1310 αἰωνίου.
464 1282 564 1315 Πιστὸς
577 1283 592 1309 ὁ
611 1281 690 1317 λόγος
704 1291 711 1298 ·
732 1282 779 1310 καὶ
806 1283 871 1318 περὶ
899 1282 1003 1309 τούτων

214 1329 344 1364 βούλομαί
358 1337 388 1355 σε
405 1328 592 1364 βεϐαιοῦσθαι,
606 1329 650 1356 ἵνα
673 1328 838 1364 φροντίζωσι
852 1328 943 1355 καλῶν
953 1328 1003 1363 ἐρ-

212 1383 268 1409 γων
285 1373 467 1410 προΐστασθαι
483 1375 507 1400 οἱ
528 1373 741 1405 πεπιστευκότες
753 1373 824 1409 Θεῷ.
838 1372 931 1400 Ταῦτά
944 1373 1003 1400 ἐστι

213 1420 283 1447 καλὰ
297 1420 345 1447 καὶ
360 1419 487 1455 ὠφέλιμα
501 1421 558 1451 τοῖς
573 1419 740 1455 ἀνθρώποις.
757 1419 861 1454 Μωρὰς
876 1419 905 1446 δὲ
921 1418 1004 1454 ζητὴ-

213 1472 270 1495 σεις
281 1464 328 1491 καὶ
339 1462 530 1498 γενεαλογίας,
547 1465 596 1492 καὶ
611 1464 696 1499 ἕρεις,
711 1465 760 1491 καὶ
776 1464 866 1500 μάχας
884 1463 1003 1499 νομικὰς

212 1509 387 1544 περιίστασο.
399 1508 461 1536 Elui.
476 1510 530 1544 γὰρ
543 1509 692 1543 ἀνωφελεῖς
713 1509 761 1536 καὶ
777 1509 898 1544 μάταιοι.
917 1509 1002 1543 Αἱρε-

211 1554 286 1582 τικδν
298 1554 443 1590 ἄνθρωπον
462 1555 531 1590 μετὰ
550 1555 616 1590 μίαν
638 1555 687 1582 καὶ
707 1554 838 1589 δευτέραν
858 1553 1001 1582 νουθεσίαν
1015 1545 1035 1573 c

211 1601 357 1636 παραιτοῦ,
386 1601 465 1632 εἰδὼς
479 1601 521 1628 ὅτι
546 1600 729 1636 ἐξέστραπται
755 1601 770 1627 ό
788 1601 921 1632 τοιοῦτος,
953 1600 1002 1627 καὶ

210 1646 374 1682 ἁμαρτάνει.
391 1646 430 1673 ὢν
449 1647 692 1683 αὐτοκατάκριτος.
710 1646 793 1673 Ὅταν
810 1646 912 1682 πέμψω
937 1647 1001 1681 Ἀρ-

210 1693 297 1728 τεμᾶν
321 1692 389 1728 πρὸς
404 1692 445 1726 σὲ,
463 1693 480 1729 ἢ
498 1693 627 1728 Τυχικδν,
649 1692 803 1720 σπούδασον
828 1692 917 1720 ἐλθεῖν
932 1691 1002 1728 πρός

211 1748 246 1774 με
256 1739 297 1770 είς
311 1737 468 1766 Νικόπολιν.
485 1736 561 1765 Ἐκεῖ
575 1737 630 1774 γὰρ
642 1737 761 1773 κέκρικα
776 1737 999 1773 παραχειμάσαι.

211 1786 300 1821 Ζηνᾶν
325 1785 372 1812 τδν
390 1785 506 1820 νομικδν
531 1785 580 1812 καὶ
602 1784 724 1812 ’Δπολλὼ
748 1784 903 1815 σπουδαίως
931 1784 1000 1819 πρό-

211 1832 329 1867 πεμψον,
350 1831 396 1859 ἵνα
415 1831 500 1866 μηδὲν
519 1831 612 1864 αὐτοῖς
630 1831 722 1868 λείπῃ.
738 1830 959 1859 Μανθανέτωσαν
972 1830 1001 1857 δὲ

211 1878 258 1905 καὶ
275 1878 301 1904 oi
325 1878 458 1913 ἡμέτεροι
479 1877 571 1905 καλῶν
587 1877 676 1913 ἐργων
691 1877 875 1913 προΐστασθαι
894 1877 936 1909 ιίς
951 1876 1002 1909 τὰς

211 1923 364 1958 ἀναγκαίας
394 1923 500 1959 χρείας,
519 1924 563 1950 ἵνα
593 1924 631 1958 μὴ
654 1920 720 1951 ὦσιν
738 1924 872 1959 ἄκαρποι.
897 1922 1002 1950 Ἀσπά-

211 1969 303 2002 ζονται
319 1977 349 1996 σε
363 1970 388 1996 οἱ
407 1970 467 2004 μετ’
481 1969 548 2005 ἐμοῦ
573 1969 685 2001 πάντες.
703 1969 846 1996 ’Δσπασαι
867 1969 929 2000 τοὺς
956 1977 1001 2003 φι-

210 2015 402 2050 λοῦνταςήμᾶς
415 2015 445 2042 ἐν
456 2015 557 2043 πίστει.
576 2015 608 2042 Ἦ
617 2015 697 2051 χάρις
708 2014 778 2050 μετὰ
786 2015 897 2042 πάντων
909 2014 997 2050 ὑμῶν.

216 2060 314 2095 Ἀμήν.

210 2106 288 2141 Πρὸς
305 2107 400 2138 Τίτον,
415 2106 471 2141 τῆς
486 2105 611 2141 Κρητῶν
623 2105 793 2141 ἐκκλησίας
809 2105 928 2140 πρῶτον
935 2105 1001 2132 ἐπί-

245 2149 365 2169 σκοπον
383 2141 640 2176 χειροτονηθέντα,
657 2140 773 2176 ἐγράφη
796 2140 857 2169 ἀπὸ
870 2141 998 2168 Νικασώ

244 2177 321 2210 λεως
331 2176 388 2211 τῆς
399 2175 599 2209 Μακεδονίας.
612 2176 727 2210 Στίχων
742 2175 794 2209 ιιςι.

1054 916 1159 944 malitia
1174 921 1203 945 et
1218 917 1321 945 invidia
1339 921 1463 953 agentes,
1483 917 1612 950 ndibiles,
1628 917 1756 945 odientes
1772 917 1844 944 invi-

1054 970 1124 991 cem.
1143 963 1211 991 Cum
1237 968 1330 992 autem
1350 964 1508 1000 benignitas
1530 967 1558 992 et
1575 964 1734 992 humanitas
1757 971 1844 999 nppa‘

1054 1008 1111 1035 ruit
1131 1005 1285 1037 Salvatoris
1310 1008 1400 1037 nostri
1415 1008 1462 1036 Dei
1475 1016 1530 1036 non
1545 1017 1578 1036 ex
1593 1009 1845 1044 operibusjustitim

1054 1061 1115 1089 qnte
1140 1053 1256 1082 fecimus
1275 1061 1337 1087 nos,
1358 1054 1407 1081 sed
1440 1054 1591 1082 secundum
1624 1054 1843 1081 misericordiam

1054 1107 1131 1128 suam
1147 1100 1237 1128 salvos
1249 1107 1300 1129 nos
1311 1099 1375 1128 fecit
1389 1107 1439 1135 per
1455 1099 1595 1128 lavacrum
1623 1100 1844 1135 regenerationis

1057 1150 1084 1172 et
1116 1144 1304 1174 renovationis
1328 1144 1448 1180 Spiritus
1464 1145 1563 1177 sancti,
1581 1153 1662 1180 quem
1697 1145 1794 1172 oﬂ‘udit
1815 1146 1843 1173 in

1053 1196 1105 1217 nos
1121 1189 1230 1218 abunde
1253 1197 1303 1225 per
1327 1189 1418 1218 Jesum
1435 1190 1574 1218 Christum
1593 1190 1763 1219 Satvatorem
1790 1198 1844 1218 no-

1053 1239 1154 1268 strum,
1179 1239 1209 1262 ut
1221 1235 1366 1271 justiﬂcati
1387 1236 1475 1271 gratia
1492 1236 1587 1271 ipsius,
1607 1235 1728 1264 heredes
1754 1236 1844 1264 simus

1053 1280 1204 1308 secundum
1222 1288 1300 1316 spem
1315 1281 1378 1308 vitae
1407 1285 1527 1309 aeternae.
1556 1281 1659 1309 Fidelis
1671 1288 1762 1309 sermo
1778 1284 1841 1313 est;

1052 1331 1080 1354 ot
1095 1325 1129 1353 tle
1145 1325 1188 1354 his
1204 1326 1265 1353 volo
1280 1330 1308 1354 te
1319 1326 1496 1358 conﬁrmare,
1514 1329 1544 1353 ut
1557 1330 1656 1354 curent
1670 1327 1750 1354 bonis
1770 1333 1838 1361 ope-

1052 1371 1129 1399 ribus
1143 1378 1271 1406 prseesse,
1286 1371 1334 1407 qui
1348 1371 1466 1399 credunt
1492 1371 1557 1399 Deo.
1574 1372 1638 1399 Haec
1653 1371 1800 1399 suutbona
1814 1376 1843 1399 et

1055 1418 1136 1445 utilia
1152 1418 1320 1445 hominibus.
1332 1417 1435 1445 Stultss
1452 1422 1543 1445 autem
1559 1418 1739 1453 quaestiones,
1754 1422 1782 1445 et
1798 1425 1844 1453 ge-

1053 1463 1205 1498 nealogias,
1222 1467 1250 1491 et
1265 1463 1468 1497 contentiones,
1485 1468 1513 1491 et
1526 1471 1633 1499 pugnas
1657 1464 1723 1499 legis
1735 1463 1842 1497 devita;

1054 1513 1119 1536 sunt
1145 1509 1217 1536 enim
1234 1508 1347 1537 inutiles
1360 1513 1388 1537 et
1400 1516 1487 1536 vanae.
1514 1508 1677 1537 Haereticnm
1702 1509 1842 1538 hominem

1054 1559 1117 1591 post
1146 1562 1230 1582 unam
1256 1559 1284 1582 et
1309 1555 1460 1583 secundam
1490 1555 1693 1590 correptionem
1723 1556 1841 1583 devita:

1053 1602 1145 1629 sciens
1160 1600 1226 1636 quia
1252 1601 1410 1629 subversus
1436 1605 1490 1633 est,
1509 1600 1557 1636 qui
1585 1601 1723 1636 ejusmodi
1745 1607 1797 1633 σει.
1814 1606 1843 1629 et

1052 1647 1197 1682 delinquit,
1216 1654 1280 1674 eum
1301 1647 1337 1675 sit
1351 1647 1465 1683 proprio
1491 1647 1598 1682 judicio
1629 1647 1840 1676 condemnatus.

1052 1693 1121 1721 Cum
1137 1692 1240 1720 misero
1253 1692 1289 1719 ad
1307 1697 1334 1720 te
1346 1693 1487 1720 Artemam
1504 1696 1550 1720 aut
1563 1692 1726 1728 Tychicum,
1740 1693 1840 1721 iestina

1052 1737 1086 1765 ad
1100 1745 1143 1766 me
1157 1738 1253 1765 venire
1269 1737 1422 1772 Nicopolim
1439 1746 1447 1764 :
1468 1736 1506 1764 ibi
1517 1737 1591 1765 enim
1609 1737 1693 1765 statui
1707 1737 1841 1766 hiemare.

1052 1783 1155 1812 Zenam
1183 1783 1372 1818 legisperitum
1390 1787 1419 1810 et
1446 1783 1547 1818 Apollo
1561 1782 1680 1811 sollicite
1692 1784 1841 1818 praemitte,

1052 1835 1082 1857 ιιι
1095 1829 1165 1857 nihil
1186 1829 1242 1856 illis
1257 1828 1340 1857 desit.
1362 1828 1474 1856 Discant
1495 1833 1586 1856 autem
1602 1832 1630 1856 et
1645 1829 1734 1856 nostri
1753 1829 1833 1857 bonis

1051 1876 1182 1912 operibus
1216 1882 1336 1912 praeesse
1351 1875 1384 1902 ad
1406 1882 1474 1904 usus
1495 1874 1678 1908 necessarios,
1698 1882 1755 1902 non
1778 1875 1842 1903 sint

1054 1921 1234 1950 infructuosi.
1264 1921 1393 1949 Salutant
1409 1924 1436 1949 te
1452 1920 1499 1956 qui
1511 1927 1621 1948 mecum
1638 1924 1704 1948 sunt
1731 1927 1840 1948 omnes.

1052 1967 1149 1995 Saluta
1166 1975 1214 1995 eos
1232 1967 1280 2002 qui
1294 1973 1347 1994 nos
1362 1970 1456 1994 amant
1471 1965 1499 1994 in
1516 1966 1580 1994 ﬁde.
1592 1965 1690 1993 Gratia
1706 1965 1754 1994 Dei
1769 1973 1833 1994 cum

1050 2013 1178 2043 omnibus
1198 2012 1287 2041 vobis.
1307 2013 1405 2040 Amen.
1425 2021 1434 2038 ι

1086 2103 1127 2131 Ad
1142 2104 1240 2134 “tum.
1252 2103 1298 2138 qui
1309 2103 1411 2136 prima:
1424 2102 1511 2131 Creta:
1533 2101 1671 2138 epirgoyma
1697 2102 1840 2129 ordinatus

1050 2139 1113 2174 fuit,
1128 2139 1252 2174 Epistota
1259 2136 1392 2174 Nicopoli
1407 2146 1440 2166 ea
1455 2138 1561 2166 civitate
1585 2136 1840 2166 Haecdortitz'acrh

1050 2179 1098 2208 pta
1112 2173 1162 2202 ut.
1183 2174 1308 2202 Versibus
1327 2173 1372 2201 97.

534 2361 620 2404 ΕΙΣ
657 2357 978 2404 ΕΠΙΣΤΟΛΗΝ
1010 2358 1155 2402 ΠΡΟΣ
1206 2355 1520 2403 ΦΙΛΗΜΟΝΑ.

481 2537 543 2582 ΙΝ
612 2533 951 2581 EPISTOLAM
1018 2534 1093 2579 AD
1162 2533 1592 2581 PHILEMONEM.

245 2696 255 2713 ι
274 2684 380 2716 Παῦλος
395 2684 504 2719 δέσμιος
524 2684 612 2720 Ἰησοῦ
638 2684 769 2720 Χριστοῦ,
795 2686 843 2713 καὶ
864 2686 996 2722 Τιμόθεος

1085 2688 1165 2724 273
1177 2687 1261 2716 Vsus.
1276 2688 1340 2716 1-5.
1353 2697 1363 2714 ι
1372 2687 1473 2716 Paulus
1483 2687 1591 2717 vinctus
1604 2687 1706 2717 Christi
1718 2688 1794 2721 Jesu.
1812 2693 1839 2716 et

207 2734 221 2759 ὁ
231 2731 354 2766 ἀδελφὸς.
363 2729 494 2765 Φιλήμονι
505 2729 543 2765 τῷ
555 2730 690 2765 ἀγαπητῷ
704 2731 750 2757 καὶ
764 2732 888 2767 συνεργῷ
905 2733 994 2768 ἡμῶν,

209 2779 255 2806 καὶ
277 2777 379 2813 Ἀπφίᾳ
389 2778 422 2813 τῇ
437 2777 578 2812 ἀγαπητῇ,
590 2775 636 2802 καὶ
658 2775 801 2812 ’Δρχίππῳ
822 2776 862 2811 τῷ
876 2785 995 2813 συστρα-

209 2823 290 2860 τιώτῃ
307 2824 395 2860 ἡμῶν,
413 2823 460 2850 καὶ
491 2824 523 2859 τῇ
554 2822 720 2858 κατοικούσῃ
745 2822 903 2859 Ἐκκλησία,
915 2825 997 2859 χάρις

1051 2733 1212 2762 Timotheus
1226 2734 1320 2766 frater,
1330 2733 1486 2761 Philemoni
1502 2733 1602 2762 dilecto
1617 2738 1644 2762 et
1656 2734 1775 2768 adjutori
1790 2741 1841 2762 no-

1049 2785 1117 2812 stro,
1132 2779 1280 2815 etApphiae
1290 2779 1379 2807 sorori
1389 2779 1602 2811 cltarissinne,et
1612 2779 1752 2815 Archippo
1765 2787 1840 2807 com-

1050 2825 1168 2853 militoni
1190 2830 1297 2858 nostro,
1314 2829 1341 2853 et
1355 2825 1485 2854 Ecclesia:
1500 2832 1562 2861 quae
1578 2825 1605 2853 in
1622 2826 1704 2854 domo
1720 2831 1765 2854 tua
1786 2829 1838 2855 est.
