2080 3111
290 87 358 122 1031

886 94 917 124 S.
936 95 954 125 J
956 94 1030 125 OAN
1034 97 1058 126 N
1062 96 1098 126 IS
1110 97 1328 131 DAMASCENI

1854 106 1915 141 1032

287 145 374 180 gratia
399 145 480 174 vobis
508 150 537 174 et
563 153 614 182 pax
632 155 647 175 a
674 147 730 176 Deo
749 147 830 177 Patre
844 154 872 177 et
885 150 1000 180 Domino
1014 152 1052 180 Jes

1103 157 1117 185 ι
1131 155 1197 190 ὑμῖν
1214 156 1262 182 καὶ
1274 157 1369 193 εἰρήνη
1385 157 1439 185 ἀπὸ
1453 158 1521 186 Θεοῦ
1537 160 1644 196 [Ia-cpe;
1664 162 1711 188 καὶ
1724 161 1829 197 Κυρίου
1844 164 1916 199 ἡμῶν

286 190 410 219 Christo.
439 201 448 218 ι

321 235 380 264 Non
394 237 472 264 initio
479 237 571 264 statim
580 238 695 273 gratiam
703 241 834 275 postulat,
846 242 893 270 sed
903 244 990 272 virum
1000 244 1077 280 prius

286 278 465 307 admiratione
480 282 658 316 prosequitur
674 288 702 310 et
716 284 808 311 laudat
821 285 856 313 ob
870 278 1008 322 egregias
1024 295 1077 315 ac-

285 325 385 354 tiones.
409 325 573 353 charitatem
595 327 670 355 illius
688 331 851 364 praedicans,
869 332 986 360 etiidem
1011 341 1075 369 erga

283 370 441 403 Dominum,
479 379 533 407 qua
564 374 672 401 cunctis
707 376 812 404 sanctis
840 379 1072 408 communicaret.

315 460 400 489 Vens.
412 462 492 490 4-20.
517 471 528 490 ι
543 464 641 492 Gratia
656 472 708 500 ago
733 465 789 494 Deo
815 475 876 496 meo
893 476 1002 504 semper
1017 478 1073 498 me-

279 508 398 534 moriam
418 508 460 535 tui
490 508 595 538 faciens
624 510 652 537 in
669 512 843 540 orationibus
857 514 940 546 meis,
957 515 1071 544 audiens

278 552 441 580 charitatem
461 557 536 582 tuam
554 560 581 583 et
595 555 689 589 fidem,
704 564 788 592 quam
802 558 889 587 habes
910 560 936 587 in
954 560 1070 590 Domino

276 597 355 632 Jesu,
369 599 437 626 etin
456 607 553 628 omnes
567 606 699 635 sanctos;
719 607 750 629 ut
767 605 984 633 communicatio
1005 606 1068 635 ﬁdei

276 646 331 670 tum
347 643 461 672 evidens
480 644 529 672 fiat
559 645 588 672 in
606 646 748 682 agnitione
773 648 865 677 omnis
885 651 977 681 operis
992 651 1067 686 boni,

275 688 349 723 quod
368 693 411 717 est
427 689 456 717 in
478 690 558 720 vobis
576 691 605 719 in
619 691 733 720 Christo
747 692 824 722 Jesu.
841 686 977 724 Gaudium
993 698 1066 725 enim

275 741 406 769 magnum
419 734 503 763 habui
519 741 547 764 et
565 737 783 766 consolationem
800 739 827 766 in
843 740 980 770 charitste
995 747 1040 770 tua
1056 752 1064 771 :

273 780 339 814 quia
357 780 465 809 viscera
488 786 648 810 sanctorum
665 785 865 819 requieverunt
892 794 942 821 per
956 792 994 821 te,
1012 788 1064 816 fra-

1137 201 1223 236 Ἰησοῦ
1238 203 1368 238 Χριστοῦ.
1382 214 1391 230 ι

1164 248 1220 274 Οὐκ
1235 248 1336 281 εὐθέως
1349 250 1382 276 ὲκ
1409 251 1561 286 προοιμίων
1583 253 1656 279 αἰτεῖ
1680 254 1730 289 τήν
1744 254 1836 290 χάριν,
1851 255 1915 284 ἀλλὰ

1127 293 1261 329 πρότερον
1276 295 1321 322 τὸν
1335 296 1420 332 ἄνδρα
1439 297 1574 332 θαυμάζει
1600 301 1649 326 καὶ
1674 301 1783 327 ἐπαινεῖ
1800 302 1847 328 ἐπὶ
1863 304 1914 335 τοῖς

1125 339 1320 376 κατορθώμασι
1354 343 1403 377 τὴν
1428 343 1540 378 ἀγάπην
1572 345 1666 378 αὑτοῦ,
1694 347 1742 372 καὶ
1763 348 1813 382 τὴν
1827 348 1914 376 πίστιν

1124 385 1175 419 τὴν
1187 385 1256 421 πρὸς
1268 387 1314 413 τὸν
1327 387 1432 422 Κύριον
1450 389 1580 423 ἐπαινῶν,
1601 391 1631 423 ἐξ
1653 389 1687 428 ἦς
1715 394 1763 420 καὶ
1780 395 1848 421 πᾶσι
1861 397 1914 427 τοῖς

1123 430 1212 464 ἁγίοις
1228 433 1386 466 κοινωνικὸς
1403 432 1447 470 ἧν.
1765 441 1769 451 ‘

1161 486 1170 503 ι
1194 477 1356 514 Εὑχαριστῶ
1369 481 1408 516 τῷ
1422 480 1481 516 Θεῷ
1493 482 1619 516 πάντοτε,
1637 484 1734 519 μνείαν
1759 494 1806 513 σου
1824 488 1912 514 ποιού-

1122 531 1202 557 μενος
1232 524 1279 550 ἐπὶ
1304 525 1358 552 τῶν
1386 528 1545 561 προσευχῶν
1574 538 1636 564 μου,
1656 531 1763 558 ἀκούων
1788 541 1836 560 σου
1862 534 1908 570 τὴν

1120 567 1241 604 ἀγάπην,
1256 570 1304 597 καὶ
1328 571 1377 607 τὴν
1392 573 1494 606 πίστιν,
1514 574 1546 608 ἢν
1562 574 1634 609 ἔχεις
1651 576 1720 612 πρὸς
1740 577 1786 604 τὸν
1810 567 1911 614 Κύριον

1125 613 1240 648 Ἰησοῦν,
1257 617 1304 643 καὶ
1321 618 1362 648 είς
1373 618 1477 650 πάντας
1493 620 1555 651 τοὺς
1573 621 1676 654 ἁγίους,
1694 623 1770 655 ὅπως
1784 625 1800 659 ή
1821 613 1911 652 διακο-

1114 659 1161 691 ,νία
1176 661 1226 695 τῆς
1256 662 1375 695 πίστεώς
1393 672 1440 690 σου
1452 665 1567 701 ἐνεργὴς
1581 667 1694 702 γένηται
1719 669 1749 696 ὲν
1763 670 1910 705 ἐπιγνώσει

1116 706 1218 738 παντὸς
1240 708 1345 741 ἀγαθοῦ
1372 710 1419 737 τοῦ
1452 712 1481 737 ὲν
1510 713 1578 747 ήμῖν
1592 714 1631 745 είς
1645 714 1764 749 Χριστὸν
1793 717 1907 752 Ἰησοῦν.

1115 750 1204 786 Χάριν
1232 752 1287 788 γὰρ
1311 753 1410 789 ἔχομεν
1429 755 1531 792 πολλὴν
1545 758 1593 784 καὶ
1617 759 1792 795 παράκλησιν
1814 750 1862 788 ἐπὶ
1877 763 1908 798 τῇ

1115 798 1210 836 ἀγάπῃ
1220 808 1278 832 σου,
1291 801 1332 827 ὅτι
1349 802 1384 829 τὰ
1395 803 1541 838 σπλάγχνα
1552 805 1606 832 τῶν
1617 806 1702 840 ἁγίων
1716 806 1907 836 ἀναπέπαυται

273 830 326 853 ter.
366 825 483 862 Propter
510 828 586 864 quod
621 830 736 858 multam
763 831 890 860 ﬁduciam
913 833 1019 862 habens
1035 835 1052 863 ii

273 871 383 890 IlI-ricta
397 871 460 890 In...
478 874 632 890 imm..-“
646 875 695 890 οιιιι
714 877 784 890 -..ηηι
800 878 831 890 ...ι
849 886 904 890 ___.
922 881 1007 890 _--.g,,
1018 885 1037 890 γ.

1113 825 1157 871 διά
1170 825 1420 882 σούηάδελιοέξλιδ
1446 825 1549 886 πολλὴν
1571 851 1601 877 ὲν
1620 825 1731 888 Χιριστῷ
1744 855 1904 890 παρρησίαν

272 871 383 899 Christo
396 871 461 901 Jesu
478 874 632 908 imperandi
646 875 696 904 tibi
712 877 785 912 quod
799 878 832 906 ad
848 886 907 906 rem
921 881 1040 915 pertinet
1054 891 1062 910 :

273 920 388 951 propter
409 919 574 948 charitatem
598 921 687 956 magis
704 923 832 956 obsecro,
850 932 914 952 cum
929 927 968 954 sis
984 927 1059 962 talis,

271 966 302 989 ut
317 962 419 992 Paulus
431 971 528 999 senex,
539 973 613 994 nunc
627 971 719 995 autem
730 973 758 996 et
773 969 883 999 vinctus
897 970 962 1000 Jesu
980 972 1062 1001 Chri-

270 1008 318 1036 sti.
336 1008 462 1037 Obsecro
478 1014 505 1038 te
521 1018 571 1046 pro
586 1019 647 1040 meo
666 1013 734 1047 ﬁlio,
752 1022 834 1049 quem
859 1016 942 1052 genui
954 1017 982 1044 in
997 1018 1060 1046 vin-

268 1053 353 1088 culis,
375 1054 517 1089 Onesimo,
535 1057 583 1092 qui
614 1058 663 1086 tibi
693 1060 844 1096 aliquando
868 1062 975 1091 inutilis
994 1063 1057 1099 fuit,

266 1108 343 1129 nunc
370 1105 462 1129 autem
477 1107 504 1130 et
522 1103 589 1131 mihi
607 1108 635 1132 et
661 1105 711 1133 tibi
738 1107 826 1140 utilis,
852 1116 933 1144 quem
962 1111 1058 1140 remisi

266 1144 328 1173 tibi.
345 1144 387 1173 Tu
403 1150 495 1174 autem
508 1147 597 1182 illum,
614 1148 643 1176 id
656 1154 698 1178 est
712 1150 820 1179 viscera
835 1160 906 1186 mea.
923 1155 1056 1191 suscipe:

265 1198 351 1229 quem
366 1199 418 1226 ego
442 1192 584 1221 volueram
613 1202 721 1223 mecum
743 1196 878 1232 detinere,
908 1203 939 1227 ut
956 1207 1007 1236 pro
1029 1204 1057 1230 te

265 1235 335 1262 mihi
351 1235 524 1265 ministraret
540 1238 568 1266 in
584 1239 706 1269 vinculis
731 1241 884 1279 Evangelii.
907 1235 972 1273 Sine
986 1253 1054 1274 oon-

264 1280 329 1308 silio
344 1284 438 1308 autem
460 1285 509 1309 tuo
524 1282 595 1310 nihil
610 1284 684 1312 volui
706 1284 810 1321 facere,
827 1288 868 1315 uti
882 1296 917 1316 ne
932 1290 1054 1319 velutes

263 1324 434 1354 necessitate
456 1326 559 1355 bonum
588 1332 667 1356 tuum
690 1337 774 1365 esset,
790 1333 838 1361 sed
853 1334 1052 1365 voluntarium.

263 1369 396 1399 Forsitan
422 1372 497 1400 enim
525 1373 588 1402 ideo
611 1375 744 1404 discessit
767 1378 802 1405 ad
819 1379 916 1408 horam
933 1388 949 1408 a
968 1386 1006 1416 te,
1024 1388 1053 1412 ut

260 1419 397 1444 uernum
413 1416 490 1445 illum
506 1419 644 1454 reciperes
657 1430 665 1448 :
679 1422 736 1456 jam
751 1430 806 1451 non
819 1429 849 1452 ut
865 1433 988 1461 servum,
1004 1428 1052 1457 sed

262 1468 347 1496 supra
358 1469 469 1490 servum
482 1463 680 1493 charissimum
689 1466 818 1502 fratrem,
831 1472 952 1500 maxime
965 1473 1049 1502 mihi:

261 1510 366 1540 quanto
381 1511 473 1535 autem
498 1509 587 1544 magis
608 1510 670 1544 tibi,
688 1515 716 1541 et
740 1513 770 1541 in
788 1521 884 1550 carne,
906 1521 934 1545 et
947 1518 975 1546 in
996 1519 1051 1548 Do-

260 1552 355 1581 mino!
369 1552 399 1581 Si
419 1561 485 1590 ergo
507 1555 594 1584 babes
620 1564 664 1585 me
690 1559 808 1594 socium,
836 1563 948 1598 suscipe
973 1564 1050 1593 illum

260 1597 334 1626 sicut
351 1606 404 1626 me.
419 1598 450 1627 Si
467 1605 559 1628 autem
575 1601 682 1637 aliquid
697 1605 793 1632 nocuit
810 1606 871 1638 tibi.
890 1597 939 1635 aut
958 1609 1049 1644 debet,

260 1642 315 1670 hoc
328 1642 397 1671 mihi
420 1643 536 1680 imputa.
558 1645 616 1681 Ego
631 1646 735 1677 Paulus
748 1650 848 1686 scripsi
864 1659 926 1680 mea
943 1661 1025 1683 manu

258 1695 310 1737 ego
325 1688 456 1724 reddam;
477 1696 507 1718 ut
530 1699 585 1720 non
601 1692 692 1723 dicam
717 1696 779 1728 tibi,
794 1698 868 1734 quod
886 1703 914 1728 et
928 1700 1047 1737 teipsum

258 1731 328 1760 mihi
343 1733 438 1762 debes.
454 1734 505 1769 Ita,
526 1736 624 1770 frater,
640 1746 692 1774 ego
708 1744 735 1768 te
749 1731 828 1770 fruar
847 1744 874 1771 in
892 1731 1018 1775 Domino.
1034 1756 1045 1775 ›

292 1779 348 1807 Pro
358 1787 443 1826 servo
454 1782 566 1817 quidem
580 1785 713 1813 scribitur
727 1787 860 1823 Epistola,
880 1791 962 1826 idque
983 1801 1046 1822 cum

257 1822 304 1852 ille
317 1823 485 1860 aufugisset,
499 1827 557 1855 imo
580 1832 606 1856 et
619 1828 729 1859 furatus
748 1838 842 1868 esset;
865 1822 960 1864 sed-ex
975 1837 1048 1873 Apo-

255 1869 322 1897 stoii
350 1869 481 1900 doctrina
506 1872 627 1903 fructum
651 1877 806 1907 retulisset.
827 1880 912 1916 Atqui
936 1890 970 1910 ex
993 1869 1045 1913 hac

255 1914 337 1942 utilia
349 1916 437 1945 multa
452 1918 602 1954 percipias.
620 1920 709 1949 Unum
730 1924 853 1960 quidem,
870 1914 899 1954 et
913 1929 1043 1964 primum,

254 1963 383 1995 oportere
404 1967 436 1990 ut
456 1970 486 1992 se
509 1965 594 2001 aliqui
613 1966 747 1996 sollicitos
766 1977 832 2006 erga
852 1979 950 2002 omnes
972 1981 1044 2010 pra:-

254 2005 348 2034 besnt.
363 2006 433 2036 Nam
449 2009 474 2037 si
493 2010 597 2039 Paulus
620 2020 670 2048 pro
687 2021 768 2043 servo
793 2005 910 2052 fugitivo
923 2023 952 2047 et
967 2005 1041 2055 fore,

253 2057 317 2079 cum
329 2052 354 2080 is
369 2053 546 2090 resipuisset,
560 2061 671 2086 tantum
693 2060 892 2092 sollicitudinis
907 2052 1040 2100 ostendit,

252 2101 358 2132 quanto
376 2100 464 2135 magis
493 2101 632 2130 incumbit
654 2105 735 2133 nobis
759 2106 868 2137 desides
895 2117 950 2138 non
968 2119 1040 2146 esse.

252 2145 300 2172 ubi
314 2145 350 2174 de
363 2146 498 2176 fratribus
522 2151 688 2185 quibusdam
716 2154 819 2189 agitur.
844 2157 968 2186 Alterum
987 2165 1038 2195 est,
1056 2169 1079 2197 ι)

252 2190 287 2219 de
309 2193 402 2220 servili
427 2194 586 2224 conditione
610 2197 724 2227 minime
742 2200 945 2236 desperandum
963 2190 1036 2240 esse,

252 2238 361 2265 ta‘metsi
373 2239 406 2266 ad
422 2244 573 2269 extremam
589 2250 677 2279 usque
692 2246 843 2281 nequitiam
857 2238 1036 2284 processerit.

250 2281 303 2311 Hic
318 2284 392 2312 enim
410 2284 543 2321 fugitivus
563 2292 590 2316 et
605 2289 650 2316 fur
662 2298 725 2318 cum
749 2281 865 2326 fuisset,
877 2296 912 2322 ad
929 2300 1037 2326 tantum

250 2329 327 2358 istud
351 2331 462 2360 virtutis
491 2332 631 2369 fastigium
663 2338 799 2371 pervenit.
829 2338 965 2376 Tertium,
995 2342 1038 2371 fas

249 2376 363 2406 minime
378 2385 441 2407 esse
456 2386 552 2408 servos
566 2389 582 2408 a
598 2381 719 2411 dominis
734 2385 896 2415 abstrahere
911 2397 918 2414 :
936 2396 1000 2416 nam
1014 2391 1036 2418 si

249 2422 365 2458 Paulus,
393 2426 442 2460 qui
465 2429 541 2454 tanta
562 2428 636 2463 apud
659 2428 848 2460 Philemonem
872 2435 1037 2465 auctoritate

248 2471 377 2505 pollebat,
411 2472 573 2502 Onesimum
603 2480 708 2510 tamen,
742 2479 822 2514 cujus
850 2475 1037 2512 ministerium

248 2516 302 2544 sibi
318 2517 467 2547 admodum
493 2519 561 2548 utile
575 2525 659 2554 esset,
684 2522 807 2552 detinuere
830 2527 919 2555 noluit
935 2534 1036 2564 praeter

247 2562 308 2590 heri
325 2565 491 2593 sententiam
504 2573 537 2593 ac
549 2566 734 2601 voluntatem,
752 2577 766 2596 a
782 2570 891 2600 fortiori
917 2562 969 2603 hoc
985 2584 1035 2605 no-

247 2608 290 2636 bis
305 2608 396 2639 facere
412 2619 468 2639 non
491 2611 566 2641 licet.
584 2613 614 2641 Si
633 2615 706 2642 enim
725 2615 846 2646 famulus
862 2620 969 2650 eximite
984 2623 1034 2651 vir-

1112 889 1182 925 ἔχων
1197 891 1355 919 ἐπιτάσσειν
1370 901 1412 920 σοι
1426 894 1458 921 τὸ
1471 895 1573 930 ἀνῆκον
1584 896 1628 923 διὰ
1641 898 1690 932 τὴν
1704 889 1905 936 ἀγάπηνξμᾶλο

1112 935 1157 962 λον
1174 937 1336 973 παρακαλῶ,
1348 939 1469 972 τοιοῦτος
1492 941 1530 968 ὣν
1545 942 1583 974 ὡς
1608 944 1714 976 Παῦλος
1735 935 1904 984 πρεσϐύτης,

1111 981 1172 1009 νυνὶ
1184 982 1212 1009 δὲ
1229 984 1277 1010 καὶ
1288 983 1400 1020 δέσμιος
1420 986 1510 1022 Ἰησοῦ
1540 988 1669 1023 Χριστοῦ.
1693 991 1853 1028 Παρακαλῶ
1872 981 1904 1021 σι

1110 1027 1176 1062 περὶ
1199 1028 1247 1055 τοῦ
1263 1029 1331 1064 ὲμοῦ
1355 1030 1462 1064 τέκνου,
1478 1032 1507 1059 ὃν
1523 1033 1657 1070 ἐγέννησα
1671 1036 1701 1063 ὲν
1717 1038 1774 1070 τοῖς
1792 1039 1905 1076 δεσμοῖς

1110 1081 1173 1108 μου,
1199 1073 1344 1110 Ὀνήσιμον
1357 1076 1403 1102 τόν
1416 1077 1482 1104 ποτέ
1500 1086 1541 1105 σοι
1567 1079 1720 1116 ἄχρηστον,
1737 1082 1806 1115 νυνὶ,
1817 1073 1850 1112 δέ
1864 1086 1905 1112 σοὶ

1108 1119 1156 1145 καὶ
1171 1119 1232 1154 ἐμοὶ
1245 1119 1445 1157 εὔχρηστον,ὃν
1455 1123 1612 1160 ἀνέπεμψα.
1629 1127 1665 1154 Σὺ
1680 1128 1709 1154 δὲ
1719 1129 1811 1162 αὐτὸν,
1824 1139 1903 1159 τουτ-

1107 1164 1166 1191 έστι
1181 1165 1218 1192 τὰ
1237 1166 1293 1202 ἐμὰ
1307 1167 1460 1203 σπλάγχνα,
1488 1170 1654 1206 προσλαϐοῦ,
1669 1172 1699 1199 ὃν
1720 1174 1776 1209 ἐγὼ
1792 1177 1902 1205 meum

1108 1218 1162 1245 μην
1176 1211 1246 1246 πρὸς
1273 1213 1393 1248 ἐμαυτὸν
1419 1214 1556 1250 κατέχειν,
1573 1217 1617 1244 ἵνα
1638 1218 1710 1255 ὑπὲρ
1726 1220 1774 1247 σοῦ
1788 1222 1901 1260 διακονῇ

1107 1263 1152 1291 μοι
1165 1256 1195 1284 ἑν
1214 1258 1272 1289 τοῖς
1301 1258 1413 1294 δεσμοῖς
1428 1260 1476 1286 τοῦ
1490 1261 1669 1296 Εὺαγγελίου.
1690 1265 1782 1302 Χωρὶς
1802 1268 1831 1295 δὲ
1853 1256 1901 1305 τῆς

1104 1302 1218 1339 γνώμης
1245 1304 1322 1332 οὐδὲν
1352 1306 1474 1343 ἠθέλησα
1503 1309 1627 1345 ποιῆσαι,
1658 1312 1703 1339 ἵνα
1727 1314 1766 1350 μὴ
1788 1316 1826 1347 ὡς
1840 1302 1900 1343 κατ’

1086 1374 1095 1376 4
1104 1347 1229 1384 ἀνάγκην
1241 1349 1272 1377 τὸ
1282 1350 1384 1385 ἀγαοόν
1397 1361 1444 1379 σου
1459 1351 1489 1390 ᾗ,
1506 1354 1575 1382 ἀλλὰ
1587 1356 1659 1384 κατὰ
1673 1347 1808 1388 ἑκούσιον.
1821 1361 1903 1395 Τάχα

1103 1394 1159 1430 γὰρ
1169 1394 1214 1422 διά
1227 1395 1308 1423 τοῦτο
1323 1397 1464 1434 ἐχωρίσθη
1475 1400 1543 1435 πρὸς
1559 1400 1646 1437 ὥραν,
1659 1403 1702 1430 ἵνα
1725 1405 1837 1433 αἰώνιον
1849 1394 1899 1435 αὐ-

1101 1439 1149 1466 τὺν
1174 1440 1291 1477 ἀπέχῃς,
1320 1443 1414 1470 οὐκέτι
1441 1445 1478 1476 ὡς
1497 1446 1599 1480 δοῦλον,
1625 1448 1684 1475 ἀλλ’
1700 1450 1769 1486 ὑπὲρ
1791 1451 1897 1487 δοῦλον,

1101 1485 1216 1521 ἀδελφὸν
1246 1488 1400 1524 ἀγαπητὸν,
1420 1490 1538 1525 μάλιστα
1560 1493 1633 1528 ἐμοὶ,
1649 1495 1726 1530 πόσῳ
1750 1485 1779 1523 δὲ
1795 1485 1897 1533 μᾶλλον

1103 1531 1154 1565 σοὶ,
1172 1532 1219 1559 καὶ
1236 1532 1265 1559 ὲν
1290 1535 1383 1569 σαρκὶ,
1409 1535 1457 1562 καὶ
1484 1537 1514 1563 ὲν
1539 1538 1644 1574 Κυρίῳ.
1660 1540 1690 1567 Ei
1706 1539 1754 1568 οὖν
1767 1531 1802 1577 με
1823 1543 1897 1578 ἔχεις

1101 1576 1241 1609 κοινωνὸν,
1259 1578 1417 1613 προσ·λαῦοῦ
1430 1580 1512 1607 αὐτὸν
1525 1581 1563 1614 ὡς
1579 1583 1641 1618 ἐμέ.
1658 1585 1690 1611 Et
1701 1586 1730 1613 δέ
1750 1576 1777 1614 τι
1795 1576 1894 1625 ἠδίκη-

1101 1621 1132 1648 o‘
1152 1630 1193 1656 σε,
1212 1622 1229 1658 ῆ
1245 1623 1359 1657 ὀφείλει,
1379 1624 1459 1653 τοῦτο
1471 1627 1533 1662 ἐμοὶ
1561 1628 1678 1664 ἐλλόγει.
1703 1631 1774 1666 Ἐγὼ
1788 1621 1895 1668 Παῦλος

1099 1665 1207 1702 ιγραψα
1223 1668 1257 1703 τῇ
1276 1669 1332 1704 ἐμῇ
1361 1671 1445 1704 χειρὶ,
1463 1671 1519 1705 ἐγὼ
1534 1673 1676 1701 ἁποτίσω’
1692 1665 1743 1703 ινα⁷
1760 1677 1799 1713 μὴ
1822 1665 1895 1714 λέγώ

1098 1720 1150 1745 σοι,
1168 1712 1211 1739 ὅτι
1226 1714 1273 1740 καὶ
1294 1715 1391 1743 ἑαυτόν
1409 1725 1455 1752 μοι
1482 1720 1684 1754 προσοφείλεις.
1696 1721 1761 1756 Ναὶ,
1775 1712 1887 1760 ἀδελφλ,

1097 1757 1154 1792 ἐγώ
1171 1767 1213 1785 σοι
1227 1759 1344 1796 ὀναίμην
1361 1762 1390 1788 ἐν
1403 1763 1508 1799 Κυρίῳ.
1526 1773 1535 1790 ι

1137 1803 1224 1841 Ὑπὶρ
1231 1805 1326 1833 δούλου
1340 1807 1389 1842 μὲν
1400 1809 1536 1844 γράφεται
1548 1811 1564 1846 ή
1581 1811 1736 1850 Ἐπιστολὴ,
1750 1815 1893 1844 καὶταῦτα

1095 1849 1313 1885 ἁποδράσαντος,
1325 1853 1372 1880 καὶ
1398 1853 1440 1880 Est
1455 1856 1503 1882 καὶ
1521 1856 1684 1891 κλέψαντος,
1699 1859 1890 1896 ὡφεληθὲντος

1095 1894 1124 1922 δὲ
1140 1895 1185 1922 διὰ
1196 1897 1246 1932 τῆς
1261 1897 1437 1932 διδασκαλίας
1462 1900 1511 1928 τοῦ
1543 1903 1718 1932 ’Λποστόλου.
1741 1894 1832 1934 Πολλὰ
1861 1909 1891 1936 δὲ

1094 1941 1143 1967 καὶ
1158 1942 1190 1968 ὲκ
1201 1942 1303 1978 ταύτης
1313 1943 1349 1971 τὰ
1364 1945 1498 1981 χρήσιμα.
1522 1947 1570 1974 Ἐν
1582 1948 1632 1983 μὲν
1651 1951 1699 1977 καὶ
1722 1951 1843 1987 πρῶτον,
1858 1954 1890 1981 τὸ

1095 1987 1238 2015 σπουδαῖον
1250 1988 1320 2016 εἷναί
1335 1998 1412 2022 τινας
1429 1991 1498 2027 πρὸς
1525 1993 1640 2027 πάντας.
1662 1996 1693 2023 Ei
1709 1998 1763 2033 γὰρ
1777 1999 1888 2032 Παῦλος

1093 2032 1163 2070 ὑπὲρ
1176 2033 1311 2069 δραπέτου
1324 2036 1371 2063 καὶ
1388 2037 1506 2064 κλέπτου
1534 2041 1730 2075 μετανοοῦντος
1749 2032 1887 2082 τοσαύτην

1092 2079 1210 2105 ποιεῖται
1225 2080 1353 2116 σπουδὴν,
1367 2081 1458 2118 πολλῴ
1474 2083 1575 2118 μᾶλλον
1588 2085 1649 2112 οὔτε
1659 2088 1733 2122 ἡμᾶς
1748 2079 1887 2127 προσήκει

1092 2122 1233 2158 ῥᾳθύμους
1244 2123 1314 2152 εἶναι
1335 2126 1399 2162 περί
1416 2135 1493 2160 τινας
1507 2128 1563 2156 τῶν
1587 2130 1720 2167 ἀδελφῶν.
1741 2122 1885 2172 Δεύτερον,

1092 2167 1133 2194 ὅτι
1150 2167 1181 2194 τὺ
1194 2168 1317 2196 δουλικὸν
1330 2171 1409 2205 γένος
1428 2173 1459 2199 οὐ
1485 2174 1526 2200 δεῖ
1538 2175 1752 2212 ἀπογινώσκειν,
1769 2167 1885 2216 κεινέιέ

1091 2214 1208 2250 ἐσχάτην
1224 2215 1309 2252 ἐλάσῃ
1325 2218 1434 2245 κακίαν.
1460 2219 1490 2246 ⁸0
1505 2220 1560 2255 γὰρ
1576 2222 1697 2259 κλέπτης
1711 2226 1760 2252 καὶ
1782 2214 1885 2261 δραπέλ

1090 2268 1139 2293 της
1155 2258 1227 2287 οὕτω
1245 2261 1357 2296 γέγονεν
1372 2263 1511 2300 ἐνάρετος.
1525 2266 1632 2303 Τρίτον,
1648 2268 1689 2296 ὅτι
1702 2270 1764 2303 τοὺς
1772 2258 1884 2306 δούλους

1090 2305 1218 2342 ἀποσπᾷν
1232 2307 1287 2334 τῶν
1296 2308 1436 2337 δεσπότων
1449 2311 1480 2338 οὐ
1498 2314 1642 2348 προσήκει.
1659 2314 1691 2341 Εἰ
1707 2316 1762 2352 γὰρ
1776 2305 1884 2351 Παῦλος

1090 2351 1161 2379 οὕτω
1191 2352 1302 2389 Θαρῥῶν
1323 2355 1364 2390 τῷ
1390 2356 1522 2393 Φιλήμονι
1552 2358 1599 2386 τδν
1621 2351 1768 2398 Ὀνήσιμον
1793 2364 1884 2397 οὕτως

1090 2397 1252 2434 εὐχάριστον
1284 2400 1359 2437 αὐτῷ
1373 2402 1439 2430 δντα
1465 2405 1533 2440 πρὸς
1547 2405 1686 2435 διακονίαν
1698 2397 1748 2436 ούκ
1764 2410 1882 2447 ἠθέλησε

1090 2444 1237 2478 κατασχεῖν
1253 2446 1329 2480 παρὰ
1346 2446 1459 2483 γνώμην
1473 2448 1520 2476 τοῦ
1534 2450 1683 2485 Δεσπότου,
1701 2444 1794 2490 πολλῷ
1810 2444 1876 2491 μάλ-

1089 2487 1135 2514 λον
1150 2489 1226 2524 ήμᾶς
1241 2489 1321 2517 τοῦτο
1347 2494 1435 2520 ποιεῖν
1456 2494 1486 2521 οὐ
1511 2496 1577 2532 χρή.
1593 2496 1624 2523 El
1645 2497 1699 2533 γὰρ
1721 2487 1883 2534 θαυμαστός

1089 2535 1163 2561 ἐστιν
1177 2537 1191 2562 ὸ
1206 2536 1328 2572 οἰκέτης,
1342 2538 1430 2575 ταύτῃ
1447 2541 1566 2575 μάλιστα
1588 2543 1688 2578 πρέπει
1709 2545 1791 2572 αὐτὸν
1804 2547 1838 2573 ἐν
1848 2548 1881 2582 τῇ

1088 2579 1194 2617 δουλείᾳ
1204 2583 1308 2616 μένειν,
1323 2585 1371 2611 καὶ
1385 2584 1435 2621 τὴν
1445 2586 1603 2615 δεσποτείαν
1615 2590 1823 2624 ἐπιγινώσκειν,
1837 2579 1882 2618 ἵνα

1088 2626 1321 2662 εὗχρηστος¹πᾶσι
1334 2632 1392 2662 τοῖς
1406 2632 1435 2658 ὲν
1448 2632 1521 2668 οἰκίᾳ
1537 2634 1661 2669 γένηται.

246 2657 314 2683 “ius
327 2663 380 2692 εει,
398 2659 460 2687 ideo
476 2667 592 2695 prorsus
611 2665 742 2691 convenit
762 2665 844 2702 276
858 2671 888 2694 ut
916 2669 944 2696 in
979 2673 1113 2702 servitute
1139 2680 1259 2711 maneat,
1294 2683 1320 2705 ct
1344 2678 1431 2708 herile
1471 2680 1515 2715 jus
1540 2688 1684 2717 agnoscat,
1713 2688 1743 2712 ut
1766 2685 1881 2714 cunctis

247 2701 293 2717 nu:
308 2702 380 2717 ,ιιι-ι
398 2709 458 2717 -..ηι
494 2714 517 2717 μ-
541 2715 590 2717 WA.
603 2709 612 2717 ι
660 2714 666 2717 .
707 2711 745 2717 ....
791 2713 796 2717 .

246 2701 294 2736 qui
308 2702 382 2731 domi
397 2709 471 2740 sunt,
488 2709 632 2737 commodo
642 2714 669 2737 et
686 2711 797 2740 utilitati
809 2721 870 2742 esse
881 2717 978 2749 possit.

886 2759 1004 2791 \‘ARle
1024 2764 1225 2797 LECTIONES.

287 2794 298 2807 '
311 2792 383 2828 Lege
395 2801 428 2822 ex
447 2795 588 2833 Chrysost.
605 2799 765 2838 εὔχρηστον.
