2080 3111
278 126 345 157 103‘.)

868 110 899 140 δ.
916 108 1076 138 JUANN‘IS
1093 108 1309 149 DAMASC’ENI

1840 101 1908 132 10-ίο

280 183 315 212 nil
339 181 432 212 ﬁdem
463 182 494 210 et
520 174 671 209 Ecclesia)
695 171 842 211 dogmata
867 171 1127 212 gqgspectant,
1165 168 1330 211 mentione
1356 165 1446 212 facta,
1478 164 1517 195 de
1549 162 1734 212 virtutibus.
1755 162 1909 212 duntaaat

280 202 1226 259 ssr:;nrauens:safn£vinis,seisiansam-si
1245 202 1910 259 escensana:esseesse:

280 256 412 299 quidem
429 256 512 299 modi
532 257 608 299 sunt
629 261 686 298 cap

688 251 729 282 ita
749 242 900 280 P'arallela
918 248 1019 279 sancti
1040 246 1171 277 Maximi
1190 249 1220 276 et
1239 242 1372 276 Antonii
1391 243 1543 280 Melissae,
1563 250 1700 282 quorum
1720 242 1816 282 paulo
1838 247 1911 272 ante

281 281 823 330 memini-aad-alioquiinegotium
841 288 920 330 mihi
932 287 1074 330 facessit,
1092 286 1181 330 quod
1202 285 1235 330 in
1252 285 1318 329 illis
1334 285 1430 330 etiam
1450 281 1698 330 capitibusqum
1713 281 1908 330 resltnheollo-

245 342 248 354 π
280 320 739 376 giFi‘é'é’éisEBFiﬁiiIﬁnding
753 328 977 372 identidem‘et
994 320 1127 363 Jose'ptii
1145 325 1336 376 testimonia
1348 320 1910 376 subjiciuntur."Quibusnd‘iii‘fuua:

280 364 366 406 fibris
382 364 771 411 iri—totumﬁeipediendis,
789 376 861 411 cum
874 367 1089 411 me_imparem
1107 372 1238 411 prorsus
1254 364 1404 400 sentiam,
1420 364 1621 402 sagaciorum
1634 364 1830 396 criticorum,
1852 364 1910 399 qui

279 404 489 451 é’is‘Qdi'vam,’
501 404 627 453 judicio
640 418 690 441 me
705 408 791 440 ultro
807 404 1065 446 subscripturum
1083 404 1242 443 proﬁteor.

639 612 936 658 ΠΡΟΛΟΓΟΣ
978 611 1091 655 ΤΩΝ

1075 516 1880 530 __._________.—————-—-

1139 610 1536 654 ΠΑΡΑΛΛΗΛΩΝ.

822 702 1023 733 PROLOGUS
1052 701 1089 731 IN
1116 701 1350 731 PARALLELA.

547 849 560 861 Ι

312 875 435 903 Pretiosa
459 883 503 903 res
526 875 614 902 virtus
637 878 697 906 est.
725 881 779 908 qua
807 873 890 900 homo
921 880 984 900 cum
1009 872 1064 900 Deo

1152 872 1254 908 Κτῆμα
1279 872 1368 908 τίμιον
1393 873 1409 907 ἡ
1437 872 1533 908 ἁρετὴ,
1565 871 1624 907 Θεῷ
1655 872 1839 905 συνάπτουσα,
1861 874 1909 901 καὶ

275 922 461 957 coniungitur,
478 926 505 949 et
522 921 598 956 regni
613 921 747 948 coelorum
758 919 850 947 evadit
863 927 988 954 compos.
1003 918 1065 947 Haec

275 975 358 1002 porro
380 967 537 994 divinorum
555 966 748 993 mandatorum
770 965 964 993 observatione
987 972 1064 992 com-

275 1017 398 1046 paratur.
427 1012 576 1039 Dominus-
594 1011 729 1046 siquidem
760 1011 789 1038 in
818 1011 1064 1046 pollicitationibus

274 1066 343 1093 quas
357 1059 389 1085 ad
408 1059 550 1094 populum,
567 1058 615 1093 qui
629 1058 657 1085 in
672 1057 791 1093 Egypto
807 1056 898 1084 fuerat
910 1064 1064 1084 commora-

273 1108 329 1136 tus,
350 1103 479 1136 l‘aciebat,
493 1105 533 1132 ait
552 1113 558 1131 :
580 1103 610 1131 Si
626 1104 766 1132 audieritis
782 1112 823 1130 me
840 1108 866 1131 et
884 1103 1065 1130 custodierilis

272 1154 404 1183 prompta
420 1157 488 1181 mea,
502 1149 576 1176 erilis
593 1149 656 1176 milii
671 1149 785 1183 populus
807 1149 963 1183 peculiaris,
979 1148 1067 1184 regule

273 1195 463 1227 sacerdotium,
480 1203 542 1230 gens
563 1200 657 1222 sancta
669 1195 689 1222 ¹.
708 1194 780 1228 Quin
797 1194 845 1222 Dei
868 1202 978 1230 quoque
995 1194 1066 1222 ﬁlios

272 1241 331 1268 ﬁeri
347 1241 538 1276 pronuntiavit
556 1248 615 1273 eos,
633 1240 679 1276 qui
699 1240 802 1268 divinis
822 1240 996 1275 jussionihus
1017 1241 1066 1268 ob-

272 1292 437 1322 temperant.
456 1287 595 1320 Quantum
612 1294 679 1314 vero
696 1287 771 1314 istud
797 1287 900 1314 bonum
922 1287 969 1319 sit,
987 1294 1066 1314 nemo

272 1338 314 1360 est
334 1333 380 1367 qui
399 1340 528 1360 sermone
554 1332 642 1367 possit
670 1339 813 1359 enarrare.
846 1330 940 1358 Gratia
965 1331 1066 1366 quippe

272 1382 398 1405 naturam
412 1381 535 1405 nostram
545 1383 659 1412 superat
669 1387 675 1405 :
686 1378 844 1412 adoptionis
855 1377 974 1412 dignitas
990 1385 1065 1412 spem

272 1431 382 1450 onmem
396 1423 516 1450 excedit.
531 1423 666 1455 Quocirca
682 1427 710 1450 ut
729 1423 814 1450 tantis
822 1422 901 1450 bonis
917 1423 1064 1457 potiamur,

272 1471 401 1503 prompto
416 1473 445 1496 et
462 1468 546 1495 alacri
559 1469 653 1495 animo
673 1476 704 1496 ea
723 1469 837 1503 exsequi
852 1468 992 1501 convenit,
1005 1476 1066 1504 qua:

1120 916 1259 952 βασιλείας
1274 916 1398 952 οὐρανῶν
1413 915 1592 952 προξενοῦσα.
1615 917 1754 953 Πορισμὺς
1763 917 1791 944 δε
1805 917 1910 952 ταύτης

1118 964 1135 998 ἡ
1159 963 1211 990 τῶν
1235 961 1316 989 θείων
1339 962 1455 989 ἐντολῶν
1472 963 1586 997 τήρησις
1605 961 1719 996 γίνεται.
1737 963 1806 996 Φησὶ
1820 963 1875 998 γὰρ
1895 964 1910 989 ὁ

1117 1009 1220 1045 Κύριος
1231 1010 1260 1036 ὲν
1276 1009 1457 1043 ἐπαγγελίαις
1474 1009 1541 1044 πρὸς
1565 1008 1610 1035 τὸν
1626 1010 1655 1036 ὲν
1679 1009 1809 1045 Αἰγύπτῳ
1823 1010 1887 1037 λαόν
1901 1020 1908 1027 ·

1124 1055 1195 1082 Ἐὰν
1205 1056 1359 1090 ἀκούσητέ
1380 1064 1451 1091 μου,
1467 1055 1515 1083 καὶ
1533 1055 1689 1090 φυλάξητε
1711 1057 1764 1089 τὰς
1781 1057 1910 1091 ἐντολάς

1116 1110 1186 1137 μου,
1199 1101 1309 1129 ἔσεσθέ
1321 1110 1372 1136 μοι
1397 1101 1472 1135 λαὸς
1491 1102 1674 1135 περιούσιος,
1693 1102 1856 1134 βασίλειον
1867 1105 1908 1130 ιε-

1114 1145 1261 1180 ράτευμα,
1283 1146 1372 1178 ἔθνος
1400 1145 1495 1181 ἅγιον.
1517 1146 1572 1173 Καὶ
1598 1147 1674 1178 υἱοὺς
1694 1147 1762 1174 Θεοῦ
1782 1148 1910 1182 γενέσθαι
1946 1183 1951 1186 ,

1117 1191 1181 1223 τοὺς
1191 1191 1408 1227 πειθαρχοῦντας
1425 1193 1482 1224 τοῖς
1506 1193 1715 1228 προστάγμασιν
1738 1194 1908 1229 ἀπεφήνατο.

1123 1237 1233 1264 Ἥλίκον
1248 1237 1277 1264 δὲ
1287 1236 1368 1264 τοῦτο
1381 1237 1484 1272 ἀγαθὸν
1499 1238 1577 1272 λόγος
1599 1239 1769 1274 ἑρμηνεῦσαι
1783 1240 1813 1267 οὑ
1829 1240 1911 1268 δύνα-

1115 1292 1172 1310 ται.
1188 1283 1276 1320 ’Υπὲρ
1290 1284 1344 1320 γὰρ
1357 1284 1406 1319 τὴν
1432 1285 1573 1320 ἡμετέραν
1597 1285 1678 1319 φύσιν
1695 1287 1710 1321 ἠ
1726 1287 1822 1321 χάρις·
1838 1287 1910 1323 ὑπὲρ

1117 1329 1211 1356 ἐλπίδα
1234 1330 1263 1357 τὸ
1288 1330 1338 1364 τῆς
1370 1330 1506 1361 υἱοθεσίας
1523 1329 1644 1365 ἀξίωμα.
1660 1331 1798 1366 Προσὴκει
1817 1332 1910 1358 τοίνυν

1117 1375 1190 1410 ἡμᾶς
1209 1375 1279 1410 ὑπὲρ
1296 1374 1350 1401 τῶν
1375 1375 1503 1401 τοιούτων
1529 1375 1638 1409 ἀγαθῶν
1663 1378 1697 1402 τὰ
1727 1377 1911 1412 ἐντεταλμένα

1117 1421 1267 1456 προθύμως
1278 1422 1408 1448 ἐκτελεῖν.
1429 1422 1539 1457 Ῥᾳδίαν
1555 1422 1583 1448 δὲ
1603 1422 1652 1456 τὴν
1663 1423 1709 1448 τοῦ
1722 1424 1911 1459 συμφέροντος

1118 1468 1223 1502 αἵρεσιν
1247 1468 1355 1503 ἕξομεν,
1384 1468 1574 1504 παραλλήλους
1602 1469 1693 1501 θέντες
1719 1470 1769 1501 τὰς
1795 1470 1910 1505 ἀρετὰς,

272 1514 356 1541 nobis
380 1514 516 1549 imperata
545 1519 620 1542 sunt.
637 1514 739 1542 Facilis
762 1519 853 1542 autem
867 1514 927 1550 eius
942 1515 1016 1550 quod
1031 1522 1064 1542 ex

1118 1514 1164 1540 καὶ
1194 1514 1243 1545 τὰς
1264 1514 1427 1548 ἀντιζύγους
1455 1515 1502 1540 καὶ
1524 1514 1665 1546 ἀντιθέους
1688 1514 1778 1541 αὐτῶν
1793 1514 1908 1546 κακίας,

272 1565 367 1586 nostra
384 1559 504 1587 utilitate
516 1560 563 1591 sit,
585 1560 686 1587 electio
701 1559 794 1586 futura
807 1564 859 1593 est,
876 1560 899 1588 si
912 1561 1028 1587 virtutes
1039 1564 1065 1587 et

272 1605 341 1640 ipsis
349 1605 507 1634 adversaria
520 1606 630 1640 Deoque
640 1607 768 1642 oppesita
784 1606 848 1633 vitia
858 1613 1065 1640 componamus,

271 1657 299 1680 et
316 1651 451 1687 quidquid
467 1652 501 1679 de
516 1652 583 1684 illis,
599 1655 655 1678 tam
674 1653 701 1678 in
717 1650 863 1687 Scriptura
879 1659 968 1684 sacra,
981 1659 1063 1686 quam

272 1705 287 1724 a
304 1698 410 1725 sanctis
425 1698 575 1732 divinoque
587 1697 703 1725 Numine
715 1698 813 1725 aﬂlatis
826 1697 952 1725 Patribus
961 1696 1064 1724 dictum

276 1742 365 1777 fuerit,
383 1743 572 1771 consulamus.
586 1743 692 1771 Exinde
702 1744 774 1771 enim
789 1751 852 1770 cum
861 1743 962 1771 eximia
974 1743 1067 1778 justo-

272 1796 333 1816 rum
350 1789 472 1824 praemia,
489 1793 546 1816 tum
565 1788 741 1816 denuntiatos
766 1788 901 1823 improbis
922 1788 1065 1815 cruciatus

271 1835 469 1870 intelligemus.

308 1879 445 1907 Caeterum
462 1886 544 1907 nosse
566 1879 683 1907 interest
698 1878 732 1906 ad
755 1878 922 1906 Christianae
938 1879 1064 1907 veritatis

272 1920 400 1961 gloriam,
417 1932 432 1953 e
446 1925 572 1953 Philonis
586 1931 613 1952 et
625 1925 737 1960 Iosephi
754 1926 939 1953 monumentis
954 1933 970 1952 a
983 1925 1064 1954 nobis

271 1971 355 1998 etiam
371 1971 522 1998 sententias
536 1978 599 1998 esse
611 1975 776 2006 congestas;
792 1971 840 2006 qui
858 1969 966 1998 Hebraei
983 1971 1065 1998 ambo

271 2022 354 2053 atque
384 2017 484 2044 eruditi
505 2017 559 2045 ~viri
586 2017 709 2045 fuerunt.
741 2017 927 2050 Quamobrem
950 2017 979 2044 in
1007 2025 1063 2045 rem

270 2063 368 2096 fuerit.
385 2064 460 2090 omni
474 2062 618 2098 diligentia
635 2064 731 2090 horum
744 2063 950 2091 narrationibus
962 2067 990 2091 et
1006 2071 1066 2098 pro-

270 2109 408 2138 nuntiatis
424 2109 549 2137 animum
565 2109 717 2142 attendere,
746 2113 775 2137 ut
800 2110 848 2145 qui
874 2117 930 2137 non
947 2110 1029 2138 modo
1049 2119 1064 2138 a

270 2155 416 2190 praecipuae
430 2154 493 2182 ﬁdei
505 2158 532 2182 et
547 2155 702 2182 sanctitatis
715 2155 847 2189 virorum,
859 2156 906 2191 qui
925 2155 995 2191 apud
1014 2162 1064 2183 nos

1117 1559 1165 1585 καὶ
1181 1559 1231 1585 ὅσα
1245 1560 1309 1595 περὶ
1326 1559 1416 1586 αὐτῶν
1429 1559 1556 1586 λέλεκται
1568 1561 1599 1595 τῇ
1615 1560 1674 1595 θείᾳ
1682 1560 1778 1595 Γραφῇ
1794 1560 1910 1591 καὶτοῖς

1118 1605 1204 1639 ἁγίοις
1220 1606 1267 1632 καὶ
1282 1605 1422 1640 θεοφόροις
1439 1605 1518 1640 ὴμῶν
1533 1606 1683 1641 Πατράσιν.
1701 1605 1837 1640 Εἰσόμεθα
1851 1605 1909 1641 γὰρ

1116 1651 1240 1678 ἐντεῦθεν
1257 1651 1365 1682 καὶτὰς
1390 1651 1520 1686 λαμπρὰς
1545 1651 1599 1677 τῶν
1627 1651 1739 1678 δικαίων
1764 1651 1909 1686 διανομὰς,

1116 1698 1234 1729 καὶτὰς
1258 1697 1447 1732 ὴπειλημένας
1472 1697 1543 1724 κατὰ
1577 1697 1632 1725 τῶν
1665 1697 1834 1725 ἁθετούντων
1862 1706 1910 1724 κο-

1115 1742 1217 1774 λάσεις.

1157 1885 1256 1913 Ἰστέον
1269 1886 1308 1918 δὲ,
1331 1887 1372 1914 ὅτι
1389 1888 1436 1914 καὶ
1456 1887 1511 1914 ἀπὸ
1530 1887 1583 1914 τῶν
1601 1886 1718 1917 Φίλωνος
1732 1885 1778 1912 καὶ
1811 1884 1910 1921 Ἰωσή-

1115 1940 1166 1958 που
1194 1934 1391 1968 συνταγμάτων
1414 1933 1600 1969 ὴθροίσθησαν
1622 1932 1731 1968 γνῶμαι
1759 1933 1799 1963 εἰς
1828 1931 1909 1962 κλέος

1115 1978 1164 2014 τῆς
1180 1980 1245 2014 παρ’
1261 1980 1340 2015 ἡμῶν
1352 1980 1495 2015 ἀληθείας.
1514 1980 1638 2015 Ἑϐραῖοι
1660 1979 1688 2006 δὲ
1704 1979 1788 2014 ἄμφω
1801 1978 1849 2004 καὶ
1861 1978 1908 2004 λό-

1115 2032 1169 2058 γιοι
1185 2025 1296 2060 ἄνδρεςσ
1311 2025 1352 2052 διδ
1364 2027 1514 2062 προσήκειν
1524 2026 1565 2053 δεῖ
1577 2026 1646 2061 μετὰ
1659 2026 1749 2060 πάσης
1764 2023 1908 2059 ἀκριϐείας

1114 2071 1172 2101 τοῖς
1179 2069 1342 2106 διηγήμασι,
1355 2072 1403 2098 καὶ
1412 2072 1609 2107 ἀποφθέγμασι
1623 2071 1737 2102 τούτων,
1753 2069 1791 2102 ὡς
1804 2069 1836 2096 οὐ
1856 2069 1907 2104 μό-

1116 2122 1159 2141 νον
1174 2114 1222 2141 τοῦ
1240 2115 1342 2142 σκοποῦ
1359 2116 1413 2142 τῶν
1429 2116 1493 2152 παρ’
1511 2117 1578 2152 ἡμῖν
1593 2116 1761 2142 πιστοτάτων
1780 2115 1829 2142 καὶ
1856 2123 1908 2150 μα-

1117 2162 1219 2198 καρίων
1231 2162 1336 2198 ἀνδρῶν
1355 2162 1409 2189 οὐδ’
1423 2163 1490 2194 ὅλως
1508 2163 1755 2199 διαμαρτάνουσιν·
1779 2161 1849 2189 ἀλλά
1874 2169 1906 2196 γε

270 2201 436 2233 ﬂoruerunt,
461 2200 516 2228 ﬁne
537 2204 565 2227 et
584 2201 725 2236 proposito
741 2208 776 2228 ne
799 2201 936 2228 tantillum
953 2201 1064 2237 quidem

1116 2207 1164 2233 καὶ
1180 2206 1280 2242 πολλὴν
1297 2207 1345 2243 τὴν
1375 2208 1497 2243 ἰσότητα,
1511 2208 1558 2235 καὶ
1584 2198 1752 2244 ὁμοιολεξίαν
1767 2206 1797 2233 ἐν
1815 2215 1845 2233 τε
1864 2206 1907 2234 λό-

271 2247 421 2279 aberrent;
438 2254 533 2274 verum
552 2250 579 2273 et
595 2247 742 2281 ingentem,
767 2251 825 2274 tum
847 2247 874 2275 in
886 2247 991 2279 verbis,
1006 2251 1065 2275 tum

271 2294 299 2320 in
316 2293 451 2325 moribus,
464 2292 676 2320 similitudinem
692 2297 719 2321 et
735 2294 948 2322 consensionem
966 2294 1066 2328 praefe-

271 2339 334 2366 rant
360 2348 366 2366 :
395 2342 421 2366 et
447 2338 593 2366 doctorum
611 2339 722 2374 eloquia
741 2347 803 2375 quae
828 2348 861 2368 ex
879 2340 922 2368 his
939 2340 1066 2368 eruditus

272 2384 353 2411 l‘ater
376 2383 565 2419 producturus
579 2389 641 2417 est,
670 2384 835 2412 conﬁrment
854 2385 957 2420 potius,
982 2391 1064 2419 quam

273 2428 439 2456 imminuant
455 2432 482 2456 et
498 2427 672 2456 labefactent.

308 2519 316 2534 ³
334 2516 420 2545 Exod.
438 2525 497 2552 xu,
513 2518 572 2552 5,6.

1116 2261 1176 2287 γοις
1191 2253 1239 2279 καὶ
1265 2252 1343 2289 nam
1362 2253 1576 2287 ἐπιδείκνυνται,
1595 2252 1760 2289 βεόαιοῦντα.
1783 2253 1906 2288 μᾶλλον,

1115 2299 1166 2326 οὐκ
1182 2299 1346 2327 ἑλαττοῦντα
1359 2300 1461 2328 τούτων
1471 2300 1546 2343 παρὰ
1557 2300 1604 2328 τοῦ
1613 2299 1719 2336 Πατρδς
1731 2299 1909 2335 ῥηθησόμενα

1115 2345 1202 2380 λόγια.
