2080 3111
183 139 247 172 Ιθάι

804 146 922 175 SACIH
943 147 1171 180 PARALLELA.

1734 153 1806 187 10ίί

640 292 722 326 279
739 293 806 319 ΤοΥ
825 294 872 320 ΕΝ
889 296 1002 322 ΑΙΊΟΙΣ
1017 297 1154 325 ΠΑΤΡΟΣ
1167 299 1263 327 ΗΜΩΝ

389 383 762 454 ΙΩΑΝΝΟΥ
798 391 972 458 ΤΟΥ
1013 392 1599 464 ΔΑΜΑΣΚΗΝΟΥ

277 539 459 623 ΕΙΣ
499 540 643 625 ΤΑ
679 543 930 630 ΙΕΡΑ
969 548 1709 638 ΠΑΡΑΛΛΗΛΑ..

459 765 719 824 SANCTI
771 769 1074 828 JOANNIS
1115 769 1525 830 DAMASCENI

389 914 515 988 DE
575 913 903 993 SACRIS
961 915 1584 998 PARALLELIS.

215 1121 270 1155 Τῆς
285 1120 464 1148 θεοπνεύστου
480 1121 592 1158 Γραφῆς
608 1124 624 1158 ὴ
641 1123 767 1158 ἄσκησις,
795 1125 910 1152 πλούτου
925 1127 962 1154 δό-

1055 1129 1202 1163 Scriplurae
1225 1128 1356 1156 divinitus
1381 1127 1523 1163 inspiratae
1555 1127 1696 1160 studium,
1723 1134 1801 1162 opes.

180 1165 228 1201 ζης
241 1167 287 1193 καὶ
301 1167 399 1202 ἀρχῆς,
415 1167 462 1194 καὶ
477 1167 587 1195 πάντων
601 1169 651 1196 ὃσα
661 1169 691 1196 τὸ
706 1170 802 1204 θνητὸν
813 1171 965 1203 ἀσπάζεται

178 1213 266 1246 γένος,
283 1212 425 1248 ὑπερέχει,
447 1213 583 1248 σωτηρίας
600 1215 666 1249 ἡμῖν
680 1215 772 1249 ἐφόδια
782 1216 964 1253 χαριζομένη.

179 1258 216 1284 Τὸ
232 1258 260 1284 δὲ
276 1259 340 1293 ῥᾷον
353 1258 447 1294 φέρειν
464 1259 528 1290 τοὺς
552 1259 582 1291 ἐξ
596 1260 681 1296 αὐτῆς
700 1261 814 1294 πόνους,
831 1262 862 1289 τὸ
879 1263 965 1298 παρὸν

180 1304 245 1338 ἡμῖν
260 1304 485 1339 πραγματεύεται
500 1304 652 1340 σύνταγμα.
681 1306 741 1332 Τῶν
755 1307 809 1343 γὰρ
822 1307 883 1335 λίαν
902 1309 966 1336 θαυ-

182 1349 351 1383 μαζομένων,
363 1349 397 1376 τὰ
411 1349 452 1376 ἐτι
461 1349 521 1376 καθ’
537 1350 689 1386 ὑπερϐολὴν
711 1352 814 1387 ἀμείνω
833 1353 905 1380 ἔστιν
919 1355 965 1382 εὑ-

180 1396 237 1429 ρεῖν
252 1395 281 1422 ἐν
291 1394 377 1430 αὐτῷ,
389 1395 436 1422 καὶ
457 1395 538 1431 κόρος
554 1396 640 1428 οὐδεὶς
663 1397 748 1432 ἀκοῆς
769 1398 823 1429 τοῖς
849 1400 965 1434 ἐπισκή-

179 1448 274 1467 πτουσι
286 1440 401 1474 γίνεται.
419 1440 450 1466 'H
461 1441 516 1476 γὰρ
526 1441 572 1468 τοῦ
585 1441 699 1473 κάλλους
711 1442 765 1470 τῶν
776 1444 942 1479 ἐγκειμένων
952 1446 964 1465 1³

178 1486 276 1522 ἐκλογὴ
292 1487 360 1522 πρὸς
372 1487 470 1522 ἑαυτὴν
491 1487 564 1514 ἕλκει
579 1488 642 1519 τοὺς
663 1488 886 1524 ἐντυγχάνοντας,
916 1491 965 1517 οὐκ

178 1533 250 1558 Edicta
268 1534 367 1567 καμεῖν
382 1532 412 1560 τδ
428 1533 524 1568 μέλλον
547 1532 662 1560 ἀκοῦσαι
688 1535 847 1568 ποθοῦντας,
864 1537 910 1563 καὶ
927 1537 965 1568 ὡς

177 1578 206 1602 ὲν
221 1580 362 1614 στιχηραῖς
384 1584 395 1598 ο
425 1579 517 1615 ᾄδεται
534 1580 662 1615 ρήσεσιν·
683 1590 692 1607 ι
719 1581 750 1607 Ol
766 1581 901 1614 ἐσθίοντες
919 1591 964 1617 με,

177 1622 217 1648 ἔτι
235 1623 404 1658 nev/discum,
418 1625 464 1651 καὶ
476 1626 499 1651 0!
515 1625 636 1657 πίνοντές
656 1634 700 1660 με,
714 1626 753 1652 ἔτι
766 1627 932 1662 διψήσουσιν.
952 1636 962 1653 ι

183 1667 348 1704 Ἐπέραστος
360 1670 414 1705 γὰρ
431 1670 468 1702 ὡς
492 1671 631 1706 ἀληθῶςὴ
651 1672 788 1706 γλυκύτης
807 1672 861 1699 τῶν
884 1681 964 1699 πνευ-

179 1714 300 1747 ματικῶν
316 1715 488 1750 μαθημάτων
501 1717 664 1750 ἁγιάζουσα,
680 1717 728 1744 καὶ
741 1717 904 1750 αὐξάνουσα,
917 1719 965 1745 καὶ

176 1758 313 1794 τρέφουσα
328 1759 342 1779 ά
355 1760 405 1792 τὰς
415 1760 520 1796 ψυχάς·
546 1762 722 1797 περιείληφεν
736 1762 764 1788 δὲ
786 1763 835 1790 ὅσα
849 1763 963 1798 ἠθικῶς.

1017 1173 1141 1208 gloriam,
1157 1172 1313 1207 imperium,
1323 1179 1354 1199 ac
1370 1172 1487 1207 denique
1500 1179 1543 1200 res
1557 1179 1604 1200 eas
1615 1179 1721 1206 omnes,
1733 1179 1802 1207 quas

1017 1218 1148 1245 mortales
1168 1217 1295 1252 amplecti
1322 1217 1422 1250 solent,
1444 1217 1605 1245 antecellit:
1627 1217 1727 1252 quippe
1742 1220 1803 1252 qua:

1017 1264 1114 1291 salutis
1128 1264 1208 1291 nobis
1225 1263 1323 1291 viatica
1341 1263 1454 1291 tribuat.
1465 1262 1501 1291 Ut
1517 1267 1608 1290 autem
1621 1262 1708 1297 ipsius
1724 1262 1803 1289 laboo

1017 1316 1061 1336 res
1076 1308 1184 1336 facilius
1202 1308 1321 1336 feramus
1334 1329 1341 1342 ,
1358 1308 1411 1335 hoc
1426 1307 1505 1336 nobis
1521 1308 1651 1335 volumen
1667 1311 1778 1342 praestat
1794 1316 1800 1333 :

1017 1354 1154 1390 siquidem
1168 1354 1202 1382 iis
1222 1362 1283 1390 quae
1299 1361 1413 1382 summae
1429 1354 1603 1381 admirationi
1625 1357 1700 1386 sunt,
1722 1353 1804 1387 longe

1016 1401 1207 1436 praestantiora
1221 1402 1248 1428 in
1269 1408 1301 1428 eo
1317 1401 1437 1435 reperire
1448 1403 1507 1433 est;
1521 1407 1609 1435 neque
1624 1400 1736 1426 satietas
1747 1399 1803 1426 ulla

1017 1447 1193 1476 fastidiumve
1220 1447 1306 1474 ullum
1323 1445 1476 1481 legentibus
1493 1445 1598 1481 oboriri
1617 1448 1718 1479 potest.
1752 1443 1801 1471 Et-

1015 1494 1087 1521 enim
1104 1493 1280 1529 pulchrarum
1294 1492 1472 1519 materiarum
1483 1478 1544 1526 qiiae
1555 1490 1600 1518 hic
1611 1490 1801 1522 continentur,

1016 1540 1138 1568 delectus
1154 1539 1187 1566 ad
1206 1546 1235 1567 se
1250 1539 1366 1566 lectores
1388 1537 1482 1566 trahit.
1509 1543 1559 1563 nec
1585 1543 1634 1563 eos
1659 1535 1801 1570 defatigari

1016 1587 1092 1619 sinit.
1109 1586 1157 1621 qui
1174 1593 1206 1613 ea
1222 1593 1282 1620 quae
1295 1589 1459 1620 sequuntur,
1473 1584 1568 1612 audire
1582 1585 1720 1619 gestiunt;
1736 1581 1801 1616 quin

1015 1635 1109 1667 etiam,
1132 1633 1362 1669 quemadmodum
1388 1633 1497 1660 canitur
1524 1633 1552 1660 in
1578 1631 1722 1660 sententiis
1741 1637 1802 1666 qua:

1016 1679 1141 1707 versibus
1157 1679 1266 1714 scriptae
1275 1682 1360 1706 sunt:
1376 1688 1386 1704 ‹
1401 1678 1452 1712 Qui
1465 1678 1549 1706 edunt
1563 1685 1616 1710 me,
1631 1677 1721 1704 adhuc
1736 1683 1801 1703 esu-

1016 1725 1097 1757 rient,
1114 1728 1141 1752 et
1152 1724 1199 1759 qui
1213 1724 1313 1752 bibunt
1328 1731 1382 1758 me,
1396 1724 1487 1751 adhuc
1500 1724 1593 1751 sitient
1605 1723 1624 1750 ’.
1643 1732 1652 1748 ι
1666 1721 1802 1757 Spiritus-

1016 1771 1082 1798 lium
1093 1770 1194 1806 quippe
1203 1769 1411 1804 disciplinarum
1424 1768 1576 1804 expetenda
1587 1768 1667 1803 plane
1679 1767 1801 1795 suavitas

176 1804 192 1838 ἢ
207 1804 354 1851 γνωμικῶς
366 1825 373 1837 ,
388 1806 405 1841 ἢ
420 1807 623 1842 παραινετικῶς
639 1808 667 1844 [ἠ
690 1810 784 1845 μνήμη
801 1810 922 1843 ἁγκναία
938 1809 961 1846 ε]

1014 1819 1067 1848 est.
1093 1804 1284 1851 quaaisanetos
1310 1814 1407 1842 reddat
1430 1814 1554 1846 animos,
1582 1819 1683 1847 eosque
1703 1811 1757 1838 alat
1776 1815 1803 1838 et

177 1849 246 1886 πρὸς
263 1851 352 1877 πᾶσαν
367 1852 455 1878 αἰτίαν
474 1861 515 1884 τε,
530 1854 577 1879 καὶ
593 1854 721 1880 ὑπόθεσιν
743 1856 775 1890 τῇ
797 1864 827 1881 τε
845 1856 961 1891 Παλαιᾷ,

177 1893 225 1920 καὶ
238 1894 296 1930 Νέᾳ
310 1895 364 1922 τῶν
379 1896 458 1931 ἱερῶν
473 1896 570 1931 λογίων
585 1898 679 1933 Γραφῇ
695 1899 830 1932 λέλεκται,
852 1901 908 1932 τοῖς
935 1901 963 1927 δὲ

178 1939 265 1973 ἁγίοις
287 1941 334 1967 καὶ
354 1941 493 1977 θεοφόροις
511 1943 591 1978 ἡμῶν
605 1944 763 1979 Πατράσιν·
783 1941 821 1972 ὧν
842 1945 872 1971 τὸ
891 1946 963 1981 μέγα

177 1984 264 2017 κλέος,
295 1986 366 2021 κατὰ
386 1988 477 2014 πᾶσαν
504 1988 554 2023 τὴν
575 1989 738 2025 οἰκουμένην
758 1989 768 2009 ἲ
790 1990 962 2026 διαϐεϐόηται

178 2031 223 2058 καὶ
237 2031 371 2068 ὕμνηται·
389 2034 435 2060 καὶ
451 2034 483 2061 τὰ
497 2036 560 2068 περὶ
576 2037 680 2063 τούτων
696 2038 834 2074 σποράδην
849 2039 962 2073 κείμενα

177 2079 375 2114 ἀποφθέγματα
387 2076 591 2116 ὴνθὸλόγηνται,
608 2084 655 2109 καὶ
667 2083 741 2115 ἰδίοις
751 2083 852 2116 τίτλοις
872 2093 962 2120 παρα-

175 2124 319 2152 τέθεινται.
346 2126 425 2153 Πᾶσα
449 2127 477 2153 δὲ
493 2128 509 2162 ὴ
525 2129 701 2163 πραγματεία
723 2131 751 2156 ἐν
770 2130 843 2165 τρισὶ
861 2130 961 2165 βίϐλοις

176 2169 400 2206 ἀναγέγραπταιθ
426 2172 472 2199 καὶ
487 2173 590 2200 τούτων
607 2175 623 2209 ὴ
641 2175 689 2210 μὲν
705 2175 800 2211 πρώτη
819 2176 961 2211 σύγκειται

176 2214 223 2247 ἀφ’
237 2212 275 2241 ὧν
292 2216 409 2250 μάλιστα
423 2218 556 2253 προσήκοι
570 2219 763 2255 εΧριστιανοῖς
780 2222 795 2241 h
810 2221 860 2257 τὴν
876 2222 962 2258 ἀρχὴν

176 2259 220 2285 ἀεὶ
231 2261 374 2293 ποιεῖσθαι.
390 2263 444 2290 ἀπὸ
454 2264 532 2295 Θεοῦ,
545 2264 594 2299 τὴν
608 2265 751 2301 τριαδικὴν
766 2267 867 2302 μονάδα
879 2269 963 2303 φωτί-

176 2303 275 2336 ζουσαν
290 2307 322 2333 ὲκ
336 2309 487 2344 προοιμίων
501 2310 587 2345 ἡμᾶς.
609 2311 641 2337 Ἦ
657 2311 685 2337 δὲ
698 2311 821 2347 δευτέρα,
836 2314 900 2349 περ).
916 2322 962 2340 συ-

177 2351 298 2384 στάσεως
310 2353 356 2379 καὶ
364 2355 559 2388 καταστάσεως
571 2356 625 2383 τῶν
638 2357 817 2392 ἀνθρωπίνων
833 2359 963 2394 πραγμά-

175 2405 229 2423 των
249 2399 345 2434 φησίν·
366 2401 383 2435 ή
397 2401 426 2428 δὲ
444 2401 535 2438 τρίτη,
563 2403 636 2435 ἰδίως
661 2403 696 2430 τὰ
720 2404 784 2440 περὶ
799 2405 899 2440 ἀρετῆς
915 2406 963 2432 καὶ

176 2443 275 2475 κακίας
288 2446 463 2482 περιείληφεν
476 2448 499 2475 ί.
513 2448 562 2475 Διὰ
575 2449 606 2476 τδ
619 2449 752 2485 εὔληπτον
766 2450 793 2477 δὲ
815 2450 838 2483 i,
849 2452 896 2478 καὶ
914 2452 963 2487 ρᾳ-

1013 1865 1118 1895 augeat.
1138 1860 1225 1887 Porro
1251 1861 1380 1887 volumen
1405 1860 1478 1887 istud
1504 1858 1697 1894 complectitur
1720 1857 1802 1892 quid-

1012 1906 1078 1942 quid
1091 1906 1221 1934 memoria
1238 1910 1332 1933 tenere
1343 1909 1460 1940 oportet,
1474 1905 1530 1932 sive
1539 1905 1572 1932 ad
1589 1912 1680 1932 mores
1692 1910 1801 1931 accom-

1013 1953 1132 1986 modate,
1162 1953 1219 1980 sive
1236 1952 1416 1983 sententiose,
1443 1959 1491 1978 seu
1515 1951 1549 1978 ad
1571 1949 1799 1978 commonendum

1013 1999 1146 2034 apposite,
1163 2005 1324 2033 quacunque
1342 1997 1375 2024 de
1387 2004 1470 2024 causa
1487 1996 1530 2023 vel
1546 1998 1718 2030 argumento,
1745 1998 1798 2020 tam

1013 2044 1040 2071 iu
1065 2044 1156 2071 Veteri
1192 2051 1274 2087 quam
1300 2043 1327 2070 in
1352 2042 1427 2070 Novo
1456 2048 1597 2068 sacrorum
1618 2039 1798 2067 Oraculorum

1012 2091 1198 2119 instrumento
1219 2084 1324 2117 dictum
1346 2089 1392 2120 sit,
1411 2095 1516 2115 necnon
1543 2094 1558 2113 a
1584 2086 1687 2113 sanctis
1703 2084 1800 2112 divini-

1013 2142 1112 2171 tusque
1127 2135 1266 2163 instinctis
1289 2135 1419 2162 Patribus
1435 2133 1549 2164 nostris.
1566 2139 1683 2167 quorum
1700 2130 1799 2165 ingens

1013 2183 1098 2218 gloria
1123 2185 1181 2209 toto
1205 2181 1270 2208 orbe
1292 2180 1445 2207 celebratur
1461 2182 1488 2206 et
1508 2177 1672 2205 decantatur
1691 2185 1699 2203 :
1718 2180 1799 2209 atque

1013 2229 1255 2264 apophthegmata,
1267 2235 1329 2262 quae
1344 2227 1387 2255 his
1410 2226 1444 2253 de
1460 2226 1542 2253 rebus
1559 2225 1678 2260 sparsim
1695 2223 1798 2259 jacent,

1013 2275 1040 2302 in
1053 2275 1163 2302 modum
1179 2273 1277 2300 ﬂorum
1292 2273 1362 2300 lecta
1379 2276 1453 2303 sunt.
1475 2277 1503 2299 et
1522 2272 1551 2299 in
1566 2279 1632 2298 suos
1647 2270 1741 2298 titulos
1756 2277 1799 2296 re-

1013 2321 1076 2348 lata.
1092 2320 1176 2354 Atqui
1193 2320 1353 2347 universum
1379 2326 1447 2353 opus
1471 2318 1548 2345 libris
1567 2317 1655 2344 tribus
1673 2315 1799 2343 contine-

1012 2369 1067 2399 tur;
1081 2371 1195 2399 quorum
1211 2364 1314 2399 primus
1332 2371 1364 2391 ex
1381 2363 1416 2390 iis
1435 2366 1555 2394 constat,
1577 2369 1590 2388 a
1606 2360 1706 2395 quibus
1719 2359 1800 2385 Chri-

1014 2411 1119 2438 stianos
1134 2410 1162 2437 in
1183 2409 1279 2444 primis
1295 2409 1374 2436 decet
1387 2408 1543 2443 auspicari;
1558 2407 1688 2434 nimirum
1701 2412 1715 2432 a
1732 2404 1797 2436 Deo,

1014 2460 1095 2491 atque
1110 2456 1144 2483 ab
1156 2455 1280 2490 ipsismet
1293 2454 1452 2489 primordiis
1464 2453 1562 2481 trinam
1575 2452 1694 2487 explicat
1706 2449 1798 2477 unita-

175 2487 239 2519 δίως
268 2489 405 2524 εὑρίσκειν
420 2493 454 2520 τὰ
469 2492 632 2529 ζητούμενα,
657 2497 671 2522 ὸ
695 2496 777 2529 πίναξ
799 2497 854 2524 τῶν
874 2506 960 2532 κεφα-

1014 2505 1079 2529 tem.
1097 2500 1241 2528 Secundus
1261 2500 1295 2528 de
1313 2507 1404 2527 rerum
1420 2499 1604 2526 humanarum
1621 2499 1797 2532 coagmenta-

176 2532 268 2566 ὶαίων,
283 2534 368 2570 ἠγουν
381 2538 405 2563 οἱ
422 2538 516 2572 τίτλοι,
532 2540 603 2566 κατὰ
631 2543 760 2575 στοιχεῖον
775 2543 914 2578 σύγκειται
935 2545 959 2564 ιι·

176 2579 224 2605 καὶ
236 2578 349 2607 ἕκαστον
364 2581 529 2618 ζητούμενον
544 2586 692 2621 κεφάλαιον
709 2589 887 2624 εὑρεθήσεται
904 2590 960 2616 κεί-

178 2634 258 2660 μενον
268 2627 297 2653 ὲν
308 2627 347 2663 τῷ
361 2630 506 2664 γράμματι
530 2632 576 2668 ἀφ’
596 2630 626 2661 οὗ
644 2635 690 2661 καὶ
705 2636 834 2673 ἄρχεται·
851 2635 915 2670 οἷον,
930 2638 960 2664 τὸ

210 2694 222 2710 ¹
232 2693 318 2724 Eccli.
339 2704 413 2731 niv,
425 2697 471 2725 29.

1015 2546 1088 2574 tione
1107 2549 1134 2572 et
1152 2549 1223 2573 statu
1245 2544 1328 2572 verba
1355 2543 1430 2571 facit.
1457 2543 1566 2570 Tertius
1595 2542 1736 2577 speciatim
1765 2540 1800 2567 de

1015 2592 1115 2620 virtute
1137 2595 1164 2619 et
1181 2591 1248 2618 vitio
1275 2594 1384 2618 tractat.
1410 2590 1544 2617 Caeterum
1564 2597 1619 2624 quo
1636 2587 1744 2615 facilius
1758 2587 1799 2614 in-

1014 2637 1100 2665 veniri
1116 2637 1224 2672 possint
1243 2644 1274 2663 ea
1289 2643 1345 2672 qua
1364 2639 1534 2670 quaeruntur,
1556 2634 1637 2662 index
1666 2633 1797 2668 capitum.

817 2736 936 2765 VARI/13
955 2737 1157 2767 LECTIONES.

210 2785 414 2831 ςξίιψρίιιεειιᾱἒ
425 2789 549 2831 ’ξωαννρυ
566 2788 751 2831 πρεσξυξέρου
766 2791 816 2831 Axii
829 2793 953 2831 piovzxoi
960 2793 1005 2819 τοῦ
1016 2795 1208 2831 Δαμασκηνοῦ,
1224 2795 1278 2822 τῶν
1289 2795 1409 2829 ὲκλογῶν
1426 2794 1528 2829 βιϐλίον
1545 2803 1571 2826 α,
1588 2794 1635 2821 καὶ
1648 2794 1674 2829 β.
1701 2794 1715 2814 b
1730 2794 1795 2823 ibid.

176 2821 339 2856 λεγομένων.

404 2829 415 2843 ε
430 2823 500 2859 ibid.
515 2823 613 2850 ἔνεστι.
640 2823 654 2843 ἀ
669 2824 733 2851 ibid.
747 2829 774 2852 et
789 2823 885 2852 Venet.
898 2823 1031 2859 ἀϋξωω.

1086 2835 1097 2849 θ
1123 2831 1193 2865 Ιῖυρ.
1205 2830 1351 2864 ἀναγκαία.
1374 2830 1420 2858 sed
1434 2830 1561 2857 Vcnctica
1579 2830 1628 2857 Iins
1643 2837 1725 2857 voces
1740 2836 1793 2856 non

178 2855 589 2929 iit-:23-.i;,:;:s:‘::::2zif*.
600 2859 895 2924 i°33§332:.“‘i*‘fﬁiiz
913 2855 1357 2932 σεέίξέευιξεσσῆίέῖί-ῖδῖδίσίέῇ
1370 2855 1796 2903 timemissis“.
