2080 3111
262 145 275 177 1
284 146 336 179 943

859 145 890 175 S.
904 143 1065 175 JOANNIS
1079 144 1293 178 DAMASCENI

1829 143 1896 176 10M

261 207 319 235 sive
337 205 421 238 tituli,
439 204 536 233 ordine
549 201 724 239 alphabetico
745 203 917 238 compositus
941 207 983 231 est
998 212 1005 231 :
1025 207 1053 231 et

1115 204 1160 232 ιπδ
1184 205 1232 232 τοῦ
1250 205 1324 240 ἄλφα
1338 226 1346 239 ,
1373 206 1412 237 είς
1427 205 1458 232 τὸ
1473 204 1546 240 ἄλφα
1570 204 1715 240 στοιχεῖον·
1731 203 1780 230 καὶ
1795 202 1825 229 τδ
1841 203 1895 230 ἀπὸ

261 251 476 288 unumquodque
504 253 586 284 caput
600 249 629 276 in
641 257 673 277 ea
688 249 780 277 littera
790 249 873 277 situm
888 249 1051 284 reperietur,

261 304 276 324 a
292 305 347 333 qua
376 295 496 330 incipit:
518 294 637 330 exempli
662 294 769 330 gratia,
788 302 849 330 quae
874 294 1011 330 incipiunt
1037 301 1053 322 a

262 344 351 370 littera
365 350 393 374 α,
408 342 436 369 in
450 341 585 369 elemento
600 349 617 368 α
633 350 640 369 :
657 349 718 375 quae
729 348 745 368 a
763 340 789 376 β,
810 341 838 368 in
854 341 1003 374 cletuento,
1026 341 1052 377 β,

261 393 288 415 et
301 388 342 416 sic
357 387 392 415 de
408 387 533 422 reliquis.
549 386 580 414 ln
596 386 650 415 line
676 391 768 414 autem
798 387 933 424 cujusque
954 387 1055 416 littera:

263 434 335 461 tituli
364 438 429 461 sunt
452 433 508 461 alio
534 433 666 462 lectorem
697 433 881 465 remittentes,
904 434 938 461 de
952 433 1055 469 quibus

264 488 327 508 mox
343 487 430 516 pauca
447 479 536 508 dicam
553 487 615 507 cum
631 480 695 515 quis
709 487 804 507 eorum
827 480 865 508 sit
879 487 947 508 usus
962 480 1054 508 decla-

264 527 342 555 rabo.
374 526 610 560 Quemadmodum
634 527 718 562 280
744 531 835 554 autem
861 527 956 554 vinum
984 535 1055 563 aqua

265 576 446 607 temperatum
473 578 558 599 suave
586 575 628 599 est
654 575 682 598 et
706 570 859 605 jucundam
886 571 1056 607 voluptatem

266 617 414 652 quamdam
428 616 528 650 eilicit,
559 615 600 644 sic
629 623 740 651 quoque
767 620 825 643 tota
851 616 935 652 hujus
964 617 1056 651 operis

266 667 418 696 structura,
435 667 532 698 utpote
558 670 592 690 ex
609 662 710 690 divinis
725 661 838 691 Litteris
852 667 880 690 et
895 668 1056 690 sanctorum

267 716 300 736 ac
313 709 446 736 divinitus
464 709 616 736 alllatorunt
626 707 737 735 Patrum
748 707 986 736 lucubrationibus
994 716 1058 742 per-

268 756 361 787 mista,
371 763 434 782 cttm
448 755 586 789 ingentem
598 755 654 782 illis
665 754 711 789 qui
730 754 836 790 legendi
847 754 964 783 studiosi
981 759 1057 788 sunt,

268 801 477 829 oblectationem
494 801 583 833 ail‘ert,
595 805 652 828 tum
672 801 757 828 multa
775 800 857 828 etiam
872 801 913 828 eis
924 801 970 836 qui
989 805 1060 828 stre-

268 855 323 875 nue
338 847 501 874 incumbunt
519 847 619 879 labori,
642 847 677 874 ad
692 854 724 875 ea
740 854 802 881 quae
822 846 926 881 legunt,
940 847 1060 874 retinen-

1103 251 1150 278 τοῦ
1166 251 1247 287 βῆτα,
1267 252 1308 284 είς
1321 251 1352 278 τὸ
1375 251 1459 287 βῆτα·
1472 250 1573 286 ὁμοίως
1591 250 1639 277 καὶ
1660 249 1693 276 τὰ
1709 248 1773 284 ἑξῆς
1789 247 1897 274 ἅπαντα

1105 298 1236 332 στοιχεῖα.
1260 297 1305 324 Ἐν
1324 297 1396 324 τέλει
1425 295 1482 323 δὲὶ
1508 297 1625 323 ἑκάστου
1649 293 1814 331 γράμματὸς
1844 293 1897 319 εισι

1104 341 1190 369 τίτλοι
1210 342 1461 378 παραπεμπόμενοι
1472 362 1480 374 ,
1497 341 1561 376 περὶ
1573 338 1611 368 ὦν
1630 339 1728 375 μικρδν
1741 338 1854 373 ὕστερον
1869 338 1898 364 ἐν

1105 388 1162 420 τοῖς
1173 388 1269 420 τόποις
1281 388 1428 423 γενόμενος
1444 386 1547 424 βραχέα
1566 385 1636 422 ἐρῶ,
1653 383 1748 420 σαφῶς
1762 383 1793 409 τδ
1806 383 1835 415 ἐξ
1848 382 1898 410 αὖ·

1105 434 1162 462 τῶν
1174 436 1310 470 χρήσιμον
1324 434 1478 470 παριστῶν.
1499 434 1548 460 ’ον
1566 432 1595 459 δὲ
1609 432 1712 468 τρόπον
1737 428 1808 461 οἶνος
1822 428 1898 456 ὕδατι

1108 480 1285 516 συγκραθεὶς,
1300 479 1367 516 ἡδύς
1379 481 1438 506 ἐστι
1457 480 1506 506 καὶ
1521 479 1658 514 ἐπιτερπῆ
1675 477 1725 513 τὴν
1739 478 1819 512 χάριν
1832 476 1899 502 ἀπο-

1106 527 1196 554 τελεῖ·
1214 526 1302 558 οὕτως
1317 526 1390 561 καὶὴ
1408 525 1567 560 κατασκευὴ
1581 524 1642 551 ὅλου
1652 522 1700 550 τοῦ
1714 521 1900 557 συγγράμμα-

1107 581 1164 605 τος.
1180 573 1335 608 σύμμικτος
1347 569 1414 600 οὖσα
1425 571 1479 598 ἀπὺ
1492 571 1543 607 τῆς
1560 570 1636 601 θείας
1652 568 1776 604 Γραφῆς,
1789 567 1836 593 καὶ
1847 566 1900 593 τῶν

1106 619 1190 646 ὁσίων
1212 619 1260 646 καὶ
1274 618 1413 654 θεοφόρων
1431 617 1537 653 ἀνδρῶν
1551 637 1559 650 ,
1577 615 1679 651 πολλὴν
1695 614 1762 649 ἔχει,
1777 615 1833 645 τοῖς
1852 612 1902 648 μὲν

1110 665 1283 700 βουλομένοις
1297 664 1495 699 ἀναγινώσκειν
1511 662 1702 699 ψυχαγωγίαν,
1717 661 1774 691 τοῖς
1788 660 1817 686 δὲ
1826 659 1902 694 φιλο-

1109 710 1248 744 πονοῦσιν,
1265 712 1305 743 είς
1324 711 1354 738 τὸ
1378 710 1423 738 διὰ
1436 711 1548 746 μνήμης
1572 708 1716 736 ἀναλαὸετν
1731 706 1883 742 εὐμάρειαν
1894 713 1902 720 ·

1110 759 1178 784 πᾶσι
1199 757 1228 784 δὲ
1244 758 1301 789 τοῖς
1329 755 1553 792 ὲντυγχάνουσίν,
1577 754 1722 790 ὠφέλειαν.
1741 753 1797 780 Καὶ
1813 753 1838 778 εἰ
1854 751 1904 786 μὲν

1110 801 1201 834 καλῶς
1215 802 1264 829 καὶ
1276 802 1472 838 προσηκόντως
1485 801 1677 832 συντέτακται,
1689 799 1770 826 τοῦτο
1778 798 1829 833 τῆς
1839 797 1906 824 ἄνω-

1111 848 1157 875 θεν
1175 849 1293 885 ὑπάρχει
1309 849 1406 885 ῥοπῆς.
1423 849 1455 875 El
1465 849 1494 875 δὲ
1511 847 1663 884 βαναύσως,
1678 846 1726 873 καὶ
1739 845 1770 872 οὺ
1789 844 1847 871 λίαν
1861 843 1906 870 εὑ-

268 892 314 924 da,
328 900 361 920 ac
374 892 492 928 denique
515 901 570 920 non
590 893 715 928 exiguam
742 892 894 920 tectoribus
913 893 1058 928 quibusvis

1115 895 1226 931 στόχως,
1245 895 1325 923 τοῦτο
1349 896 1380 922 τδ
1396 896 1446 931 τῆς
1460 895 1532 931 ὲμῆς
1557 893 1710 926 ἀσθενείας.
1739 892 1845 926 Ὀνομα
1867 888 1906 924 τῷ

268 938 428 966 utilitatem.
447 939 486 966 Ac
499 939 523 967 si
536 939 645 974 quidem
661 942 735 966 recte
755 942 782 966 et
796 942 826 965 ut
846 946 897 974 par
913 942 966 971 est,
984 939 1062 967 volu-

1115 942 1167 977 ὅλῳ
1182 942 1353 978 συντάγματι
1369 941 1407 969 τὰ
1423 941 1498 976 ἱερά.

268 994 332 1014 men
348 987 402 1014 hoc
416 987 612 1014 concinnatum
628 986 784 1018 est,divino
797 985 825 1012 id
838 986 943 1013 auxilio
957 988 1059 1015 ascribi
1080 988 1182 1017 debet:
1200 990 1244 1018 sin
1278 976 1343 1017 vero
1376 989 1472 1025 pingui
1500 988 1633 1020 Minerva,
1656 976 1809 1023 parumque
1834 982 1907 1012 {elici

268 1038 410 1064 successu,
434 1032 486 1060 hoc
503 1032 688 1060 imbecillitati
711 1039 778 1058 mete
794 1031 972 1059 tribuendum
995 1033 1059 1060 erit.
1078 1032 1177 1062 Totum
1193 1043 1276 1070 porro
1290 1035 1418 1062 volumen
1436 1042 1516 1061 sacra
1530 1037 1718 1067 nuncupatur.

304 1077 382 1106 Scire
396 1082 489 1106 autem
505 1082 625 1113 oportet,
642 1085 658 1106 e
671 1077 796 1105 Philonis
809 1078 890 1105 etiam
905 1082 933 1105 et
946 1077 1061 1114 Joseplti

268 1122 512 1151 lucubrationibus
533 1123 663 1151 collectas
681 1130 744 1151 esse
768 1123 931 1156 sententias,
950 1123 984 1151 ad
1000 1124 1061 1151 lau-

269 1169 330 1198 dem
358 1169 464 1197 scilicet
491 1169 657 1197 Christiana:
681 1170 817 1202 veritatis,
844 1177 926 1205 quant
953 1170 1061 1206 ipsimet

270 1215 422 1243 adversarii
437 1215 498 1250 ejus
510 1215 776 1243 commendaverint.

461 1261 707 1289 Transmiuionum
728 1261 882 1295 explicatio.

309 1307 389 1335 Modo
399 1308 526 1344 sequitur
539 1313 565 1335 ut
582 1307 615 1335 de
630 1307 892 1335 transmissionibus
907 1307 1062 1340 titulorum,

273 1354 332 1390 qui,
349 1362 412 1381 cum
441 1354 476 1381 ab
500 1353 595 1381 eadem
619 1354 709 1381 littera
730 1354 875 1389 incipiant,
891 1354 954 1382 alibi
971 1359 1062 1382 tamen

274 1399 356 1434 positi
380 1403 445 1427 sunt
465 1403 492 1427 et
510 1399 696 1434 reperiuntur.
720 1407 876 1427 sermonem
903 1399 1061 1427 habeamus.

275 1446 368 1473 Dicam
382 1453 446 1474 vero
458 1446 523 1481 quid
539 1446 574 1474 sit
598 1445 787 1478 transmissio,
803 1450 831 1474 et
847 1453 930 1481 quam
947 1446 982 1473 ob
998 1453 1064 1473 cau-

275 1498 333 1519 sam
350 1491 470 1519 inventa.
483 1491 669 1520 Transmissio
682 1495 725 1520 est
740 1491 824 1520 dictio
839 1499 888 1519 nos
906 1499 938 1519 co
948 1491 1064 1524 ducens,

279 1537 326 1564 ubi
344 1536 480 1572 quidquid
500 1537 661 1572 quaerimus,
677 1537 823 1572 reperitur.
837 1536 962 1572 Magnam
976 1541 1066 1564 autem

276 1582 337 1610 haec
352 1583 498 1610 utilitatem
515 1583 587 1610 libro
612 1582 692 1610 atl'ert
712 1591 719 1609 :
743 1590 797 1610 non
822 1583 905 1610 modo
920 1582 994 1609 enim
1015 1582 1068 1609 hoc

278 1633 401 1662 praestat,
418 1633 449 1656 ut
462 1629 584 1656 breviter
599 1628 705 1664 aliquid
718 1628 1004 1664 comprehendamus;
1019 1627 1068 1655 sed

277 1673 359 1701 etiam
375 1674 509 1702 orationis
526 1674 714 1709 prolixitatem
726 1677 863 1709 amputat,
879 1677 909 1700 ut
924 1679 990 1709 pote
1007 1681 1068 1709 quae

277 1717 373 1745 eadem
387 1723 511 1753 repetere
522 1726 578 1747 non
593 1719 679 1752 sinat,
697 1727 748 1747 nec
765 1719 949 1754 frequentiori
976 1727 1068 1746 rerttm

277 1763 435 1790 earumdem
451 1763 597 1791 iteratione
613 1764 764 1791 molestiam
780 1764 952 1792 auditoribus
962 1772 1067 1792 creare.

278 1810 361 1845 Atqui
375 1810 548 1844 potissimum
578 1810 688 1837 inventa
705 1813 758 1842 est,
780 1810 816 1837 ob
839 1817 872 1838 ea
890 1818 951 1845 qua:
967 1811 1069 1838 similia

279 1859 354 1887 sunt,
370 1855 428 1883 sive
441 1863 502 1890 quae
530 1855 719 1890 multipliciter
741 1855 775 1883 de
798 1863 852 1882 una
872 1856 1025 1891 eademque
1040 1864 1070 1884 re

279 1901 470 1928 enuntiantur.
483 1900 560 1928 Multi
578 1901 713 1936 siquidem
730 1901 758 1928 in
771 1901 895 1936 quolibet
909 1902 980 1929 libro
996 1903 1069 1929 tituli

278 1951 354 1978 sunt,
380 1953 499 1981 quorum
530 1946 677 1982 inscriptio
703 1951 822 1982 quatuor
850 1947 1021 1980 nominibus,
1039 1956 1070 1975 ac

279 1992 398 2020 fortasse
414 1992 498 2020 etiam
518 1992 647 2027 pluribus
661 1997 772 2021 constet
787 2001 841 2027 :,v.
861 2001 903 2028 gr.
923 1993 960 2021 De
976 2002 1069 2029 super-

280 2039 329 2071 bis,
344 2043 369 2066 et
383 2039 522 2073 fastuost’s,
537 2043 562 2066 et
576 2040 779 2074 arrogantibus,
811 2044 837 2067 et
863 2040 952 2067 inanis
978 2041 1071 2074 gloria:

279 2084 394 2120 cupidis.
410 2085 473 2112 Haec
487 2085 560 2113 enim
575 2086 638 2113 licet
653 2093 667 2112 a
682 2086 798 2114 diversis
815 2086 1069 2122 litterisincipiant,

280 2131 386 2159 ratione
394 2135 486 2159 tamen
495 2131 616 2159 materia:
625 2131 697 2159 idem
704 2135 780 2159 sunt.
790 2131 959 2160 Undeetiam
967 2133 1068 2160 factum

278 2181 341 2209 est,
367 2180 398 2205 ut
424 2177 568 2205 nominum
591 2178 795 2212 verborumque
824 2178 1025 2213 appositionem
1054 2186 1069 2205 a

280 2222 424 2257 Scriptura
444 2231 523 2251 sacra
549 2228 576 2251 et
599 2224 704 2251 sanctis
731 2223 859 2252 Patribns
883 2225 1068 2252 communiter

279 2268 448 2303 acceperint.
469 2268 656 2304 Rursumque,
683 2269 719 2297 De
746 2270 894 2302 temeraria,
928 2275 953 2297 et
979 2271 1067 2304 impu-

279 2314 372 2348 dente,
389 2319 414 2342 et
432 2315 644 2348 excandescente,
667 2319 693 2343 et
716 2316 853 2349 iracundo,
878 2320 904 2343 et
927 2316 1067 2346 cltolerico.

277 2359 347 2387 Nam
362 2364 390 2388 et
408 2365 507 2389 cuncta
528 2361 587 2389 haec
607 2362 827 2390 consideratione
845 2370 930 2390 unum
946 2367 973 2390 et
996 2363 1068 2390 idem

279 2412 354 2434 sunt.
368 2407 457 2443 Atque
472 2415 508 2436 ne
522 2408 655 2437 lectiones
666 2408 776 2437 easdem
792 2409 826 2436 iis
837 2409 996 2443 tribuendo,
1008 2417 1069 2445 quae

277 2453 423 2483 vocabulis
442 2454 587 2488 duntaxat,
612 2462 644 2482 ac
667 2463 721 2483 non
748 2455 812 2483 item
828 2456 911 2483 rebus
930 2455 1070 2490 disjuncta

279 2504 356 2531 sunt,
370 2500 397 2528 in
412 2501 598 2536 prolixitatem
614 2501 782 2534 incidamus,
794 2502 952 2530 necessario
961 2502 1070 2537 excogi-

278 2551 336 2575 tata
350 2547 528 2576 trausmissio
546 2551 589 2576 est
602 2556 609 2575 :
625 2548 708 2583 cujus
724 2548 847 2576 videlicet
860 2556 913 2584 ope
928 2552 956 2576 et
968 2549 1071 2577 auxilio

281 2594 334 2620 hoc
348 2597 536 2628 comparatur,
560 2597 592 2621 ut
616 2594 688 2622 tituli
714 2602 762 2622 seu
784 2595 874 2630 capita
897 2594 1070 2630 alphabetico

278 2637 376 2665 ordine
386 2638 513 2666 edantur.
528 2638 664 2672 Quocirca
677 2640 710 2667 iis
725 2640 772 2676 qui
786 2640 939 2667 litterarum
949 2640 1066 2667 indicem

281 2676 385 2717 legunt,
403 2682 559 2711 faciendum
573 2690 624 2717 est,
643 2689 674 2712 ιιι
692 2686 918 2713 transmissiones
936 2685 987 2720 ipsi
1002 2684 1068 2712 sub-

1080 1516 1102 1545 (Ξ

1157 1082 1256 1109 ’ἰστέον
1272 1082 1300 1109 δὲ
1312 1081 1349 1113 ὠς
1365 1086 1385 1096 ’³
1401 1081 1448 1107 καὶ
1468 1080 1523 1107 ἀπὸ
1535 1079 1590 1106 τῶν
1602 1079 1650 1105 τοῦ
1661 1078 1779 1108 Φίλωνος
1790 1076 1837 1103 κα)⁸
1848 1075 1907 1102 Ἰω-

1116 1128 1225 1164 σήππου
1246 1126 1445 1161 συνταγμάτων
1466 1129 1480 1143 ιι
1508 1122 1692 1160 ἡθροίσθησαν
1721 1120 1839 1156 γνῶμαι,
1867 1119 1909 1149 είς

1117 1166 1196 1206 κλέος
1209 1174 1258 1209 τῆς
1275 1173 1341 1209 παρ’
1360 1173 1425 1207 ἡμῖν
1440 1170 1582 1213 ἀληθείας,
1606 1169 1654 1196 καὶ
1668 1167 1722 1195 ὑπὸ
1738 1165 1880 1201 δυσμενῶν
1895 1167 1907 1181 ο

1117 1222 1221 1256 ἀνευφη
1226 1228 1276 1255 μου
1281 1220 1375 1255 μένης.

1284 1265 1320 1293 Ἦ
1342 1264 1434 1297 λύσις
1452 1262 1512 1290 τῶν
1529 1258 1747 1297 παραπομπῶν.

1158 1311 1301 1340 Ἐντεῦθεν
1321 1311 1349 1337 αι
1375 1308 1562 1345 παραπομπαὶ
1586 1307 1641 1334 τῶν
1654 1305 1762 1337 τίτλων,
1778 1303 1834 1330 τῶν
1853 1301 1909 1329 ἀπὺ

1116 1359 1164 1387 τοῦ
1178 1357 1260 1386 αὑτοῦ
1280 1356 1413 1393 στοιχείου
1424 1354 1596 1390 ἀρχομένων,
1615 1353 1662 1380 κα¹ι
1678 1350 1795 1386 ἀλλαχοῦ
1811 1348 1908 1383 κειμέ-

1117 1414 1170 1433 νων
1182 1412 1212 1431 τε
1224 1423 1233 1436 ,
1264 1402 1312 1430 καὶ
1340 1401 1556 1438 εὑρισκομένων.
1574 1397 1743 1433 Λεχθήσεται
1766 1394 1794 1421 δὲ
1806 1393 1832 1420 τί
1850 1393 1910 1438 ὲστρ

1118 1449 1305 1486 παραπομπὴ,
1314 1448 1362 1475 καὶ
1369 1436 1402 1474 δι’
1414 1446 1447 1482 ἥν
1459 1445 1549 1473 αἰτίαν
1561 1443 1715 1479 ἐξεύρηται.
1729 1436 1909 1486 Παραπομπή

1118 1485 1177 1523 ἐστι
1192 1495 1265 1527 λέξις
1279 1493 1425 1530 ὁδηγοῦσα,
1436 1492 1483 1519 καὶ
1493 1491 1610 1518 ἕλκουσα
1625 1489 1699 1524 ἡμᾶς
1716 1486 1781 1514 ἔνθα
1793 1485 1910 1512 ἕκαστον

1118 1543 1174 1570 τῶν
1193 1541 1368 1577 ζητουμένων
1387 1538 1556 1574 εὑρίσκεται.
1577 1535 1680 1570 Πολλὴν
1701 1534 1729 1560 δὲ
1743 1533 1838 1569 χρεϊαν
1852 1531 1911 1577 εἰσ-

1120 1590 1200 1625 φέρει
1214 1576 1254 1623 τῷ
1268 1587 1450 1621 συντάγματι.
1469 1585 1506 1611 οὺ
1523 1583 1603 1619 μόνον
1614 1581 1668 1618 γὰρ
1681 1580 1814 1614 σύντομον
1827 1576 1912 1603 κατά-

1119 1635 1201 1671 ληψιν
1217 1633 1371 1670 χαρίζεται,
1385 1631 1453 1658 ἀλλὰ
1467 1631 1515 1657 καὶ
1527 1630 1613 1665 μῆκος
1622 1628 1702 1662 λόγου
1716 1625 1910 1671 ὑποτέμνεται,

1122 1669 1355 1717 μῆγσυγχωροῦσα
1377 1676 1561 1710 παλίλλογεῖν,
1579 1675 1626 1701 καὶ
1645 1675 1680 1700 τὰ
1695 1671 1765 1699 αὐτὰ
1781 1669 1913 1717 πολλάκις

1121 1714 1249 1760 λέγοντάς
1258 1714 1376 1760 ἐνοχλεῖν
1390 1723 1455 1755 τοὺς
1468 1721 1628 1752 ἀκούοντας.
1645 1719 1773 1755 Μάλιστα
1786 1716 1814 1743 δὲ
1830 1714 1912 1750 ἐξηύ-

1122 1781 1202 1808 ρηται
1213 1772 1257 1798 διὰ
1268 1771 1302 1798 τὰ
1313 1769 1491 1806 ὁμοιότροπα,
1505 1768 1589 1804 ἠγουν
1601 1766 1636 1793 τὰ
1647 1766 1695 1793 ἐπὶ
1710 1764 1768 1796 ἑνὸς
1782 1763 1912 1800 πρᾶγμαι

1120 1828 1166 1850 τος
1179 1817 1321 1852 πολλαχῶς
1341 1816 1488 1851 λεγόμενα.
1505 1815 1634 1849 Διάφοροι
1648 1813 1703 1848 γάρ
1721 1813 1773 1839 εισι
1783 1810 1867 1837 τίτλοι
1882 1811 1913 1835 ὲν

1121 1866 1231 1900 ἑκάστῳ
1248 1864 1331 1899 βιὸλῳ
1345 1863 1378 1890 ὲκ
1393 1862 1536 1897 τεσσάρων
1555 1860 1707 1896 ὀνομάτων,
1732 1859 1798 1890 ἴσως
1813 1857 1842 1884 δὲ
1863 1857 1914 1883 καὶ

1122 1911 1154 1937 ὲκ
1169 1909 1301 1937 πλειόνων
1326 1908 1376 1940 τὰς
1405 1907 1562 1942 ἐπιγραφὰς
1588 1906 1711 1941 ἔχοντες·
1739 1900 1805 1936 οἷον,
1840 1901 1913 1935 Περὶ

1121 1954 1333 1990 ὑπερηφάνων,
1351 1950 1406 1981 ’καὶ
1422 1951 1569 1987 σοϐαρῶν,
1597 1951 1647 1978 καὶ
1676 1949 1838 1981 ἀλαζόνων,
1863 1949 1916 1976 καὶ

1121 2001 1301 2033 κενοδόξων.
1319 1999 1414 2027 Ταῦτα
1431 1999 1487 2034 γὰρ
1501 1999 1526 2025 εί
1539 1999 1587 2025 καὶ
1606 1997 1659 2024 ἀπὺ
1675 1996 1803 2031 διαφόρου
1819 1994 1914 2030 γράμ-

1123 2058 1207 2085 ματος
1220 2049 1312 2083 εχουσι
1323 2047 1372 2081 τὴν
1382 2045 1479 2081 ἀρχὴν,
1493 2044 1592 2071 ταυτόν
1604 2044 1662 2075 ἐστι
1676 2042 1714 2078 τῷ
1726 2042 1911 2076 ὑποκειμένῳ.

1122 2096 1167 2123 Διὸ
1179 2095 1226 2122 καὶ
1235 2093 1284 2130 τὴν
1301 2092 1356 2120 τῶν
1381 2092 1511 2128 ῥημάτων
1527 2090 1678 2126 παράθεσιν
1693 2089 1746 2116 ἀπὸ
1761 2089 1811 2121 τῆς
1835 2087 1914 2118 θείας

1121 2141 1235 2177 Γραφῆς
1252 2139 1299 2166 καὶ
1324 2137 1379 2166 τῶν
1396 2137 1477 2164 ὁσίων
1501 2136 1630 2171 Πατέρων
1655 2135 1754 2166 κοινῶς
1776 2133 1912 2167 ἐδέξαντο.

1086 2187 1179 2226 υΚαὶ
1195 2186 1287 2216 πάλιν,
1303 2183 1375 2218 Περὶ
1400 2182 1583 2217 προπετοῦς,
1609 2180 1658 2208 καὶ
1681 2178 1835 2226 ἀναιδοᾷς,
1863 2177 1915 2226 καὶ

1122 2232 1287 2268 θυμώδους,
1303 2230 1351 2258 καὶ
1368 2230 1503 2265 ὀργίλου,
1513 2228 1563 2255 καὶ
1576 2227 1737 2261 ὀξυχόλου.
1755 2225 1810 2252 Καὶ
1826 2223 1915 2250 ταῦτα

1122 2267 1177 2313 γὰρ
1191 2277 1281 2304 πάντα
1301 2276 1330 2302 ὲν
1345 2275 1378 2310 τῇ
1396 2273 1498 2309 θεωρίᾳ
1521 2272 1684 2307 ὑπάρχουσι.
1701 2269 1756 2297 Καὶ
1770 2269 1813 2295 ἵνα
1830 2267 1868 2303 μὴ
1885 2269 1914 2313 ἐν

1121 2312 1266 2359 τῷίνέμειν
1278 2321 1312 2348 τὰ
1325 2320 1396 2347 αὐτὰ
1410 2318 1614 2353 άναγνώσματα
1626 2318 1681 2347 τοῖς
1694 2316 1723 2342 ὲν
1739 2315 1856 2351 ῥήμασι,
1866 2312 1916 2339 καὶ

1122 2370 1172 2397 οὐκ
1187 2370 1215 2396 ἐν
1233 2367 1377 2402 πράγμασι
1388 2364 1614 2401 κεχωρισμένοις,
1627 2361 1750 2397 μακροὺς
1763 2359 1915 2387 ἀποτείνω-

1124 2424 1175 2452 μεν
1185 2415 1291 2449 λόγους,
1308 2412 1466 2447 ἀναγκαίως
1480 2411 1498 2446 ἡ
1509 2407 1685 2445 παραπομπὴ
1699 2405 1858 2452 ἔξηιλρηταιλ,
1879 2404 1915 2429 δι’

1122 2449 1156 2496 ἧς
1180 2458 1352 2494 περιγίνεται
1381 2457 1448 2492 ἡμῖν
1461 2456 1479 2491 ὴ
1499 2454 1570 2482 κατὰ
1590 2453 1721 2488 στοιχεῖον
1735 2451 1789 2478 τῶν
1802 2449 1914 2496 τίτλων,

1122 2506 1206 2541 ἤγουν
1219 2503 1273 2531 τῶν
1290 2502 1455 2537 κεφαλαίων,
1469 2500 1586 2532 ἐκθεσις.
1598 2499 1736 2534 Προσήκει
1745 2496 1835 2524 τοίνυν
1849 2495 1914 2526 τοὺς

1121 2549 1336 2585 ἐντυγχάνοντας
1353 2547 1392 2583 τῷ
1409 2547 1504 2574 πίνακι
1518 2545 1668 2581 στοιχείων,
1684 2544 1732 2571 καὶ
1747 2542 1797 2574 τὰς
1820 2548 1915 2575 παρα.-

1122 2595 1235 2628 πομπὰς
1261 2595 1310 2626 τὰς
1331 2593 1556 2628 ὑποτεταγμένας
1585 2591 1660 2627 αὑτῷ
1682 2587 1914 2617 ἐπισκέπτεσθαι.

1122 2643 1159 2668 Τὸ
1173 2643 1229 2678 γὰρ
1240 2641 1406 2677 ζητούμενον
1418 2640 1565 2675 κεφάλαιον
1579 2639 1607 2665 ἐν
1622 2638 1663 2665 ἑνὶ
1672 2636 1776 2664 τούτων
1795 2634 1914 2670 εὑρεθή-

1125 2693 1210 2712 σεται.

281 2725 364 2758 iectas
381 2728 540 2762 inspiciant.
556 2729 644 2764 Caput
659 2729 732 2757 enim
748 2730 820 2764 quod
840 2730 985 2765 quaesitum
1003 2731 1066 2760 erit.
1087 2728 1115 2756 in
1133 2729 1228 2756 harum
1246 2729 1337 2764 aliqua
1357 2728 1521 2763 reperictur.

925 2798 1045 2826 VARUE
1073 2797 1276 2827 LECTIONES.

333 2855 341 2894 ξ
358 2855 536 2894 [itec_de_sunt_
549 2858 576 2884 in
593 2857 664 2894 Ιὶιιι)ἲ
676 2866 772 2894 usque
784 2857 829 2894 ad,
843 2856 872 2884 ὃν
885 2859 913 2885 δὲ
925 2858 1034 2894 τρόπος.

1132 2858 1312 2894 llupel‘ut-ald.
1327 2858 1378 2885 ὅτι,
1405 2862 1419 2877 ιι
1436 2858 1502 2886 ibid.
1524 2857 1792 2894 συγγραμμάτων.“
1815 2854 1921 2894 ξίὶιίά.

290 2885 412 2924 Ἑϐραῖοι
421 2890 449 2915 δὲ
463 2890 613 2926 ἀμφότεροι
625 2885 761 2925 κάὶλὸγίοι
778 2885 872 2926 ἄνδρες
887 2885 1117 2929 quemadmodum
1129 2899 1155 2922 et
1164 2885 1192 2922 iit
1201 2895 1284 2922 altera
1294 2885 1453 2930 praefatione
1466 2885 1514 2923 seu
1525 2885 1775 2928 prologo-anonymi
1784 2888 1920 2921 habetur-
