2080 3111
212 858 214 860 _
268 829 340 851 tuus-
350 826 393 850 est
413 829 461 849 rex
485 819 582 852 Ozias,
610 816 668 845 vidi

257 121 325 156 1071

841 109 871 137 S.
892 104 1053 137 JOANNIS
1069 100 1285 133 DAMASCENI

1817 90 1887 124 1072

293 178 368 207 Paul.
380 180 447 209 xvu,
465 174 509 203 5|.
525 186 560 194 -—
575 179 585 197 1
606 169 674 204 Quis
691 168 763 196 Dens
785 170 885 201 praeter
901 162 1046 190 Dominum
1063 162 1072 190 Α

1136 167 1146 184 1
1164 158 1212 190 Τίς
1234 156 1299 190 Θεὸς
1317 154 1404 190 πάρεξ
1425 152 1472 180 τοῦ
1491 151 1595 187 Κυρίου
1621 149 1710 186 ἡμῶν,
1729 148 1804 184 ἣτις
1820 148 1886 180 Θεὸς

257 206 405 254 nostrum?
421 206 466 249 aut
481 218 546 254 quis
560 216 634 243 Deus
658 218 757 248 praeter
774 211 859 239 Deum
877 206 1021 236 nostrum?
1037 215 1046 232 ι

294 250 473 298 live-afﬁnxit,
527 277 562 284 -—
579 271 589 288 1
612 260 704 288 Verbo
721 257 833 286 Domini
862 254 924 283 cali
950 250 1051 280 ﬁrmati

260 319 335 347 sunt.
351 317 379 341 et
395 310 493 347 spiritu
508 307 565 336 oris
578 306 640 343 ejus
651 304 743 333 omnis
759 303 849 330 virtus
861 305 968 328 eorum.
986 306 996 323 ι

295 397 371 427 Prol.
384 403 481 428 Lxxm,
495 393 536 421 ΙΞ.
547 407 580 413 -
597 401 607 418 1
624 391 697 419 Deus
711 391 804 416 autem
819 393 866 414 rex
883 387 981 413 noster
989 387 1053 410 ante

261 445 372 474 saecula.
392 453 402 470 ι

295 501 373 530 Paul.
389 507 489 533 Lxxxv,
504 498 532 527 8.
546 512 584 520 —
600 505 609 523 1
624 495 685 524 Non
705 497 747 522 est
760 491 861 521 similis
889 489 930 518 tui
948 489 976 516 in
989 487 1053 520 diis,

259 548 390 580 Domine,
406 550 433 573 et
444 551 499 572 non
509 547 551 572 est
567 540 717 571 secundum
731 544 814 574 opera
825 540 884 563 tua.
904 543 914 560 ι

299 593 375 620 Psal.
386 598 498 622 Lxxxix,
511 589 538 617 l.
549 602 584 608 —
599 596 609 613 1
621 585 750 618 Domine,
764 582 905 618 refugium
920 579 1012 607 lactus
1025 584 1056 606 es

264 640 355 671 nobis,
372 636 400 665 in
416 635 594 672 generatione
604 636 631 661 et
641 630 829 668 generatione.
847 636 857 654 ι

300 685 376 713 Ρωι.
396 691 452 715 xiv,
475 681 518 709 18.
531 695 564 702 -
590 688 600 705 1
620 678 745 714 Regnum
760 680 851 707 tuum,
866 678 981 709 regnum
997 677 1057 698 omv

259 734 340 760 stium
358 730 532 761 saeculorum,
545 736 555 754 ι
566 730 622 754 etc.

301 777 359 805 Im.
374 784 412 807 τι,
428 774 488 802 1-5.
503 786 539 793 -—
552 781 564 798 1
585 770 701 798 Factum
721 771 764 796 est
784 767 812 794 in
827 772 901 793 anno
917 770 972 799 quo
985 769 1060 790 mor-

694 814 840 842 Dominum
869 810 1011 839 sedentem
1031 807 1058 836 in

263 870 337 899 solio
352 867 462 896 excelso
471 870 498 894 et
512 865 618 893 elevato
630 871 638 889 :
652 866 679 889 et
695 861 777 896 plena
788 861 848 887 erat
862 857 961 885 domus
971 854 1061 891 gloria

267 915 339 949 eius.
355 913 387 939 Et
400 909 545 945 Seraphim
559 906 672 935 stabant
683 904 759 932 circa
773 902 842 930 illud
857 911 864 929 :
881 909 929 929 sex
944 899 995 927 ala
1007 898 1056 926 uni

268 947 295 988 et
311 967 359 988 sex
370 951 425 986 ala:
445 955 542 988 alteri;
561 957 589 982 et
605 951 717 980 duabus
733 948 863 978 velabant
878 947 963 974 facies
984 951 1060 977 suas,

267 1011 296 1034 et
306 1004 414 1033 duabus
428 1001 557 1030 velabant
573 998 657 1035 pedes
667 1003 743 1028 suos,
759 999 786 1023 et
799 993 909 1022 duabus
921 991 1061 1019 volabant.

270 1052 303 1079 Et
322 1049 479 1078 clamabant
497 1047 567 1074 alter
579 1044 613 1072 ad
633 1043 763 1074 alterum,
781 1047 809 1068 et
826 1038 977 1067 dicebant:
993 1035 1063 1063 San-

269 1103 342 1129 ctus,
372 1098 497 1126 sanctus,
529 1094 655 1122 sanctus.
681 1087 815 1115 Dominus
833 1084 906 1112 Deus
929 1080 1062 1110 Sabaoth.

271 1143 352 1171 Plena
370 1145 412 1169 est
429 1138 520 1167 omnis
534 1141 610 1165 terra
627 1133 714 1171 gloria
731 1132 802 1167 ejus.
823 1140 832 1157 ο

307 1231 365 1259 Isa.
377 1237 433 1263 xu,
443 1229 470 1257 4.
480 1243 513 1248 -
529 1237 538 1254 1
556 1225 615 1262 Ego
627 1224 770 1256 Dominus,
781 1224 809 1250 et
824 1220 852 1248 in
868 1226 901 1248 ea
912 1224 972 1254 quze
983 1223 1066 1245 even-

268 1284 332 1306 ‘tura
347 1280 423 1309 sunt,
436 1281 487 1310 ego
502 1280 574 1301 sum.
594 1281 604 1298 ι

308 1322 367 1350 Isa.
384 1306 467 1352 xum:
483 1318 524 1346 I0.
539 1331 575 1338 —
592 1325 601 1343 1
619 1315 741 1346 Scitote,
761 1315 789 1340 et
813 1309 919 1338 credite
939 1306 1023 1340 mihi,
1040 1308 1068 1334 et

274 1367 430 1403 intelligite,
446 1365 512 1400 quia
537 1369 588 1398 ego
608 1362 668 1397 ipse
685 1366 757 1388 sum.
781 1357 853 1384 Ante
878 1362 922 1383 me
948 1361 1006 1381 non
1025 1354 1069 1380 est

271 1399 411 1441 formatus
427 1399 500 1438 Deus
514 1408 597 1441 alius,
608 1411 636 1434 et
652 1412 761 1433 mecum
773 1411 828 1431 non
842 1402 907 1430 erit.
922 1399 978 1435 Ego
994 1405 1067 1431 sum,

274 1467 326 1495 ego
341 1465 402 1487 sum
414 1457 498 1487 Deus.
516 1459 544 1483 et
558 1461 615 1481 non
632 1455 675 1481 est
687 1456 764 1480 extra
782 1457 827 1478 me
845 1448 968 1476 salvans.
986 1455 996 1472 ι

1102 203 1172 238 πλὴν
1188 201 1236 229 τοῦ
1253 200 1321 228 Θεοῦ
1338 199 1432 235 ὴμῶν;
1449 207 1458 225 ι
1606 219 1611 223 .

1140 259 1149 276 1
1169 248 1214 284 Τῷ
1226 247 1298 283 λόγῳ
1313 246 1419 282 Κυρίου
1436 245 1462 272 οἱ
1477 243 1588 280 οὐρανοὶ
1603 240 1822 277 ἐστερεώθησαν,
1842 239 1890 267 καὶ

1102 295 1141 331 τῷ
1157 283 1295 330 πνεύματι
1317 292 1366 319 τοῦ
1392 291 1528 327 στόματος
1540 287 1624 316 αὐτοῦ
1645 288 1723 314 πᾶσα
1741 286 1759 321 ﬁ
1775 283 1890 319 δύναμις

1102 340 1202 368 αὐτῶν.
1218 350 1227 365 ι

1142 395 1150 412 1
1167 386 1198 412 '0
1213 385 1242 412 δὲ
1259 383 1324 417 Θεὸς
1343 382 1472 419 βασιλεὺς
1485 379 1565 417 ἡμῶν
1580 379 1635 414 πρὸ
1650 377 1766 405 αἰώνων.
1783 385 1792 402 ι

1143 497 1153 514 1
1171 486 1229 514 Οὐκ
1251 485 1326 512 ἐστιν
1339 483 1432 519 ὅμοιός
1447 490 1488 510 σοι
1511 481 1542 508 ἐν
1563 479 1646 512 θεοῖς,
1663 476 1764 513 Κύριε,
1782 474 1831 502 καὶ
1843 474 1892 501 οὑκ

1107 534 1164 561 ἐστι
1180 531 1252 559 κατὰ
1266 530 1302 557 τὰ
1315 529 1386 565 ἔργα
1399 536 1457 554 σου.
1475 535 1484 553 ι

1144 587 1154 605 1
1170 577 1268 612 Κύριε,
1297 573 1445 610 καταφυγὴ
1462 571 1595 608 ἐγενήθης
1610 569 1688 605 ἡμῖν,
1704 569 1733 594 ἐν
1748 567 1830 602 γενεᾷ
1847 565 1895 592 καὶ

1107 624 1200 660 γενεᾷ.
1220 632 1230 650 ι

1144 679 1154 696 1
1173 669 1206 696 Ἦ
1221 666 1344 704 βασιλεία
1357 674 1417 698 σου,
1429 663 1553 701 βασιλεία
1568 662 1676 690 πάντων
1688 659 1742 686 τῶν
1757 657 1865 686 αῑὼνων
1880 666 1891 682 ι

1110 714 1159 742 καὶ
1172 714 1203 740 τὸ
1218 712 1322 740 λοιπόν.

1147 770 1157 786 1
1179 759 1304 794 Ἐγένετο
1324 755 1372 784 τοῦ
1400 752 1540 785 ἐνιαυτοῦ,
1557 747 1588 778 οὗ
1611 749 1748 778 ἀπέθανεν
1771 747 1862 780 Ὀζίας
1884 747 1899 774 ὀ

1111 792 1249 842 βασιλεῦς,
1269 801 1339 831 εἶδον
1364 801 1410 828 τὸν
1426 799 1540 836 “Κύριον
1557 796 1713 831 καθήμενον
1739 793 1785 820 ἐπὶ
1804 792 1900 828 θρόνου

1111 837 1215 887 ῦψηλοῦ
1229 837 1278 877 καὶ
1293 847 1464 884 ἐπηρμένου,
1480 844 1528 872 καὶ
1542 843 1648 881 πλήρης
1663 841 1677 868 ὁ
1695 837 1771 872 οἶκος
1787 839 1837 874 τῆς
1855 837 1900 864 δό-

1110 884 1268 933 ξης-αὐτοῦι
1283 894 1339 922 Καὶ
1354 891 1481 928 Σεραφὶμ
1500 888 1674 924 εἱστήκεισαν
1688 884 1773 913 αὐτοῦ
1791 884 1899 918 κύκλῳ·

1111 928 1293 977 πτέρυγες
1312 938 1352 974 τῷ
1375 937 1427 969 ἐνὶ,
1443 936 1491 963 καὶ
1506 934 1537 967 ἓξ
1559 932 1693 968 πτέρυγες
1713 930 1752 966 τῷ
1776 929 1830 956 ἑνι-
1854 928 1903 955 καὶ

1111 974 1172 1020 ταῖς
1190 974 1241 1022 μέν
1252 974 1334 1013 νδυσὶν
1355 982 1507 1011 ἐκάλυπτον
1519 979 1554 1007 τὰ
1571 978 1707 1014 πρόσωπα
1724 975 1840 1007 ἑαυτῶν,
1854 974 1904 1001 καὶ

1112 1035 1173 1065 ταῖς
1188 1021 1265 1059 δυσὶν
1289 1030 1443 1058 ἐκάλυπτον
1457 1027 1521 1058 τοὺς
1536 1025 1620 1057 πόδας
1639 1022 1756 1054 ἑαυτῶν,
1772 1021 1821 1048 καὶ
1842 1021 1904 1052 ταῖς

1112 1080 1189 1108 δυσὶν
1205 1078 1348 1106 ἒπέταντο.
1372 1075 1429 1103 Καὶ
1451 1072 1569 1109 ἔκραζον
1592 1071 1687 1106 ἕτερος
1709 1067 1777 1104 πρὸς
1797 1067 1904 1102 ἕτερον,

1114 1125 1162 1153 καὶ
1173 1124 1266 1158 ελεγον
1277 1131 1284 1138 υ
1303 1123 1410 1156 Ἄγιος,
1428 1119 1517 1154 ἅγιος,
1534 1118 1623 1152 άγιος,
1646 1114 1749 1150 Κύριος
1770 1111 1903 1139 Σασαώθ.

1115 1171 1223 1206 πλήρης
1241 1169 1315 1196 πᾶσα
1331 1167 1348 1202 ἡ
1363 1166 1398 1201 γῆ
1412 1165 1463 1201 τῆς
1476 1163 1556 1199 δόξης
1568 1161 1663 1190 αὑτοῦ.
1679 1169 1689 1186 ι

1152 1201 1254 1250 (η’έγὼ
1267 1201 1473 1248 Θεδςγπρῶτος,
1486 1209 1535 1237 καὶ
1549 1209 1590 1241 εις
1604 1208 1638 1235 τὰ
1652 1204 1836 1242 ἐπερχόμενα,
1850 1201 1907 1237 ἐγώ

1117 1263 1186 1298 ειμι.
1206 1270 1216 1288 ι

1157 1316 1168 1334 1
1184 1306 1286 1340 Γνῶτε,
1315 1305 1364 1332 καὶ
1386 1301 1550 1330 πιστεύσατε
1574 1308 1631 1336 μοι,
1653 1297 1702 1325 καὶ
1727 1295 1842 1331 συνῆτε,
1865 1294 1909 1321 ὅτι

1118 1353 1195 1390 εἰμί·
1215 1350 1371 1388 ἔμπροσθέν
1387 1358 1439 1385 μου
1455 1347 1507 1375 οὐκ
1530 1346 1642 1381 ἐγένετο
1667 1343 1748 1376 ἄλλος
1767 1341 1844 1375 Θεὸς,
1861 1340 1909 1367 καὶ

1121 1387 1180 1436 μετ’
1199 1387 1267 1435 ἐμοῦ
1287 1397 1337 1424 οὐκ
1350 1396 1438 1423 ἔσται.
1456 1393 1528 1429 Ἐγώ
1553 1393 1613 1428 εἰμι
1628 1391 1706 1426 Θεὸς,
1721 1389 1769 1417 καὶ
1785 1388 1837 1416 οὐκ
1851 1387 1909 1414 εστι

1121 1445 1210 1481 πάρεξ
1225 1443 1293 1480 ἐμοῦ
1312 1442 1418 1474 σώζων.
1433 1449 1443 1467 ι

312 1503 370 1531 ιω.
381 1509 455 1535 xuv,
473 1501 499 1527 'l.
510 1514 546 1520 —
566 1508 575 1525 1
599 1497 663 1525 Haec
687 1496 756 1524 dicit
772 1494 905 1522 Dominus
922 1491 1006 1522 Deus,
1021 1497 1068 1518 rex

1160 1478 1171 1518 ἐ
1185 1478 1280 1522 Οὕτως
1293 1489 1368 1524 λέγει
1382 1487 1496 1522 Κύριος,
1508 1485 1574 1517 Θεὸς
1588 1483 1716 1520 βασιλεὺς
1733 1479 1852 1517 Ἰσραὴλ,
1863 1478 1912 1506 καὶ

274 1547 361 1576 Israel
374 1550 402 1574 et
413 1544 569 1580 redemptor
579 1542 651 1578 ejus,
666 1540 800 1568 Dominus
814 1537 996 1567 exercituum.
1013 1534 1071 1570 Ego

276 1593 395 1629 primus.
412 1595 439 1620 et
452 1598 504 1626 ego
523 1588 705 1620 novissimus,
725 1589 753 1614 et
776 1585 882 1620 absque
898 1589 1011 1611 menon
1029 1583 1072 1609 est

278 1627 361 1667 Deus.
372 1637 441 1671 Quis
472 1636 546 1664 sicut
558 1634 630 1671 ego?
643 1633 713 1666 Stet,
726 1636 755 1660 et
769 1633 900 1663 vocetret
914 1627 1070 1658 annuntiet.

277 1689 305 1714 et
323 1686 460 1720 praeparet
476 1681 555 1714 mihi,
571 1688 604 1709 ex
618 1686 673 1716 quo
688 1678 740 1706 feci
763 1676 902 1704 hominem
915 1674 943 1702 in
960 1672 1071 1704 saecula,

277 1736 306 1759 et
318 1717 510 1766 dumﬁveulura
527 1730 604 1760 sunt,
619 1730 766 1761 antequam
783 1722 905 1753 veniant,
928 1717 1074 1747 annuntiet

280 1776 359 1804 mihi.
380 1785 391 1802 ι

319 1823 378 1850 Im.
393 1829 457 1854 xui,
472 1819 499 1847 8.
515 1833 550 1840 —-
564 1827 574 1844 1
592 1818 649 1852 Ego
670 1814 804 1843 Dominus
830 1812 904 1840 Deus
930 1819 937 1838 :
956 1809 1072 1846 gloriam

282 1875 369 1898 meam
386 1866 466 1895 alteri
485 1871 540 1892 non
555 1863 638 1896 dabo,
662 1868 715 1889 nec
729 1860 848 1887 virtutes
861 1864 936 1886 meas
961 1854 1075 1890 sculpti-

293 1916 366 1940 ibus.
383 1921 394 1938 ι

293 1916 298 1921 ’
359 1932 366 1940 .
383 1921 394 1938 ι

278 1915 415 1987 llb.‘Ilesrem.
432 1964 462 1988 x,
477 1954 522 1982 10.
540 1968 573 1974 -
592 1951 679 1989 298
696 1959 706 1977 1
724 1948 859 1978 Dominus
884 1951 979 1975 autem
1004 1945 1075 1973 Deus

281 2012 364 2034 verus
381 2007 423 2032 est
441 2011 449 2030 :
473 2001 532 2036 ipse
550 1999 622 2028 Deus
643 1997 805 2029 viventium,
836 1998 863 2023 et
884 2001 933 2022 rex
958 1991 1076 2021 saeculo-

282 2059 356 2080 rum.
375 2060 384 2076 ν

318 2095 426 2124 Baruch
446 2102 495 2128 ιιι,
518 2093 565 2121 35.
580 2106 615 2113 —
638 2099 648 2117 1
666 2089 718 2118 Hic
742 2092 785 2117 est
810 2087 884 2115 Deus
914 2088 1010 2114 noster
1025 2091 1034 2111 ι
1050 2087 1078 2112 et

282 2150 339 2171 non
357 2140 538 2170 aestimabitur
560 2137 632 2165 alius
648 2135 781 2163 adversus
800 2140 874 2161 eum.

1121 1539 1135 1565 ὀ
1150 1537 1304 1574 ῥυσάμενος
1324 1534 1415 1566 αὐτὸν,
1433 1532 1534 1567 Κύριος
1553 1529 1680 1557 Σαϐαὼθ.
1698 1526 1770 1562 Ἐγὼ
1792 1525 1912 1563 πρῶτος,

1122 1571 1170 1612 καὶ
1181 1571 1237 1617 ἐγὼ
1255 1581 1325 1618 μετὰ
1347 1579 1445 1611 ταῦτα,
1461 1578 1509 1606 καὶ
1526 1576 1596 1612 πλὴν
1610 1575 1679 1611 ἐμοῦ
1698 1574 1748 1601 οὐκ
1764 1573 1822 1600 ἐστι
1834 1571 1912 1603 Θεός.

1122 1631 1171 1663 Τῑς
1184 1629 1279 1665 ὥσπερ
1289 1627 1362 1662 ἐγώ;
1375 1626 1481 1662 Στήτω,
1493 1624 1541 1651 καὶ
1556 1623 1709 1655 καλεσάτω,
1721 1620 1769 1648 καὶ
1782 1620 1913 1653 ἀναγγει-

1122 1676 1206 1708 λάτω,
1216 1674 1265 1702 καὶ
1276 1672 1449 1708 ἑτοιμασάτω
1466 1678 1521 1706 μοι,
1537 1668 1585 1704 ἀφ’
1596 1665 1627 1696 οῦ
1639 1667 1756 1702 ἐποίησα
1769 1665 1914 1700 ἄνθρωπον

1123 1722 1163 1754 εις
1178 1721 1224 1749 τὸν
1238 1720 1336 1752 αἰῶνα,
1346 1718 1395 1745 καὶ
1405 1717 1438 1745 τὰ
1449 1716 1587 1753 ἐρχόμενα
1596 1714 1651 1750 πρὸ
1662 1713 1709 1740 τοῦ
1722 1712 1810 1740 ἐλθεῖν
1822 1712 1914 1745 ἀπαγ-

1123 1767 1242 1803 γειλάτω
1259 1775 1315 1802 μοι.
1333 1774 1343 1790 ι

1163 1823 1172 1839 1
1189 1812 1259 1847 Ἐγὼ
1283 1811 1386 1847 Κύριος
1400 1811 1414 1838 ὁ
1432 1810 1509 1843 Θεὸς,
1525 1809 1576 1844 τὴν
1603 1807 1683 1841 δόξαν
1700 1815 1750 1842 μου
1775 1805 1862 1840 ἑτέρῳ
1882 1802 1913 1830 οὺ

1125 1857 1215 1891 δώσω,
1232 1856 1295 1884 οὺδέ
1307 1856 1357 1888 τὰς
1369 1855 1470 1890 ἀρετάς
1487 1861 1538 1890 μου
1550 1854 1608 1885 τοῖς
1621 1851 1762 1887 γλυπτοῖς.
1776 1859 1786 1876 ι

1164 1956 1173 1973 1
1191 1945 1294 1982 Κύριος
1313 1943 1440 1979 ἀληθινός
1464 1943 1535 1975 ἐστι,
1548 1940 1614 1972 Θεὸς
1631 1939 1752 1972 ζώντων,
1768 1937 1815 1965 καὶ
1836 1936 1916 1972 βασι-

1126 1992 1190 2024 λεὺς
1207 1990 1323 2019 αἰώνων.
1338 1998 1348 2016 ι

1166 2090 1175 2106 1
1191 2077 1277 2111 Οὗτος
1288 2079 1301 2106 6
1311 2077 1379 2110 Θεὸς
1389 2076 1480 2113 ήμῶν,
1494 2075 1525 2102 οὐ
1539 2074 1731 2110 λογισθήσεται
1743 2071 1836 2108 ἔτερος
1848 2071 1916 2107 πρὸς

1129 2126 1221 2155 αὐτόν.
1240 2135 1250 2152 ι

320 2162 455 2218 Βαῖᾝι,
466 2162 538 2213 ddi):
554 2162 760 2217 Lvrliegnum
783 2178 855 2214 ejus.
871 2184 986 2213 regnum
1006 2182 1072 2204 sem-

1167 2182 1177 2199 1
1199 2173 1231 2199 Ἦ
1251 2170 1374 2207 βασιλεία
1389 2168 1483 2201 αὐτοῦ,
1504 2166 1628 2203 βασιλεία
1644 2165 1762 2197 αἰώνιος,
1779 2164 1827 2191 καὶ
1843 2163 1859 2199 ἡ
1874 2162 1917 2194 ἐξ·

286 2234 425 2270 piternum
438 2240 445 2258 :
458 2235 485 2259 et
498 2233 623 2266 potestas
636 2227 696 2264 ejus
710 2227 739 2254 in
758 2224 937 2262 generatione
951 2226 980 2251 et
995 2228 1079 2258 gene-

288 2278 437 2307 rationem.
459 2284 467 2302 ι

322 2332 422 2361 Matth.
440 2339 481 2364 ιιι,
511 2329 554 2358 l6.
576 2344 611 2350 —
637 2337 646 2354 1
671 2322 833 2362 Baptilatus
862 2328 953 2352 autem
983 2321 1080 2354 Jesus,

287 2379 435 2410 confestim
452 2376 577 2405 ascendit
604 2374 638 2403 de
653 2381 724 2409 aqua
747 2382 754 2401 :
771 2376 798 2401 et
814 2378 880 2399 ecce
906 2369 993 2405 aperti
1017 2371 1083 2396 Sunt

288 2427 353 2456 coeli
366 2434 372 2454 :
390 2430 417 2453 et
429 2423 499 2452 vidit
513 2423 648 2458 Spiritum
662 2418 876 2449 descendentem
892 2417 965 2445 sicut
977 2415 1084 2444 colum-

289 2475 365 2506 bam,
378 2475 405 2500 et
416 2470 571 2498 venientem
585 2474 669 2503 super
686 2474 725 2494 se.
745 2465 778 2493 Et
792 2472 859 2492 ecce
878 2471 931 2491 vox
954 2462 988 2490 de
1013 2461 1084 2489 coelo

289 2505 387 2545 dicens
402 2523 409 2542 :
428 2514 481 2541 Hic
495 2516 537 2540 est
551 2511 641 2540 Filius
656 2518 734 2538 meus
749 2509 878 2542 dilectus,
893 2508 922 2535 in
941 2513 996 2543 quo
1017 2505 1085 2533 mihi

289 2561 361 2590 bene
372 2557 560 2596 εοιιψιειειιιςο

326 2606 387 2633 Act.
406 2590 455 2636 vti.
466 2590 570 2635 i5.J——
587 2611 596 2628 1
619 2601 777 2636 Stephanus
793 2602 885 2626 autem
897 2617 904 2631 ,
926 2604 988 2626 cum
1012 2600 1086 2625 esset

293 2651 393 2686 plenus
417 2648 524 2685 Spiritu
550 2651 659 2680 sancto,
686 2645 833 2674 intendens
858 2644 885 2671 in
900 2642 1000 2671 emlum
1019 2641 1087 2669 vidit

293 2695 409 2730 gloriam
428 2694 489 2727 Dei,
510 2698 538 2721 et
564 2693 660 2721 Jesum
684 2695 802 2719 stantem
822 2698 836 2716 a
855 2688 959 2716 dextris
984 2687 1044 2719 Dei,
1059 2689 1088 2715 et

295 2741 363 2768 dixit
378 2749 385 2768 :
399 2739 470 2768 Ecce
479 2738 561 2767 video
575 2737 661 2766 caelos
677 2739 797 2772 apertos,
809 2738 836 2762 et
849 2733 948 2761 Filium
969 2731 1088 2760 hominis

299 2790 414 2814 stantem
433 2794 448 2813 a
459 2786 564 2814 dextris
581 2785 638 2813 Dei.
654 2793 664 2810 ι

333 2829 500 2864 ICor.vn|,
519 2833 593 2859 4.-
611 2839 621 2857 1
635 2828 734 2857 Nullus
759 2831 802 2856 est
827 2827 898 2856 Deus
922 2825 977 2855 nisi
1002 2832 1084 2853 unus.

1132 2218 1213 2246 ουσία
1227 2216 1310 2245 αὑτοῦ
1326 2217 1366 2248 εις
1380 2214 1477 2250 γενεὰν
1494 2214 1541 2241 καὶ
1556 2211 1664 2247 γενεάν.
1684 2219 1693 2236 ι

1171 2325 1181 2344 1
1197 2315 1254 2344 Καὶ
1266 2313 1425 2350 βαπτισθεὶς
1435 2313 1450 2339 ὸ
1471 2311 1584 2347 Κύριος,
1602 2309 1687 2344 ἀνέϐη
1702 2307 1785 2339 εὐθὺς
1801 2305 1856 2334 ἀπὸ
1870 2305 1917 2332 τοῦ

1133 2362 1240 2394 ὕδατος.
1254 2361 1311 2389 Καὶ
1335 2359 1389 2387 ἰδοὺ
1405 2357 1583 2394 ἀνεῴχθησαν
1601 2355 1675 2391 αὒτῷ
1688 2356 1714 2381 οἱ
1732 2354 1854 2390 οὐρανοὶ,
1872 2352 1921 2379 καὶ

1134 2407 1204 2436 εῖδεν
1218 2408 1248 2435 τὸ
1269 2406 1381 2441 Πνεῦμα
1396 2404 1443 2431 τοῦ
1467 2403 1534 2430 Θεοῦ
1552 2401 1729 2432 κατασαῖνον,
1751 2398 1820 2426 ὡσεὶ
1841 2407 1920 2434 περι-

1137 2454 1247 2490 στερὰν,
1268 2452 1316 2479 καὶ
1330 2450 1478 2486 ἐρχόμενον
1492 2449 1536 2475 ἐπ’
1552 2448 1645 2475 αὐτόν.
1659 2446 1715 2473 Καὶ
1733 2445 1787 2472 ἰδοὺ
1802 2443 1877 2479 φωνὴ
1891 2445 1922 2470 ἐκ

1134 2486 1312 2535 τοῦρὺρανοῦ
1324 2498 1457 2531 λέγουσα·
1479 2492 1564 2526 Οὗτός
1580 2494 1654 2520 ἐστιν
1675 2493 1689 2519 ὁ
1705 2491 1768 2522 Υἱός
1782 2499 1842 2525 μου⁷
1858 2490 1887 2516 ἐν

1136 2545 1285 2582 ηὑδόκησα.
1303 2553 1312 2570 ι

1178 2602 1187 2618 1
1200 2591 1337 2626 Στέφανος
1352 2589 1380 2616 δὲ
1394 2588 1525 2624 ὑπάρχων
1539 2587 1648 2622 πλήρης
1663 2585 1823 2620 Πνεύματος
1835 2583 1924 2617 ἁγίου,

1140 2638 1267 2670 ἀτενίσας
1293 2638 1333 2669 εις
1357 2636 1404 2663 τὸν
1428 2635 1552 2671 οὐρανὸν,
1575 2632 1644 2661 εἶδεν
1667 2632 1747 2665 δόξαν
1772 2630 1851 2663 Θεοῦ,
1879 2629 1929 2656 καὶ¹

1145 2684 1249 2721 Ἰησοῦν
1257 2683 1368 2711 ἑστῶτα
1386 2683 1418 2710 ἐκ
1433 2681 1528 2714 δεξιῶν
1541 2681 1588 2708 τοῦ
1596 2679 1675 2712 Θεοῦ,
1686 2679 1733 2706 καὶ
1745 2675 1836 2704 εἶπεν·
1860 2676 1928 2702 Ὶδοῐι

1139 2731 1235 2767 θεωρῶ
1249 2731 1314 2763 τοὺς
1326 2728 1457 2764 οὐρανοὺς
1471 2726 1671 2762 ἀνεῳγμένους,
1686 2724 1733 2751 καὶ
1746 2724 1791 2750 τὸν
1800 2721 1865 2749 Υἱὸν
1881 2721 1930 2748 τοῦ

1141 2778 1286 2813 ἀνθρώπου
1304 2778 1336 2804 ἐκ
1347 2775 1441 2808 δεξιῶν
1457 2774 1563 2802 ἑστῶτα
1576 2772 1623 2799 τοῦ
1633 2771 1712 2798 Θεοῦ.
1729 2779 1739 2796 ι

1178 2833 1187 2850 1
1206 2823 1301 2855 οὐδεὶς
1316 2822 1381 2859 Θεὸς
1394 2823 1418 2848 El
1433 2820 1471 2857 μὴ
1487 2818 1536 2852 εἷς.
1555 2818 1612 2846 Καὶ
1625 2817 1678 2853 γάρ
1694 2817 1747 2844 εἰσι
1768 2814 1827 2843 θεοὶ
1849 2812 1929 2850 λεγό-
