2080 3111
205 200 273 235 1073

832 203 952 233 SACRA
969 201 1201 233 PARALLELA.

1767 199 1834 233 1074

206 265 290 292 μενοι,
305 255 361 284 ciu
375 256 405 284 ἐν
424 257 543 293 οὖρανῷ,
558 257 612 284 εἴτι
633 257 680 285 ἐπὶ
696 257 746 293 τῆς
765 258 826 294 γῆς,
844 258 902 286 ἀλλ’
923 257 978 293 ἠμῖ

1040 254 1108 284 Nam
1123 256 1176 284 etsi
1197 259 1262 283 sunt
1275 253 1323 292 qui
1335 255 1468 284 dicuntur
1483 255 1535 287 dii.
1553 255 1612 283 sive
1634 255 1660 282 in
1679 255 1760 288 caelo,
1776 255 1834 283 sive

204 300 244 334 εἷς
256 302 323 334 Θεὸς
336 303 350 329 6
365 302 459 338 Πατὴρ
476 303 506 336 ἐξ
520 299 551 330 οῦ
561 304 596 330 τὰ
607 304 708 337 πάντα,
728 304 775 330 καὶ
789 304 871 339 ἡμεῖς
885 304 925 336 είς
941 303 990 330 αὐ-

203 348 263 375 τόν·
277 348 326 375 καὶ
338 345 378 380 εἷς
386 348 488 384 Κύριος
505 349 608 384 Ἰησοῦς
621 350 749 385 Χριστὸς,
757 349 791 376 δι’
802 345 833 376 οὗ
843 348 877 376 τὰ
889 349 988 382 πάντα,

203 394 250 421 καὶ
268 394 349 430 ἡμεῖς
365 393 401 421 δι’
411 394 494 421 αὑτοῦ
504 403 512 411 ·
529 395 576 422 καὶ
592 395 622 422 ἒν
637 395 750 432 Πνεῦμα
771 394 860 430 ἀγιον,
876 395 907 422 ὲν
919 392 942 430 ᾧ
955 395 990 423 τὰ

203 440 303 470 πάντα,
316 440 364 466 καὶ
378 440 459 476 ἡμεῖς
475 439 505 472 ἑξ
519 440 614 468 αὐτοῦ.
626 450 636 467 ι

238 485 401 520 Διαδραμὼν
421 485 457 512 τὰ
482 486 640 521 σύμπαντα,
666 486 715 513 καὶ
742 486 813 522 ὑπὲρ
831 486 922 514 πᾶσαν
940 485 990 522 τὴν

203 531 292 558 κτίσιν
307 530 458 564 ἀνανεύσας
475 533 533 564 τοῖς
545 532 698 567 λογισμοῖς,
721 531 849 560 δπέκεινα
865 532 910 560 τὸν
924 531 988 559 νοῦν

201 575 367 611 ἀνυψώσας,
395 577 522 613 ἐννόησον
550 578 601 614 τὴν
636 578 712 606 θείαν
739 578 837 614 φύσιν,
865 578 988 606 ἑστῶσαν

201 621 347 657 ἄτρεπτον,
367 623 558 658 ἀναλλοίωτον,
575 624 682 660 ἀπαθῆ,
701 624 801 661 ἁπλῆν,
827 625 985 659 ἀσύνθετον,

200 667 362 702 ἀδιαίρετον,
375 668 434 703 φῶς
443 669 602 705 ἀπρόσιτον,
614 669 730 706 δύναμιν
741 670 855 705 ἄφατον,
872 670 987 706 μέγεθος

199 714 402 750 ἁπεριόριστον,
419 715 499 747 δόξαν
516 716 811 752 ὒπεραστράπτουσαν,
829 717 986 753 ἀγαθότητα

1042 301 1070 328 in
1088 305 1173 335 terra,
1194 302 1274 329 nobis
1299 306 1392 329 tamen
1413 308 1485 329 unus
1511 300 1583 329 Deus
1608 300 1699 334 Pater,
1724 307 1757 329 ex
1778 309 1833 336 quo

1040 347 1145 380 omnia,
1159 350 1186 375 et
1210 355 1260 375 nos
1275 348 1303 375 in
1331 347 1408 375 illum
1428 355 1435 374 :
1453 350 1481 374 et
1495 354 1568 374 unus
1588 346 1669 375 Jesus
1688 346 1829 379 Christus,

1040 400 1089 428 per
1101 400 1181 429 quem
1195 393 1297 427 omnia,
1308 396 1336 421 et
1350 399 1401 420 nos
1419 399 1469 427 per
1483 392 1574 428 ipsum
1589 401 1596 419 :
1615 396 1642 420 et
1654 400 1727 421 unus
1742 391 1831 428 Spiri-

1039 443 1085 467 tus
1094 445 1216 473 sanctus,
1233 440 1260 467 in
1275 447 1330 475 quo
1341 438 1446 471 omnia.
1461 442 1488 466 et
1505 446 1556 467 nos
1571 446 1604 466 ex
1619 439 1690 473 ipso.
1707 448 1717 464 ι

1075 485 1207 519 Basilius,
1220 485 1259 513 De
1270 485 1332 520 ﬁds.
1345 500 1380 506 —
1394 484 1530 513 Universa
1552 484 1735 520 peragrando,
1752 488 1832 519 teque

1038 533 1129 569 ipsum
1150 533 1316 569 cogitatione
1345 540 1429 569 supra
1458 540 1504 560 res
1531 531 1661 566 conditas
1688 532 1830 567 erigenda,

1038 584 1157 607 mentem
1177 579 1292 607 ulterius
1303 579 1442 612 attollens,
1454 579 1576 606 divinam
1586 581 1714 607 naturam
1727 578 1827 613 cogita,

1039 625 1176 658 stabilem,
1202 625 1237 653 ab
1250 625 1325 652 omni
1345 624 1510 658 mutatione,
1526 624 1708 652 conversione
1727 627 1752 651 et
1769 631 1832 659 per-

1037 671 1167 707 pessione
1185 674 1332 703 remotam,
1356 670 1519 705 simplicem,
1534 672 1677 704 expertem
1690 668 1830 703 composi-

1036 716 1121 745 tionis
1139 721 1167 744 et
1182 716 1347 750 divisionis;
1374 716 1466 744 lumen
1489 716 1672 748 inaccessum,
1697 714 1829 742 virtutem

1036 762 1259 794 inenarrabilem.
1275 761 1447 790 indetlnitam
1460 760 1694 795 magnitudinem,
1708 758 1828 795 gloriam

199 805 345 840 τρωμένης
358 806 447 842 ψυχῆς
464 807 683 842 καθαπτόμενον,
697 808 769 843 λόγῳ
787 808 816 835 δὲ
832 807 978 844 δηλωθῆνω

1036 808 1106 835 ultra
1123 807 1234 835 modum
1258 806 1431 838 rutilantem,
1457 804 1640 841 expetendam
1662 804 1827 836 bonitatem,

199 850 268 885 πρὸς
285 850 364 884 ἀξίαν
380 851 520 879 ἀδύνατον.
540 852 613 879 Ἐιεῐ
631 852 738 888 Πατὴρ,
760 853 819 880 ἐκεῖ
837 853 911 887 Υίδς,
926 854 978 881 ἐκεῖ

1035 852 1269 888 pulchritudinem
1300 851 1468 887 singularem
1484 869 1493 883 ,
1528 856 1647 886 quaeque
1678 848 1827 877 sauciatam

201 895 280 930 ἀγιον
295 896 418 931 Πνεῦμα,
430 898 447 932 ἡ
460 897 586 930 ἀκτιστος
594 898 686 932 φύσις,
693 899 724 925 τὸ
734 899 899 927 Δεσποτικὸν
907 899 978 932 ἀξίω

1035 898 1144 934 quidem
1158 897 1279 925 animam
1293 896 1472 925 vehementer
1485 894 1659 931 perstringit,
1684 894 1751 929 quin
1777 900 1828 921 nec

199 926 248 976 μα,
262 942 280 976 ἡ
292 926 393 978 φυσιιίὴ
411 926 686 980 ἀγαθότηςοῆατὴρ
701 945 717 980 ἡ
735 945 846 972 πάντων
864 926 947 981 ἀρχη,
967 946 978 972 ’1

1035 926 1129 972 verbis
1155 943 1220 972 ullis
1245 950 1296 978 pro
1319 942 1453 978 dignitate
1478 926 1568 977 possit
1591 926 1737 968 declarari.
1769 939 1828 967 Illic

196 986 272 1017 ιίτία
284 986 331 1013 τοῦ
343 984 414 1014 εἶναι
428 989 485 1019 τοίς
499 985 584 1022 οὖσιν,
599 989 616 1024 ἡ
634 989 698 1025 ῥίζα
714 989 770 1017 τῶν
789 989 910 1024 ζώντων,
924 990 978 1018 δθει

1032 989 1125 1023 Pater,
1149 989 1207 1017 illic
1225 988 1325 1023 Filius,
1348 988 1405 1016 illic
1418 987 1540 1023 Spiritus
1555 992 1680 1019 sanctus,
1701 986 1826 1014 increata

197 1031 332 1067 προῆλθεν
340 1033 357 1068 ἡ
365 1033 442 1068 πηγὴ
449 1033 498 1068 τῆς
507 1033 589 1069 ζωῆς,
598 1035 615 1070 ὴ
624 1035 715 1070 σοφία,
723 1037 740 1071 ὴ
747 1035 873 1072 δύναμις,
880 1037 896 1072 ἠ
904 1036 978 1064 claui»

1033 1038 1144 1068 natura,
1157 1034 1253 1062 herilis
1269 1033 1432 1065 auctoritas.
1449 1033 1561 1061 bonitas
1583 1031 1727 1060 naturalis.
1743 1030 1826 1058 Pater

197 1077 409 1112 ἀπαράλλακτος
421 1078 470 1105 τοῦ
482 1079 602 1115 ἀοράτου
611 1080 689 1114 Θεοῦ,
695 1081 709 1108 6
717 1081 749 1109 ἐκ
755 1081 802 1108 τοῦ
809 1082 916 1118 Πατρὸς
924 1091 978 1117 γεν·

1032 1080 1155 1108 omnium
1168 1079 1313 1120 estprigo,
1327 1082 1354 1107 et
1369 1078 1508 1107 universis
1519 1085 1581 1114 quae
1598 1081 1663 1106 sunt
1674 1077 1824 1106 exsislendi

196 1121 288 1157 νηθεὶς
298 1122 373 1155 Υἱὸς,
380 1122 395 1148 6
403 1121 458 1155 ζῶν
466 1123 563 1158 Λόγος,
570 1124 585 1151 6
594 1124 660 1156 Θεὸς
671 1124 720 1158 ὣν,
730 1125 778 1152 καὶ
788 1125 856 1161 πρὸς
863 1116 909 1153 τὸν
917 1116 978 1153 Θεδι

1033 1132 1128 1158 causa,
1152 1116 1260 1152 necn‘on
1277 1125 1427 1153 viventium
1440 1124 1532 1158 radix,
1552 1124 1626 1152 unde
1641 1123 1744 1160 prodiit
1762 1123 1824 1151 fons

200 759 384 796 ιπιθυμητὴν,
397 760 496 793 κάλλος
509 761 662 798 ἀμήχανον,
675 762 798 799 σφοδρῶς
816 762 866 798 μὲν
877 763 927 797 τῆς
939 771 985 790 τε-

195 1166 242 1194 ὢν·
251 1168 313 1204 οὐχὶ
323 1169 553 1204 προσγενόμενος,
569 1170 702 1206 ὑπάρχων
715 1171 769 1207 πρὸ
782 1172 838 1199 τῶν
853 1171 960 1199 αίώνων
971 1180 980 1187 '

194 1212 255 1248 οὐχὶ
269 1214 453 1250 προσκτηθεὶς
463 1214 576 1250 ὕστερον
585 1222 593 1230 ·
607 1215 685 1248 Υίὺς,
701 1216 762 1251 οὐχὶ
773 1216 882 1252 κτῆμα·
900 1225 982 1253 ποιη-

194 1257 255 1292 τὴς,
274 1258 335 1294 οὐχὶ
352 1259 474 1295 ποίημα·
491 1259 614 1295 κτίστης,
633 1260 693 1296 οὐχὶ
711 1260 740 1287 δὲ
757 1261 875 1297 κτίσμα·
890 1262 980 1289 πάντα

193 1302 233 1329 ὢν
247 1303 298 1330 ὅσα
313 1304 388 1330 εστὶν
400 1305 415 1331 6
429 1304 538 1341 Πατήρ·
556 1305 620 1337 Υίὸς
633 1303 710 1332 εἶπον
724 1305 772 1332 καὶ
795 1306 891 1341 Πατήρ
902 1315 910 1322 ·
928 1305 980 1341 φύ-

193 1347 278 1375 λασσέ
298 1357 343 1384 μοι
357 1349 461 1381 ταύτας
474 1349 526 1382 τὰς
554 1350 699 1386 ίδιότητας.
715 1351 812 1379 Μένων
828 1350 876 1378 οῦν
888 1352 916 1378 ἑν
940 1351 979 1387 τῷ

194 1392 265 1422 εῖναι
277 1395 351 1428 Υἱὸς,
366 1396 457 1423 πάντα
469 1396 543 1423 ἐστὶν
554 1397 604 1423 ὅσα
619 1397 692 1424 iactv
702 1398 716 1424 6
730 1397 835 1433 Πατὴρ,
847 1396 919 1424 κατὰ
930 1396 979 1432 τὴν

193 1441 275 1467 αὑτοῦ
288 1442 380 1477 φωνὴν
392 1441 440 1468 τοῦ
453 1442 571 1477 Κυρίου,
582 1443 717 1475 εἰπόντος·
734 1452 743 1468 ι
754 1443 847 1470 Πάντα
860 1443 910 1470 ὅσα
922 1443 978 1477 ἔχει

191 1485 207 1512 6
224 1487 329 1522 Πατὴρ,
345 1487 401 1522 ὲμά
417 1487 502 1514 ἐστιν.
512 1497 522 1513 ι
542 1487 587 1523 Τῷ
597 1487 654 1515 ὄντι
669 1489 723 1524 γὰρ
737 1488 786 1524 τῆς
801 1488 906 1520 είκόνος
919 1488 979 1515 ἐστὶ

190 1531 283 1559 πάντα
295 1532 345 1560 ὅσα
360 1533 418 1560 terti
432 1535 466 1569 τῇ
480 1533 652 1570 πρωτοτύπῳ
667 1535 770 1570 μορφῇ.

1034 1171 1108 1204 vitae,
1139 1170 1285 1206 sapientia,
1311 1170 1446 1205 potentia,
1477 1170 1568 1205 imago
1584 1177 1700 1205 prorsus
1726 1169 1825 1197 similis

1034 1216 1183 1245 invisibilis
1213 1216 1280 1249 Dei,
1308 1215 1396 1244 Filius
1414 1222 1448 1243 ex
1473 1213 1557 1243 Patre
1578 1215 1699 1250 genitus,
1728 1215 1823 1243 vivens

1033 1262 1164 1293 Verbum.
1180 1261 1227 1296 qui
1254 1260 1328 1289 Deus
1352 1265 1404 1293 est,
1428 1264 1457 1288 et
1480 1266 1522 1289 est
1543 1261 1616 1296 apud
1645 1260 1740 1293 Deum,
1766 1267 1820 1288 non

1032 1306 1217 1340 adventitius;
1231 1310 1295 1334 ante
1314 1307 1415 1334 saecula
1437 1307 1557 1342 genitus,
1574 1314 1628 1334 non
1644 1306 1822 1342 postmodum

1030 1353 1142 1380 tandem
1159 1351 1313 1387 acquisitus
1326 1360 1333 1384 ;
1346 1350 1443 1384 Filius,
1456 1359 1513 1379 non
1529 1351 1671 1386 possessio
1685 1351 1821 1386 quaedam.

1030 1397 1129 1430 factor,
1156 1404 1214 1424 non
1238 1395 1376 1424 laetitiam
1402 1396 1526 1432 aliquid;
1552 1400 1670 1429 creator,
1696 1403 1752 1424 non
1777 1403 1822 1424 res

1028 1447 1131 1474 creata,
1146 1441 1239 1469 omnia
1250 1448 1312 1477 quae
1323 1441 1405 1470 Pater
1415 1445 1468 1475 est,
1484 1442 1634 1470 exsistens.
1651 1441 1722 1474 Dixi,
1734 1440 1822 1469 Filius

1029 1493 1056 1517 et
1072 1488 1174 1516 Pater:
1191 1487 1235 1515 iac
1250 1488 1318 1515 istas
1340 1488 1523 1523 proprietates
1543 1494 1647 1516 serves.
1668 1486 1819 1515 Filietatem

1028 1535 1112 1571 igitur
1128 1534 1261 1567 retinens,
1288 1537 1389 1562 cuncta
1409 1538 1451 1561 est
1472 1541 1534 1568 quas
1554 1533 1647 1567 Pater,
1662 1532 1819 1561 secundum

193 1579 337 1614 ipsammet
357 1579 463 1608 Domini
491 1588 596 1614 vocem,
612 1581 659 1616 qui
683 1581 743 1608 ait:
770 1589 780 1607 ι
799 1580 896 1608 Omnia
915 1589 977 1617 quae
995 1581 1078 1610 Pater
1091 1581 1173 1609 habet
1188 1588 1247 1608 mea
1264 1584 1329 1609 sunt
1343 1579 1433 1616 (Joan.
1459 1588 1516 1614 xw,
1532 1580 1589 1617 t5).
1613 1590 1623 1607 ι
1654 1581 1723 1609 Nam
1757 1588 1820 1617 pro-

191 1625 236 1653 cul
251 1625 334 1654 dubio
355 1627 481 1663 imaginis
503 1631 567 1656 sunt
592 1635 625 1656 ea
644 1629 736 1656 omnia
754 1635 815 1663 qua:
837 1629 975 1664 primariae
993 1629 1089 1658 format
1107 1628 1284 1657 conveniunt.
1709 1652 1711 1655 ,

226 1673 299 1701 Μίαν
312 1674 404 1710 φωνὴν
416 1674 466 1710 τὴν
480 1675 575 1710 αὐτὴν,
591 1676 639 1702 καὶ
652 1675 797 1710 σύμφωνος
811 1676 973 1713 φθέγξομαι.

1063 1676 1142 1712 Greg.
1160 1675 1232 1704 Naz.
1263 1680 1333 1704 orat.
1364 1675 1408 1704 i3.
1424 1691 1460 1696 —
1475 1675 1562 1704 Unam
1584 1676 1763 1712 eamdemque
1789 1681 1819 1705 et

191 1719 277 1756 Τριάς
297 1719 335 1751 ὡς
358 1719 467 1755 ἀληθῶς
482 1720 499 1755 ὴ
517 1719 611 1756 Τριάς,
632 1719 741 1754 ἀδελφοί
752 1728 760 1736 ’
777 1717 863 1756 Τριάς
883 1721 922 1754 δὲ,
945 1722 976 1749 οὐ

191 1765 362 1801 πραγμάτων
372 1766 473 1793 ἀνίσων
486 1765 686 1801 ἀπαρίθμησις,
697 1765 756 1794 ἀλλ’
773 1767 839 1794 ἴσων
854 1768 902 1794 καὶ
912 1769 978 1803 ὀμο-

190 1811 279 1847 τίμων
292 1811 440 1847 σύλληψις,
455 1812 569 1847 ἐνούσης
585 1813 635 1848 τῆς
651 1813 838 1849 προσηγορίας
855 1813 890 1841 τὰ
907 1815 978 1850 ἠνω-

193 1852 261 1889 μένα
275 1855 307 1882 ὲκ
320 1855 440 1890 φύσεως,
453 1856 501 1883 καὶ
511 1857 562 1883 οὐκ
572 1855 661 1892 ὲώσης
674 1857 856 1894 σκεδασθῆναι
866 1858 976 1895 ἀριθμῷ

190 1899 329 1937 λελυμένῳ
346 1901 381 1929 τὰ
397 1901 435 1938 μὴ
451 1901 579 1938 λυόμενα.

231 1989 313 2026 Ἡμῖν
327 1989 368 2023 εἷς
383 1991 450 2024 Θεὸς
463 1992 477 2018 6
491 1991 598 2027 Πατὴρ,
614 1990 644 2025 ἐξ
656 1989 688 2020 οὗ
699 1992 735 2019 τὰ
749 1992 854 2020 πάντα·
870 1993 918 2020 καὶ
935 1991 976 2026 εἷς

190 2034 205 2060 6
219 2034 294 2067 Υἱὸς,
312 2035 345 2061 δι’
364 2032 396 2062 οὗ
425 2036 461 2064 τὰ
477 2037 581 2064 πάντα·
597 2038 644 2064 καὶ
668 2037 697 2064 ἐν
714 2038 827 2074 Πνεῦμα
842 2037 930 2073 ἀγιον,
946 2039 976 2066 ἐν

188 2077 211 2115 ᾧ
225 2081 259 2108 τὰ
274 2082 374 2109 πάντα.

222 2170 290 2203 Θεὸς
312 2168 362 2206 μέν
378 2171 438 2199 ἐστι
452 2171 482 2198 τὸ
502 2171 654 2208 ἀκρότατον
667 2171 715 2199 καὶ
741 2172 901 2208 ἀπρόσιτον,
923 2174 974 2201 καὶ

188 2216 307 2252 ἄρρητον
321 2216 390 2251 φῶς,
420 2217 483 2245 οὔτε
507 2217 548 2244 νοῒ
559 2217 675 2251 ληπτὸν,
696 2217 758 2244 οὔτε
782 2218 854 2254 λόγῳ
880 2219 973 2255 ῥητὸν,

190 2259 280 2295 πάσης
290 2261 454 2294 φωτιστικδν
466 2261 580 2297 λογικῆς
591 2262 713 2297 φύσεωςο
723 2262 803 2290 τοῦτο
817 2265 846 2290 ὲν
857 2265 972 2300 νοητοῖς,

187 2305 256 2341 ὅπερ
270 2307 299 2332 ὲν
313 2306 452 2343 αἰσθητοῖς
471 2308 486 2334 6
508 2307 594 2343 ἥλιος.
617 2308 699 2335 Ὅσον
713 2308 747 2336 ἂν
776 2309 970 2345 καθαρώμιθα,

1027 1723 1138 1751 brevem
1153 1729 1247 1750 vocem
1259 1722 1386 1757 eloquar.
1401 1721 1525 1750 Trinitas
1545 1729 1610 1750 vere
1625 1721 1747 1751 Trinitas
1763 1727 1816 1757 est,

1027 1766 1138 1795 fratres.
1156 1766 1279 1795 Trinitas
1294 1773 1378 1802 porro
1393 1774 1449 1795 non
1470 1767 1622 1802 disparium
1638 1775 1732 1796 rerum
1745 1776 1817 1797 enu-

1026 1813 1143 1841 meratio
1153 1816 1207 1845 est,
1225 1812 1273 1840 sed
1289 1812 1446 1847 aequalium,
1460 1816 1487 1840 et
1503 1812 1636 1848 aequalem
1653 1813 1815 1849 dignitatem

1026 1858 1189 1887 habentium
1217 1858 1361 1892 collectio;
1390 1858 1529 1886 vocabulo
1552 1858 1684 1886 nimirum
1705 1866 1739 1887 ea
1766 1867 1815 1887 co-

1027 1905 1149 1940 pulante,
1166 1911 1228 1939 quae
1240 1909 1339 1931 natura
1351 1907 1417 1932 sunt
1430 1904 1569 1938 copulata,
1585 1912 1637 1932 nec
1649 1912 1699 1940 per
1712 1904 1814 1933 ﬂuxum

1026 1956 1172 1977 numerum
1187 1956 1219 1976 ea
1239 1949 1323 1976 dilabi
1342 1949 1461 1982 sinente,
1481 1956 1543 1984 qua:
1564 1950 1634 1978 solvi
1661 1954 1814 1986 nequeant.

1063 1994 1141 2022 Orat.
1161 1995 1188 2021 in
1202 1993 1254 2022 SS.
1266 1993 1392 2022 Lumina.
1404 2010 1440 2016 —
1454 1994 1539 2023 Nobis
1552 2003 1624 2023 unus
1634 1995 1706 2024 Deus
1720 1995 1812 2030 Pater,

1025 2048 1058 2069 ex
1070 2048 1125 2076 quo
1139 2040 1248 2073 omnia;
1269 2044 1296 2068 et
1315 2042 1392 2069 unus‘
1411 2040 1545 2069 Dominus
1567 2040 1648 2070 Jesus
1673 2041 1812 2076 Christus,

1026 2093 1074 2121 per
1089 2093 1170 2121 quem
1183 2085 1276 2112 omnia
1289 2094 1297 2119 ;
1316 2090 1342 2114 et
1358 2093 1430 2115 unus
1447 2085 1567 2121 Spiritus
1580 2092 1702 2122 sanctus,
1717 2088 1745 2116 in
1757 2096 1812 2124 quo

1024 2131 1128 2158 omnia.

1061 2175 1138 2204 Orat.
1153 2177 1181 2204 in
1196 2175 1226 2204 S.
1245 2175 1362 2211 Βτιριίει.
1373 2177 1489 2206 —-Deus
1503 2177 1597 2206 lumen
1616 2185 1754 2206 summum
1770 2183 1812 2207 est

1023 2226 1052 2250 et
1071 2222 1253 2255 inaccessum,
1270 2222 1344 2257 quod
1360 2222 1442 2258 299
1455 2230 1507 2251 nec
1520 2228 1611 2252 mente
1628 2225 1743 2260 percipi,
1759 2232 1811 2253 nec

1025 2267 1119 2296 verbis
1135 2268 1266 2303 explicari
1283 2272 1392 2303 potest;
1412 2273 1538 2298 naturam
1561 2277 1671 2299 omnem
1691 2271 1812 2299 rationa-

1025 2314 1078 2342 lem
1104 2314 1273 2343 illuminans.
1289 2314 1366 2348 Quod
1385 2315 1428 2343 sol
1453 2316 1481 2343 in
1510 2317 1660 2345 sensilibus
1680 2322 1733 2350 est,
1756 2318 1810 2346 hoc

188 2352 400 2388 φανταζόμενον,
423 2353 470 2380 καὶ
483 2353 545 2380 ὅσον
572 2353 605 2381 ἂν
627 2354 837 2390 φαπασθῶμεν,
858 2356 972 2390 ἀγαπώ-

1028 2360 1070 2388 ille
1083 2360 1110 2387 in
1121 2360 1368 2394 intellectuaiibus;
1384 2369 1416 2389 eo
1427 2369 1457 2389 se
1466 2364 1554 2397 magis
1567 2349 1808 2398 contemplandum

189 2405 279 2432 μενον,
294 2399 342 2425 καὶ
361 2399 423 2426 ὅσον
440 2399 474 2427 ἄν
496 2400 696 2436 ἀγαπήσωμεν,
711 2398 790 2433 αὖθις
806 2402 951 2438 νοούμενον
962 2411 970 2418 ·

187 2443 254 2469 αὐτὸ
268 2444 366 2471 ἑαυτοῦ
381 2446 548 2481 θεωρητικόν
561 2454 592 2473 τε
603 2446 651 2474 καὶ
662 2447 881 2482 καταληπτικόν·
893 2448 972 2484 ὀλίγα

187 2489 244 2520 τοῖς
254 2488 308 2522 ἔξω
319 2491 459 2525 χεόμενον.

322 2621 398 2669 ἐστὶν
409 2625 614 2669 τοτςναίσθητοῖς
621 2627 706 2663 ῆλιος,
714 2629 793 2657 τοῦτο
801 2632 856 2664 τοῖς
867 2634 971 2669 νοητοῖς

187 2664 264 2697 Θεός.
277 2665 307 2691 ’0
321 2666 371 2701 μὲν
386 2666 441 2702 γὰρ
451 2668 497 2694 τὸν
515 2670 654 2705 ὁρώμενον
668 2672 780 2707 φωτίζει
790 2674 900 2711 κόσμον,
908 2664 928 2704 ’ό

185 2710 232 2756 τον
239 2711 365 2747 ἀόρατον.
373 2712 427 2739 Καὶ
433 2714 446 2739 ὁ
455 2713 506 2749 μὶν
512 2715 562 2746 τὰς
570 2718 729 2751 σωματικὰς
737 2718 812 2753 ὕψεις
820 2710 969 2756 ὴλιοειδεῒς,

185 2757 200 2783 6
211 2755 240 2783 δι
255 2757 305 2789 τὰς
324 2757 421 2794 νοεράς
437 2758 532 2794 φύσεις
551 2761 677 2793 θεοειδεῖς
696 2763 892 2798 ἀπεργάζεται.
915 2768 970 2794 Καὶ

184 2801 279 2839 ὥσπερ
294 2800 371 2836 οὗτος
386 2806 444 2839 τοῖς
454 2814 484 2832 τε
495 2806 592 2842 ὁρῶσι,
605 2807 653 2834 καὶ
671 2808 727 2840 τοίς
741 2809 900 2845 ὁρωμένοις,
913 2815 969 2845 τοῖς

186 2848 236 2882 μιν
249 2849 299 2885 τὴν
311 2850 359 2878 τοῦ
371 2851 449 2888 όρᾷν,
463 2853 520 2884 τοῖς
535 2853 564 2879 δὲ
580 2853 630 2889 τὴν
643 2853 690 2880 τοῦ
705 2855 819 2889 ὁρᾶσθαι
839 2857 967 2893 παρέχων

183 2894 310 2929 δύναμιν,
327 2896 409 2930 αὐτὸς
432 2898 487 2926 τῶν
503 2898 648 2934 ὁρωμένων
671 2900 729 2928 εστὶ
752 2901 782 2929 τὸ
803 2902 963 2931 κάλλιστον’

1024 2406 1159 2441 praebens,
1176 2413 1230 2441 quo
1245 2406 1349 2441 puriori
1366 2407 1458 2435 animo
1471 2415 1588 2442 sumus;
1611 2413 1640 2437 et
1660 2415 1693 2436 eo
1711 2416 1809 2438 rursus

1023 2451 1171 2479 amandum
1197 2452 1295 2487 magis,
1319 2459 1375 2487 quo
1402 2453 1534 2481 attentius
1553 2461 1615 2481 eum
1635 2455 1808 2489 contempla-

1024 2505 1103 2531 mur;
1118 2502 1145 2525 et
1154 2505 1188 2525 eo
1201 2498 1318 2532 denique
1330 2498 1417 2533 magis
1425 2499 1612 2534 cognoscitur,
1621 2507 1677 2535 quo
1689 2501 1808 2535 amplius

1024 2543 1113 2578 ipsum
1125 2550 1250 2570 amamus
1263 2552 1269 2570 :
1282 2543 1340 2578 ipse
1349 2551 1378 2571 se
1387 2545 1580 2579 speculaturet
1588 2545 1806 2581 comprehendit,

1023 2594 1052 2617 ct
1070 2589 1216 2624 perexigue
1226 2589 1260 2616 ad
1275 2593 1389 2617 externa
1404 2589 1579 2618 diffunditur.

1058 2635 1134 2662 Orat.
1146 2635 1172 2662 in
1184 2634 1214 2662 S.
1227 2634 1324 2662 Athan.
1336 2650 1373 2655 —
1385 2635 1464 2668 Quod
1478 2636 1657 2665 sensibilibus
1670 2637 1753 2665 rebus
1764 2642 1805 2666 est

1021 2681 1063 2708 sol
1078 2685 1182 2714 noster,
1205 2681 1257 2709 hoc
1283 2680 1354 2709 Deus
1369 2685 1412 2710 est
1433 2681 1467 2710 iis
1484 2689 1546 2717 quae
1572 2685 1664 2711 mente
1691 2684 1805 2719 praedita

1020 2730 1095 2754 sunt.
1115 2727 1165 2755 Ille
1186 2727 1259 2755 enim
1277 2727 1409 2754 mundum
1436 2727 1511 2755 hunc
1536 2728 1731 2764 aspeclabilem
1748 2730 1805 2758 col-

1021 2773 1139 2806 lustrat;
1168 2773 1213 2800 hic
1236 2773 1411 2801 invisibilem.
1440 2773 1489 2802 Ille
1503 2774 1630 2809 corporis
1648 2775 1746 2803 oculos
1767 2775 1804 2803 ita

1020 2818 1113 2850 adicit,
1128 2823 1158 2846 ut
1171 2819 1238 2847 solis
1253 2819 1371 2854 speciem
1387 2819 1507 2849 relerant
1523 2829 1531 2848 :
1548 2820 1593 2848 hic
1616 2825 1723 2850 mentes
1745 2821 1802 2849 dei-

1019 2862 1121 2890 i'ornies
1137 2862 1211 2890 facit.
1224 2863 1313 2900 Atque
1327 2870 1356 2893 ut
1377 2865 1432 2898 ille,
1447 2869 1502 2893 tam
1517 2865 1552 2894 iis
1571 2866 1673 2902 quibus
1694 2867 1801 2894 vivendi

1017 2906 1133 2935 facultas
1159 2907 1236 2936 adest
1260 2917 1341 2941 quam
1359 2909 1394 2938 iis
1418 2918 1478 2943 qua:
1494 2911 1632 2944 videntur,
1656 2911 1728 2939 banc
1747 2910 1801 2938 vim
