2080 3111
251 186 321 220 1075

849 185 881 215 S.
900 183 1021 215 ΙΟΑΝΝ
1025 185 1061 215 IS
1081 185 1296 216 DAMASCENI

1815 182 1860 216 10'.
1867 182 1884 214 6

249 242 362 278 praebet,
377 244 407 270 ut
423 245 450 269 et
463 240 510 268 illa
525 239 636 275 quidem
655 240 777 274 videant,
803 240 855 269 ista
876 241 1039 275 videantur;
1055 269 1059 276 η

1110 241 1163 269 ὗτω
1175 242 1224 271 καὶ⁹
1236 242 1252 268 ὁ
1267 241 1334 274 Θεὸς
1353 242 1409 274 τοῖς
1421 251 1450 268 τε
1466 242 1568 275 νοοῦσι,
1585 243 1632 269 καὶ
1646 243 1702 274 τοῖς
1716 241 1883 277 νοουμένοις,

250 296 314 316 eum
328 288 386 322 ipse
400 288 483 314 rebus
496 294 557 321 qua:
567 287 619 315 sub
630 292 773 322 aspectum
789 288 905 321 eadunt,
921 287 1044 323 pulchri-

251 335 347 363 tudine
361 333 506 361 antecellat
523 341 529 360 :
550 333 647 360 eodem
661 334 743 362 modo
759 333 840 366 Deus,
855 341 918 362 cum
935 333 971 362 iis
983 341 1044 369 quae

251 378 431 413 intelligentia
457 382 584 410 utuntur,
610 379 662 406 hoc
683 378 792 412 aﬂerat,
808 383 839 407 ut
865 379 1045 414 intelligant:

1088 287 1153 323 ,τοῖς
1173 288 1224 323 μὲν
1238 287 1268 314 τὸ
1291 289 1372 321 νοεῖν,
1389 289 1445 320 τοῖς
1469 288 1498 315 δὲ
1513 289 1544 315 τὸ
1561 288 1682 316 νοεῖσθαι
1698 287 1884 323 δημιουργῶν,

1098 332 1180 364 αὐτὸς
1191 332 1246 359 τῶν
1261 333 1416 367 νοουμένων
1431 334 1490 361 ἐστὶ
1504 334 1534 361 τὸ
1548 334 1707 370 ἀκρότατον,
1720 334 1760 366 είς
1771 333 1801 361 ὃν
1810 335 1885 361 πᾶσα

1099 377 1195 413 ἔφεσις
1208 378 1330 405 ἵσταται.

250 422 337 450 etiis
362 430 423 458 qua:
439 426 531 453 mente
563 423 762 458 percipiuntur,
784 428 815 452 ιιι
859 425 1061 460 intelligantur,
1099 423 1158 459 ipse
1191 424 1308 459 proinde
1344 423 1556 462 intelligibilium
1596 426 1720 454 omnium
1761 430 1886 455 summus

211 484 213 491 ι
251 473 293 496 est
313 472 419 502 vertex,
446 469 473 496 in
499 475 554 504 quo
582 469 748 497 desiderium
774 477 855 498 omne
881 470 991 499 sistitur
1013 473 1042 496 et
1061 469 1186 505 quiescit.

287 514 425 550 Chrysost.
443 514 514 542 Imm.
529 515 563 541 77
584 516 612 543 in
634 515 715 543 Joan.
731 530 767 536 --
787 516 895 544 Idcirco
910 516 995 544 etiam
1017 516 1046 544 in

252 561 417 596 baptismate
436 561 557 590 Trinitas
587 562 750 590 assumitur.
779 561 847 589 Nam
875 562 958 590 Pater
988 569 1046 590 rem

254 615 364 634 ontnem
377 610 468 641 potest
482 606 598 639 edicere,
620 607 763 642 Filiusque
782 608 861 640 item,
884 613 911 635 et
925 607 1047 643 Spiritus

255 657 370 681 sanctus
385 662 391 680 :
408 660 471 680 cum
498 660 565 680 vero
581 653 614 680 de
638 653 717 680 Patre
736 661 817 681 nemo
833 653 994 689 ambigeret,
1013 653 1047 681 de

255 698 326 726 Filio
337 703 428 727 autem
441 703 468 726 et
489 698 594 733 Spiritu
617 704 714 727 sancto
739 700 930 728 controversia
956 700 1045 734 foret;

255 749 401 781 eapropter
414 746 559 781 utriusque
576 747 673 773 borum
692 754 790 774 nomen
807 746 834 773 in
849 751 944 774 sancta
955 746 1047 774 initia-

256 792 333 819 tione
352 797 523 827 assumptum
538 792 600 826 fuit,
619 796 648 820 ut
671 793 698 820 in
717 792 985 820 subntinistrationis
1001 800 1047 819 ar-

257 846 387 866 canorum
401 839 510 866 illorum
518 839 653 867 bonorum
665 838 809 871 societate,
824 838 966 873 dignitatis
980 845 1050 874 quo-

258 892 312 919 que
327 884 486 912 societatem
507 891 732 920 agnosceremus.

294 930 389 965 Epiph.
427 931 454 958 in
476 931 541 958 Anc.
570 939 598 958 ιι.
627 930 670 958 10.
687 946 722 951 -
749 930 887 961 Sanetus.
918 933 1052 962 sanctus,
1069 931 1089 958 Β

260 981 386 1004 sanctus.
416 976 473 1004 Non
500 976 606 1008 dicunt,
632 976 734 1010 sancti,
759 976 859 1008 sancti,
883 980 913 1002 ut
932 976 957 1003 ei
978 976 1051 1011 quod

260 1022 400 1057 singulare
417 1027 470 1054 cst,
486 1022 664 1056 multiplicem
689 1022 900 1057 appellationem
918 1022 1051 1054 tribuant,

260 1074 313 1095 nec
324 1067 408 1094 trium
431 1075 575 1094 numerum
594 1067 777 1094 dissimulent.
804 1066 858 1094 Sed
883 1067 918 1093 ita
935 1071 977 1094 tcr
991 1067 1054 1102 qui-

261 1113 322 1140 dem
343 1117 471 1141 sanctum
491 1112 654 1148 pradicant,
670 1117 701 1140 ut
727 1119 781 1140 uno
795 1112 949 1148 eodemque
973 1112 1054 1140 modo

261 1163 289 1187 ot
317 1159 496 1194 singulariter
507 1166 602 1187 vocem
618 1158 811 1194 pronuntient,
826 1165 860 1186 ne
878 1158 972 1193 plures
986 1157 1055 1186 deos

263 1206 416 1233 nominent.
434 1205 514 1233 Unus
530 1205 603 1238 enim
619 1204 693 1233 Deus
707 1210 750 1233 est
771 1203 852 1232 Pater
875 1204 903 1231 in
930 1203 1011 1236 Filio,
1027 1207 1056 1231 et

263 1249 350 1278 Filius
372 1251 401 1277 in
421 1250 502 1277 Patre
527 1257 590 1277 cum
619 1248 723 1284 Spiritu
753 1252 861 1276 sancto.
889 1247 922 1274 Et
951 1247 1057 1275 idcirco

263 1299 379 1324 sanctus
397 1295 445 1330 qui
469 1295 496 1322 in
516 1295 621 1322 sanctis
648 1294 809 1329 requiescit,
829 1293 909 1320 Pater
930 1300 1012 1321 verus
1028 1297 1056 1321 et

263 1341 430 1373 subsistens,
448 1340 536 1368 Filius
554 1347 664 1376 quoque
681 1348 762 1368 verus
786 1344 814 1368 et
837 1339 1004 1372 subsistens,
1029 1343 1057 1367 et

265 1387 387 1422 Spiritus
402 1391 517 1416 sanctus
540 1394 623 1414 verus
644 1390 672 1413 et
705 1385 872 1414 subsistens.
897 1385 962 1413 Tria
980 1390 1055 1418 sunt,

265 1435 313 1461 sed
329 1433 419 1461 deitas
432 1440 497 1466 una,
512 1433 633 1461 essentia
642 1440 709 1464 una,
726 1438 780 1459 una
795 1431 971 1466 gloriﬁcatio,
984 1439 1057 1460 unus

266 1478 349 1506 Deus.
364 1477 413 1506 Ubi
427 1477 510 1505 Deum
523 1477 671 1505 nominasti
682 1478 693 1504 ?
704 1484 758 1504 una
773 1484 883 1512 quoque
893 1476 1055 1503 Trinitatem

267 1528 358 1552 tuente
380 1524 541 1559 complexus
555 1531 596 1551 es.
621 1523 747 1551 Habuisti
766 1522 899 1558 Spiritum
915 1522 1059 1550 sanetum?

267 1569 390 1604 potentia
409 1568 499 1597 Patris
509 1572 536 1599 et
549 1567 620 1599 Filio
638 1568 684 1596 Dei
695 1568 815 1597 donatus
824 1576 865 1596 es.
879 1567 986 1596 Patrem
997 1567 1058 1594 lau-

268 1597 361 1643 ilasti?
387 1615 487 1642 Filium
516 1619 542 1643 et
567 1614 702 1650 Spiritum
729 1619 857 1646 sanctum
885 1597 1096 1649 signiﬁcasti,c

269 1667 323 1689 non
339 1663 429 1686 tamen
445 1667 495 1694 per
507 1659 636 1687 unionem
648 1663 676 1687 et
690 1658 877 1686 coalitioncm.
891 1657 972 1685 Pater
987 1658 1060 1685 enim

269 1709 312 1731 est
332 1703 423 1736 Pater,
437 1707 464 1732 et
477 1703 564 1731 Filius
581 1703 677 1736 Filius,
694 1707 723 1732 et
738 1703 859 1739 Spiritus
869 1707 984 1732 sanctus
1000 1703 1062 1738 Spi-

270 1750 342 1776 ritus
355 1753 478 1776 sanctns.
497 1747 533 1774 At
547 1747 669 1779 Trinitas
687 1748 722 1776 ab
738 1747 842 1776 unitate
866 1751 894 1775 ct
920 1746 1062 1775 identitatc

271 1795 382 1825 minime
399 1799 504 1823 semota
519 1798 573 1823 est.

298 1840 379 1870 Jbid.
389 1856 423 1861 —-
437 1841 458 1868 0
474 1840 599 1868 Trinitas
614 1844 722 1874 sancta,
738 1847 799 1875 qua:
813 1839 985 1873 numeraris;
1004 1838 1064 1866 Tri-

273 1887 345 1917 nitas
360 1895 414 1914 uno
426 1886 538 1914 nomine
555 1886 720 1914 numerata!
739 1885 799 1913 Non
818 1886 892 1913 enim
910 1885 1001 1912 unitas
1022 1884 1064 1911 vel

273 1932 399 1967 binarius
410 1932 522 1966 dicitur,
538 1939 627 1966 neque
643 1931 735 1959 unitas
749 1935 776 1958 et
789 1931 897 1964 unitas;
910 1930 956 1957 sed
972 1929 1064 1956 Triui-

274 1980 317 2007 tas
342 1976 370 2003 in
392 1977 509 2009 unitate,
533 1980 562 2004 et
587 1975 681 2004 unitas
701 1976 729 2003 in
754 1975 901 2008 Trinitate,
932 1975 1065 2010 singulari

275 2021 374 2055 forma,
391 2026 419 2050 et
429 2022 614 2058 appellatione
629 2021 772 2056 singulari.
788 2021 864 2050 Unus
879 2021 960 2050 Pater
971 2021 999 2050 in
1019 2020 1065 2048 Fi-

275 2069 324 2102 lio,
341 2069 428 2098 Filius
449 2069 476 2096 in
491 2068 571 2100 Patre
586 2072 614 2096 et
627 2067 733 2103 Spiritu
746 2072 853 2096 saneto.

311 2112 371 2141 Una
384 2118 427 2141 est
441 2113 529 2148 gloria
552 2112 643 2140 Patris
659 2116 687 2140 et
702 2112 763 2139 Filii
779 2117 807 2140 et
828 2111 948 2146 Spiritus
967 2110 1065 2138 sancti.

279 2169 289 2189 ι
305 2159 427 2187 Gloriam
453 2159 527 2188 enim
553 2166 653 2191 meam,
685 2157 784 2193 inquit,
806 2157 884 2184 alteri
915 2165 969 2184 non
997 2156 1067 2184 dabo

277 2205 346 2242 (lsa.
365 2212 433 2237 xm,
449 2204 487 2239 8).
507 2203 567 2231 Non
586 2204 659 2235 enim
672 2203 812 2233 secundus
829 2202 899 2230 Deus
913 2206 954 2230 est
968 2196 1066 2234 Filius‘,

278 2251 325 2278 sed
341 2249 463 2278 Verbum
480 2250 563 2278 unius
579 2253 606 2279 et
621 2249 707 2277 solius
721 2249 778 2282 Dei,
794 2249 840 2284 qui
861 2249 887 2276 in
903 2249 981 2276 l‘atre
995 2247 1068 2276 Deus

278 2304 341 2325 esse
356 2295 533 2331 prmdicatur,
551 2295 781 2331 quemadmodum
799 2298 826 2322 et
841 2295 922 2322 Pater
941 2294 968 2321 in
987 2293 1067 2322 Filio.

279 2341 360 2371 Velut
379 2341 460 2380 300
473 2341 555 2369 etiam
574 2341 660 2370 Isaias
675 2341 722 2374 ait,
739 2341 802 2368 dum
818 2340 917 2367 Filium
936 2347 990 2367 una
1004 2347 1067 2367 cum

277 2387 359 2418 Patre
388 2387 472 2416 Deum
502 2387 646 2423 proﬁtetur
663 2397 669 2415 :
690 2387 880 2425 trAdorabunt
899 2391 934 2420 te,
950 2391 977 2413 et
1000 2387 1026 2414 in
1043 2391 1069 2414 te

279 2434 418 2461 orabunt:
438 2433 568 2468 quoniam
597 2433 624 2460 in
656 2438 682 2460 te
712 2433 784 2460 Deus
812 2431 913 2464 Israel,
943 2431 1070 2460 Salvator

279 2479 349 2520 (lsa.
371 2487 433 2514 xcv,
455 2480 498 2512 l4,
515 2479 570 2516 15).
593 2489 602 2506 ι
618 2479 839 2512 Conl‘undentur,
855 2483 883 2506 et
904 2479 1069 2509 erubescent

279 2533 387 2558 omnes,
408 2526 453 2561 qui
471 2526 522 2561 ipsi
539 2525 733 2557 adversantur,
755 2532 805 2552 nec
821 2525 910 2559 ipsum
936 2524 1070 2553 conﬁten-

281 2575 336 2605 tur,
357 2579 408 2599 nce
418 2571 551 2606 Spiritum
569 2571 656 2606 ipsius
667 2571 788 2606 ejusdem
801 2578 833 2598 ac
845 2570 930 2600 Filius
945 2571 1071 2599 essentia:

281 2625 353 2649 esse,
367 2625 399 2645 ac
413 2622 512 2652 printer
523 2626 596 2650 eum,
611 2618 694 2645 alium
712 2617 795 2645 Deum
810 2625 882 2646 esse.

317 2663 495 2698 Nequaquam
521 2663 557 2693 ita
579 2667 647 2691 est:
672 2663 837 2691 absitiNon
862 2668 904 2692 est
928 2667 1072 2699 procreata

284 2708 418 2742 Trinitas,
442 2709 490 2738 sed
507 2710 675 2746 sempiterna
694 2715 720 2739 et
742 2719 795 2739 una
819 2714 861 2740 est
886 2711 914 2738 in
937 2711 1073 2738 Trinitate

1132 517 1183 544 Διά
1200 517 1279 544 τοῦτο
1295 518 1342 545 καὶ
1358 518 1405 545 ἐπὶ
1419 517 1466 545 τοῦ
1485 518 1676 553 βαπτίσματος
1689 518 1706 553 ἡ
1716 518 1803 553 Τριὰς
1816 518 1887 553 λαμ-

1098 561 1221 589 ϐάνεται.
1245 563 1301 590 Καὶ
1314 563 1370 598 γὰρ
1386 562 1400 589 ὁ
1415 563 1510 598 Πατὴρ
1529 563 1560 590 τὸ
1581 563 1636 590 πᾶν
1652 562 1821 598 ἐργάσασθαι
1842 563 1888 589 δύ-

1098 617 1187 641 ναται,
1206 608 1253 635 καὶ
1270 609 1284 634 ὁ
1311 609 1377 640 Υίδς
1401 608 1496 636 καὶτὸ
1521 609 1634 644 Πνεῦμα
1660 609 1692 635 τὸ
1708 609 1804 643 ἅγιον·
1831 609 1888 636 ἀλλ’

1099 654 1193 689 ἐπειδὴ
1208 654 1272 689 περὶ
1297 654 1344 681 τοῦ
1373 654 1482 689 Πατρὸς
1510 655 1596 686 οὐδεὶς
1611 654 1790 690 ἀμφιϐάλλει,
1813 655 1845 681 τὸ
1860 655 1889 682 δὲ

1101 701 1252 735 ἀμφίϐολον
1269 699 1302 736 ἦν
1326 701 1391 737 περὶ
1416 701 1462 728 τοῦ
1481 701 1547 728 Υίοῢ
1571 701 1682 728 καὶτοῦ
1701 702 1780 736 ἁγίου
1801 702 1889 728 Ilvati-

1103 756 1197 782 ματος,
1216 747 1400 783 παρείληπται
1423 748 1452 774 ἐν
1466 748 1499 783 τῇ
1525 748 1706 783 μυπαγωγὶᾳ
1719 769 1727 780 ,
1744 747 1789 774 ἵνα
1809 748 1838 773 ὲν
1855 748 1890 782 τῇ

1103 794 1231 829 κοινωνίᾳ
1246 793 1300 820 τῶν
1320 794 1487 830 ἀπορρήτων
1503 794 1615 820 ἐκείνων
1632 793 1753 828 ἀγαθῶν,
1777 793 1825 821 καὶ
1840 793 1890 829 τὴν

1103 839 1248 867 κοινωνίαν
1261 839 1310 874 τῆς
1327 839 1404 873 ἀξίας
1415 839 1680 875 καταμανθάνωμεν.

1140 930 1255 965 Ἄγιος,
1285 930 1373 964 ἅγιος,
1402 930 1492 964 ἅγιος·
1515 929 1563 957 καὶ
1587 931 1617 956 οὐ
1643 930 1781 965 λέγουσιν,
1806 930 1890 965 ἅγιοι,

1103 975 1186 1012 ἅγιοι,
1201 975 1246 1003 ἵνα
1269 976 1301 1002 τὸ
1318 975 1408 1002 ἑνικὸν
1424 975 1603 1010 πολυώνυμον
1624 977 1797 1011 ἀποφάνωσι,
1823 976 1893 1012 μηδὲ

1103 1022 1157 1048 τῶν
1172 1022 1256 1057 τριῶν
1271 1022 1317 1048 τὸν
1333 1022 1450 1057 ἀριθμὸν
1466 1022 1676 1058 ἀποκρύψωσιν,
1691 1022 1761 1049 ἀλλὰ
1776 1023 1837 1058 τρὶς
1851 1022 1892 1049 δι-

1107 1067 1184 1094 δόασι
1211 1067 1262 1101 τὴν
1286 1067 1463 1101 ἁγιαστείαν·
1499 1068 1643 1103 μονοειδῶς
1669 1068 1698 1094 δὲ
1724 1068 1772 1094 καὶ
1795 1067 1892 1099 ἑνικῶς

1104 1112 1327 1147 ἁποφθέγγονται
1343 1113 1388 1139 τὸν
1404 1112 1494 1148 λόγον,
1509 1113 1554 1140 ἴνα
1571 1113 1609 1148 μὴ
1625 1113 1775 1139 πυλυθεῖαν
1790 1113 1895 1148 ὀνομά-

1106 1163 1190 1182 σωσιν
1200 1164 1206 1171 ·
1238 1153 1278 1188 εἷς
1293 1156 1348 1191 γάρ
1371 1157 1429 1183 ἑστι
1452 1156 1519 1189 Θεὸς
1534 1157 1629 1192 Πατὴρ
1650 1157 1679 1184 ὲν
1694 1157 1752 1192 Υἱῷ
1762 1165 1769 1172 ο
1785 1157 1850 1189 Υἱὸς
1865 1158 1896 1184 ὲν

1106 1201 1195 1236 Πατρὶ
1211 1201 1259 1228 σὺν
1278 1202 1349 1237 ἁγίῳ
1362 1202 1512 1238 Πνεύματι.
1529 1203 1586 1230 Καὶ
1605 1203 1650 1230 διὰ
1674 1203 1755 1230 τοῦτο
1771 1203 1850 1237 ἅγιος
1865 1204 1897 1230 ὲν

1106 1247 1193 1282 ἁγίοις
1201 1247 1418 1282 ἀναπαυόμενος,
1427 1248 1524 1283 Πατὴρ
1536 1249 1551 1275 ὀ
1563 1248 1690 1283 ἀληθινὸς
1701 1247 1896 1280 ὲνυπόστατος,

1106 1293 1156 1320 καὶ
1166 1292 1229 1324 Υἱὸς
1238 1292 1366 1325 ἀληθινὸς
1378 1292 1573 1325 ὲνυπόστατος,
1585 1294 1634 1320 καὶ
1643 1291 1756 1328 Πνεῦμα
1769 1291 1898 1327 ἀληθινὸν

1107 1338 1300 1370 ὲνυπόστατον,
1317 1337 1381 1372 τρία
1399 1338 1464 1365 ὅντα
1487 1338 1536 1374 μία
1551 1339 1657 1374 Θεότης,
1673 1338 1723 1373 μία
1738 1337 1829 1370 οὐσία,
1847 1337 1897 1373 μία

1106 1385 1255 1419 δοξολογία,
1266 1381 1306 1417 εἷς
1319 1384 1394 1416 Θεός·
1415 1384 1553 1419 ὀνομάσας
1565 1384 1641 1417 Θεὸν,
1659 1383 1898 1419 συμπεριείληφας

1107 1431 1212 1466 διανοίᾳ.
1227 1431 1276 1466 τὴν
1293 1431 1408 1467 Τριάδα.
1421 1431 1520 1465 Ἔσχες
1535 1430 1647 1465 Πνεῦμα
1664 1431 1752 1464 ἅγιον,
1763 1429 1899 1465 κατηξίωο

1110 1484 1155 1502 σαι
1168 1476 1219 1510 τῆς
1243 1475 1386 1511 δυνάμεως
1402 1476 1452 1511 τῆς
1477 1476 1608 1512 πατρῴας
1626 1476 1675 1504 καὶ
1694 1475 1741 1503 τοῦ
1756 1475 1824 1502 Υίοῦ
1850 1474 1898 1501 τοῦ

1109 1520 1194 1548 Θεοῦ·
1216 1521 1346 1554 ὲδόξασας
1372 1521 1418 1548 τὸν
1440 1522 1561 1556 Πατέρα,
1588 1522 1731 1557 ὲσήμανας
1749 1521 1795 1548 τὸν
1823 1521 1898 1554 Υίὸν,

1110 1568 1158 1594 καὶ⁸
1177 1567 1208 1594 τὺ
1231 1567 1309 1602 ἅγιον
1334 1567 1459 1601 Πνεῦμα,
1485 1567 1553 1594 ἀλλὰ
1571 1567 1608 1602 μὴ
1628 1567 1699 1594 κατὰ
1723 1566 1898 1600 συναλοιφὴν.

1113 1615 1193 1641 Ἔστι
1214 1614 1268 1650 γὰρ
1284 1614 1298 1640 ὁ
1310 1613 1406 1648 Πατὴρ
1421 1613 1516 1648 Πατήρ
1526 1620 1533 1628 ο
1547 1612 1620 1638 ἐστιν
1629 1613 1643 1639 ὁ
1660 1611 1725 1643 Υἱὸς
1736 1611 1814 1642 Υἱός·
1827 1611 1900 1637 ἔστιν

1111 1661 1141 1688 τὸ
1158 1660 1236 1694 ἅγιον
1250 1658 1375 1694 Πνεῦμα,
1394 1658 1472 1692 ἅγιον
1493 1657 1616 1693 Πνεῦμα.
1633 1657 1703 1684 Ἀλλ’
1716 1657 1768 1684 οὐκ
1782 1656 1900 1691 ἀπηλλο-

1111 1705 1250 1741 τριωμένη
1277 1704 1362 1740 Τριὰς
1395 1705 1444 1739 τῆς
1469 1703 1615 1739 ἐνότητος,
1638 1703 1691 1735 ,καὶ
1716 1702 1767 1737 τῆς
1805 1701 1902 1728 ταυτό‹

1113 1760 1205 1787 τητος.

1149 1839 1184 1867 Ὠ
1196 1839 1280 1875 Τριᾶς
1298 1839 1364 1873 ἁγία
1379 1837 1568 1874 ἀριθμουμένη
1585 1843 1609 1870 ⁸,
1627 1835 1714 1872 Τριὰς
1733 1836 1763 1863 ὲν
1787 1834 1828 1862 ἑνὶ
1843 1833 1902 1860 ὀνό-

1117 1896 1181 1922 ματι
1199 1886 1405 1922 ἀριθμουμένη]
1424 1884 1461 1911 Οὐ
1473 1884 1527 1919 γὰρ
1539 1883 1648 1918 λέγεται
1663 1882 1748 1918 μονὰς
1764 1881 1811 1908 καὶ
1824 1880 1900 1913 δυὰς,

1115 1932 1176 1958 οὐδὲ
1193 1931 1276 1966 μονὰς
1290 1930 1337 1956 καὶ
1363 1930 1457 1965 μονὰς,
1473 1928 1542 1955 ἀλλὰ
1566 1927 1653 1963 Τριὰς
1679 1928 1710 1952 ὲν
1731 1925 1835 1961 μονάδι,
1853 1923 1902 1952 καὶ

1118 1978 1201 2013 μονὰς
1229 1977 1258 2003 ὲν
1275 1976 1381 2010 Τριάδι,
1405 1974 1549 2010 μονοειδῶς
1576 1972 1745 2008 μονωνύμως
1759 1968 1800 2002 εἷς
1817 1969 1899 2000 Θεός”

1116 2023 1212 2058 Πατὴρ
1238 2023 1267 2048 ἐν
1297 2021 1370 2056 Υίῷ·
1397 2021 1460 2053 Υἱὸς
1484 2021 1513 2046 ἐν
1535 2018 1624 2054 lla.th
1652 2018 1701 2045 σὺν
1727 2015 1798 2050 ἁγίῳ
1815 2013 1902 2041 Πνεῦ-

1139 2077 1195 2095 art.

1117 2078 1210 2142 μαξίία
1222 2113 1285 2147 δόξα
1303 2112 1410 2148 Πατρὸς
1424 2111 1470 2138 καὶ
1487 2109 1552 2138 Υἰοῦ
1577 2110 1624 2136 καὶ
1639 2108 1716 2143 ἁγίου
1733 2108 1902 2141 Πνεῦματος.

1120 2172 1130 2188 ι
1139 2162 1194 2196 Τὴν
1204 2160 1282 2193 δόξαν
1296 2159 1349 2194 γάρ
1360 2166 1422 2193 μου,
1432 2157 1524 2191 φησὶν,
1534 2155 1619 2190 ἑτέρῳ
1632 2155 1662 2181 οὐ
1676 2153 1765 2181 δώσω.
1779 2162 1788 2178 ι
1802 2152 1840 2179 Οὐ
1851 2150 1905 2185 γάρ

1118 2208 1177 2234 ἐστι
1190 2206 1316 2240 δεύτερος
1333 2204 1399 2236 Θεὸς
1414 2204 1429 2230 ὁ
1447 2202 1520 2234 Υἱὸς,
1537 2201 1605 2228 ἀλλὰ
1620 2201 1707 2235 Λόγος
1721 2199 1768 2226 τοῦ
1786 2198 1844 2229 ἐνὸς
1857 2197 1904 2224 καὶ

1121 2253 1203 2289 μόνου
1215 2249 1295 2282 Θεοῦ,
1310 2247 1520 2284 θεολογούμενος
1536 2248 1565 2274 ὲν
1581 2246 1678 2281 Πατρὶ,
1694 2245 1731 2276 ὡς
1745 2244 1792 2271 καὶ
1810 2242 1905 2277 Πατὴρ

1119 2300 1149 2326 έν
1163 2297 1221 2333 Υἱῷ
1239 2296 1416 2330 θεολογεῖται.
1434 2293 1534 2325 Καθὼς
1554 2291 1602 2320 καὶ
1620 2291 1733 2322 Ἡσαΐας
1743 2289 1829 2323 λέγει,
1847 2289 1906 2314 050-

1119 2344 1207 2380 λογῶν
1222 2343 1285 2369 Υἱὸν
1301 2342 1348 2368 σὺν
1362 2339 1466 2374 Πατρί·
1482 2348 1491 2364 ι
1501 2335 1727 2373 Προσκυνήσουσί
1745 2344 1797 2366 σοι,
1812 2333 1862 2360 καὶ
1877 2334 1905 2359 ὲν

1122 2391 1165 2418 σοὶ
1193 2387 1404 2424 προσεύξονται·
1420 2386 1462 2412 ὅτι
1481 2385 1511 2412 ὲν
1535 2384 1578 2411 σοὶ
1593 2385 1607 2410 ὁ
1630 2382 1696 2415 Θεὸς
1718 2381 1765 2410 τοῦ
1787 2379 1904 2416 Ἰσραὴλ,

1120 2436 1229 2471 Σωτήρ.
1241 2443 1249 2459 ι
1264 2432 1500 2468 Δίσχυνῦήσονται
1512 2432 1559 2457 καὶ
1575 2429 1792 2465 ἐντραπήσονται
1807 2427 1906 2457 πάντες

1120 2482 1146 2508 ot
1159 2479 1344 2515 ἀντικείμενοι
1355 2477 1440 2512 αὐτῷ,
1453 2477 1479 2503 οἱ
1496 2476 1533 2512 μὴ
1548 2474 1743 2511 ὁμολογοῦντες
1759 2472 1844 2508 αὐτῷ,
1860 2472 1909 2498 καὶ

1121 2529 1152 2555 τὸ
1172 2527 1285 2562 Πνεῦμα
1309 2525 1405 2557 αὐτοῦ,
1419 2525 1468 2560 τῆς
1491 2523 1575 2558 αὐτῆς
1593 2522 1633 2558 τῷ
1656 2521 1713 2557 rte
1737 2520 1841 2552 οὐσίας,
1861 2519 1908 2546 καὶ

1123 2575 1194 2610 πλὴν
1212 2573 1295 2601 αὑτοῦ
1309 2571 1373 2608 [μὴ]
1387 2568 1457 2597 εἶναι
1473 2569 1550 2596 Θεόν.

1160 2663 1217 2689 Οὐχ
1227 2661 1301 2688 ἐστιν
1317 2659 1404 2686 οῦτω·
1420 2657 1458 2693 μὴ
1473 2656 1596 2690 γένοιτο·
1613 2656 1663 2682 οὐκ
1687 2653 1746 2680 ἐστι
1760 2651 1878 2686 γεννητὴ
1891 2651 1908 2684 ὴ

1125 2709 1221 2744 Τριὰς,
1240 2706 1297 2734 ἀλλ’
1315 2705 1410 2736 ἀίδιος,
1431 2703 1478 2730 καὶ
1503 2702 1553 2738 μία
1576 2701 1671 2737 οεότης
1692 2701 1721 2727 ὲν
1738 2698 1846 2734 Τριάδι,
1863 2698 1911 2724 καὶ

922 2778 1038 2806 VARI/{‘3
1060 2777 1259 2806 LECTIONES.

319 2827 335 2859 fl
351 2820 414 2859 [nec
432 2822 562 2859 leguntur
573 2822 669 2850 eodem
685 2824 737 2850 Ioui
752 2825 822 2858 apud
841 2824 1033 2859 Epipltanium.
1049 2824 1183 2859 Rnpcfuc.
1209 2830 1274 2851 vero
1289 2820 1395 2859 tribuit.
1406 2817 1610 2859 Λιιευιιὶιοεωρ»
1629 2817 1827 2859 τοῢιιακοξρίοιξ
1839 2813 1920 2859 ,Ἄξ-

286 2850 472 2895 φιλοχζου,
480 2857 527 2882 τοῦ
541 2858 583 2895 εἰς
597 2858 627 2884 τὸ
644 2860 672 2883 'o
685 2850 877 2893 xdptagr‘é'nus'é
895 2850 1179 2895 [partium-inscriptio
1196 2860 1228 2888 sit
1248 2858 1341 2894 potius
1356 2854 1431 2884 illius
1447 2850 1601 2889 iiagutenti,
1618 2850 1696 2886 quod
1712 2851 1802 2880 Statim
1819 2850 1915 2885 sequi-

289 2890 332 2928 tur
342 2891 397 2922 Mi:
408 2890 482 2923 δόξα,
497 2900 522 2918 κ.
535 2900 559 2917 τ.
575 2892 596 2917 ὲ.

1928 2586 1932 2618 ι
