2080 3111
144 147 148 150 ’
192 167 257 198 1071

188 2745 194 2771 ί

824 164 943 201 ΞΑΟἨΑ
956 170 1185 201 PARALLELA.

1755 165 1822 198 10i8

191 227 240 261 μία
253 226 316 258 δόξα
329 225 380 262 τῆς
394 225 475 261 ἁγίας
491 227 616 263 Τριάδος.
633 227 689 256 Καὶ
709 229 814 264 σχίζειν
836 228 923 264 αὐτὴν
938 229 978 261 εἰς

1040 227 1130 260 Ieitas.
1143 231 1170 255 et
1187 235 1241 255 una
1266 231 1370 256 sanctae
1390 226 1536 255 Trinitatis
1558 225 1656 261 gloria.
1674 224 1706 252 Et
1727 232 1774 252 vos
1787 232 1820 252 co

189 273 337 308 διαφόρους
352 272 449 308 φύσεις
463 273 598 309 τολμᾶτε;
614 274 696 309 Μόνῳ
708 274 769 310 Θεῷ
785 275 916 311 ἁρμόττει
933 275 979 301 λέ-

189 327 250 354 γειν
273 319 305 345 τὸ
327 319 411 357 ἐμόν.
428 319 516 346 Αὐτοῦ
535 321 589 356 γὰρ
606 320 689 355 μόνου
714 320 798 353 ὅντως
824 321 918 357 κτῆμα
946 321 980 348 τὰ

191 365 293 392 πάντα.

191 432 323 473 ΤίτλκΒί.
334 447 369 453 -
382 433 452 473 ιζερί
477 433 532 473 τρῦ
550 433 702 473 ἄφευκτρν
725 431 803 473 εἶναι
817 433 978 473 τόν-Θεᾷ·

226 467 347 536 saxosi“
369 467 470 496 πάντα
492 467 604 503 ἐφορᾷ,
624 469 674 496 καὶ
701 469 792 497 οὐδὲν
811 470 906 497 αὑτὸν
931 469 980 496 λέ-

230 568 240 585 ι
257 559 314 587 οὐκ
327 558 401 587 ἐστιν
415 558 446 592 ὃς
459 558 593 592 ὲξελεῖται
610 559 642 587 ἐκ
656 559 712 587 τῶν
728 559 830 596 χειρῶν
847 569 910 595 μου.
931 570 941 587 1

230 659 241 676 1
258 649 378 685 Ὀρατής
390 649 466 676 ἐστιν
478 648 568 685 ἔργων
585 649 686 684 χειρῶν
697 648 849 685 ἀνθρώπων
863 657 870 665 ·
883 649 981 685 λέληθε

192 695 220 722 δὲ
236 695 317 722 αὐτὸν
331 695 408 722 οὐδὲν
421 690 460 722 ὧν
475 695 653 730 πράττουσιν.
673 704 682 721 1

233 750 242 767 1
257 740 360 777 Κύριος
376 741 466 769 πάντα
480 741 578 777 ἐφορᾷ,
597 740 816 776 καταλαμϐάνων
836 740 984 776 ἀνεξιχνία-

195 795 263 821 στα,
294 786 390 820 ἔνδοξα
413 796 443 814 τε
463 787 512 814 καὶ
532 786 657 820 ἐξαίσια,
682 783 721 814 ὧν
744 786 794 814 οὐκ
819 785 895 814 ἔστιν
922 787 984 822 ἀρι-

195 833 274 869 ομός.
290 842 300 859 ι

234 888 243 905 1
257 879 306 911 Τίς
332 876 411 911 οὗτος
436 879 451 906 ὁ
472 879 602 915 κρύπτων
627 887 661 914 με
682 877 791 916 βουλὴν,
817 878 938 915 συνέχων
955 878 984 907 δὲ

197 924 308 960 ῥήματα
324 924 353 952 ἐν
364 923 479 961 καρδίᾳ,
497 925 548 960 ἐμὲ
562 924 649 953 οἴεται
663 924 816 960 κρύπτεινς
832 934 843 951 1

235 1018 246 1036 1
268 1009 387 1043 Ἐτάζων
404 1009 519 1046 καρδίας
529 1011 578 1039 καὶ
593 1012 709 1047 νεφροὺς
723 1013 737 1039 ό
750 1012 827 1045 Θεός.
842 1023 851 1039 1

239 1113 250 1130 1
267 1103 384 1140 ’Υψηλδς
401 1103 515 1139 Κύριος,
542 1104 590 1131 καὶ
607 1103 723 1131 ταπεινὰ
746 1104 852 1140 ἐφορᾷ,
878 1108 925 1130 καὶ
953 1107 988 1131 τὰ

199 1149 291 1186 ὑψηλὰ
306 1149 501 1185 ἀπομακρόθεν
515 1149 657 1185 γινώσκει.
675 1159 684 1176 1

238 1205 248 1221 1
265 1195 321 1223 Ποῦ
337 1195 465 1231 πορευθῶ
479 1195 534 1223 ἀπὸ
549 1195 597 1222 τοῦ
619 1195 774 1231 πνεύματός
796 1204 855 1229 σου,
873 1195 920 1223 καὶ
935 1195 988 1223 ἀπὸ

200 1241 248 1269 τοῦ
263 1242 412 1278 προσώπου
430 1251 476 1269 σου
492 1243 544 1270 ποῦ
557 1243 653 1278 φύγω;
668 1253 676 1269 1

238 1296 248 1314 1
268 1287 355 1323 ’ᾼδης
367 1288 415 1315 καὶ
439 1288 563 1316 ἀπώλεια
579 1289 686 1324 φανερὰ
706 1289 781 1325 παρὰ
801 1289 913 1325 Κυρίῳ·
931 1289 988 1322 πῶς

200 1333 262 1369 οὐχὶ
278 1334 326 1360 καὶ
341 1334 369 1361 αἱ
384 1334 493 1370 καρδίαι
505 1335 560 1362 τῶν
575 1332 747 1371 ἀνθρώπων;
766 1344 776 1361 1

240 1389 249 1406 1
264 1380 309 1406 Ἐν
326 1380 409 1408 παντὶ
431 1381 507 1416 τόπῳ
530 1381 666 1417 ὀφθαλμοὶ
693 1381 797 1416 Κυρίου
824 1381 989 1409 σκοπεύουσι

201 1426 306 1458 κακούς
315 1435 346 1453 τε
361 1428 408 1454 καὶ
423 1427 554 1463 ἀγαθούς.
573 1437 582 1454 1

241 1472 330 1505 «Θεὸς
356 1473 475 1508 ὲγγίζων
490 1474 548 1509 εἰμὶ
571 1474 637 1508 ἐγὼ,
654 1473 728 1509 λέγει
756 1474 873 1510 Κύριος,
890 1474 938 1501 καὶ
959 1475 990 1501 οὺ

202 1517 267 1550 Θεὸς
283 1519 444 1554 πόρῤωθεν;
461 1519 493 1546 Εἰ
505 1519 673 1555 κρυὸήσεταί
683 1528 711 1546 τι
723 1521 752 1547 ὲν
766 1521 902 1556 κρυφίοις,
914 1520 992 1555 κάγὼ

1033 273 1157 301 audaciae
1170 273 1361 308 prorumpitis,
1384 276 1414 300 ut
1437 279 1499 300 eam
1524 272 1552 300 in
1568 272 1692 299 diversas
1707 275 1820 298 naturas

1032 319 1184 347 scindatis?
1211 318 1265 346 Uni
1289 318 1344 346 Deo
1368 326 1455 346 meum
1481 318 1573 346 dicere
1597 316 1737 345 convenit.
1753 316 1820 344 Nam

1033 365 1091 401 ipse
1105 365 1182 393 solus
1199 364 1292 392 omnia
1305 371 1371 392 vere
1386 362 1520 399 possidet.

1043 430 1087 458 Tit
1115 429 1146 456 Il.
1169 443 1205 449 -—
1230 427 1307 461 Quod
1332 428 1402 456 Deus
1433 427 1511 455 uitari
1536 431 1663 462 nequeat,
1689 425 1808 461 quodque

1084 464 1173 492 omnia
1186 464 1326 499 inspiciat,
1347 471 1392 491 nec
1407 463 1552 498 quidquam
1574 462 1661 496 ipsum
1673 461 1767 488 lateat.

1068 561 1145 589 Deut.
1158 569 1244 594 χχχιι,
1253 561 1349 592 ὅθι-αι
1362 560 1422 589 Non
1434 565 1477 590 est
1487 560 1642 597 quieripiat
1651 560 1685 588 «ιθ
1695 559 1824 589 manibus

1032 614 1112 635 mets.
1134 616 1144 633 ι

1070 661 1079 678 1
1099 651 1271 687 Conspector
1295 655 1338 680 est
1358 658 1473 686 operum
1494 651 1636 678 hominum
1661 659 1668 678 :
1688 657 1739 678 nec
1761 658 1824 678 eum

1033 696 1181 733 quidquam
1197 704 1230 725 ex
1246 696 1281 725 iis
1296 704 1359 732 quae
1378 695 1492 730 faciunt,
1510 696 1588 723 latet.
1604 704 1613 721 1

1068 743 1119 770 Job
1131 751 1159 774 v,
1179 743 1206 771 9.
1220 758 1256 763 -—
1281 752 1290 768 1
1306 742 1439 770 Dominus
1454 743 1547 770 omnia
1563 742 1653 770 cernit
1673 749 1681 769 τ
1697 748 1824 777 compre-

1034 789 1158 817 hendens
1175 788 1377 821 inscrutabilia,
1398 788 1510 821 eximia,
1530 791 1558 815 et
1583 786 1731 822 stupenda,
1758 793 1826 822 quo-

1035 841 1095 862 rum
1108 841 1163 862 non
1174 838 1216 862 est
1232 841 1375 862 numerus.
1396 842 1406 860 Ι

1069 879 1120 907 Job
1146 887 1212 912 XLII,
1241 879 1269 907 5.
1285 894 1321 899 -
1337 888 1346 905 1
1368 878 1436 912 Quis
1464 881 1508 906 est
1529 877 1592 909 iste,
1613 876 1660 912 qui
1687 876 1759 904 celat
1784 883 1826 904 me

999 925 1021 953 B
1035 925 1192 959 consilium,
1209 929 1237 953 et
1256 925 1381 953 continet
1407 924 1490 952 verba
1507 924 1534 951 in
1550 922 1634 951 corde
1649 931 1657 951 ε
1674 929 1718 950 me
1735 925 1826 950 autem

1036 975 1112 1007 putat
1126 971 1295 999 abscondere
1303 971 1316 998 τ
1332 980 1341 997 1

1073 1017 1148 1045 Psal.
1174 1024 1231 1050 vn,
1258 1017 1286 1045 9.
1313 1031 1348 1036 —
1377 1024 1386 1041 1
1414 1015 1551 1043 Scrutans
1576 1014 1660 1042 corda
1693 1018 1719 1042 et
1746 1020 1827 1042 renes

1037 1062 1118 1090 Deus.
1141 1071 1150 1088 1

1074 1107 1149 1136 Psal.
1168 1115 1295 1140 cxxxvn,
1324 1106 1351 1134 6.
1369 1120 1404 1125 —
1428 1115 1437 1132 1
1457 1104 1591 1134 Excelsus
1619 1103 1773 1137 Dominus,
1801 1107 1829 1132 et

1037 1154 1149 1182 humlia
1163 1153 1287 1188 respicit,
1304 1156 1330 1181 et
1343 1152 1397 1180 alta
1413 1159 1427 1179 ιι
1440 1152 1523 1186 longe
1537 1150 1693 1186 cognoscit.
1711 1158 1721 1176 1

1075 1198 1150 1226 P1111.
1173 1205 1306 1231 cxxxvul,
1327 1197 1353 1224 ’1.
1372 1212 1407 1217 -—-
1429 1205 1438 1222 1
1459 1196 1519 1230 Quo
1544 1196 1590 1223 ibo
1611 1202 1626 1223 a
1644 1194 1745 1231 spiritu
1759 1197 1827 1229 tuo;

1038 1249 1066 1273 et
1077 1251 1131 1279 quo
1145 1251 1160 1271 a
1176 1243 1246 1271 facie
1259 1247 1308 1270 tua
1324 1242 1448 1278 fugiam?
1467 1251 1476 1268 1

1075 1289 1155 1317 Prov.
1175 1296 1220 1322 xv,
1240 1288 1283 1317 Η.
1299 1303 1335 1308 —
1357 1297 1366 1314 1
1387 1288 1513 1315 lni‘ernus
1538 1292 1566 1315 et
1591 1287 1709 1323 perditio
1736 1294 1829 1315 coram

1041 1335 1156 1363 Domino
1172 1344 1179 1362 :
1195 1338 1300 1370 quanto
1312 1330 1402 1369 magis
1414 1333 1497 1362 corda
1513 1334 1665 1361 hominum.
1681 1342 1692 1360 1

1078 1380 1149 1408 Ibid.
1161 1380 1188 1408 5.
1199 1395 1235 1401 —
1250 1389 1260 1406 1
1275 1380 1304 1408 In
1315 1380 1389 1408 omni
1404 1380 1465 1408 loco
1488 1380 1561 1408 oculi
1582 1379 1688 1408 Domini
1702 1383 1832 1408 contem-

1041 1426 1149 1461 plantur
1162 1425 1252 1454 bonos
1267 1429 1295 1454 et
1313 1426 1412 1453 malos.
1429 1434 1439 1452 1

1075 1470 1175 1498 Jerem.
1192 1478 1271 1503 xxiii,
1287 1470 1333 1498 25.
1353 1485 1388 1491 --
1407 1479 1417 1497 ι
1436 1470 1534 1499 Deuse
1548 1470 1640 1499 vicino
1649 1478 1699 1506 ego
1713 1478 1789 1503 sum;
1805 1475 1832 1498 et

1042 1523 1095 1544 non
1112 1515 1184 1543 Deus
1202 1515 1236 1544 de
1248 1515 1349 1551 longe?
1365 1515 1395 1543 Si
1410 1516 1596 1544 occultabitur
1609 1516 1651 1544 vir
1664 1516 1691 1543 in
1710 1516 1829 1544 abscon-

201 1563 252 1590 οὐκ
268 1563 369 1599 ὄψομαι
384 1564 464 1598 αὑτό;
476 1564 523 1599 Μὴ
542 1564 604 1600 οὐχὶ
622 1564 668 1592 τὸν
684 1564 798 1600 οὐρανὸν
813 1566 861 1592 καὶ
873 1565 922 1601 τὴν
936 1566 989 1601 γῆν

1042 1560 1117 1593 ditis,
1130 1565 1159 1588 et
1172 1568 1224 1596 ego
1243 1568 1298 1588 non
1311 1560 1411 1588 videbo
1426 1567 1499 1592 eum,
1513 1560 1580 1588 dicit
1591 1561 1741 1589 Dominus?
1756 1560 1832 1588 Nun-

203 1607 259 1643 ὲγὼ
272 1608 381 1644 πληρῶ,
394 1609 470 1644 λέγει
486 1609 602 1644 Κύριος;
622 1619 632 1636 1

243 1692 367 1733 ι’Κύριος
384 1698 556 1734 ἀποκαλύψει
573 1699 658 1734 βαθέα
676 1699 722 1726 καὶ
741 1699 900 1734 ἀπόκρυφοι,
911 1698 992 1734 γινώ-

205 1751 278 1770 σκων
293 1743 328 1771 τὰ
341 1745 370 1771 ὲν
381 1744 485 1778 σκότει,
500 1745 548 1772 καὶ
563 1745 621 1779 φῶς
638 1745 697 1780 μετ’
712 1745 794 1773 αὐτοῦ
811 1746 879 1772 ἐστι.
892 1754 902 1772 1

243 1845 252 1861 1
271 1836 308 1863 Τὸ
325 1836 438 1872 συνέχον
458 1836 494 1863 τὰ
512 1836 612 1871 πάντα,
635 1837 736 1871 γνῶσιν
753 1837 810 1872 ἔχει
827 1838 932 1873 φωνῆς’
949 1837 993 1864 διὰ

204 1881 284 1909 τοῦτο
295 1882 482 1918 φθεγγόμενος
496 1882 577 1910 ἄδικα
594 1883 682 1916 οὐδεὶς
694 1884 725 1910 οὐ
746 1884 783 1919 μὴ
799 1884 878 1919 λάθῃ,
892 1884 947 1911 οὐδ’
961 1885 991 1911 οὐ

207 1928 244 1964 μὴ
261 1929 459 1964 παρελεύσεται
475 1929 556 1957 αὐτὸν
568 1930 717 1966 ἐλέγχουσα
730 1930 804 1966 δίκη.
819 1941 828 1957 1

243 2018 330 2046 «Τῶν
347 2019 454 2055 νεφρῶν
479 2021 562 2048 αὑτοῦ
589 2021 706 2058 μάρτυς,
734 2022 782 2050 καὶ
803 2022 854 2057 τῆς
879 2022 993 2058 καρδίας

205 2063 290 2091 αὐτοῦ
306 2065 457 2106 ἐπίσκοπος
478 2066 598 2102 ἀληθὴς,
615 2067 664 2095 καὶ
687 2068 737 2103 τῆς
757 2067 886 2104 γλώσσης
913 2069 994 2096 ἀκου-

208 2117 284 2137 στῆς.
301 2120 311 2137 ι

279 2132 284 2136 .
301 2120 311 2137 ι

241 2110 325 2192 ίῗΐὴν
337 2158 386 2193 σὴν
403 2159 483 2194 χεῖρα
502 2159 632 2194 ἐκφυγεῖν
648 2158 779 2186 ἀδύνατόν
791 2160 872 2187 ἐστιν.
892 2169 902 2186 1

1004 1597 1025 1627 (ἶ
1041 1606 1109 1642 quid
1125 1614 1182 1634 non
1195 1605 1294 1635 calum
1312 1610 1339 1635 et
1363 1610 1466 1635 terram
1483 1614 1534 1642 ego
1557 1606 1668 1641 impleo,
1694 1607 1762 1634 dicit
1779 1606 1833 1636 Do-

1041 1653 1154 1682 minus?
1170 1661 1179 1679 1

1077 1698 1147 1726 Dan.
1169 1707 1199 1732 ιι,
1218 1698 1265 1726 ‘22.
1277 1713 1312 1718 —-
1338 1708 1347 1724 1
1362 1697 1433 1726 Deus
1457 1697 1558 1727 revelat
1573 1696 1709 1733 profunda
1727 1701 1755 1725 et
1770 1698 1835 1727 abs-

1042 1745 1164 1779 condita,
1178 1749 1206 1773 et
1219 1745 1295 1772 novit
1317 1752 1378 1780 qua:
1393 1746 1420 1772 in
1443 1744 1565 1773 tenebris
1578 1748 1652 1777 sunt,
1668 1748 1695 1771 et
1711 1744 1755 1771 lux
1770 1752 1832 1772 cum

1042 1800 1076 1820 80
1089 1795 1143 1820 est.
1159 1801 1169 1818 )

1077 1837 1142 1872 Sap.
1153 1846 1172 1871 1,
1182 1838 1258 1865 7.——1
1271 1838 1340 1870 Hoc,
1350 1837 1424 1873 quod
1437 1837 1559 1865 continet
1569 1837 1671 1870 omnia,
1688 1836 1832 1864 scientiam

1044 1885 1126 1913 habet
1143 1884 1228 1912 vocis.
1246 1884 1362 1919 Propter
1382 1883 1434 1911 hoc
1451 1884 1500 1919 qui
1518 1883 1640 1918 loquitur
1655 1882 1760 1918 inique,
1777 1891 1834 1910 non

1044 1933 1135 1965 potest
1161 1930 1257 1959 latere.
1274 1936 1323 1956 nec
1348 1929 1486 1963 praeteriet
1506 1936 1568 1956 eum
1592 1929 1744 1963 corripiens
1757 1928 1832 1962 judi-

1043 1975 1126 2003 cium.
1142 1983 1152 2001 1

1078 2020 1149 2048 Ibid.
1166 2019 1230 2048 6.—
1247 2029 1257 2046 1
1275 2018 1383 2047 Renum
1399 2018 1472 2047 illius
1488 2019 1566 2047 testis
1582 2021 1624 2046 est
1639 2017 1721 2051 Deus.
1732 2022 1759 2046 et
1772 2025 1834 2046 cor-

1043 2066 1087 2094 tis
1111 2066 1198 2101 ipsius
1211 2069 1350 2094 scrutator
1379 2072 1478 2099 verus,
1509 2069 1537 2093 et
1568 2063 1669 2100 linguae
1695 2063 1756 2100 ejus
1781 2071 1832 2091 au-

1044 2113 1126 2140 ditor.
1143 2122 1153 2139 1

1080 2157 1144 2193 Sap.
1159 2165 1216 2190 xvt,
1230 2157 1274 2186 15.
1287 2173 1323 2181 —
1336 2166 1347 2183 1
1363 2157 1471 2185 Manum
1504 2157 1588 2191 tuam;
1603 2150 1722 2191 eﬂugeré
1733 2155 1834 2191 impos-

1046 2204 1126 2233 sibile
1137 2207 1191 2233 est.
1212 2213 1222 2231 1

245 2255 256 2273 1
273 2247 304 2273 Οἱ
320 2247 456 2295 ὀφθαλμοὶ
471 2248 575 2283 Κυρίου
590 2248 787 2284 μυριοπλάσιον
806 2249 883 2285 ἡλίου
894 2258 991 2284 φωτει-

1081 2250 1166 2278 Eccli.
1184 2257 1264 2284 xxm,
1279 2249 1325 2278 28.
1344 2263 1375 2269 --
1393 2258 1402 2276 1
1426 2248 1506 2278 Oculi
1529 2247 1637 2276 Domini
1658 2247 1746 2275 multo
1774 2247 1836 2283 plus

209 2290 326 2326 νότεροι,
341 2291 536 2326 ἐπιϐλέποντες
550 2293 642 2326 πάσας
658 2294 708 2326 τὰς
721 2294 800 2326 ὀδοὺς
817 2295 872 2322 τῶν
889 2294 995 2334 ἀνθρώ·

208 2346 277 2366 πων.
294 2348 304 2366 ι

248 2393 256 2410 1
275 2385 366 2420 Ἔγνω
379 2386 482 2423 Κύριος
497 2386 512 2413 ὀ
527 2386 638 2422 ὕψιστος
657 2388 748 2414 πᾶσαν
770 2387 933 2422 συνείδησιν,
950 2387 996 2414 καὶ

209 2431 360 2466 ἐπέϐλεψεν
375 2433 415 2465 εις
431 2434 544 2469 σημεῖον
559 2434 669 2467 αἰῶνος,
683 2433 864 2469 ἀπαγγέλλων
875 2433 910 2461 τὰ
925 2442 997 2469 παρ-

209 2475 333 2507 ελθόντα,
356 2477 403 2503 καὶ
425 2477 459 2504 τὰ
483 2478 612 2513 ἐσόμενα,
640 2480 688 2506 καὶ
713 2479 917 2506 ἀποκαλύπτων
935 2479 996 2515 ἴχνη

209 2520 390 2555 ἁποκρύφων.
406 2523 444 2549 οὐ
461 2524 603 2560 παρῆλθεν
616 2524 698 2552 αὐτὸν
711 2526 766 2552 πᾶν
779 2526 928 2562 διανόημα·
947 2526 998 2553 οὐκ

209 2566 315 2602 ἐκρύϐη
333 2566 380 2594 ὑπ’
396 2567 479 2595 αὐτοῦ
492 2568 533 2602 εἷς
547 2570 636 2604 λόγος,
652 2570 694 2598 Τὰ
706 2571 838 2606 μεγαλεῖα
851 2571 934 2599 αὑτοῦ
948 2572 998 2607 τῆς

211 2611 307 2647 σοφίας
328 2612 378 2648 τῆς
403 2616 540 2650 κοσμικῆς
564 2616 730 2652 ἐκόσμησεν,
750 2617 780 2649 ὃς
799 2618 857 2644 ἐστι
879 2617 933 2653 πρὸ
950 2617 998 2645 τοῦ

211 2659 378 2693 αἰῶνος,καὶ
393 2659 432 2692 είς
443 2660 489 2687 τὸν
503 2661 646 2688 αἰῶνα.οὺ
660 2661 824 2697 προσετέθη,
837 2662 900 2690 οὔτε
914 2663 998 2698 ὴλατ·

210 2705 296 2742 τώθη.
303 2714 313 2732 1

249 2761 260 2779 1
280 2753 369 2789 Ἔργα
382 2752 472 2789 πάσης
489 2752 591 2788 σαρκὸς
613 2752 730 2779 ἐνώπιον
755 2753 851 2785 αὑτοῦ,
876 2753 925 2780 καὶ
944 2754 995 2781 οὐκ

213 2799 270 2826 ἐστι
286 2799 421 2836 κρυϐῆναι
433 2808 460 2827 τι
475 2799 528 2827 ἀπὸ
545 2800 599 2826 τῶν
618 2798 765 2835 ὀφθαλμῶν
782 2799 876 2826 αὑτοῦ.
895 2809 904 2825 1

253 2899 262 2915 1
281 2890 323 2922 Ὠς
342 2891 426 2926 πηλὸς
441 2891 585 2926 κεραμέως
614 2891 642 2917 ἐν
667 2889 737 2925 χειρὶ
754 2888 846 2923 αὑτοῦ,
863 2888 933 2916 κατὰ
951 2888 998 2926 τὴν

1048 2296 1196 2325 lucidiores
1213 2300 1279 2325 sunt
1296 2296 1365 2330 sole,
1381 2295 1641 2330 circumspicientes
1658 2301 1754 2323 omnes
1777 2294 1836 2321 vias

1047 2343 1201 2370 hominum.
1218 2351 1227 2368 1

1082 2387 1169 2415 Eccli.
1186 2395 1253 2421 xm,
1270 2387 1305 2415 18
1319 2394 1398 2422 seqq;
1414 2402 1448 2408 —
1463 2395 1473 2413 1
1490 2386 1626 2423 Cognovit
1644 2385 1777 2413 Dominus
1791 2385 1838 2413 Al-

1047 2434 1172 2463 tissimus
1184 2441 1293 2462 omnem
1302 2433 1550 2466 conscientiam,et
1562 2432 1680 2468 inspexit
1688 2432 1717 2459 in
1729 2431 1837 2466 signum

1047 2481 1109 2512 :evi,
1124 2479 1293 2509 annuntians
1318 2485 1379 2514 quae
1397 2478 1602 2514 praeterierunt,
1619 2481 1646 2504 et
1665 2484 1727 2512 qua:
1741 2483 1837 2512 super-

1047 2530 1164 2554 ventura
1178 2528 1254 2557 sunt,
1266 2528 1294 2552 et
1306 2524 1431 2552 revelans
1447 2523 1561 2558 vestigia
1578 2523 1760 2551 occultorum.
1776 2521 1835 2549 Non

1048 2569 1180 2606 praeteriit
1195 2575 1259 2597 eum
1276 2568 1332 2596 ulla
1349 2567 1497 2603 cogitatio,
1515 2574 1572 2595 non
1596 2566 1742 2595 abscondit
1759 2573 1788 2594 se
1803 2566 1838 2593 ab

1049 2624 1082 2645 eo
1100 2617 1173 2644 ullus
1187 2622 1289 2644 sermo.
1305 2614 1441 2650 Magnalia
1459 2613 1602 2650 sapientiae
1613 2620 1670 2641 sum
1685 2612 1836 2644 decoravit.

1049 2663 1097 2698 qui
1111 2667 1154 2690 est
1169 2665 1234 2689 ante
1253 2660 1400 2694 saeculum,
1422 2663 1451 2687 et
1469 2666 1558 2695 usque
1572 2659 1601 2687 iu
1621 2658 1762 2687 saeculum.
1777 2657 1838 2685 Non

1051 2707 1176 2740 increvit,
1195 2714 1247 2736 nec
1260 2705 1394 2735 decrevit.
1410 2713 1420 2732 1

1087 2752 1173 2780 Eccli.
1187 2759 1284 2785 xxxix,
1301 2750 1345 2779 l9.
1357 2764 1392 2771 --
1406 2759 1415 2777 1
1430 2748 1520 2785 Opera
1537 2749 1628 2778 omnis
1638 2747 1731 2777 carnis
1743 2754 1838 2776 eorum

1051 2800 1100 2827 illo
1115 2803 1181 2826 sunt
1199 2802 1250 2826 :et
1265 2805 1318 2825 non
1334 2801 1377 2826 est
1396 2796 1471 2832 quod
1495 2795 1681 2824 abscondatur
1695 2795 1729 2823 ab
1750 2793 1840 2822 oculis

1010 2857 1013 2860 ⁴
1052 2845 1121 2881 ejus.
1142 2854 1150 2871 1

1088 2889 1171 2917 Eccli.
1189 2896 1286 2922 xxxiii,
1305 2888 1346 2916 l5.
1358 2903 1392 2909 —
1409 2887 1615 2929 {Quasilutum
1628 2886 1703 2922 ﬁguli
1716 2886 1743 2914 in
1755 2892 1836 2914 manu
