2080 3111
259 164 322 192 1081

898 161 1018 196 SACRA
1036 164 1270 203 PARALLELA.

1823 165 1893 201 1082

253 220 302 246 καὶ
317 219 354 247 τὰ
369 219 399 248 ιν
419 205 514 257 χερσὶν
536 221 701 258 εὑρίσκομεν
716 221 787 257 μετὰ
802 221 886 249 πόνου
898 229 907 238 “
920 222 955 250 τὰ
974 222 1005 250 δὶς
1017 222 1045 250 ὲν

1098 222 1126 255 in
1141 228 1214 251 terra
1232 228 1318 252 sunt:
1333 228 1361 254 et
1384 233 1446 262 quae
1461 225 1489 254 in
1506 229 1655 262 prospectu
1679 228 1756 258 sunt,
1778 224 1887 254 inverti-

253 266 392 302 οὐρανοις,
405 267 447 300 τίς
459 267 627 304 ὲξιχνίασεν;
644 277 654 295 ι

293 364 303 382 r
321 355 510 392 Χαλεπώτερά
530 365 578 384 σου
597 356 635 394 μὴ
648 357 735 393 ζήτει,
750 357 798 385 καὶ
826 357 984 395 ὑψηλότερά
997 367 1050 386 σου

257 401 295 437 μὴ
311 402 496 438 περιεργάζου
507 411 514 419 ·
528 402 558 434 ἃ..
569 403 729 440 προσετάγλιι
754 413 806 437 σοι,
823 405 910 433 ταῦτα
925 405 1045 433 διανοοῦ.

257 446 294 475 οὒ
308 448 364 483 γάρ
375 448 434 476 ἔστί
449 457 491 476 σοι
505 449 586 486 χρεία
598 450 653 478 τῶν
666 450 806 486 κρυπτῶν.
825 451 870 478 Ἐν
886 452 1048 488 τοῖςπερισ-

257 495 313 526 σοῖς
328 493 382 522 τῶν
396 494 486 531 ἔργων
511 504 558 522 σου
577 495 615 532 μὴ
639 496 835 532 περιεργάζου.
852 497 968 525 Πλείονα
990 497 1047 534 γὰρ

257 540 391 573 συνέσεως
419 540 571 578 ἀνθρώπων
595 542 744 578 ὑπεδειχθη
771 551 831 570 σοι·
862 543 978 576 πολλοὺς
993 543 1048 580 γὰρ

256 585 398 613 ἀπώλεσεν
418 587 435 623 ἡ
451 587 587 624 ὑπόληψις
615 588 715 622 αὐτῶν,
734 590 782 616 καὶ
808 589 923 617 ὑπόνοια
939 590 1049 626 πονηρὰ

255 631 391 669 ὼλίσθησε
411 633 533 661 διάνοιαν
555 634 665 669 αὒτῶνς
688 634 762 662 καὶὸ
780 634 897 670 ἀγαπῶν
921 635 1046 663 κίνδυνον

256 679 286 706 ἓν
298 678 373 715 αὐτῷ
385 679 538 708 ἀπολεῖται.
556 689 567 707 ι

296 799 307 817 ι
327 790 398 826 Περὶ
409 790 585 828 πράγματος,
593 786 624 819 οὗ
638 791 689 819 οὐκ
705 791 764 819 ἔστι
778 799 821 818 σοι
833 789 925 827 χρεία,
943 789 982 826 μὴ
997 799 1047 818 πε-

258 845 298 873 ριε
303 836 416 873 ργόιζου.
433 846 444 864 ι

294 892 303 909 α
321 882 473 918 Θαυμαστὰ
486 882 521 910 τά
531 881 601 920 ἔργα
614 882 730 919 Κυρίου,
744 882 792 910 καὶ
802 882 913 919 κρυπτὰ
927 882 962 909 τά
977 881 1047 916 ἔργα
1062 909 1084 939 Β

255 928 339 955 αὑτοῦ
354 928 521 964 ἀνθρώποις.
541 937 551 955 ι

291 985 300 1002 ι
318 974 368 1008 Τίς
383 975 533 1011 ὲξιχνιάσει
561 974 596 1002 τὰ
614 975 745 1011 μεγαλεῖα
769 974 819 1002 τοῦ
839 973 926 1007 Θεοῦ;
943 972 1047 1009 κράτος

253 1022 305 1057 τῆς
325 1020 515 1057 μεγαλοσύνης
530 1021 613 1049 αὐτοῦ
634 1022 677 1054 τίς
691 1020 923 1058 ὲξαριθμήσεται;
938 1021 986 1048 καὶ
1004 1019 1047 1052 τίς

255 1068 405 1104 προσθήσει
422 1067 640 1104 ἐκδιηγήσασθαι
658 1068 693 1095 τὰ
707 1068 770 1103 sui,
786 1067 888 1102 αὐτοῦς
908 1067 958 1094 οὐκ
971 1065 1046 1093 ἔστιν

254 1114 418 1146 ὰλαττῶσαι.
433 1114 495 1148 οὐδὲ
509 1114 670 1150 προσθεῖναι
682 1122 689 1129 ·
705 1114 753 1141 καὶ
770 1114 821 1141 οὐκ
834 1112 908 1140 εστιν
924 1111 1045 1148 ὲξιχνιά-

255 1169 301 1189 σαι
312 1161 347 1189 τὰ
353 1161 483 1197 θαύματα
492 1161 595 1197 Κυρίου
603 1168 610 1175 ’
625 1161 690 1187 ὅταν
702 1156 852 1196 συντελέσῃ
862 1159 876 1185 ὁ
890 1158 1045 1194 ἄνθρωπος,

253 1204 315 1232 τότε
331 1204 462 1241 ἄρχεταιο
484 1205 534 1232 καὶ
552 1205 618 1232 ὅταν
631 1203 736 1240 παύσῃ,
758 1202 819 1230 τότε
837 1200 1046 1238 ὲξαπορηθήσε-

253 1258 310 1278 ται.
334 1260 345 1277 ³

291 1307 301 1323 ι
317 1296 384 1324 Θεὸν
397 1296 486 1329 οὐδεὶς
504 1295 613 1333 ἑώρακε
631 1295 754 1323 πώποτε.
772 1304 781 1322 ι

290 1353 303 1370 ο
323 1343 353 1370 '0
364 1343 493 1378 βασιλεὺς
506 1343 563 1371 τῶν
576 1342 787 1378 βασιλευόντων,
803 1340 851 1369 καὶ
865 1339 971 1376 Κύριος
989 1338 1044 1367 τῶν

252 1389 453 1426 κυριευόντων·
467 1389 482 1416 ὸ
507 1389 587 1424 μόνος
603 1388 673 1424 ἔχων
688 1385 936 1427 ἀθανασίαν-φῶς
958 1385 1043 1413 οἰκῶν

252 1434 415 1471 ἀπρόσιτον,
441 1434 471 1462 όν
488 1433 559 1462 εἶδεν
576 1434 666 1467 οὐδεὶς
693 1433 858 1470 ἀνθρώπων,
885 1431 947 1459 οὐδὲ
977 1430 1044 1458 ἰδεῖν

251 1479 376 1508 δύναται.
393 1489 402 1505 ι

286 1526 320 1554 El
336 1525 427 1562 βούλει
443 1525 508 1561 περὶ
519 1524 588 1553 Θεοῦ
602 1525 694 1561 λέγειν
708 1533 747 1557 τι,
760 1524 777 1560 ἦ
793 1522 917 1555 ἀκούειν,
930 1522 998 1557 ἄφες
1012 1522 1043 1549 τὺ

251 1572 331 1608 σῶμα
341 1572 439 1600 ἑαυτοῦ
448 1580 456 1587 ·
474 1571 545 1608 ἄφες
560 1571 610 1604 τὰς
622 1570 783 1607 σωματικὰς
791 1569 944 1604 αἰσθήσεις·
957 1567 1042 1595 κα.τά-
1055 1579 1078 1612 c

250 1619 314 1646 λιπε
331 1618 382 1654 τὴν
393 1618 446 1654 γῆν
457 1626 464 1633 ·
481 1617 618 1645 κατάλιπε
631 1617 682 1653 τὴν
697 1616 837 1643 θάλασσαν
847 1623 854 1631 ·
871 1614 948 1642 κάτω
962 1622 1042 1641 σεαυ-

214 1675 220 1681 κ
248 1664 297 1691 τοῦ
320 1664 435 1700 ποίησον
457 1663 505 1690 τὸν
520 1663 611 1699 ἀέραι
629 1662 794 1697 παράδραμε
819 1660 907 1696 ὥρας,
936 1659 1040 1695 καιρῶν

249 1709 389 1743 εὐταξίας,
418 1709 470 1743 τὰς
496 1709 562 1745 περὶ
574 1708 628 1744 γῆν
643 1708 850 1743 διακοσμήσεις.
887 1705 972 1741 ’Υπὲρ
994 1704 1040 1732 τδν

249 1756 352 1792 αἰθέρα
367 1756 468 1791 γενοῦ·
491 1755 600 1791 διάϐηθι
617 1755 681 1787 τοὺς
706 1754 835 1789 ἀστέρας,
853 1751 889 1779 τὰ
905 1752 970 1788 περὶ
992 1750 1041 1778 αὒ-

250 1803 305 1830 τῶν
321 1802 462 1838 θαύματα,
479 1801 530 1838 τὴν
554 1801 704 1836 εὐκοσμίαν
728 1799 838 1831 αὐτῶν,
861 1798 897 1825 τὰ
922 1797 1039 1833 μεγέθη,

249 1848 300 1881 τὰς
335 1848 447 1885 χρείας,
474 1847 525 1883 τὴν
558 1846 758 1883 λαμπρότητα,
793 1844 843 1880 τὴν
872 1842 958 1877 θέσιν,
990 1842 1041 1878 τὴν

250 1895 350 1923 κτίσιν.

284 1942 332 1978 Μὴ
345 1941 421 1978 ζήτει
434 1940 469 1967 τὰ
483 1938 666 1975 ἀνερεύνητα·
683 1937 745 1965 οὐδὲ
757 1936 812 1974 γὰρ
821 1935 970 1972 εὑρίσκεις.
981 1935 1041 1961 Ἵνα

249 1988 305 2023 γὰρ
316 1987 344 2014 τί
361 1987 408 2014 καὶ
422 1987 533 2023 ζητεῖς;
551 1986 631 2022 [Ιαρά
651 1984 725 2016 τίνος
739 1983 812 2019 ἔχεις
829 1982 943 2019 μαθεϊν;
958 1981 1040 2017 Παρά

249 2032 320 2068 γῆς;
342 2032 392 2059 οὐκ
419 2032 590 2067 ὑφειστήκει.
610 2030 694 2066 Παρὰ
713 2027 871 2063 ’θαλάσσηςς
894 2027 945 2053 οὐκ
968 2023 1004 2061 ἦν
1020 2026 1038 2062 ὴ

249 2076 332 2112 ὑγρά.
351 2076 431 2112 Παρά
443 2075 579 2112 οὐρανοῦ;
595 2075 647 2102 οὒκ
660 2072 694 2110 ἦν
709 2068 850 2110 ἐπαρθείς.
867 2071 948 2107 Παρά
961 2070 1038 2107 ἡλίου

248 2124 297 2151 καὶ
310 2123 442 2159 σελήνης;
470 2122 577 2150 οὐδέπω
599 2120 846 2157 δεδημιούργηντο.
870 2118 953 2145 Ἀλλὰ
970 2116 1039 2153 παρ’

248 2168 370 2201 αἰώνων;
383 2168 437 2203 πρὸ
447 2167 554 2211 alii:va
564 2168 578 2194 ό
589 2167 758 2202 Μονογενής.
772 2165 819 2201 Μὴ
831 2163 940 2211 ἐξέταζε
952 2163 1039 2211 τὰᾼ

249 2214 293 2240 ἀεὶ
309 2214 386 2245 όντα,
402 2214 474 2250 ὑπὲρ
487 2213 535 2240 τοῦ
549 2213 593 2240 ἀεὶ
606 2213 692 2245 ὃντος.
706 2213 739 2239 El
751 2212 780 2239 δὲ
793 2212 830 2247 μὴ
848 2210 947 2244 θέλεις,
970 2209 1040 2237 ἀλλὰ

1101 277 1164 298 mus
1179 277 1242 298 cum
1267 270 1372 300 labore.
1398 271 1465 305 Quae
1490 276 1582 300 autem
1604 271 1633 300 in
1647 271 1726 300 caelis
1740 275 1816 304 sunt,
1829 271 1893 307 quis

1101 316 1280 353 investigabit
1289 318 1302 345 τ
1320 327 1330 345 ι

1136 362 1224 391 Eccli.
1250 372 1293 398 III,
1313 364 1410 392 22.27.
1427 379 1463 386 —
1476 373 1487 391 ‹
1511 364 1618 392 Altiora
1642 368 1668 393 te
1683 371 1718 392 ne
1736 363 1892 400 quaesieris.

1100 413 1128 438 et
1142 409 1258 438 fortiora
1276 414 1304 439 te
1319 418 1354 439 ne
1370 414 1511 439 scrutatus
1527 410 1633 439 fueris:
1650 411 1699 440 sed
1712 419 1773 447 quae
1785 418 1892 446 praece-

1100 456 1142 492 pit
1167 457 1218 485 tibi
1244 456 1328 491 Deus,
1348 457 1395 486 illa
1420 457 1512 494 cogita
1538 463 1659 493 semper.
1676 457 1738 486 Non
1762 457 1836 486 enim
1851 461 1894 485 est

1101 502 1150 530 tibi
1167 503 1356 532 necessarium
1380 511 1441 539 quae
1455 503 1622 532 abscondita
1646 507 1724 536 sunt,
1740 503 1844 531 videre.
1862 502 1893 530 In

1101 549 1282 584 supervacuis
1304 549 1435 584 operibus
1475 549 1532 577 tuis
1561 557 1597 578 ne
1635 547 1724 577 fueris
1750 547 1892 575 curiosus.

1101 592 1224 621 Plurima
1247 594 1320 621 enim
1347 602 1432 630 super
1459 601 1574 623 sensum
1604 594 1749 622 hominum
1779 596 1894 622 ostensa

1101 643 1168 668 sunt
1186 639 1246 668 tibi.
1273 639 1373 668 Multos
1398 641 1472 668 enim
1495 640 1617 678 perdidit
1638 638 1761 675 suspicio
1778 645 1892 668 eorum:

1100 691 1128 715 et
1152 685 1180 713 in
1198 686 1322 714 vanitate
1351 687 1475 715 detinuit
1502 693 1604 715 sensus
1636 686 1768 714 illorum:
1792 689 1821 714 et
1844 685 1893 720 qui

1101 735 1175 759 amat
1189 732 1357 767 periculum,
1373 733 1400 760 in
1414 740 1447 761 eo
1464 732 1575 768 peribit.

1136 777 1224 807 Eccli.
1236 786 1275 812 ιιι,
1292 778 1320 807 9.
1330 794 1366 799 —
1378 788 1388 805 ι
1409 778 1448 808 De
1460 787 1492 807 ea
1506 787 1547 814 re,
1566 786 1629 815 quae
1639 782 1667 807 te
1682 785 1738 806 non
1749 777 1891 810 molestat,

1100 831 1136 852 ne
1151 825 1314 854 certaveris.
1329 834 1339 852 ι

1138 869 1320 898 16Μ.4.-‹
1348 870 1487 898 Mirabilia
1518 877 1604 906 opera
1630 869 1767 898 Altissimi
1793 869 1891 903 solius,

1098 916 1219 952 gloriosa
1233 921 1262 945 et
1281 917 1431 950 absconsa,
1449 921 1477 945 et
1495 916 1588 945 invisa
1607 923 1693 952 opera
1709 917 1797 945 illius.
1813 926 1823 944 ι

1132 963 1214 998 302
1231 962 1319 990 Ecclt'.
1342 970 1424 997 xvm,
1441 963 1468 991 '5.
1483 978 1520 983 —
1533 971 1543 990 ι
1556 961 1625 996 Quis
1638 963 1817 999 investigabit
1833 970 1893 991 ma-

1097 1009 1187 1045 gnaiia
1203 1009 1270 1037 Dei?
1285 1009 1414 1038 virtutem
1430 1013 1521 1037 autem
1534 1008 1737 1044 magnitudinis
1753 1009 1815 1045 ejus
1827 1010 1892 1044 quis

1097 1055 1276 1083 enuntiabit?
1300 1060 1348 1082 aut
1364 1056 1429 1091 quis
1455 1055 1567 1091 adiiciet
1582 1062 1715 1084 enarrare
1729 1056 1892 1084 misericor-

1097 1101 1170 1129 diam
1184 1101 1269 1138 ejus?
1288 1101 1349 1130 Non
1373 1106 1417 1130 est
1434 1102 1572 1136 minuere,
1597 1109 1648 1130 nec
1674 1102 1796 1137 adjicere
1810 1108 1825 1129 τ
1839 1110 1892 1131 nec

1096 1151 1141 1176 est
1167 1148 1293 1177 invenire
1310 1149 1449 1184 magnalia
1475 1148 1536 1178 Dei.
1560 1147 1629 1176 Cum
1655 1149 1892 1177 consummaverit

1096 1194 1191 1228 homo,
1219 1199 1285 1223 tunc
1308 1195 1446 1231 incipiet:
1476 1199 1504 1224 et
1527 1202 1592 1223 cum
1616 1195 1767 1230 quieverit,
1792 1202 1891 1230 opera-

1095 1239 1182 1268 bitur.
1199 1250 1210 1267 ι

1130 1284 1213 1313 Joan.
1232 1286 1312 1319 1,18.
1326 1301 1362 1307 -
1378 1295 1388 1313 ι
1407 1286 1495 1314 Deum
1520 1293 1603 1314 nemo
1627 1286 1698 1314 vidit
1720 1293 1854 1322 unquam.
1877 1294 1887 1312 ι

1132 1330 1148 1357 I
1165 1330 1234 1358 Tim.
1259 1339 1298 1363 vi,
1317 1331 1362 1359 15.
1375 1345 1406 1352 ——
1421 1340 1432 1358 ι
1445 1330 1503 1359 Rex
1523 1339 1631 1368 regum,
1651 1331 1786 1360 Dominus
1803 1331 1891 1359 domi—

1094 1377 1234 1409 nantium,
1258 1377 1304 1412 qui
1321 1378 1398 1406 solus
1411 1377 1499 1405 habet
1521 1377 1769 1410 immortalitatem,
1797 1382 1825 1405 et
1846 1377 1890 1404 lu-

1095 1428 1156 1450 cer-
1183 1422 1289 1450 habitat
1312 1423 1555 1452 inaccessibilem:
1583 1430 1665 1458 quem
1686 1423 1781 1451 nullus
1799 1423 1889 1451 homi-

1094 1476 1161 1496 num
1177 1469 1259 1502 vidit,
1280 1469 1329 1497 sed
1346 1477 1398 1497 nec
1413 1469 1507 1498 videre
1519 1472 1621 1504 potest.
1787 1493 1790 1496 ι

1129 1512 1214 1540 Basil.
1230 1513 1270 1541 De
1287 1514 1350 1548 ﬁde.
1366 1528 1401 1534 -—
1413 1513 1444 1541 Si
1464 1513 1498 1541 de
1511 1513 1568 1542 Deo
1583 1513 1726 1551 quidpiam
1745 1512 1821 1549 loqui
1841 1520 1890 1542 aut

1095 1559 1193 1587 audire
1208 1559 1316 1594 studes,
1343 1560 1461 1588 missum
1488 1559 1532 1587 fac
1557 1567 1658 1595 corpus
1683 1564 1773 1593 tuum,
1788 1559 1890 1588 missos

1094 1605 1137 1633 fac
1153 1612 1302 1641 corporeos
1313 1613 1423 1634 sensus.
1442 1606 1545 1634 Desere
1558 1611 1673 1640 terram,
1687 1607 1785 1635 desere
1799 1614 1885 1641 mare,

1093 1659 1177 1687 supra
1194 1659 1285 1681 aerem
1303 1659 1429 1689 assurge,
1449 1653 1516 1680 anni
1528 1659 1622 1689 partes
1639 1653 1761 1689 praeteri,
1781 1657 1888 1689 tempo-

1092 1705 1156 1726 rum
1171 1698 1297 1732 ordines,
1319 1703 1484 1728 ornamenta
1508 1703 1609 1728 terra:
1634 1700 1736 1729 aethere
1759 1701 1888 1736 superior

1092 1744 1152 1778 llas,
1172 1745 1312 1780 pertransi
1337 1745 1445 1779 stellas,
1463 1753 1495 1774 ea
1513 1753 1576 1781 quae
1600 1746 1675 1773 circa
1692 1746 1755 1775 illas
1770 1747 1886 1775 miriﬁca

1091 1795 1168 1824 sunt,
1200 1796 1329 1819 ornatum
1370 1799 1478 1823 earum,
1521 1792 1753 1827 magnitudinem,
1793 1799 1885 1826 usum,

1090 1837 1279 1874 splendorem,
1293 1837 1390 1871 situm,
1409 1837 1646 1873 procreationem.

1126 1924 1266 1960 Ejusdem.
1280 1925 1369 1955 —Ne
1388 1926 1437 1954 illa
1457 1933 1567 1962 quaeras
1589 1933 1652 1963 qua
1679 1926 1808 1963 indagari
1837 1935 1886 1956 ne-

1089 1976 1219 2007 queunt:
1238 1979 1329 2007 neque
1353 1973 1428 2000 enim
1453 1973 1591 2001 invenies.
1619 1972 1726 2009 Ecquid
1750 1974 1825 2002 enim
1852 1981 1886 2002 ea

1089 2018 1250 2053 qumris‘lA
1274 2025 1395 2053 quonam
1425 2025 1522 2046 eorum
1556 2018 1672 2048 haurire
1699 2020 1886 2056 cognitionem

1089 2063 1202 2102 possis?
1225 2064 1247 2091 A
1271 2064 1368 2093 terra?
1383 2068 1414 2092 at
1439 2072 1495 2093 non
1521 2064 1684 2093 exsistebat.
1710 2065 1733 2092 A
1753 2065 1886 2093 mari?at

1090 2109 1213 2138 nondum
1238 2109 1314 2138 unda
1338 2113 1410 2138 erat.
1431 2110 1452 2138 A
1469 2110 1563 2138 caelo?
1587 2110 1711 2139 nondum
1736 2114 1884 2139 extensum

1090 2159 1162 2184 erat.
1188 2156 1211 2183 Δ
1239 2155 1298 2184 sole
1322 2159 1351 2184 et
1368 2156 1454 2184 luna?
1476 2157 1599 2185 nondum
1626 2157 1730 2185 conditi
1759 2159 1885 2186 erant.A

1091 2201 1224 2229 seculis?
1247 2209 1343 2229 verum
1360 2207 1425 2230 ante
1448 2202 1549 2231 mula
1561 2203 1689 2231 exstabat
1708 2202 1882 2239 Unigenitus.

249 2256 422 2291 φιλονιικείς,
439 2247 585 2292 καταγελῶ
613 2265 660 2284 σου
677 2257 727 2294 τῆς
749 2256 875 2291 ἀγνοίας,
891 2254 994 2291 μᾶλλον
1009 2254 1039 2282 δὲ

1093 2247 1145 2275 Pro
1162 2247 1210 2275 illo
1225 2248 1273 2283 qui
1290 2249 1477 2284 sempiternus
1502 2251 1558 2281 est,
1574 2257 1609 2278 ne
1624 2256 1657 2276 ea
1682 2256 1744 2285 quae
1768 2249 1884 2277 minime

250 2302 338 2331 κλαίω
357 2311 405 2330 σου
422 2303 471 2339 τὴν
485 2303 598 2339 τόλμαν.

282 2434 345 2466 Τοῖς
358 2434 566 2470 γεγραμμένοις
583 2433 700 2461 πίστευε
711 2441 719 2449 ·
742 2433 777 2461 τὰ
796 2432 833 2469 μὴ
851 2431 1037 2468 γεγραμμένα
1079 2460 1085 2464 κ

250 2479 289 2516 μὴ
310 2480 397 2514 ζήτει.
425 2480 534 2507 Είδέναι
558 2480 641 2515 ἡμεῖς
658 2479 805 2514 ὀφείλομεν
827 2479 845 2507 ἃ.
860 2479 914 2515 χρὴ
929 2478 1033 2512 λαλεῐν,

247 2526 296 2552 καὶ
308 2525 326 2553 ἃ.
341 2525 395 2561 χρὴ
406 2527 522 2561 σιωπᾷν.
537 2525 584 2561 Μὴ
597 2525 688 2553 πάντα
699 2526 734 2553 τὰ
743 2526 854 2562 ῥήματα
866 2526 898 2561 τῇ
914 2524 1036 2560 γλώσσῃ,

248 2571 293 2597 ἴνα
305 2569 344 2606 μὴ
370 2570 473 2607 πάθῃς,
496 2570 622 2606 καθάπερ
641 2572 655 2598 ὁ
679 2571 830 2607 ὀφθαλμὸς,
859 2571 890 2603 ὃς
915 2571 976 2600 ὅλον
991 2570 1037 2597 τὸν

248 2616 325 2654 ἥλιον
339 2617 510 2653 ἀποϐλέψας,
526 2617 624 2644 ἀπολεῖ
637 2618 687 2644 καὶ
708 2617 723 2644 ό
735 2617 793 2652 ἔχει
808 2617 877 2652 φῶς.

283 2753 374 2785 Πόσος
393 2752 409 2780 ό
431 2751 510 2785 Θεδς,
527 2752 575 2779 καὶ
596 2752 622 2779 τί
648 2752 679 2778 τὸ
703 2752 804 2788 μέτρον
826 2751 874 2778 τοῦ
891 2751 971 2786 Θεοῦ,
990 2753 1036 2780 καὶ

249 2800 375 2832 ποταπὸς
396 2799 447 2836 τὴν
471 2798 583 2832 οὐσίαν,
602 2797 639 2825 τὰ
653 2796 776 2830 τοιαῦτα,
801 2797 960 2826 ἐπικίνδυνα
986 2799 1036 2834 μὲν

248 2846 398 2882 ιρωτῶντι,
421 2846 526 2883 ἀπορία
548 2844 577 2871 δὲ
596 2843 634 2879 τῷ
662 2843 852 2880 ἐρωτωμένῳ·
882 2845 969 2882 σιωπὴ
996 2846 1033 2877 δὲ.

252 2891 382 2926 θεραπεία
393 2892 447 2921 τῶν
461 2891 595 2921 τοιούτων.

641 2960 661 2974 ,ε

1090 2298 1195 2323 aeterna
1210 2298 1287 2326 sunt,
1304 2295 1420 2330 cogites.
1433 2295 1512 2328 Quod
1527 2295 1551 2323 si
1565 2295 1631 2323 mihi
1645 2303 1699 2323 non
1716 2302 1819 2323 morem
1835 2302 1884 2330 ge-

1089 2342 1140 2373 ris,
1155 2340 1203 2369 sed
1229 2341 1398 2368 contendere
1426 2341 1520 2377 cupis,
1554 2341 1695 2371 inscitiam
1719 2346 1793 2370 tuam
1817 2341 1881 2368 irri-

1090 2386 1153 2419 deo,
1171 2386 1229 2413 imo
1244 2386 1336 2421 potius
1351 2387 1535 2415 temeritatem
1555 2386 1679 2422 deploro.

1125 2432 1306 2468 Ejusdenh—
1317 2432 1354 2460 lis
1368 2441 1430 2468 quae
1446 2434 1552 2469 scripta
1568 2437 1645 2466 sunt,
1660 2433 1740 2461 tidem
1757 2432 1857 2461 adhibe
1872 2439 1880 2460 :

1088 2487 1152 2516 quae
1168 2479 1274 2514 scripto
1299 2479 1414 2507 minime
1437 2478 1548 2514 prodita
1570 2482 1645 2511 sunt,
1664 2486 1699 2506 ne
1721 2478 1879 2513 quaesieris.

1089 2526 1148 2554 Hoc
1175 2526 1249 2554 scire
1268 2525 1395 2558 interest,
1420 2525 1487 2561 quid
1509 2525 1586 2559 loqui
1601 2528 1737 2560 oporteat,
1760 2524 1825 2560 quid
1841 2524 1880 2552 si-

1088 2573 1157 2601 lere.
1168 2571 1229 2600 Non
1248 2571 1344 2600 omnia
1365 2571 1450 2599 verba
1463 2571 1564 2606 lingua:
1577 2565 1776 2598 committenda
1789 2573 1856 2598 sunt
1871 2579 1878 2597 :

1088 2626 1124 2647 ue
1137 2617 1240 2653 alioqui
1259 2617 1332 2646 idem
1347 2617 1397 2645 tibi
1414 2616 1490 2652 quod
1512 2618 1595 2645 oculo
1616 2616 1734 2650 accidat,
1748 2616 1796 2653 qui
1813 2617 1879 2646 dum

1088 2665 1173 2693 solem
1190 2668 1278 2692 totum
1293 2664 1395 2692 intueri
1414 2665 1523 2698 nititur,
1539 2672 1601 2692 eam
1614 2672 1726 2700 quoque
1737 2671 1792 2700 qua
1807 2671 1879 2701 pre<

1088 2711 1163 2739 ditus
1178 2714 1231 2744 cst,
1244 2711 1332 2738 lucem
1348 2710 1461 2738 amittit.

1127 2757 1206 2792 Ejtu.
1225 2758 1253 2785 in
1270 2756 1300 2785 S.
1313 2756 1608 2793 Mamant.-Quantus
1622 2757 1658 2786 sit
1673 2756 1758 2791 Deus,
1774 2762 1877 2793 quanta

1088 2803 1175 2838 ipsius
1187 2802 1316 2831 essentia:
1337 2810 1479 2836 mensura,
1495 2802 1605 2839 aliaque
1624 2802 1652 2830 id
1663 2798 1769 2839 genus;
1790 2803 1878 2831 inter-

1087 2848 1195 2884 roganti
1212 2848 1324 2883 quidem
1346 2849 1504 2884 periculosa
1523 2853 1587 2877 sunt
1602 2858 1609 2877 :
1624 2849 1649 2877 ei
1665 2854 1756 2878 autem
1773 2849 1819 2885 qui
1836 2850 1880 2877 in-

1089 2899 1256 2929 terrogatur,
1275 2895 1404 2930 perplexa
1420 2903 1555 2933 prorsus,
1568 2896 1713 2925 Silentium
1728 2904 1792 2925 vero
1806 2895 1879 2932 eius-

1091 2940 1163 2968 modi
1184 2948 1276 2969 rerum
1293 2941 1429 2971 medicina
1446 2947 1499 2972 cst.
