2080 3111
218 152 288 184 1083

180 257 186 264 ‘
216 261 267 281 nec
294 253 327 280 ad
352 252 536 280 imitationem
560 252 685 288 Apostoli
717 253 805 281 dicit:
836 263 845 279 ι
873 253 1003 288 Fratres;

215 307 268 334 ego
295 298 431 333 meipsum
456 297 579 325 nondum
609 299 732 326 arbitror
761 299 1005 334 comprehendisse

217 344 354 380 (Philipp.
372 351 414 377 ιιι,
429 343 501 379 15)ε
522 354 531 370 ι
561 351 657 372 verum
681 345 810 373 essential.
832 345 933 374 divinae
957 353 1005 374 co-

216 389 370 424 gnitionem
386 390 514 424 rimatur,
527 393 556 418 et
570 391 746 426 cogitationis
758 399 816 420 sua:
830 392 943 420 modulo
959 400 1003 427 ea,

216 443 277 469 quae.
300 436 500 471 comprehendi
517 444 573 463 non
597 441 725 472 possunt,
742 438 865 471 metitur,
882 442 1005 466 tantum-

216 482 334 516 demque
349 481 495 514 duntaxat,
514 486 648 517 quantum
672 482 731 518 ipse
747 490 798 511 suo
822 483 914 512 animo
928 491 1006 512 com-

217 527 315 561 plexus
329 530 382 560 est,
396 527 481 555 Deum
504 535 566 556 esse
581 532 687 563 censet,
705 535 738 556 ac
750 528 869 565 denique
886 533 1004 557 mentem

218 580 297 601 suam
313 580 409 601 eorutn
425 581 486 608 quae
500 573 637 601 exsistunt
663 581 823 602 mensuram
850 574 1006 607 constituit,

219 623 250 647 ut
275 626 327 647 nec
355 619 422 646 illud
440 627 534 647 secum
559 624 667 655 reputet
695 619 806 648 facilius
819 628 882 649 esse
895 620 1006 649 vasculo

217 665 318 700 exiguo
341 669 428 692 totum
456 672 533 692 mare
549 665 651 698 tnetiri,
672 673 755 701 quam
770 666 892 694 humana
914 669 1006 694 mente

219 709 267 737 Dei
285 709 457 745 maiestatem
481 710 557 738 omni
578 718 706 739 sermone
729 712 945 746 praestantiorem
960 718 1006 738 ar-

219 757 310 791 ripere
335 760 363 784 et
379 757 506 792 amplecti
525 766 531 784 :
553 756 609 789 ille,
629 764 692 785 cum
717 764 862 792 perperam
891 757 1003 785 inflatus

811 152 842 183 S.
862 151 1024 185 IOANNIS
1033 153 1249 185 DAMASCENI

252 208 286 235 In
301 207 372 242 paul.
384 214 447 235 cxv.
464 221 497 226 —
511 205 565 239 Qui
588 213 644 234 non
659 206 756 242 dejieit
770 206 892 235 animum
908 215 1002 240 suum,
1018 210 1042 240 Α

1773 151 1843 186 1081

1096 209 1127 236 '0
1141 208 1180 245 μὴ
1198 208 1336 237 ταπεινῶν
1355 207 1453 235 ἑαυτοῦ
1473 207 1523 244 τὴν
1537 199 1668 239 διάνοιαν,
1686 207 1755 243 μηδὲ
1771 209 1842 236 κατὰ

1059 254 1174 290 μίμησιν
1185 253 1234 281 τοῦ
1256 253 1418 281 Ἀποστόλου
1441 253 1529 288 λέγων
1543 252 1586 286 τὸ,
1605 262 1615 279 ι
1638 252 1772 288 Ἀδελφοί,
1789 253 1843 288 ἐγὼ

1057 298 1175 334 ἐμαυτὸν
1191 297 1263 325 οὕτω
1289 297 1434 333 λογίζομαι
1454 297 1650 333 κατειληφέναι
1661 305 1704 324 τι·
1736 307 1745 324 ι
1774 298 1844 325 ἀλλὰ

1056 344 1190 380 περινοῶν
1208 344 1302 376 οὐσίας
1316 343 1386 371 Θεοῦ
1403 343 1566 379 κατάληψιν,
1579 343 1627 370 καὶ
1642 343 1682 379 τῷ
1697 343 1755 380 ἰδίῳ
1769 344 1843 380 λογιο

1058 389 1120 426 σμῷ
1136 390 1280 426 ἑκμετρῶν
1293 389 1328 417 τὰ
1343 389 1489 425 ἀνέφικτα,
1505 389 1552 416 καὶ
1566 388 1688 417 τοιοῦτον
1712 387 1785 417 εῖναι
1798 390 1843 418 λος

1058 434 1203 470 γιζόμενος
1226 435 1273 464 τόν
1295 435 1373 468 Θεὸν,
1399 435 1463 462 ὅσον
1481 435 1563 466 αὐτὸς
1576 434 1616 469 τῷ
1642 434 1700 470 ἰδίῳ
1722 435 1845 472 λογισμῷ

1056 482 1232 518 περιέλαϐεν,
1252 482 1300 509 καὶ
1322 481 1391 514 ὅλως
1415 481 1461 508 τὸν
1479 481 1579 509 οἰκεῖον
1595 481 1658 509 νοῦν
1679 481 1779 517 μέτρον
1791 482 1845 510 τῶν

1056 527 1142 554 ὄντων
1169 527 1342 563 ποιούμενος,
1371 528 1420 554 καὶ
1437 526 1475 563 μὴ
1489 527 1675 562 λογιζόμενος,
1704 527 1747 553 ὅτι
1778 527 1846 563 ῥᾷον

1057 573 1118 599 ἐστὶ
1133 572 1235 609 κοτύλῃ
1263 573 1351 608 μικρᾷ
1370 572 1419 608 τὴν
1438 573 1529 599 πᾶσαν
1554 571 1693 599 θάλασσαν
1707 572 1847 608 ἐκμετρῆ-

1059 627 1117 652 σαι,
1132 618 1150 654 ἢ
1170 618 1209 654 τῷ
1225 618 1390 655 ἀνθρωπίνῳ
1404 618 1442 654 νῷ
1453 620 1503 654 τῆς
1515 619 1619 654 agam
1635 619 1846 654 μεγαλειότητος

1059 665 1108 692 τοῦ
1135 665 1203 692 Θεοῦ
1228 665 1458 701 περιδράξασθαι,
1488 666 1559 702 είκῆ-
1575 665 1768 701 φυσιούμενος,
1799 667 1847 694 καὶ

1061 711 1245 746 ἐπαιρόμενος
1258 713 1292 747 τῇ
1311 711 1476 747 ματαιότητι
1500 711 1548 739 τοῦ
1559 712 1620 744 νοὸς
1635 712 1730 744 αὑτοῦ,
1744 712 1774 740 οὺ
1799 712 1847 739 δύ-

1055 765 1135 783 ναται
1155 757 1245 792 λέγειν
1261 757 1302 790 τὺ,
1324 766 1334 783 (
1355 757 1529 790 Ἐπίστευσα,
1544 757 1585 785 διὸ
1601 757 1731 793 ἐλάλησα.
1746 767 1756 784 ι

218 805 246 828 et
261 802 349 830 elatus
365 803 486 830 vanitate
498 810 600 831 sensus
614 803 657 831 sui
670 803 718 836 sit,
729 803 822 832 dicere
836 809 1011 839 nequaquam
1045 807 1136 838 potest
1156 811 1163 831 :
1196 812 1206 830 ι
1236 803 1346 831 Credidi
1374 808 1486 840 propter
1509 804 1583 840 quod
1612 804 1723 833 locutus
1746 811 1807 833 sum
1834 813 1845 830 ι

220 846 307 882 (Ρεαί.
321 855 383 881 cxv,
401 847 464 884 10).

256 914 394 948 Ejusdem.
408 930 444 935 ~
458 915 498 942 Ex
516 914 659 950 Scriptura
682 915 775 943 divina
792 915 882 943 edocti
896 923 1004 948 sumus,

1091 917 1279 953 Δεδιδάγμεθα
1303 917 1379 953 παρὰ
1393 917 1444 953 τῆς
1467 917 1542 949 θείας
1554 917 1669 953 Γραφῆς
1687 917 1771 953 μηδὲν
1784 915 1846 945 ἑπι-

220 961 306 988 menti
338 965 441 990 nostra;
470 962 685 996 permittendum
712 969 767 989 non
783 970 856 996 esse,
879 967 911 990 nt
925 962 1007 998 quid-

220 1012 303 1039 quam
319 1011 418 1041 przeter
435 1014 466 1034 ea
482 1013 544 1042 quae
556 1013 690 1035 concessa
706 1011 782 1040 sunt,
802 1007 982 1043 imaginatur.

255 1072 351 1107 Ejurd.
374 1073 444 1101 hom;
466 1074 505 1102 De
526 1075 589 1110 fide.
608 1091 642 1096 —
659 1075 708 1104 Dei
733 1076 844 1111 quidem
867 1083 1008 1111 nunquam

219 1127 274 1147 non
287 1120 445 1148 meminisse
458 1121 533 1156 pium
551 1125 604 1155 est,
621 1126 704 1157 atque
718 1121 868 1157 ejusmodi,
887 1126 918 1150 ut
931 1129 1009 1150 mens

219 1175 314 1196 amore
328 1168 424 1196 divino
438 1169 563 1204 praedita,
580 1169 660 1205 303
678 1170 792 1198 minime
804 1170 901 1198 satiari
917 1173 1009 1205 queat.

219 1215 254 1241 At
271 1222 314 1242 res
341 1215 451 1242 divinas
476 1223 605 1243 sermone
628 1216 760 1251 prosequi
788 1216 878 1243 audax
900 1215 1010 1243 facinus

219 1265 262 1288 est
276 1270 284 1289 :
300 1262 400 1297 quippe
423 1269 486 1289 cum
510 1262 571 1297 ipsa
597 1266 709 1298 quoque
734 1270 812 1290 mens
826 1270 842 1289 a
860 1269 952 1289 rerum
968 1261 1011 1289 di-

219 1307 325 1341 gnitate
341 1308 436 1341 procul
456 1307 576 1341 excidat,
593 1312 620 1335 et
642 1315 704 1343 quae
727 1307 755 1336 in
786 1308 909 1335 animum
942 1307 1008 1335 sub-

219 1353 314 1385 ierint,
334 1353 454 1381 tenuiter
479 1358 507 1381 et
534 1353 654 1382 obscure
676 1360 803 1381 sermone
822 1353 1007 1381 declarentur.

219 1398 287 1426 Cum
305 1399 389 1434 igitur
402 1405 428 1427 et
439 1407 516 1428 mens
532 1403 630 1427 nostra
645 1407 736 1427 rerum
749 1399 915 1428 celsitudine
929 1391 1008 1434 longe

221 1444 258 1472 sit
272 1444 399 1477 inferior,
417 1449 445 1472 at
463 1452 561 1472 rursus
580 1445 633 1480 ipsi
658 1452 770 1480 quoque
788 1445 947 1480 cogitationi
961 1452 1008 1472 ce-

220 1489 268 1517 dat
284 1490 392 1524 oratio;
417 1490 483 1525 quid
512 1490 624 1518 tandem
642 1489 733 1518 aﬂ‘erri
759 1490 858 1530 possit,
876 1490 942 1525 quin
959 1498 1008 1518 ne-

1059 965 1170 999 τρέτοειν
1184 963 1265 999 ὴμῶν
1280 963 1320 999 τῷ
1347 963 1386 999 νῷ
1413 963 1490 1000 παρὰ
1515 962 1569 991 τῶν
1591 963 1847 1000 συγκεχωρημένων

1061 1009 1285 1045 φαντασιοῦσθαι.

1095 1075 1165 1103 Θεοῦ
1178 1076 1335 1112 μεμνῆσθαι
1352 1076 1401 1111 μὲν
1419 1076 1552 1112 διηνεκῶς
1565 1076 1687 1109 εὐσεϐὲς,
1701 1076 1750 1104 καὶ
1767 1076 1848 1112 κόρον

1061 1120 1112 1148 οὐκ
1126 1120 1187 1157 ἕχον
1203 1122 1235 1157 τῇ
1249 1120 1366 1156 φιλοθέῳ
1377 1120 1449 1157 ψυχῇ
1460 1129 1467 1137 ⁸
1477 1121 1550 1156 λόγῳ
1559 1121 1588 1148 δὲ
1600 1120 1726 1154 διεξιέναι
1739 1121 1775 1148 τὰ
1783 1121 1849 1157 περὶ

1061 1167 1129 1194 Θεοῦ
1145 1166 1282 1203 τολμηρόν
1294 1175 1302 1183 ·
1328 1167 1380 1202 τῆς
1401 1167 1451 1202 μὲν
1465 1167 1583 1199 διανοίας
1600 1167 1691 1202 πολλῷ
1704 1167 1745 1203 τῷ
1756 1168 1848 1203 μέτρῳ

1060 1213 1111 1249 τῆς
1129 1213 1207 1246 ἀξίας
1222 1213 1277 1240 τῶν
1292 1213 1463 1249 πραγμάτων
1478 1213 1689 1249 ἀποπιτπούσης
1699 1221 1707 1230 ο
1720 1213 1801 1241 πάλιν
1819 1213 1848 1240 δὲ

1060 1259 1108 1286 τοῦ
1132 1259 1212 1294 λόγου
1231 1259 1360 1295 ἀμυδρῶς
1383 1259 1571 1295 παριστῶντος
1591 1259 1626 1287 τὰ
1645 1259 1786 1295 νοηθέντα.
1815 1257 1847 1286 ΕΙ

1061 1303 1109 1333 οὖν
1127 1307 1143 1341 ἡ
1167 1306 1216 1341 μὲν
1240 1305 1344 1333 διάνοια
1367 1305 1447 1341 ἡμῶν
1468 1305 1544 1340 παρὰ
1569 1305 1636 1332 πολὺ
1648 1305 1696 1332 τοῦ
1715 1305 1848 1340 μεγέθους

1061 1351 1117 1378 τῶν
1132 1352 1304 1387 πραγμάτων
1318 1352 1549 1388 ἁπολιμπάνεται,
1567 1355 1581 1381 ὁ
1595 1354 1624 1381 δὲ
1640 1354 1717 1389 λόγος
1728 1353 1848 1381 ἐλάττων

1062 1396 1122 1424 ἐστὶ
1138 1397 1186 1424 καὶ
1205 1397 1292 1433 αὐτῆς
1305 1398 1356 1433 τῆς
1374 1398 1504 1433 διανοίας,
1523 1400 1582 1432 πῶς
1604 1400 1654 1427 οὐκ
1675 1399 1813 1434 ἀναγκαία
1831 1400 1848 1435 ὴ

1064 1442 1174 1478 σιωπὴ,
1190 1443 1296 1479 μήποτε
1314 1444 1343 1470 ὲν
1365 1445 1399 1480 τῇ
1413 1444 1468 1471 τῶν
1485 1446 1616 1481 ῥημάτων
1640 1445 1762 1482 εὐτελείᾳ
1783 1445 1848 1482 δόξῃ

1063 1490 1227 1518 κινδυνεύειν
1238 1491 1286 1527 τῆς
1298 1491 1438 1526 θεολογίας
1455 1491 1485 1518 τὸ
1499 1491 1608 1527 θαῦμας

221 1535 373 1563 cessat-ium
390 1537 530 1564 silentium
546 1537 593 1570 sit,
605 1544 640 1565 ne
656 1537 692 1566 ob
710 1537 848 1566 sermonis
865 1537 1009 1570 vilitatem,
1029 1537 1132 1565 eximia
1145 1541 1172 1565 et
1189 1537 1350 1565 admiranda
1371 1538 1529 1566 divinarum
1562 1545 1655 1566 rerum
1689 1537 1850 1574 magnitudo

221 1582 371 1618 periclitari
385 1583 524 1611 videatur?

257 1638 336 1674 Greg.
360 1637 431 1666 Naz.
460 1643 531 1666 orat.
543 1638 590 1667 59.
601 1653 637 1658 —
647 1637 755 1674 Lingua
778 1642 862 1673 atque
875 1638 966 1665 anima
980 1641 1009 1665 et

1095 1637 1201 1673 Φρίττω
1213 1637 1261 1664 καὶ
1271 1637 1410 1672 γλῶσσαν,
1425 1637 1471 1664 καὶ
1479 1637 1608 1671 διάνοιαν,
1623 1639 1688 1666 ὅταν
1703 1639 1768 1674 περὶ
1780 1639 1849 1667 Θεοῦ

223 1689 316 1712 mente
330 1684 478 1717 horresco,
495 1691 558 1712 cum
578 1684 613 1712 de
635 1684 691 1712 Deo
715 1691 871 1712 sermonem
900 1683 1007 1711 habeo:

224 1731 355 1765 huncque
380 1730 472 1766 ipsum
500 1730 666 1759 laudabilem
693 1733 720 1758 et
744 1730 854 1758 beatum
883 1729 1009 1757 allectum

224 1776 304 1804 vobis
318 1780 430 1811 exopto.

260 1831 305 1860 1d.
333 1837 404 1860 orat.
427 1831 523 1860 26..—
541 1831 660 1859 Humilis
685 1839 747 1860 meo
770 1831 881 1867 quidem
905 1830 1010 1866 judicio

225 1878 380 1906 censendus
395 1882 448 1911 est,
464 1885 518 1906 non
539 1878 586 1913 qui
608 1885 692 1913 parva
708 1877 743 1905 de
761 1877 851 1912 seipso
874 1877 1010 1912 loquitur,

225 1925 308 1959 idque
332 1923 404 1959 apud
426 1931 530 1959 paucos
560 1927 587 1951 et
612 1930 693 1957 raro;
711 1931 762 1951 nee
775 1924 822 1959 qui
837 1923 1011 1958 dejectiorem

225 1970 368 1998 humiliter
397 1970 572 2005 alloquitur:
597 1969 646 1997 sed
670 1969 717 2005 qui
745 1969 779 1997 de
807 1969 862 1997 Deo
887 1969 1012 1996 modeste

225 2017 371 2052 loquitur:
398 2016 446 2052 qui
468 2016 522 2044 alia
547 2016 650 2049 dicere,
668 2016 722 2043 alia
750 2015 861 2044 silentio
875 2022 1012 2050 premere,

226 2064 344 2091 aliorum
367 2063 487 2098 denique
507 2063 645 2091 inscitiam
666 2062 793 2090 confiteri
821 2062 910 2095 novit,
932 2062 1013 2097 eique

226 2108 311 2142 cedit,
327 2109 371 2136 cui
391 2109 527 2136 sermonis
549 2115 615 2136 cura
635 2107 785 2136 commissa
817 2109 936 2142 est:an
957 2107 1014 2142 spi-

227 2154 398 2182 ritualiorem
421 2161 484 2182 esse
509 2154 629 2189 aliquem
652 2161 732 2190 aequo
747 2153 840 2181 animo
864 2153 926 2186 fert,
942 2158 970 2181 et
985 2154 1012 2181 in

227 2199 460 2234 contemplatione
473 2199 687 2234 provectiorem.

265 2255 336 2283 Ibid.
350 2255 462 2283 —Gum
477 2256 569 2283 omnis
588 2257 678 2285 oratio
700 2259 797 2291 suapte
811 2259 908 2283 natura
926 2255 1014 2283 imbe-

227 2302 299 2331 cillis
329 2302 376 2336 sit,
399 2301 537 2338 facileque
559 2303 657 2338 agitari
672 2306 766 2337 queat,
782 2306 809 2329 et
827 2305 940 2337 propter
954 2310 1014 2329 ser-

227 2355 338 2375 monem
364 2354 398 2375 ex
421 2347 538 2375 adverso
559 2350 727 2382 pugnantem
747 2345 875 2373 libertate
897 2349 1011 2373 careat:

1060 1684 1233 1719 φθέγγωμαι,
1249 1685 1296 1711 atat
1311 1684 1377 1719 ὑμῖν
1390 1684 1420 1711 τὸ
1437 1683 1503 1711 αὐτὸ
1529 1684 1705 1720 συνεύχομαι,
1718 1685 1749 1712 τδ
1767 1686 1849 1713 ἐπαι-

1059 1730 1135 1758 νετὸν
1149 1730 1234 1761 πάθος
1254 1730 1302 1756 xui.
1316 1730 1462 1766 μακάριον.

1096 1830 1295 1865 Ταπεινόφρων
1313 1830 1389 1864 ὲμδς,
1405 1831 1454 1866 οὐχ
1470 1831 1545 1863 ὅστις
1568 1832 1631 1867 περὶ
1646 1832 1744 1860 ἑαυτοῦ
1762 1832 1850 1868 μικρὰ

1060 1875 1224 1910 διαλέγεται,
1248 1876 1296 1902 καὶ
1317 1875 1395 1903 τοῦτο
1418 1876 1487 1913 πρὸς
1510 1877 1618 1912 ὀλίγους
1642 1878 1691 1905 καὶ
1713 1878 1848 1912 ὀλιγάκις,

1061 1922 1122 1949 οὐδὲ
1145 1923 1220 1954 ὅστις
1234 1922 1371 1954 ταπεινῶς
1390 1923 1588 1959 προσαγορεύει
1608 1924 1654 1950 τὸν
1675 1923 1848 1959 ἀτιμότερον,

1061 1966 1220 2009 ἀλλ’,ὂστις
1242 1967 1306 2002 περὶ
1326 1966 1394 1994 Θεοῦ
1423 1967 1540 2003 μετρίως
1560 1968 1728 2003 φθέγγεταιο
1753 1968 1800 1995 καὶ
1816 1969 1851 1996 τὰ

1064 2013 1114 2048 μὲν
1127 2013 1214 2040 εἰπεῖν
1229 2010 1312 2046 οἶδεν,
1326 2013 1360 2040 τὰ
1373 2013 1402 2040 δὲ
1416 2014 1554 2049 κατέχειν,
1571 2014 1626 2040 τῶν
1643 2014 1672 2041 δὲ
1684 2014 1849 2049 ὁμολογῆσαι

1062 2058 1112 2094 τὴν
1127 2059 1239 2093 ἄγνοιαν
1249 2067 1255 2074 ·
1286 2059 1333 2086 καὶ
1355 2061 1563 2095 παραχωρεῖται
1587 2059 1636 2087 τοῦ
1654 2059 1736 2094 λόγου
1749 2059 1789 2096 τῷ
1803 2069 1850 2086 πι-

1064 2104 1211 2136 στευθέντι,
1225 2105 1272 2132 καὶ
1290 2101 1362 2131 εἷναί
1380 2113 1442 2132 τινα
1457 2105 1714 2142 πνευματικώτερον
1731 2104 1850 2142 δέχεται,

1063 2150 1111 2177 καὶ
1122 2149 1305 2185 διαϐεϐηκότα
1323 2149 1424 2186 μᾶλλον
1439 2150 1470 2178 ὲν
1485 2150 1598 2187 θεωρίᾳ.

1097 2249 1180 2277 Φύσει
1194 2250 1244 2286 μὲν
1255 2251 1327 2282 ἄπας
1339 2250 1419 2284 λόγος
1437 2250 1547 2286 σαθρὸς,
1567 2250 1616 2277 καὶ
1630 2250 1784 2287 εὐκίνητος,
1803 2253 1851 2278 καὶ

1065 2296 1109 2323 διὰ
1125 2296 1171 2323 τὸν
1183 2296 1336 2332 ἁντίμαχον
1350 2297 1429 2331 λόγον
1439 2296 1599 2332 ἐλευθερίαν
1610 2297 1661 2324 οὐκ
1676 2296 1757 2332 ἔχων.
1780 2296 1810 2324 '0
1822 2297 1851 2324 δὲ

1065 2342 1129 2378 περὶ
1144 2341 1224 2375 Θεοῦ,
1245 2342 1492 2378 τοσούτῳμᾶλλον,
1508 2343 1563 2378 ὅσῳ
1577 2342 1668 2378 μεῖζον
1685 2343 1716 2369 τὸ
1739 2343 1849 2369 ὑποκείυ

227 2396 286 2420 tum
299 2399 365 2419 vero
379 2399 412 2419 ea
425 2399 486 2427 quae
498 2391 533 2419 de
541 2391 599 2418 Deo
614 2390 777 2425 suscipitur,
794 2394 871 2418 tanto
886 2389 947 2425 plus
963 2389 1009 2416 ha-

1067 2397 1157 2424 μενον,
1173 2388 1222 2415 καὶ
1237 2389 1251 2415 ό
1268 2388 1347 2424 ζῆλος
1360 2389 1471 2422 πλείων,
1487 2389 1535 2416 καὶ
1551 2389 1566 2415 ό
1587 2389 1710 2420 κίνδυνος
1725 2389 1850 2424 χαλεπώ-

228 2438 274 2466 bet
287 2437 467 2470 didicultatis,
484 2441 592 2472 quanto
606 2436 696 2471 majus
715 2441 907 2471 argumentum
920 2439 974 2468 est,
987 2439 1009 2463 el

1064 2443 1153 2470 τερος.
1174 2435 1230 2462 Καὶ
1257 2435 1284 2461 τί
1305 2435 1481 2470 φοϐηθέντες,
1506 2434 1534 2461 τί
1549 2434 1739 2471 θαρῤήσομεν;
1755 2434 1817 2461 νοῦν
1835 2434 1851 2469 ἢ

228 2485 305 2513 zelus
325 2484 477 2518 ardentior,
490 2488 518 2512 et
534 2483 688 2519 periculum
707 2483 829 2518 gravius.
844 2482 938 2517 Ecqua
954 2485 1009 2509 tan-

1065 2481 1155 2515 λόγον,
1170 2481 1187 2516 ἢ
1204 2480 1308 2516 ἀκοὴνς
1324 2481 1353 2507 ὲν
1366 2480 1443 2516 τρισῚ⁹
1458 2479 1567 2512 τούτοις
1584 2479 1708 2507 κινδύνου
1724 2479 1852 2506 σαλεύον-

228 2531 290 2560 dem
310 2529 421 2559 subnixi
437 2529 537 2557 ﬁducia
560 2533 664 2556 metum
682 2529 755 2556 hunc
770 2528 962 2563 dispellemus?
979 2535 1009 2554 an

1063 2534 1120 2557 τος.
1138 2525 1193 2552 Καὶ
1208 2524 1263 2560 γὰρ
1278 2525 1374 2560 νοῆσαι
1393 2524 1510 2560 χαλεπὸν
1525 2523 1574 2552 καὶ
1588 2524 1757 2560 ἑρμηνεῦσαι
1780 2524 1853 2559 ἁμή-

229 2575 379 2608 sermonis,
400 2583 434 2604 an
458 2574 590 2603 auditus?
621 2574 842 2609 quandoquidem
869 2574 896 2600 in
921 2573 1009 2601 tribus

1068 2579 1168 2607 χανον,
1194 2571 1241 2598 καὶ
1268 2571 1354 2606 ἀκοῆς
1383 2570 1593 2606 κεκαθαρμένης
1611 2571 1704 2606 τυχεῖν
1734 2569 1851 2606 ὲργωδὲ-

229 2623 292 2661 ιειὶε
315 2622 468 2657 periculum
487 2625 624 2649 versatur.
651 2619 717 2646 Nam
746 2624 772 2647 et
797 2619 939 2647 intellectu
969 2626 1009 2646 res

1070 2627 1175 2654 στερον.

231 2667 341 2695 divinas
357 2667 503 2703 percipere
535 2667 652 2694 arduum
685 2669 737 2699 est,
757 2669 784 2693 et
814 2672 946 2693 enarrare
982 2664 1152 2700 perdifficile,
1183 2664 1354 2700 maiorisque
1382 2663 1494 2691 tandem
1524 2661 1694 2691 difﬁcultatis
1720 2666 1854 2698 purgatas

232 2720 315 2742 aures
326 2714 462 2742 nancisci.
1109 2712 1115 2715 ’

268 2770 340 2799 Ibid.
352 2787 386 2792 —
400 2772 471 2806 Quid
487 2775 541 2805 est,
558 2771 739 2806 quamobrem
760 2770 904 2806 quisquam
921 2769 1015 2798 lauda-

233 2816 316 2844 bilem
342 2823 488 2845 asccnsnm
518 2818 638 2852 cuipiam
669 2816 810 2844 invideat?
842 2817 881 2844 Ac
905 2824 1013 2850 rursus,

233 2860 297 2898 quis
318 2861 431 2895 perinde
454 2861 543 2896 gravis
563 2869 655 2894 casus,
676 2865 757 2896 atque
782 2860 897 2888 elatione
923 2864 1015 2888 trans-I

1102 2766 1150 2799 Τίς
1169 2766 1266 2802 φθόνος
1288 2764 1435 2799 ἐπαινετῆς
1445 2763 1623 2795 ἀναϐάσεως;
1643 2762 1695 2790 Καὶ
1709 2762 1736 2789 τί
1752 2760 1853 2795 πτῶμα

1069 2813 1201 2845 τοιοῦτον,
1215 2810 1271 2839 οἷον
1286 2812 1403 2847 ἐπάρσει
1425 2809 1620 2846 περιπαρῆναι,
1637 2809 1683 2836 καὶ
1703 2808 1740 2843 μὴ
1752 2806 1855 2840 γνῶναι

1069 2861 1115 2894 τῆς
1134 2859 1305 2894 ἀνθρωπίνης
1317 2857 1474 2888 ἀναϐάσεως
1486 2856 1534 2887 τὴν
1547 2855 1721 2883 ταπείνωσιν.
1731 2853 1777 2879 καὶ
1792 2852 1857 2879 ὅσον
