2080 3111
227 171 296 204 1985

859 177 979 208 SACRA
995 178 1226 222 PARALLELA.

1784 183 1858 216 1086

225 230 266 258 ετι
289 230 414 256 λείπεται
437 229 485 256 τοῦ
513 229 641 266 ἀληθινοῦ
674 229 760 265 ὕψους
783 231 798 258 ὁ
819 231 929 260 πάντων
951 233 1019 261 ἀνώ-

1074 234 1128 270 ligi,
1143 243 1195 263 nec
1210 235 1324 264 humani
1335 244 1469 267 ascensus
1484 244 1651 274 compertam
1675 239 1857 268 humilitatem

225 285 321 312 τεροςς

261 368 396 403 Κρεῖσσον
409 368 508 403 καμεῖν
526 368 555 395 ἐν
566 369 623 400 τοῖς
639 369 781 405 λογισμοῖς
801 369 872 405 μετὰ
886 370 936 406 τῆς
954 370 1017 407 ὁδη-

226 419 289 453 γίας
299 419 347 446 τοῦ
359 418 430 446 Πνεύ
434 426 528 454 ματος,
539 418 556 454 ἢ
568 419 721 455 προχείρως
730 419 838 447 ἀσεϐεῖν
848 419 899 455 τὴν
912 420 1018 457 ῥᾳστὼ-

227 474 277 500 νην
292 466 434 493 διώκοντα.

263 510 332 538 Οὔτε
345 511 415 547 ἀέρα
428 511 544 539 ἔπνευσε
560 521 603 544 τις
622 512 682 539 ὅλον
697 512 820 545 πώποτε,
843 511 907 539 οὔτε
923 512 1019 538 οὐσίαν

229 557 371 589 παντελῶς
382 557 460 591 Θεοῦ,
476 557 492 595 ἢ
513 557 574 590 νοῦς
593 558 742 594 ἐχώρησεν,
760 558 778 594 ἢ
791 558 868 593 φωνὴ
886 557 1017 593 περιέλα-

228 602 286 630 σεν.

267 647 353 682 ’Δλλη
381 647 432 683 μὲν
454 649 511 690 τοῖς
537 649 790 685 ἐκκεκαθαρμένοις
808 649 948 683 παντελῶς
969 641 1021 687 τὴν

228 692 350 720 διάνοιαν
372 693 488 729 ἁρμόζει
511 695 528 730 ἡ
558 695 694 729 θεολογία,
716 696 733 730 ἡ
758 696 878 730 μάλιστα
893 696 1018 732 ἀληθής·

229 738 297 775 ἄλλη
308 739 337 766 δέ
352 741 410 772 τοῖς
425 740 545 772 πολλοῖς,
557 742 574 776 ἡ
585 741 721 777 δυναμένη
735 743 785 777 τὴν
797 742 916 770 διάνοιαν
930 743 1020 770 αὐτῶν

230 787 270 818 εἰς
293 786 435 814 εὐσέϐειαν
451 787 629 815 ἐκκαλεῖσθαι
654 789 701 815 καὶ
720 788 931 824 δικαιοπραγίαν
944 789 973 815 ἐν
985 790 1019 824 τῇ

230 835 299 870 πρὸς
314 835 449 870 ἀλλήλους
466 835 601 871 κοινωνίᾳ,
617 835 828 863 ἀπαλλάττουσα
849 835 897 862 τοῦ
921 835 953 872 θη
959 836 1022 872 ριὼ-

229 880 291 913 δους
309 880 378 915 βίου.
399 894 401 896 -

1071 279 1184 314 habere,
1202 285 1230 308 et
1255 287 1391 316 quantum
1415 284 1507 313 adhuc
1521 293 1537 313 a
1552 293 1618 314 vero
1644 285 1755 320 fastigio
1771 285 1856 318 absit,

1070 326 1117 360 qui
1130 327 1240 356 cunctis
1255 331 1298 355 est
1318 329 1483 357 sublimior?

1112 371 1155 399 Id.
1171 378 1241 401 orat.
1258 373 1303 402 25.
1317 389 1353 395 —
1364 375 1480 404 Prsestat
1502 376 1695 405 ratiocmando
1712 373 1860 411 duce'Spi-

1072 419 1130 448 ritu
1145 420 1284 453 laborare,
1292 427 1387 455 quam,
1402 421 1470 449 dum
1487 421 1575 449 otium
1589 426 1618 450 et
1630 422 1859 457 tranquillitatem

1071 469 1279 499 consectamur,
1300 467 1433 502 praecipiti
1449 474 1517 495 casu
1534 468 1561 494 in
1578 468 1747 502 impietatem
1765 475 1858 495 ruere.

1106 511 1152 538 Id.
1177 517 1246 539 orat.
1273 511 1292 538 2
1313 511 1353 539 De
1378 511 1580 541 ﬁlim—Nec
1597 520 1689 540 aerem
1713 513 1861 548 quisquam

1072 560 1162 584 totum
1203 564 1325 592 unquam
1364 558 1498 593 spiravit;
1539 566 1592 586 nec
1631 558 1680 586 Dei
1710 558 1861 586 essentiam

1072 602 1204 638 perfecte,
1219 607 1267 630 aut
1281 610 1360 631 mens
1374 604 1514 638 concepit,
1527 608 1574 631 aut
1587 612 1640 632 vox
1653 604 1797 640 complexa
1808 610 1861 632 est.

1109 647 1220 676 Incerti.
1235 662 1271 668 —
1282 648 1344 676 Alia
1361 648 1500 684 theologia
1514 649 1571 678 illis
1588 650 1728 683 convenit,
1743 657 1862 686 quorum

1074 696 1183 723 animus
1204 695 1323 726 omnino.
1336 698 1471 731 purgatus
1493 699 1548 729 est,
1577 703 1640 729 quae
1666 696 1690 723 si
1713 695 1862 723 admodum

1073 749 1154 775 vera;
1169 741 1224 769 alia
1237 748 1300 776 quae
1311 741 1395 776 vulgo
1408 741 1543 776 quadret;
1558 748 1621 776 quae
1637 741 1770 768 nimirum
1786 748 1864 768 men-

1074 789 1128 814 tem
1147 793 1242 814 eorum
1256 786 1290 814 ad
1305 786 1433 822 pietatem
1448 790 1476 814 et
1489 786 1625 821 justitiam
1639 787 1729 822 possit
1740 785 1862 818 allicere,

1074 840 1123 869 per
1148 836 1275 861 mutuum
1296 833 1492 861 commercium
1513 840 1562 861 eos
1586 839 1601 860 a
1626 833 1683 860 vita
1696 832 1785 860 ferina
1799 832 1863 860 abs-

1074 879 1199 907 trahens.

265 927 299 954 Ti
311 936 378 954 ποτε
393 928 447 963 ἄρα
461 928 520 955 ἐστὶ
531 928 561 955 τὸ
576 927 645 962 φῶς,
660 924 683 963 ᾧ
693 928 723 955 τὸ
737 929 857 963 ζοφῶδες
876 930 956 957 τοῦτο
971 930 1020 965 τῆς

1107 923 1185 960 Greg.
1207 924 1289 960 Nyu.
1307 925 1336 952 in
1350 925 1367 953 5
1377 924 1506 952 beatit.—-
1518 924 1590 958 Quid
1603 924 1716 952 tandem
1731 923 1798 952 illud
1810 927 1864 956 est,

229 972 403 1008 ἀνθρωπίνης
431 972 540 1007 φύσεως
562 973 696 1002 σπήλαιον
717 974 747 1000 ἐν
769 974 810 1010 τῷ
834 975 951 1010 παρόντι
971 976 1021 1011 βίῳ

229 1017 279 1044 οὐκ
292 1016 481 1051 ἀπαυγάζεται
492 1026 499 1050 ;
514 1018 550 1044 Ἦ
561 1018 631 1053 τάχα
640 1019 708 1053 πρὸς
720 1019 880 1054 ἀνήνυστον,
897 1021 944 1047 καὶ
955 1021 1023 1049 ἀκα-

229 1063 366 1098 τάληπτον
377 1064 393 1099 ἡ
406 1062 539 1097 ἐπιθυμία
551 1063 662 1098 βλέπει;
680 1065 729 1096 Τίς
743 1065 797 1101 γὰρ
811 1066 841 1092 ἐν
855 1067 921 1102 ἡμῖν
944 1067 1023 1101 λόγος

230 1107 362 1140 τοιοῦτος,
378 1107 417 1140 ὡς
430 1108 592 1143 ἀνιχνεῦσαι
609 1109 658 1136 τοῦ
673 1110 842 1146 ζητουμένου
857 1112 908 1147 τὴν
923 1112 1021 1146 φύσιν;

230 1154 278 1186 Τίς
307 1153 414 1189 ἐξεύροι
441 1154 583 1190 ὀνομάτων
606 1164 637 1182 τε
659 1156 706 1183 καὶ
734 1157 866 1193 ῥημάτων
884 1159 1024 1193 σημασίαν

229 1199 369 1236 τοιαύτην,
385 1200 423 1232 ὡς
443 1200 522 1233 ἀξίαν
537 1202 605 1236 ἡμῖν
624 1201 729 1229 ἔννοιαν
750 1202 798 1229 τοῦ
821 1203 1023 1239 ὑπερκειμένου

231 1243 320 1277 φωτὸς
347 1243 545 1279 ἐμποιεῖσθαι;
573 1245 636 1277 Πῶς
663 1246 791 1282 ὀνομάσω
809 1248 840 1274 τὸ
865 1248 1022 1282 ἀθάνατον;

230 1288 290 1320 πῶς
305 1290 473 1325 παραστήσω
489 1290 520 1317 τὸ
534 1290 632 1325 ἄῡλον;
647 1291 706 1324 πῶς
720 1292 748 1319 δὲ
765 1293 844 1327 δείξω
856 1294 888 1321 τὺ
908 1294 1014 1328 ἀειδές;

231 1333 290 1366 πῶς
303 1335 424 1363 διαλάὃω
437 1336 467 1363 τὸ
481 1336 628 1372 ἀμέγεθες,
646 1338 677 1364 τὸ
692 1339 805 1372 ἄποσον,
825 1339 857 1367 τὺ
871 1339 978 1374 ἄποιον,
993 1340 1024 1367 τὺ

230 1380 446 1416 ἀσχημάτιστον,
463 1381 493 1408 τὺ
509 1383 578 1418 μήτε
591 1383 677 1418 τόπῳ,
702 1384 771 1419 μήτε
791 1385 880 1420 χρόνῳ
895 1385 1023 1421 εὑρισκό-

232 1434 323 1460 μενον,
350 1427 381 1453 τδ
409 1426 543 1463 ἐξώτερον
570 1428 671 1460 παντὸς
688 1430 846 1465 πειρασμοῦ
870 1431 918 1457 καὶ
934 1431 1024 1465 πάσης

230 1472 374 1507 ὸριστικῆς
394 1473 562 1507 φαντασίας;
584 1471 614 1501 οὗ
633 1475 714 1510 ἔργον
738 1475 805 1511 ζωὴ,
819 1475 867 1503 καὶ
881 1477 898 1512 ἡ
913 1478 1025 1505 πάντων

231 1517 286 1544 τῶν
304 1519 375 1545 κατὰ
398 1518 430 1545 τὸ
452 1519 555 1553 ἀγαθὸν
571 1520 727 1555 νοουμένων
753 1520 922 1555 ὑπόστασις;
952 1521 1025 1549 Ἀλλ’

231 1563 270 1596 ὡς
289 1564 327 1600 μὴ
341 1565 431 1601 μάτην
446 1566 462 1592 ὁ
483 1565 561 1599 λόγος
576 1565 664 1601 κάμῃ,
680 1567 737 1598 τοῖς
756 1566 911 1602 ἁχωρήτοις
928 1568 1027 1595 ἑαυτὸν

231 1611 416 1639 ἐπεκτείνων·
444 1612 584 1648 ἀμήχανον
613 1612 668 1648 γὰρ
690 1612 743 1639 ὑπὸ
766 1613 922 1649 κατάληψιν
947 1614 1027 1642 τοῦτο

231 1657 339 1684 ἐλθεϊνο
364 1657 659 1694 πολυπραγμονοῦντες
689 1658 873 1693 παυσώμεθα,
896 1659 1025 1687 τοσοῦτον

234 1704 316 1739 μόνον
344 1704 378 1731 ἐκ
400 1703 455 1731 τῶν
484 1703 658 1740 ζητηθέντων
688 1705 879 1741 κερδάναντες,
903 1706 966 1733 ὅσον
991 1706 1025 1733 δι’

232 1750 323 1778 αὐτῶν
333 1750 438 1778 ἔννοιάν
450 1759 512 1778 τινα
526 1751 658 1787 μεγέθους
671 1751 811 1787 ἄφραστον
838 1752 1023 1780 ἀνατυπώσα-

234 1795 307 1823 σθαι.
326 1796 407 1823 Ὅσον
418 1796 448 1823 δὲ
459 1796 509 1832 τῆς
528 1796 656 1830 γνώσεως
677 1796 755 1832 ἡμῶν
775 1796 942 1832 ὑψηλότερον
954 1795 1025 1825 εἶναι

231 1842 263 1870 τὸ
277 1842 379 1877 ἀγαθὸν
393 1843 426 1878 τῇ
438 1842 519 1878 φύσει
535 1843 711 1878 πιστεύομεν,
728 1842 857 1870 τοσοῦτον
872 1844 974 1878 μᾶλλον
993 1844 1024 1871 τὸ

233 1888 333 1921 πένθος
345 1889 452 1922 ἑαυτοῖς
466 1889 638 1925 ἐπιτείνομεν
647 1897 655 1905 ·
671 1890 713 1916 ὅτι
726 1889 823 1917 τούτου
842 1889 890 1916 τοῦ
906 1890 1023 1925 ὑπεραί-

233 1943 329 1971 ροντος
358 1937 448 1963 πᾶσαν
466 1935 581 1972 δύναμιν
605 1935 815 1972 καταληπτικὴν
838 1937 867 1963 ἐν
893 1937 1024 1974 μετουσίᾳ

236 1981 303 2009 ποτὲ
317 1979 388 2018 ἦμεν
404 1983 429 2009 οἱ
439 1982 588 2018 ἄνθρωποι.
776 1985 779 1986 ⁷

1072 979 1127 1006 quo
1143 971 1319 1000 tenebrosum
1327 971 1381 999 hoc
1394 972 1519 1000 humana:
1530 975 1634 999 natum
1644 977 1754 999 antrum
1772 971 1800 998 in
1813 970 1865 998 hac

1073 1018 1130 1045 vita
1145 1018 1351 1046 collustratur?
1365 1018 1408 1045 An
1424 1017 1545 1046 fortasse
1565 1018 1593 1045 id
1614 1018 1666 1046 sibi
1688 1017 1793 1045 frustra
1813 1024 1866 1044 no—

1072 1068 1132 1092 stra
1162 1064 1302 1099 cupiditas
1335 1065 1468 1100 proponit
1501 1064 1679 1096 intuendum,
1714 1063 1788 1099 quod
1818 1070 1867 1091 nec

1074 1110 1223 1145 permeari,
1255 1118 1306 1137 nec
1332 1111 1436 1145 percipi
1464 1109 1569 1145 queat?
1593 1110 1724 1143 Quatnam
1747 1109 1819 1136 enim
1838 1108 1866 1135 in

1076 1155 1158 1184 nobis
1187 1159 1265 1183 tanta
1294 1155 1412 1183 facultas
1431 1156 1468 1184 sit
1501 1155 1632 1201 rationis,
1657 1158 1688 1182 ut
1709 1153 1771 1189 ejus
1794 1153 1868 1189 quod
1887 1179 1890 1180 ,

1081 1201 1226 1237 quaeritur,
1250 1205 1379 1230 naturam
1404 1202 1591 1238 pervestigare
1611 1201 1720 1237 possit?
1734 1200 1868 1233 Quisnam

1074 1252 1180 1275 tantam
1201 1248 1348 1276 nominum
1364 1253 1391 1276 et
1405 1248 1608 1276 vocabulorum
1636 1246 1867 1282 signiﬁcationem

1077 1293 1318 1326 comminiscatur,
1339 1297 1370 1321 ut
1387 1293 1489 1321 summi
1505 1293 1579 1321 illius
1598 1292 1713 1320 luminis
1725 1292 1868 1321 notionem

1075 1337 1158 1366 nobis
1174 1345 1225 1374 pro
1244 1345 1279 1365 eo
1294 1345 1328 1365 ac
1343 1337 1457 1373 dignum
1473 1341 1527 1370 est,
1546 1337 1664 1365 ederat?
1678 1336 1740 1369 Quo
1755 1335 1869 1362 nomine

1075 1384 1103 1412 id
1120 1384 1195 1420 quod
1221 1383 1381 1412 immortale
1409 1387 1463 1417 est,
1484 1383 1641 1418 appellem?
1669 1381 1810 1418 quomodo
1841 1380 1869 1408 id

1076 1429 1151 1465 quod
1171 1429 1300 1463 materia,
1320 1434 1348 1457 et
1367 1430 1440 1465 quod
1466 1429 1557 1457 forma
1580 1433 1673 1461 vacat,
1700 1427 1868 1459 ostendero,

1076 1476 1125 1511 qui
1140 1476 1252 1504 demum
1274 1476 1301 1504 id
1322 1476 1450 1504 oratione
1467 1475 1648 1510 complectar,
1669 1473 1745 1510 quod
1763 1473 1870 1508 magni-

1076 1521 1182 1553 tudine,
1198 1521 1365 1556 quantitate,
1385 1520 1469 1556 305.
1479 1520 1617 1555 qualitate
1630 1525 1658 1548 et
1669 1520 1757 1554 ﬁgura
1773 1518 1870 1546 caret?

1077 1567 1151 1602 quod
1164 1573 1214 1595 nec
1226 1567 1254 1594 in
1273 1567 1344 1598 loco,
1359 1574 1412 1594 nec
1428 1566 1455 1593 in
1471 1569 1597 1601 tempore
1621 1565 1780 1598 invenitur;
1794 1564 1868 1599 quod

1078 1613 1113 1641 ab
1140 1613 1216 1641 omni
1242 1613 1355 1641 termini
1380 1617 1408 1640 et
1435 1612 1607 1640 deﬁnitionis
1624 1611 1718 1647 specie
1746 1611 1869 1638 alienum

1076 1667 1137 1696 est;
1153 1661 1235 1697 cujus
1255 1668 1340 1697 opera
1359 1661 1416 1689 vita
1435 1664 1490 1692 est,
1505 1663 1589 1695 atque
1604 1659 1730 1687 omnium
1744 1666 1806 1694 qua:
1822 1665 1868 1686 se-

1076 1707 1198 1736 cundum
1216 1707 1319 1735 bonum
1335 1706 1541 1741 intelliguntur,
1560 1705 1665 1733 creatio
1682 1708 1710 1733 et
1725 1707 1869 1732 sustenta-

1076 1753 1189 1783 culum?
1203 1752 1305 1780 Verum
1322 1758 1358 1780 ne
1374 1760 1468 1780 sermo
1483 1756 1580 1779 noster
1593 1751 1734 1778 incassum
1748 1749 1869 1780 laboret,

1079 1799 1144 1827 dum
1166 1798 1198 1826 ad
1217 1805 1250 1826 ea
1263 1805 1325 1833 qua:
1344 1796 1406 1833 capi
1421 1803 1476 1824 non
1492 1799 1623 1832 possunt,
1640 1801 1703 1822 sese
1716 1792 1870 1827 exporrigit

1079 1844 1188 1880 (neque
1209 1844 1283 1872 enim
1306 1843 1365 1871 ﬁeri
1384 1846 1477 1878 potest
1493 1845 1525 1869 ut
1541 1841 1594 1869 hoc
1609 1840 1662 1868 sub
1678 1839 1866 1874 cognitionem

1077 1892 1187 1927 cadat),
1220 1891 1332 1918 curiose
1356 1890 1409 1918 ista
1444 1889 1586 1924 inquirere
1614 1886 1789 1918 desinamus,
1817 1884 1869 1912 hoc

1079 1941 1185 1965 tantum
1202 1944 1236 1965 ex
1249 1936 1294 1964 his
1306 1943 1368 1971 quae
1383 1943 1399 1962 a
1415 1935 1498 1963 nobis
1513 1933 1629 1969 quaesita
1645 1936 1721 1966 sunt,
1738 1930 1869 1959 utilitatis

1080 1982 1236 2014 consecuti,
1258 1982 1332 2016 quod
1355 1988 1406 2016 per
1431 1987 1463 2008 ea
1486 1980 1628 2008 notionem
1649 1978 1795 2013 quamdam
1811 1983 1870 2003 ma-

236 2028 388 2066 gnitudinis
421 2028 640 2064 inexplicabilem
666 2028 761 2056 animo
787 2028 868 2057 nobis
890 2028 1056 2058 efﬁnximus.
1089 2029 1176 2056 Porro
1205 2035 1261 2063 quo
1292 2028 1394 2055 bonum
1423 2025 1496 2061 illud
1531 2029 1628 2060 suapte
1662 2028 1761 2051 natura
1793 2022 1870 2058 cogi-

238 2075 343 2103 tatione
363 2078 459 2103 nostra
482 2083 545 2103 esse
566 2075 715 2103 sublimius
743 2075 894 2108 credimus,
911 2083 945 2103 eo
966 2075 1162 2110 majoreluctu
1174 2073 1328 2108 aﬂicimur;
1359 2072 1492 2109 quoniam
1525 2078 1577 2099 nos
1607 2069 1747 2107 quondam
1781 2069 1870 2097 homi-

237 2128 287 2149 nes
299 2120 347 2148 illo
361 2120 638 2155 incomprehensibili
653 2120 726 2148 bono
743 2120 915 2149 fruebamur.

278 2167 443 2202 Ἀκράτητος
465 2166 513 2193 καὶ
528 2165 729 2202 οὐρανοδρόμος
752 2166 769 2202 ἡ
790 2166 851 2194 θεία
862 2166 955 2201 φύσις,
973 2166 1023 2193 ἀν-

238 2212 348 2246 έφικτος
360 2212 417 2244 τοῖς
429 2211 586 2245 διώκουσιν,
597 2211 747 2246 ἐγγίζουσα
762 2212 820 2244 τοῖς
835 2211 1021 2239 πιστεύουσιν.

278 2334 461 2390 Ἀνθρώπιναι
475 2354 564 2388 λέξεις
586 2354 653 2381 Θεοῦ
680 2353 776 2382 οὐσίαν
803 2354 973 2390 ἑρμηνεῦσαι
997 2355 1028 2382 οὖ

237 2397 373 2426 δύνανται.

276 2444 369 2471 Ἔστιν
379 2444 422 2471 ὅτε
438 2444 484 2471 καὶ
499 2444 634 2479 θεολογεῖν
646 2444 841 2480 ἐπιχειροῦσιν,
857 2445 925 2472 ὅπου
944 2445 993 2472 καὶ
1011 2446 1028 2481 ἡ

231 2488 350 2523 θεήθεια
363 2489 518 2524 ἀνέφικτος,
533 2495 582 2517 και
593 2491 607 2517 ὁ
618 2491 770 2526 στοχασμὸς
783 2491 965 2523 ἐπικίνδυνος.

239 2577 413 2658 ἀνΕὲήζητείς
426 2577 504 2611 Θεὸν,
516 2575 540 2606 ὧ
552 2579 667 2613 διάνοια,
690 2570 837 2613 ἐξελθοῦσα
858 2582 913 2610 ἀπὸ
926 2581 1029 2617 σαυτῆς

274 2632 291 2650 α
329 2631 382 2650 τει.

274 2631 382 2650 acum.

239 2691 338 2720 Τίτλ.Δ
349 2712 356 2720 .
367 2709 402 2714 --
414 2693 485 2728 Περὶ
500 2693 619 2729 ἀγάπης
640 2694 689 2721 καὶ
706 2695 800 2729 φόϐου
814 2695 903 2723 Θεοῦ·
922 2696 971 2724 καὶ
985 2696 1030 2724 ὅτι

395 2729 511 2762 παντὸς
525 2729 638 2764 ἀγαθοῦ
652 2730 865 2764 ὑπερέχουσιν.
946 2734 951 2738 “

277 2805 287 2823 ι
309 2796 454 2824 Ἐκάλεσεν
465 2796 580 2832 ἄγγελος
595 2797 698 2832 Κυρίου
713 2797 758 2823 τὸν
775 2796 901 2832 ’Δϐραὰμ
912 2798 942 2831 ἐξ
953 2799 1030 2833 οὐρα-

241 2841 299 2873 νοῦ,
314 2843 361 2869 καὶ
377 2839 454 2869 εἶπεν
478 2842 568 2878 αὐτῷ·
591 2841 725 2877 Ἁϐραάμ.
749 2841 777 2868 '0
800 2841 829 2868 δὲ
849 2839 944 2869 εἶπεν·
964 2843 1029 2871 Ἰδοὺ

242 2887 306 2922 ἐγώ.
321 2887 387 2915 Eiet:
399 2889 437 2916 δέ’
447 2890 493 2921 Μὴ
510 2889 640 2923 ἐπιεάλης
650 2887 698 2923 τὴν
709 2888 785 2923 χεῖρά
800 2897 846 2915 σου
860 2888 904 2915 ἐπὶ
915 2889 944 2915 τὸ
962 2897 1026 2917 παι-

1112 2165 1210 2200 Chrys.
1241 2164 1270 2192 in
1293 2163 1324 2192 S.
1356 2162 1445 2198 Steph.
1465 2161 1609 2188 —-Divina
1632 2164 1733 2188 natura
1757 2163 1868 2194 captum

1076 2219 1187 2240 omnem
1204 2210 1325 2241 excedit.
1343 2213 1427 2245 atque
1442 2209 1469 2236 in
1488 2209 1589 2237 ccelum
1603 2207 1739 2239 exeurrit,
1762 2211 1792 2233 ut
1811 2214 1868 2234 non

1042 2248 1065 2277 θ
1080 2266 1095 2285 a
1113 2257 1347 2294 persequentibus
1371 2259 1456 2292 queat
1476 2254 1550 2291 capi,
1566 2258 1594 2282 et
1610 2254 1645 2282 iis
1664 2254 1712 2289 qui
1730 2253 1783 2281 iide
1797 2260 1869 2289 pre-

1078 2303 1130 2331 diti
1149 2306 1226 2334 sunt,
1241 2302 1370 2337 proxima
1387 2301 1433 2328 sit.

1114 2348 1231 2384 Didymi.
1248 2362 1283 2368 -
1294 2346 1421 2375 Humana
1443 2345 1528 2374 verba
1550 2345 1598 2373 Dei
1613 2344 1766 2373 essentiam
1780 2351 1869 2371 enun-

1079 2395 1149 2422 tiare
1162 2399 1313 2428 nequeunt.

1115 2439 1187 2467 Nili.
1203 2454 1240 2459 ——
1251 2438 1395 2467 Interdum
1406 2438 1490 2466 etiam
1507 2437 1542 2465 de
1558 2436 1662 2464 divinis
1683 2436 1766 2464 rebus
1780 2434 1868 2462 disse-

1079 2494 1142 2515 rere
1156 2489 1315 2519 conantur;
1343 2485 1389 2512 ubi
1417 2492 1470 2512 nec
1495 2484 1640 2511 veritatem
1665 2482 1774 2517 assequi
1790 2481 1868 2516 quis-

1079 2540 1161 2569 quam
1179 2533 1278 2569 possit,
1299 2537 1326 2560 et
1339 2531 1508 2566 conjecturis
1521 2530 1562 2558 uti
1579 2529 1765 2565 periculosum
1780 2530 1833 2554 est.

1116 2579 1249 2607 Philonis.
1264 2577 1337 2606 —-Si
1353 2578 1439 2606 Deum
1455 2576 1568 2612 quaeris,
1584 2583 1602 2604 ο
1617 2582 1707 2608 mens,
1724 2581 1758 2602 ex
1776 2573 1865 2608 teipsa

1079 2625 1180 2654 excede
1193 2629 1223 2653 ut
1238 2631 1359 2661 quaeras.

1080 2694 1134 2723 Tit.
1157 2694 1203 2722 IV.
1218 2693 1302 2721 —De
1325 2701 1416 2721 amore
1430 2698 1454 2720 et
1470 2693 1563 2720 timore
1579 2692 1639 2726 Dei,
1653 2696 1679 2719 et
1702 2679 1774 2727 quod
1795 2697 1870 2717 omne

1350 2729 1445 2756 bonum
1465 2732 1598 2762 superent.

1117 2796 1181 2824 Gen.
1196 2804 1264 2829 xm,
1282 2796 1326 2830 il,
1343 2796 1387 2824 12.
1400 2810 1434 2816 —
1451 2805 1461 2821 ι
1481 2794 1515 2822 Ει
1530 2794 1638 2823 vocavit
1652 2794 1769 2830 angelus
1781 2793 1870 2822 Abra-

1081 2844 1145 2872 ham
1159 2843 1193 2872 de
1207 2844 1288 2876 cualo,
1303 2843 1401 2872 dicens
1415 2843 1439 2871 ei
1451 2852 1458 2871 :
1473 2843 1624 2870 Abraham.
1638 2842 1690 2875 Qui
1705 2840 1868 2877 respondit:

1082 2890 1203 2927 Adsum;
1224 2890 1347 2920 dixitque
1366 2891 1411 2918 ci:
1435 2889 1474 2918 Nc
1498 2889 1633 2918 extendas
1657 2896 1767 2916 manum
1790 2891 1867 2915 tuam
