2080 3111
231 82 300 114 ιρεθ
862 77 978 107 SACRA
999 75 1228 106 PARALLELA.
1789 70 1858 104 1090

265 151 275 169 ι
297 140 411 176 Πνεῦμα
433 139 611 176 φοϐουμένων
636 137 741 174 Κύριον
765 135 896 171 ζήσεταν
921 134 939 168 ἡ
958 134 1013 170 γὰρ
1027 138 1050 167 Α

1036 138 1050 167 ι
1104 132 1190 160 Εέείί.
1216 139 1310 165 xxxiv,
1338 132 1384 163 14,
1409 130 1453 158 l9.
1473 139 1531 157 -ι
1554 129 1677 166 Spiritus
1701 129 1857 158 timentium

227 189 304 220 ῑλπὶς
324 175 416 214 αὐτῶν
438 187 485 214 ἐπὶ
507 175 554 213 et»
569 185 690 217 σώζοντα
717 183 828 214 αὐτούς.
864 181 1013 216 ὀφθαλμοὶ

1065 177 1151 205 Deum
1175 177 1250 204 vivet
1275 186 1281 204 :
1308 183 1372 211 spes
1398 176 1475 204 enim
1500 175 1613 203 illorum
1635 175 1664 202 in
1680 175 1811 208 salutem,
1830 178 1857 202 et

226 234 330 269 Κυρίου
349 233 396 259 ἐπὶ
418 232 483 263 τοὺς
504 231 672 266 ἀγαπῶντας
691 229 789 258 αὐτόν·
806 227 940 263 ὀφθαλμοὶ
955 227 1014 255 Κυ-

1063 223 1140 251 oculi
1153 222 1202 250 Dei
1216 224 1245 250 in
1256 222 1405 258 diligentes
1420 229 1460 250 se.
1474 221 1553 250 Oculi
1574 221 1684 249 Domini
1698 228 1784 257 super
1799 228 1856 249 mea

227 279 285 315 ρίου
297 278 343 306 ἐπὶ
357 278 421 310 τοὺς
431 277 616 313 φοϐουμένους
628 276 721 304 αὐτόν.
745 284 756 302 ν

467 277 616 313 ϐουμένους
628 276 721 304 αὐτόν.
745 284 756 302 ι
1063 271 1177 315 tuentes
1186 275 1266 315 eum:
1279 276 1288 294 ι

263 333 274 350 ε
297 323 329 350 οι
354 310 525 358 φοβούμενοί
542 321 663 358 Κύριον,
692 321 859 357 ἀναμείνατε
882 319 914 347 τὸ
938 319 1012 352 ἔλεος
1099 313 1186 341 Eccli.
1203 321 1235 345 ιι,
1249 311 1279 345 7,
1300 312 1345 340 is.
1360 326 1393 332 —
1405 311 1586 358 «Metuentes
1603 310 1856 358 Dominum,susti-

225 369 319 403 αὐτοῦ,
337 356 385 396 καὶ
401 356 605 404 μὴγὲκκλίνατε,
621 368 664 395 ῑνα
678 367 716 403 μὴ
731 366 845 402 πέσητε.
865 366 898 392 0i
913 364 1013 400 φοϐού-

1063 363 1128 399 nete
1157 357 1379 387 misericordiam
1406 357 1477 393 ejus,
1500 363 1528 385 et
1554 365 1611 384 non
1637 356 1803 390 deﬂectatis,
1821 365 1855 386 ne

227 424 303 450 μενοι
337 403 440 450 Κύριον
465 414 517 441 οὐκ
551 413 730 449 ἀπειθήσουσι
761 412 893 449 ῥημάτων
916 409 1011 439 αὐτοῦ·

1062 403 1182 434 cadatis.
1196 405 1250 438 Qui
1265 405 1366 432 timent
1383 403 1544 435 Dominum.
1562 410 1619 430 non
1633 406 1716 431 erunt
1734 404 1854 432 incredi-

225 448 273 488 itat
294 462 318 488 οἱ
344 448 506 495 ἀγαπῶντες
531 459 630 493 αὑτὸν,
645 448 842 486 γσυντελέσουσι
863 457 914 490 τὰς
935 457 1012 490 ὁδοὺς

1062 451 1135 480 biles
1149 451 1242 479 verbis
1254 450 1347 484 illius;
1364 454 1393 478 et
1405 449 1454 485 qui
1469 448 1589 484 diligunt
1602 449 1692 483 illum,
1709 456 1854 478 conserva-

224 506 319 534 αὑτοῦ.
342 515 352 533 ι

1061 498 1134 527 bunt
1145 498 1203 526 vias
1216 498 1303 526 illius.
1317 507 1329 524 ι
1671 518 1674 519 ,

261 562 270 579 ι
294 552 339 588 Τῷ
350 550 510 587 φοϐουμένῳ
521 551 567 578 τὸν
576 549 680 586 Κύριον
689 550 740 577 οὐκ
754 549 905 585 ἀπαντήσει
915 547 1011 580 καιδν,

1099 543 1181 572 Eccli.
1197 552 1293 578 xxxiii,
1310 544 1336 571 ί.
1348 558 1384 565 —-
1397 551 1408 569 ι
1430 542 1549 571 Timenti
1564 542 1712 571 Dominum
1728 550 1786 570 non
1805 550 1851 570 oc-

223 599 281 626 ἀλλ’
295 599 324 625 ὲν
341 597 487 633 πειρασμῷ
502 596 551 624 καὶ
565 596 640 633 πάλῃ
654 596 796 630 ὲξελεϊται.
809 596 947 631 Χρήματα
962 594 1012 622 καὶ

1059 594 1175 618 current
1195 590 1279 622 mala,
1296 589 1347 618 sed
1362 590 1391 617 in
1406 588 1560 616 tentatione
1581 592 1609 616 et
1625 588 1702 616 lucta
1721 588 1853 617 liberabit

223 643 239 677 ἡ
254 641 330 676 ἰσχὺς
347 640 480 676 ἀνυψοῦσι
498 640 623 677 καρδίαν,
642 640 690 667 καὶ
713 640 784 675 ὑπὲρ
796 640 941 676 ἀμφότερα
961 639 1010 675 φό-

1058 643 1135 664 eum.
1148 635 1306 664 Facultates
1319 638 1348 663 et
1363 634 1452 662 virtus
1471 633 1597 662 exaltant
1614 641 1664 662 cor
1678 634 1755 675 :_sed
1769 642 1853 670 super

221 688 268 719 6ος
285 687 399 723 Κυρίου,
423 696 433 713 ν

1058 682 1119 710 haec
1130 682 1215 709 timor
1232 681 1352 709 Domini.
1368 690 1377 707 ι

259 742 269 758 ε
298 732 326 760 Ὀ
344 732 512 768 φοϐούμενος
524 731 627 769 Κύριον
647 730 754 759 εὐθύνει
770 730 863 765 φίλους
881 729 974 757 αὐτοῦ.
997 739 1008 756 ι

1096 727 1182 755 Eneti.
1204 735 1251 761 ιιι,
1275 727 1321 755 26.
1343 742 1379 748 -—
1400 736 1411 754 ι
1428 726 1480 760 Qui
1505 726 1583 754 timet
1604 726 1763 759 Dominum,
1781 726 1851 754 diri-

1062 773 1101 810 git
1115 774 1222 802 amicos
1236 781 1313 802 suos.
1330 782 1340 799 ι

258 830 268 848 ι
298 821 342 849 Ἐν
357 821 432 857 φόϐῳ
446 820 550 857 Κυρίου
566 819 639 848 ἔστω
656 819 687 848 τὸ
704 818 837 856 καύχημά
859 826 917 846 σου.
941 827 951 844 ι
1026 818 1047 846 Β

1030 818 1047 846 Β
1095 819 1182 847 Eccti.
1197 827 1235 853 ix,
1249 819 1295 846 22.
1314 833 1349 840 -
1367 828 1377 846 ι
1391 818 1422 846 In
1439 818 1540 848 timore
1563 817 1673 847 Domini
1695 817 1731 846 sit
1749 817 1851 853 gloria-

259 920 268 936 ι
289 910 405 945 Σπέρμα
419 909 529 945 ἔντιμον
552 910 646 943 ποῖον;
662 910 693 936 Ol
709 907 873 943 φοϐούμενοι
888 906 934 933 τὸν
951 906 1008 934 Κύ-
1059 871 1079 894 ῃ

1059 869 1180 938 Μεῖἒῗέ.
1195 875 1224 943 ;,
1238 911 1285 943 23,
1302 910 1348 938 25.
1365 926 1399 931 -—
1414 921 1424 938 ε
1445 898 1545 939 Semen
1569 909 1734 938 honorabile
1748 908 1850 944 quale!

221 965 288 992 ριον.
304 956 435 988 Πλούσιος
456 957 504 983 καὶ
524 956 639 990 ἔνδοξος,
654 955 701 983 καὶ
721 955 816 991 πένης,
831 954 862 982 τὸ
876 954 1008 989 καύχημα

1057 957 1105 993 qui
1123 958 1222 986 timent
1237 958 1396 985 Dominum.
1414 957 1505 991 Dives,
1526 961 1553 985 et
1569 958 1723 992 gloriosus,
1739 961 1768 984 et
1782 964 1848 992 pau-

219 1003 319 1035 αὺτῶν,
337 1002 419 1037 φόϐος
433 1002 548 1038 Κυρίου.
573 1011 583 1028 ι

1058 1011 1120 1039 per,
1132 1004 1263 1039 gloriatio
1274 1011 1369 1032 eorum
1382 1004 1466 1032 timor
1484 1003 1604 1032 Domini.
1626 1012 1634 1029 ι

257 1057 267 1074 ι
290 1049 322 1076 Oi
344 1048 508 1083 φοϐούμενοι
528 1048 641 1084 Κύριον,
658 1048 822 1076 πιστεύσατε
846 1047 932 1083 αὐτῷ,
957 1047 1007 1074 καὶ
1065 1067 1074 1070 -

1065 1067 1074 1070 -
1090 1049 1173 1076 Eceli.
1192 1057 1223 1081 ιι,
1239 1049 1267 1082 8,
1285 1049 1312 1077 9.
1328 1066 1356 1071 —-
1375 1058 1385 1076 ι
1403 1049 1455 1082 Qui
1476 1048 1581 1077 timetis
1600 1048 1762 1081 Dominum,
1787 1055 1849 1076 cre-

219 1095 249 1121 ού
268 1095 306 1131 μὴ
326 1094 398 1131 πέσῃ
413 1095 428 1120 ὁ
445 1094 542 1129 μισθὸς
555 1094 643 1130 ὑμῶν.
660 1095 693 1121 Οἱ
707 1094 870 1130 φοϐούμενοι
892 1093 1005 1129 Κύριον,

1057 1092 1115 1120 dite
1135 1093 1193 1126 illi;
1214 1098 1242 1121 et
1266 1099 1321 1121 non
1348 1094 1530 1122 evacuabitur
1545 1100 1652 1120 merces
1665 1097 1767 1121 vestra.
1794 1093 1845 1126 Qui

218 1140 347 1167 ιλπίσατε
366 1141 407 1171 είς
420 1139 521 1174 ἀγαθὰ,
536 1141 583 1167 καὶ
594 1141 634 1172 εἰς
645 1139 816 1176 εὐφροσύνην
834 1139 944 1167 αίώνιον
959 1138 1007 1166 καὶ

1057 1137 1162 1166 timetis
1180 1139 1338 1172 Dominum,
1358 1143 1470 1174 sperate
1485 1139 1570 1171 bona,
1585 1141 1614 1166 et
1628 1138 1755 1166 latitiam
1773 1147 1847 1168 sem-

217 1185 302 1217 Ελεος.
327 1194 337 1211 ι

1056 1183 1204 1219 piternam,
1220 1188 1248 1212 et
1262 1185 1495 1214 misericordiam.
1511 1195 1521 1213 ι

256 1240 266 1258 ι
287 1231 427 1266 Μεγιστὰν
438 1231 486 1259 καὶ
501 1230 609 1267 κριτὴς,
621 1231 669 1257 καὶ
687 1229 822 1266 δυνάστης
834 1228 1004 1264 δοξασθήσε-

1093 1227 1177 1257 Eccli.
1193 1237 1223 1263 x,
1237 1229 1285 1258 27.
1300 1245 1336 1251 —
1358 1239 1367 1257 ι
1386 1231 1513 1266 Magnus,
1531 1235 1559 1260 et
1577 1231 1674 1267 judex,
1698 1235 1726 1260 et
1748 1235 1847 1267 potens

216 1285 273 1310 ται,
290 1278 337 1304 καὶ
352 1278 403 1305 οὐκ
416 1277 489 1305 ἐστιν
500 1277 590 1305 αὐτῶν
605 1285 647 1309 τις
665 1276 765 1313 μείζων
776 1276 824 1303 τοῦ
837 1275 1005 1310 φοϐουμένου

1055 1274 1109 1301 erit
1122 1274 1149 1301 in
1171 1275 1278 1303 honore
1298 1284 1306 1303 :
1328 1280 1356 1304 et
1372 1283 1428 1303 non
1445 1280 1488 1304 est
1512 1277 1602 1312 major
1628 1277 1677 1304 illo
1700 1277 1748 1312 qui
1769 1276 1848 1305 timet

217 1324 263 1351 τὸν
280 1323 393 1360 Κύριον.
417 1333 428 1350 ν

426 1336 428 1347 μ
1057 1318 1216 1346 Dominum.
1237 1329 1247 1346 )

255 1379 265 1396 ι
289 1369 368 1396 Πᾶσα
381 1368 461 1403 σοφία
473 1367 554 1403 φόϐος
567 1364 681 1404 Κυρίου.
692 1366 775 1394 Οὐδὲν
786 1366 910 1402 κρεῖττον
921 1364 1005 1400 φόϐου

1092 1364 1177 1392 Eccli.
1192 1373 1250 1398 xix,
1268 1365 1315 1399 28,
1335 1366 1382 1394 l8.
1400 1381 1435 1388 —-
1458 1376 1468 1393 ι
1480 1365 1578 1396 Omnis
1600 1368 1738 1403 sapientia
1762 1368 1847 1396 timor

216 1415 333 1451 Κυρίου,
348 1415 397 1442 καὶ
416 1414 493 1442 οὐδὲν
506 1412 673 1449 γλυκύτερον
698 1412 746 1440 τοῦ
765 1411 911 1449 προσέχειν
931 1411 1006 1438 ἐντο-

1055 1409 1176 1438 Domini.
1206 1410 1281 1439 Nihil
1308 1412 1408 1440 melius
1431 1420 1513 1448 quam
1541 1413 1625 1442 timor
1658 1413 1794 1442 Domini:
1819 1420 1846 1442 et

215 1462 276 1493 λαίς
287 1461 403 1497 Κυρίου.
426 1469 437 1486 ι
1018 1485 1036 1516 c

1025 1455 1126 1516 coibit
1148 1456 1271 1492 dulcius,
1296 1465 1381 1493 quam
1406 1458 1547 1494 respicere
1572 1458 1602 1486 in
1630 1459 1769 1488 mandatis
1792 1459 1846 1489 Do-

253 1562 262 1578 ι
290 1552 320 1578 '0
337 1551 505 1587 φοϐούμενος
530 1549 646 1585 Κύριον,
669 1548 748 1575 οὐδὲν
772 1545 1003 1583 εὐλαϐηθήσεται.

1093 1547 1178 1575 Eccli.
1192 1556 1272 1582 xxm,
1287 1549 1332 1577 57.
1348 1565 1384 1571 -—
1400 1559 1410 1576 ι
1425 1550 1479 1584 Qui
1495 1551 1575 1579 timet
1597 1550 1755 1586 Dominum,
1774 1552 1844 1581 nihil

213 1599 384 1633 Φοϐουμένου
405 1596 517 1632 Κύριον,
536 1595 661 1631 μακαρία
675 1595 692 1630 ἠ
706 1594 790 1630 ψυχή.
814 1602 824 1619 ι

1055 1593 1218 1628 trepidabit.
1238 1594 1374 1623 Timentis
1391 1595 1538 1624 Dominum
1551 1597 1632 1625 beata
1650 1602 1694 1625 est
1708 1598 1811 1626 anima.
1832 1609 1840 1625 ι

251 1653 262 1671 ι
291 1644 321 1672 '0
339 1643 505 1679 φοϐούμενος
518 1641 631 1678 Κύριον,
647 1639 787 1674 ἐκδέξεται
799 1636 934 1666 παιδείαν.
955 1647 966 1664 ι

1091 1639 1178 1667 Eccti.
1192 1648 1289 1675 xxxiv,
1301 1641 1346 1669 l7.
1360 1657 1396 1662 —
1414 1651 1424 1668 ε
1439 1641 1494 1677 Qui
1510 1643 1589 1670 timet
1602 1642 1760 1678 Dominum,
1774 1645 1843 1673 acci-

1055 1685 1110 1720 piet
1125 1686 1313 1721 disciplinam.
1330 1697 1340 1714 ι

252 1743 261 1759 ι
284 1733 316 1760 οι
329 1732 492 1768 φοϐούμενοι
510 1730 624 1766 Κύριον,
641 1729 786 1765 εὑρήσουσι
800 1730 888 1765 κρῖμα
902 1728 950 1756 καὶ
961 1729 1003 1756 δι-

1091 1730 1177 1759 Εεείί.
1192 1740 1277 1765 xxxii,
1296 1733 1339 1760 16.
1360 1748 1395 1754 -
1417 1743 1426 1760 ι
1443 1733 1495 1768 Qui
1515 1735 1614 1764 timent
1633 1736 1779 1764 Dominum
1799 1737 1842 1764 in-

213 1778 370 1815 χαιὼματα,
391 1778 439 1806 καὶ
452 1777 491 1810 ὡς
506 1776 565 1812 φῶς
578 1775 773 1811 ἐκλάμψουσιν.
796 1783 807 1802 ι

1055 1777 1166 1806 venient
1178 1778 1314 1814 judicium
1332 1780 1593 1816 etjustilicationes,
1606 1787 1633 1811 et
1649 1783 1735 1811 utlux
1753 1782 1841 1818 fulge-

1053 1822 1133 1851 bunt.
1154 1833 1164 1850 ε

251 1877 261 1893 ι
285 1867 341 1894 Οὐκ
369 1866 442 1893 ἐστιν
467 1866 496 1893 ἐν
519 1864 595 1900 φόϐῳ
620 1864 724 1901 Κυρίου
745 1863 904 1897 ἐλάττωσις,
920 1864 1002 1900 φόϐος

1089 1869 1174 1897 Eccli.
1195 1877 1240 1904 χι,
1258 1870 1304 1903 26.
1316 1870 1362 1903 27,
1381 1886 1417 1891 —
1443 1881 1453 1897 ι
1469 1872 1529 1900 Non
1549 1876 1591 1901 est
1615 1873 1642 1901 in
1666 1874 1766 1902 timore
1788 1875 1840 1903 Do-

214 1913 327 1949 Κυρίου,
340 1913 377 1945 ὡς
397 1912 561 1947 παράδεισος
577 1910 716 1946 εὐλογίας.
741 1919 752 1937 ›

1054 1915 1121 1942 mini
1135 1915 1302 1944 imminutio.
1316 1915 1413 1944 Timor
1427 1915 1536 1945 Domini
1551 1918 1624 1946 sicut
1637 1918 1782 1954 paradisus
1794 1919 1840 1948 be-

1054 1960 1231 1989 nedictionis.
1249 1970 1258 1987 ι

250 2019 260 2036 ι
282 2010 329 2045 Μὴ
347 2008 474 2044 φοϐεῖσθε
488 2007 543 2036 ἀπὸ
557 2007 613 2035 τῶν
628 2007 844 2036 ἀποκτεινόντων
857 2007 888 2034 τδ
907 2006 999 2042 σῶμα,

1089 2005 1187 2034 Matth.
1198 2015 1227 2039 x,
1238 2007 1285 2034 28.
1300 2022 1336 2027 —
1351 2017 1361 2034 ι
1372 2007 1462 2036 Nolite
1477 2009 1574 2037 timere
1587 2016 1635 2037 eos
1645 2009 1692 2045 qui
1710 2011 1839 2039 occidunt

212 2057 260 2091 τὴν
276 2056 304 2083 δὲ
319 2055 408 2091 ψυχὴν
425 2055 463 2091 μὴ
479 2055 636 2090 δυναμένων
659 2054 836 2082 ἀποκτείναι·
860 2053 1000 2089 φοϐήθητε

1051 2059 1166 2087 corpus,
1185 2053 1304 2080 animam
1318 2058 1411 2082 autem
1426 2062 1481 2082 non
1499 2060 1618 2090 possunt
1630 2056 1777 2085 occidere:
1790 2058 1838 2086 sed

210 2101 239 2129 δὲ
255 2101 355 2137 μᾶλλον
371 2101 417 2127 τὸν
428 2100 576 2136 δυνάμενον
591 2099 639 2127 καὶ
663 2099 753 2136 ψυχὴν
767 2099 815 2126 καὶ
830 2098 909 2135 σῶμα
928 2099 999 2126 ἀπο-

1052 2099 1145 2134 potius
1161 2106 1223 2127 eum
1239 2099 1344 2132 timete,
1370 2100 1416 2135 qui
1442 2105 1534 2136 potest
1549 2109 1652 2137 corpus
1673 2107 1701 2130 et
1717 2104 1837 2132 animam

211 2147 331 2175 λάσαιὶν
345 2147 453 2183 γεέννῃ.
477 2156 487 2173 ι
712 2191 716 2192 ν
797 2191 800 2192 ν
833 2191 838 2192 γ
870 2191 874 2192 ν
912 2191 916 2192 γ
1013 2163 1032 2192 Β

1013 2163 1037 2192 D
1052 2145 1170 2181 perdere
1186 2144 1213 2172 in
1230 2145 1397 2180 gehennam.

249 2202 259 2219 ι
281 2193 381 2225 Καθὼς
409 2193 535 2228 ἠγάπησε
560 2201 594 2228 με
618 2192 633 2219 ὁ
648 2191 755 2228 Πατὴρ,
770 2191 850 2226 κάγὼ
866 2191 998 2226 ἠγάπησα
1014 2190 1029 2192 ⁷

1016 2190 1029 2192 ⁷
1085 2190 1167 2218 1mm.
1185 2199 1229 2225 xv,
1251 2191 1335 2223 9,10.
1347 2207 1383 2212 -
1400 2202 1410 2219 ι
1431 2192 1509 2221 Sicut
1521 2193 1621 2221 dilexit
1635 2202 1680 2223 me
1698 2195 1790 2227 Pater.
1811 2200 1837 2224 et

214 2239 296 2274 ὑμᾶς.
312 2239 433 2266 Μείνατε
448 2240 477 2265 ὲν
488 2240 522 2275 τῇ
540 2239 634 2274 ἀγάπῃ
649 2239 683 2273 τῇ
698 2238 762 2273 ὲμῇ.
783 2237 846 2264 Ἐὰν
859 2237 909 2269 τὰς
924 2237 999 2264 ἐντο-

1050 2243 1100 2271 ego
1120 2236 1204 2264 dilexi
1225 2245 1284 2265 vos.
1296 2237 1404 2266 Manete
1420 2238 1447 2266 in
1461 2239 1611 2267 dilectione
1631 2247 1703 2268 mea.
1722 2241 1752 2268 bi
1769 2249 1837 2277 prte-

151 2315 155 2317 ς
212 2284 261 2316 λάς
274 2293 324 2319 μου
341 2285 490 2320 τηρήσητε,
511 2285 616 2319 μενεῖτε
630 2284 659 2310 ἐν
675 2285 708 2319 τῇ
725 2283 819 2319 ἀγάπῃ
834 2291 896 2318 μου,
908 2282 972 2309 καθὸ

1050 2285 1128 2316 cepta
1148 2289 1208 2310 mea
1232 2283 1420 2316 servaveritis,
1443 2284 1526 2320 306
1551 2285 1698 2313 manebitis
1720 2286 1749 2314 in
1769 2287 1838 2314 dile-

211 2331 267 2365 ιγὼ
277 2331 326 2363 τὰς
338 2330 447 2362 ἐντολὰς
460 2330 508 2358 τοῦ
524 2330 630 2367 Πατρός
643 2338 694 2365 μου
704 2330 853 2366 τετήρηκα,
865 2329 913 2356 καὶ
927 2329 1000 2364 μένω

1037 2327 1142 2355 λοιὶοιιο
1160 2335 1230 2361 mea,
1252 2329 1325 2356 sicut
1340 2334 1367 2356 et
1386 2337 1437 2364 ego
1453 2329 1543 2358 Patris
1561 2331 1613 2358 niei
1634 2331 1764 2359 mandata
1781 2340 1837 2359 ser-

212 2377 294 2405 αὑτοῦ
309 2378 338 2404 ἐν
352 2379 386 2413 τῇ
401 2377 507 2414 ἀγάπῃ.
530 2386 540 2403 ι

1050 2373 1124 2404 vavi,
1142 2376 1169 2400 et
1181 2380 1279 2401 maneo
1291 2373 1319 2401 in
1331 2374 1391 2409 ejus
1404 2375 1564 2403 dilectione.
1580 2385 1589 2403 ι

249 2433 261 2449 ι
287 2422 409 2456 ’Δνοίξας
428 2423 531 2458 Πέτρος
545 2423 577 2449 τὺ
591 2423 679 2457 στόμα
694 2419 787 2449 εἶπεν·
808 2421 870 2448 Ἐπὶ
885 2419 1000 2455 ἀληθείᾳ

1085 2419 1145 2446 Διί.
1160 2427 1189 2451 x.
1201 2419 1246 2446 54.
1261 2432 1298 2439 --
1315 2429 1324 2446 ι
1338 2420 1474 2455 Aperiens
1490 2422 1592 2449 Petrus
1609 2429 1640 2450 os
1655 2430 1736 2450 suttm
1747 2422 1835 2453 dixit:

213 2468 470 2502 καταλαμϐάνομαι,
498 2469 540 2494 ὃτι
568 2468 620 2494 οὐκ
643 2467 703 2495 ἐστι
727 2465 964 2502 προοωπολήπτης
985 2465 1000 2491 6

1048 2463 1080 2491 ln
1095 2464 1213 2492 veritate
1226 2466 1361 2500 comperi,
1376 2467 1448 2501 quod
1466 2473 1521 2494 non
1534 2472 1577 2496 est
1590 2475 1774 2503 personarum
1790 2477 1836 2496 ac-

213 2510 290 2544 Θεὸς,
306 2511 374 2538 ἀλλὰ
389 2513 418 2538 ὲν
441 2513 523 2540 παντὶ
545 2512 617 2539 ἔθνει
633 2513 648 2539 ὸ
663 2512 830 2548 φοϐούμενος
845 2511 935 2543 αὑτὸν,
953 2510 1000 2538 καὶ

1050 2513 1148 2544 eeptor
1163 2509 1247 2542 Deus.
1261 2509 1310 2538 Sed
1325 2511 1352 2537 in
1366 2512 1442 2539 omni
1456 2517 1548 2547 gente.
1564 2513 1612 2548 qni
1626 2513 1705 2540 timet
1718 2520 1794 2547 eum,
1809 2519 1837 2542 et

213 2556 395 2591 ἐργαζόμενος
413 2557 595 2594 δικαιοσύνην,
611 2558 704 2590 δεκτὸς
719 2558 795 2594 αὑτῷ
811 2559 895 2585 ἐστιν.
918 2567 928 2584 ι

757 2558 795 2594 τῷ
811 2559 895 2585 ἐστιν.
918 2567 928 2584 ι
1051 2555 1120 2583 facit
1133 2555 1282 2590 justitiam,
1299 2561 1433 2591 acceptus
1449 2562 1490 2586 est
1499 2557 1550 2587 illi.
1568 2567 1578 2585 ι

251 2611 260 2628 ι
283 2602 404 2638 υῖδαμεν
417 2604 458 2630 ὅτι
473 2606 529 2636 τοῖς
541 2604 670 2639 ἀγαπῶσι
683 2604 729 2631 τὸν
742 2604 809 2631 Θεὸν
833 2604 922 2631 πάντα
936 2612 1001 2630 συν-

1086 2600 1162 2628 Iiom.
1183 2609 1243 2633 νιιι,
1269 2601 1317 2630 28.
1333 2617 1368 2623 —
1396 2613 1406 2628 ι
1429 2603 1540 2632 Scimus
1563 2605 1630 2640 quia
1659 2606 1837 2644 diligentibus

213 2649 291 2685 εργεῖ
305 2649 346 2680 είς
361 2649 474 2682 ἀγαθόν.
497 2659 508 2676 t

1050 2647 1136 2675 Deum
1153 2648 1245 2674 omnia
1261 2654 1448 2683 cooperantur
1460 2650 1487 2676 in
1503 2650 1618 2679 bonum.
1639 2661 1648 2679 ι

252 2704 262 2720 ι
287 2694 320 2720 El!
341 2702 385 2726 τις
412 2694 509 2730 ἀγαπᾷ
532 2695 578 2723 τὸν
600 2695 677 2729 Θεδν,
700 2692 777 2727 οὗτος
801 2696 936 2731 ἔγνωσται
954 2696 1000 2724 ὑπ’

1087 2693 1102 2721 1
1119 2693 1181 2722 Cor.
1198 2702 1257 2727 vm,
1270 2694 1297 2721 5.
1310 2710 1344 2715 -—
1363 2705 1372 2721 ι
1389 2696 1415 2723 Si
1430 2695 1493 2732 quis
1503 2697 1594 2733 diligit
1610 2698 1707 2732 Deum,
1724 2700 1768 2729 hic
1792 2708 1839 2730 co-

212 2739 310 2768 αύτοῦ.
335 2751 344 2768 ι

1051 2741 1147 2776 ειιὶιιιε
1162 2745 1206 2768 est
1223 2741 1258 2768 ab
1271 2748 1313 2768 co.
1330 2751 1338 2767 ι

249 2788 332 2820 Φόϐος
347 2788 460 2825 Κυρίου,
477 2787 626 2824 καθάρσιον
642 2787 741 2823 ψυχῆς,
763 2789 833 2815 κατὰ
847 2789 896 2825 τὴν
919 2789 1000 2825 εὐχὴν

1088 2787 1174 2815 Baril.
1199 2786 1226 2813 in
1253 2788 1312 2816 init.
1335 2788 1414 2818 Prov.
1433 2805 1468 2812 —-
1486 2789 1592 2819 Domini
1611 2791 1703 2826 timor,
1719 2793 1839 2828 expiatio
