2078 3115
237 63 300 94 1091

833 59 865 90 S.
885 58 1045 90 JOANNIS
1063 58 1290 98 DAMASCENI,

1800 62 1867 95 1092

233 123 274 147 est
287 118 383 152 animi,
396 117 547 146 secundum
563 117 635 144 hanc
651 116 795 153 Propheta
809 117 1024 152 postulationem

1081 117 1123 147 τοῦ
1139 117 1284 153 Προῳήτου
1303 117 1438 152 λέγοντος·
1459 128 1469 144 ι
1490 119 1656 155 Καθήλωσον
1671 120 1702 147 ὲκ
1717 121 1765 147 τοῦ
1784 121 1867 156 φόϐου

233 165 354 193 dicentis
368 172 375 190 :
393 172 403 190 ι
420 163 532 198 Conlige
542 163 642 190 timore
653 166 707 190 tuo
724 170 824 191 carnes
839 169 917 191 meas
931 162 1028 201 (Paul.

232 218 328 243 cmu,
347 209 410 243 120)
426 219 435 235 ι
453 219 460 236 :
479 213 609 243 tauquam
623 208 674 235 hac
687 209 806 242 ratione,
821 209 947 244 improba
963 215 1023 235 om—

234 257 278 284 nis
299 260 328 284 et
352 255 489 289 ﬂagitiosa
522 253 595 281 actio
625 254 776 289 proiugiat,
797 255 844 282 uhi
870 254 953 282 timor
979 261 1023 282 se-

233 303 296 330 dem
322 301 379 328 lixit
394 308 401 326 :
417 300 520 334 quippe
539 307 603 326 cum
620 299 748 334 corporis
773 299 896 327 membra
913 306 972 326 eam
988 299 1024 327 ob

233 354 346 375 causam
363 345 396 373 ad
411 346 503 380 turpia
520 345 624 380 ﬂagitia
639 345 744 373 moveri
759 349 906 380 nequeant,
925 345 971 372 ubi
989 345 1025 372 ti-

234 401 309 420 more
320 400 371 420 ceu
383 392 470 420 clavis
485 392 593 419 conlixa
609 396 683 419 sunt.
698 390 935 424 Quemadmodum
948 391 1023 418 enim

233 438 281 473 qui
298 445 400 473 corpus
422 437 508 465 clavis
531 438 695 465 transﬁxum
720 436 814 468 habet,
833 436 862 464 in
887 436 1024 471 ejusmodi

233 485 360 512 cruciatu
380 487 522 516 versatur,
537 488 566 510 ut
584 483 655 509 nihil
679 482 768 521 valeat
789 489 873 517 agere
893 491 900 509 :
922 482 963 510 sic
978 482 1025 517 qui

235 530 335 557 timore
357 529 405 556 Dei
429 529 600 557 constrictus
616 531 741 561 tenetur,
765 535 820 555 non
844 527 927 554 oculo
943 527 977 554 ad
993 534 1025 554 ea

235 583 296 611 quae
317 575 429 602 minime
451 582 521 609 opus
544 579 597 606 est,
617 574 668 606 uti,
697 582 751 601 non
769 581 869 600 manus
885 573 920 600 ad
940 574 1026 600 inter-

235 622 324 650 dictas
344 622 467 649 actiones
489 628 617 653 movere;
635 619 704 647 nihil
727 619 878 654 quidquam
895 618 1027 653 denique,

235 668 280 695 vel
298 674 425 702 parvum,
439 667 482 694 vel
499 669 642 701 magnum,
661 670 845 701 praeterquam
869 665 1027 697 conveniat,

1075 171 1123 189 σου
1141 163 1191 195 τὰς
1213 163 1318 199 σάρκας
1336 173 1387 200 μου
1398 173 1405 179 ·
1427 174 1436 191 ι
1451 165 1489 197 ὡς
1502 165 1571 193 ὅπου
1594 166 1675 200 φόϐος
1689 166 1801 204 ἐνοικεῖ,
1816 165 1870 194 πάξ

1074 216 1126 244 σης
1149 210 1271 244 πονηρᾶς
1296 210 1344 237 καὶ
1366 210 1479 241 ἀνοσίας
1499 210 1627 246 πράξεως
1644 212 1868 248 ἀποφευγούσης,

1073 254 1128 281 τῶν
1155 255 1203 282 τοῦ
1225 255 1352 291 σώματος
1378 257 1468 292 μελῶν
1489 258 1633 293 κινηθῆναι
1658 260 1727 294 πρὸς
1751 260 1868 292 ἀτόπους

1074 300 1215 335 ἐνεργείας
1229 301 1276 328 διὰ
1288 301 1319 328 τδ
1334 302 1373 337 τῷ
1390 303 1467 338 φόϐῳ
1486 303 1674 339 manusuam,
1691 304 1728 340 μὴ
1749 305 1868 340 δυναμέ-

1075 354 1138 373 νων.
1163 347 1269 383 Ὦσπερ
1290 348 1346 384 γὰρ
1371 349 1385 376 ὁ
1409 349 1607 386 ἐμπεπηγότας
1631 350 1702 386 ἔχων
1725 352 1754 378 ὲν
1778 352 1869 387 ἐαυτῷ

1074 392 1138 424 τοὺς
1149 394 1324 428 σωματικοὺς
1337 395 1430 431 ἥλους,
1445 396 1628 432 ἀνενὲργητός
1644 398 1730 430 ἐστιν,
1747 397 1800 424 ὑπὸ
1814 398 1869 424 τῶν

1075 437 1178 465 ὀδυνῶν
1191 440 1385 476 κατεχόμενος,
1402 441 1490 474 οὕτως
1504 442 1518 468 ό
1531 442 1571 478 τῷ
1588 442 1665 478 φόϐῳ
1683 443 1752 469 Θεοῦ
1774 451 1869 470 κατει-

1076 483 1226 519 λημμένος,
1241 486 1292 513 οὐκ
1316 487 1451 524 ὀφθαλμῷ
1474 489 1629 524 χρήσασθαι
1650 489 1719 526 πρὶς
1733 490 1751 518 δι
1765 490 1802 526 μὴ
1818 491 1869 523 δεῖ,

1079 529 1110 556 οὐ
1124 530 1217 565 χεῖρας
1231 531 1343 566 κινῆσαι
1354 533 1423 568 πρὸς
1439 535 1670 570 ἀπηγορευμένας
1683 535 1808 572 πράξεις,
1821 537 1870 571 οὐχ

1079 573 1148 606 ὅλως
1167 576 1266 612 μικρὸν
1290 577 1307 612 ἢ
1325 578 1418 612 μεῖζον
1442 579 1589 616 ἐνεργῆσαι
1606 581 1683 616 παρὰ
1703 581 1734 608 τὸ
1749 581 1869 616 καθῆκον

1080 619 1207 648 δύναται”
1224 619 1280 649 οἷον
1303 623 1382 660 ὀδύνῃ
1399 625 1453 652 τινὶ
1469 627 1502 662 τῇ
1517 627 1668 663 προσδοκίᾳ
1686 627 1741 655 τῶν
1754 627 1870 663 ἁ-ιτειλη-
1888 624 1893 631 ”

1082 665 1182 693 θέντων
1198 670 1443 705 συμπεπαρμένος.

236 715 349 746 patrare
371 715 481 746 potest;
510 711 587 738 velut
619 717 717 745 nempe
738 708 939 745 suppliciorum
967 715 1029 744 qua:
1047 708 1121 739 Deus
1140 713 1326 742 comminatus
1341 717 1530 748 est,cruciatu
1565 718 1698 753 quodam,
1728 723 1871 754 exspecta-

237 758 313 786 tione
331 758 521 792 transligatur.

273 803 316 831 Ea:
328 803 432 832 Conon.
455 804 601 832 Constitut.
618 803 682 839 Reg.
701 804 754 838 fur.
771 803 826 831 Int.
837 803 865 830 2.
878 818 914 824 —
932 802 1029 831 Chari-
1044 805 1066 834 Β

236 853 280 878 tas
295 857 361 885 erga
378 848 465 877 Deum
481 849 644 884 exposcitur
657 856 672 876 a
690 849 772 877 nobis
794 853 932 883 tanquam.
950 847 1028 875 debi-

237 899 295 922 tum
310 895 517 927 necessarium;
532 894 605 930 quod
621 894 685 922 dum
699 895 809 922 animus
825 894 959 922 solvendo
971 901 1038 921 non-

237 945 291 973 est,
302 940 356 967 hoc
365 940 445 967 malis
456 940 589 968 omnibus
598 944 640 967 est
652 940 868 967 intolerabilius.
885 939 1028 975 Siquidem

239 985 359 1013 alienum
376 992 439 1013 esse
461 990 487 1012 et
505 993 634 1013 aversum
653 992 668 1012 a
684 985 749 1017 Deo,
769 985 837 1019 ipsis
860 992 972 1020 quoque
984 993 1030 1020 ge-

240 1031 336 1059 hennae
348 1031 449 1058 futuris
463 1030 648 1064 cruciatibus,
666 1030 795 1065 asperius
807 1034 861 1063 est,
875 1035 902 1057 et
918 1031 1030 1066 gravius

239 1076 281 1103 illi
295 1075 343 1111 qui
357 1075 488 1103 damnum
507 1075 559 1103 hoc
573 1074 692 1110 patitur;
719 1074 796 1101 velut
821 1075 903 1102 oculo
925 1075 1031 1103 lumine

239 1122 344 1155 orbari,
359 1122 423 1149 licet
435 1121 530 1149 nullus
543 1120 647 1155 alioqui
660 1119 739 1148 dolor
750 1121 874 1148 accedal.

275 1167 370 1194 Timor
390 1167 500 1194 Domini
518 1166 676 1194 omnimodo
693 1170 768 1194 recte
781 1166 854 1194 facta
878 1166 962 1194 animi
980 1174 1029 1195 su-

240 1218 329 1250 perat.

275 1259 404 1288 Charitas
425 1267 490 1294 erga
514 1259 598 1286 Deum
622 1259 650 1286 in
674 1259 727 1287 hoc
742 1261 794 1288 sita
809 1263 861 1293 est,
875 1263 905 1286 ut
919 1259 1030 1286 animus

241 1306 367 1342 quotidie
387 1313 417 1333 se
430 1313 514 1340 supra
526 1305 600 1332 vires
615 1306 757 1333 extendat.

277 1352 339 1387 Reg.
361 1350 431 1379 brev.
448 1357 543 1387 φησει.
556 1351 620 1383 212.
635 1351 919 1384 —-Quemadmodum
935 1350 986 1378 bos
1003 1354 1031 1378 et

239 1399 337 1427 asinus
354 1406 388 1426 ex
407 1397 541 1426 beneﬁcio
553 1399 625 1433 quod
646 1398 682 1425 ab
696 1399 789 1425 alente
806 1397 974 1432 suscipiunt,
997 1397 1031 1424 ti-

241 1452 344 1472 morem
370 1450 436 1478 erga
461 1443 546 1470 Deum
578 1447 677 1478 sponte
700 1443 893 1477 concipimus;
924 1443 946 1470 si
974 1449 1029 1469 non

240 1491 353 1526 stupido
379 1490 544 1524 ingratoque
567 1489 661 1516 animo
678 1488 813 1517 beneﬁcia
830 1488 1027 1524 suscipiamus.

240 1537 295 1571 Qui
313 1537 372 1564 ﬁeri
392 1535 491 1571 possit,
509 1538 539 1562 ut
558 1538 599 1562 tot
619 1539 817 1570 tantorumque
829 1534 1028 1562 beneﬁciorum

241 1588 381 1611 auctorem
405 1582 490 1610 Deum
519 1589 573 1609 non
596 1582 791 1616 redamcmus;
818 1581 932 1617 quando
953 1580 1030 1614 ejus-

242 1629 315 1659 modi
338 1628 454 1656 al'fectus
481 1627 614 1661 naturali,
643 1631 673 1654 ut
696 1628 734 1654 ita
757 1627 857 1656 dicam.
881 1626 1028 1658 instinctu,

241 1675 319 1702 nullo
337 1675 464 1706 docente,
481 1673 583 1700 animis
596 1673 702 1700 nostris
720 1672 826 1700 inditus
843 1672 905 1699 fuit.

279 1719 351 1746 Naz.
378 1722 448 1746 orat.
476 1718 505 1745 2.
521 1717 679 1745 ——lnilium
710 1717 853 1752 sapientiae
879 1721 921 1744 est
948 1718 1031 1746 timor

243 1765 362 1798 Domini,
381 1764 469 1791 veluti
491 1764 587 1799 prima).
611 1762 736 1798 quaedam
759 1762 852 1790 fasciae
874 1762 959 1791 illius.
981 1763 1030 1791 Sa-

243 1811 348 1846 picntia
381 1814 474 1837 autem
509 1809 636 1836 timorem
670 1812 829 1843 exsuperat,
858 1815 965 1843 nosque
997 1809 1032 1837 ad

244 1864 369 1884 amorem
392 1856 560 1891 provehens,
581 1854 630 1882 Dei
653 1854 758 1882 amicos
773 1858 799 1882 el
815 1854 888 1882 tilios
908 1862 957 1890 pro
971 1862 1032 1883 ser-

243 1903 287 1930 vis
304 1903 379 1929 facit.

280 1947 419 1982 Ejusdem,
444 1951 513 1974 orat.
543 1960 612 1973 ι.-
633 1945 737 1973 Bonum
765 1950 809 1974 est
833 1946 1034 1983 aliquantisper

242 1995 324 2021 etiam
356 1993 496 2025 secedere,
519 1992 753 2027 quemadmodum
782 1993 849 2021 olim
871 1993 989 2029 Moyses,
1005 1998 1034 2022 et

245 2039 418 2075 postmodum
442 2038 590 2071 Jeremias,
612 2046 646 2066 ac
667 2044 795 2074 prompte
811 2043 896 2074 atque
919 2039 1034 2075 impigre

244 2085 277 2113 ad
293 2091 436 2113 vocantem
450 2092 610 2117 accurrere,
626 2089 657 2112 ut
671 2084 706 2112 de
721 2085 831 2113 Aarone
844 2089 872 2113 ct
882 2084 954 2113 Isaia
965 2092 1034 2120 pro-

243 2132 330 2159 ditum
346 2136 388 2159 est
408 2139 414 2157 :
430 2130 581 2157 dummodo
595 2136 745 2166 utrumque
764 2131 808 2165 pie
828 2131 875 2158 ﬁat
891 2138 898 2157 :
914 2132 1031 2160 alterum
1048 2142 1071 2170 ι)

244 2178 279 2204 ob
300 2177 440 2212 propriam
466 2175 668 2209 inﬁrmitatem,
696 2176 813 2204 alterum
837 2176 874 2204 ob
904 2177 1030 2206 vocantis

246 2223 410 2258 potentiam.

281 2269 376 2304 Chrys.
397 2273 467 2295 orat.
481 2267 515 2295 15
530 2267 568 2294 De
586 2272 651 2296 stat.
663 2283 698 2288 —
714 2268 773 2296 Non
793 2273 900 2296 tantum
921 2270 1033 2299 virtutis

246 2315 330 2342 habet
347 2314 447 2348 oratio,
460 2318 592 2348 quantum
607 2313 690 2341 cilicii.
706 2314 798 2342 timor.
825 2314 897 2348 Quid
909 2316 1034 2345 atrocius

246 2360 390 2396 gehenna?
404 2352 507 2387 atnihil
520 2361 581 2395 ejus
597 2361 696 2388 timore
707 2361 815 2388 utilius.
831 2360 919 2388 Metus
933 2361 1032 2397 quippe

246 2407 377 2442 gehennae
390 2406 471 2433 nobis
485 2406 561 2440 regni
572 2405 693 2433 caelestis
703 2408 835 2432 coronam
849 2405 929 2434 aﬂ'ert
942 2415 949 2433 :
962 2406 1034 2434 haud

247 2460 328 2481 secus
347 2459 380 2480 ac
391 2452 419 2479 in
437 2451 535 2478 militis
553 2458 664 2485 semper
675 2451 774 2478 armati
792 2451 887 2484 domo,
903 2459 958 2479 non
969 2459 1037 2487 pra:-

246 2499 292 2531 do,
314 2506 370 2526 non
393 2497 510 2526 eil‘ossor
524 2504 680 2531 murorum,
693 2504 748 2524 non
765 2497 903 2532 quispiam
919 2498 989 2525 alius
1002 2505 1035 2525 ex

246 2545 290 2572 his
307 2544 355 2580 qui
376 2543 513 2579 ejusmodi
538 2543 663 2570 facinora
687 2543 894 2578 aggrediuntur,
915 2543 1031 2578 propius

246 2591 348 2618 audeat
360 2598 494 2626 apparere
506 2599 512 2617 :
526 2590 624 2618 timore
633 2590 674 2617 sic
682 2590 790 2617 animos
803 2589 955 2621 obtinente.
968 2590 1036 2618 nihil

247 2635 424 2663 illiberalium
436 2635 516 2670 307
529 2635 708 2663 all'ectionum
722 2635 805 2662 facile
820 2635 899 2663 nobis
915 2635 1033 2669 accedit,

247 2682 296 2709 sed
316 2689 412 2709 omnes
437 2690 498 2710 sese
518 2681 686 2717 proripiunt.
711 2685 738 2709 et
760 2680 850 2716 fugam
872 2685 1034 2715 capessunt,

251 2727 358 2754 timoris
378 2727 404 2754 vi
427 2731 455 2755 et
469 2728 591 2762 potentia
612 2727 734 2762 undique
751 2726 818 2754 lusa:
832 2730 858 2754 ct
874 2726 1034 2762 proﬂigatae.

249 2771 305 2801 Nec
318 2781 383 2801 vcro
399 2775 451 2801 hoc
471 2773 560 2801 solum
577 2773 646 2801 lucri
663 2780 694 2800 ex
711 2773 811 2801 timore
828 2774 973 2809 capimus;
986 2773 1035 2802 sed

1123 804 1285 839 Ἀναγκαῖον
1311 807 1422 843 ὄφλημα
1437 808 1488 845 τὴν
1507 809 1548 842 εἰς
1572 809 1639 836 Θεὸν
1655 810 1767 846 ἀγάπην
1790 812 1871 840 ἀπαι-

1079 849 1209 885 τούμεθα,
1227 851 1241 878 δ
1255 853 1288 887 τῇ
1303 852 1450 890 ὲλλιπούσῃ
1471 854 1542 890 ψυχῇ
1561 855 1670 882 πάντων
1689 856 1782 884 κακῶν
1798 859 1871 885 ἐστιν

1079 896 1291 932 ἀφορητότατον.
1306 898 1374 926 Θεοῦ
1387 899 1442 935 γὰρ
1458 900 1634 936 ἀλλοτρίωσις
1643 903 1690 929 καὶ
1699 903 1870 940 ἀποστροφὴ,

1081 941 1129 967 καὶ
1155 942 1210 968 τῶν
1237 943 1266 969 ἐν
1293 945 1326 979 τῇ
1347 943 1443 980 γεέννῃ
1468 945 1704 982 προσδοκωμένων
1731 948 1870 976 κολάσεων

1080 986 1281 1024 ἀφορητότερόν
1298 989 1355 1016 ὲστι
1380 990 1427 1017 καὶ
1445 990 1597 1027 βαρύτερον
1617 992 1656 1028 τῷ
1681 993 1805 1027 παθόντι,
1833 995 1871 1027 ὡς

1080 1032 1215 1070 ὀφθαλμῷ
1225 1035 1315 1069 φωτὸς
1331 1035 1468 1072 στέρησις,
1484 1037 1535 1064 κᾶν
1551 1037 1589 1072 μὴ
1604 1037 1684 1074 ὀδύνη
1698 1040 1798 1075 προσῇ.

1116 1163 1200 1196 Φόϐος
1214 1164 1318 1200 Κυρίου
1335 1166 1469 1193 παντοίων
1485 1167 1706 1204 κατορθωμάτων
1721 1167 1772 1203 τῆς
1783 1168 1872 1205 ψυχῆς

1082 1218 1134 1245 περ
1139 1219 1164 1244 ιγ
1169 1211 1263 1239 [va-rat.

1123 1256 1155 1283 Ἡ
1172 1257 1211 1289 είς
1226 1258 1294 1285 Θεὸν
1308 1258 1404 1294 ἀγάπη
1429 1259 1500 1295 αὕτη
1523 1260 1609 1294 ἐστὶν,
1626 1261 1657 1288 τὸ
1674 1261 1743 1298 ὑπὲρ
1757 1261 1871 1297 δύναμιν

1081 1302 1125 1329 ἀεὶ
1138 1303 1187 1338 τὴν
1199 1303 1288 1339 ψυχὴν
1301 1304 1469 1332 ἐπεκτεῖναι.

1115 1348 1223 1384 ’Ὠσπερ
1233 1349 1272 1384 τῷ
1283 1349 1325 1385 βοῒ
1341 1351 1387 1377 καὶ
1402 1350 1441 1386 τῷ
1457 1351 1511 1387 ὂνῳ
1534 1352 1567 1379 ἐκ
1581 1353 1630 1387 τῆς
1653 1353 1729 1389 παρὰ
1746 1353 1794 1381 τοῦ
1815 1354 1873 1391 τρέ-

1082 1402 1179 1428 φοντος
1197 1394 1369 1430 εὐεργεσίας,
1385 1397 1402 1431 ἡ
1419 1396 1488 1432 πρὸς
1505 1397 1586 1424 αὑτὸν
1599 1398 1694 1434 ἀγάπη
1707 1398 1873 1434 αὐτομάτως
1909 1427 1920 1431 ν

1083 1439 1230 1473 ἐγγίνεται,
1250 1439 1322 1467 οὕτω
1344 1442 1391 1468 καὶ
1407 1443 1501 1478 ἡμεῖς,
1514 1443 1562 1471 ἐὰν
1573 1444 1742 1480 εὐαισθήτως
1764 1445 1810 1472 καὶ
1826 1446 1873 1472 εὑ-

1083 1486 1233 1520 γνωμόνως
1250 1486 1298 1518 τὰς
1318 1487 1478 1522 εὐεργεσίας
1494 1488 1645 1525 δεξώμεθα.
1673 1490 1725 1517 Τὸν
1738 1491 1873 1518 τοσούτων

1079 1532 1127 1558 καὶ
1138 1532 1305 1567 τηλικούτων
1317 1533 1466 1570 εὐεργέτην
1477 1534 1544 1562 Θεὸν
1561 1535 1620 1568 πῶς
1629 1536 1679 1563 οὐκ
1693 1536 1873 1573 ἀγαπήσομεν

1081 1578 1151 1605 κατὰ
1173 1578 1263 1613 φύσιν,
1282 1579 1316 1606 ἵν’
1329 1579 1415 1613 οὕτως
1426 1579 1506 1614 εἴπω,
1518 1582 1668 1615 ἀδιδάκτως
1678 1583 1729 1618 τῆς
1745 1584 1872 1621 τοιαύτης

1081 1624 1228 1657 διαθέσεως
1246 1626 1279 1662 τῇ
1296 1626 1447 1664 ὑγιανούσῃ
1457 1628 1530 1664 ψυχῇ
1546 1629 1743 1666 ὲγγινομένηςς

1124 1715 1208 1751 Ἀρχὴ
1224 1715 1321 1750 σοφίας
1336 1716 1418 1750 φόϐος
1431 1717 1544 1752 Κυρίου,
1562 1716 1618 1746 οἶόν
1628 1728 1655 1746 τι
1672 1720 1780 1755 πρῶτον
1790 1721 1872 1757 σπάρ-

1083 1769 1165 1795 γανον
1175 1768 1183 1775 ·
1199 1762 1244 1788 καὶ
1259 1761 1340 1797 σοφία
1354 1762 1401 1789 τὸν
1425 1763 1509 1796 φόϐον
1531 1764 1686 1800 ὑπερϐᾶσα,
1703 1766 1748 1793 καὶ
1764 1767 1804 1799 εἰς
1823 1767 1872 1803 τὴν

1083 1807 1194 1842 ἀγάπην
1215 1807 1416 1842 ἁναϐιϐάσασα,
1438 1809 1506 1836 Θεοῦ
1525 1810 1619 1845 φίλους
1636 1812 1709 1847 ἡμᾶς
1733 1813 1782 1840 καὶ
1797 1814 1872 1846 υἱοὺς

1083 1852 1144 1879 ἀντὶ
1156 1852 1258 1878 δούλων
1273 1852 1432 1888 ἐργάζεται.

1127 1944 1242 1978 Ἀγαθὸν
1264 1945 1311 1972 καὶ
1328 1945 1507 1982 ὑποχωρῆσαί
1522 1946 1554 1974 τι
1567 1948 1677 1984 μικρὸν,
1698 1949 1736 1982 ὡς
1752 1950 1872 1987 Μωῡσῆς

1085 1990 1190 2021 ἐκεῖνος
1214 1990 1245 2017 τὸ
1266 1990 1399 2024 παλαιὸν,
1429 1993 1476 2019 καὶ
1510 1992 1645 2029 Ἱερεμίας
1669 1994 1799 2031 ὕστερον,
1825 1998 1873 2024 καὶ

1086 2035 1272 2072 προσδραμεῖν
1301 2037 1419 2073 ἑτοίμως
1433 2037 1472 2074 τῷ
1489 2039 1628 2074 καλοῦντι,
1651 2041 1690 2074 ὡς
1717 2042 1823 2078 ’Λαρὼν
1842 2051 1872 2070 τε

1085 2083 1133 2109 καὶ
1156 2083 1281 2116 Ἡσαΐας,
1299 2085 1380 2119 μόνον
1394 2085 1516 2119 εὐσεϐῶς
1534 2087 1695 2124 ἀμφότερα·
1711 2088 1741 2116 τδ
1764 2090 1815 2125 μὲν
1828 2090 1872 2117 διὰ

1083 2128 1135 2201 ἔην
1152 2129 1255 2157 οἰκείαν
1270 2129 1424 2165 ἀσθένειαν,
1437 2131 1467 2158 τὸ
1482 2131 1511 2159 δὲ
1525 2132 1570 2160 διὰ
1591 2133 1641 2168 τὴν
1665 2133 1712 2161 τοῦ
1727 2134 1873 2166 καλοῦντος

1100 2183 1207 2201 υναμιν.

1100 2183 1207 2210 υναμιν.

1120 2266 1158 2292 Οὐ
1168 2264 1295 2292 τοσοῦτον
1309 2265 1475 2301 ἐργάζεσθαι
1490 2266 1636 2302 δυνήσεται
1650 2267 1741 2303 λόγος,
1751 2267 1814 2295 ὅσον
1830 2269 1874 2304 ἑρ-

1085 2311 1200 2346 γάςεται
1219 2311 1311 2346 φόϐος.
1326 2311 1358 2338 Τί
1370 2312 1482 2347 γεέννης
1498 2312 1709 2349 χαλεπώτερον;
1726 2314 1784 2342 ἀλλ’
1798 2314 1874 2342 οὐδὲν

1084 2357 1132 2384 τοῦ
1147 2357 1250 2392 ταύτης
1263 2357 1470 2394 χρησιμώτερον
1487 2359 1582 2393 φόϐου.
1607 2359 1637 2386 '0
1656 2360 1711 2395 γὰρ
1732 2361 1783 2396 τῆς
1797 2361 1874 2395 γεέν-

1085 2412 1134 2438 νης
1150 2403 1234 2438 φόϐος
1249 2403 1295 2429 τὸν
1309 2403 1358 2438 τῆς
1373 2403 1512 2438 βασιλείας
1527 2405 1593 2440 ἡμῖν
1601 2405 1709 2441 κομίζει
1731 2406 1872 2441 στέφανον.

1085 2449 1221 2484 Καθάπερ
1235 2449 1264 2476 ὲν
1272 2448 1346 2484 οἰκίᾳ
1359 2449 1527 2484 στρατιώτου
1542 2450 1675 2485 διηνεκῶς
1688 2451 1873 2487 ὡπλισμένου,

1085 2497 1117 2523 οὐ
1141 2496 1255 2532 λῃστὴς,
1277 2495 1308 2522 οὺ
1338 2496 1513 2532 τοιχωρύχος,
1540 2497 1590 2524 οὒκ
1607 2497 1688 2529 ἄλλος
1704 2506 1747 2530 τις
1767 2498 1823 2525 τῶν
1842 2498 1877 2526 τὰ

1086 2543 1200 2570 τοιαῦτα
1215 2543 1454 2578 κακουργούντων,
1464 2543 1596 2579 τολμήσει
1608 2544 1729 2580 φανῆναι
1741 2544 1856 2580 πλησίον
1866 2553 1873 2560 “

1087 2588 1159 2615 οὓτω
1180 2588 1263 2622 φόϐου
1288 2589 1449 2623 κατέχοντος
1471 2588 1521 2621 τὰς
1542 2589 1643 2625 ψυχὰς,
1668 2590 1744 2616 οὐδὲν
1760 2590 1815 2617 τῶν
1833 2591 1877 2617 ἀν-

1089 2635 1241 2670 ελευθέρων
1258 2634 1353 2662 παοῶν
1371 2634 1562 2671 ἐπεισέρχεται
1578 2636 1679 2671 ῥᾳδίως
1703 2637 1782 2672 ἡμῖν,
1809 2637 1878 2663 ἀλλὰ

1089 2680 1250 2717 δραπετεύει
1262 2682 1308 2708 καὶ
1324 2681 1515 2716 φυγαδεύεται,
1531 2683 1565 2718 τῇ
1580 2683 1719 2718 τυραννίδι
1729 2682 1776 2710 τοῦ
1794 2683 1878 2718 φόϐου

1090 2727 1224 2755 πάντοθεν
1243 2727 1450 2762 ἐξελαυνόμενα.
1468 2727 1522 2754 Καὶ
1539 2729 1568 2755 οὺ
1582 2728 1661 2755 τοῦτό
1677 2729 1753 2755 ἐστιν
1776 2729 1791 2755 δ
1809 2737 1879 2765 καρ-

1091 2772 1216 2808 πούμεθα
1244 2773 1297 2799 ἀπὺ
1325 2772 1372 2800 τοῦ
1398 2773 1481 2808 φόϐου
1501 2774 1591 2810 μόνον,
1623 2774 1691 2802 ἀλλὰ
1714 2774 1762 2803 καὶ
1785 2775 1879 2810 ἕτερον
