2080 3111
232 82 301 118 1093

867 80 985 110 SACRA
1003 81 1224 111 PARAI.LELA

1789 82 1856 114 1094

231 138 322 174 πολλῷ
349 138 451 174 μεῖζον.
475 137 513 166 οὐ
535 137 589 172 γὰρ
609 135 641 172 δὴ
665 135 746 170 μόνον
762 135 795 162 τὰ
816 136 924 170 πονηρὰ
941 135 1019 170 ἡμῶν

1071 135 1146 162 aliud
1168 142 1279 170 quoque
1307 134 1394 162 multo
1418 135 1604 168 praestantius.
1624 134 1684 163 Non
1703 137 1776 164 enim
1793 143 1855 166 tan-

231 184 378 211 ἀπελαύνει
396 184 478 219 πάθη,
495 183 563 210 ἀλλὰ
578 182 625 210 καὶ
638 182 729 208 πᾶσαν
744 181 850 215 εἰσάγει
866 181 935 215 μετὰ
954 181 1018 207 πολ-

231 230 281 266 λῆς
307 230 433 260 εὐκολίας
457 229 507 265 τὴν
535 228 648 264 ἀρετήν.
675 227 757 253 οὐδὲν
782 227 837 261 γὰρ
864 225 935 253 οὕτω
953 234 1018 253 κατ-

234 275 319 303 εσθίει
342 275 391 310 μὲν
414 275 611 310 ἁμαρτήματα,
632 272 738 308 ἀρετὴν,
751 272 780 299 δὲ
798 272 929 306 αὔξεσθαι
948 272 1020 298 ποιεῖ

233 322 280 349 καὶ
302 321 421 353 θάλλειν,
434 321 472 352 ὡς
490 319 630 355 διηνεκοῦς
650 318 733 353 φόϐου
755 318 846 352 φύσις.
867 318 917 344 Διὰ
940 317 1019 344 τοῦτο

232 367 277 394 τὸν
294 367 331 402 μὴ
344 365 466 398 συζῶντα
474 365 548 400 φόϐῳ
556 365 698 400 ἀμήχανον
717 364 901 398 κατορθῶσαι,
915 363 1019 399 ὡσπερο

233 414 280 441 οὖν
294 413 340 440 τὸν
351 414 381 440 ὲν
393 411 469 447 φόϐῳ
483 411 572 444 ζῶντα
586 411 728 446 ἀμήχανον
745 409 915 445 διαμαρτεῖν.

268 502 353 535 Φόϐος
362 501 438 529 οὐδὲν
451 501 545 536 ἕτερόν
555 501 641 533 ἐστιν,
657 501 674 536 ἢ
693 501 794 537 τεῖχος,
810 500 858 527 καὶ
871 500 1017 535 ἀσφάλεια,

233 550 282 578 καὶ
297 549 402 584 πύργος
416 546 650 582 ἀκαταγὼνιστος.

273 637 304 663 '0
318 636 365 663 τοῦ
378 635 502 668 ἀπαθοῦς
514 635 582 662 Θεοῦ
593 635 674 670 φόϐος
688 635 796 670 ἀπαθής
808 643 814 650 ·
829 635 952 670 φοϐεῖται
964 635 1019 671 γάρ

232 691 284 715 ¹τις,
299 682 330 709 οὺ
346 682 392 709 τδν
404 681 481 715 Θεὸν,
493 680 562 708 ἀλλὰ
576 680 606 707 τὸ
620 681 769 708 ἀποπεσεῖν
785 679 832 707 τοῦ
844 680 923 707 Θεοῦ.
947 680 977 707 Ὁ
991 680 1019 707 δὲ

226 727 312 754 »τοῦτο
337 726 440 760 δεδιὼς,
465 726 497 753 τὸ
521 727 578 761 τοῖς
596 726 690 757 κακοῖς
718 725 878 760 συμπεσεῖν,
897 724 1019 758 φοϐεῖται

233 773 280 800 καὶ
297 773 382 800 δέδιεν
395 772 430 800 τὰ
442 773 518 800 κακά
529 781 536 788 ·
551 773 565 799 ὁ
581 771 676 803 δεδιὼς
689 771 718 798 δὲ
731 770 763 797 τὸ
780 770 892 806 πτῶμα,
912 769 1018 805 ἄφθαρ-⁴

232 827 278 846 τον
298 819 394 846 ἑαυτὸν
411 818 459 845 καὶ
473 818 567 854 ἀπαθῆ
582 815 651 845 εἶναι
669 816 805 853 βούλεται.

271 960 280 977 ι
291 951 328 977 Οὐ
347 950 460 977 δυνατὸν
474 950 520 976 τὸν
535 948 644 984 ἀληθῶς
658 948 826 983 φοϐούμενον
836 947 880 974 τὸν
889 946 955 973 Θεὸν
966 945 1020 972 δει-

232 997 292 1024 λίαν
310 995 392 1032 ἐχειν,
412 996 559 1032 εἰρημένου
579 994 645 1022 τοῦ-
665 1003 674 1020 ‹
694 994 768 1030 Πλὴν
783 993 864 1020 αὐτὸν
885 992 922 1028 μὴ
936 990 1018 1027 φοϐοῦ

233 1042 322 1069 ἄλλον.
346 1050 355 1067 ι

271 1130 304 1191 'dO
335 1128 501 1164 φοϐούμενος
532 1127 578 1154 τὸν
610 1127 695 1161 Θεὸν,
728 1126 800 1155 κατὰ
834 1126 900 1153 Θεὸν
931 1125 1018 1153 πάντα

292 1173 360 1191 ττει.

235 1173 360 1200 πραττει.

269 1208 385 1242 Λέγεται
399 1208 413 1234 ὁ
426 1207 492 1239 Θεὸς
508 1206 622 1242 φοϐερὸς
637 1203 723 1233 εἶναι·
739 1205 798 1233 ἀλλ’
817 1205 866 1240 οὺχ
880 1205 918 1237 ὡς
938 1204 1020 1232 θανα-

235 1254 315 1290 σίμου
330 1254 423 1290 θηρίου
441 1254 457 1289 ἢ
473 1253 618 1289 ἀνθρώπου
631 1252 706 1287 ὠμοῦ
718 1251 800 1286 φόϐον
818 1251 899 1287 ἔχειν.
922 1251 951 1278 ’0
965 1252 1019 1286 γὰρ

234 1300 300 1332 Θεὸς
316 1300 373 1334 φῶς
387 1301 471 1332 ἐστιν,
494 1300 541 1326 καὶ
561 1295 596 1326 τὰ
611 1299 685 1333 ἑξῆς.
704 1297 764 1329 Πῶς
786 1295 833 1324 οὖν
855 1297 1020 1333 φοϐηθῶμεν

234 1347 302 1381 φῶς,
318 1346 333 1382 ἢ
351 1346 435 1382 ζωὴν,
450 1345 467 1381 ἢ
487 1345 628 1381 ἀλήθειαν,
647 1345 664 1380 ἢ
681 1345 847 1377 ἀνάστασιν;
866 1343 904 1375 ὡς
918 1343 965 1370 ἐάν
978 1351 1020 1374 τις

233 1391 250 1430 ᾖ
272 1393 318 1419 ἐπὶ
340 1391 441 1428 ὑψηλὸν
467 1391 529 1427 ὅρος
553 1391 648 1423 οἰκῶν,
675 1391 722 1417 καὶ
744 1391 853 1425 λέγεται
880 1389 1019 1424 φοϐεῖσθαι

234 1440 317 1466 αὐτό·
333 1439 363 1465 οὺ
387 1439 418 1465 τὸ
431 1438 492 1473 όρος
513 1438 647 1472 φοϐεῖται,
672 1436 741 1464 ἀλλὰ
764 1436 812 1463 τοῦ
839 1436 876 1471 μὴ
892 1436 1020 1462 ἐκπεσεῖν

234 1485 327 1512 αὐτοῦ.
340 1485 437 1511 Τοίνυν
453 1484 500 1511 καὶ
512 1484 593 1520 ἡμεῖς
605 1482 760 1518 φοϐούμεθα
769 1482 814 1510 τὸν
830 1482 907 1515 Θεὸν,
923 1481 1019 1516 φοϐού-

236 1539 311 1566 μενοι
327 1531 454 1557 ἐκπεσεῖν
467 1529 514 1556 τοῦ
533 1529 632 1564 φωτὸς,
658 1529 705 1556 καὶ
726 1529 777 1564 τῆς
801 1528 886 1564 ζωῆς,
903 1529 950 1555 καὶ
970 1528 1020 1563 τῆς

234 1576 374 1612 ἀληθείας,
392 1576 439 1603 καὶ
453 1575 503 1611 τῆς
514 1575 651 1610 γνώσεως.

237 1744 299 1771 Τίτλ
315 1764 322 1771 .
342 1745 379 1771 E'.
399 1757 435 1763 ——
454 1742 525 1777 Περὶ
549 1742 720 1777 ἀντιλογίας
750 1741 825 1776 πρὸς
850 1742 945 1777 ready”
969 1740 1020 1777 καὶ

271 1779 323 1840 ξ)τὲ
331 1780 367 1806 οὐ
385 1778 433 1805 δεῖ
445 1775 622 1813 ἀντιλέγειν,
637 1775 662 1811 ἦ
678 1776 929 1812 δικαιολογεῖσθαι
945 1775 1020 1810 πρὸς

296 1823 307 1839 Ε
328 1823 356 1840 ν.

296 1823 356 1841 εον.

272 1877 282 1895 t
309 1869 420 1903 ’Δνομία
444 1868 512 1903 ἡμῖν
535 1868 736 1904 λογισθήσεται,
757 1867 842 1894 πολλὰ
867 1867 1020 1895 λαλούντων

237 1914 347 1949 ῥήματα
364 1913 479 1940 ἐνώπιον
491 1913 604 1949 Κυρίου.
628 1923 637 1939 ι

273 1969 282 1985 ι
307 1959 364 1985 Οὐκ
391 1956 417 1985 εῖ
430 1958 574 1994 ἄνθρωπος
585 1959 644 1986 κατ’
667 1959 728 1993 ἐμὲ,
751 1955 773 1993 ᾧ
798 1958 1018 1994 ἀντικρινοῦμαι,

237 2005 279 2031 ἵνα
293 2004 414 2040 ἔλθωμεν
431 2004 602 2040 ὁμοθυμαδὸν
615 2004 653 2036 είς
670 2004 771 2039 κρίσιν.
794 2013 802 2029 ι
1010 1998 1012 2000 ’

275 2116 285 2132 r
307 2107 339 2133 Τί
354 2105 393 2133 ἔτι
409 2105 464 2140 ἐγὼ
481 2106 609 2141 κρίνομαι
623 2105 834 2140 νουθετούμενος
847 2105 894 2132 καὶ
911 2105 1020 2139 ἐλεγχό-

1069 181 1212 208 tummodo
1233 181 1351 208 vitiosos
1371 180 1487 208 affectus
1507 185 1619 209 nostros
1639 183 1794 216 propulsat,
1810 192 1856 212 ve-

1069 234 1130 254 rum
1145 230 1173 254 et
1186 226 1314 254 omnibus
1333 226 1487 254 virtutibus
1503 226 1612 254 facilem
1631 227 1664 254 ad
1685 235 1736 256 nos
1751 228 1856 256 aditum

1068 272 1168 307 aperit.
1183 270 1240 299 Nec
1254 271 1327 298 enim
1344 271 1494 306 quidquam
1514 272 1639 307 perinde,
1658 276 1716 300 tum
1742 279 1855 309 peccata

1069 318 1151 350 delet,
1181 321 1240 344 tum
1267 320 1351 352 auget
1375 317 1506 345 virtutem
1535 322 1563 345 et
1587 317 1733 346 ﬂorentem
1755 320 1855 354 reddit,

1069 368 1152 399 atque
1163 363 1289 399 perpetui
1314 363 1424 390 timoris
1446 368 1555 390 natura.
1575 364 1712 397 Quocirca
1727 365 1784 393 ﬂeri
1801 374 1855 394 non

1068 413 1170 444 potest,
1187 412 1218 435 ut
1235 407 1283 443 qui
1300 407 1329 435 in
1349 408 1451 435 timore
1467 408 1545 440 vivit,
1564 413 1638 436 recte
1657 409 1761 444 aliquid
1782 416 1854 447 agat,

1067 458 1096 482 et
1106 454 1228 482 vicissim
1244 455 1292 489 qui
1308 454 1336 481 in
1349 453 1449 480 timore
1460 454 1539 487 vivit,
1556 462 1571 481 ιι
1591 459 1667 482 recto
1681 456 1800 483 aberret.

1103 499 1240 536 Clirysost.
1259 504 1329 527 orat.
1348 501 1382 528 l5
1395 500 1435 527 De
1452 505 1517 528 stat.
1538 516 1572 522 -—-
1594 500 1686 529 Timor
1698 502 1765 530 nihil
1779 503 1854 538 aliud

1068 549 1123 579 est,
1146 546 1199 574 nisi
1217 553 1314 573 murus
1334 549 1360 573 et
1383 546 1554 581 praesidium,
1581 553 1612 573 ac
1631 547 1716 575 turris
1740 548 1856 584 inexpu-

1068 591 1198 627 gitabilis.

1103 636 1187 665 Clem.
1207 637 1284 664 Alex.
1311 636 1440 664 Stromat.
1455 637 1598 665 ——Timor
1619 638 1665 666 Dei
1683 639 1731 674 qui
1751 643 1857 674 pertur-

1068 682 1228 710 bationibus
1249 686 1345 714 vacat,
1357 682 1558 717 perturbationi
1580 691 1635 711 non
1648 689 1689 712 est
1706 685 1854 712 obnoxius.

1067 727 1163 762 Neque
1175 727 1248 755 enim
1269 727 1355 755 Deum
1375 727 1524 762 quisquam
1544 728 1634 762 timet,
1655 729 1703 757 sed
1721 737 1753 756 ne
1771 737 1786 756 a
1802 729 1855 757 Deo

1069 772 1188 800 excidat.
1222 772 1274 804 Qui
1303 776 1396 800 autem
1430 773 1483 800 lioc
1517 773 1605 805 timet,
1636 781 1671 801 ne
1704 773 1805 801 incidat
1827 774 1854 801 in

1070 818 1152 850 mala,
1172 818 1196 846 is
1218 818 1332 853 proinde
1357 818 1429 845 mala
1454 819 1565 846 metuit.
1589 819 1676 847 Pot-ro
1695 819 1742 853 qui
1759 826 1854 846 casum

1071 864 1158 895 timet,
1174 863 1198 891 is
1215 863 1250 891 ab
1265 863 1379 890 interitu
1392 866 1419 891 et
1433 863 1658 898 perpessiouibus
1674 863 1781 891 alienus
1796 863 1854 890 ﬁeri

1070 909 1156 943 cupit.

1107 954 1213 990 Didym.
1231 954 1256 981 in
1266 953 1324 983 Isa.
1339 968 1374 974 ——
1386 954 1458 982 Fieri
1483 961 1536 981 non
1554 957 1694 989 potest,ut
1707 953 1754 989 qui
1772 953 1855 980 timo-

1070 1008 1100 1034 re
1127 1000 1174 1028 Dei
1203 1000 1334 1036 pmditus
1361 1004 1413 1032 est,
1446 1001 1627 1028 meticulosus
1654 1001 1718 1028 sit:
1745 1000 1855 1035 quando

1070 1047 1175 1074 dictant
1197 1051 1261 1074 cst:
1283 1056 1292 1072 ι
1311 1045 1414 1074 Praeter
1434 1046 1512 1073 illaut
1535 1054 1569 1074 tte
1588 1053 1753 1082 quemquam
1771 1045 1854 1072 alium

1071 1098 1186 1120 metuas.
1209 1102 1218 1118 ι

1106 1139 1222 1174 Evagrii.
1238 1153 1273 1158 —
1288 1137 1342 1172 Qui
1368 1138 1446 1166 timet
1468 1138 1566 1172 Deum,
1590 1139 1681 1166 omnia
1702 1140 1855 1168 secundum

1070 1185 1153 1212 Deum
1167 1185 1246 1220 gerit.

1105 1230 1243 1266 Ejusdem.
1267 1245 1302 1251 -—
1323 1231 1396 1259 Deus
1417 1231 1552 1259 terribilis
1571 1238 1634 1259 esse
1657 1231 1761 1260 dicitur
1776 1242 1783 1261 :
1800 1240 1855 1261 non

1069 1276 1142 1312 quod
1158 1277 1185 1304 in
1200 1276 1340 1312 pestifera:
1356 1277 1454 1305 bellum
1473 1281 1520 1304 aut
1534 1277 1600 1305 saevi
1618 1278 1737 1305 hominis
1751 1286 1856 1306 morem

1070 1326 1203 1354 terrorem
1221 1323 1349 1350 incutiat.
1367 1323 1440 1351 Deus
1453 1323 1554 1359 quippe
1571 1327 1613 1351 est
1629 1323 1687 1357 lux,
1712 1324 1767 1357 via,
1784 1325 1856 1352 veri-

1070 1372 1124 1402 tas,
1140 1372 1169 1396 et
1185 1368 1252 1401 vita,
1269 1372 1323 1396 etc.
1339 1368 1458 1400 Quinam
1480 1376 1547 1405 ergo
1572 1368 1674 1402 lucem,
1698 1374 1746 1397 aut
1760 1370 1856 1402 vitam,

1070 1418 1118 1442 aut
1152 1414 1316 1448 veritatem,
1347 1419 1395 1442 aut
1426 1415 1656 1443 resurrectionem
1695 1415 1857 1450 perhorres-

1071 1461 1187 1488 camus?
1207 1460 1265 1489 Hoc
1289 1461 1404 1495 perinde
1423 1465 1474 1494 est,
1497 1468 1530 1488 ac
1560 1460 1583 1488 si
1608 1461 1671 1496 quis
1694 1461 1722 1488 in
1741 1461 1855 1489 sublimi

1071 1506 1190 1541 quodam
1211 1511 1305 1534 monte
1320 1514 1417 1542 agens,
1438 1506 1528 1542 ipsum
1543 1510 1667 1534 metuere
1682 1506 1812 1540 dicatur;
1832 1507 1857 1535 is

1068 1551 1151 1586 plane
1168 1558 1224 1578 non
1251 1555 1371 1578 montem
1391 1551 1478 1588 timet,
1501 1549 1549 1578 sed
1567 1558 1602 1578 ne
1623 1557 1656 1576 ex
1678 1557 1711 1577 eo
1735 1558 1859 1586 praeceps

1068 1601 1141 1624 ruat.
1165 1596 1206 1624 Ad
1228 1596 1355 1625 eumdem
1378 1596 1490 1624 modum
1525 1595 1609 1623 Deum
1632 1596 1858 1629 extimescimus;

1067 1642 1120 1671 hoc
1134 1642 1227 1677 utique
1241 1645 1405 1674 metuentes,
1422 1649 1456 1669 ne
1474 1649 1490 1669 a
1506 1643 1567 1670 luce
1579 1661 1587 1674 ,
1608 1641 1673 1675 vita,
1691 1641 1807 1669 veritate
1830 1647 1858 1669 et

1069 1688 1185 1716 scicntia
1204 1687 1377 1716 excidemus.
1432 1718 1435 1719 ν

1105 1753 1160 1781 Tit.
1178 1753 1211 1780 V.
1223 1768 1258 1774 —
1272 1754 1321 1781 οε·
1334 1753 1541 1781 contradictione
1560 1754 1685 1782 adrersus
1707 1753 1790 1782 Deum
1807 1762 1817 1782 .'
1833 1760 1858 1782 et

1103 1789 1172 1824 quod
1190 1788 1315 1816 adversus
1333 1789 1416 1815 Deum
1438 1790 1545 1817 minime
1560 1790 1594 1816 sit
1610 1789 1856 1823 contradicendum,

1105 1823 1151 1851 uec
1165 1832 1223 1850 cum
1240 1832 1270 1851 eo
1285 1823 1519 1858 expostulandum.

1107 1878 1160 1906 Job
1187 1886 1281 1909 xxxtv.
1303 1879 1350 1907 37.
1369 1894 1404 1900 —
1423 1887 1432 1904 ι
1459 1878 1591 1915 Iniquitas
1614 1880 1695 1909 nobis
1716 1880 1856 1916 reputabi-

1070 1928 1125 1956 tur,
1140 1924 1226 1952 multa
1239 1924 1322 1952 verba
1339 1925 1517 1959 loquentibus
1535 1933 1626 1953 coram
1645 1925 1774 1955 Domino.
1791 1936 1801 1952 ι

1106 1969 1159 1996 Job
1183 1977 1222 2002 ix,
1240 1969 1285 1997 52.
1303 1984 1339 1990 —
1353 1979 1362 1996 ι
1376 1969 1438 1997 Non
1450 1977 1482 1998 es
1501 1971 1583 1998 homo
1597 1971 1696 1999 similis
1709 1973 1774 2004 mei.
1791 1979 1854 1999 cum

1071 2022 1125 2050 quo
1157 2015 1273 2049 litigent,
1304 2019 1335 2043 ut
1364 2016 1509 2043 veniamus
1534 2016 1702 2044 unanimiter
1721 2017 1756 2044 ad
1778 2017 1855 2052 judi-

1069 2068 1154 2088 etum.
1175 2070 1184 2086 ι

1104 2114 1155 2141 Job
1176 2122 1271 2148 xxxix,
1295 2115 1340 2142 54.
1363 2130 1397 2136 --
1423 2124 1433 2141 ι
1463 2115 1534 2150 Quid
1557 2116 1649 2144 adhuc
1673 2125 1725 2152 ego
1744 2117 1855 2153 judieor

237 2161 315 2187 μενος
328 2151 402 2187 παρὰ
414 2151 527 2186 Κυρίου,
538 2151 644 2177 ἀκούων
660 2151 772 2179 τοιαῦτα
788 2150 866 2178 οὐθὲν
880 2150 931 2184 ὥν;
950 2150 1019 2184 Ἐγὼ

1071 2161 1232 2188 admonitus
1253 2165 1280 2189 et
1303 2161 1489 2196 reprehensus
1506 2170 1522 2190 a
1539 2162 1666 2196 Domiuo,
1679 2165 1796 2192 audiens
1811 2168 1853 2191 ta-

235 2198 263 2224 δὲ
277 2198 336 2224 τινα
353 2197 499 2232 ἁπόιρισιν
517 2196 608 2230 Siliani;
636 2197 722 2232 Χεῖρα
743 2196 819 2231 θήσω
842 2196 889 2223 ἐπὶ
904 2196 1020 2231 στόματί

239 2251 306 2278 μου·
330 2241 403 2274 ἆπαξ
422 2242 568 2277 λελάληκα,
586 2243 632 2269 ἐπὶ
651 2243 678 2269 δὲ
695 2242 734 2277 τῷ
748 2242 867 2278 δευτέρῳ
887 2243 918 2269 οὐ
941 2248 1021 2278 προσ-

238 2288 324 2323 θήσω.
348 2298 357 2314 ι

276 2353 285 2369 ε
308 2343 351 2379 Μή
370 2351 415 2377 μοι
427 2343 470 2378 εἴη
491 2343 611 2370 ἐναντίον
625 2343 728 2379 Κυρίου
743 2343 889 2379 ἀσεϐῆσαι,
906 2343 922 2379 ἤ
943 2345 1020 2371 ὲναν-

235 2389 292 2417 τίον
307 2389 529 2426 παντοκράτορος
540 2389 657 2425 ταράξαι
680 2390 711 2416 τὸ
726 2390 841 2417 δίκαιον.
866 2399 876 2415 ι

274 2455 284 2471 ‹
305 2446 353 2481 Μὴ
369 2445 468 2472 σπεῦδε
486 2446 533 2472 ἐπὶ
547 2444 661 2479 στόματί
683 2453 739 2478 σου,
752 2445 799 2472 καὶ
821 2446 837 2479 ή
858 2444 957 2481 καρδία
973 2453 1020 2472 σου

238 2492 276 2526 μὴ
293 2492 444 2527 ταχύνηται
458 2492 507 2519 τοῦ
529 2492 684 2527 ἐξενεγκεῖν
700 2491 778 2526 λόγον
794 2492 848 2527 πρὸ
873 2491 1021 2528 προσώπου

237 2536 283 2563 τοῦ
297 2537 376 2564 Θεοῦ.
401 2546 412 2563 ι

276 2601 286 2618 t
307 2593 355 2628 Μὴ
376 2593 435 2628 ἐρεῖ
449 2593 562 2630 πλάσμα
573 2593 612 2628 τῷ
631 2592 775 2629 πλάσαντι,
791 2594 829 2620 οὑ
843 2593 877 2621 σύ
890 2602 925 2630 με
939 2593 1022 2621 ἔπλα-

238 2646 304 2673 σας;
324 2640 341 2674 ἢ
365 2639 396 2665 τὸ
421 2639 528 2675 ποίημα
553 2639 591 2675 τῷ
611 2639 767 2674 ποιήσαντι,
792 2639 830 2667 Οὐ
852 2640 970 2672 συνετῶς
989 2648 1022 2676 με

238 2685 370 2720 ἐποίησας
382 2693 390 2718 ;
416 2694 426 2710 ι

277 2750 286 2767 t
307 2741 353 2776 Μὴ
366 2741 423 2776 ἐρεῖ
435 2741 449 2768 ὁ
466 2741 551 2776 πηλὸς
563 2741 602 2776 τῷ
616 2742 743 2776 κεραμεῖ,
758 2741 791 2768 Τί
801 2742 904 2776 ποιεῖςς
921 2743 954 2770 Τί
974 2743 1023 2771 οὑκ

239 2786 375 2821 ὲργάσεις,
392 2786 450 2813 οὐδὲ
466 2786 538 2822 ἔχεις
552 2787 663 2821 χεῖρας;
688 2787 734 2814 καὶ
750 2787 787 2823 μὴ
808 2788 1022 2824 ἀποκριθήσεται

1071 2206 1118 2238 lia,
1135 2213 1197 2233 cum
1219 2206 1288 2234 nihil
1308 2207 1380 2234 sim?
1395 2207 1452 2242 Ego
1470 2211 1560 2236 autem
1579 2209 1647 2244 quid
1665 2210 1722 2238 haec
1738 2218 1854 2246 respon-

1070 2259 1131 2279 sum
1158 2252 1246 2279 dabo?
1275 2260 1387 2281 manum
1418 2261 1505 2282 meam
1538 2255 1678 2290 imponam
1711 2256 1753 2284 ori
1783 2263 1852 2284 meo-

1071 2297 1161 2325 Unum
1178 2298 1286 2326 locutus
1303 2307 1376 2332 sum,
1394 2304 1422 2326 et
1437 2300 1510 2327 ultra
1521 2308 1576 2328 non
1596 2301 1706 2328 addam.
1725 2311 1734 2328 ι

1108 2354 1180 2382 Ibid.
1192 2355 1237 2382 '55.
1251 2370 1286 2375 —-
1307 2365 1316 2380 ε
1336 2355 1416 2383 Absit
1431 2360 1460 2383 ut
1471 2363 1564 2383 coram
1583 2356 1638 2384 Deo
1659 2357 1743 2392 impie
1755 2364 1834 2393 agam
1848 2366 1855 2384 :

1071 2406 1098 2430 ct
1113 2408 1207 2428 coram
1224 2401 1420 2436 Omnipotente
1432 2402 1480 2437 jus
1495 2403 1657 2437 perturbem
1674 2403 1681 2430 i
1706 2412 1716 2428 ι

1109 2456 1198 2483 Eccle.
1213 2464 1240 2488 ν,
1255 2456 1282 2484 Ι.
1299 2471 1334 2476 -
1355 2465 1364 2482 ι
1380 2456 1420 2485 Ne
1434 2457 1550 2486 festines
1571 2458 1598 2485 in
1611 2465 1660 2486 ore
1678 2462 1727 2485 tuo
1744 2467 1752 2485 :
1768 2463 1795 2486 et
1809 2466 1858 2486 cor

1072 2505 1148 2529 tuum
1163 2509 1218 2528 non
1236 2501 1349 2529 festinet
1363 2501 1396 2530 ad
1408 2502 1604 2538 proferendum
1619 2504 1732 2532 verbum
1746 2504 1773 2532 in
1788 2512 1857 2532 eon-

1072 2550 1169 2582 spectu
1184 2546 1243 2574 Dei.
1268 2556 1278 2572 ι

1108 2600 1165 2628 Ιεα.
1191 2608 1267 2634 nix,
1287 2600 1330 2628 16.
1354 2616 1390 2622 -
1410 2610 1420 2628 ε
1445 2601 1576 2638 Nunquid
1603 2603 1675 2632 dicet
1700 2603 1857 2640 figmentum

1073 2644 1164 2672 lictori
1182 2652 1252 2673 suo:
1271 2646 1329 2672 Non
1351 2650 1380 2673 tu
1393 2654 1436 2674 me
1450 2647 1558 2675 fecisti?
1573 2652 1618 2676 aut
1638 2649 1742 2676 factura
1759 2649 1858 2678 factori

1074 2690 1214 2719 suozNon
1231 2695 1259 2719 tu
1275 2692 1414 2727 sapienter
1433 2700 1477 2720 me
1493 2692 1602 2721 fecisti?
1618 2703 1628 2721 ι

1110 2746 1168 2775 Ιςσ.
1186 2755 1247 2781 xtv.
1272 2749 1300 2782 9,
1320 2749 1364 2777 10.
1380 2763 1416 2771 -—
1439 2758 1448 2775 ι
1466 2748 1596 2785 Nunquid
1625 2751 1701 2779 dicet
1722 2751 1809 2779 lutum
1827 2752 1859 2780 ﬂ-

1076 2792 1142 2828 gulo
1156 2800 1162 2819 :
1177 2792 1247 2826 Quid
1273 2793 1363 2822 faris?
1376 2794 1442 2829 quid
1455 2801 1508 2822 non
1523 2795 1692 2828 operaberis.
1710 2805 1760 2826 nec
1775 2798 1858 2826 habes
