2080 3111
233 73 302 105 1095

762 52 767 65 ¹
827 69 857 99 s.
876 67 1039 98 JOANNIS
1055 68 1272 99 DAMASCENI
1304 79 1307 81 >

1759 69 1865 103 '1096

233 125 350 154 manus!
366 128 393 153 et
410 131 465 152 non
479 121 657 159 respondebit
671 121 834 158 ﬁgmentum
848 121 883 149 ad
896 129 960 149 eum
972 122 1021 157 qui

1076 123 1102 150 ιδ
1119 123 1232 159 πλάσμα
1247 123 1316 158 πρὸς
1328 123 1375 151 τὸν
1392 123 1533 152 πλάσαντα
1548 125 1645 158 αὗτόν;
1662 125 1678 160 ἢ
1696 125 1710 152 6
1725 124 1813 160 λέγων
1825 126 1867 163 τῷ

233 181 264 201 se
280 172 360 200 tinxit
369 191 377 202 ,
388 175 437 198 aut
450 171 498 206 qui
512 169 582 197 dicit
593 166 681 202 Patri,
699 176 749 196 cur
760 167 855 204 genuit
866 168 878 195 ‘I
889 172 918 196 et
929 168 1022 200 matri,

233 220 291 248 Cur
301 218 445 254 parturis?
462 227 472 243 ι

271 266 338 301 Sep.
360 273 401 298 ιιι,
427 263 471 291 lt.
486 277 522 284 -—
537 271 547 289 ι
564 262 617 296 Qui
647 269 703 290 non
730 260 865 296 cogitavit
887 259 1024 288 adversus

235 312 380 340 Dominum
407 308 590 344 nequissima,
614 309 681 336 huic
705 307 817 336 dabitur
834 307 937 335 donum
960 305 1023 335 ﬁdei

233 357 364 385 electum.
386 364 395 380 ι

269 402 353 438 303
373 401 458 429 Eccli.
482 409 532 434 vn,
559 401 587 429 5.
607 415 644 421 --
664 410 673 427 ι
693 399 734 428 Ne
756 405 782 429 te
800 400 938 437 justitlces
960 405 1024 431 ante

235 448 331 476 Deum.
349 457 358 473 ι

271 493 346 520 Rom.
365 501 403 526 IX,
414 493 459 525 20,
473 493 582 520 2l.—c
597 492 620 521 0
636 492 728 525 homo,
749 496 779 520 tu
796 493 859 528 quis
867 493 965 529 cs,qui
976 491 1028 523 re:

235 539 375 574 spondeas
389 539 464 566 Deo?
477 539 518 566 An
536 539 610 566 dicet
624 539 782 574 ﬁgmentum
793 539 817 566 ei
827 539 873 574 qui
883 547 914 567 se
926 539 1023 568 finxit:

236 586 308 619 Quid
327 594 369 613 me
389 585 478 613 fecisti
493 584 557 613 sic?
577 585 678 612 Annon
703 585 785 612 habet
802 589 968 620 potestatem
991 585 1025 613 ﬁ-

236 631 316 666 gulus
339 631 389 658 luti
414 639 447 659 ex
465 631 560 658 eadem
584 638 677 658 massa
693 630 793 663 facere,
817 631 892 658 aliud
910 631 1023 666 quidem

237 678 322 705 vasin
339 677 487 709 honorem;
503 676 579 704 aliud
605 681 696 704 autem
716 677 744 704 in
757 677 974 704 contumeliam?
991 687 1001 703 ι

271 722 286 749 1
303 722 366 750 Cor.
383 730 410 755 κ,
426 721 454 749 9.
478 737 506 742 —
521 732 530 749 ι
546 722 605 750 Non
625 726 764 751 tentemus
778 722 935 756 Dominum,
952 723 1026 751 sicut

235 769 349 804 quidam
371 775 468 796 eorum
484 772 669 801 tentaverunt,
684 773 711 796 et
729 775 745 796 a
763 769 941 804 serpentibus
956 777 1021 804 per-

235 815 339 843 ierunt.
357 824 363 839 ι

258 860 358 892 ,Basil.
374 859 450 893 Quod
466 859 535 887 Deus
552 864 654 888 nonest
668 865 762 888 auctor
775 860 1025 895 malorum—Qui

238 905 294 933 Deo
316 906 445 933 reluctari
472 906 584 939 audent,
611 906 654 934 his
676 906 770 934 verbis
792 911 934 935 utuntur:
953 907 1026 940 Quid

236 956 290 985 est,
302 953 482 987 quamobrem
507 953 535 980 in
559 953 617 987 ipsa
636 956 777 980 structura
797 960 852 980 non
880 953 1025 984 habemus.

236 1002 267 1026 ut
281 1003 358 1025 extra
382 998 518 1033 peccandi
535 998 623 1025 aleam
638 999 739 1032 simus,
759 1002 790 1026 ut
804 1006 849 1031 ne,
866 999 890 1027 si
908 999 1026 1029 velimus

233 1044 357 1079 quidem,
378 1051 494 1079 peccare
510 1044 589 1073 nobis
606 1044 705 1071 liceat?
720 1045 856 1078 Quoniam
869 1049 898 1073 tu
915 1053 1024 1081 quoque

235 1097 419 1123 servos,non,
433 1098 496 1118 cum
514 1098 563 1118 eos
578 1090 606 1118 in
624 1090 743 1119 vinculis
756 1092 923 1120 constrictos
934 1095 1022 1126 tenes,

234 1136 382 1164 benevolos
397 1137 445 1163 tibi
458 1136 615 1169 existimas;
629 1137 676 1165 sed
698 1145 761 1165 cum
781 1145 829 1166 eos
846 1141 946 1174 sponte
962 1145 1024 1166 mu-

234 1188 301 1209 nere
316 1188 367 1209 suo
382 1180 459 1216 iungi
475 1181 622 1216 perspicis.
635 1180 707 1214 Quin
721 1181 777 1210 Deo
792 1190 903 1218 quoque
914 1187 1023 1219 gratum

233 1231 285 1258 est,
302 1233 357 1253 non
374 1225 448 1261 quod
467 1225 491 1252 vi
504 1229 698 1261 extorquetur,
716 1226 764 1254 sed
776 1226 850 1262 quod
867 1235 899 1255 ex
921 1227 1024 1255 virtute

233 1272 348 1306 geritur.
371 1270 468 1298 Virtus
486 1278 570 1306 porro
585 1277 601 1298 ι
622 1271 775 1304 voluntate,
790 1279 846 1299 non
857 1279 891 1299 ex
900 1271 1024 1299 necessi-

233 1320 292 1345 tate
318 1317 419 1344 oritur.
448 1316 543 1352 Itaque
565 1316 613 1352 qui
637 1316 811 1345 conditorem
835 1317 887 1345 hoc
913 1318 1024 1346 nomine

234 1363 425 1399 reprehendit,
453 1364 525 1400 quod
546 1372 598 1392 nos
623 1369 724 1393 natura
748 1365 946 1401 impeccabiles
970 1373 1025 1394 non

233 1409 402 1444 condiderit,
425 1410 496 1438 nihil
519 1411 595 1439 aliud
617 1419 699 1448 quam
715 1412 825 1440 brutam
845 1417 974 1439 naturam
1000 1412 1026 1440 ei

1074 171 1171 206 πατρὶ,
1184 170 1211 197 τί
1226 170 1373 206 ἐγέννησε;
1387 171 1436 198 καὶ
1449 172 1483 207 τῇ
1500 171 1596 207 μητρὶ,
1608 171 1640 199 Τί
1656 171 1777 206 ὠδίνεις;
1800 181 1810 199 ι

1113 270 1122 288 ι
1151 261 1180 288 '0
1194 260 1233 297 μὴ
1245 261 1409 297 ἐνθυμηθεὶς
1427 260 1498 289 κατὰ
1508 247 1556 288 του
1572 261 1676 296 Κυρίου
1689 260 1807 297 πονηρὰ,
1820 261 1865 288 δο-

1074 307 1189 344 θήσεται
1205 307 1280 343 αὺτῷ
1292 309 1341 344 τῆς
1354 308 1474 340 πίστεως
1494 308 1576 344 χάρις
1590 307 1719 343 ὲκλεκτή.
1745 316 1756 334 ι

1116 409 1125 426 ι
1148 400 1196 436 Μὴ
1204 399 1311 427 δικαιοῠ
1324 399 1446 427 ἐναντίον
1463 399 1578 436 Κυρίου.
1602 408 1613 426 ι

1070 512 1074 514 .
1114 498 1125 515 ι
1145 486 1182 516 Ὠ
1209 488 1347 525 ἄνθρωπε,
1371 487 1469 524 μενοῦν
1484 497 1527 523 τε,
1554 488 1587 516 σὺ
1607 488 1649 521 τίς
1666 486 1694 516 εἴ
1711 489 1726 516 6
1745 488 1865 517 ἀνταπο-

1076 535 1237 571 κρινόμενος
1254 535 1294 570 τῷ
1309 534 1390 570 Θεῷς
1416 535 1462 570 Μὴ
1486 535 1544 571 ἐρεῖ
1562 534 1593 561 τὸ
1608 535 1722 570 πλάσμα
1743 535 1783 570 τῷ
1797 535 1866 563 πλά-

1077 588 1171 608 σαντι”
1195 581 1228 607 Τί
1243 589 1277 616 με
1290 580 1422 615 ἐποίησας
1441 580 1546 613 οὓτως-ς
1564 580 1644 616 ἢούκ
1664 580 1720 616 ἔχει
1740 581 1865 614 ἐξουσίαν

1075 627 1090 653 6
1115 626 1256 662 κεραμεὺς
1279 627 1327 653 τοῦ
1353 626 1440 663 πηλοῦ
1467 627 1500 654 ὲκ
1523 626 1570 654 τοῦ
1597 627 1680 654 αὐτοῦ
1703 629 1864 663 φυράματος

1076 672 1200 707 ποιῆσαι,
1214 671 1229 698 ὃ
1243 672 1291 707 μὲν
1303 672 1343 704 είς
1358 672 1440 708 τιμὴν
1455 673 1563 705 σκεῦος,
1576 672 1591 700 6
1604 673 1633 700 δὲ
1647 673 1687 705 εις
1699 673 1831 709 ἀτιμίαν;
1850 683 1861 701 ι

1113 727 1124 744 ι
1149 719 1195 755 Μὴ
1209 719 1386 755 πειράζωμεν
1399 719 1570 755 τὸν·Κύριον,
1584 719 1677 752 καθώς
1687 729 1761 753 τινες
1773 720 1864 748 αὐτῶν

1075 766 1238 801 ἐπείρασαν,
1249 765 1297 793 καὶ
1310 766 1363 793 ὑπὸ
1377 765 1431 793 τῶν
1446 765 1535 801 ὖφεων
1554 766 1703 794 ἀπώλοντο.
1726 776 1737 793 ι

1110 855 1142 882 Ol
1159 855 1312 891 τολμῶντες
1331 855 1391 891 Θεῷ
1412 855 1571 891 ἀντιλέγειν,
1596 857 1694 891 φασίν·
1709 857 1760 885 Διὰ
1784 857 1810 884 τί
1835 857 1864 884 ὲν

1076 903 1110 937 τῇ
1135 902 1291 937 κατασκευῇ
1315 901 1346 928 τὺ
1365 901 1558 937 ἀναμάρτητον
1585 903 1635 930 οὐκ
1659 902 1770 938 ἔχομεν,
1793 903 1865 930 ὥστε

1077 950 1138 977 οὐδὲ
1150 949 1321 985 βουλομένοις
1332 951 1399 985 ἡμῖν
1412 950 1547 985 ὑπάρχειν
1559 950 1588 978 τδ
1602 949 1787 986 ἁμαρτανεινς
1802 951 1864 978 Ὀτι

1078 996 1126 1024 καὶ
1143 996 1176 1023 σὺ
1187 997 1252 1028 τοὺς
1261 995 1382 1028 οἰκέτας,
1395 996 1444 1031 οὐχ
1456 996 1519 1023 ὅταν
1529 996 1657 1032 δεσμίους
1672 996 1738 1033 ἔχῃς
1747 1017 1754 1028 ,
1769 996 1865 1029 εὖνους

1078 1041 1290 1077 ὑπολαμῶνεις.
1302 1041 1358 1068 ἀλλ’
1372 1042 1436 1070 ὅταν
1453 1043 1511 1079 ἴδῃς
1525 1043 1658 1075 ἑκουσίως
1671 1043 1864 1080 ἀποπληροῦν-

1077 1087 1127 1120 τάς
1143 1096 1185 1115 σοι
1199 1087 1234 1114 τὰ
1247 1087 1414 1122 καθήκοντα.
1433 1088 1488 1115 Καὶ
1507 1088 1567 1124 Θεῷ
1583 1088 1670 1124 φίλον,
1691 1089 1721 1116 οὐ
1737 1088 1767 1116 τὸ
1779 1090 1864 1124 ἡναγ-

1077 1135 1225 1170 κασμένον,
1238 1133 1306 1161 ἀλλὰ
1323 1134 1353 1161 τὸ
1367 1135 1397 1167 ἐξ
1411 1135 1511 1170 ἀρετῆς
1521 1135 1750 1171 κατορθούμενον.
1768 1135 1866 1171 ’Δρετὴ

1076 1181 1105 1208 δὲ
1132 1181 1165 1208 ὲκ
1189 1180 1388 1217 προαιρέσεως,
1411 1181 1460 1209 καὶ
1475 1182 1525 1209 οὐκ
1548 1181 1673 1218 ἀνάγκης
1695 1181 1811 1217 γίνεται.
1834 1182 1866 1209 '0

1077 1227 1167 1255 τοίνυν
1192 1227 1366 1264 μεμφόμενος
1393 1227 1439 1255 τὸν
1465 1228 1592 1264 ποιητὴν,
1612 1227 1651 1260 ὡς
1675 1227 1714 1264 μὴ
1741 1228 1865 1264 φυσικῶς

1076 1275 1323 1302 κατασκευάσαντα
1343 1275 1418 1310 ἡμᾶς
1442 1274 1665 1311 ἀναμαρτήτους,
1680 1273 1755 1302 οὐδὲν
1771 1275 1866 1311 ἕτερον

1077 1321 1094 1356 ἢ
1109 1320 1161 1355 τὴν
1179 1320 1277 1355 ἄλογον
1292 1319 1374 1355 φύσιν
1388 1320 1439 1355 τῆς
1461 1320 1573 1355 λογικῆς
1594 1321 1726 1356 προτιμᾷ,
1743 1320 1790 1347 καὶ
1815 1320 1867 1356 τὴν

1077 1365 1207 1401 ἀκίνητον
1227 1365 1274 1393 καὶ
1287 1365 1443 1402 ἀνόρμητον
1455 1365 1508 1402 τῆς
1522 1367 1719 1402 προαιρετικῆς
1743 1365 1790 1392 κα¹ι
1814 1366 1866 1402 sp.-

1079 1412 1213 1448 πράκτου.

234 1465 297 1495 quae
315 1459 460 1488 rationalis
480 1462 522 1488 cst
539 1460 701 1495 anteponit;
721 1462 749 1488 et
766 1459 842 1487 illam
863 1467 924 1496 quae
947 1459 1025 1487 nullo
1044 1467 1078 1488 ex
1106 1467 1137 1488 se
1162 1463 1240 1488 motu
1262 1460 1361 1494 cietur,
1393 1459 1418 1488 ei
1457 1459 1503 1488 cui
1531 1459 1604 1488 inest
1645 1459 1745 1488 electio
1770 1464 1797 1487 et
1824 1459 1867 1487 vis

235 1505 348 1540 agendi.

271 1549 317 1576 Id.
333 1549 409 1584 epist.
426 1550 470 1578 At.
486 1565 518 1571 —-
532 1549 572 1578 Ne
585 1551 662 1586 quis,
678 1550 772 1585 velim,
785 1551 925 1586 corrigere
938 1550 1024 1579 Deum

1113 1550 1226 1585 Μηδεὶς,
1244 1548 1409 1585 παρακαλῶ,
1424 1547 1591 1584 διορθούσθω
1608 1548 1654 1576 τὸν
1668 1548 1783 1585 Κύριον,
1797 1550 1867 1585 μηδὲ

235 1599 332 1627 tentet,
352 1599 380 1622 et
398 1595 475 1623 dicat
488 1603 495 1623 :
507 1595 566 1624 Hoc
588 1595 669 1624 nobis
683 1598 796 1624 omnino
817 1596 899 1625 debet
917 1596 1026 1624 contin-

236 1648 310 1677 gere,
327 1649 383 1668 non
404 1646 495 1670 autem
520 1642 599 1670 illud.
614 1652 623 1669 ι
640 1642 709 1676 Quis
726 1644 800 1671 enim
821 1643 900 1670 novit
913 1649 1026 1671 sensum

236 1687 360 1719 Domini;
380 1690 429 1714 aut
439 1687 502 1722 quis
513 1689 688 1716 consiliarius
704 1688 764 1723 ejus
777 1688 828 1716 fuit
840 1688 852 1715 2
867 1698 876 1715 ι
888 1687 975 1725 (Rom.
987 1695 1025 1722 χι,

234 1734 282 1769 34)
309 1732 339 1761 In
373 1734 491 1770 caligine
509 1734 646 1770 siquidem
675 1735 793 1771 iudicat,
816 1739 848 1763 ut
869 1734 931 1763 Jobi
965 1742 1025 1763 ser-

235 1779 366 1808 monibus
389 1784 463 1813 utar,
481 1783 509 1808 et
530 1781 620 1809 nubes
644 1781 792 1809 absconsio
812 1781 875 1816 ejus
897 1783 951 1813 est,
974 1788 1027 1808 nec

235 1826 434 1860 conspicietur.
452 1826 601 1862 Explorata
618 1826 803 1854 medicamina
822 1826 916 1859 habet,
932 1833 994 1861 qua:
1010 1832 1026 1853 a

237 1871 304 1899 vitio
315 1871 349 1899 ad
363 1872 509 1905 virtutem,
523 1876 551 1900 et
561 1873 595 1900 ab
606 1872 784 1909 ignoratione
792 1872 826 1901 ad
839 1873 1026 1910 cognitionem

235 1917 284 1946 Dei
301 1918 411 1946 animos
425 1919 557 1946 excitant.

271 1963 369 1998 συνείη
383 1963 513 1991 Αίεσαηά.
521 1979 557 1984 -
566 1964 682 1992 Demitte
693 1964 882 1999 supercilium,
892 1971 909 1992 o
919 1964 1003 1992 homo
1016 1973 1024 1992 :

235 2009 397 2044 repagulum
419 2012 447 2036 et
460 2009 574 2043 januam
589 2009 700 2044 impone
718 2010 829 2045 linguae.
846 2009 889 2037 Ab
907 2009 959 2037 hoc
969 2013 1025 2037 tam

237 2053 337 2089 frigido
364 2054 522 2089 raniloquio
553 2055 759 2090 quamprimum
795 2055 925 2083 abscede.
959 2055 1026 2084 Sine

237 2098 322 2128 Deum
337 2105 364 2126 et
377 2101 461 2133 scire,
473 2104 500 2128 et
520 2099 620 2134 faccre,
632 2108 693 2136 quae
707 2101 796 2135 ipsum
814 2101 940 2139 deceant.

257 2166 309 2195 Tit.
327 2166 372 2194 Vl.
386 2181 420 2187 —
436 2167 475 2194 De
500 2167 599 2203 angelis
611 2175 626 2209 ἐ
640 2173 664 2209 et
679 2168 749 2204 quod
765 2169 884 2196 admisso
901 2173 1009 2204 peccato

552 2207 707 2237 puniantur.

274 2259 324 2286 Job
344 2267 420 2292 xxvi,
444 2260 488 2288 l5.
507 2275 542 2281 ——
562 2270 571 2287 ‹
593 2262 734 2297 Praecepto
762 2262 903 2291 interiecit
929 2264 1026 2292 draco-

238 2313 300 2333 ncm
315 2309 478 2341 apostatam.
499 2315 509 2332 ι

274 2351 306 2379 Il
328 2351 402 2380 Patr.
426 2360 457 2385 n,
483 2353 510 2380 4.
533 2367 569 2373 --
595 2363 604 2379 ι
621 2353 693 2382 Deus
716 2355 822 2391 angelis
844 2357 1025 2391 peccantibus

238 2406 293 2426 non
310 2398 444 2433 pepercit,
468 2398 516 2425 sed
534 2398 700 2427 rudentibus
714 2400 816 2428 inferni
837 2401 979 2429 detractos
996 2402 1024 2430 in

237 2449 372 2472 tartarum
390 2444 504 2473 tradidit
526 2445 704 2479 cruciandos,
730 2446 758 2474 in
774 2447 910 2482 judicium
932 2455 1024 2476 reser-

237 2493 307 2520 vari.
328 2501 338 2518 ι

274 2537 355 2566 Ιυάιε
381 2538 408 2566 6.
436 2554 472 2560 —
508 2548 518 2566 ι
546 2539 665 2575 Angelos
687 2539 736 2573 qui
762 2546 818 2567 non
842 2544 1024 2568 servaverunt

239 2592 320 2614 suum
337 2585 535 2622 principatum,
550 2585 600 2615 sed
612 2584 820 2621 dereliquerunt
840 2593 922 2614 suum
930 2586 1025 2619 ._domi-

1076 1597 1207 1631 λεγέσθω,
1223 1597 1264 1624 ὅτι
1279 1595 1359 1623 τοῦτο
1374 1596 1440 1631 ἡμῖν
1454 1595 1556 1630 ὠφελεῖ
1580 1595 1729 1631 συμϐῆναι,
1752 1596 1800 1623 καὶ
1815 1596 1866 1622 οὐκ

1077 1644 1166 1671 ἐκεῖνο
1180 1643 1298 1673 πάντως.
1316 1651 1326 1668 ‹
1348 1641 1397 1673 Τίς
1410 1641 1465 1677 γὰρ
1482 1641 1553 1676 ἔγνω
1566 1641 1630 1669 νοῦν
1650 1642 1773 1678 Κυρίου;
1788 1642 1805 1677 ἢ
1824 1643 1864 1674 τις

1078 1687 1230 1723 σύμϐουλος
1253 1687 1336 1714 αὑτοῦ
1353 1686 1481 1721 ὲγένετος
1500 1697 1509 1714 ι
1529 1688 1559 1714 ὲν
1579 1687 1671 1723 γνόφῳ
1695 1688 1749 1723 γὰρ
1766 1688 1864 1724 κρίνει,

1077 1734 1147 1762 κατὰ
1172 1734 1219 1761 τὸν
1239 1732 1310 1766 Ἰὼϐ,
1338 1733 1384 1760 καὶ
1399 1733 1497 1768 νεφέλη
1520 1733 1669 1770 ἅποκρυφὴ
1694 1733 1790 1765 αὑτοῦ,
1819 1734 1864 1760 καὶ

1075 1780 1125 1816 οὑχ
1138 1779 1314 1816 ὁραθήσεται.
1338 1778 1418 1807 Εἶδεν
1436 1778 1471 1806 τὰ
1487 1779 1543 1806 ἀπὸ
1563 1779 1666 1811 κακίας
1688 1779 1734 1806 ἐπὶ
1753 1778 1865 1815 ἀρετὴν,

1076 1826 1124 1854 καὶ¹
1137 1826 1192 1854 ἀπὸ
1204 1826 1343 1861 ἀγνωσίας
1357 1826 1397 1858 είς
1411 1826 1560 1860 ἐπίγνωσιν
1573 1825 1643 1852 Θεοῦ
1655 1825 1867 1861 προτρεπόμενα

1076 1872 1221 1909 φάρμακα.

1146 1972 1248 2004 Κάθες,
1261 1971 1398 2008 ἄνθρωπε,
1410 1972 1460 2007 τὴν
1476 1972 1566 2008 ὁρμήν
1576 1980 1584 1989 ο
1597 1972 1693 2005 ἐπίθες
1708 1973 1741 2009 τῇ
1758 1972 1863 2009 γλώττῃ

1077 2018 1176 2054 μοχλὸν
1192 2017 1239 2043 καὶ
1254 2016 1348 2052 Θὺραν,
1365 2016 1541 2052 ἀποπήδησον
1555 2016 1604 2052 τῆς
1616 2016 1687 2043 οὕτω
1703 2017 1810 2052 ψυχρᾶς
1824 2018 1864 2044 εζ-

1076 2063 1240 2098 καιομυθίας
1267 2063 1357 2098 Πάρες
1382 2063 1429 2089 ἐπὶ
1451 2062 1543 2090 πάντα
1566 2061 1626 2098 Θεῷ
1640 2062 1671 2090 τὸ
1695 2063 1741 2090 καὶ
1766 2062 1864 2090 ειδέναι

1076 2108 1123 2136 καὶ
1135 2108 1203 2144 δρᾷν
1217 2108 1289 2144 ἅπερ
1307 2107 1340 2135 ἂν
1354 2107 1428 2144 αὖτῷ
1442 2108 1552 2145 πρέπει.

1075 2175 1151 2203 Τίτλ.
1184 2177 1232 2210 ς’.
1259 2191 1298 2214 _-—
1324 2176 1394 2214 Περὶ
1420 2176 1553 2212 ἀγγέλων
1564 2184 1576 2214 ’Δ
1584 2177 1647 2214 ηὸτι
1668 2178 1718 2206 καὶ
1744 2178 1864 2214 ἄγγελοι

1248 2211 1477 2246 ἁμαρτήσαντος
1501 2212 1686 2244 κολάζονται.

1114 2277 1125 2294 α
1161 2268 1358 2304 Προστάγματι
1394 2268 1549 2297 ἐθανάτωσε
1576 2269 1711 2305 δράκοντα
1742 2271 1863 2299 ἀποστά-

1111 2322 1177 2341 ν.»

1111 2323 1135 2341 ν.
1167 2322 1177 2340 ι

1076 2322 1125 2386 τη(
1154 2360 1184 2387 '0
1209 2360 1274 2392 Θεὸς
1302 2359 1519 2397 αμαρτησάντων
1547 2361 1597 2388 οὐκ
1623 2360 1766 2396 ἐφείσατο·
1796 2362 1863 2390 ἀλλὰ

1076 2407 1183 2442 σειραῖς
1209 2405 1291 2441 ζόφου
1319 2406 1510 2443 ταρταρώσας,
1530 2407 1688 2444 παρέδωκεν
1710 2410 1750 2441 είς
1774 2408 1864 2444 κρίσιν

1078 2450 1275 2486 κολαζομένους
1293 2451 1445 2487 τηρεῖσθαι.
1471 2460 1481 2477 ι

1117 2549 1126 2566 ι
1157 2520 1381 2574 ’Δγγὲλουςντοὺς
1395 2540 1432 2576 μὴ
1445 2541 1620 2577 τηρήσαντας
1632 2542 1799 2580 τὴνλὲαυτῶν
1813 2544 1864 2579 ἀρ’

1079 2585 1140 2622 χὴν,
1158 2585 1227 2612 ἀλλὰ
1240 2585 1424 2618 ἀπολιπόντας
1442 2586 1473 2613 τὸ
1486 2586 1551 2614 ῐδιον
1563 2588 1733 2624 οἰκητήριον,
1748 2589 1788 2621 είς
1805 2587 1864 2623 κρί-

871 2681 991 2710 VARM‘}
1011 2682 1214 2712 LECTlONES.

280 2735 376 2780 blla'c‘
384 2744 527 2780 perperam
546 2739 573 2767 in
588 2739 777 2780 Rup._d_i_citur
794 2745 955 2780 acceptaex
974 2740 1023 2769 lib.
1036 2748 1102 2769 xvm
1124 2740 1225 2771 Contra
1234 2742 1352 2777 Iuliam,
1363 2750 1425 2771 cum
1443 2743 1562 2780 Cyrillus
1579 2743 1673 2773 decem
1695 2744 1779 2775 libros
1791 2745 1865 2774 dun-

241 2775 327 2804 taxat,
349 2771 403 2800 nbn
419 2771 534 2816 plures,_
544 2771 641 2804 contra
655 2774 796 2803 Julianum
807 2771 932 2804 ediderit.
