2080 3111
207 109 276 141 lilii?

881 112 1002 147 SACRA
1021 112 1245 144 PARALLELA

1773 117 1843 152 1098

208 173 253 192 σιν
267 164 388 201 μεγάλης
408 164 515 202 ἡμέρας
529 165 639 202 δεσμοῖς
653 165 774 198 αἰωνίοις
789 166 841 195 ὑπὸ
854 166 938 202 ζόφον
952 176 998 195 τε-

1051 166 1154 201 cilium,
1178 167 1207 195 in
1229 166 1367 202 judicium
1392 169 1483 206 magni
1506 169 1560 198 diei
1583 170 1702 202 vinculis
1726 177 1842 206 aeternis

214 220 343 240 τήοηκεν.
366 221 378 238 ³

396 255 504 290 πάντες,
520 256 616 292 ὥσπερ
641 257 840 294 προσηγορίας,
858 258 931 286 οὕτω
952 260 1000 287 καὶ

214 302 322 336 φύσεως
335 302 446 334 πάντως
462 303 512 338 τῆς
529 303 614 338 αὐτῆς
630 303 803 338 τυγχάνουσι.

247 348 404 384 Φανοτάτης
421 347 504 384 οὔσης
521 349 614 381 οὐσίας
637 349 691 377 τῶν
708 350 845 385 ἀγγέλων,
861 351 962 386 μᾶλλον
973 352 1001 378 δε

210 394 351 430 οὐρανίου,
364 394 414 421 οὐκ
426 394 647 430 ἀποτεταγμένον
659 395 690 423 ἒν
703 395 785 429 εἶδος,
797 396 815 431 ἢ
839 396 887 431 μία
908 398 1001 433 μορφὴ

213 441 280 478 περὶ
294 441 363 470 αὐτὰ
381 441 557 477 εὑρίσκεται·
571 442 602 469 οὐ
618 443 672 478 γὰρ
685 443 802 478 σκληραὶ
826 444 873 471 καὶ
891 440 1000 471 ἀντίέυ-

213 495 260 514 ποι
275 487 371 523 φύσεις
386 487 520 523 σωμάεων
533 487 613 516 εὶσίν,

246 578 302 608 ’Ἦν
314 580 349 608 τὰ
363 579 446 616 σκέλη
461 579 551 607 αὐτῶν
569 579 648 616 ὀρθὰ,
663 581 711 608 καὶ¹
726 581 861 617 πτερωτοὶ
875 582 901 608 οἱ
921 583 1002 616 πόδες

212 626 313 660 αὐτῶν,
324 627 339 653 ὁ
355 626 443 662 μέγας
465 626 595 662 Ἰεζεκιὴλ
610 627 738 663 περὶτῶν
749 627 875 662 ἀγγέλων
890 628 1000 663 ἔλεγεν·

212 674 280 709 ὅπερ
295 673 370 709 δηλοῖ
384 673 416 700 τὸ
440 672 548 704 ἀκλινὲς
561 673 612 708 τῆς
628 672 753 708 γνώμης,
770 673 817 700 καὶ
832 673 864 700 τὸ
880 674 947 710 πρὸς
967 674 1002 701 τὰ

212 721 338 755 νοήματα
359 719 409 755 τῆς
432 718 541 754 φύσεως
565 718 675 753 ἐκείνης
706 718 878 754 ὀξυκίνητον.

247 765 379 801 Τιμῶμεν
395 764 539 798 ἀγγέλους,
560 763 592 790 οὐ
618 763 663 791 διὰ
684 764 734 799 τὴν
756 763 847 798 φύσιν,
871 764 939 803 ἀλλᾲ
957 764 1002 792 διὰ

211 811 262 847 τὴν
281 811 392 846 ἀρετήν·
409 811 455 837 καὶ
470 807 601 845 δαίμονας
624 809 805 845 ἀτιμάζομεν,
822 809 868 837 διὰ
891 810 941 846 τὴν
956 811 1001 838 ὲν-

212 857 389 893 υπάρχουσαν
409 855 499 884 αὐτῶν
516 855 627 883 κακίαν.

245 900 436 937 Πνευματικαὶ
452 901 508 927 τῶν
525 900 650 935 ἀγγέλων
668 900 774 928 οὐσίαι·
798 901 957 934 είκάζονται
972 901 1001 928 δὶ

212 946 343 978 πολλάκις
358 945 510 982 ἀνθρώπιον
531 946 630 979 ἰδέαις,
648 946 718 982 πρὸς
741 946 791 979 τὰς
817 946 1002 983 ὑποκειμένας

211 991 307 1028 χρείας
325 990 595 1027 μέιαμορφούμενοι.

212 1059 303 1088 ΤΙΤΔ.
314 1058 471 1094 Ζ’.-Περὶ
482 1057 630 1094 ἀγγέλων·
643 1059 688 1086 ὅτι
700 1058 848 1094 ἀγγέλους
861 1054 1001 1094 φύλακας

406 1093 480 1128 ἡμῖν
495 1093 669 1129 ἐπέστησεν
684 1095 701 1121 ὀ
724 1095 805 1127 Θεός.

250 1157 261 1175 ε
280 1148 345 1175 Ἰδοὺ
358 1148 414 1182 ἐγὼ
426 1148 583 1175 ἀποστέλλω
593 1148 640 1176 τὸν
652 1149 766 1184 ἄγγελόν
786 1158 837 1185 μου
850 1150 903 1187 πρδ
917 1159 1002 1188 προσ-

211 1195 286 1223 ώπου
303 1203 360 1227 σου,
373 1194 417 1221 ἶνα
435 1194 542 1231 φυλάξῃ
560 1203 590 1221 σε
605 1195 634 1222 ὲν
647 1196 680 1231 τῇ
700 1194 762 1231 ὁδῷ,
779 1196 852 1228 ὅπως
864 1197 1000 1233 εἰσαγάγῃ

212 1248 243 1267 σε
253 1240 293 1272 είς
306 1240 356 1276 τὴν
368 1239 420 1275 γῆν
435 1240 468 1275 ἢν
482 1239 614 1275 ἑτοίμασά
626 1249 678 1268 σοι.
692 1241 813 1277 Πρόσιχε
824 1242 944 1278 σεαυτῷ,
953 1242 1001 1269 καὶ

211 1287 339 1314 είσάκουε
354 1285 448 1319 αὐτοῦ,
464 1286 512 1313 καὶ
532 1286 570 1322 μὴ
584 1286 721 1323 ἀπειθήσῃ
736 1287 812 1323 αὐτῷ
823 1295 830 1303 ·
846 1289 878 1315 οὺ
894 1287 948 1324 γὰρ
962 1287 1001 1324 μὴ

211 1331 401 1361 ὑποστελετταί
413 1340 455 1361 σε.
470 1332 508 1359 Τὸ
523 1331 577 1369 γὰρ
590 1332 681 1368 δνομά
698 1332 749 1368 μού
762 1333 835 1361 ἐστιν
845 1334 874 1361 ἐν
890 1334 974 1370 αὐτῷ.
988 1344 998 1361 ι

249 1432 259 1449 ί
277 1423 413 1459 Ἔστησεν
438 1423 500 1459 ὅρια
526 1422 611 1451 Ιιθνῶν
639 1423 710 1451 κατὰ
736 1423 854 1460 ἀριθμὸν
877 1425 1001 1460 ἀγγέλων

210 1469 287 1498 Θεοῦ.
306 1478 317 1496 ι

1052 211 1106 240 sub
1119 212 1242 248 caligine
1255 214 1420 242 reservavit.
1443 223 1453 241 ι

1088 257 1206 293 Didymi.
1219 259 1363 294 -Αηεοιί
1384 267 1492 295 omnes,
1513 265 1544 289 ut
1559 270 1659 292 nomen
1684 273 1781 301 unum,
1800 268 1843 297 sic

1053 310 1135 331 unam
1152 311 1263 340 quoque
1278 305 1394 333 omnino
1409 311 1536 337 naturam
1550 308 1663 339 habent.

1086 347 1155 376 Cum
1171 349 1409 384 splendidissima,
1424 351 1478 383 vel.
1492 356 1523 379 ut
1533 354 1638 382 rectius
1656 355 1765 392 loquar.
1783 366 1843 388 caa-

1053 393 1131 422 lestis
1157 395 1318 430 angelorum
1344 400 1445 424 natura
1468 400 1516 430 sit,
1540 407 1595 427 non
1614 407 1689 429 «arta
1716 406 1843 439 quaedam

1052 440 1168 474 species,
1183 445 1231 468 aut
1243 449 1298 468 una
1311 441 1464 478 eademque
1479 443 1569 471 forma
1582 445 1608 472 in
1623 446 1677 475 illis
1693 451 1842 485 reperitur.

1052 485 1160 513 Etenim
1173 486 1249 515 dura:
1261 494 1294 515 ac
1305 488 1459 517 renitentes
1474 494 1581 519 naturae
1592 494 1757 528 corporibus
1774 504 1844 526 con-

1052 530 1177 559 veniunt.

1086 575 1159 604 Nili.
1174 592 1210 597 —
1224 577 1310 606 Erant
1323 586 1405 607 crura
1421 587 1519 609 eorum
1535 587 1624 617 recta,
1639 588 1666 612 et
1677 586 1743 615 alati
1759 588 1844 624 pedes

1052 629 1160 656 eorum,
1177 622 1268 651 aiebat
1286 624 1413 653 Ezechiel
1434 626 1469 654 de
1485 628 1603 663 angelis.
1622 629 1729 663 Quibus
1750 622 1844 663 verbis

1052 666 1230 696 inflexibilem
1245 670 1391 697 sentcntiae
1417 673 1605 702 constantiam
1623 675 1740 712 indicat,
1761 684 1844 708 natu«

1053 719 1145 747 neque
1156 713 1232 741 illius
1253 713 1280 741 in
1298 714 1479 751 intelligendo
1495 717 1678 749 celeri-tatem.

1090 758 1210 795 Evagrii.
1227 760 1398 796 --Angelos
1423 762 1606 798 honorantes,
1628 774 1683 795 nou
1707 769 1744 796 ob
1763 775 1846 798 natu-

1053 811 1124 837 ram,
1152 805 1202 833 sed
1216 806 1256 834 ob
1280 806 1413 835 virtutem
1431 817 1439 837 :
1457 813 1485 837 et
1506 809 1647 840 daemones
1670 816 1845 844 contumeliis

1015 845 1039 875 Β
1051 851 1253 886 persequimur,
1267 858 1384 888 propter
1397 855 1558 890 nequitiam,
1572 865 1634 892 quae
1645 858 1674 886 in
1686 860 1756 895 ipsis
1771 866 1825 890 est.

1086 896 1169 932 309
1183 896 1315 927 Philonis.
1326 899 1536 936 ——Angelorum
1545 904 1672 932 essentiae
1684 906 1842 941 spirituales

1052 945 1118 970 sunt
1138 951 1145 969 :
1163 942 1267 971 formas
1285 952 1349 972 vero
1365 945 1528 981 frequenter
1542 948 1678 978 humanas
1702 951 1844 986 exhibent,

1051 988 1135 1016 certis
1159 988 1195 1017 de
1206 990 1301 1018 causis
1318 990 1345 1018 in
1368 991 1485 1020 alienam
1504 995 1622 1029 speciem
1637 997 1842 1026 transformali.

1053 1056 1122 1084 ΤΙΤ.
1143 1057 1199 1086 νη.
1212 1071 1245 1079 -
1262 1058 1302 1086 De
1326 1060 1427 1099 angelis
1445 1067 1454 1087 :
1469 1061 1537 1099 τμιοά
1554 1061 1626 1099 Deus
1647 1065 1754 1099 angelos
1769 1066 1845 1093 nobis

1299 1095 1420 1122 custodes
1435 1096 1595 1131 praefecerit.

1087 1147 1175 1177 Exod.
1193 1150 1331 1183 “111,20,
1347 1150 1394 1179 2L
1420 1167 1454 1172 —
1483 1161 1492 1177 ι
1510 1152 1580 1180 Ecce
1595 1160 1648 1188 ego
1667 1154 1748 1183 mitto
1765 1162 1848 1192 ange—

1052 1193 1109 1222 lum
1125 1202 1215 1223 meum
1230 1198 1294 1224 ante
1316 1195 1415 1224 faciem
1445 1200 1533 1230 tuam.
1557 1202 1587 1225 ut
1604 1200 1744 1228 custodiat
1768 1205 1794 1229 te
1818 1202 1846 1229 in

1051 1240 1107 1272 via,
1124 1244 1154 1267 ut
1182 1241 1340 1269 introducat
1359 1246 1385 1270 te
1407 1242 1435 1270 in
1459 1248 1559 1271 terram
1585 1252 1669 1280 quam
1695 1247 1848 1282 praeparari

1052 1285 1112 1313 tibi.
1137 1286 1258 1315 Attende
1277 1288 1328 1316 tibi
1355 1287 1425 1324 ipsi,
1452 1293 1479 1317 et
1497 1289 1561 1317 audi
1583 1298 1678 1320 vocem
1695 1292 1768 1327 ejus.
1792 1291 1849 1321 Nec

1051 1333 1286 1361 contemnendum
1299 1338 1397 1369 putes;
1415 1335 1479 1370 quia
1500 1343 1556 1364 non
1573 1337 1718 1366 subtrahet
1733 1342 1769 1368 te.
1793 1339 1849 1368 No-

1052 1385 1113 1406 men
1129 1379 1203 1407 enim
1219 1388 1308 1408 meum
1325 1385 1368 1408 est
1382 1382 1409 1409 in
1426 1381 1483 1410 illo.
1499 1392 1509 1409 ι

1088 1423 1167 1452 Deut.
1187 1433 1275 1459 xxx”,
1294 1426 1320 1454 8.
1336 1442 1372 1447 —
1388 1436 1397 1453 l
1414 1427 1564 1457 Constituit
1579 1431 1712 1460 terminos
1731 1433 1849 1469 populo-

1052 1476 1113 1498 rum
1128 1471 1279 1498 secundum
1292 1479 1435 1508 numerum
1447 1474 1607 1509 angelorum
1620 1475 1676 1503 Dei.
1695 1486 1705 1503 ι

238 1524 260 1542 νε
288 1516 387 1551 Ὁρᾶτε
409 1515 448 1551 μὴ
474 1516 701 1552 καταφρονήσητε
726 1517 785 1549 ὲνδς
811 1518 867 1545 τῶν
894 1509 1001 1555 μικρῶν

1088 1514 1188 1544 Matth.
1213 1525 1298 1550 xvnl,
1333 1518 1377 1545 10.
1395 1533 1430 1539 -
1450 1528 1459 1545 ι
1479 1517 1576 1548 Videte
1600 1529 1635 1549 ne
1662 1523 1850 1553 eontemnatis

211 1562 313 1589 τούτων
323 1570 330 1577 ·
347 1561 419 1596 λέγω
432 1561 488 1598 γὰρ
502 1562 579 1597 ὑμῖν,
594 1562 635 1589 ὃτι
650 1563 676 1589 οἱ
687 1563 799 1598 ἄγγελοι
812 1564 903 1591 αὐτῶν
917 1565 945 1591 ὲν
956 1565 1001 1592 οὑ-

212 1608 304 1644 ρανοῖς
321 1607 451 1643 βλέπουσι
461 1607 493 1634 τὸ
505 1607 651 1644 πρόσωπον
669 1608 717 1636 τοῦ
729 1609 836 1645 Πατρός
850 1618 901 1646 μου
914 1610 961 1637 τοῦ
972 1611 1001 1638 ὲν

211 1654 344 1689 οὐρανοῖς.
369 1663 379 1680 ι

247 1700 354 1736 Ὥσπερ
372 1700 566 1735 παιδαγωγούς
581 1709 656 1733 τινας
672 1701 689 1738 ἢ
709 1701 887 1738 παιδονόμους
909 1703 1001 1730 ἐπιτε-

211 1744 366 1780 ταγμένους
389 1746 447 1776 τοῖς
471 1745 626 1781 ἀνθρώποις
652 1746 716 1778 τοὺς
734 1747 868 1782 ἀγγέλους
893 1748 972 1782 είδὼς
987 1749 1002 1776 ὁ

218 1790 393 1825 ¹Δπόστολος,
404 1792 445 1823 είς
461 1791 616 1827 μαρτυρίαν
630 1791 755 1820 ἐκάλεσε.

247 1881 318 1913 Τοὺς
334 1881 383 1916 μὲν
397 1880 493 1915 ἁγίους
503 1882 668 1917 φωταγωγοὶ
683 1882 865 1917 φυλάττουσιν
878 1883 1000 1918 ἄγγελοι,

211 1927 275 1958 τοὺς
287 1927 316 1954 δὲ
328 1926 447 1961 φαύλους
461 1927 605 1956 σκοτεινοί.

247 1972 365 2004 Πλοῦτος
392 1972 521 2007 γνώσεως
547 1973 596 2001 καὶ
617 1974 714 2009 σοφίας
739 1975 919 2010 προστίθησιν
935 1977 1002 2012 ἡμῖν

213 2018 347 2053 ἀγγέλους
362 2018 477 2050 πολλούς
487 2026 495 2034 ·
510 2020 524 2046 ὁ
537 2019 565 2046 δὲ
586 2020 741 2056 ἀκάθαρτος
763 2021 810 2048 καὶ
828 2021 884 2048 ἀπδ
897 2022 942 2049 τοῦ
956 2022 1000 2050 δο-

213 2065 305 2097 θέντος
324 2064 398 2100 αὐτῷ
423 2066 455 2091 ἐκ
474 2065 567 2098 παιδὸς
582 2065 698 2100 ἀγγέλου
721 2066 877 2103 χωρίζεται.
897 2068 929 2095 Ἦ
946 2067 1001 2104 γὰρ

213 2110 385 2146 πνευματικὴ
403 2110 479 2145 φιλία
495 2110 569 2139 ἔστιν
583 2111 669 2148 ἀρετὴ
682 2113 731 2139 καὶ
750 2113 852 2148 γνῶσις
872 2113 951 2147 Θεοῦ,
966 2114 1001 2141 δι’

213 2152 251 2183 ὗν
265 2156 456 2191 συναπτόμεθα
470 2157 539 2192 πρὸς
553 2157 647 2192 φιλίαν
663 2160 724 2190 ταῖς
740 2159 833 2192 ἁγίαις
842 2159 999 2196 δυνάμεσιν,

213 2199 241 2226 εί
257 2208 288 2234 γε
305 2201 330 2227 oi
349 2201 544 2236 μετανοοῦντες
562 2201 700 2237 ἄνθρωποι
712 2203 801 2238 χαρᾶς
815 2203 895 2231 αἴτιοι
910 2203 999 2238 γίνον-

214 2255 258 2273 ται
273 2247 330 2278 τοῖς
343 2247 482 2280 ἀγγέλοις.

214 2359 305 2387 ΤΙΤΛ.
322 2360 362 2387 li'.
371 2374 406 2380 —
416 2360 485 2395 Περὶ
500 2360 555 2395 τῆς
565 2360 619 2388 τοῦ
630 2360 787 2401 ἀνρρώπου
798 2359 939 2395 πλάσεως
950 2361 1000 2389 καί

507 2403 708 2430 κατασκευης.

253 2461 262 2477 ι
290 2451 434 2487 Ἐποίησεν
455 2453 470 2478 ὁ
495 2451 562 2484 Θεὸς
587 2452 632 2478 τὸν
657 2451 813 2488 ἄνθρωπον·
832 2452 891 2479 κατ’
909 2452 1002 2481 εἰκόνα

213 2496 280 2522 Θεοῦ
297 2497 425 2532 εποίησεν
439 2497 538 2525 αὐτόν·
556 2498 640 2533 ἄρσεν
665 2499 712 2526 καὶ
732 2499 799 2534 Θῆλυ
815 2499 941 2535 ἐποίησεν
954 2500 1003 2526 αὺ-

213 2550 288 2574 τους.
309 2551 318 2568 ι

252 2596 262 2613 ι
282 2587 418 2614 Ἐπλασεν
433 2589 447 2615 ὁ
458 2588 524 2620 Θεὸς
537 2589 582 2617 τὸν
597 2589 751 2624 ἄνθρωπον,
767 2591 856 2620 λαϐὼν
872 2592 936 2628 χοῦν
949 2592 1003 2619 ἀπὸ

214 2633 262 2668 τῆς
276 2632 340 2668 γῆς,
371 2634 417 2660 καλ⁸
444 2634 611 2670 ἐνεφύσησεν
637 2637 678 2668 είς
699 2637 730 2664 τὸ
754 2638 899 2674 πρόσωπον
919 2639 1002 2667 αὐτοῦ

214 2677 298 2712 πνοὴν
311 2676 393 2713 ζωῆς,
407 2680 455 2705 καὶ
470 2680 580 2713 ἐγένετο
590 2680 734 2716 ἅνθρωπος
747 2682 787 2714 είς
798 2682 887 2719 ψυχὴν
899 2683 1001 2715 ζῶσαν.

220 2724 370 2751 Ἐπέῦαλεν
397 2725 411 2752 ὁ
430 2725 496 2757 Θεὸς
522 2724 652 2754 ἔκστασιν
679 2727 726 2754 ἐπὶ
749 2727 796 2754 τὸν
830 2729 933 2764 Ἀδάμ·
955 2729 1004 2757 καὶ

215 2770 349 2804 ὕπνωσεν,
372 2771 420 2798 καὶ
446 2770 543 2798 ἔλασεν
559 2771 623 2806 μίαν
644 2772 676 2799 ὲκ
696 2773 820 2809 πλευρῶν
840 2773 932 2807 αὑτοῦ,
956 2775 1004 2802 καὶ

215 2817 387 2854 ἔνεπλήρωσε
405 2817 494 2853 σάρκα
510 2817 567 2845 ἀντ’
587 2818 682 2854 αὐτῆς,
699 2819 747 2846 καὶ.
763 2819 934 2857 ᾠκοδόμησεν
954 2821 1004 2849 αὺ-

375 2866 515 2896 ΡΑτιιοι.
539 2865 596 2896 Gn.
621 2865 712 2898 XCV.

1053 1569 1137 1589 unum
1152 1569 1185 1589 ex
1202 1563 1249 1590 his
1263 1563 1385 1598 pusillis.
1400 1564 1468 1592 Dico
1481 1566 1554 1593 enim
1570 1567 1660 1600 vobis,
1672 1570 1746 1604 quod
1759 1572 1849 1606 angeli

1052 1615 1148 1635 eorum
1173 1608 1199 1635 in
1220 1609 1300 1637 caelis
1317 1617 1427 1646 semper
1447 1610 1541 1639 vident
1570 1612 1668 1642 faciem
1686 1615 1778 1644 Patris
1794 1617 1849 1645 mei

1052 1652 1098 1687 qui
1116 1652 1143 1679 in
1158 1653 1238 1681 eoelis
1249 1658 1301 1682 est.
1320 1663 1329 1680 ι

1088 1698 1176 1726 Basil.
1192 1699 1238 1727 lib.
1256 1700 1295 1728 Do
1317 1709 1370 1736 sp.,
1396 1709 1458 1737 enp.
1475 1703 1517 1731 i5.
1532 1719 1566 1724 —
1581 1704 1718 1737 Quoniam
1733 1707 1850 1743 Aposto-

1053 1743 1096 1772 lus
1106 1748 1280 1780 perspcctum
1295 1745 1411 1774 habebat
1422 1747 1535 1783 angelos
1544 1748 1704 1779 hominibus
1719 1755 1849 1788 tanquam

1052 1790 1216 1825 paedagogos
1226 1790 1360 1826 quosdam
1373 1796 1399 1820 ct
1412 1793 1577 1823 educatores
1590 1804 1652 1825 esse
1668 1797 1849 1834 constitutos,

1052 1835 1158 1863 idcirco
1175 1836 1328 1866 testimonii
1349 1845 1434 1866 causa
1454 1847 1502 1868 eos
1514 1842 1633 1869 vocavit.

1088 1879 1207 1914 Didymi.
1223 1880 1351 1909 —-Probi
1375 1886 1403 1910 et
1424 1884 1513 1911 sancti
1529 1884 1581 1912 viri
1602 1886 1710 1916 lucidos
1734 1889 1850 1925 angelos

1053 1926 1185 1955 custodes
1197 1926 1318 1955 habent:
1338 1929 1402 1956 mali
1422 1934 1514 1957 autem
1531 1931 1705 1962 tenebrosos.

1088 1972 1187 2008 Eeagr.
1209 1973 1237 2000 in
1259 1972 1341 2001 Prov.
1356 1989 1392 1995 —-
1408 1974 1537 2003 Seientiaa
1563 1982 1590 2006 et
1617 1980 1761 2014 sapientia:
1782 1989 1848 2016 opcs

1053 2017 1155 2045 multos
1173 2018 1253 2046 nobis
1273 2019 1385 2054 angelos
1401 2023 1486 2048 testes
1504 2021 1670 2058 adjungunt.
1691 2024 1726 2052 At
1740 2025 1782 2053 \ir
1797 2026 1849 2054 im.

1052 2071 1151 2099 purus,
1167 2063 1203 2091 ab
1214 2063 1313 2100 angelo
1323 2065 1371 2100 qui
1389 2065 1442 2100 ipsi
1458 2074 1472 2093 a
1489 2075 1575 2102 puero
1587 2069 1668 2097 datus
1677 2075 1730 2102 est.
1740 2072 1849 2107 disjuu-

1052 2110 1136 2145 gitur.
1151 2110 1259 2138 Etenim
1276 2111 1431 2147 spiritualis
1454 2115 1575 2143 amicitia
1591 2116 1620 2144 in
1637 2118 1738 2147 virtute
1755 2124 1782 2148 et
1800 2129 1848 2148 co.

1053 2155 1174 2190 gnitione
1188 2155 1236 2184 Dei
1252 2158 1381 2185 consistit
1397 2168 1403 2186 :
1429 2167 1545 2194 quarum
1562 2169 1644 2198 opera
1666 2172 1728 2192 cum
1744 2167 1852 2195 sanctis

1051 2202 1157 2237 angelis
1172 2203 1301 2231 amicitia:
1315 2213 1387 2232 nexu
1407 2207 1580 2241 copulamur.
1599 2209 1740 2245 Siquidem
1760 2212 1849 2240 homi-

1051 2256 1112 2280 nes.
1127 2256 1197 2284 quos
1212 2250 1347 2278 scelerum
1367 2253 1495 2287 paenitet,
1514 2254 1616 2284 laetitiae
1630 2264 1725 2286 ansam
1742 2259 1849 2295 angelis

1051 2295 1274 2324 subministrant.

1053 2362 1120 2390 Tl'l‘.
1138 2362 1205 2402 νῃι.
1216 2364 1297 2392 -Πε
1311 2366 1425 2395 hominis
1435 2368 1646 2403 conformatione
1658 2376 1684 2399 et
1698 2376 1847 2401 structura.

1088 2455 1154 2484 Gen.
1165 2464 1185 2489 ι,
1202 2456 1247 2483 27.
1258 2472 1294 2478 -
1312 2467 1321 2483 α
1338 2457 1450 2487 Creavit
1463 2460 1535 2488 Deus
1547 2461 1687 2491 hominem
1705 2473 1711 2491 :
1728 2465 1763 2492 ad
1778 2466 1848 2493 ima-

1053 2502 1144 2537 ginem
1157 2501 1204 2530 Dei
1225 2502 1289 2531 fecit
1303 2504 1401 2534 illum:
1417 2507 1571 2535 masculum
1586 2511 1614 2535 et
1631 2507 1762 2537 feminam
1782 2511 1849 2540 fecit

1053 2552 1110 2574 eos.
1127 2555 1136 2572 ν
1865 2586 1868 2589 _

1087 2592 1153 2620 Gen.
1166 2601 1196 2626 ιι,
1213 2593 1228 2619 7
1247 2601 1335 2630 seqq..
1350 2609 1384 2616 -
1398 2605 1408 2622 ‹
1421 2596 1456 2623 Ει
1471 2596 1598 2626 formavit
1614 2598 1686 2628 Deus
1699 2600 1848 2636 hominem,

1053 2643 1168 2674 accepto
1184 2639 1251 2667 limo
1265 2640 1300 2668 de
1318 2644 1404 2675 terra,
1418 2646 1447 2670 et
1466 2642 1614 2679 inspiravit
1630 2645 1658 2672 in
1675 2646 1772 2675 faciem
1789 2649 1849 2684 ejus

1054 2685 1225 2720 spiraculum
1241 2686 1305 2715 vita
1322 2696 1329 2715 :
1346 2691 1373 2715 et
1400 2688 1491 2717 factus
1511 2694 1554 2718 est
1576 2691 1658 2720 homo
1683 2693 1712 2720 in
1728 2685 1867 2723 animam!

1054 2729 1202 2759 viventem.
1213 2731 1333 2759 Immisit
1348 2732 1422 2761 Deus
1432 2735 1564 2763 exstasim
1579 2736 1607 2764 in
1621 2737 1707 2765 Adam
1722 2743 1770 2766 :et
1784 2748 1849 2769 cum

1054 2775 1250 2811 obdormisset,
1261 2779 1369 2814 accepit
1379 2787 1462 2808 uuam
1477 2781 1511 2809 de
1526 2783 1613 2811 costis
1627 2783 1699 2818 ejus,
1717 2790 1742 2813 ct
1758 2787 1849 2822 reple-

1055 2823 1217 2852 vitearnem
1234 2831 1284 2859 pro
1302 2832 1345 2854 ea.
1366 2825 1399 2855 Et
1419 2827 1564 2857 aediﬁcavit
1585 2829 1720 2861 Dominus
1742 2837 1847 2861 costam

1595 2876 1670 2908 ‘35
