2080 3111
237 107 308 142 1099

839 107 869 138 S.
890 107 1050 139 IOANNIS
1068 108 1284 140 DAMASCENI

1803 107 1877 139 “00

237 165 264 192 in
291 164 447 197 mulierem,
465 167 493 192 et
519 161 634 193 adduxit
658 169 722 191 eam
744 161 778 190 ad
798 162 894 191 Adam.
914 163 948 190 Et
961 163 1029 191 dixit

1087 163 1130 199 τὴν
1142 165 1183 196 εἰς
1201 165 1329 199 γυναῖκα,
1351 164 1398 191 καὶ
1411 164 1514 200 ἢγαγεν
1528 163 1613 201 αὐτὴν
1627 163 1694 198 πρὸς
1709 163 1754 191 τὸν
1776 164 1873 200 Ἀδάμ.

237 211 323 239 Adam
345 220 352 238 :
370 210 426 238 ΙΙοο
438 217 511 238 nunc
525 214 567 238 est
578 209 765 238 osexossibus
783 209 863 243 meis,
879 213 906 237 et
919 217 985 237 caro
999 210 1033 238 de

237 265 318 286 carne
334 265 403 286 mea.
429 256 491 285 llaec
506 255 652 284 vocabitur
673 255 771 284 mulier
796 256 856 291 (seu
871 256 953 291 vira),
967 257 1032 292 quia

237 305 271 331 de
286 304 345 331 viro
367 310 418 330 suo
433 306 542 338 sumpta
558 306 601 330 est
615 302 685 338 ipsa.
700 301 816 338 Propter
827 302 880 330 hoc
895 303 1034 338 relinquet

238 350 321 376 homo
335 351 438 382 patrem
456 352 484 375 et
501 351 628 379 matrem,
647 351 674 375 et
693 347 842 376 adhaerebit
860 348 940 377 uxori
965 356 1032 383 sum,

237 399 265 429 et
279 399 359 424 erunt
377 395 432 422 duo
448 395 476 423 in
495 401 607 422 carnem
628 401 721 422 unam.
738 404 748 420 ι

272 484 325 513 Job
352 493 379 518 ι,
395 485 423 518 8,
440 483 485 517 ti,
497 483 524 512 9.
543 498 579 503 --
596 491 606 509 ‹
625 482 722 512 Manus
752 486 806 511 tute
833 481 960 511 fecerunt
977 491 1032 517 me,

236 535 265 560 et
283 531 490 567 plasmaverunt
512 537 567 557 tne.
583 528 658 557 Pelle
680 532 706 556 et
726 536 809 557 carne
832 529 943 557 vestisti
972 537 1033 564 me;

237 576 349 604 ossibus
372 579 400 604 et
423 575 517 603 nervis
544 573 708 610 compegisti
732 581 786 602 me.
813 574 949 602 Memento
968 575 1034 611 quia

238 623 310 650 sicut
326 622 413 650 lutum
434 620 538 651 tinxisti
554 628 615 654 me;
637 625 666 648 et
683 628 781 649 rursus
795 620 824 648 in
835 624 936 649 terram
950 621 1034 650 redu-

239 675 286 696 ces
301 675 355 696 me.
375 676 385 692 ι

274 713 352 741 Puri.
368 720 484 745 ιιιςνιιι,
503 712 532 747 6,
553 712 580 740 7.
600 726 631 732 ---
655 721 664 738 t
682 711 881 741 Verumtamen
903 713 1034 741 universa

237 760 366 791 vanitas,
401 759 492 787 omnis
524 758 610 786 homo
645 758 750 787 vivens.
778 758 974 787 Verumtamen
1007 759 1034 788 in

238 803 359 840 imagine
370 802 521 839 pertransit
540 803 643 837 homo;
668 803 717 832 sed
736 807 764 831 et
789 803 894 832 frustra
917 809 1034 834 contur-

239 851 330 879 batur.
352 859 362 877 ι

273 895 352 923 Psal.
368 902 427 929 ctu,
441 894 534 923 29.-—
558 904 568 922 ι
588 895 705 924 Auferes
730 895 856 931 spiritum
877 903 984 930 eorum,
1009 900 1036 925 et

240 941 368 970 deﬁcient
385 950 393 969 :
414 946 441 969 et
454 941 482 968 in
496 941 635 976 pulverem
651 949 731 969 suum
748 946 954 970 convertentur.
976 952 985 969 ι

273 986 364 1016 Εεεισ.
380 995 422 1020 ιιι,
436 987 482 1014 20.
498 1002 535 1009 --
554 997 564 1014 ι
584 987 683 1015 Omnia
699 987 733 1016 de
759 992 831 1016 terra
861 988 935 1016 facta
949 993 1035 1023 sunt;

239 1037 266 1061 et
278 1033 370 1061 omnia
388 1033 416 1060 in
430 1036 532 1060 terram
549 1036 734 1060 revertentur.
752 1042 763 1060 ι

273 1078 341 1114 ‘Sap.
354 1087 390 1112 tt,
403 1079 450 1107 25.
465 1094 502 1099 -
514 1078 597 1114 310
614 1087 624 1104 ι
641 1078 713 1108 Deus
729 1079 834 1108 creavit
847 1079 881 1108 de
897 1084 970 1108 terra
986 1080 1036 1109 ho-

232 1125 342 1152 minem
361 1124 639 1159 inexterminahilem,
659 1130 686 1153 et
699 1124 733 1153 ad
754 1126 903 1162 imaginem
923 1127 1034 1155 aeterni-

240 1171 303 1199 tatis
321 1178 379 1199 suae
393 1170 459 1198 fecit
477 1171 566 1198 illum.
588 1180 598 1197 ι

274 1217 340 1251 Sap.
354 1224 392 1251 rx,
407 1217 433 1250 Ι,
445 1217 473 1244 2.
484 1232 519 1237 ——
536 1225 546 1243 ι
563 1217 616 1251 Qui
633 1217 721 1246 fecisti
737 1218 830 1246 omnia
842 1219 926 1247 verbo
939 1223 997 1254 tuo,
1009 1225 1036 1248 et

240 1262 374 1298 sapientia
386 1266 433 1289 tua
449 1262 622 1290 constituisti
638 1263 789 1296 hominem,
802 1267 830 1290 ut
846 1263 1036 1293 dominaretur

240 1313 386 1341 creaturae,
412 1316 473 1343 quae
487 1315 502 1336 a
528 1314 555 1336 te
575 1308 647 1336 facta
662 1314 716 1342 est,
741 1314 771 1337 ut
787 1309 915 1345 disponat
939 1311 1035 1340 orbem

240 1358 324 1382 terrae
338 1355 365 1382 in
377 1354 508 1390 :squitate
524 1358 551 1383 et
565 1355 685 1390 juslitia,
701 1359 728 1383 et
740 1356 766 1383 in
778 1356 931 1386 directione
942 1358 1035 1386 cordis

238 1400 510 1436 judicium'judicet.
531 1410 541 1427 ι

276 1445 343 1481 Sap.
359 1454 408 1479 vn,
426 1446 452 1473 t.
466 1461 498 1467 ——-
524 1455 533 1472 ι
552 1445 585 1473 Ει
603 1453 654 1483 ego
671 1447 783 1483 quidem
797 1448 923 1477 mortalis
941 1448 1034 1482 homo,

1083 211 1139 238 Καὶ
1164 208 1241 237 εἶπεν
1262 211 1363 245 Ἀδάμ·
1395 210 1481 238 Τοῦτο
1500 210 1547 237 νῦν
1564 211 1638 238 ἐστιν
1652 210 1749 237 ὀστοῦν
1773 212 1806 238 ἐκ
1818 213 1870 240 τῶν

1083 257 1183 284 ὀστέων
1196 265 1260 292 μου,
1275 257 1323 284 καὶ
1338 255 1406 291 σὰρξ
1416 257 1447 282 ὲκ
1461 256 1511 291 τῆς
1525 256 1627 291 σαρκός
1645 264 1707 291 μου.
1720 255 1794 292 Αὕτη
1807 258 1874 291 κληοι

1084 301 1197 338 Οήσεται
1211 303 1293 338 γυνὴ,
1304 303 1345 329 ὂτι
1356 303 1389 329 ὲκ
1404 301 1453 329 τοῦ
1468 301 1564 337 ἀνδρὸς
1573 302 1659 337 αὐτῆς
1673 301 1780 337 ἐλήφθη
1792 301 1873 338 αὐτή·

1083 348 1178 376 ἕνεκεν
1192 349 1288 376 τούτου
1298 348 1457 384 καταλείψει
1466 347 1514 375 ἄνθ
1517 356 1610 384 ρωπος
1617 347 1664 374 τὸν
1674 348 1742 375 πατέ
1747 356 1780 383 ρα
1791 347 1876 375 αὐτοῦ

1083 395 1131 423 καὶ
1143 395 1194 431 τὴν
1202 395 1309 431 μητέρα
1315 393 1409 427 αὐτοῦ,
1417 393 1465 421 καὶ
1475 393 1742 430 προσκολληθήσεται
1751 395 1818 428 πρὸς
1826 394 1876 429 τὴν

1083 442 1201 476 γυναῖκα
1214 440 1308 468 αὑτοῦ·
1322 440 1371 468 καὶ
1383 440 1491 467 ἔσονται
1504 440 1529 467 οἱ
1540 439 1588 467 δύο
1605 440 1646 471 είς
1663 440 1753 475 σάρκα
1768 439 1843 475 μίαν.
1863 448 1874 466 ι

1122 497 1132 515 ι
1150 488 1183 515 Ai
1197 487 1288 523 χεῖρές
1307 496 1352 514 σου
1364 487 1497 523 ἐποίησάν
1512 495 1558 522 με,
1575 486 1624 514 καὶ
1633 486 1772 514 ἔπλασανο
1787 485 1876 522 δέρμα

1084 533 1133 561 καὶ
1145 533 1229 569 κρέας
1241 533 1378 566 ἐνέδυσας,
1394 532 1500 565 ὀστέοις
1518 533 1546 559 δὲ
1559 534 1606 560 καὶ
1621 531 1728 568 νεύροις
1747 541 1780 568 με
1806 533 1876 559 ἐνετ-

1086 589 1146 616 ρας.
1156 579 1300 616 Μνήσθητι
1312 580 1354 607 ὅτι
1366 579 1452 615 πηλόν
1473 588 1506 615 με
1531 579 1665 614 ἔπλασας,
1678 580 1718 611 είς
1728 579 1757 606 δὲ
1774 574 1876 615 γῆνμε

1085 626 1167 654 πάλιν
1183 625 1378 662 ἀποστρέφεις.
1394 635 1404 653 ›

1124 725 1133 742 ι
1153 714 1227 752 Πλὴν
1249 715 1284 743 τὰ
1312 714 1459 751 σύμπαντα
1475 715 1637 751 ματαιότης,
1663 715 1720 747 πᾶς
1735 714 1877 751 ἄνθρωπος

1086 762 1160 794 ζῶν·
1176 762 1268 798 μέντοι
1291 769 1325 797 γε
1350 762 1379 788 ὲν
1406 761 1490 789 εικόνι
1505 761 1696 798 διαπορεύεται
1721 761 1876 798 ἄνθρωπος,

1087 808 1157 845 πλὴν
1170 807 1259 844 μάτην
1269 807 1448 844 ταράσσεται.
1465 817 1474 834 ι

1126 905 1135 922 ι
1158 894 1327 927 ’Δντανελεῖς
1347 895 1379 921 τδ
1398 894 1509 930 πνεῦμα
1520 895 1622 928 αὐτῶν,
1647 895 1696 922 καὶ
1708 895 1875 931 ἐπιλείψουσι,

1086 941 1135 968 καὶ
1149 941 1188 973 είς
1201 941 1247 968 τδν
1262 940 1326 976 χοῦν
1337 940 1428 968 αὐτῶν
1444 940 1664 976 ἐπιστρέφουσιν.
1686 950 1697 967 ι

1125 996 1135 1013 ‹
1150 987 1191 1014 Τὰ
1208 987 1298 1014 πάντα
1312 987 1423 1022 ἐγένετο
1447 987 1479 1014 ἐκ
1501 986 1548 1014 τοῦ
1562 986 1635 1022 χοὸς,
1659 987 1707 1014 καὶ¹
1730 987 1766 1015 τὰ
1789 987 1878 1015 πάντα

1087 1033 1247 1069 ἐπιστρέψει
1264 1034 1305 1066 είς
1325 1033 1376 1070 τὴν
1393 1034 1456 1070 γῆν.
1477 1043 1488 1060 ι

1124 1089 1134 1106 t
1159 1079 1188 1107 '0
1202 1080 1269 1112 Θεὸς
1299 1080 1391 1108 ἔκτισε
1417 1080 1465 1107 τὸν
1493 1079 1637 1116 ἄνθρωπον
1665 1079 1712 1107 ἐπὶ
1726 1079 1876 1116 ἀφθαρσίᾳ,

1086 1126 1134 1153 καὶ
1158 1126 1219 1154 κατ’
1241 1126 1333 1153 εἰκόνα
1354 1126 1404 1162 τῆς
1427 1125 1495 1159 ιδίας
1517 1126 1670 1162 ἀῖδιότητος
1683 1125 1811 1162 εποίησεν
1825 1126 1877 1152 αὑ-

1085 1173 1142 1202 τόν.
1150 1181 1176 1200 Ἱ

1125 1230 1135 1247 t
1157 1220 1187 1247 Ὁ
1201 1220 1317 1256 ποιήσας
1330 1219 1365 1247 τὰ
1381 1220 1470 1247 πάντα
1483 1219 1513 1247 ὲν
1529 1218 1602 1255 λόγῳ
1617 1227 1664 1246 σου
1679 1218 1727 1246 καὶ
1743 1219 1777 1254 τῇ
1796 1216 1878 1253 σοφίᾳ

1087 1278 1135 1298 σου
1151 1269 1361 1300 κατασκευάσας
1375 1268 1530 1303 ἄνθρωπον,
1549 1267 1594 1294 ἵνα
1617 1265 1736 1301 δεσπόζῃ
1748 1265 1802 1292 τῶν
1825 1263 1880 1292 ὑπὸ

1088 1316 1135 1344 σοῦ
1162 1315 1319 1352 γενομένων
1345 1315 1514 1351 κτισμάτων,
1537 1313 1585 1341 καὶ
1611 1312 1694 1349 διέπῃ
1708 1311 1753 1339 τὸν
1775 1311 1879 1347 κόσμον

1086 1364 1116 1390 ὲν
1135 1362 1254 1398 ὁσιότητι
1269 1361 1317 1389 καὶ
1330 1361 1505 1396 δικαιοσύνῃ,
1527 1361 1576 1387 καὶ
1587 1360 1616 1386 ὲν
1641 1358 1770 1394 εὐθύτητι
1785 1357 1882 1394 κρίσιν

1086 1408 1218 1490 κρξνῖἕίιέὶ
1241 1453 1293 1489 μὲν
1309 1451 1388 1488 κάγὼ
1413 1451 1509 1487 θνητὸς
1523 1451 1678 1487 ἄνθρωπος,
1703 1450 1758 1483 ἴσος
1775 1450 1880 1478 ἅπασιν

241 1492 343 1522 similis
368 1492 507 1525 omnibus,
528 1497 556 1521 et
578 1501 611 1521 ex
634 1500 733 1528 genere
763 1497 874 1522 terreno
900 1496 1034 1523 oriundus

1087 1501 1135 1530 καὶ
1148 1499 1280 1538 γηγενοῦς
1300 1500 1434 1535 ἀπόγονος
1447 1499 1673 1536 πρωτοπλάστου,
1688 1498 1736 1526 καὶ
1748 1499 1778 1525 ὲν
1788 1497 1879 1534 κοιλία

243 1540 318 1568 illius
330 1539 375 1575 qui
392 1539 467 1575 prior
481 1539 571 1568 iactus
585 1543 637 1573 est,
652 1543 679 1567 et
694 1540 721 1567 iu
739 1543 834 1568 ventre
850 1542 947 1569 matris
965 1542 1034 1578 [igu-

231 1589 320 1614 :ratus
334 1593 394 1613 sum
409 1593 486 1618 caro,
502 1585 594 1614 decem
614 1586 751 1614 mensium
768 1590 892 1623 tempore
907 1588 1035 1623 coagula-

232 1636 287 1660 =tus
301 1639 363 1660 sum
378 1632 404 1659 in
416 1631 603 1668 sanguine,ex
615 1632 721 1660 semine
733 1632 863 1666 hominis,
873 1637 901 1661 et
916 1633 1035 1662 delecta-

242 1682 337 1706 mento
362 1678 453 1705 somni
479 1677 671 1706 conveniente.
699 1677 733 1705 Et
750 1685 803 1713 ego
830 1683 915 1707 natus
940 1680 1035 1715 accepi

231 1727 417 1752 communem
445 1731 548 1756 aerem,
569 1727 597 1751 et
617 1723 645 1751 in
662 1723 791 1752 similiter
819 1724 921 1752 factam
948 1726 1035 1754 decidi

243 1774 363 1803 terram;
378 1772 405 1797 et
418 1769 534 1805 primam
553 1777 648 1797 vocem
663 1769 783 1798 similem
808 1770 938 1800 omnibus
953 1772 1035 1800 emisi

242 1816 366 1851 plorans.
393 1815 423 1843 lu
447 1815 644 1844 involumentis
672 1816 795 1844 nutritus
816 1824 889 1850 sum,
906 1821 933 1845 et
947 1818 1035 1847 curis.

239 1861 328 1890 Nemo
342 1861 417 1888 enim
435 1868 467 1888 ex
483 1861 596 1897 regibus
611 1860 683 1889 aliud
701 1861 796 1889 habuit
811 1862 964 1891 nativitatis
980 1864 1035 1891 ini-

242 1907 323 1935 tium.
334 1905 412 1935 Unus
426 1914 493 1942 ergo
507 1907 636 1935 introitus
651 1911 694 1936 est
706 1908 836 1936 omnibus
851 1909 885 1936 ad
899 1909 994 1944 vitam,
1009 1915 1036 1938 et

243 1953 342 1982 similis
357 1953 457 1980 exitus.
479 1962 489 1980 ι

274 1996 364 2024 Eccli.
379 2004 446 2030 xvrt,
464 1997 490 2029 t,
508 1996 535 2024 2.
553 2012 587 2017 —
605 2006 614 2023 ι
634 1996 768 2026 Dominus
783 1999 888 2028 creavit
908 1999 942 2027 de
962 2004 1035 2029 terra

242 2045 391 2073 hominem.
420 2043 572 2072 Numerum
597 2043 704 2072 dierum
722 2049 749 2072 et
770 2048 877 2081 tempus
894 2046 969 2074 dedit
985 2048 1034 2081 illi,

243 2095 271 2118 et
282 2094 445 2126 potestatem
461 2097 545 2125 super
566 2097 635 2117 eam.
653 2090 693 2117 Ad
712 2090 859 2126 imaginem
875 2099 952 2119 suam
970 2091 1036 2120 fecit

243 2135 320 2163 illum
338 2144 345 2163 :
363 2138 390 2162 et
405 2135 497 2170 posuit
512 2135 639 2162 timorem
655 2135 742 2170 ipsius
754 2143 836 2171 super
851 2144 960 2165 omnem
976 2145 1036 2166 car-

1089 1547 1194 1584 μητρὸς
1207 1546 1327 1583 ὶγλύφην
1336 1546 1415 1583 σὰρξ,
1430 1545 1616 1581 δεκαμηνιαίῳ
1635 1544 1834 1580 χρόνῳ¹τεαγεὶς
1848 1544 1878 1571 ὲν

1088 1595 1194 1630 αἵματι,
1211 1594 1244 1621 ἐκ
1259 1594 1418 1630 σπέρματος
1425 1593 1534 1628 ἀνδρὸς,
1550 1594 1597 1619 καὶ
1614 1591 1712 1628 ἡδονῆς
1726 1590 1802 1626 ὕπνῳ
1815 1599 1879 1617 συν-

1088 1639 1230 1676 ελθούσης.
1243 1639 1298 1667 Καὶ
1311 1638 1365 1674 ἐγὼ
1378 1638 1406 1665 δὲ
1420 1638 1565 1673 γενόμενος
1589 1637 1697 1664 ἐσπασα
1721 1636 1767 1664 τὸν
1789 1636 1879 1664 κοινὸν

1088 1685 1168 1721 ἀέρα,
1182 1685 1230 1712 καὶ
1244 1684 1291 1711 ἐπὶ
1304 1683 1355 1720 τὴν
1365 1681 1518 1718 ὁμοιοπαθῆ
1530 1681 1669 1709 κατέπεσα
1683 1680 1751 1716 γῆν,
1767 1679 1878 1716 πρώτην

1089 1730 1182 1766 φωνὴν
1196 1729 1245 1765 τὴν
1256 1729 1353 1765 ὁμοίαν
1369 1728 1452 1756 πᾶσιν
1469 1728 1515 1755 ἴσα
1527 1727 1627 1754 κλαίων
1637 1734 1645 1741 ·
1664 1727 1693 1753 ὲν
1711 1725 1878 1762 σπαργάνοις

1088 1775 1244 1811 ἀνετράφην
1259 1775 1308 1802 καὶ
1332 1775 1361 1814 έν
1384 1773 1533 1809 φροντίσιν.
1555 1773 1651 1804 οὐδεὶς
1670 1771 1725 1808 γὰρ
1752 1771 1878 1807 βασιλεὺς

1089 1822 1186 1858 ἑτέραν
1196 1822 1259 1857 ἔσχε
1274 1821 1407 1856 γενέσεως
1421 1821 1508 1856 ἀρχήν
1518 1828 1526 1837 ’
1542 1820 1592 1856 μία
1606 1819 1635 1847 δὲ
1652 1819 1761 1848 πάντων
1775 1817 1877 1850 εἴσοδος

1089 1867 1129 1900 είς
1141 1867 1186 1895 τὸν
1201 1867 1315 1903 κόσμον,
1330 1866 1420 1901 ἔξοδος
1434 1866 1489 1902 ἴση.
1505 1875 1515 1892 ›

1126 2015 1136 2032 ι
1156 2005 1258 2041 Κύριος
1286 2004 1379 2032 ἔκτισε
1393 2005 1426 2031 ὲκ
1443 2004 1495 2040 γῆς
1509 2003 1670 2039 ἄνθρωπον·
1693 2003 1802 2039 ἡμέρας
1816 2002 1877 2037 ἀρι-

1089 2050 1174 2087 θμοὺς
1199 2051 1247 2078 καὶ
1262 2051 1357 2087 καιρὸν
1385 2050 1484 2078 ἔδωκεν
1507 2050 1593 2085 αὐτῷ,
1616 2050 1665 2077 καὶ
1680 2049 1780 2076 ἔδωκεν
1802 2048 1878 2083 αὐτῷ

1089 2098 1212 2132 ἐξουσίαν
1225 2098 1270 2125 ἐπ’
1281 2097 1377 2133 αὐτῆς.
1394 2098 1462 2125 Κατ’
1475 2097 1568 2124 είκόνα
1586 2097 1671 2124 αὑτοῦ
1686 2096 1813 2131 ἐποίησεν
1829 2096 1878 2122 αὺ-

1088 2144 1145 2176 τὸν,
1160 2144 1207 2171 καὶ
1219 2144 1316 2180 ἔθηκεν
1330 2143 1376 2171 τὸν
1388 2143 1470 2178 φόϐον
1486 2142 1570 2169 αὑτοῦ
1593 2142 1639 2169 ἐπὶ
1656 2141 1747 2177 πάσης
1764 2141 1878 2177 σαρκὸς,

243 2187 316 2213 nem,
341 2183 368 2207 et
392 2180 552 2207 dominatus
577 2184 620 2208 est
649 2180 801 2208 bestiarum
827 2186 854 2209 et
881 2183 1032 2218 reptilium.

1087 2190 1296 2226 κατακυριεύειν
1310 2189 1414 2226 θηρίων
1427 2188 1474 2217 καὶ
1488 2187 1621 2224 ἑρπετῶν.
1640 2187 1809 2220 Διαδούλιον,
1830 2187 1878 2214 καὶ

242 2225 377 2257 Consilio,
394 2229 421 2253 et
446 2226 594 2260 sententia,
616 2230 643 2255 et
668 2227 768 2262 oculis,
781 2233 808 2256 et
831 2229 978 2265 disciplina
994 2230 1034 2258 in-

243 2270 401 2307 telligentim
415 2271 531 2306 replevit
547 2279 610 2300 eum
628 2282 634 2300 :
653 2278 681 2301 et
696 2273 767 2302 bona
781 2279 809 2302 et
827 2276 899 2304 mala
913 2278 1036 2306 ostendit

241 2323 278 2343 el.
296 2325 306 2342 ι

278 2360 363 2389 Eccli.
379 2370 437 2395 xu,
452 2363 494 2391 l3.
507 2378 542 2383 —
557 2372 567 2390 ι
589 2363 685 2392 Omnia
698 2373 759 2401 quae
774 2366 808 2394 de
823 2370 898 2395 terra
914 2373 988 2401 sunt,
1006 2368 1033 2396 in

241 2412 342 2436 terram
359 2413 539 2436 revertentur.
559 2419 568 2435 ι
769 2407 773 2418 ⁴

245 2484 249 2487 _
277 2453 373 2489 ΕρΙιεε.
392 2463 423 2488 ιι,
438 2454 465 2482 8.
482 2471 517 2477 -—
534 2464 543 2481 ι
559 2455 649 2491 ipsius
661 2456 764 2485 factura
782 2466 888 2492 sumus,
902 2461 987 2488 creati
1004 2462 1031 2489 in

239 2499 348 2539 Christo
368 2499 434 2528 Jesu
455 2500 483 2528 in
507 2501 641 2536 operibus
666 2502 756 2537 hortis,
779 2512 840 2540 quae
869 2508 1030 2541 preparavit

239 2545 322 2579 Deus,
340 2550 369 2572 ut
382 2546 408 2573 in
426 2546 494 2580 ipsis
508 2547 690 2577 ambulemus.
709 2559 719 2576 ι

270 2590 333 2618 Jac.
350 2598 368 2623 I,
383 2590 426 2618 t8.
437 2606 472 2611 —
489 2600 499 2616 ι
520 2590 681 2622 Voluntaria
703 2596 799 2630 genuit
816 2603 867 2625 nos
882 2599 965 2627 verbo
981 2608 1027 2628 ve-

1084 2237 1180 2271 δόξαν,
1207 2237 1255 2264 καὶ
1283 2235 1460 2272 ὀφθαλμοὺς,
1487 2235 1535 2262 καὶ
1563 2235 1719 2270 ἐπιστήμην
1742 2233 1876 2264 συνέσεως

1084 2284 1234 2320 ἐνέπλησεν
1256 2283 1357 2316 αὑτὸν,
1381 2283 1429 2310 καὶ
1454 2283 1545 2318 ἀγαθὰ
1569 2283 1617 2310 καὶ
1640 2281 1714 2310 κακὰ
1737 2279 1878 2312 ὑπέδειξεν

1085 2330 1249 2402 αὺίῳιῖιόίντα
1264 2375 1314 2402 ὅσα
1324 2374 1380 2402 ἀπὺ
1395 2374 1458 2410 γῆς,
1473 2374 1512 2406 εἰς
1525 2375 1576 2410 τὴν
1588 2372 1640 2409 γῆν
1651 2372 1839 2400 “deﬁat-'1‘"
1861 2382 1872 2398 ’

1123 2474 1132 2490 ι
1152 2463 1241 2491 Αὑτοῦ
1256 2464 1340 2499 ἐσμεν
1351 2463 1469 2499 ποίημα,
1485 2463 1644 2495 κτισθέντες
1657 2463 1686 2489 ἐν
1698 2462 1790 2499 ἔργοις
1804 2463 1874 2498 ἀγα·
1926 2499 1931 2505 ᾔ

1084 2510 1140 2542 θοῖς
1154 2511 1183 2537 ἐν
1198 2510 1309 2546 Χριστῷ
1332 2509 1429 2546 Ἰησοῦ,
1443 2507 1484 2541 οἷς
1497 2510 1701 2545 προητοίμασεν
1713 2511 1727 2537 ὁ
1742 2510 1819 2542 Θεὸς,
1831 2510 1874 2537 ἵνα

1083 2555 1112 2581 ὲν
1125 2554 1200 2590 αὐτῷ
1214 2555 1457 2590 περιπατήσωμεν.
1477 2564 1487 2581 ι

1120 2607 1130 2625 ι
1148 2599 1292 2634 Βουληθεὶς
1319 2599 1474 2635 ἀπεκύησεν
1497 2601 1572 2636 ἡμᾶς
1585 2601 1658 2636 λόγῳ
1675 2601 1814 2636 ἀληθείας,
1833 2601 1873 2632 εἰς

238 2632 338 2682 ritatis,
365 2638 395 2661 ut
415 2635 503 2663 simus
518 2635 628 2665 initium
644 2639 756 2674 aliquod
772 2646 907 2670 creaturae
922 2645 990 2679 ejus.
1014 2655 1023 2672 ι

1087 2645 1110 2671 εδ
1122 2643 1191 2672 εἶναι
1202 2632 1276 2681 ήρᾶς
1287 2632 1488 2681 ἀπαρχήνήτινα
1567 2632 1664 2673 ἑαυτοῦ
1678 2632 1846 2682 κτισμάτῷν.
1860 2657 1872 2673 ι

271 2679 411 2708 Clementis
427 2689 513 2717 papw,
528 2683 604 2718 ερίει.
621 2685 647 2712 1.
662 2699 697 2706 -
709 2686 778 2714 Cum
793 2688 851 2723 ipse
868 2691 904 2718 sit
918 2697 1027 2720 creator

1115 2691 1201 2724 Αὐτὸς
1218 2692 1231 2718 ὁ
1245 2692 1417 2728 Δημιουργὸς
1445 2692 1493 2720 καὶ
1515 2694 1654 2728 Δεσπότης
1674 2693 1730 2720 τῶν
1744 2693 1875 2720 ἁπάντων

898 2743 1012 2773 νΑιιιλΕ
1029 2746 1228 2776 LECTIONES.

291 2780 686 2832 1ﬂgitffngendla‘editionem
708 2788 824 2823 Usserii,
841 2791 887 2825 qui
908 2799 940 2820 ex
961 2793 1162 2828 coniectatione
1179 2795 1215 2823 ita
1231 2795 1401 2829 restituerat,
1422 2795 1506 2823 αὺτοῦ
1532 2796 1613 2832 σοφίᾳ
1637 2797 1793 2832 ἐκόσμησεν
1821 2797 1872 2824 αὑ-

237 2814 300 2846 τούς
309 2823 315 2829 ⁸
330 2817 382 2851 γῆν
395 2826 425 2844 τε
437 2819 601 2855 διεμέρισεν.
