2080 3111
217 198 261 225 επὶ
277 197 333 229 τοῖς
347 196 439 232 ἔργοις
462 195 544 223 αὑτοῦ
564 195 723 230 ἀγάλλεται.
739 192 784 230 Τῷ
795 192 849 228 γὰρ
864 200 1007 228 παμμεγε-
1021 195 1045 225 Α

217 242 307 277 στάτῳ
317 241 400 270 αὑτοῦ
414 241 509 277 κράτει
522 240 654 276 οὐρανοὺς
666 238 817 275 ἐστήριξεν,
835 238 880 265 καὶ
895 239 928 273 τῇ
941 238 1009 264 ἀκα-

215 289 346 325 ταλήπτῳ
360 288 442 316 αὑτοῦ
463 289 570 315 συνέσει
582 287 764 323 διεκόσμησεν
784 285 899 318 αὐτούς·
913 287 965 321 γῆν
980 284 1009 312 δὲ

217 334 349 370 ἐχώρισεν
369 333 424 360 ἀπὸ
454 333 500 361 τοῦ
521 333 695 369 περιέχοντος
721 332 807 367 αὐτὴν
825 332 932 364 ὕδατος,
961 331 1008 358 καὶ

215 380 332 415 ἥδρασεν
352 378 398 405 ἐπὶ
415 378 462 405 τὸν
485 378 596 413 ἀσφαλῆ
611 377 658 405 τοῦ
678 377 743 404 ἰδίου
759 377 912 412 θελήματος
927 375 1008 411 θεμέ-

215 426 284 452 λιον.
305 424 369 451 Ἐπὶ
384 423 490 456 τούτοις
513 423 558 451 τὸν
584 423 751 459 ὲξοχώτατον
768 422 816 449 καὶ
840 421 1006 458 παμμεγέθη

215 471 358 506 ἄνθρωπον
385 471 446 501 ταῖς
471 469 551 501 ἰδίαις
578 469 661 497 αὐτοῦ
686 468 734 496 καὶ
754 468 882 504 ἀμώμοις
911 467 1006 503 χερσὶν

216 515 344 547 ἔπλασεν,
361 516 411 551 τῆς
425 515 522 542 ἑαυτοῦ
535 514 640 547 εἰκόνος
654 515 826 550 χαρακτῆρα.
844 513 936 546 οὕτως
951 513 1006 549 γάρ

215 569 298 596 φησιν
314 561 328 587 ὁ
339 560 405 592 Θεός
417 569 423 575 ·
441 568 451 586 ι
480 560 643 595 Ποιήσωμεν
663 559 806 594 ἄνθρωπον
824 559 886 585 κατ’
913 558 1006 585 εἰκόνα

214 604 362 640 ἡμετέραν,
384 604 431 631 καὶ
447 603 659 640 καθ’όμοίωσιν.
685 603 740 630 Καὶ
760 603 889 638 ἐποίησεν
910 604 924 630 ὁ
939 603 1005 635 Θεὸς

213 651 259 677 τὸν
285 650 440 686 ἄνθρωπον,
467 650 551 686 ἄρσεν
572 650 619 677 καὶ
635 649 702 685 θῆλυ
721 650 849 685 ἐποίησεν
865 649 973 682 αὐτούς.
992 659 1001 676 ι

214 694 307 721 Ταῦτα
320 693 366 721 οὖν
377 695 467 722 πάντα
481 694 637 727 τελειώσας,
658 694 785 730 ἐποίησεν
797 695 877 728 αὐτὰ,
892 695 939 722 καὶ
955 695 1004 730 ηὑ-

213 740 323 776 λόγησε,
342 740 389 767 καὶ
404 738 481 768 εἶπεν
494 749 501 757 ο
520 750 529 767 σ
543 739 696 774 Δῦξάνεσθε
711 740 758 768 καὶ
772 740 952 775 πληθύνεσθε.
973 751 982 767 ι

248 786 297 818 Τίς
310 786 411 813 ὀστέων
422 786 537 822 ἐξῆπται
547 786 666 821 ἄτηκτον
676 785 786 819 οὐσίαν;
798 785 839 818 τίς
850 786 879 812 δὲ
892 786 1003 821 συνέδη-

213 841 259 859 σεν
273 832 458 860 ἐπιτείνεσθαι
473 832 590 868 νεύροις,
608 832 655 860 καὶ
669 831 793 859 ἀνίεσθαι
809 832 874 867 περὶ
887 831 937 864 τὰς
952 832 1003 867 ἀρ-

214 878 302 913 μογάς
312 878 493 914 καμπτόμενα
503 878 538 906 τὰ
554 878 623 914 μέλη
633 887 641 911 ;
657 878 700 910 τίς
712 878 741 911 ὃς
752 878 877 914 έζύμωσε
888 879 1002 914 χυμοὺς,
1020 871 1040 898 Β

209 925 309 956 δεύσας
332 925 439 960 αἵματι,
459 925 506 952 καὶ
522 925 664 961 μαλθακὴν
684 926 751 960 ἡμῖν
767 926 799 952 ἐκ
815 925 876 960 χοὸς
893 925 1001 960 σάρκας

211 971 298 1003 Μόνος
321 971 336 997 ὁ
352 971 549 1007 ἀριστοτέχνης
567 972 616 1008 τὴν
633 971 819 1007 λογικωτάτην
841 971 933 999 εἰκόνα
955 972 1003 999 καὶ

211 1015 332 1052 ἔμψυχον
343 1016 389 1043 τὸν
398 1016 554 1052 ἄνθρωπον,
572 1017 646 1052 ἡμᾶς
665 1017 763 1044 ἑαυτοῦ
779 1018 1001 1053 τεκταινόμενος,

211 1062 258 1088 καὶ
271 1061 470 1098 κηροπλαστῶν
480 1062 509 1096 ἐξ
521 1062 612 1097 ὑγρῶν
626 1063 674 1089 καὶ
688 1062 867 1098 βραχυτάτων
880 1063 1003 1098 σπερμά-

210 1116 264 1135 των
279 1109 308 1135 ὲν
323 1108 426 1143 μήτρᾳ.
444 1108 492 1140 Τίς
513 1108 567 1143 γάρ
593 1108 667 1134 ἐστιν
685 1108 700 1134 ὁ
714 1107 939 1144 προμηθούμενος
964 1108 1002 1143 μὴ

211 1153 412 1189 συμπνίγεσθαι
428 1153 468 1189 τῷ
483 1153 569 1190 ὑγρῷ,
590 1154 637 1181 καὶ
651 1154 685 1189 τῇ
701 1155 801 1189 συνοχῇ
817 1153 872 1181 τῶν
884 1153 1001 1188 ἀγγείων

210 1199 432 1234 ὲπικλειζόμενον
459 1199 514 1225 ἔσω
534 1199 564 1226 τὸ
589 1198 727 1235 ἔμϐρυον;
753 1199 769 1234 ἢ
794 1198 835 1230 τίς
858 1200 873 1226 ό
889 1199 958 1234 μετὰ
972 1199 1002 1226 τὸ

209 1245 381 1281 λοχευθῆναι,
400 1245 447 1272 καὶ
463 1245 502 1277 είς
520 1245 577 1280 φῶς
596 1244 728 1278 ἀνελθεῖν,
753 1246 792 1277 εἰς
806 1244 932 1281 μέγεθος,
953 1244 1001 1271 καὶ

210 1291 319 1325 κάλλος,
334 1291 382 1318 καὶ
400 1291 507 1327 ῥώμην,
524 1291 555 1323 ἐξ
570 1290 700 1322 ἀσθενοῦς
716 1290 762 1318 καὶ
778 1289 895 1326 βραχέος
919 1298 1002 1325 μετα-

208 1336 325 1369 ϐάλλων,
341 1338 365 1364 εἰ
381 1338 418 1373 μὴ
432 1338 513 1369 αὐτὸς
526 1335 602 1369 οὗτος
616 1337 630 1364 ὁ
645 1336 851 1372 ἁριστοτέχνης,
865 1335 904 1369 ὡς
920 1335 1000 1372 ἔφην,

207 1383 285 1415 Θεὸς,
309 1384 343 1419 τῇ
371 1384 501 1419 ποιητικῇ
530 1382 645 1418 δυνάμει
673 1381 933 1418 μετασχηματίζων,
954 1381 1001 1408 καὶ

208 1429 434 1464 μεταζωγραφῶν
457 1428 507 1460 τὰς
524 1428 617 1462 ἰδέας;
639 1427 670 1455 ὐ
686 1428 752 1460 Θεὸς
769 1427 906 1455 ἀθανασία
930 1427 999 1460 ἐστὶ,

207 1475 254 1501 καὶ
269 1474 337 1510 ζωὴ,
365 1475 414 1502 κα)⁵
429 1474 583 1509 ἀφθαρσία·
598 1473 680 1509 ἔργον
697 1473 726 1501 δὲ
753 1473 897 1509 ἄνθρωπος
911 1472 979 1500 Θεοῦ
990 1480 998 1488 ·

207 1521 260 1547 πᾶν
279 1520 308 1547 δὲ
328 1519 358 1547 τὸ
377 1519 430 1547 ὑπὸ
451 1519 601 1551 ἀθανασίας
622 1518 768 1554 ἐργασθὲν,
791 1518 936 1546 ἀθάνατον.
953 1519 999 1545 Διὸ
1013 1539 1034 1567 C

204 1567 251 1594 τὸν
267 1567 317 1600 μὲν
329 1566 474 1602 ἄνθρωπον
487 1566 676 1602 ηὺτούργησεν
697 1565 796 1597 αὐτός·
814 1564 849 1592 τὰ
862 1565 891 1591 δὲ
916 1565 999 1592 λοιπὰ

204 1613 272 1650 γένη
281 1612 336 1640 τῶν
348 1612 437 1646 ζώων,
465 1612 538 1649 ἀέρι,
556 1611 604 1639 καὶ
617 1613 663 1648 γῇ,
684 1612 732 1638 καὶ
749 1611 826 1638 ὕδατι
847 1610 999 1647 προσέταξε

204 1659 310 1694 φέρειν,
329 1668 339 1685 ι
360 1657 546 1693 Ἐξαγαγέτω,
561 1657 660 1692 λέγων,
679 1656 714 1683 τὰ
728 1656 812 1683 ὕδατα
824 1656 928 1692 ἑρπετὰ
945 1654 999 1688 ζω-

205 1703 259 1730 σῶν
273 1703 379 1739 ψυχῶν,
392 1703 440 1730 καὶ
459 1702 570 1730 πετεινά
583 1702 719 1737 πετόμενα
733 1702 780 1728 ἐπὶ
793 1702 842 1737 τῆς
854 1701 916 1737 γῆς,
926 1701 998 1728 κατά

203 1749 234 1776 τὸ
246 1749 389 1786 στερέωμα
401 1749 448 1776 τοῦ
459 1748 587 1785 οὐρανοῦ.
599 1757 609 1774 ›
624 1747 690 1780 Καὶ,
708 1756 718 1773 ι
742 1746 915 1782 Ἐξαγαγέτω
932 1747 997 1783 ήγῆ

203 1794 291 1830 ψυχὴν
302 1794 393 1826 ζῶσαν
404 1793 476 1821 κατά
487 1794 575 1828 γένος·
587 1793 751 1829 τετράποδα,
762 1794 808 1820 καὶ
821 1794 936 1830 ἑρπετὰ,
949 1795 997 1821 καὶ

203 1840 286 1876 θηρία
302 1841 353 1876 τῆς
365 1841 417 1876 γῆς
428 1841 500 1867 κατά
515 1840 605 1875 γένος.
626 1850 635 1866 ι
659 1841 722 1867 Ἐπὶ
742 1839 772 1867 δὲ
784 1839 833 1867 τοῦ
850 1839 997 1875 ἀνθρώπου

203 1887 252 1913 οὐκ
265 1886 336 1920 tam
348 1886 548 1921 Ἐξαγαγέτω,ι
563 1886 643 1919 ἀλλά,
661 1886 840 1921 «Ποιήσωμεν
852 1885 996 1921 ἄνθρωπον

192 1933 261 1959 ’κατ’
284 1933 379 1960 εἰκόνα
406 1933 546 1968 ἡμετέραν
572 1933 620 1960 καὶ
644 1931 704 1959 καθ’
730 1931 871 1967 ὁμοίωσιν.
891 1940 902 1957 ι
921 1931 995 1964 Καὶ,

205 1988 214 2005 ι
235 1979 350 2006 Ἔλαϐεν
366 1979 380 2005 ό
393 1979 458 2011 Θεὸς
472 1979 537 2014 χοῦν
547 1977 602 2005 ἀπὸ
618 1978 667 2014 τῆς
685 1977 747 2013 γῆς,
761 1977 808 2004 καὶ
817 1976 936 2005 ἔπλασεν
947 1977 996 2005 αὐ-

202 2025 257 2052 τόν.
274 2034 283 2051 ι

889 134 1009 164 SACRA
1030 133 1266 164 PARAIJELA.

1785 128 1854 160 1102

1059 195 1087 219 ct
1108 191 1240 218 Dominus
1255 189 1389 224 omnium,
1416 190 1443 217 in
1466 188 1598 225 operibus
1613 187 1776 215 delectatur.
1803 185 1851 213 Et-

1059 238 1130 265 enim
1157 236 1352 273 ingentissimo
1374 235 1473 263 robore
1500 243 1552 264 suo
1575 235 1661 262 ccelos
1687 233 1804 266 fulcivit,
1824 238 1853 259 et

1059 283 1331 318 incomprehensibili
1347 282 1485 310 industria
1511 289 1561 309 sua
1585 280 1694 309 ornavit
1718 288 1726 308 ι
1747 283 1851 308 terram

1057 334 1148 356 autem
1168 328 1294 356 distinxit
1317 327 1352 355 ab
1372 334 1444 362 aqua
1468 334 1528 355 eam
1553 327 1701 359 ambiente,
1717 329 1745 354 et
1769 332 1854 361 super

1058 378 1118 402 tuto
1133 370 1283 402 voluntatis
1299 380 1357 401 sum
1383 372 1562 400 fundamento
1582 372 1726 400 stabilivit.
1747 370 1853 399 Deinde

1058 420 1319 448 excellentissimum
1335 422 1363 447 et
1390 418 1550 454 pratcelsum
1575 425 1689 453 prorsus
1712 417 1851 444 hominem

1057 465 1375 494 suismetimmaculatis
1396 464 1526 492 manibus
1550 464 1639 497 tinxit,
1659 464 1706 498 qui
1722 463 1852 498 imaginis

1057 520 1114 540 sua:
1132 511 1246 547 efﬁgiem
1261 510 1387 538 referret.
1405 509 1450 537 Sic
1464 510 1538 537 enim
1559 509 1630 536 Deus
1647 509 1686 536 ait
1703 517 1710 535 :
1726 517 1735 534 ι
1754 508 1853 535 Facia-

1057 565 1117 585 mus
1132 557 1271 584 hominem
1285 556 1318 584 ad
1337 555 1483 591 imaginem
1504 559 1626 583 nostram
1646 558 1673 582 et
1693 554 1853 582 similitudi-

1057 612 1120 632 nem
1138 608 1274 632 nostram.
1291 603 1324 630 Et
1348 602 1415 630 fecit
1429 601 1502 630 Deus
1518 602 1657 628 hominem
1671 610 1677 630 :
1696 601 1851 629 masculum

1056 654 1084 678 et
1100 650 1230 677 feminam
1248 648 1312 676 fecit
1327 655 1375 676 eos
1390 647 1467 683 (Gen.
1484 656 1503 680 ι,
1518 647 1565 679 26,
1581 647 1638 683 27).
1653 656 1662 673 ι
1679 646 1745 680 Qua:
1758 647 1851 674 omnia

1056 703 1119 723 cum
1139 694 1305 726 absolveret.
1325 693 1421 721 istluce
1442 693 1516 724 fecit.
1539 692 1734 728 benedixitque
1749 697 1776 720 et
1790 693 1850 719 ait:

1059 750 1069 766 ι
1087 741 1212 769 Crescite
1227 744 1254 768 et
1276 739 1498 775 multiplicamini
1519 739 1596 775 (ibid.
1613 739 1671 774 28).
1692 749 1701 765 ι

1090 787 1121 815 S.
1139 786 1268 815 Mellmdti
1295 787 1327 814 de
1350 794 1480 814 resumat.
1493 801 1526 806 —
1541 785 1610 818 Quis
1625 785 1723 812 dttram
1743 786 1849 813 ossium

1056 834 1241 862 substantiam
1256 832 1413 868 compegit?
1432 832 1496 868 quis
1510 831 1632 860 membra
1652 831 1804 867 colligavit,
1821 837 1851 859 ut

1056 881 1148 910 nervis
1161 881 1351 912 tenderentur,
1364 884 1390 908 et
1406 879 1639 914 circajnncturas
1656 878 1757 907 inﬂexa
1775 879 1852 906 laxa-

1054 928 1168 956 rentur?
1177 927 1246 960 Quis
1261 926 1391 954 humores
1407 925 1573 961 mollemqtte
1585 932 1616 952 ex
1630 924 1715 952 ltumo
1727 932 1851 956 carnem.

1055 974 1191 1010 sanguine
1219 981 1279 1001 eam
1311 971 1517 1008 perfundendo,
1549 970 1746 998 fermentavit?
1774 971 1852 999 solus

1055 1021 1136 1056 plane
1153 1019 1398 1056 praestantissimus
1413 1018 1512 1045 artifex
1532 1017 1616 1050 Detts,
1635 1018 1681 1053 qui
1699 1017 1851 1049 hominem.

1055 1064 1082 1092 id
1105 1069 1148 1092 est
1172 1064 1280 1092 ratione
1306 1062 1451 1099 praeditam
1469 1065 1496 1090 et
1523 1061 1672 1089 animatam
1701 1061 1850 1098 imaginem

1054 1116 1144 1141 suam,
1172 1116 1235 1141 nos,
1263 1108 1388 1144 inquam,
1401 1106 1558 1140 fabricavit,
1580 1111 1609 1135 et
1636 1114 1668 1135 ex
1688 1107 1803 1135 humido
1825 1113 1853 1135 et

1053 1155 1204 1191 perexiguo
1228 1154 1333 1183 semine
1353 1155 1381 1182 in
1403 1154 1489 1182 vulva
1513 1154 1621 1186 matris,
1649 1154 1723 1182 velut
1746 1162 1762 1182 e
1786 1162 1852 1182 cera

1053 1201 1247 1229 confortnavit.
1265 1200 1366 1235 Ecquis
1380 1200 1453 1228 enim
1465 1204 1506 1228 est
1518 1200 1563 1236 qui
1577 1200 1713 1236 providet,
1727 1208 1762 1228 ne
1775 1200 1850 1228 fetus

1054 1246 1180 1274 humoris
1195 1247 1286 1282 copia.
1302 1250 1330 1274 et
1343 1246 1553 1281 compressione
1568 1252 1696 1273 vasorqu
1720 1245 1850 1277 obrutus.

1053 1290 1129 1319 intus
1154 1289 1337 1326 praefoeetur?
1369 1293 1418 1317 aut
1446 1290 1527 1325 quis,
1555 1293 1702 1325 postquam
1727 1293 1852 1325 gestatus

1053 1340 1133 1364 utero
1148 1339 1202 1369 est,
1225 1339 1253 1363 et
1269 1335 1379 1363 tandem
1396 1335 1423 1362 in
1440 1335 1528 1362 lucem
1546 1335 1649 1368 editus,
1666 1342 1700 1362 ex
1719 1334 1851 1363 imbecilli

1052 1385 1080 1410 et
1098 1381 1200 1417 pusillo
1216 1388 1359 1417 magnum,
1381 1381 1529 1416 pulchrum
1544 1383 1573 1408 et
1595 1380 1742 1408 robustum
1761 1381 1852 1409 reddi-

1052 1427 1101 1458 dit,
1118 1426 1172 1454 nisi
1190 1426 1262 1454 idem
1277 1426 1346 1462 ipse,
1367 1434 1450 1461 quem
1467 1425 1549 1453 modo
1561 1425 1699 1459 dicebant,
1716 1430 1851 1462 praestan-

1052 1472 1177 1500 tissimus
1201 1471 1332 1499 conditor
1356 1471 1449 1503 Deus.
1476 1471 1525 1506 qui
1550 1471 1681 1506 potentia:
1698 1479 1756 1499 sua:
1768 1471 1849 1507 3n

1051 1517 1222 1550 eilicacitate,
1245 1517 1333 1544 instar
1362 1517 1478 1552 pictoris
1505 1517 1664 1551 cujusdam,
1693 1517 1798 1546 formas
1823 1520 1851 1546 in

1051 1563 1192 1591 diversum
1220 1565 1321 1590 mutat.
1347 1562 1420 1590 Deus
1446 1562 1641 1590 immortalitas
1664 1568 1722 1597 est,
1748 1563 1803 1591 vita
1823 1568 1851 1592 ct

1050 1607 1227 1643 ineorruptio
1249 1616 1257 1635 :
1281 1614 1353 1642 opus
1382 1612 1475 1634 autem
1494 1606 1553 1639 Dei,
1583 1608 1677 1635 homo.
1708 1608 1849 1644 Quidquid

1049 1662 1134 1691 porro
1149 1654 1184 1682 ab
1199 1653 1409 1682 immortalitate
1431 1652 1534 1680 factum
1560 1657 1614 1686 est,
1639 1654 1794 1683 immortale
1813 1656 1848 1683 sit

1050 1704 1169 1736 oportet.
1185 1699 1224 1727 Ac
1240 1699 1360 1736 proinde
1372 1698 1483 1735 quidem
1500 1699 1639 1727 hominem
1651 1700 1769 1735 ipsemet
1783 1701 1850 1730 (εΠο-

1049 1745 1107 1774 cit:
1123 1744 1228 1780 reliqua
1239 1748 1331 1772 autem
1347 1743 1529 1771 animantium
1547 1751 1658 1779 genera,
1671 1745 1740 1777 acri,
1758 1749 1847 1778 terrae.

1050 1796 1078 1821 et
1094 1791 1173 1827 aquis
1189 1789 1366 1826 producenda
1385 1789 1535 1816 mandavit.
1555 1799 1565 1815 ε
1584 1789 1742 1818 Producant
1761 1791 1847 1823 enim.

1051 1838 1151 1873 inquit,
1167 1844 1246 1873 aqua:
1271 1836 1378 1871 replilia
1397 1835 1548 1863 viventium
1566 1837 1734 1870 animarum,
1754 1841 1781 1865 et
1799 1845 1848 1866 vo-

1051 1884 1138 1912 latilia
1158 1883 1280 1912 volantia
1311 1890 1394 1917 super
1423 1887 1537 1916 terram,
1567 1890 1615 1917 per
1641 1883 1846 1911 firmamentum

1050 1931 1112 1958 coeli
1129 1929 1206 1967 (Gen.
1225 1938 1244 1962 t,
1259 1929 1316 1963 20).
1333 1938 1342 1955 ι
1360 1926 1393 1955 Et
1410 1938 1416 1956 :
1438 1938 1447 1954 ι
1470 1928 1610 1957 l‘roducat
1629 1933 1704 1957 terra
1723 1930 1845 1958 animam

1050 1977 1186 2005 viventem
1207 1976 1358 2004 secundum
1382 1983 1470 2010 genus
1488 1975 1565 2010 (ibid.
1582 1975 1639 2011 24).
1660 1986 1669 2002 ι
1687 1977 1722 2003 At
1744 1977 1778 2004 de
1794 1977 1845 2004 ho-

1049 2023 1122 2050 mine
1137 2030 1191 2050 non
1211 2022 1275 2050 item
1292 2021 1374 2054 dixit,
1391 2021 1544 2052 Praducat;
1574 2021 1622 2049 sed
1637 2031 1643 2048 :
1666 2031 1675 2048 ι
1697 2021 1845 2050 Faciamus

203 2071 341 2099 hominem
366 2072 399 2099 aJ
416 2070 566 2107 imaginem
581 2075 705 2098 nostram
727 2073 755 2097 et
771 2067 981 2097 similitudinem
1015 2066 1048 2094 Et
1071 2066 1222 2102 assumpsit
1251 2065 1322 2094 Deus
1347 2066 1489 2101 pulverem
1507 2066 1541 2094 de
1557 2071 1641 2100 terra,
1680 2071 1708 2095 ct
1740 2067 1845 2097 eﬂinxit

201 2125 274 2145 eum.
294 2127 303 2143 I

237 2163 321 2199 Σῶμα
349 2162 457 2190 ἔκτισεν
481 2163 496 2190 ό
514 2162 592 2194 Θεὸς,
618 2162 681 2197 οὐχὶ
706 2161 802 2188 νόσον·
829 2159 877 2188 καὶ
903 2159 993 2195 ψυχὴν

201 2209 329 2245 ἐποίησεν
346 2210 361 2235 ό
375 2209 451 2242 Θεὸς,
472 2209 532 2244 οὐχ).
553 2208 583 2235 δὲ
607 2207 763 2243 ἁμαρτίαν·
789 2206 917 2242 ἐκακώθη
932 2206 960 2232 δὲ
975 2206 992 2241 ή

201 2255 274 2292 ψυχὴ
288 2257 501 2291 παρατραπεῖσα
515 2255 562 2282 τοῦ
574 2255 646 2282 κατά
659 2255 750 2290 φύσιν.
762 2253 817 2281 Ἦν
834 2263 898 2281 ποτε
906 2254 993 2289 ’Λδὰμ

200 2301 266 2334 ἄνω,
279 2301 310 2328 οὑ
326 2301 412 2337 τόπῳ,
421 2301 490 2328 ἀλλὰ
503 2303 535 2337 τῇ
548 2301 719 2337 προαιρέσει.
732 2301 781 2328 Διά
794 2301 820 2327 τί
830 2301 880 2328 οὐκ
892 2299 993 2332 εὐθέως

200 2347 275 2383 αὐτῷ
294 2347 554 2383 συγκατεσκευάσθη
575 2347 622 2374 καὶ
645 2347 680 2374 τά
690 2347 841 2383 ὲνδύματας
856 2346 917 2374 Ὂτι
932 2345 993 2373 οὔτε

200 2393 303 2426 φυσικά
317 2393 438 2429 ἔπρεπεν
448 2391 519 2420 εἶναι
532 2392 630 2427 ταῦτα,
644 2392 708 2420 οὔτε
720 2393 753 2419 ἐκ
767 2392 874 2428 τέχνης.
890 2391 930 2418 Τὰ
943 2391 993 2427 μὲν

199 2439 254 2474 γὰρ
270 2440 374 2473 φυσικά
389 2439 442 2466 ῐδια
464 2439 519 2466 τῶν
535 2439 642 2474 ἀλόγων
661 2440 748 2471 ἐστὶν,
772 2436 827 2466 οἷον
842 2438 930 2474 πτερὰ
946 2438 993 2465 καὶ

198 2483 301 2518 τρίχες,
313 2485 361 2510 καὶ
376 2485 522 2521 δερμάτων
537 2485 674 2521 παχύτης,
692 2485 799 2520 στέγειν
821 2485 870 2520 μὲν
890 2484 991 2520 χειμῶ-

199 2537 258 2561 νας,
276 2529 370 2564 φέρειν
392 2530 421 2556 δὲ
448 2530 593 2563 καύσωνας
616 2531 790 2566 δυναμένων·
808 2530 945 2566 ἀνθρώπῳ
962 2530 992 2557 δὲ

199 2574 305 2610 ἔπρεπε
321 2574 393 2601 κατά
407 2575 457 2611 τὴν
474 2575 621 2610 ἀναλογίαν
647 2576 698 2611 τῆς
713 2575 780 2611 πρὸς
795 2575 861 2602 Θεὸν
880 2575 991 2611 ἀγάπης

199 2619 432 2655 παρηλλαγμένας
450 2620 503 2647 τῶν
524 2619 634 2654 ἀγαθῶν
657 2620 706 2651 τὰς
727 2619 877 2651 ἀντιδόσεις
900 2619 990 2654 ὑπάρ-

198 2674 267 2702 χειν.

233 2754 343 2786 Σκόπει,
359 2753 400 2786 τίς
417 2754 434 2789 ή
451 2753 506 2780 ἀπὸ
520 2753 611 2788 ψυχῆς
624 2754 658 2788 τῇ
677 2752 760 2788 σαρκὶ
773 2752 929 2786 ἐνδιδομένη
943 2750 990 2777 δύ-

197 2807 289 2834 ναμις,
302 2799 351 2826 καὶ
361 2798 404 2831 τις
420 2799 438 2835 ἡ
453 2798 507 2826 ἀπὸ
525 2797 627 2834 σαρκὸς
647 2797 715 2833 πρὸς
736 2796 825 2832 ψυχὴν
841 2795 989 2823 ἐπανιοῦσα

198 2846 357 2883 συμπάθεια
368 2855 374 2862 ·
396 2847 454 2880 πῶς
472 2846 579 2882 δέχεται
597 2845 648 2881 μὲν
673 2844 723 2879 τὴν
739 2842 811 2879 ζωὴν
826 2842 857 2869 ὲκ
873 2841 922 2877 τῆς
935 2840 987 2876 ψυ-

1083 2154 1170 2182 Basil.
1188 2153 1268 2182 llont.
1283 2152 1353 2188 quod
1367 2152 1436 2180 Deus
1459 2161 1512 2180 non
1536 2157 1577 2180 est
1598 2158 1692 2180 auctor
1717 2155 1793 2182 mali.
1808 2168 1844 2175 --

1046 2200 1118 2229 Deus
1134 2207 1234 2235 corpus
1248 2199 1357 2235 quidem
1373 2198 1509 2231 condidit,
1540 2199 1589 2227 sed
1612 2207 1667 2228 non
1695 2200 1842 2234 morbum;

1046 2247 1087 2274 sic
1102 2253 1212 2281 quoque
1228 2245 1346 2272 animam
1364 2245 1438 2277 fecit.
1460 2245 1506 2273 sed
1522 2253 1577 2273 non
1596 2250 1749 2281 peccatum.
1770 2246 1843 2275 Vitio

1046 2297 1138 2321 autem
1161 2291 1266 2319 imbuta
1296 2291 1388 2319 anima
1404 2297 1459 2323 est,
1478 2295 1627 2327 postquam
1652 2293 1688 2322 ab
1713 2300 1746 2321 eo
1768 2293 1842 2328 quod

1046 2342 1151 2366 natura:
1160 2339 1376 2364 consentaneum
1393 2339 1464 2369 erat,
1481 2336 1604 2364 deﬂexit.
1625 2336 1691 2365 Erat
1701 2338 1841 2373 qttondam

1044 2384 1166 2411 Adamus
1182 2389 1305 2414 sursum,
1322 2389 1375 2409 non
1392 2383 1465 2416 loco,
1483 2383 1530 2410 sed
1547 2383 1630 2410 animi
1643 2383 1840 2411 destinatione.

1044 2430 1100 2457 Cur
1120 2433 1211 2456 autem
1237 2427 1400 2455 indumenta
1412 2428 1494 2455 sinml
1514 2428 1564 2463 ipsi
1581 2432 1676 2463 parata
1692 2435 1745 2456 non
1756 2429 1842 2456 sunt?

1043 2475 1175 2502 nimirum
1190 2473 1253 2509 quia
1269 2480 1320 2501 nec
1334 2473 1484 2504 naturalia,
1496 2481 1546 2501 nec
1557 2478 1615 2500 arte
1628 2473 1768 2501 elaborata
1779 2481 1842 2502 esse

1043 2519 1234 2549 conveniebat.
1253 2518 1394 2546 Naturalia
1405 2519 1478 2546 enim
1496 2519 1585 2546 brutis
1602 2519 1752 2554 peculiaria
1762 2525 1838 2552 sunt,

1043 2571 1072 2594 ιιι
1089 2567 1200 2603 pluma},
1217 2565 1276 2600 pili,
1293 2572 1394 2592 crassa:
1408 2565 1494 2600 pelles
1512 2575 1518 2593 :
1538 2566 1640 2601 quippe
1655 2567 1839 2602 qum'algores

1042 2618 1069 2641 ct
1083 2617 1166 2641 aestus
1183 2611 1297 2648 perinde
1323 2611 1396 2639 ferre
1412 2616 1528 2647 queant.
1544 2613 1579 2639 At
1598 2612 1739 2641 hominem
1756 2613 1839 2641 dece-

1044 2660 1089 2687 bat
1102 2666 1152 2694 pro
1177 2665 1227 2686 Sua
1248 2665 1312 2693 erga
1329 2658 1414 2685 Deum
1436 2658 1583 2692 cbaritatc,
1605 2658 1715 2687 diversa
1729 2667 1839 2695 quoque

1043 2704 1178 2733 bonorum
1193 2704 1303 2739 praemia
1322 2703 1436 2732 referre.
1853 2712 1855 2724 ί

1077 2750 1173 2785 Ejusd.
1187 2750 1258 2777 hom.
1276 2751 1303 2777 in
1320 2750 1408 2777 illud:
1421 2749 1535 2778 Attende
1549 2750 1596 2778 tibi
1616 2751 1676 2786 ipsi.
1692 2767 1728 2773 —
1740 2751 1840 2780 Consi-

1040 2797 1106 2825 dera
1126 2805 1254 2832 quamam
1278 2797 1314 2825 sit
1334 2805 1366 2825 ea
1393 2798 1527 2833 potentia,
1541 2806 1624 2834 quam
1642 2798 1734 2826 anima
1760 2798 1839 2826 carni

1041 2842 1180 2878 impertit,
1195 2846 1222 2871 et
1235 2843 1356 2872 vicissim
1369 2851 1497 2879 quaenam
1514 2851 1530 2871 a
1552 2851 1637 2872 carne
1659 2844 1693 2872 ad
1718 2844 1837 2872 animam
