2080 3111
226 159 295 192 1103

803 152 833 182 S.
852 147 1010 183 IOANNIS
1022 149 1237 180 DAMASCENI

1783 150 1852 183 “Ol

224 215 376 253 sympathia
389 213 545 241 rcﬂectatur
563 220 568 238 :
584 216 617 237 ac
633 215 745 237 rursum
756 208 894 244 quomodo
909 215 1010 242 corpus

1071 207 1113 242 (ἧς
1125 207 1155 234 τὺ
1165 206 1260 253 σῶμα,
1272 205 1377 253 δέχεται
1387 205 1416 232 δὲ
1433 204 1583 241 ἀλγηδόνας
1595 205 1651 233 ἀπὸ
1662 193 1710 233 cuii
1725 206 1852 243 σώματος

222 266 307 292 vitam
322 261 436 296 accipiat
451 258 486 285 ab
501 257 603 289 anima,
617 255 710 283 anima
724 261 790 282 vero
803 253 913 281 dolores
924 260 938 280 a
949 260 1010 280 cor-

223 316 290 344 pore
305 305 459 334 contrahat.
475 303 606 336 Quasnam
623 300 706 328 veluti
722 299 910 335 promptuaria
926 297 1010 326 disci-

224 355 360 390 plinarum
383 350 483 377 habeat
500 358 506 375 :
524 347 572 384 qui
599 347 657 379 ﬁat,
683 350 714 374 ut
738 352 830 372 rerum
848 344 925 379 prius
948 351 1012 378 per-

223 404 366 434 ceptarum
381 394 547 431 cognitioni,
561 392 744 429 posteriorum
763 390 886 418 accessio
901 389 1013 416 minime

223 447 352 474 tenebras
370 443 508 474 eliundat,
534 447 629 468 verum
659 437 799 466 memoria:
827 444 921 464 earum
953 435 1012 463 sine

222 491 407 523 confusione,
436 495 468 515 ae
497 486 656 519 distincta,
691 485 719 511 in
750 483 895 519 principali
928 481 1012 508 animi

222 541 311 572 parte,
320 541 450 570 tanquam
462 534 489 561 in
499 539 574 560 :cnea
583 530 701 566 quadam
715 530 854 562 columna,
870 528 1013 562 insculptte

223 585 433 611 conserventur.
453 580 578 613 Quonam
608 576 690 604 modo
714 575 834 608 animus,
863 573 896 601 ad
920 573 1013 601 carnis

223 626 590 661 alfectioncsprovolutus,
631 620 866 658 pulchritudinem
906 619 1014 647 amittat

224 683 318 708 suam;
335 679 362 702 et
379 680 486 704 rursus,
499 674 657 699 contractas
674 667 733 695 vitii
746 666 843 695 sordes
860 673 908 701 per
923 665 1013 693 virtu-

223 725 278 748 tem
295 719 466 752 abstergens,
478 716 510 743 ad
525 713 665 742 Creatoris
682 711 892 740 similitudinem
910 710 1013 737 redeat.

222 766 283 793 Jam
298 771 364 792 vero
380 766 443 798 p03t
471 761 569 788 animae
592 757 870 792 contemplationem,
889 754 1014 790 corporis

224 818 335 848 quoque
351 811 531 838 structuram.
551 806 575 833 si
594 806 673 837 libet,
696 803 885 830 animadverte
902 810 908 828 :
927 804 954 828 et
968 800 1016 827 mi-

223 845 298 890 rare,
313 863 368 892 quo
384 858 464 890 pacto
477 852 593 881 eximius
611 851 656 877 ille
680 848 778 876 artifex
804 845 1013 874 accommodum

225 907 252 932 in
273 911 305 931 co
330 901 501 930 domicilium
532 896 661 925 rationali
686 895 784 922 animae
801 894 947 921 exstruxit.
971 892 1011 919 Ex
1027 884 1049 912 Β

224 949 354 978 onmibus
367 944 555 974 animantibus
568 943 662 971 solum
669 941 808 968 hominem
819 943 922 967 rectum
939 937 1014 972 fecit,

224 1002 255 1023 ut
269 1003 303 1023 ex
321 995 381 1029 ipsa
396 991 483 1028 ﬁgura
499 989 662 1025 perspicias,
681 987 765 1014 vitain
787 989 862 1013 tuam
891 991 1016 1019 supernae

225 1039 399 1077 cognationis
433 1044 505 1065 esse.
533 1034 682 1062 Enimvero
705 1030 896 1067 quadrupedia
923 1030 1015 1057 omnia

225 1086 378 1115 animantia
408 1084 437 1111 in
472 1087 597 1110 ventrem
620 1086 707 1115 prona
735 1081 800 1104 sunt
827 1086 833 1104 :
860 1080 887 1104 at
916 1075 1020 1104 homini

224 1137 371 1170 proruptus
389 1133 432 1158 est
446 1129 474 1156 in
489 1127 590 1155 coelum
603 1128 781 1162 prospectus;
797 1122 837 1149 uti
852 1129 903 1149 nec
920 1121 1019 1152 ventri,

225 1166 277 1207 nec
301 1178 340 1205 eis
354 1183 417 1211 quae
432 1174 484 1203 sub
501 1176 597 1200 ventre
627 1176 706 1204 sunt,
731 1168 856 1201 studeat,
874 1167 919 1195 sed
947 1166 1019 1194 omni

225 1222 404 1252 contentione
428 1218 513 1246 animi
546 1217 581 1244 ad
611 1223 711 1251 supera
741 1213 942 1249 proﬁciscatur.
967 1211 1021 1240 De-

224 1269 289 1298 inde
305 1269 395 1303 capite
423 1266 511 1301 ipsius
529 1262 663 1290 altissima
683 1261 710 1288 in
733 1259 798 1287 sedc
826 1258 928 1294 posito,
955 1258 1018 1293 plu-

225 1317 312 1344 rimos
327 1302 429 1347 eosque
441 1311 584 1346 digniores
598 1314 697 1335 sensus
715 1306 744 1333 in
760 1305 819 1340 ipso
836 1303 940 1331 deﬁxit.
957 1302 1016 1330 Illic

225 1362 313 1392 visus,
331 1359 455 1390 auditus,
472 1360 580 1392 gustus,
607 1353 735 1384 ollaetns,
754 1358 849 1378 omnes
864 1349 961 1377 vicinis
977 1349 1016 1378 si-

1063 253 1079 288 ὴ
1098 252 1172 288 ψυχή
1183 259 1190 266 ·
1209 251 1288 283 ποίας
1302 250 1445 285 ἀποθήκας
1461 250 1516 277 τῶν
1533 250 1702 285 μαθημάτων
1717 251 1774 286 ἔχει
1786 260 1793 268 ·
1808 252 1852 280 διᾎι

1062 297 1088 324 τί
1099 297 1303 324 οὺκ·ὲπισκοτεῖ
1314 298 1346 332 τῇ
1361 295 1460 330 γνώσει
1473 295 1529 322 τῶν
1553 295 1747 330 προλαϐόντων
1765 297 1782 332 ή
1797 296 1852 323 τῶν

1062 343 1260 379 ἐπιγινομένων
1275 342 1428 378 προσθήκη,
1440 341 1506 368 ἀλλὰ
1518 341 1647 377 σύγχυτοι
1657 341 1704 369 καὶ
1717 342 1853 378 εὐκρινεῖς

1063 390 1090 415 at
1106 389 1222 424 μνῆμαι,
1241 385 1297 415 οἷον
1308 387 1398 423 χαλκῆ
1411 396 1452 419 τις
1467 387 1553 422 στήλη
1575 386 1614 423 τῷ
1629 387 1788 423 ἡγεμονικῷ
1802 387 1853 422 τῆς

1062 434 1153 469 ψυχῆς
1180 433 1420 469 ὲγκεχαραγμέναι
1446 433 1690 468 διαφυλάττονταιο
1719 433 1779 466 πῶς
1803 434 1854 469 μὲν

1064 481 1133 516 πρὸς
1148 480 1183 507 τὰ
1196 480 1245 515 τῆς
1257 479 1359 515 σαρκὸς
1373 479 1602 506 ὑπολισθαίνουσα
1616 480 1689 515 πάθη
1701 480 1732 506 τὸ
1751 481 1855 506 οἰκεῖον

1063 526 1194 554 ἀπόλλυσι
1210 525 1324 557 κόιλλος¹
1343 526 1399 557 πῶς
1414 526 1444 552 δὲ
1462 526 1543 552 πάλιν
1565 526 1595 552 τὸ
1613 526 1666 553 ἀπὸ
1683 526 1780 558 κακίας
1809 523 1853 553 αἶ-

1065 582 1128 609 σχος
1143 572 1332 608 καθαιρομένη
1341 572 1375 599 δι’
1383 572 1496 608 ἀρετῆς,
1507 572 1574 608 πρὸς
1587 573 1635 607 τὴν
1646 572 1776 607 ὁμοίωσιν
1788 566 1854 599 ἀνα-

1064 619 1155 654 τρέχει
1171 618 1219 645 τοῦ
1237 618 1396 649 Κτίσαντος.
1416 617 1538 653 Πρόσχες
1549 638 1556 649 ,
1570 618 1595 644 εί
1610 618 1693 650 δοκεῖ,
1722 618 1791 653 μετά
1804 618 1855 653 τὴν

1063 662 1113 697 τῆς
1121 662 1211 697 ψυχῆς
1220 661 1337 697 Θεωρίαν
1352 661 1399 688 καὶ
1410 662 1460 697 τὴν
1471 662 1518 688 τοῦ
1529 661 1654 696 σώματος
1669 664 1852 698 κατασκευήν·

1064 707 1112 734 καὶ
1130 708 1280 742 Θαύμασον,
1298 707 1372 739 ὅπως
1385 707 1489 743 πρέπον
1503 708 1531 734 ἐν
1546 707 1621 743 αὑτῷ
1636 708 1807 742 καταγώγιον
1819 709 1854 744 τῇ

1064 754 1159 789 λογικῇ
1178 754 1251 789 ψυχῇ
1268 755 1281 780 ὁ
1297 754 1492 790 ἁριστοτέχνης
1507 754 1735 790 ἐδημιούργησεν.
1744 755 1855 790 Ὀρθιον

1067 800 1146 835 μόνον
1161 799 1280 826 ἔπλασεν
1294 799 1348 826 τῶν
1365 799 1442 832 ζώων
1464 799 1510 826 τὸν
1531 799 1684 835 ἄνθρωπον,
1700 800 1742 827 ἵνα
1760 801 1791 827 ἐκ
1806 800 1854 826 τοῦ

1067 846 1207 881 σχήματος
1223 846 1298 878 ῐδοις,
1311 846 1352 872 ὅτι
1369 846 1402 872 ὲκ
1419 846 1467 881 τῆς
1481 846 1584 873 ἄνωθεν
1603 847 1763 880 συγγενείας
1780 847 1855 873 ἐστὶν

1066 893 1083 928 ἡ
1095 891 1151 927 ζωή
1168 900 1224 919 σου.
1246 891 1287 918 Τὰ
1303 891 1352 926 μὲν
1367 891 1422 926 γὰρ
1441 891 1595 926 τετράποδα
1617 892 1706 919 πάντα
1723 891 1790 927 πρὸς
1806 891 1856 928 τὴν

1067 937 1189 973 γαστέρα
1205 937 1342 970 νένευκεν,
1363 937 1500 972 ἀνθρώπῳ
1517 937 1545 964 δὲ
1569 937 1664 973 ἑτοίμη
1679 938 1747 974 πρὸς
1771 938 1858 973 οὺραρ

1068 983 1130 1015 νοὺς
1157 985 1173 1018 ἡ
1197 983 1355 1018 ἀνάϐλεψις,
1371 983 1441 1009 ὥστε
1470 983 1507 1018 μὴ
1523 983 1664 1018 σχολάζειν
1689 984 1723 1019 τῇ
1744 982 1854 1018 γαστρὶ,

1071 1029 1139 1065 μηδὲ
1152 1030 1208 1062 τοῖς
1224 1029 1419 1065 ὑπογαστρίοις
1435 1029 1560 1061 πάθεσιν,
1576 1029 1633 1056 ἀλλ’
1649 1029 1713 1064 ὃλην
1727 1028 1798 1064 ἔχειν
1807 1028 1857 1055 τὴν

1069 1075 1157 1111 ὁρμὴν
1173 1074 1220 1101 τοῦ
1247 1075 1303 1102 ἄνω
1329 1075 1505 1111 πορεύεσθαι.
1524 1075 1639 1102 Ἔπειτα
1668 1075 1717 1110 τὴν
1736 1074 1856 1109 κεφαλὴν

1069 1120 1116 1147 ὲπὶ
1132 1121 1162 1148 τδ
1172 1120 1338 1156 ὑψηλότατον
1351 1121 1421 1154 θεὶς,
1437 1121 1466 1147 ἐν
1484 1121 1552 1157 αὐτῇ
1569 1121 1618 1153 τὰς
1636 1120 1762 1148 πλείστου
1779 1120 1858 1153 ἀξίας

1068 1166 1125 1193 τῶν
1140 1166 1293 1202 αἰσθήσεων
1309 1166 1502 1201 καθιδρύσατο.
1525 1166 1599 1192 Ἐκεῖ
1612 1165 1683 1200 ὄψις,
1704 1165 1750 1192 καὶ
1776 1165 1857 1200 ἀκοὴ,

1069 1213 1116 1240 καὶ
1142 1212 1257 1246 γεῦσις,
1278 1212 1326 1239 καὶ
1351 1212 1502 1247 ὄσφρησις,
1525 1213 1610 1239 πᾶσαι
1637 1211 1721 1246 ἐγγὺς
1734 1210 1858 1245 ἀλλήλων

1069 1258 1286 1294 κατῳκισμέναι,
1297 1258 1344 1285 καὶ
1360 1258 1431 1285 οὕτω
1448 1258 1512 1294 περὶ
1525 1258 1556 1284 τδ
1570 1257 1657 1293 βραχὺ
1673 1257 1780 1293 ’χωρίον
1795 1265 1858 1283 στεο

1070 1303 1284 1339 νοχωρούμεναι,
1300 1304 1376 1331 οὐδὲν
1389 1304 1491 1340 ἑκάστη
1510 1303 1708 1340 παρεμποδίζει
1719 1302 1768 1339 τὴν
1782 1303 1859 1338 ἐνέρ-

1068 1358 1147 1385 γειαν
1161 1351 1210 1386 τῆς
1222 1351 1354 1385 γείτονος.

226 1406 283 1434 ιῃιιι
299 1404 411 1432 sedibus
430 1400 557 1429 collocati
579 1407 586 1428 ;
603 1402 630 1425 et
655 1403 810 1433 quanquam
836 1399 951 1430 angusta
970 1393 1080 1429 regione
1109 1399 1265 1425 arctentur.
1291 1395 1383 1423 nullus
1403 1399 1495 1424 tamen
1518 1395 1600 1423 vicini
1631 1394 1672 1423 sui
1689 1393 1790 1422 actioni
1808 1396 1860 1421 tm-

226 1450 385 1487 pedimento
404 1451 457 1475 est.

273 1495 456 1532 Ejusdem.—
475 1492 511 1519 Ex
528 1491 613 1519 uibilo
627 1488 751 1525 producti
769 1495 874 1519 sumus,
891 1490 972 1521 atque
987 1485 1021 1514 ad

1110 1487 1241 1523 Παρήχοη
1246 1496 1294 1523 μεν
1306 1489 1346 1520 εἰς
1359 1488 1389 1514 τὺ
1400 1485 1469 1515 εἶναι
1486 1487 1523 1524 μὴ
1534 1488 1619 1521 ὅντες,
1631 1489 1679 1515 καὶ
1691 1486 1753 1514 κατ’
1767 1487 1859 1514 εἰκόνα

228 1543 376 1578 imaginem
397 1539 535 1568 Creatoris
548 1536 648 1564 ell‘ecti.
666 1534 785 1562 Mentem
802 1537 829 1560 et
853 1539 1020 1564 sermonem,

1072 1532 1118 1560 τοῦ
1126 1533 1396 1570 Κτίσαντοςέγενήθη
1402 1534 1524 1569 μεν,νοῦν
1532 1534 1578 1560 καὶ
1585 1533 1662 1568 λόγον
1671 1533 1861 1569 συμπληροῦν-

227 1591 329 1626 quibus
352 1591 447 1615 nostra
465 1589 564 1613 natura
587 1582 711 1610 numeris
728 1580 788 1608 suis
796 1578 957 1611 absolvitur,
972 1578 1022 1605 lia-

230 1625 342 1668 liemus;
352 1640 467 1669 quorum
477 1638 559 1666 opera
572 1629 617 1656 Dei
626 1627 807 1662 cognitionem
817 1625 906 1660 adepti
914 1631 1019 1652 sumus.

265 1679 403 1716 Ejusdem.
426 1693 454 1699 -
477 1675 597 1703 Mundus
626 1673 681 1706 hic,
710 1675 737 1700 et
766 1671 890 1698 mortalis
920 1674 972 1703 est,
994 1674 1022 1697 et

230 1726 409 1754 morientium
443 1723 528 1758 regio.
566 1720 701 1754 Quoniam
735 1718 809 1746 enim
838 1724 870 1744 ea
900 1724 960 1752 quae
993 1716 1020 1743 in

231 1776 373 1807 aspectum
383 1769 495 1800 cadunt,
512 1769 649 1794 concreta:
660 1762 825 1792 conditionis
838 1767 900 1790 sunt
912 1770 920 1795 ;
939 1765 1021 1797 atque

231 1819 268 1845 ita
278 1821 465 1852 comparatum
481 1813 562 1849 312
577 1817 628 1845 est,
643 1814 673 1838 ut
687 1808 822 1846 quidquid
839 1809 1021 1843 compositum

229 1866 283 1894 est,
299 1851 424 1888 solvatur
440 1858 562 1888 tandem,
579 1860 606 1882 et
619 1855 752 1881 intereat:
770 1851 892 1887 profecto
909 1858 1022 1879 necesse

231 1913 284 1941 est,
304 1911 334 1934 ut
352 1913 403 1933 nos
422 1904 469 1940 qui
486 1904 513 1930 in
537 1901 641 1929 mundo
655 1900 781 1932 vivimus,
803 1902 829 1927 ct
845 1906 908 1934 pars
926 1897 1022 1925 mundi

232 1961 339 1985 suums,
356 1955 462 1979 natura:
477 1955 587 1985 quoque
611 1946 735 1974 universi
757 1945 906 1980 participes
924 1944 1020 1971 simus.

271 1999 355 2027 Basil.
385 1996 483 2024 hom.l
513 1996 539 2022 in
567 1993 695 2020 Hexaem.
716 2006 752 2012 —
768 1991 834 2025 Qua:
855 1997 870 2017 a
901 1995 1023 2025 tempore

234 2047 343 2075 initium
364 2045 513 2074 duxerunt,
538 2048 570 2068 ea
587 2046 698 2075 quoque
715 2043 837 2072 tempore
853 2035 924 2063 tiniri
939 2043 1022 2071 opor-

236 2097 282 2122 tet.
298 2093 327 2120 Si
355 2091 476 2119 mundus
503 2087 653 2123 temporale
681 2085 790 2113 initium
815 2083 907 2116 liabet,
923 2083 956 2110 de
971 2081 1023 2109 line

234 2139 304 2168 nihil
319 2143 362 2166 est
377 2144 427 2164 cur
443 2135 565 2163 dubites.

271 2185 349 2220 (ἐι-ες.
369 2181 441 2209 Naz.
462 2185 533 2208 orat.
551 2180 577 2206 ‘1.
597 2193 630 2198 —
642 2177 776 2211 Quisnam
792 2174 896 2210 estqui
919 2181 966 2209 per
980 2181 1024 2201 sa-

1073 1588 1108 1607 τα
1122 1580 1200 1615 ἡμῶν
1208 1579 1257 1616 τὴν
1269 1581 1349 1615 φύσιν
1356 1580 1473 1616 ἔχοντες,
1484 1580 1517 1607 δι’
1524 1577 1554 1607 οὖ
1563 1580 1628 1607 Θεὸν
1644 1580 1843 1615 ἐγνωρίσαμεν.

1114 1668 1145 1695 '0
1156 1669 1255 1705 κόσμος
1270 1665 1347 1701 οὗτος
1361 1669 1442 1701 αὑτός
1458 1669 1487 1696 τέ
1506 1669 1564 1695 ἐστι
1580 1668 1687 1703 θνητὸς,
1703 1668 1750 1695 καὶ
1760 1668 1862 1704 χωρίον

1074 1713 1311 1749 ἀποθνησκόντων.
1329 1714 1438 1749 Ἐπειδὴ
1453 1714 1507 1750 γὰρ
1520 1714 1646 1746 σύνθετός
1660 1715 1717 1741 ἐστι
1725 1714 1779 1741 τῶν
1792 1715 1862 1750 ὄρω-

1076 1761 1164 1795 μένων
1181 1761 1197 1796 ἡ
1224 1761 1365 1793 σύστασις,
1380 1761 1411 1788 τὸ
1428 1761 1456 1787 δὲ
1472 1760 1597 1788 σύνθετον
1617 1761 1690 1788 ἅπαν
1704 1760 1861 1788 διαλύεσθαι

1075 1806 1215 1841 πέφυκεν,
1233 1807 1257 1832 οί
1277 1806 1305 1832 ὲν
1321 1806 1359 1842 τῷ
1375 1806 1471 1842 κόσμῳ
1486 1806 1597 1838 ζῶντες,
1625 1806 1696 1842 μέρη
1723 1806 1799 1838 ὄντες
1813 1807 1860 1832 τοῦ

1075 1852 1189 1888 κόσμου,
1202 1852 1358 1888 ἀναγκαίως
1371 1852 1420 1888 ἰἧς
1437 1852 1484 1879 τοῦ
1497 1852 1596 1884 παντὸς
1611 1851 1719 1888 φύσεως
1727 1851 1860 1879 ἀπολαύο-

1076 1907 1135 1934 μεν.

1111 1991 1151 2018 Τὰ
1168 1991 1221 2018 ἀπὸ
1236 1992 1332 2027 χρόνον
1349 1991 1502 2027 ἀρξάμενα,
1516 1991 1623 2028 ἀνάγκη
1647 1992 1756 2024 πάντως
1768 1991 1815 2019 καὶ
1832 1991 1862 2018 ὲν

1076 2037 1164 2073 χρόνῳ
1179 2037 1381 2064 συστέλλεσθαι.
1394 2038 1425 2064 Εί
1439 2037 1524 2073 ἀρχὴν
1535 2037 1590 2072 ἔχει
1607 2038 1746 2073 χρονικὴν,
1760 2037 1798 2073 μὴ
1809 2037 1862 2072 άμ-

1076 2083 1195 2120 φιὸάλῃς
1213 2083 1277 2119 περὶ
1291 2083 1338 2110 τοῦ
1354 2083 1457 2116 τέλους.

1113 2174 1162 2205 Τίς
1176 2174 1190 2200 ὀ
1204 2174 1237 2209 τῇ
1252 2173 1332 2209 σοφίᾳ
1349 2174 1558 2205 κατασκευάσας
1583 2173 1630 2200 τὸν
1648 2172 1801 2208 ἄνθρωπον,
1817 2172 1864 2199 καὶ

234 2231 366 2266 pieutiam
379 2234 457 2256 suam
473 2225 610 2253 hominem
625 2223 758 2256 condidit,
773 2226 800 2250 et
821 2229 853 2249 ea
867 2228 928 2256 qua:
943 2220 1020 2248 dissi-

1078 2219 1117 2251 εἰς
1137 2218 1165 2266 :s‘v
1179 2218 1291 2252 ἀγαγὼν
1310 2217 1344 2244 τὰ
1355 2217 1498 2250 διεστῶτα,
1517 2217 1563 2244 καὶ
1587 2216 1666 2252 μίξας
1678 2217 1724 2243 τδν
1746 2216 1810 2251 χοῦν
1825 2216 1863 2252 τῷ

235 2277 348 2308 dobant,
374 2272 524 2309 copulavit,
549 2275 578 2298 ut
606 2270 717 2306 pulvere
739 2275 801 2296 cum
822 2267 920 2302 spiritu
951 2273 1025 2293 com-

236 2323 329 2356 mislo,
348 2319 452 2348 animal
468 2317 578 2346 visibile
607 2315 690 2343 simul
713 2318 740 2342 et
762 2312 902 2341 invisibile
919 2319 1026 2346 compa-

237 2367 335 2399 suerit,
364 2363 561 2400 temporarium
588 2365 616 2389 et
636 2359 803 2392 immortale,
833 2362 974 2385 terrenum
999 2359 1026 2382 et

237 2414 367 2445 caeleste;
395 2410 468 2446 quod
495 2409 578 2437 Deum
596 2407 749 2441 attingeret,
777 2411 827 2431 uec
844 2401 1025 2437 comprehen-

237 2460 325 2491 deret,
342 2445 423 2492 cique
438 2453 595 2490 proximum
613 2455 686 2479 esset
698 2454 725 2477 et
738 2445 895 2476 remotum?

272 2503 410 2539 Ejusdem,
427 2505 497 2528 orat.
518 2499 560 2526 l5.
575 2513 610 2518 —
629 2497 689 2530 Quo
715 2498 794 2531 pacto
824 2500 886 2521 cum
913 2498 1028 2526 corpore

238 2552 290 2579 sim
316 2549 495 2583 conjunctus,
525 2544 644 2572 nescio:
668 2549 719 2570 nec
745 2547 798 2576 qua
819 2539 927 2567 ratione
946 2537 1028 2565 simul

237 2597 329 2630 imago
342 2595 394 2622 sim
414 2593 471 2625 Dei,
494 2599 525 2619 ac
542 2590 649 2618 volutor
664 2589 691 2616 in
705 2595 797 2615 emno.
813 2585 892 2618 Quod
919 2584 942 2612 si
959 2583 1028 2611 bene

238 2643 340 2674 valeat,
354 2640 454 2668 bellum
475 2641 565 2665 movet
585 2643 592 2663 :
610 2636 652 2663 sin
667 2642 733 2663 vero
749 2633 911 2663 debellatur,
930 2638 1029 2658 excru-

240 2688 313 2719 ciat;
330 2685 403 2720 quod
422 2689 449 2712 et
467 2684 507 2710 uti
520 2689 683 2710 conservum
703 2688 775 2711 amo,
792 2683 818 2706 et
840 2682 868 2705 ut
888 2676 1028 2704 inimicum

240 2733 361 2760 detestor
376 2739 383 2757 :
400 2730 472 2766 quod
490 2733 519 2757 ut
535 2727 675 2755 vinculum
707 2725 793 2760 fugio,
812 2727 839 2751 et
857 2727 884 2750 ut
906 2721 1029 2757 ejusdem

240 2777 382 2814 particeps
400 2775 566 2802 liaereditatis
580 2779 724 2802 ,revercor.
745 2770 773 2797 Si
800 2775 939 2796 macerare
965 2774 1031 2794 cou-

241 2812 365 2853 teudam,
378 2822 434 2854 jam
452 2828 506 2846 non
523 2818 644 2854 suppetit
666 2816 743 2850 mihi,
768 2823 823 2851 quo
845 2814 921 2843 socio
937 2812 970 2840 ad
986 2819 1031 2840 res

245 2868 316 2896 bene
332 2865 466 2901 gerendas
483 2870 553 2892 utar.
587 2863 734 2896 Nimirum,
764 2869 827 2890 cum
858 2866 1032 2895 nequaquam

1079 2263 1226 2299 πνεύματι,
1253 2263 1300 2290 καὶ
1328 2262 1436 2294 συνθεὶς
1461 2261 1530 2295 ζῶον
1551 2261 1648 2297 ὁρατὸν
1666 2262 1712 2288 καὶ
1739 2261 1864 2297 ἀόρατον,

1079 2309 1248 2345 πρόσκαιρον
1273 2308 1321 2336 καὶ
1345 2307 1489 2342 ἀθάνατον,
1511 2307 1632 2342 ἐπίγειον
1656 2308 1703 2334 καὶ
1729 2306 1864 2343 οὐράνιον,

1080 2354 1231 2389 ἁπτόμενον
1248 2353 1326 2386 Θεοῦ,
1354 2352 1402 2380 καὶ
1429 2353 1459 2380 οὐ
1476 2352 1731 2388 περιδρασσόμενον,
1757 2351 1867 2386 ἑγγίζον

1080 2401 1126 2428 καὶ
1142 2399 1347 2436 μακρυνόμενον
1358 2407 1365 2431 ;

1117 2489 1211 2520 Ὅπως
1227 2488 1386 2524 συνεζύγην,
1396 2488 1446 2515 οὑκ
1457 2486 1526 2521 οῖδα,
1542 2487 1588 2514 καὶ
1603 2486 1661 2518 πῶς
1674 2486 1755 2513 είκὼν
1770 2486 1798 2513 τέ
1811 2487 1867 2522 aiat

1081 2534 1162 2568 Θεοῦ,
1177 2535 1225 2562 καὶ
1245 2534 1282 2570 τῷ
1304 2534 1383 2570 πηλῷ
1406 2533 1597 2569 συμφύρομαι.
1626 2534 1659 2559 Ὃ
1674 2533 1722 2559 καὶ
1741 2532 1868 2559 εὐεκτοῦν

1082 2583 1207 2617 πολεμεῖ,
1218 2582 1264 2608 καὶ
1280 2582 1343 2617 ἀνιᾷ
1357 2581 1476 2616 πολεμού
1482 2589 1560 2616 μενον
1569 2589 1575 2595 ·
1587 2580 1600 2606 ὅ
1617 2580 1663 2607 καὶ
1677 2579 1714 2611 ὡς
1727 2579 1868 2606 σύνδουλον
1885 2608 1887 2612 ν

1082 2628 1192 2664 ἀγαπῶ,
1206 2628 1252 2655 καὶ
1268 2627 1305 2659 ὡς
1319 2627 1416 2662 ἐχθρὸν
1430 2626 1639 2661 ἀποστρέφομαι
1651 2633 1657 2640 ’
1684 2624 1698 2651 ὃ
1713 2625 1760 2651 καὶ
1776 2624 1812 2655 ὡς
1828 2624 1869 2650 δε·
1886 2619 1892 2628 ⁵

1085 2675 1151 2711 σμὺν
1161 2675 1264 2710 φεύγω,
1273 2673 1319 2701 καὶ
1328 2673 1364 2704 ὡς
1374 2672 1593 2708 συγκληρονόμον
1602 2670 1775 2706 αίσχύνομαι,
1783 2669 1870 2704 Τῆξαι
1892 2692 1895 2693 ,

1084 2720 1239 2755 φιλονεικῶ,
1261 2719 1308 2746 καὶ
1324 2719 1374 2745 οὐκ
1389 2718 1442 2753 ἔχω
1457 2718 1510 2744 τίνι
1524 2717 1649 2753 συνεργῷ
1664 2716 1731 2752 πρὸς
1746 2717 1780 2743 τὰ
1805 2716 1870 2742 κάλ-

1085 2766 1164 2792 λιστα
1186 2767 1323 2802 χρήσομαι
1338 2785 1345 2797 ,
1361 2764 1398 2795 ὡς
1413 2763 1490 2795 εἰδὼς
1504 2763 1544 2794 είς
1563 2763 1577 2789 ὃ
1591 2763 1701 2797 γέγονα,
1716 2762 1761 2788 καὶ
1775 2762 1816 2788 ὅτι
1830 2761 1870 2787 δεῖ

1087 2821 1121 2848 με
1137 2811 1206 2848 πρὸς
1225 2811 1291 2838 θεον
1306 2810 1446 2837 ἀνατεῖναι
1466 2809 1509 2836 διὰ
1522 2808 1575 2835 τῶν
1591 2807 1728 2845 πράξεων.
1741 2806 1871 2840 Φείδομαι

1086 2858 1123 2891 ὼς
1135 2856 1275 2894 συνεργοῦ,
1291 2856 1338 2884 καὶ
1353 2856 1403 2884 οὐκ
1416 2855 1469 2892 ἔχω
1485 2855 1542 2888 πῶς
1557 2854 1636 2890 φύγω
1650 2854 1699 2890 τὴν
1717 2851 1875 2880 ἐπανάστα-
