2080 3111
211 125 278 158 Ῑ105

880 127 999 158 SACRA
1017 126 1114 157 PARA
1119 126 1249 157 LLELA.

1768 126 1836 160 1106

208 193 261 216 σιν,
277 184 293 219 ἢ
319 183 377 216 πῶς
393 183 499 219 μὴάπὸ
512 182 580 210 Θεοῦ
595 183 682 216 πέσω,
707 183 852 219 βαρυνθεὶς
874 184 934 214 ταῖς
950 183 998 209 πέ-

1059 190 1172 218 gnorem
1188 182 1269 217 cujus
1284 181 1324 210 rei
1345 189 1430 211 causa
1444 183 1497 211 sim
1514 187 1687 219 procreatus,
1709 183 1838 219 quodque

207 230 278 261 ῦὰις,
287 227 484 262 κατασπῶσαις
498 229 517 264 ἥ
524 228 704 264 κατεχούσαις
719 229 758 261 είς
767 229 874 263 ἔδαφος.
884 228 995 263 Ἐχθρός

207 276 281 302 ἐστιν
296 275 425 310 εὐμενὴς,
441 276 489 302 καὶ
501 275 578 310 φίλος
588 275 742 307 ἐπίϐουλος,
756 275 788 301 Ὢ
802 274 852 309 τῆς
868 274 999 308 συζυγίας

1049 228 1115 255 tnihi
1139 236 1187 263 per
1203 230 1329 256 actiones
1346 229 1380 256 ad
1401 229 1486 257 Deum
1504 230 1655 259 ascendere
1674 230 1837 259 incumbat.-

1049 275 1213 307 sinconlra,
1234 279 1264 301 ut
1291 282 1355 302 eum
1380 275 1506 310 adjutore
1525 276 1620 303 mitius
1646 283 1737 310 agam,
1765 275 1840 303 nulla

208 320 319 355 καὶτῆς
344 319 564 356 ἀλλοτριώσεωςι
590 320 623 347 Ὃ
648 319 796 356 φοϐοῦμαι,
819 319 960 354 περιέπω·
984 318 998 345 ὃ

1061 328 1103 350 am
1130 321 1200 348 ratio
1218 321 1351 354 occurrit,
1379 329 1434 357 qua
1457 322 1619 350 rebellantis
1645 322 1778 357 impetum
1799 322 1842 349 [ιι-

209 366 328 402 στέργω,
340 366 448 393 δέδοικα
458 375 465 381 ·
482 366 547 402 πρὶν
572 367 739 402 πολεμῆσαι,
755 366 997 400 κατα).λάσσομαι”

209 412 256 439 καὶ
271 413 337 448 πρὶν
349 411 517 448 εἶρηνεῦσαι,
533 412 685 448 διΐσταμαι.
700 413 750 444 Τίς
771 413 787 447 ἠ
806 412 871 447 περὶ
890 411 939 446 ἐμὲ
955 419 1000 437 σο-

210 458 278 494 φίας
297 459 346 486 καὶ
361 458 429 485 τίτδ
441 458 512 494 μέγα
527 459 591 494 περί
612 459 661 493 ἐμὲ
678 458 843 494 μυστήριον;
860 457 916 493 ἣτί
936 456 999 492 βού-

209 504 296 537 λεται,
314 505 412 540 μοῖραν
424 505 498 539 ἡμᾶς
509 503 589 535 ὄντας
605 503 684 536 Θεοῦ,
700 503 748 530 καὶ
768 502 871 530 ἀνωθεν
887 502 1000 537 ῥεύσαν-

209 559 270 583 τας,
285 550 329 576 ἵνα
342 550 380 585 μὴ
394 550 438 577 διὰ
450 549 500 584 τὴν
513 549 591 583 ἀξίαν
611 549 787 584 ἐπαιρόμενοι
803 548 850 574 καὶ
869 555 999 582 μετεωρι-

211 595 318 629 ζόμενοι
334 594 548 630 καταφρονῶμεν
560 594 606 621 τοῦ
621 594 780 626 κτίσαντος,
798 594 827 620 ἐν
839 594 871 628 τῇ
887 592 953 628 πρὸς
970 591 1001 618 τὸ

213 639 294 675 σῶμα
309 640 382 676 πάλῃ
398 641 446 667 καὶ
463 641 537 677 μάχῃ
560 640 629 676 πρὸς
648 639 729 666 αὐτὸν
751 638 795 665 ἀεὶ
820 637 939 673 βλέπειν,
954 637 1002 665 καὶ

211 685 261 721 τὴν
273 686 492 721 συνεζευγμένην
504 686 657 718 ἀσθένειαν,
672 685 859 719 παιδαγωγίαν
874 681 943 710 εἶναι
953 683 1001 710 τοῦ

213 731 378 767 ἀξιώματος,
406 733 449 760 ἴνα
464 733 579 768 εἴδωμεν
595 733 619 758 οἱ
635 731 712 758 αὐτοὶ
726 731 849 766 μέγιστοί
874 738 903 756 τε
926 729 1003 762 ὄντες

213 778 261 805 καὶ
278 778 476 811 ταπεινότατοι,
492 779 609 813 ἐπίγειοι
631 777 679 805 καὶ
693 776 824 812 οὐράνιοι,
839 775 1002 811 πρόσκαιροι

214 824 262 850 καὶ
275 823 405 851 ἀθάνατοι
417 843 424 856 ,
443 823 606 859 κληρονόμοι
622 823 710 858 φωτὸς
725 822 820 858 πυρὸς,
833 821 922 848 εῖτουν
941 820 1004 847 σκό-

1049 366 1132 402 giam,
1150 370 1198 394 aut
1222 375 1256 395 ne
1273 374 1288 394 a
1314 367 1369 395 Deo
1395 375 1512 402 prorsus
1537 367 1681 401 excidam,
1704 368 1841 403 ejusmodi

1049 412 1228 448 compedibus
1243 417 1386 448 gravatus,
1398 414 1446 449 qui
1464 422 1508 442 me
1519 414 1554 442 ad
1569 417 1671 442 terram
1683 414 1841 446 detrahant,

1049 458 1091 486 vel
1107 458 1262 486 detineant.
1283 458 1377 487 H05tis
1392 464 1434 487 est
1456 459 1576 487 blandus
1590 462 1618 486 et
1635 458 1735 491 l‘acilis,
1753 463 1780 486 et
1797 457 1842 485 in-

1050 503 1174 532 sidiosas
1191 504 1307 533 amicus.
1324 504 1346 532 0
1361 505 1452 540 qualis
1465 505 1518 533 ista
1533 505 1694 539 conjunctio
1712 504 1770 532 esti
1783 511 1843 539 quae

1050 549 1260 576 inimicitiarum
1291 550 1382 577 ratiol
1413 550 1486 584 quod
1516 557 1633 582 vereor,
1664 549 1842 583 amplector:

1051 594 1126 630 quod
1136 602 1208 627 amo,
1225 595 1276 622 hoc
1292 595 1485 630 perhorresco.
1500 595 1659 630 Antequam
1672 595 1774 623 bellum
1786 595 1844 629 geri

1053 639 1176 673 incipiat,
1196 639 1222 666 in
1235 639 1353 675 gratiam
1369 647 1432 668 cum
1450 647 1483 668 eo
1496 640 1579 667 redeo
1595 649 1602 667 :
1619 643 1646 667 et
1660 643 1724 666 ante
1739 639 1845 667 consti-

1053 688 1139 712 tutam
1155 692 1261 720 pacem,
1274 686 1308 713 ab
1323 693 1355 713 eo
1367 686 1500 714 dissideo.
1510 686 1636 719 Quanam
1649 685 1697 712 Dei
1710 685 1845 720 sapientia

1053 731 1105 758 hoc
1121 731 1188 758 mihi
1208 731 1326 759 accidit?
1341 739 1461 767 quonam
1489 740 1589 768 magno
1606 738 1763 767 arcanoque
1777 738 1845 758 cou-

1054 776 1139 804 silio?
1156 777 1198 804 An
1216 777 1268 805 hoc
1285 778 1354 813 agit,
1370 784 1400 806 ut
1416 786 1480 806 cum
1500 778 1590 814 portio
1608 777 1654 805 Dei
1680 778 1782 810 simus,
1795 785 1845 806 seu

1055 829 1175 857 superne
1200 823 1383 858 finxerimus;
1401 832 1436 852 ne
1461 825 1497 852 ob
1522 824 1657 858 ejusmodi
1686 824 1845 859 dignitatem

213 877 287 901 τους,
313 870 453 904 ὁποτέρως
478 870 512 896 ἃν
536 869 693 905 νεύσωμεν;
708 866 850 912 ,Τοιοῦτον
865 867 895 893 τὸ
907 867 1003 902 κρᾶμα

1056 867 1184 895 insolenti
1203 868 1275 896 fastu
1290 869 1368 902 elati,
1391 869 1550 898 Creatorem
1564 876 1754 904 aspernemur,
1771 869 1799 896 in
1815 875 1847 896 ea

213 914 303 950 ἡμῶν,
320 915 368 941 καὶ
383 915 427 941 διὰ
444 915 544 942 ταῦτα·
568 915 606 947 ὠς
628 914 693 949 γοῦν
708 915 771 950 ἐμοὶ
785 913 1001 947 καταφαίνεταιυ

214 960 259 986 ἕνα
274 960 339 986 ὅταν
353 961 533 996 ὲπαιρὼμεθα
552 961 596 988 διὰ
612 961 660 997 τὴν
676 961 784 992 εἰκόνα,
807 960 852 986 διά
869 959 915 986 τὸν
937 957 1002 994 χοῦν

215 1005 436 1040 συπελλὼμεθα.

1055 920 1117 947 quae
1134 913 1216 942 nobis
1230 922 1293 941 cum
1307 923 1425 951 corpore
1436 920 1478 944 est
1490 915 1688 943 colluctatione
1705 919 1733 942 et
1745 921 1847 950 pugna,

1055 958 1146 993 ipsum
1172 967 1281 995 semper
1301 961 1471 994 intueamur,
1502 961 1598 997 sicque
1626 969 1749 988 connexa
1768 960 1848 988 nobis

1056 1004 1217 1039 inﬁrmitas,
1243 1006 1407 1042 dignitatem
1439 1011 1564 1036 nostram
1591 1006 1849 1043 regaleterudial!

214 1050 349 1079 Videlicet
374 1056 405 1079 ut
433 1052 630 1088 intelligamus,
651 1060 702 1080 nos
719 1052 853 1080 maximos
878 1051 955 1086 juxta
977 1051 1004 1077 et
1024 1047 1229 1084 abiectissimos
1243 1058 1316 1084 esse,
1347 1055 1473 1080 terrenos
1499 1056 1527 1080 et
1565 1053 1702 1085 cmlestes,
1743 1056 1849 1086 tempo-

215 1105 315 1126 raneos
331 1103 358 1127 et
377 1099 561 1132 immortales,
586 1100 656 1128 lucis
681 1104 708 1127 et
737 1100 818 1135 ignis,
845 1106 893 1127 seu
916 1097 998 1125 etiam
1036 1097 1215 1126 tenebrarum
1244 1099 1380 1132 haeredes,
1419 1105 1503 1136 prout
1528 1102 1563 1129 ad
1582 1101 1745 1128 alterutrum
1771 1100 1849 1128 nobis

215 1143 385 1178 propendere
406 1145 563 1180 contigerit.
600 1145 662 1173 Haec
694 1150 789 1173 nostra
819 1147 1004 1179 temperatura
1041 1145 1084 1169 est
1108 1151 1116 1170 :

1155 1149 1182 1172 et
1208 1145 1270 1173 istis
1297 1145 1331 1173 de
1358 1147 1452 1174 causis
1483 1147 1628 1182 (quantum
1654 1146 1763 1181 quidem
1791 1146 1850 1180 ipse

216 1190 371 1225 perspicere
395 1191 485 1226 valeo)
511 1196 542 1219 ut
568 1200 631 1220 cum
657 1191 780 1228 dignitas
806 1190 936 1226 imaginis
969 1187 1077 1216 animos
1109 1191 1190 1219 nobis
1211 1192 1361 1225 extulerit,
1392 1200 1444 1221 nos
1478 1197 1550 1221 terra
1586 1192 1731 1222 contrahat
1763 1197 1788 1219 et
1815 1191 1850 1219 de

215 1235 328 1270 primat.

251 1294 335 1326 Τάξις
346 1295 391 1322 τδν
402 1295 544 1332 ἄνθρωπον
555 1298 587 1324 ἐκ
597 1297 705 1331 λογικοῦ
721 1297 769 1325 καὶ
779 1297 877 1332 ἀλόγου
891 1295 1006 1332 συγκρί-

218 1347 303 1374 ματος
318 1340 387 1372 ζῶον
402 1341 510 1375 λογικὸν
527 1343 723 1378 συνεστήσατο,
741 1343 787 1370 καὶ
802 1342 932 1378 συνέδησε
953 1350 1007 1377 μυ-

219 1385 319 1418 στικῶς
333 1386 381 1413 καὶ
396 1387 525 1422 ἀρρήτως
548 1388 593 1415 τὸν
617 1388 681 1424 χοῦν
703 1389 743 1424 τῷ
761 1389 813 1422 νοῒ,
829 1388 875 1416 τὸν
890 1388 951 1415 νοῦν
967 1388 1007 1423 τῷ

219 1430 371 1465 πνεύματι·
386 1431 432 1459 καὶ
448 1432 492 1459 ἵνα
508 1433 784 1470 θαυματουργήσῃ¹τι
802 1434 895 1470 μεῖζον
924 1434 953 1461 ὲν
968 1433 1007 1470 τῷ

218 1476 316 1504 ἑαυτοῦ
331 1477 484 1514 πλάσματι,
497 1479 529 1505 τὸ
544 1480 610 1506 αὐτὸ
626 1480 673 1507 καὶ
688 1480 846 1511 διεσώσατο,
859 1480 907 1507 καὶ
919 1480 1006 1507 διέλυε

220 1532 277 1552 σεν.
293 1524 345 1551 Τὸν
368 1524 419 1559 μὲν
432 1525 487 1560 γὰρ
509 1525 704 1561 ιπεισήγαγεν,
717 1526 762 1553 τὸν
776 1526 805 1553 δὲ
821 1526 1005 1561 ὑπεξήγαγεν,

1093 1291 1232 1326 Ejusdem,
1252 1297 1321 1320 orat.
1336 1292 1382 1322 26.
1399 1308 1434 1314 —
1445 1293 1528 1321 Ordo
1539 1293 1688 1321 hominem
1701 1301 1735 1320 ex
1759 1300 1849 1321 massa

1057 1336 1157 1371 partim
1173 1337 1313 1371 rationali,
1328 1338 1429 1373 partim
1445 1345 1542 1366 aversa
1567 1346 1582 1366 a
1608 1339 1727 1370 ratione,
1747 1339 1850 1365 animal

1058 1383 1191 1410 rationale
1205 1385 1371 1418 construxit,
1383 1389 1411 1412 et
1439 1392 1543 1413 arcano
1555 1385 1647 1413 -modo
1663 1389 1765 1413 terram
1786 1392 1850 1412 eum

1058 1432 1159 1461 mente,
1177 1433 1296 1457 mentem
1316 1438 1379 1458 cum
1396 1431 1613 1466 spiritu~v-insit-.-
1629 1430 1673 1464 Et,
1694 1434 1724 1459 ut
1738 1431 1852 1460 mirabi-

1059 1473 1114 1502 lius
1124 1474 1256 1509 quiddam
1272 1476 1300 1504 in
1317 1476 1448 1512 ﬁgmento
1463 1481 1547 1513 atque
1560 1485 1642 1513 opere
1653 1485 1705 1506 suo
1719 1482 1850 1514 patraret;

1059 1521 1131 1549 idem
1155 1523 1246 1558 ipsum
1257 1528 1285 1552 et
1307 1525 1495 1558 conservavit.-
1515 1530 1543 1553 et
1567 1525 1708 1553 dissolvit.
1726 1526 1850 1553 Alterum

219 1568 313 1605 ὥσπερ
337 1570 366 1597 έν
394 1570 521 1606 ῥεύματι,
548 1571 596 1598 κα).
617 1571 656 1607 τῷ
674 1571 765 1608 θνητῷ
792 1572 840 1607 τὴν
856 1560 1005 1600 ἀθανασία-ν

1059 1567 1134 1595 enim
1151 1568 1359 1603 superinduxit,
1385 1570 1501 1597 alterunt
1524 1569 1668 1602 subduxit.
1687 1577 1742 1597 non
1768 1578 1851 1598 secus

220 1616 469 1652 ἐπραγματεύσατο
483 1617 572 1645 διὰλύ
577 1626 656 1651 πως.

255 1728 305 1760 Τίς
320 1729 337 1764 ή
353 1728 426 1764 μίξις
436 1729 539 1765 ἡμῶνς·
549 1730 591 1762 τίς
605 1731 621 1766 ἡ
637 1731 763 1767 κίνησις;
789 1731 847 1763 πῶς
863 1731 894 1758 τὺ
908 1730 1010 1759 ἀθάνα-

221 1784 267 1802 τον
281 1775 319 1811 τῷ
334 1775 424 1811 θνητῷ
439 1776 611 1812 συνεκράθη;
627 1777 686 1808 πῶς
709 1778 785 1804 κάτω
809 1778 874 1812 ρέω,
889 1778 938 1804 καὶ
954 1778 1010 1805 ἀνω

221 1821 339 1857 φέρομαι
350 1831 358 1854 ;
371 1822 430 1854 πῶς
443 1822 516 1859 ψυχὴ
542 1823 732 1859 περιφέρεται,
749 1824 795 1852 καὶ
808 1824 881 1860 ζωὴν
907 1824 1009 1857 δίδωσι,

221 1867 271 1895 καὶ
288 1867 391 1899 πάθους
404 1868 626 1903 μεταλαμόάνεις
641 1869 701 1901 πῶς
714 1870 729 1895 ὁ
744 1869 807 1901 νοῦς
821 1870 1011 1905 περιγραπτδς

221 1913 270 1939 καὶ
284 1913 422 1948 ἀόριστος,
447 1915 476 1941 ὲν
492 1915 558 1949 ἡμῖν
580 1914 678 1950 μένων,
696 1916 743 1941 καὶ
759 1915 850 1942 πάντα
874 1915 1010 1949 ἐφοδεύων

221 1958 300 1992 τάχει
313 1959 399 1993 φορᾶς
411 1959 457 1986 καὶ
475 1959 608 1994 ρεύσεως;
620 1960 679 1991 πῶς
691 1961 929 1996 μταλαμσάνεται
939 1961 1010 1996 λόγῳ

223 2004 271 2030 καὶ
282 2004 462 2038 μεταδίδοται,
483 2005 531 2032 καὶ
553 2006 587 2033 δι’
606 2006 687 2042 ἀέρος
703 2008 795 2042 χωρεῖ,
812 2007 858 2033 καὶ
870 2007 939 2043 μετὰ
954 2007 1010 2035 τῶν

223 2049 394 2085 πραγμάτων
410 2051 564 2087 εἰσέρχεται
579 2051 637 2078 ἀπὸ
649 2052 704 2079 τῶν
720 2052 891 2089 αίσθήσεων;

258 2194 314 2230 Οὐχ
327 2195 371 2222 ἵνα
385 2196 517 2231 φάγωμεν
533 2197 581 2223 καὶ
592 2197 709 2233 πίωμεν,
723 2197 772 2225 καὶ
785 2197 1007 2234 περιϐαλώμεθα,

223 2240 420 2276 ἐγεννήθημεν,
432 2242 490 2269 ἀλλ’
506 2243 549 2270 ἵνα
567 2244 701 2279 φύγωμεν
713 2245 824 2277 κακίαν,
839 2244 965 2280 ἑλώμεθα
981 2245 1009 2273 δὲ

222 2287 333 2324 ἀρετὴν,
348 2289 399 2323 τῆς
410 2288 485 2322 θείας
498 2289 688 2326 ἐπιλαϐόμενοι
701 2290 869 2326 φιλοσοφίας.
881 2292 942 2318 ’Ότι
954 2292 1010 2327 γὰρ

221 2334 271 2369 οὺχ
288 2334 333 2361 ἵνα
347 2335 479 2371 φάγωμεν
495 2336 542 2363 καὶ
555 2337 671 2372 πίωμεν,
687 2337 884 2373 ἐγεννήθημεν,
894 2337 952 2365 ἀλλ’
966 2338 1010 2373 ἐφ’

222 2380 326 2415 ἑτέροις
341 2381 433 2417 πολλῷ
458 2381 564 2418 μείζοσι
585 2385 633 2410 καὶ
648 2383 792 2419 βελτίοσιν,
817 2383 935 2411 ἄκουσον
960 2383 1008 2411 τοῦ

221 2424 290 2450 Θεοῦ
317 2425 366 2452 καὶ
393 2426 446 2462 τὴν
473 2427 563 2454 αίτίαν
586 2427 729 2462 λέγοντος,
753 2428 796 2463 ἐφ’
866 2428 1009 2464 ἄνθρωπον

223 2467 369 2501 ἐποίησεν·
385 2469 558 2498 διαπλάττων
576 2471 630 2507 γὰρ
649 2472 740 2504 αὐτὸν,
758 2472 829 2499 οὕτω
845 2482 903 2506 πως
923 2474 1008 2509 φησί⁸

226 2513 410 2548 ιΠοιήσωμεν
435 2515 580 2551 ἄνθρωπον
600 2517 661 2543 κατ’
681 2517 774 2544 εἰκόνα
799 2518 940 2554 ἡμετέραν
963 2519 1009 2546 καὶ

224 2559 285 2586 καθ’
298 2558 438 2593 ὁμοίωσιν.
458 2569 467 2587 ι
481 2561 590 2595 Ὅμοιοι
605 2562 633 2588 δὲ
653 2562 699 2588 τοῦ
717 2562 785 2589 Θεοῦ
800 2563 943 2599 γινόμεθα,
958 2563 1009 2590 οὐκ

223 2603 361 2635 ἐσθίοντες
386 2605 434 2631 καὶ
457 2605 580 2638 πίνοντες
604 2607 652 2634 καὶ
677 2607 918 2643 περιϐαλλόμενοι·
943 2607 1010 2640 Θεὸς

222 2648 278 2684 γὰρ
287 2648 349 2675 οὔτε
364 2649 461 2682 ἐσθίει,
472 2649 534 2677 οὔτε
549 2650 632 2683 πίνει,
644 2650 707 2678 οὔτε
722 2651 929 2686 περιϐάλλεται·
941 2652 1010 2680 ἀλλὰ

221 2694 396 2731 δικαιοσύνην
421 2695 579 2728 ἀσκοῦντες,
606 2697 654 2723 καὶ
678 2696 885 2732 φιλανθρωπίαν
910 2699 1013 2726 ἐπιδει-

223 2741 365 2777 κνύμενοι,
381 2743 496 2778 χρηστοὶ
511 2742 560 2770 καὶ
574 2743 706 2774 ἐπιεικεῖς
719 2742 805 2775 ὀντες,
815 2743 879 2775 τοὺς
897 2744 1012 2779 πλησίον

222 2787 378 2820 ἐλεοῦντες,
386 2788 496 2815 ἃπασαν
511 2787 612 2824 ἀρετὴν
619 2787 781 2820 διώκοντες“
795 2788 857 2815 ἐπεὶ
870 2788 902 2815 τδ
914 2791 1012 2824 φαγεῖν

223 2833 271 2862 καὶ
294 2833 325 2861 τὸ
339 2835 424 2871 πιεῖν,
450 2833 541 2864 κοινῦν
558 2834 626 2871 πρὸς
653 2833 703 2870 τὴν
722 2833 778 2862 τῶν
800 2833 906 2870 ἀλόγων
928 2835 1010 2871 φύσιν

1059 1618 1142 1648 atque
1156 1614 1182 1641 in
1195 1622 1330 1649 aquarum
1346 1614 1420 1642 ﬂuxu
1431 1624 1438 1646 ς
1449 1619 1477 1643 et
1487 1616 1595 1651 corpori
1611 1617 1720 1644 mortali
1737 1608 1851 1645 immot-

1060 1658 1195 1686 talitatem
1208 1665 1258 1694 per
1271 1659 1438 1687 solutionem
1458 1660 1640 1695 comparavit.

1097 1711 1233 1760 Eﬂtsdem,
1246 1730 1315 1754 orat.
1329 1727 1375 1754 54.
1387 1741 1423 1746 -
1434 1727 1565 1760 Quaenam
1583 1727 1639 1754 hare
1653 1728 1747 1756 misﬁo
1754 1732 1852 1756 nostra

1060 1775 1102 1798 est
1111 1771 1127 1797 ?'
1138 1771 1200 1806 quis
1213 1773 1325 1800 motus?
1351 1773 1492 1807 quomodo
1508 1772 1533 1800 id
1546 1773 1618 1808 quod
1633 1773 1788 1801 immortale
1797 1778 1850 1806 est.

1061 1822 1123 1843 eum
1141 1823 1170 1843 re
1183 1817 1293 1843 mortali
1310 1821 1491 1852 temperatum
1510 1817 1581 1844 fuit?
1600 1817 1651 1850 Qui
1669 1819 1697 1845 tit
1715 1823 1745 1845 ut
1760 1819 1852 1846 anima

1061 1863 1282 1896 circumferetur,
1303 1868 1331 1891 et
1353 1865 1437 1891 vitam
1464 1865 1616 1899 impertiat,
1650 1865 1860 1901 aﬂ‘cctuumque-

1061 1906 1097 1933 sit
1113 1907 1268 1942 particeps?
1279 1908 1330 1940 Qui
1347 1907 1375 1934 ﬁt
1391 1911 1420 1934 ut
1434 1915 1522 1940 mens,
1535 1911 1562 1934 ct
1576 1909 1785 1944 circumscripta
1803 1910 1851 1942 sit,

1061 1955 1088 1979 et
1109 1952 1189 1987 313
1214 1952 1355 1979 indeﬁnite
1375 1961 1382 1980 :
1403 1953 1431 1979 in
1457 1953 1538 1980 nobis
1568 1957 1688 1985 maneat,
1711 1957 1737 1980 ct
1762 1959 1851 1982 motus

1062 1997 1206 2032 (luxusque
1227 1998 1388 2033 pernicitate
1403 1998 1494 2025 omnia
1510 1998 1676 2031 perlustret?
1699 2000 1746 2034 qui
1765 1999 1804 2032 ﬁt,
1821 2005 1852 2027 ut.

1062 2048 1216 2069 sermonem
1229 2042 1370 2077 percipiat,
1380 2046 1407 2069 et
1416 2042 1540 2070 vicissim
1552 2043 1749 2077 communicet;
1758 2051 1851 2072 acrem

1061 2086 1203 2122 pervadat,
1219 2091 1246 2114 et
1266 2086 1435 2115 adminiculo
1450 2095 1583 2115 sensuum
1606 2088 1635 2115 in
1656 2089 1731 2124 ipsas
1745 2097 1789 2117 res
1807 2090 1851 2118 itt-

1061 2131 1218 2167 gradiatur?

1098 2187 1236 2223 Chrysost.
1252 2189 1337 2216 Homo
1350 2198 1397 2217 cur
1409 2189 1541 2218 conditus.
1557 2205 1592 2210 —
1605 2190 1665 2218 Non
1681 2195 1710 2218 ut
1727 2192 1850 2225 edamus,

1027 2229 1049 2257 Β
1064 2238 1091 2263 et
1105 2235 1242 2268 bibamus,
1255 2240 1282 2264 et
1296 2237 1453 2269 induamur,
1468 2237 1652 2272 nati‘sumus;
1668 2238 1726 2270 sed,
1742 2243 1852 2274 arrepta

1062 2281 1154 2308 divina
1169 2281 1354 2317 philosophia,
1379 2283 1475 2310 vitium
1502 2283 1651 2318 fugiamuS,
1673 2288 1700 2312 et
1723 2284 1851 2312 virtutem

1061 2328 1258 2363 amplexemnr.
1272 2328 1339 2355 Nam
1348 2329 1431 2363 quod,
1445 2337 1499 2357 non
1512 2334 1542 2357 ut
1552 2330 1666 2358 edamus
1674 2335 1701 2358 et
1713 2331 1851 2363 bibamus,

1060 2374 1108 2402 sed
1126 2374 1161 2403 ob
1172 2375 1225 2402 alia
1237 2375 1316 2410 longe
1331 2375 1436 2409 majora
1461 2380 1487 2403 et
1505 2377 1696 2411 praestantiora
1718 2377 1744 2404 in
1762 2377 1852 2405 lucem

1060 2421 1127 2449 editi
1151 2421 1249 2454 simus,
1275 2421 1339 2449 audi
1354 2429 1435 2457 quam
1455 2429 1566 2450 causam
1581 2421 1654 2450 Deus
1670 2422 1774 2455 atterat,
1801 2430 1852 2450 cur

1062 2467 1200 2496 hominem
1217 2467 1381 2495 condiderit.
1402 2468 1472 2496 Cum
1497 2469 1568 2496 enim
1584 2476 1645 2496 eum
1661 2468 1800 2502 formavit,
1817 2469 1852 2496 ad

1062 2514 1135 2542 hunc
1147 2514 1256 2541 modum
1271 2514 1379 2541 locutus
1391 2517 1433 2542 est
1449 2522 1457 2541 :
1478 2523 1487 2540 ι
1501 2514 1646 2541 Faciamus
1663 2514 1799 2541 hominem
1816 2514 1851 2542 ad

1063 2561 1208 2596 imaginem
1223 2564 1251 2587 et
1278 2559 1483 2588 similitudinem
1505 2564 1638 2587 nostram.
1657 2569 1666 2585 ι
1687 2559 1741 2587 Deo
1768 2567 1851 2595 porro

1062 2607 1165 2635 similes
1177 2605 1318 2639 ellicimnr,
1334 2613 1388 2633 non
1404 2605 1513 2640 quando
1537 2605 1655 2639 edimus,
1671 2609 1698 2633 et
1719 2604 1850 2637 bibimus,

1062 2657 1089 2681 et
1104 2653 1244 2680 induimur
1261 2651 1345 2688 (Deus
1360 2651 1461 2687 quippe
1481 2658 1533 2678 nec
1552 2650 1619 2683 edit,
1637 2657 1688 2678 nec
1705 2649 1783 2683 bibit,
1801 2658 1852 2678 nec

1062 2697 1187 2726 vestibus
1201 2698 1309 2731 utitur),
1325 2697 1372 2726 sed
1386 2697 1497 2733 quando
1512 2702 1568 2724 tum
1576 2696 1744 2732 benignitate
1751 2700 1779 2724 et
1792 2704 1852 2724 mo-

1051 2744 1162 2777 destia,
1172 2748 1230 2773 tum
1239 2744 1426 2772 misericordia
1439 2751 1503 2779 erga
1518 2750 1661 2779 pauperes,
1673 2743 1851 2776 omniumque

1062 2790 1193 2818 vit-tutum
1210 2790 1301 2818 studio
1325 2789 1461 2826 justitiam
1476 2789 1604 2822 colimus,
1621 2791 1649 2816 et
1672 2787 1851 2815 humanitatis

1063 2837 1202 2873 specimen
1218 2836 1326 2866 damus.
1342 2835 1429 2866 Edere
1443 2835 1578 2873 siquidem
1605 2838 1631 2863 ct
1652 2834 1755 2868 bibere,
1771 2833 1851 2862 nobis
