2080 3111
252 170 263 202 i
272 170 320 202 107

853 170 882 200 S.
903 169 1065 200 JOANNIS
1084 170 1299 202 DAMASCEN‘I

1759 158 1761 160 ’
1814 171 1882 205 nos

248 234 313 255 cum
332 226 420 255 brutis
432 233 577 254 commune
591 228 644 258 est,
661 232 751 260 neque
766 223 817 252 hac
833 224 859 252 in
879 229 957 260 parte
971 233 1040 261 pra-.-

1101 226 1159 261 ιιμῐν
1179 227 1265 258 ἐστιν,
1282 226 1328 254 καὶ
1341 226 1402 254 οὐδὲ
1420 227 1531 254 ἐκείνων
1559 227 1630 254 κατά
1651 226 1731 254 τοῦτο
1743 216 1883 263 ’ἀμείνους

250 275 402 302 stautiores
421 274 476 301 illis
493 281 601 301 sumus.

287 321 396 356 Ejusd,
419 320 473 348 imo
495 320 591 347 incerti
615 320 748 351 auctoris,
766 319 875 346 alterius
898 325 1007 354 prorsus
1025 326 1041 344 ιι

250 367 449 403 Chrysouomo.
461 380 496 388 --
511 365 583 399 Quid
600 366 727 393 utilitatis
743 365 895 392 attulerunt
905 364 1042 399 sapientes

249 413 418 446 Graecorum,
434 411 499 440 dum
516 419 657 440 sermones
676 411 785 447 quidem
803 410 951 438 commenti
966 413 1041 443 sunt,

249 459 388 488 sermonis
398 466 464 487 vero
474 459 596 487 datorem
607 457 720 486 minime
729 457 934 492 cognoverunt?
945 455 1042 489 Quem,

249 514 355 542 qumso,
371 506 490 534 fructum
502 505 644 533 hominum
661 504 752 539 generi
767 503 859 531 attulit
874 501 963 533 Plato,
978 501 1042 528 dum

251 553 373 588 linguam
389 551 521 587 quidem‘
534 550 671 582 dilatavit,
695 549 771 576 nullo
796 553 886 576 autent
909 547 1044 575 beneﬁcio

250 599 372 626 animam
391 597 517 626 ornavit?
540 597 637 624 Annon
666 596 700 623 iis
720 595 767 630 qui
784 595 818 623 de
841 595 931 622 anima
947 594 1044 630 longos

251 646 387 670 tractatus
403 641 559 673 ediderunt,
574 640 695 668 animam
711 639 762 674 ipsi
782 638 962 670 exhalarunt;
975 637 1044 664 dum

251 697 324 720 eum,
338 689 384 723 qui
401 688 521 715 animum
536 686 604 722 ipsis
618 686 813 717 insolraveral,
830 684 1044 720 haudquaquam

251 741 403 771 agnoscere
417 732 583 761 voluerunt?
597 731 625 758 Si
638 738 730 759 rerum
747 731 871 757 onminm
887 729 1044 757 eiieetorcm

251 780 457 816 cognovissent,
476 779 562 815 Moysi
584 777 686 805 fartrulo
707 777 767 812 ejus
791 777 886 811 utique
904 775 1047 803 adhibuis-

251 833 313 856 sent
326 826 419 859 tidem,
440 825 542 854 dicenti
559 834 566 852 :
585 834 595 851 ι
614 823 646 852 Ει
671 823 776 851 creavit
802 823 936 851 Dominus
951 822 1047 850 homi-

251 881 315 902 nem
336 873 476 908 pulverem
502 871 536 899 de
561 874 657 904 terra;
680 873 708 898 et
734 869 881 905 inspiravit
905 869 932 896 in
948 868 1045 896 faciem

252 919 315 954 ejus
328 918 494 954 spiraculum
504 917 566 944 vitae
580 925 587 944 :
602 921 629 944 et
644 916 733 944 factus
743 919 786 943 est
799 915 881 942 homo
892 915 1046 942 inanimum

251 963 402 991 viventem.
419 972 431 989 ι
448 961 540 994 Vides,
560 969 614 998 quo
636 965 716 997 pacto
731 968 802 996 opus
831 960 879 988 Dei
895 960 978 988 homo
999 961 1046 994 sit,

253 1009 405 1037 animatum
423 1007 490 1036 illud
514 1007 560 1035 Dei
580 1007 677 1042 pignus
694 1011 721 1034 et
739 1007 967 1039 instrumentum,
988 1006 1049 1034 ani-

253 1055 336 1083 malis
362 1055 470 1082 ratione
490 1054 598 1089 prazditi
620 1053 709 1086 radix,
725 1057 754 1080 ut
767 1053 813 1088 qui
828 1053 856 1080 in
873 1057 950 1081 costa
968 1052 1048 1080 fetui—

257 1108 320 1129 nam
332 1104 453 1136 gestaret
461 1100 472 1127 Τ
480 1099 574 1132 Vides,
591 1107 645 1134 qua
660 1099 765 1126 ratione
776 1098 882 1126 etiictus
894 1098 930 1126 sit
944 1098 1049 1126 homo?

253 1147 488 1183 quemadmodum
523 1146 689 1174 mirabillter
721 1145 854 1173 formatus
882 1145 919 1173 sit
942 1143 1049 1172 Adam?

254 1193 338 1229 Atqui
355 1193 518 1221 mirabiliter
533 1192 662 1220 conditus
677 1195 734 1224 est,
760 1195 788 1219 et
812 1198 896 1227 supra
920 1195 1048 1218 naturain

255 1240 358 1276 genuit.
388 1239 512 1267 Naturali
534 1239 643 1274 quidem
661 1238 742 1266 modo
757 1238 872 1266 Cainnnr
888 1241 915 1266 et
935 1237 1047 1265 Abelem

255 1288 422 1324 procreavit,
449 1288 526 1316 velut
552 1288 595 1315 his
617 1287 710 1314 verbis
737 1290 854 1314 testatur
880 1285 1047 1320 Scriptura:

257 1343 269 1359 ι
286 1332 421 1368 Cognovit
445 1332 531 1360 Adam
562 1339 676 1359 uxorem
701 1339 792 1364 suam,
807 1334 834 1357 et
862 1330 999 1365 concepit,
1022 1333 1050 1356 et

256 1380 364 1415 peperit
378 1377 454 1415 (Gen.
468 1386 505 1411 Iv,
516 1377 554 1413 l).
568 1387 578 1404 ι
594 1377 671 1411 Quod
686 1383 777 1404 autem
790 1381 916 1403 naturam
929 1374 1048 1407 excedit,

255 1425 325 1453 illud
339 1429 381 1453 est
397 1424 470 1460 quod
493 1425 647 1458 quaeritur;
667 1430 767 1458 nempe
791 1421 846 1458 quo
870 1424 950 1458 pacto
964 1420 1048 1448 Eram

256 1478 371 1500 uxorem
392 1471 533 1506 ﬁliamque
556 1478 634 1498 suam
662 1469 799 1506 genuerit.
825 1468 947 1496 Tametsi
975 1468 1048 1495 enim

257 1519 331 1547 Deus
346 1518 417 1546 hunc
431 1517 568 1550 condidit,
586 1520 680 1544 tamen
696 1520 802 1544 costam
817 1516 853 1543 ab
868 1515 975 1543 Adamo
990 1522 1050 1542 mu-

257 1567 354 1592 tuatus
366 1568 419 1592 est.
434 1563 584 1597 Quocirca.
598 1563 662 1590 dum
677 1569 738 1590 eam
751 1561 955 1594 conformabat,
969 1567 1050 1596 sopo-

258 1618 316 1639 rem
331 1615 359 1638 et-
374 1617 522 1638 excessum
547 1609 662 1637 immisit
689 1609 717 1636 in
732 1607 832 1641 Adam,
845 1612 873 1634 et
890 1607 952 1635 tulit
968 1613 1052 1634 unam

257 1659 295 1686 de
312 1657 399 1686 costis
412 1657 485 1692 ejus,
501 1661 528 1684 et
541 1655 656 1691 replevit
671 1662 784 1683 carnem
811 1661 863 1690 pro
881 1660 924 1681 ea.
947 1652 1051 1681 Verum

258 1702 387 1739 quamvis
401 1701 537 1730 altissimo
558 1707 656 1729 somno
681 1699 768 1727 Adam
791 1698 982 1731 obdormierit,
997 1705 1051 1725 non

259 1754 351 1778 tamen
380 1756 444 1777 eum
471 1748 552 1776 latuit
581 1746 655 1783 quod
686 1745 820 1774 Dominus
850 1745 921 1774 clam
947 1747 1052 1780 egerat.

259 1796 347 1824 Adam
371 1796 456 1828 enim,
481 1794 528 1822 ubi
544 1794 663 1830 primum
685 1793 769 1820 Evam
792 1791 870 1824 vidit,
888 1799 952 1819 cum
979 1791 1052 1818 latus

259 1849 341 1870 suum
361 1840 510 1876 tetigisset,
531 1847 546 1866 a
564 1847 595 1867 se
607 1838 681 1874 quod
696 1837 749 1866 sibi
766 1837 861 1865 deerat
877 1837 972 1864 datum
987 1843 1049 1864 cum

258 1888 353 1915 carnis
370 1887 541 1915 incremento
558 1885 704 1920 comperit,
722 1889 749 1912 et
768 1883 874 1910 ratione
905 1882 1050 1919 praeditum

258 1932 361 1960 animal
376 1931 544 1967 suscepisse.
570 1930 685 1962 Idcirco,
700 1936 763 1957 eum
779 1928 851 1956 Deus
873 1927 1002 1956 feminam
1016 1927 1052 1955 ad

258 1978 395 2006 Adamum
411 1978 584 2010 adduxisset,
609 1982 638 2004 ut
654 1976 758 2004 videret
778 1983 834 2010 quo
855 1982 915 2002 eam
941 1974 1052 2002 nomine

259 2028 445 2061 nuncuparet,
476 2023 648 2059 respondens
665 2022 752 2050 Adam
774 2021 830 2050 Deo
856 2021 926 2049 dixit
951 2028 958 2047 :
979 2020 1051 2054 Quid

259 2071 339 2104 milii,
367 2070 495 2103 Domine,
518 2069 590 2097 hanc
615 2076 667 2097 ceu
695 2067 868 2104 peregrinam
890 2066 1053 2094 adduxisti?

259 2125 356 2147 verum
387 2124 443 2145 non
467 2115 537 2143 mihi
562 2114 671 2150 stupori
699 2113 753 2143 hoc
781 2113 972 2148 spectaculum
999 2121 1053 2144 est.

1093 273 1176 308 ἐσμέν
1186 291 1192 297 .

1126 319 1161 346 Tt
1174 318 1321 355 ὠφέλησαν
1336 320 1360 346 οἱ
1386 319 1521 355 Ἐλλήνων
1538 319 1627 354 σοφοὶ,
1641 319 1704 351 τοὺς
1719 319 1816 353 λόγους
1833 329 1885 356 μη-

1091 366 1288 402 χανησάμενοι,
1303 366 1352 393 καὶ
1373 365 1420 393 τὸν
1435 365 1483 393 τοῦ
1499 365 1580 400 λόγου
1605 365 1706 401 δοτῆρα
1731 366 1769 400 μὴ
1784 367 1885 402 γνωρί-

1094 421 1210 446 σαντες;
1230 413 1264 439 Τί
1281 411 1425 448 ὠφέλησεν
1439 412 1563 445 Πλάτων,
1579 411 1609 438 τὸ
1631 411 1680 448 μὲν
1699 411 1787 446 στόμα
1815 412 1884 438 πλα-

1091 458 1173 492 τύνας
1185 458 1210 493 ά,
1238 458 1288 494 τὴν
1316 458 1345 485 δέ
1372 458 1461 494 ψυχὴν
1485 458 1523 494 μὴ
1546 458 1746 494 εὐεργετήσαςς
1780 458 1835 493 Οὐχ
1859 459 1885 485 οἱ

1093 505 1180 532 πολλὰ
1196 505 1262 541 περὶ
1279 504 1370 540 ψυχῆς
1392 504 1595 540 διαλαϐόμενοι,
1612 503 1673 531 καθ’
1701 504 1816 536 ἑαυτοὺς
1832 504 1883 531 ἀπ⁵

1094 551 1207 587 έψυξαν,
1222 551 1268 578 τὸν
1279 551 1473 587 ἐμπνεύσαντα
1491 551 1584 583 αὐτοῖς
1596 550 1647 586 τὴν
1660 550 1751 586 ψυχὴν
1765 550 1887 585 ἐπιγνῶ-

1094 607 1138 625 ναι
1155 597 1193 633 μὴ
1219 597 1401 633 θελήσαντες;
1424 597 1455 624 El
1478 597 1533 632 γὰρ
1553 597 1676 631 ἔγνωσαν
1698 597 1744 623 τὸν
1770 597 1887 633 ποιητὴν

1095 643 1150 670 τῶν
1159 643 1299 675 ἁπάντων,
1315 642 1484 678 ἐπείσθησαν
1502 641 1541 677 τῷ
1565 642 1662 668 Μωσετ
1682 641 1721 677 τῷ
1739 641 1887 676 θεράποντι

1095 689 1219 724 λέγοντι·
1240 697 1250 715 ο
1266 689 1322 716 Καὶ
1337 687 1459 716 ἔπλασεν
1473 689 1486 715 ὁ
1505 688 1571 720 Θεὸς
1591 687 1636 715 τὸν
1658 687 1803 723 ἄνθρωπον
1822 687 1889 723 χοῦν

1096 736 1150 764 ἀπὸ
1177 736 1227 772 τῆς
1251 735 1316 771 γῆς,
1336 735 1383 763 καὶ
1397 735 1566 770 ἐνεφύσησεν
1585 735 1626 767 εἰς
1641 734 1788 770 πρόσωπον
1804 733 1888 760 αὐτοῦ

1097 783 1181 818 πνοὴν
1202 783 1286 818 ζωῆς.
1301 783 1348 809 καὶ
1365 782 1474 817 ἐγένετο
1489 782 1530 814 εἰς
1555 781 1645 817 ψυχὴν
1659 781 1759 814 ζῶσαν.
1778 791 1787 807 ι
1811 778 1889 811 Εἶδες

1097 829 1156 860 πῶς
1173 829 1254 865 ἔργον
1276 829 1344 856 θεοῦ
1359 828 1373 855 ὁ
1397 828 1552 866 ἄνθρωπος,
1566 827 1598 854 τὸ
1621 827 1742 863 ἔμψυχον
1758 827 1806 854 τοῦ
1820 826 1889 853 Θεοῦ

1098 875 1252 911 κειμήλιον.
1265 876 1281 911 ή
1298 875 1362 911 ῥίζα
1375 875 1423 902 τοῦ
1438 874 1548 909 λογικοῦ
1561 873 1643 907 ζώου,
1657 874 1672 900 ὁ
1690 874 1718 900 ἐν
1732 874 1766 908 τῇ
1783 872 1888 908 πλευρᾷ

1098 921 1148 955 τὴν
1164 922 1281 955 γυναῖκα
1302 919 1460 956 βαστάξων;
1475 917 1546 952 εἶδες
1564 920 1623 951 πῶς
1639 918 1793 953 διεπλάσθη
1811 918 1825 945 ὁ
1842 918 1890 945 ἄνη

1099 968 1225 1003 θρωποςς
1254 967 1313 999 πῶς
1335 966 1496 1002 παραδόξως
1520 966 1629 1000 ἐγένετο
1661 965 1678 999 ᾇ
1705 965 1806 1000 ’Λδάμς
1841 972 1892 990 πα-

1099 1013 1219 1050 ραδόξως
1261 1012 1406 1048 ἐπλάσθη,
1441 1012 1489 1039 καὶ
1525 1013 1596 1048 ὑπὲρ
1631 1011 1712 1048 φύσιν
1747 1010 1890 1046 ἐγέννησε·

1099 1059 1222 1094 φυσικῶς
1253 1059 1303 1095 μὲν
1338 1058 1469 1094 ἐγέννησε
1493 1058 1539 1085 τὸν
1565 1058 1638 1085 Κάἳν
1661 1058 1710 1084 καὶ
1730 1057 1776 1083 τὸν
1794 1055 1889 1087 Ἅϐελ.

1099 1106 1190 1138 καθώς
1218 1114 1301 1142 φησιν
1332 1106 1350 1141 ἡ
1375 1104 1438 1132 θεία
1475 1104 1582 1140 Γραφή·
1619 1103 1691 1138 ἐγνω
1725 1102 1811 1137 ’Δδέιμ
1840 1102 1893 1136 τὴν

1100 1154 1219 1187 γυναῖκα
1246 1151 1340 1184 αὐτοῦ,
1362 1151 1410 1178 καὶ
1443 1150 1614 1178 συλλαϐοῦσα
1646 1148 1756 1175 ἔτεκεν·
1795 1147 1826 1174 τὺ
1863 1147 1893 1174 δέ

1101 1197 1171 1233 ὑπὲρ
1197 1196 1246 1233 τὴν
1263 1196 1358 1231 φύσιν,
1383 1195 1462 1222 τοῦτό
1477 1196 1535 1222 ἐστι
1561 1194 1592 1221 τὸ
1618 1193 1804 1230 ζητούμενον·
1833 1191 1893 1223 πῶς

1100 1243 1173 1270 Εὕαν
1186 1243 1238 1278 τὴν
1252 1243 1372 1276 γυναῖκα
1398 1241 1480 1268 αὑτοῦ
1503 1241 1551 1268 καὶ
1571 1240 1710 1276 θυγατέρα
1730 1239 1888 1274 ἐγέννησεν.

1100 1291 1132 1317 Ei
1145 1290 1193 1316 καὶ
1207 1288 1273 1321 Θεὸς
1293 1288 1380 1324 αὐτὴν
1394 1287 1626 1323 ἐδημιούργησεν,
1638 1286 1695 1313 ἀλλ’
1710 1286 1784 1321 ὅμως
1797 1285 1829 1311 ἐκ
1845 1283 1893 1310 τοῦ

1107 1334 1195 1370 Ἀδὶμ
1212 1334 1262 1370 τὴν
1279 1333 1401 1369 πλευρὰν
1419 1333 1588 1360 ἐδανείσατο.
1602 1331 1685 1358 Ὅθεν
1701 1331 1748 1358 καὶ
1761 1329 1894 1357 διαπλάτ-

1099 1391 1155 1409 των
1170 1382 1266 1418 αὐτὴν,
1277 1381 1363 1408 ὓπνον
1377 1380 1504 1408 ἐνέϐαλεν
1518 1379 1565 1406 ἐπὶ
1578 1379 1623 1406 τὸν
1637 1378 1724 1413 Ἀδὰμ.
1738 1377 1785 1404 καὶ
1796 1376 1893 1404 ἔκστα-

1102 1436 1154 1460 σιν,
1173 1427 1221 1454 καὶ
1235 1427 1331 1454 ἔλασεν
1353 1426 1419 1462 μίαν
1443 1425 1498 1453 τῶν
1516 1425 1644 1461 πλευρῶν
1664 1423 1757 1457 αὑτοῦ,
1774 1423 1823 1450 καὶ
1846 1423 1894 1449 ἀν-

1101 1474 1246 1510 επλήρωσε
1267 1473 1357 1508 σάρκα
1378 1472 1436 1500 ἀντ’
1457 1472 1552 1508 αὐτῆς.
1580 1470 1650 1498 Ἀλλ’
1672 1470 1751 1505 ὅμως
1781 1468 1829 1496 καὶ
1864 1469 1896 1495 ἐν

1101 1519 1230 1547 ἐκστάσει
1246 1519 1355 1546 ὕπνωσε
1370 1518 1417 1546 τὸν
1436 1518 1534 1554 Ἀδὰμ,
1550 1517 1578 1544 ὃν
1590 1517 1642 1544 οὒκ
1657 1515 1753 1543 ἔλαθεν
1768 1515 1782 1542 ὃ
1797 1516 1812 1542 ὁ
1827 1513 1895 1546 Θεὸς

1063 1571 1086 1602 C
1102 1567 1231 1602 ἐποίησεν
1259 1566 1288 1593 ἐν
1314 1566 1417 1601 κρυφῇ·
1447 1564 1527 1600 μόνον
1540 1564 1595 1600 γὰρ
1608 1561 1679 1590 εἶδεν
1706 1563 1720 1590 ὁ
1742 1562 1828 1598 Ἀδὰμ
1844 1561 1895 1597 τὴν

1103 1612 1176 1640 Εὕαν
1186 1621 1194 1628 ·
1209 1611 1299 1648 ἥψατο
1316 1611 1366 1646 τῆς
1381 1609 1479 1637 ἑαυτοῦ
1495 1610 1629 1645 πλευρᾶς,
1646 1608 1694 1635 καὶ
1713 1606 1774 1644 εὗρε
1789 1607 1819 1634 rb
1840 1607 1896 1632 λεῖ-

1104 1665 1155 1684 πον
1170 1657 1241 1692 μετὰ
1264 1655 1425 1692 προσθήκης
1442 1655 1544 1691 σαρκὸς
1563 1653 1700 1686 δεδωκὼς,
1722 1652 1769 1679 καὶ
1786 1651 1895 1686 λογικὸν

1105 1703 1174 1736 ζῶον
1191 1702 1403 1738 ὑποδεξάμενος.
1420 1701 1503 1728 Ὅθεν
1515 1701 1564 1728 καὶ
1584 1700 1633 1727 τοῦ
1657 1699 1725 1727 Θεοῦ
1752 1706 1896 1734 προσαγαο

1104 1750 1199 1785 γόντος
1209 1748 1258 1785 τὴν
1269 1749 1388 1784 γυναῖκα
1398 1747 1438 1784 τῷ
1452 1747 1538 1783 ’Λδὰμ
1551 1748 1614 1775 ἰδεῖν
1630 1747 1657 1773 τί
1674 1739 1784 1774 καλεσει
1799 1744 1895 1780 αὐτὴν,

1104 1795 1267 1831 ἀποκριθεὶς
1282 1795 1297 1822 ὀ
1322 1794 1407 1830 Ἀδὰμ
1425 1794 1496 1827 πρὸς
1522 1793 1569 1820 τὸν
1586 1792 1665 1826 Θεὸν,
1692 1789 1781 1823 εἶπεν,
1797 1790 1831 1817 Τί
1850 1798 1896 1825 μοι

1104 1841 1209 1876 ταύτην
1223 1840 1261 1873 ὡς
1276 1840 1357 1876 ξένην
1370 1840 1544 1875 παρήγαγες,
1556 1839 1696 1872 Δέσποτας
1707 1838 1758 1865 οὐκ
1772 1836 1895 1871 ἐκπλήτ-

1103 1893 1188 1922 τομαι
1202 1887 1235 1921 τῇ
1248 1884 1309 1921 θέᾳ.
1327 1885 1480 1921 Ἐγνώρισα
1497 1885 1552 1920 γάρ
1569 1893 1620 1920 μου
1633 1884 1684 1919 τὴν
1700 1883 1800 1918 σάρκα.
1817 1881 1897 1916 Ἐχα·

1105 1932 1174 1968 piam
1190 1940 1236 1968 μοι
1250 1931 1321 1964 ζῶον
1333 1931 1454 1966 λογικὸν,
1471 1931 1496 1958 ει
1511 1931 1559 1957 καὶ
1571 1929 1696 1965 διαφέρει
1711 1928 1750 1964 τῷ
1763 1928 1896 1963 σχήματι,

1103 1979 1162 2006 ἀλλ’
1180 1979 1284 2014 ἥνωται
1311 1979 1344 2014 τῇ
1373 1977 1464 2012 φύσει.
1490 1977 1563 2012 Γυνὴ
1579 1974 1730 2003 καλείσθωο
1752 1973 1782 2006 ἐξ
1801 1973 1897 2008 ἀνδρὸς

1104 2025 1160 2060 γὰρ
1173 2024 1291 2060 ἐλήφθη,
1310 2024 1358 2052 καὶ
1371 2025 1404 2051 ἐκ
1431 2025 1482 2058 τῆς
1507 2023 1629 2058 πλευρᾶς
1655 2021 1789 2056 ἐπλάσθη.
1806 2020 1898 2046 Ἔστω

1106 2068 1153 2098 οὖν
1175 2070 1227 2097 ὑπὸ
1244 2070 1334 2105 χεῖρα.
1359 2069 1397 2096 οὐ
1425 2068 1481 2104 γὰρ
1495 2068 1528 2096 ἐκ
1551 2068 1601 2103 τῆς
1629 2066 1752 2102 κεφαλῆς
1780 2065 1897 2101 ἐλήφθη,

1107 2117 1166 2144 ἀλλ’
1180 2117 1212 2143 ἐκ
1223 2116 1273 2151 τῆς
1287 2116 1421 2151 πλευρᾶς.

261 2164 379 2192 Carnem
403 2162 505 2198 quippe
518 2169 606 2188 meam
626 2168 747 2195 agnosco
764 2169 771 2188 :
792 2161 925 2189 rationale
951 2162 1054 2191 animal
1081 2165 1148 2192 mihi
1162 2163 1283 2192 donasti.
1299 2162 1357 2190 Etsi
1372 2161 1462 2190 forma
1485 2161 1596 2189 diversa
1613 2164 1666 2193 est,
1681 2164 1779 2187 natura
1807 2163 1899 2186 tamen

262 2209 418 2245 copulatur.
438 2207 533 2242 Itaque
546 2207 604 2234 vira
616 2211 731 2235 vocetur
755 2215 763 2234 :
784 2208 914 2241 quoniam
927 2208 1010 2245 315.
1023 2209 1058 2238 de
1076 2211 1137 2238 viro
1150 2214 1260 2245 sumpta
1274 2213 1328 2242 est,
1344 2213 1370 2237 et
1381 2216 1414 2237 ex
1429 2208 1492 2244 ejus
1507 2211 1585 2236 costa
1616 2206 1732 2234 formata
1754 2212 1763 2233 :
1782 2205 1899 2240 ideoque

263 2256 315 2284 sub
330 2254 446 2289 imperio
462 2253 510 2286 sit,
526 2253 592 2288 quia
604 2261 660 2281 non
685 2261 717 2281 ex
733 2253 832 2288 capite,
848 2254 895 2282 sed
911 2262 945 2282 ex
965 2255 1051 2284 latere
1069 2261 1182 2293 accepta
1202 2256 1262 2285 fuit.
1753 2274 1755 2277 ~

299 2300 434 2332 Philonis.
460 2298 498 2327 De
522 2299 588 2334 opif.
606 2299 677 2327 hom.
696 2314 732 2321 -—
749 2298 872 2328 Hominis
899 2306 1003 2330 estates.
1019 2317 1049 2323 -—

1142 2303 1222 2332 Κατὰ
1238 2303 1287 2339 μὲν
1302 2302 1352 2338 τὴν
1366 2302 1479 2338 πρώτην
1492 2299 1639 2328 ἑπταετίαν
1657 2298 1772 2334 ἔκφυσις
1785 2297 1900 2325 ὀδόντων

263 2348 357 2377 Primo
388 2354 527 2381 annorum
556 2346 712 2382 septenario
743 2346 840 2375 dentes
869 2352 1054 2378 enascuntur.

264 2395 394 2424 Secundo
408 2393 527 2429 genitale
539 2400 633 2421 semen
649 2393 737 2421 emitti
756 2393 863 2429 incipit.
879 2393 974 2422 Tertio
991 2394 1056 2422 bar-

263 2443 298 2470 ba
316 2441 429 2469 crescit.
439 2441 544 2474 Quarto
559 2440 633 2468 vires
650 2445 813 2476 augescunt.
828 2440 929 2474 Quinto
941 2441 1058 2470 ineundi

263 2487 434 2516 matrimonii
450 2491 559 2522 tempus
586 2490 656 2526 est,
670 2486 754 2515 Sexto
782 2487 927 2523 prudentia
945 2488 1057 2516 initium

264 2534 359 2564 sumit.
379 2533 502 2569 Septimo
520 2533 595 2561 librat
612 2533 789 2567 roborantur,
813 2538 841 2561 et
857 2534 941 2562 menti
965 2538 993 2562 et
1010 2542 1056 2562 ra-

265 2579 332 2609 tioni
350 2580 551 2607 incrementum
573 2579 692 2608 accedit.
708 2579 814 2608 Octavo
832 2584 982 2616 utrumque
995 2588 1058 2616 per-

264 2627 368 2655 ﬁcitur.
384 2625 473 2660 Nono,
490 2626 593 2654 sedatis
610 2626 707 2662 majori
724 2630 803 2662 parte
820 2626 973 2659 atieetibus,
986 2626 1058 2654 leni-

266 2679 308 2701 tas
323 2677 350 2700 et
365 2673 549 2701 mansuetudo
565 2673 691 2708 patescit.
709 2672 831 2705 Decimo.
847 2672 986 2709 optandus
995 2673 1060 2701 vitae

266 2718 330 2746 ﬁnis
349 2718 498 2753 contingit.
514 2719 640 2754 corporis
658 2718 787 2747 videlicet
808 2718 941 2747 membris
966 2719 1058 2746 adhuc

267 2762 394 2797 integris.
411 2762 486 2791 Solet
501 2764 574 2791 enim
591 2764 673 2800 longa
688 2768 830 2792 senectute
842 2764 1059 2800 unumquodque

267 2807 422 2835 membrum
438 2809 577 2836 debilitari
586 2814 613 2837 et
628 2810 730 2846 frangi.
745 2810 926 2846 Hippocrates
935 2808 1058 2839 medicus

1109 2351 1200 2380 ἐστίν·
1216 2350 1288 2378 κατὰ
1298 2350 1328 2377 δέ
1348 2349 1398 2384 τὴν
1420 2348 1563 2384 δευτέραν,
1577 2346 1674 2383 καιρὸς
1685 2345 1734 2373 τοῦ
1754 2344 1900 2381 προΐεσθαι

1110 2397 1222 2433 σπέρμα
1232 2395 1354 2432 γόνιμόν.
1366 2396 1452 2432 Τρίτη
1465 2395 1504 2426 δὲ,
1516 2394 1629 2430 γενείων
1640 2392 1766 2428 αῠεησις.
1776 2391 1900 2425 Τετάρτῃ

1108 2443 1148 2476 δὲ,
1164 2443 1232 2479 πρὸς
1248 2443 1325 2478 ἰσχὺν
1343 2441 1474 2473 ἐπίδοσις.
1493 2440 1611 2475 Πέμπτη
1629 2439 1652 2466 δ’
1666 2436 1701 2465 αὖ
1716 2437 1816 2472 γάμων
1828 2436 1899 2472 ὥρα.

1110 2489 1209 2525 Ἕκτη,
1234 2488 1370 2520 συνέσεως
1395 2488 1479 2523 ἀρχή.
1502 2487 1535 2514 Ἦ
1563 2486 1593 2514 δὲ
1619 2484 1733 2520 ἑϐδόμη,
1760 2482 1901 2518 βελτίωσις

1110 2535 1226 2570 ἀμφοῖν,
1237 2534 1285 2561 καὶ
1301 2533 1468 2569 συναύξησις
1480 2531 1527 2559 νοῦ
1542 2531 1589 2558 καὶ
1598 2531 1693 2565 λόγου.
1713 2528 1810 2564 Ὀγδόη
1830 2527 1869 2559 δὲ,
1883 2527 1900 2562 ἠ

1111 2581 1141 2607 ἐν
1155 2580 1279 2616 ἐκατέρῳ
1295 2580 1447 2612 τελείωσις.
1466 2579 1544 2607 Κατὰ
1559 2577 1588 2605 δὲ
1604 2577 1655 2611 τὴν
1671 2574 1826 2611 ἐννάτην,ή
1841 2573 1902 2600 ἐπι-

1111 2627 1201 2654 είκεια
1218 2627 1266 2655 καὶ
1284 2627 1406 2663 πραότης
1423 2626 1478 2653 τῶν
1497 2624 1594 2652 παθῶν
1609 2623 1658 2650 ἐπὶ
1679 2622 1771 2649 πλεῖον
1790 2621 1904 2655 ἡμερω-

1113 2673 1226 2701 οέντων.
1247 2673 1326 2701 Κατὰ
1337 2673 1366 2701 δὲ
1381 2672 1431 2708 τὴν
1447 2672 1577 2707 δεκάτην,
1594 2670 1625 2697 τὸ
1642 2669 1769 2696 εὐκταῖον
1781 2666 1829 2694 ιιοῦ
1843 2666 1904 2702 βίου

1111 2720 1199 2752 τέλος,
1217 2720 1258 2747 ἔτι
1277 2720 1333 2747 τῶν
1349 2719 1503 2756 ὀργανικῶν
1519 2718 1609 2754 μελῶν
1626 2714 1844 2750 συνεστηκότων.
1857 2713 1906 2739 Φι-

1111 2765 1155 2791 λςϊ
1167 2765 1222 2801 γὰρ
1239 2766 1269 2792 τὸ
1282 2766 1388 2802 μακρὸν
1403 2766 1493 2801 γῆρας
1519 2765 1635 2791 ἕκαστον
1651 2759 1845 2791 ὑποσκελίζειν
1858 2759 1906 2785 καὶ

1114 2813 1323 2848 παραιρεῖσθαι.
1340 2813 1444 2850 Ἰατρὸς
1470 2812 1667 2848 Ἱπποκράτης,
1692 2807 1804 2845 ἡλικίας
1831 2805 1907 2834 ἔπτὰ

926 2879 1147 2917 ΥΛΠΙΛΞΩΙΑΕΟἹ
1156 2881 1268 2911 [05115.

306 2923 320 2939 ι
338 2921 605 2971 Πλωύναίκᾴιιυάιι
623 2925 801 2965 ad_Platouis
821 2934 931 2956 nomen.
