2080 3111
180 135 249 170 1109
843 144 964 175 SACRA
984 145 1216 179 PARALLELA.
1745 153 1812 186 1110

179 193 251 222 εἷναι
268 195 351 230 φησί·
372 196 491 228 παιδίου,
510 197 616 231 παιδὸς,
637 197 794 233 μειρακίου,
811 199 964 233 νεανίσκου,
981 203 1000 230 Α

988 203 1001 230 λ
1016 205 1111 230 aetates
1125 206 1228 237 septem
1243 209 1305 231 esse
1324 203 1374 238 ait,
1388 203 1531 234 infantiam
1555 206 1699 241 nimirum,
1716 210 1809 244 pueri-

178 240 285 286 ἀνδρὸς,
298 242 464 277 πρεσϐύτου,
480 244 619 279 γέροντος.
631 244 739 277 Ταύτας
758 245 787 272 δὲ
806 245 967 282 μετρεῖσθαι

1019 245 1097 279 tiam,
1113 246 1340 283 adulescentiam,
1367 249 1549 285 iuventutem,
1566 251 1673 280 virilem
1690 240 1811 286 asialem.

181 286 230 320 μὲν
241 285 400 321 ἑϐδομάσιν,
418 287 448 314 οὐ
470 288 523 323 μὴν
534 290 595 320 ταῖς
612 289 683 316 κατὰ
703 289 733 316 τὺ
745 289 818 325 ἑξῆς.
837 290 919 325 Λέγει
938 291 967 318 δὲ

1020 297 1178 328 provectam
1200 297 1228 322 et
1247 294 1372 324 senilem.
1397 295 1453 325 llas
1465 304 1549 332 porro
1563 300 1727 333 septenarlis
1751 285 1813 336 qui;

178 331 267 364 οὕτως
278 341 284 348 ·
301 341 310 357 ι
330 333 374 359 Ἐν
389 333 536 369 ἀνθρώπου
559 334 639 370 φύσει
659 336 730 363 ἑπτά
755 336 824 363 εἰσιν
837 334 919 371 ὧραι,
935 336 969 368 ἃς

1019 339 1081 366 dem
1096 339 1222 372 metitur,
1237 347 1292 368 non
1307 344 1398 369 tamen
1414 331 1564 371 continuis.
1584 331 1632 373 llis
1648 351 1741 374 autem
1752 331 1813 374 ver-

180 379 289 414 ἡλικίας
305 380 463 407 καλέουσιν·
484 381 601 415 παιδίον,
618 383 694 414 παῖς,
710 383 865 418 μειράκιον,
878 383 963 410 νεανί-

1020 383 1064 412 bis
1078 384 1189 412 utitur:
1208 394 1217 411 ε
1237 385 1268 413 ln
1284 386 1408 416 hominis
1424 392 1523 416 natura
1542 393 1646 425 septem
1663 396 1725 419 sunt
1745 396 1814 421 lem-

181 434 263 459 σκος,
279 427 364 462 ἀνὴρ,
392 427 567 463 πρεσϐύτης,
585 429 685 464 γέρων.
708 430 764 457 Καὶ
783 430 890 457 παιδίον
917 429 968 464 μέν

1019 437 1117 466 porum
1130 430 1348 465 vicissitudines,
1361 440 1432 469 quas
1442 438 1539 463 aetates
1549 437 1698 471 appellant,
1712 437 1814 471 infans,

181 474 256 500 ἐστιν
276 473 339 508 ἄχρι
355 474 425 501 ἑπτὰ
446 474 527 507 ἐτῶν,
549 475 675 502 τουτέστι
701 476 750 511 τῆς
774 475 829 503 τῶν
854 476 969 503 ὀδόντων

1020 484 1099 512 puer,
1125 477 1302 512 adolescens,
1326 480 1449 515 juvenis,
1473 482 1526 516 vir,
1555 487 1638 511 aelate
1657 489 1815 519 provectus.

181 519 307 554 ὲκὸολῆς.
326 520 392 552 Παῖς
409 520 437 546 δὲ
460 520 524 556 ἄχρι
546 521 629 556 γονῆς
646 521 798 557 ἐκφύσεως,
812 522 853 554 είς
873 521 908 548 τὰ
929 521 971 554 δὶς

1021 530 1116 551 senex.
1132 523 1226 552 Infans
1242 532 1331 560 usque
1351 526 1385 553 ad
1402 530 1506 562 septem
1523 535 1612 557 annos
1623 533 1666 557 est
1680 548 1688 562 ,
1702 529 1756 557 hoc
1775 530 1818 558 est

181 565 261 593 ἑπτά.
273 565 424 601 Μειράκιον
435 566 500 602 ἄχρι
514 567 619 601 γενείου
633 566 804 602 λαχνὼσεως,
820 568 849 599 ἐς
861 567 897 594 τὰ
911 567 971 603 τρὶς

1022 568 1087 596 dum
1101 569 1197 598 dentes
1213 570 1352 598 eduxerit.
1368 571 1452 604 Puer,
1468 573 1556 601 donec
1570 582 1665 602 semen
1684 575 1819 605 emiserit.

182 610 267 638 ἑπτά·
285 611 427 643 νεανίσκος
438 611 466 638 δὲ
483 612 563 648 ἄχρις
580 612 720 648 αὐξήσεως
733 613 795 640 ὅλου
811 612 860 640 τοῦ
876 612 970 648 σώμα-

1023 614 1077 642 hoc
1099 618 1142 642 est
1167 623 1254 651 usque
1271 616 1304 644 ad
1329 621 1459 651 quartum
1485 623 1513 646 et
1539 619 1677 647 decimum
1704 628 1818 649 annum.

182 665 238 688 τος,
253 657 282 689 ὲς
297 657 332 684 τὰ
348 659 477 693 τετράκις
494 659 574 685 ἑπτά.
592 659 673 695 ’Λνὴρ
690 659 712 685 δ’
730 659 810 694 ἄχρις
825 658 885 691 ἑνὸς
899 659 973 686 δέον-

1024 660 1204 695 Adolescens,
1221 662 1312 697 quoad
1339 663 1438 699 lanugo
1454 664 1542 699 prima
1561 665 1678 698 oriatur,
1703 665 1756 693 hoc
1779 671 1820 694 est

182 711 227 735 τος
251 704 435 739 πεντήκοντα’
464 705 621 740 πρεσϐύτης
648 706 687 738 δὲ,
703 705 768 741 ἄχρι
788 706 971 742 πεντήκοντα,

1026 706 1060 734 ad
1079 710 1136 735 tres
1150 715 1286 735 annorum
1302 708 1501 738 hebdomadas.
1517 710 1644 744 Juvenis,
1668 713 1759 747 quoad
1777 717 1819 739 to-

182 748 212 780 ὲς
229 748 262 775 τὰ
279 749 396 782 ἑπτάκις
412 749 496 778 ὀκτώ.
507 751 544 777 Τδ
560 750 588 777 δὲ
601 750 737 783 ἐντεῦθεν,
753 750 854 785 γέρων.
871 760 880 776 ι

1026 754 1083 777 tum
1100 757 1202 786 corpus
1221 752 1357 786 creverit,
1386 753 1439 781 hoc
1462 758 1507 783 est
1526 763 1614 791 usque
1639 756 1675 783 ad
1701 760 1820 792 quatuor

183 794 380 824 hebdomades.
398 796 458 829 Vir,
472 804 559 832 usque
581 797 613 825 ad
647 796 1001 833 undequinquagesimum;
1036 796 1090 825 hoc
1118 802 1162 826 est
1188 798 1222 826 ad
1248 802 1353 834 septem
1385 807 1521 829 annorum
1551 802 1746 831 hebdomades.
1772 801 1822 829 So'.

183 848 310 875 noscens,
332 849 419 878 usque
431 842 467 870 ad
485 849 593 872 sextum
608 848 635 872 et
650 844 912 881 quinquagesimum
924 851 1039 877 annum,
1051 844 1104 873 hoc
1115 848 1158 873 est
1184 849 1311 874 octavum
1339 848 1537 882 septenarium.
1569 849 1702 886 Deinceps
1731 852 1821 877 autem

182 894 265 917 senex
270 907 277 915 ι

217 945 336 973 Δυνατδν
352 947 382 974 ὲν
395 948 552 983 τριακοστῷ
566 948 622 976 ἔτει
641 949 722 976 αὑτὸν
738 949 883 985 ἀνθρωπον
895 948 972 976 πάπ-
988 941 1009 969 Β

1000 942 1009 969 3
1058 945 1131 974 Fieri
1146 950 1246 982 potest,
1263 950 1294 975 ut
1309 947 1448 984 quispiam
1462 948 1490 976 in
1507 956 1580 976 anno
1597 949 1741 978 tricesimo
1754 957 1821 979 avus

183 1000 233 1018 πον
246 992 386 1026 γενέσθαι.
403 993 489 1029 Ἦῆᾷν
504 994 554 1030 μὲν
568 1003 601 1021 πε
607 995 632 1030 ρὶ
646 995 697 1030 τὴν
711 994 974 1030 τεσσαρεσκαιδεκά-

1024 991 1071 1025 sit,
1094 999 1191 1027 nempe
1212 995 1242 1020 ut
1262 1000 1335 1021 anno
1357 993 1467 1022 decimo
1498 997 1600 1029 quarto
1622 995 1768 1030 pubescat,
1795 1001 1823 1024 et

183 1046 234 1073 την
256 1038 376 1074 ἠλικίαν,
404 1036 469 1076 ὲνῇ
494 1040 615 1076 σπείρει,
641 1041 673 1068 τδ
702 1041 732 1067 δὲ
766 1041 869 1077 σπαρὲν
899 1040 974 1072 ὲντδς

1024 1037 1180 1073 genituram
1196 1038 1306 1066 emittat
1323 1047 1330 1066 :
1352 1039 1484 1074 quodque
1502 1044 1591 1068 satum
1608 1044 1662 1072 est,
1673 1048 1734 1068 cum
1748 1041 1821 1069 intra

184 1084 308 1111 ἐνιαυτοῦ
323 1085 482 1121 γενόμενον,
503 1086 585 1114 πάλιν
612 1086 853 1122 πεντεκαιδεκάτῳ
873 1086 928 1113 ἔτει
944 1086 974 1113 τὸ

1025 1082 1108 1111 unius
1122 1083 1186 1111 anni
1205 1084 1323 1119 spatium
1344 1084 1372 1112 in
1389 1084 1480 1112 lucem
1493 1085 1598 1113 editum
1614 1084 1709 1119 fuerit,
1724 1094 1825 1116 rursus

183 1129 276 1165 ὅμοιον
291 1130 380 1167 ἑαυτῷ
397 1132 507 1168 γεννᾷν.

1025 1129 1133 1157 decimo
1145 1130 1243 1165 quinto
1255 1137 1328 1158 anno
1346 1130 1437 1161 simile
1449 1130 1492 1159 sui
1511 1131 1616 1166 gignat.

219 1188 277 1216 Πᾶν
292 1188 341 1224 τὴν
358 1188 446 1225 ἀρχὴν
462 1189 534 1225 ἕχον,
555 1189 603 1216 καὶ
619 1190 695 1221 τέλος
713 1189 879 1225 ἐπιδέχεται.
895 1189 932 1216 Τὸ
947 1189 974 1215 δὲ

1061 1187 1187 1214 Eustath.
1205 1192 1275 1215 cant.
1301 1187 1397 1215 Arion.
1421 1203 1454 1209 —
1482 1187 1623 1223 Quidquid
1654 1188 1820 1225 principium

185 1234 262 1267 τέλος
275 1235 480 1271 ἐπιδεχόμενον,
492 1236 598 1272 φθορᾶς
610 1237 668 1263 ἐστι
682 1235 815 1264 δεκτικόν.

1026 1231 1119 1265 habet,
1137 1232 1217 1261 linem
1241 1241 1353 1269 quoque
1379 1233 1537 1261 habiturum
1555 1237 1598 1262 est
1614 1244 1620 1262 :
1637 1235 1712 1270 quod
1730 1238 1822 1263 autem

1028 1278 1109 1306 linem
1144 1278 1282 1312 admittit,
1317 1280 1490 1315 corruptioni
1521 1279 1639 1315 proinde
1671 1281 1824 1310 obnoxium

1027 1329 1080 1352 est.

186 1394 279 1422 τΙΤΛ.
294 1393 335 1421 Θ¹.
349 1408 384 1416 -—
402 1393 473 1427 Περὶ
492 1393 545 1421 τοῦ
558 1393 777 1428 αὐτεξουσίουβ
795 1393 840 1420 ὅτι
859 1392 976 1428 Macta:

1029 1392 1098 1428 Tl'l‘.
1116 1391 1162 1428 1X7.
1179 1407 1213 1412 —
1227 1391 1266 1420 De
1280 1392 1388 1420 arbitrii
1412 1392 1536 1421 libertate
1548 1401 1558 1421 :
1575 1393 1646 1428 quod
1662 1402 1694 1421 ea
1709 1394 1785 1421 nobis
1807 1402 1823 1421 ι

221 1429 294 1464 ἡμῖν
317 1428 397 1463 παρὰ
416 1426 502 1462 Θὲοῦ,
523 1429 574 1456 καὶ
599 1429 635 1456 ἐν
660 1428 733 1464 ἡμῖν
759 1427 824 1456 ἐστι
841 1426 976 1462 σωθῆναι

1064 1427 1120 1454 Dea
1136 1427 1200 1464 data
1214 1427 1259 1464 sit,
1277 1427 1397 1464 quodque
1411 1428 1440 1455 in
1455 1428 1531 1456 nobis
1554 1426 1635 1456 situm
1656 1429 1692 1456 sit
1708 1428 1824 1457 salutem

222 1461 272 1492 καί
284 1461 464 1491 ἀπολέσθαι.
495 1461 499 1462 ν
674 1461 687 1464 ”
918 1461 921 1462 ⁷

674 1461 687 1464 ”
918 1461 921 1462 ⁷
1064 1463 1187 1498 consequi
1193 1482 1199 1494 ,
1217 1461 1255 1489 vel
1271 1461 1366 1496 perire.

225 1541 235 1559 ε
254 1532 481 1570 Διαμαρτύρομαι
502 1533 567 1569 ὑμῖν
589 1533 711 1569 σήμερον
728 1532 775 1560 τὸν
796 1531 912 1567 οὐρανὸν
930 1531 978 1558 καὶ

1067 1530 1144 1558 Deut.
1161 1538 1228 1564 nx,
1247 1530 1291 1559 l9.
1307 1546 1343 1551 ——
1365 1540 1375 1557 ι
1391 1530 1489 1560 Testes
1510 1532 1610 1561 invoco
1622 1532 1705 1560 hodie
1723 1533 1823 1561 ccelum

187 1579 237 1615 τὴν
261 1580 331 1615 γῆν·
357 1579 408 1615 τὴν
430 1579 502 1615 ζωὴν
514 1580 564 1607 καὶ
593 1579 639 1606 τὸν
663 1579 779 1607 θάνατον
802 1578 908 1607 δέδωκα
931 1578 978 1605 ἐπὶ
994 1608 1008 1615 η

1002 1608 1012 1615 η
1029 1581 1057 1605 et
1072 1581 1185 1611 terram,
1199 1577 1272 1612 quod
1287 1578 1479 1613 proposuerim
1495 1578 1575 1606 vobis
1596 1579 1680 1606 vitam
1701 1582 1730 1607 et
1750 1585 1823 1606 mor-

365 1608 454 1661 οξιῶῦ,
471 1608 519 1654 καὶ
542 1625 593 1661 τὴν
616 1625 754 1660 εὐλογίαν,
776 1625 823 1652 καὶ
837 1624 888 1660 τὴν
910 1633 978 1652 κατ-
992 1608 1009 1637 c

837 1624 888 1660 τὴν
910 1633 978 1652 κατ-
992 1608 1013 1637 C
1030 1627 1096 1657 tem,
1114 1608 1376 1653 benedictionem-et
1391 1623 1626 1653 maledictionem.
1646 1634 1655 1651 ι

188 1672 269 1708 άραν.
289 1681 299 1698 s

229 1739 238 1755 ι
250 1727 335 1756 Εἶπον
349 1730 382 1765 τῇ
395 1729 470 1765 ψυχῇ
485 1737 537 1765 μου
548 1737 555 1744 ·
568 1728 696 1765 Σωτηρία
710 1736 758 1755 σου
778 1728 837 1764 εἰμὶ
851 1726 917 1762 ἐγώ.
931 1736 940 1753 ι

1066 1723 1142 1751 Psat.
1163 1731 1257 1757 xxxiv,
1273 1724 1301 1752 '5‘.
1317 1737 1352 1744 --
1371 1733 1381 1750 ‹
1402 1724 1449 1752 Dic
1465 1723 1566 1752 animo:
1577 1731 1645 1752 mea:
1662 1733 1669 1752 :
1687 1724 1763 1752 salus
1777 1727 1823 1752 tua

1031 1777 1082 1798 οαο
1097 1778 1169 1798 sum.
1190 1779 1200 1796 ι

1031 1778 1048 1797 (λη

227 1827 236 1844 ι
251 1818 354 1854 Κύριος
378 1818 408 1853 ἐξ
427 1819 516 1855 ἀρχῆς
539 1818 668 1854 ἐποίησεν
686 1817 840 1854 ἄνθρωπον,
861 1817 908 1844 καὶ
926 1816 977 1851 ἀφ·
1047 1798 1048 1801 Ἰ

1031 1777 1082 1806 ego
1097 1778 1169 1798 sum.
1190 1779 1200 1796 ι

1066 1815 1152 1843 Eccli.
1171 1823 1215 1848 xv,
1234 1815 1280 1847 l4.
1305 1815 1348 1843 15.
1367 1830 1402 1835 --
1421 1817 1434 1842 ἰ
1456 1816 1529 1844 Deus
1554 1816 1660 1844 creavit
1685 1816 1719 1844 ab
1736 1815 1824 1851 initio

188 1865 256 1900 ἧκεν
264 1867 347 1893 αὐτὸν
360 1867 389 1894 ὲν
406 1865 480 1902 χειρὶ
488 1865 642 1892 διασουλίου
657 1865 752 1892 αὐτοῦ.
761 1863 925 1900 Παρέθηκέν
937 1871 979 1891 σοι

1030 1860 1183 1892 hominem,
1204 1863 1232 1888 et
1256 1859 1372 1895 reliquit
1398 1868 1461 1888 eum
1478 1861 1506 1888 in
1524 1868 1606 1889 manu
1633 1861 1742 1889 consilii
1769 1860 1824 1889 sui.

191 1912 246 1949 πῦρ
261 1913 311 1940 καὶ
337 1912 420 1948 ὕδωρ,
443 1909 473 1939 οὗ
503 1912 551 1939 ἐὰν
568 1912 649 1948 θέλῃς
673 1911 806 1943 ὲκτείνοις
828 1910 878 1946 τὴν
900 1909 980 1945 χεῖρά

1030 1906 1165 1942 Apposuit
1177 1906 1228 1933 tibi
1245 1913 1346 1941 aquam
1368 1910 1396 1934 et
1414 1906 1504 1941 ignem
1528 1915 1535 1934 :
1552 1907 1586 1934 ad
1604 1907 1677 1942 quod
1702 1907 1824 1935 volueris

190 1967 248 1986 σου.
269 1959 395 1986 Ἑναντία
417 1959 561 1994 ἄνθρωπον
576 1959 593 1994 ἡ
612 1958 669 1994 ζωὴ
689 1959 738 1985 καὶ
751 1957 766 1984 ὸ
779 1957 905 1989 θάνατος,
925 1956 974 1983 καὶ

1030 1951 1139 1987 porrige
1155 1958 1266 1978 manum
1282 1955 1369 1978 tuam.
1386 1951 1456 1979 Ante
1469 1951 1609 1980 hominem
1628 1953 1683 1980 vita
1694 1957 1721 1980 et
1735 1960 1822 1985 mors,

189 2002 204 2032 δ
216 2005 264 2032 ἐὰν
279 2005 415 2041 εὐδοκήση
425 2005 509 2041 αὐτῷ,
526 2015 535 2032 ,
1030 1997 1132 2025 bonum
1152 2000 1180 2024 et
1194 1996 1296 2024 malum
1315 2005 1322 2024 :
1342 2001 1369 2024 et
1386 1996 1460 2032 quod
1480 1997 1616 2032 placuerit
1647 1998 1685 2031 ei,
1711 1997 1828 2026 dabitur.

1032 2042 1083 2070 illi.
1105 2051 1116 2070 ι

228 2102 238 2120 α
255 2094 323 2120 Ἰδοὺ
336 2094 353 2129 ἡ
371 2093 496 2129 βασιλεία
506 2093 554 2120 τοῦ
572 2092 641 2120 Θεοῦ
654 2092 730 2125 ἐντὸς
743 2091 820 2128 ὑμῶν
831 2092 900 2118 ἐστι.
913 2100 924 2117 ι

1065 2087 1131 2115 Luc.
1148 2094 1215 2120 xvn,
1231 2087 1278 2115 2i.
1291 2103 1325 2108 —
1340 2097 1349 2114 1
1369 2087 1440 2117 Ecce
1455 2095 1571 2125 regnum
1597 2088 1645 2118 Dei
1678 2090 1750 2118 intra
1777 2096 1830 2118 vos

1028 2137 1081 2163 est.
1100 2143 1110 2160 ι

228 2191 238 2208 ι
252 2183 308 2210 οὐκ
322 2182 423 2216 οἴδατε,
435 2183 477 2210 ὅτι
500 2179 522 2218 ᾧ
541 2182 763 2219 ὲμπαριστάνετε
780 2183 894 2215 ἑαυτοὺς
915 2183 977 2210 δού-

1065 2177 1141 2206 Rom.
1153 2185 1192 2211 vr,
1208 2177 1252 2206 16.
1269 2193 1304 2198 -
1325 2187 1334 2204 ι
1348 2177 1467 2207 Nescitis
1481 2179 1611 2214 quoniam
1628 2179 1672 2207 cui
1687 2178 1832 2207 exhibetis

190 2227 253 2261 λους
267 2229 308 2261 είς
322 2228 459 2265 ὑπακοὴν,
472 2227 561 2255 δοῦλοί
575 2228 637 2256 ἐστε
686 2228 851 2257 ὑπακούετε.
870 2237 881 2255 s
993 2247 1011 2275 Ἡ

1002 2229 1080 2274 E)vos
1096 2230 1191 2251 servos
1215 2223 1250 2250 ad
1274 2222 1474 2257 obediendum,
1499 2223 1572 2252 servi
1599 2225 1668 2253 estis
1695 2225 1757 2260 ejus
1779 2226 1823 2252 cui

1032 2268 1162 2297 obeditis.
1182 2278 1191 2295 ι

226 2318 356 2346 Θέλουσιν
374 2318 439 2355 ὑμῖν
460 2317 490 2347 εὖ
510 2318 654 2355 πράττειν,
675 2318 742 2351 Θεδς
760 2318 870 2354 ἕτοιμος
889 2318 933 2351 είς
950 2318 980 2346 τδ

1066 2313 1178 2350 Iguutii,
1206 2314 1281 2350 epist.
1311 2315 1346 2342 ad
1375 2314 1486 2352 Smyrm
1508 2330 1542 2337 -ι
1558 2315 1723 2344 Veientibus
1743 2315 1823 2344 nobis

191 2363 335 2400 παρέχειν.
1030 2361 1100 2389 bene
1114 2368 1206 2397 agere,
1222 2361 1294 2389 Deus
1309 2361 1342 2389 ad
1355 2361 1526 2398 largiendum
1542 2366 1688 2398 promptus
1698 2367 1751 2390 est.

225 2409 352 2443 Τέθεικα,
368 2409 447 2446 φησὶ,
465 2409 520 2445 πρὸ
536 2409 685 2446 προσώπου
712 2418 759 2437 σου
774 2409 824 2446 τὴν
838 2409 910 2446 ζωὴν
931 2410 981 2437 καὶ

1065 2407 1150 2435 Basil.
1169 2407 1196 2435 in
1219 2407 1289 2442 putt.
1321 2414 1378 2435 ul.
1401 2422 1435 2429 —
1460 2407 1553 2441 Rosui,
1577 2408 1677 2444 inquit,
1701 2411 1765 2436 ante
1783 2407 1823 2435 fa-

191 2453 238 2481 τδν
252 2454 378 2488 θάνατον,
393 2455 425 2482 τὸ
441 2455 544 2490 ἀγαθὸν
564 2455 612 2482 καὶ¹
626 2457 656 2483 τὸ
678 2455 774 2489 κακὸν,
788 2455 835 2483 δύο
851 2456 980 2483 ἀντικει-

1056 2460 1100 2481 em
1115 2456 1190 2481 tuam
1216 2453 1301 2480 vitam
1326 2457 1354 2482 et
1377 2457 1506 2488 mortem,
1531 2454 1633 2482 bonum
1658 2457 1686 2481 et
1707 2453 1822 2486 malum,
1874 2458 1877 2462 ‘

194 2501 278 2537 μένας
293 2501 398 2536 φύσεις.
423 2502 655 2538 ’Λντιστάθμηπον
672 2502 757 2535 αὑτὰς
771 2503 818 2530 ἐπὶ
836 2501 884 2530 τοῦ
902 2510 982 2529 σεαυ-

1030 2498 1102 2528 duas
1123 2499 1194 2527 inter
1211 2507 1242 2527 se
1259 2502 1413 2534 pugnantes
1431 2499 1513 2535 315
1529 2503 1654 2527 naturas.
1681 2498 1823 2534 Perpende

193 2547 240 2575 τοῦ
256 2547 415 2583 κριτηρίου·
438 2548 640 2583 ζυγοστάτησον
657 2546 791 2584 ἀκριϐῶς,
805 2549 832 2575 τί
850 2557 892 2576 σοι
905 2548 982 2575 λυσι-

1031 2545 1067 2573 ad
1082 2552 1195 2574 examen
1216 2545 1313 2581 judicii
1329 2545 1381 2578 tui,
1396 2549 1424 2574 et
1444 2552 1523 2581 aequa
1543 2545 1622 2573 lance
1637 2544 1733 2573 sedulo
1756 2551 1824 2580 pou-

192 2593 363 2628 τελέστερον,
381 2594 431 2629 τὴν
447 2595 616 2629 πρόσκαιρον
632 2593 740 2621 ἑλέσθαι
757 2595 865 2631 ἡδονὴν,
887 2595 934 2622 καὶ
949 2593 982 2621 δι’

1031 2593 1110 2626 dera,
1125 2595 1217 2619 utrum
1242 2591 1449 2620 conducibilius
1463 2590 1618 2619 rationibus
1635 2591 1690 2619 tuis
1709 2591 1763 2624 sit;
1781 2590 1822 2618 ni~

193 2638 279 2674 αὐτῆς
307 2638 354 2666 τὸν
373 2639 483 2666 αἰώνιον
507 2641 601 2668 λαϐεῖν
630 2641 757 2674 θάνατον,
782 2641 798 2676 ἢ
821 2641 870 2676 τὴν
892 2641 923 2667 ὲν
948 2640 981 2676 τῇ

1033 2638 1134 2666 mirum
1146 2638 1314 2673 voluptatem
1332 2637 1442 2666 brevem
1457 2641 1484 2665 et
1497 2637 1693 2673 temporariam
1710 2636 1821 2672 eligere,

193 2685 310 2721 ἀσκήσει
323 2685 385 2726 ,τῆς
398 2686 500 2721 ἀρετῆς
523 2686 653 2722 ἑλόμενον
683 2686 881 2718 κακοπάθειαν,
897 2685 981 2722 ταύτῃ

1034 2687 1062 2711 et
1081 2690 1131 2719 per
1157 2691 1218 2712 eam
1247 2683 1443 2719 sempiternam
1472 2687 1589 2711 mortem
1615 2683 1757 2719 accipere,
1788 2690 1822 2710 an

195 2731 318 2768 προξένῳ
332 2731 489 2768 χρήσασθαι
503 2732 553 2768 τῆς
566 2732 675 2759 αἰωνίου
687 2731 804 2768 τρυφῆς.

1036 2733 1133 2757 contra
1153 2729 1275 2757 colenda:
1293 2728 1403 2757 virtutis
1429 2736 1513 2756 causa
1537 2729 1668 2757 aerumnis
1697 2736 1821 2765 asperam

1035 2774 1117 2801 vitam
1131 2774 1291 2810 amplexari,
1306 2779 1333 2802 et
1346 2781 1396 2809 per
1408 2781 1467 2802 eam
1481 2773 1595 2802 delicias
1615 2781 1756 2809 nunquam
1781 2773 1824 2801 in-
1866 2776 1871 2810 ξ

1037 2819 1226 2848 termoriluras
1239 2819 1288 2847 tibi
1307 2819 1464 2848 conciliare.

231 2862 274 2891 Τὰ.
288 2864 316 2891 ἐν
330 2864 393 2900 ᾷδου
416 2865 499 2898 κακὰ,
516 2864 576 2900 οὐχὶ
597 2863 662 2892 θεὸν
679 2864 736 2900 ἔχει
756 2864 799 2892 τὸν
813 2864 909 2903 αἴτιον,
925 2864 982 2908 an:

1075 2865 1160 2893 Basil.
1192 2865 1262 2893 hom.
1295 2865 1371 2899 Quod
1403 2865 1473 2894 Deus
1497 2873 1548 2894 non
1574 2871 1611 2894 est
1628 2871 1722 2893 auctor
1737 2866 1821 2894 malu-
