2080 3111
276 126 347 162 llis

936 124 1054 156 SACRA
1073 125 1244 158 PARALLE
1250 127 1304 157 LA.

1833 123 1902 158 ιιιι

274 187 324 213 καὶ
347 184 523 217 ἀναστάσεως
550 184 641 221 τυχὼν
657 159 860 221 κληρονδμήκσει
887 184 1061 220 τὴνάφοαρ-

1113 186 1177 220 quis
1192 183 1361 219 expleverit,
1385 183 1515 211 obtinere
1537 183 1654 211 salutem
1674 186 1784 218 potest,
1798 188 1899 212 etcum

276 231 349 258 σίαν.

316 318 361 346 Ἑν
388 319 429 346 σοὶ
446 319 479 346 ἂν
502 319 546 355 εἴη
570 319 618 346 καὶ
636 319 724 354 φωτὸς
740 319 900 353 ἀπολαύειν,
925 320 974 346 καὶ
990 319 1064 355 ζόφῳ

276 363 490 392 συνδιαιτᾶσθαι.
505 365 574 400 Πρῖν
594 365 713 401 παρέὸη,
727 366 776 392 καὶ
792 365 911 401 nemo:
924 365 939 392 ὅ
957 365 1064 402 πρωτό-

275 411 398 443 πλαστος
411 410 563 446 ἄνθρωπος,
579 411 707 448 χειροήθη
726 410 799 447 εἶχεν
815 412 904 439 πάντα
920 411 954 438 τά
969 410 1062 447 θηρία,

278 457 364 493 μηδὲν
388 457 470 483 αὑτὸν
496 456 642 484 ἀδικοῦντα
668 457 818 490 παντελῶς.
833 466 842 483 ι
861 457 933 491 Ἐγὼ
960 457 1019 492 εἰμὶ
1045 458 1062 493 ἡ

277 501 357 537 θύρα,
376 510 386 527 ι
404 501 515 536 είρηκεν
530 502 544 528 ὁ
560 501 673 537 Κύριος.
689 503 721 529 Οἱ
741 502 874 538 θησαυροὶ
889 501 936 529 οὖν
953 503 1003 538 τῆς
1018 511 1062 528 σο-

276 547 339 581 φίας
349 546 398 573 καὶ
412 547 462 582 τῆς
478 546 605 581 γνώσεως
620 547 694 574 ἔνδον
710 548 760 583 τῆς
775 547 860 583 θύρας
875 547 1062 584 κεκρυμμένοι

275 592 452 627 τυγχάνουσι.

311 648 428 683 Λέγουσί
444 657 518 681 τινες
533 650 597 684 περὶ
620 648 667 676 τοῦ
681 648 837 685 ἀνθρώπου,
852 646 903 677 ὅσα
927 644 1065 677 ὃεῖἀὺτὸν

276 695 389 731 ποιῆσαι
404 695 495 730 ἀγαθά
511 696 558 723 καὶ
573 696 690 731 πονηρά.
710 696 807 723 Πολλοὶ
821 694 867 724 οὖν
881 696 1063 732 ἐμπίπτοντες

275 742 320 769 διὰ
330 741 379 768 τοῦ
393 741 514 778 πονηροῦ
530 743 569 773 είς
585 742 669 775 κακὰ,
680 742 820 776 λέγουσιν·
835 743 905 770 Οὐαὶ
918 742 957 778 τῷ
970 743 1062 778 ἄστρῳ

275 786 360 813 αὑτοῦ
371 795 378 803 ·
394 787 442 814 καὶ
461 786 554 819 πάλιν,
570 787 610 814 ὅτι
626 787 696 814 κατά
709 787 741 814 τὸ
756 787 831 814 δοτὸν
844 787 1062 823 ἀποθνήσκοὺσιν

273 832 468 884 θίξνιθριινποι⁵
490 833 506 868 ἢ
534 834 563 860 ἐν
588 832 626 868 τῷ
650 833 776 868 ποταμῷ,
794 833 810 868 ἢ
825 835 854 860 ὲν
877 834 994 870 κρημνῷ
1008 855 1015 867 ,
1042 834 1062 869 ἢ
1077 856 1098 884 Β

273 877 421 913 οίῳδήποτε
440 879 544 913 τρόπῳ.
556 878 612 905 Καὶ
624 878 702 905 τοῦτο
718 878 963 914 ματαιολογοῦντες
976 880 1062 915 ἀμαρ-

273 923 412 950 τάνουσιν.
433 923 463 950 '0
474 924 528 958 γὰρ
548 923 614 956 Θεὸς
629 919 805 957 ἆὺτεξοῦσιον
825 925 910 952 ἔδωκε
929 923 977 960 τὴν
995 933 1063 961 προ·

273 969 380 1004 αἰρεσιν
398 968 437 1004 τῷ
450 968 598 1004 ἀνθρώπῳΙ
612 969 660 996 καὶ
686 970 827 1003 ὑπέδειξεν
845 971 920 1007 αὐτῷ
932 971 982 1006 τὴν
1004 969 1062 998 ὁδὸν

273 1014 322 1042 τοῦ
335 1015 425 1049 φωτὸς
447 1014 555 1042 καὶτοῦ
574 1016 696 1048 σκότους.
714 1016 751 1043 Τὸ
767 1017 862 1052 κέρδος
882 1017 930 1044 καὶ
950 1016 998 1052 τὴν
1014 1017 1062 1052 ζη-

275 1061 341 1096 μίαν
357 1061 431 1096 λέγει
443 1061 486 1088 διὰ
498 1061 545 1088 τοῦ
560 1063 701 1098 προφήτου
713 1063 825 1090 Ἡσαΐου
836 1071 844 1079 ·
861 1073 870 1089 ‹
881 1063 945 1091 Ἐὰν
955 1063 1060 1098 θέλητε,

274 1107 322 1134 καὶ
340 1107 519 1142 είσακούσητέ
537 1117 600 1143 μου,
615 1108 649 1135 τὰ
664 1108 756 1142 ἀγαθά
783 1109 833 1143 τῆς
846 1109 898 1144 γῆς
920 1110 1040 1144 φάγεσοε
1051 1118 1059 1125 ⁸

273 1153 323 1180 ἐὰν
342 1153 371 1180 δὲ
389 1153 428 1190 μὴ
445 1154 551 1190 θέλητε,
567 1154 635 1190 μηδὲ
654 1155 836 1190 είσακοὺσητέ
861 1164 924 1190 μου,
942 1155 998 1190 ἐγὼ
1011 1155 1061 1182 οὐκ

274 1199 434 1231 ἀναγκάζω,
451 1210 460 1226 ι
478 1201 514 1226 Τὸ
528 1200 582 1236 γὰρ
606 1201 635 1232 ἐξ
659 1201 784 1236 ἀνάγκης
800 1201 943 1236 γινόμενον
966 1201 1062 1237 κέρδος

273 1245 324 1272 οὐκ
337 1244 403 1280 ἔχει.
424 1245 496 1279 Ἐγὼ
509 1246 588 1281 ὅρους
607 1246 659 1272 οὐκ
681 1246 822 1281 ἐπέθηκα·
844 1246 894 1273 οὐκ
911 1246 992 1280 ἔταξα
1015 1247 1062 1272 ἐπὶ

275 1291 305 1317 σὲ
321 1291 391 1318 καλὰ
407 1291 424 1327 ἢ
439 1292 522 1319 κακά.
542 1292 620 1319 Ἐπεὶ
638 1292 663 1318 εί
686 1292 841 1319 ἐνετείλατό
867 1301 913 1327 μοι
936 1292 1026 1326 φόνον,
1043 1292 1060 1328 ἢ

273 1336 404 1372 πορνείαν
432 1336 572 1371 δηλονότι,
603 1336 716 1372 ποιῆσαι
744 1336 815 1363 αὐτὰ
842 1333 932 1371 είχον·
951 1336 982 1362 τὸ
1007 1335 1061 1372 γὰρ

273 1381 467 1417 προστάγματι
487 1381 569 1408 αὑτοῦ
594 1381 732 1408 ἀντειπεῖν
757 1382 788 1409 οὺ
812 1381 936 1409 δυνατόν.
960 1382 995 1408 Ἦ
1020 1382 1062 1413 τίς

273 1427 362 1463 κρίνει
383 1435 417 1462 με
429 1427 479 1459 τὰς
502 1427 612 1459 ιντολὰς
638 1426 722 1455 αὑτοῦ
737 1426 893 1463 τηροῦντα;
908 1426 1034 1454 οὐδέποτε
1047 1428 1062 1454 ὁ

272 1473 339 1505 Θεὸς
358 1467 475 1509 θελητής
492 1474 550 1500 ἐστι
567 1473 652 1500 κακοῦ
674 1473 838 1510 ἀνθρώπων.
855 1473 896 1500 Τὰ
915 1473 970 1510 γὰρ
999 1482 1061 1500 πει-

1115 237 1130 256 a
1145 234 1232 258 morte
1248 233 1395 257 revocatus
1422 229 1475 257 erit
1493 229 1526 256 ad
1547 229 1632 256 vitam
1681 229 1900 264 iucorrnptionts

1115 276 1203 303 haeres
1213 275 1355 303 emcietur.

1154 319 1222 349 Nili.
1239 337 1276 342 —
1290 321 1320 349 In
1336 325 1362 348 te
1378 320 1497 356 positum
1514 324 1574 352 est,
1591 326 1621 348 ut
1636 321 1678 348 vel
1695 320 1757 348 luce
1773 320 1876 348 fruaris
1889 339 1898 352 .

1113 367 1154 395 vel
1171 367 1332 395 intenebris
1349 366 1478 394 verscris.
1494 367 1648 401 Antequam
1661 367 1768 402 primus
1784 367 1866 394 homo
1884 374 1899 393 a

1113 413 1207 440 divino
1221 413 1351 440 mandato
1367 413 1550 444 recessisset,
1565 412 1638 439 feras
1667 420 1765 439 omnes
1789 412 1900 439 cicttres

1113 458 1231 485 habebat
1248 467 1255 485 :
1274 465 1324 485 nec
1342 458 1492 492 quidquam
1507 457 1558 492 ipsi
1573 457 1608 485 ab
1628 457 1682 484 illis
1697 457 1806 492 injuriae
1826 458 1898 484 irro-

1111 503 1236 539 gabatur.
1270 512 1279 529 ι
1311 502 1367 538 Ego
1396 510 1457 530 sum
1486 503 1606 535 ostium,
1639 512 1650 529 ι
1673 503 1741 529 dicit
1767 502 1899 530 Dominus

1112 549 1206 583 (Joan.
1223 556 1269 580 xv,
1282 548 1320 583 9).
1347 547 1441 583 Itaque
1455 549 1576 576 thesauri
1588 548 1728 584 sapientiae
1742 552 1768 575 et
1780 547 1900 576 scicntia:

1112 594 1184 622 intra
1201 594 1303 622 ostium
1318 593 1476 621 absconditi
1492 598 1567 621 sunt.
1767 585 1778 591 ί

1147 651 1269 680 Eusebii.
1283 666 1316 671 -—-
1328 650 1366 679 De
1379 651 1490 678 homine
1501 671 1509 682 ,
1527 651 1651 678 nonnulli
1663 655 1726 678 sunt
1741 651 1787 686 qui
1799 650 1898 686 pradi-

1111 691 1176 725 cant
1190 697 1325 733 quidquid
1340 697 1466 724 facturus
1481 697 1518 725 sit
1532 696 1598 724 boni
1616 697 1658 724 vel
1671 697 1747 724 mali.
1763 696 1899 733 Quocirca

1111 732 1344 771 multirinstinctu
1360 742 1425 770 mali
1441 743 1524 777 genii,
1538 750 1600 770 cum
1611 742 1637 769 in
1653 742 1723 769 mala
1741 732 1899 775 inciderint;

1112 787 1223 815 dicent:
1241 785 1286 814 Vae
1299 787 1387 823 ipsius
1398 792 1488 821 astro;
1506 795 1538 815 ac
1548 795 1662 819 rursus.
1677 786 1751 822 quod
1763 786 1819 814 fato
1829 794 1899 822 quo-

1112 833 1174 860 dam
1184 833 1311 861 homines
1337 833 1495 864 intereant,
1511 833 1569 861 sive
1593 832 1696 866 ﬂuvio,
1716 833 1758 861 vel
1773 832 1899 868 praecipi-

1111 879 1150 907 tio
1164 900 1171 913 ,
1183 879 1226 907 vel
1241 887 1409 915 quocunque
1421 880 1532 907 tandem
1551 881 1605 908 alio
1622 880 1712 907 modo.
1730 880 1764 906 At
1781 880 1837 906 hinc
1849 886 1901 906 nu-

1111 924 1216 960 gacitas
1228 929 1343 960 peccato
1359 932 1416 953 non
1428 929 1516 953 caret.
1538 924 1605 952 Nam
1621 925 1693 953 Deus
1715 924 1900 952 hominilibe-

1110 977 1168 997 ram
1197 970 1360 998 electionem
1393 971 1484 1004 dedit,
1511 971 1636 1006 lucisque
1665 975 1692 998 et
1721 970 1899 999 tenebrarum

1109 1015 1182 1043 viam
1193 1017 1315 1044 ostendit
1332 1017 1368 1045 ei.
1386 1017 1425 1045 Ac
1435 1017 1544 1045 lucrum
1558 1021 1585 1045 et
1596 1017 1725 1043 damnum
1741 1024 1789 1051 per
1800 1016 1898 1043 Isaiam

1110 1060 1271 1095 prophetam
1288 1060 1332 1088 his
1348 1061 1440 1088 verbis
1470 1061 1621 1088 iudicatu
1652 1060 1680 1087 si
1704 1060 1848 1088 volueritis
1871 1065 1898 1087 et

1110 1106 1270 1140 audieritis,
1287 1106 1358 1134 bona
1376 1112 1458 1134 terra:
1479 1106 1629 1134 comedetis
1647 1115 1653 1133 ε
1671 1106 1713 1133 sin
1737 1109 1827 1132 autem
1847 1112 1899 1132 no-

1110 1151 1219 1179 lueritis
1232 1171 1240 1184 ,
1255 1159 1304 1179 nec
1321 1151 1466 1179 audieritis
1482 1158 1541 1184 me,
1563 1151 1637 1178 nulla
1660 1158 1710 1178 vos
1732 1151 1898 1178 necessitate

1110 1197 1270 1233 constringo
1289 1196 1358 1233 (Isa.
1375 1205 1383 1224 ι
1397 1218 1405 1230 ,
1422 1197 1466 1229 l9,
1477 1196 1534 1230 20).
1555 1206 1564 1223 ι
1586 1196 1652 1224 Nam
1667 1196 1740 1231 quod
1762 1196 1787 1224 vi
1803 1203 1835 1223 ac
1850 1203 1899 1223 ne-

1111 1243 1239 1271 cessitate
1255 1243 1302 1276 llt,
1318 1243 1439 1271 fructum
1456 1251 1510 1270 non
1529 1243 1620 1270 habet.
1636 1242 1691 1277 Ego
1707 1242 1816 1270 decreta
1842 1248 1896 1269 non

1110 1288 1230 1323 imposui
1246 1297 1253 1316 :
1268 1289 1338 1316 bona
1354 1293 1402 1316 aut
1422 1289 1493 1316 mala
1510 1288 1558 1315 tibi
1572 1295 1625 1315 non
1644 1287 1810 1322 praescripsi.
1822 1286 1898 1314 Alio-

1111 1335 1158 1371 qui
1172 1335 1245 1363 enim
1263 1335 1286 1362 si
1301 1334 1366 1363 mihi
1378 1333 1481 1362 cedem
1497 1337 1544 1360 aut
1569 1338 1695 1367 stuprum
1713 1331 1897 1366 imperasset,

1110 1390 1142 1410 ea
1158 1381 1322 1410 necessitate
1340 1385 1550 1417 perpetrassem.
1561 1379 1650 1414 Ipsius
1663 1378 1736 1405 enim
1749 1377 1836 1412 jussis
1852 1385 1898 1405 re-

1110 1427 1208 1456 luctari
1225 1434 1305 1455 nemo
1321 1430 1420 1462 potest.
1433 1425 1489 1453 Cur
1502 1432 1568 1452 vero
1585 1431 1628 1451 me
1651 1423 1788 1458 supplicio
1801 1422 1899 1449 multa-

1110 1477 1153 1500 ret
1171 1472 1311 1500 mandatis
1338 1471 1538 1505 obsequentem
1563 1468 1645 1496 suis?
1671 1475 1811 1503 nuuquam
1833 1475 1899 1495 sane

274 1519 392 1556 ρατὴρια
405 1520 440 1546 τὰ
455 1520 628 1555 ἐπερχόμενα
646 1519 701 1546 τῶν
721 1519 883 1556 ἀνθρώπων,
901 1521 933 1548 ὲκ
945 1519 993 1547 τοῦ
1014 1529 1061 1547 πο-

1112 1518 1253 1546 hominum
1266 1518 1367 1545 malum
1384 1517 1456 1544 Deus
1483 1515 1551 1543 vult.
1564 1514 1633 1541 Nam
1653 1515 1819 1542 tcntationcs
1838 1521 1899 1550 qua

272 1565 357 1601 νηροῦ
380 1566 465 1597 slew,
493 1565 542 1592 τοῦ
571 1565 735 1593 ’Δποστόλου
761 1565 903 1600 λέγοντος·
930 1574 940 1592 ι
956 1566 1061 1602 Μηδεὶς

272 1611 470 1648 πειραζόμειῖος
483 1610 596 1646 λεγέτω,
607 1612 649 1639 ὅτι
668 1612 734 1638 Ἀπὸ
748 1611 817 1639 Θεοῦ
834 1611 1014 1647 πειράζομαι.
1031 1612 1060 1638 '0

271 1657 328 1692 γὰρ
343 1655 411 1688 Θεὸς
423 1656 591 1691 ἀπείραστός
601 1656 660 1682 ἐστι
674 1655 768 1683 κακῶν
778 1664 785 1672 '
799 1656 924 1692 πειράζει
936 1656 966 1683 δὲ
979 1655 1061 1688 αὐτὸς

271 1701 377 1729 οὐδένα.
392 1701 528 1733 Ἕκαστος
543 1700 572 1727 δὲ
587 1700 747 1735 πειράζεται
772 1700 826 1727 ὑπὸ
843 1700 893 1735 τῆς
915 1700 984 1731 ἰδίας
1001 1700 1061 1726 ἐπι-

272 1745 384 1782 θυμίας.
401 1758 411 1773 Ι
431 1746 494 1773 Ἐὰν
505 1746 534 1773 δὲ
549 1747 629 1782 ποιῇς
642 1746 756 1781 ἀγαθὸν,
771 1747 804 1782 τῇ
822 1746 869 1773 τοῦ
884 1745 951 1772 Θεοῦ
966 1745 1061 1780 φιλαν-

272 1790 383 1827 θρωπίᾳ.
395 1790 550 1826 ὲπίγραψον
560 1798 567 1806 ·
584 1791 632 1819 ἐὰν
643 1791 671 1819 δὲ
686 1791 815 1828 πονηρὸν,
829 1792 864 1827 τῇ
875 1790 923 1818 τοῦ
935 1790 1060 1818 διαϐόλου

271 1836 391 1872 πονηρίᾳ
407 1835 570 1872 ὲπίγραψον.

272 1947 367 1976 ΤΙΤΔ.
383 1947 413 1976 ι’.
427 1963 463 1969 ——
477 1948 548 1983 Περὶ
560 1947 614 1981 τῆς
624 1947 760 1983 ἀστάτου
780 1947 830 1974 καὶ
845 1947 983 1983 ἀϐεϐαίου
1000 1948 1061 1975 τῶν

307 1983 504 2018 ἀνθρωπίνων
519 1981 715 2018 ’πραγμάτων
731 1982 976 2018 καταστάσεως-ς
1009 1983 1060 2010 καί

307 2017 370 2045 τίνι
389 2018 488 2045 ἔοικεν
504 2017 672 2052 ἅνθρωπος,
690 2017 739 2044 καί
762 2019 778 2044 ὀ
791 2017 862 2050 ,βίος
879 2017 994 2052 λαὺτοῦσ
1009 2018 1059 2044 καὶ

308 2052 354 2079 ὅτι
375 2053 486 2087 μάταια
514 2050 721 2087 τὰ’παρόντα,
744 2052 794 2079 και
818 2050 909 2084 σκιᾶς
935 2052 1061 2088 adpare-

308 2095 413 2122 στερα.

311 2151 321 2169 ι
336 2142 507 2179 Προσήλυτοι
526 2141 575 2169 καὶ
601 2142 730 2179 πάροικοι
743 2142 824 2179 ὑμεῖς
845 2143 908 2170 ἐστε
936 2143 1060 2171 ἐναντίον

296 2198 337 2217 ου.
355 2198 366 2216 Ι

275 2198 337 2226 μου.
355 2198 366 2216 ι

250 2248 253 2249 ν
311 2244 321 2261 ι
340 2234 471 2271 Πάροικοί
486 2234 571 2270 ἔσμεν
586 2233 706 2261 ἐναντίον
722 2242 781 2266 σου,
793 2234 839 2261 καὶ
856 2235 1057 2268 κατοικοῦντες,

274 2280 312 2313 ὡς
328 2280 430 2313 πάντες
456 2280 481 2307 οἱ
498 2280 616 2316 πατέρες
637 2280 729 2316 ἡμῶν.
756 2280 800 2312 Ὦς
818 2280 883 2308 σκιὰ
906 2281 935 2308 αι
956 2281 1060 2317 ἡμέραι

272 2327 353 2363 ἡμῶν
364 2326 411 2353 ἐπὶ
423 2326 473 2363 τῆς
483 2326 548 2362 γῆς.
565 2335 575 2353 ι

309 2380 320 2398 ι
335 2372 443 2408 Γυμνὸς
471 2372 584 2408 ἐξῆλθον
610 2373 643 2398 ὲκ
667 2371 773 2404 κοιλίας
793 2373 843 2408 τῆς
862 2374 965 2408 μητρός
991 2381 1058 2408 μου,

273 2417 377 2452 γυμνὸς
403 2417 451 2444 καὶ
474 2417 662 2452 ἀπελεύσομαι
683 2417 752 2444 ἐκεῖ.
770 2417 800 2445 '0
821 2416 878 2452 βίος
904 2426 956 2453 μου
986 2418 1060 2444 εστὶν

274 2461 455 2497 ἐλαφρότερος
470 2463 577 2494 λαλιᾶς.
591 2472 600 2489 ι

313 2514 323 2532 ί
338 2506 407 2534 Σκιά
418 2508 493 2534 ἐστιν
506 2508 520 2534 ὸ
535 2507 592 2542 βίος
603 2507 682 2544 ήμῶν
695 2507 742 2534 ἐπὶ
754 2508 804 2544 τῆς
819 2509 880 2544 γῆς.
895 2517 905 2535 ι

313 2601 323 2619 ι
344 2593 444 2630 Βροτὸς
470 2574 584 2630 γενητὸς
611 2594 660 2630 τῆς
680 2595 821 2630 γυναικὸς,
847 2596 990 2632 ὀλιγέὸιος,
1010 2598 1059 2625 καὶ

275 2639 382 2675 πλήρης
395 2639 491 2675 ὀργῆς.
505 2641 540 2667 Ἣ
553 2639 648 2676 ὥσπερ
674 2640 754 2673 ἄνθος
771 2641 893 2676 ἀνθῆσαν
909 2643 1038 2676 ἐξέπεσεν
1049 2652 1057 2659 ·

274 2685 381 2721 ἀπέδρα
390 2685 420 2713 δὲ
434 2685 529 2722 ὥσπερ
545 2685 620 2719 σκιὰ,
633 2686 682 2713 καὶ
693 2685 724 2713 οὐ
742 2686 779 2722 μὴ
791 2689 852 2723 στῇ.
870 2697 880 2714 ι
1038 2711 1042 2714 .
1071 2687 1074 2689 λ

312 2784 322 2801 ι
339 2775 502 2813 Ἄνθρωπος
525 2775 641 2812 σαπρία,
658 2774 705 2802 καὶ
731 2775 788 2808 υίὸς
806 2775 961 2813 ἀνθρώπω,
989 2778 1056 2806 σκώ-

274 2819 336 2857 ληξ.
354 2830 363 2848 ι

1110 1563 1269 1592 hominibus
1287 1562 1440 1595 accidunt,
1468 1569 1481 1588 a
1508 1560 1617 1588 diabolo
1639 1559 1806 1587 excitantur.
1835 1559 1900 1587 llaec

1111 1609 1248 1643 siquidem
1284 1608 1408 1644 Apostoli
1442 1607 1525 1634 verba
1561 1610 1625 1634 sunt
1650 1605 1736 1640 (Jac.
1765 1613 1792 1638 l.
1816 1606 1898 1640 l5):

1113 1664 1123 1682 ι
1143 1654 1229 1683 Nemo
1242 1661 1305 1681 cum
1327 1657 1457 1685 tentatur,
1470 1652 1562 1684 dicat,
1576 1653 1640 1686 quia
1656 1659 1670 1678 a
1688 1651 1742 1679 Deo
1764 1654 1898 1678 tentatur.

1110 1700 1183 1728 Deus
1192 1699 1265 1727 enim
1279 1699 1432 1726 intentator
1440 1698 1575 1725 malorum
1588 1701 1630 1725 est
1648 1706 1655 1725 :
1668 1697 1727 1732 ipse
1743 1700 1835 1724 autem
1851 1704 1900 1724 ne-

1110 1745 1212 1773 minem
1232 1748 1328 1772 Ientat.
1345 1744 1544 1778 Unusquisque
1562 1750 1627 1771 vero
1652 1746 1774 1769 tentatur
1799 1750 1814 1769 a
1835 1749 1899 1777 pro-

1109 1791 1169 1827 pria
1185 1789 1409 1825 concupiscentia
1424 1788 1532 1824 (Jac.r,
1548 1788 1592 1820 l5,
1608 1787 1670 1823 lt).
1690 1796 1699 1814 ι
1713 1787 1791 1820 Quod
1800 1788 1822 1814 si
1833 1787 1899 1822 quid

1110 1837 1169 1872 agis
1201 1835 1286 1870 boni,
1321 1835 1349 1862 id
1378 1835 1426 1863 Dei
1451 1833 1613 1869 benignitati
1641 1833 1730 1861 tribue
1756 1842 1763 1861 :
1793 1833 1816 1860 si
1833 1833 1898 1868 quid

1109 1880 1173 1908 mali
1187 1900 1195 1914 ,
1211 1880 1263 1907 boc
1279 1879 1389 1907 ascribe
1401 1879 1502 1906 diaboli
1520 1878 1706 1914 perversitati.

1109 1947 1177 1975 TIT.
1194 1947 1229 1974 Χ.
1240 1946 1318 1973 -Ιὶε
1332 1946 1450 1973 instabili
1462 1934 1548 1973 rerum
1563 1946 1738 1972 Immanarum
1751 1949 1823 1972 statu
1836 1953 1845 1972 .'
1862 1943 1898 1972 Et

1145 1982 1192 2009 cui
1209 1981 1304 2008 similis
1313 1981 1434 2008 sit/mmo
1452 1986 1476 2007 et
1492 1981 1547 2016 vita
1568 1981 1669 2016 ipsius;
1690 1980 1809 2016 quodque
1829 1988 1897 2008 rana

1145 2016 1286 2052 prmentia
1297 2016 1351 2043 sint
1366 2035 1372 2049 ,
1386 2019 1410 2042 et
1425 2015 1519 2042 umbra
1539 2015 1726 2042 imbecilliora.

1146 2139 1226 2167 Leuit.
1243 2147 1306 2173 xxv,
1318 2139 1364 2167 9.5.
1381 2154 1416 2160 —
1445 2149 1454 2165 ι
1478 2139 1602 2174 Δᾱγοιιωζ
1616 2143 1642 2168 et
1676 2138 1813 2175 peregrini
1828 2138 1897 2166 estis

1073 2195 1096 2224 ι)
1109 2192 1204 2213 coram
1223 2192 1276 2213 me.
1294 2195 1303 2211 ι

1147 2230 1162 2258 Ι
1178 2230 1360 2263 Paral.xxtx,
1374 2231 1420 2258 ‘25.
1436 2244 1470 2251 —-
1489 2239 1499 2257 ι
1521 2230 1661 2266 Peregrini
1691 2237 1787 2257 sumus
1804 2235 1895 2256 coram

1110 2279 1137 2304 le
1153 2279 1181 2304 et
1209 2275 1333 2310 advena,
1363 2276 1436 2304 sicut
1468 2283 1564 2303 omnes
1598 2280 1690 2311 patres
1716 2275 1816 2303 nostri.
1832 2274 1896 2302 Dies

1109 2321 1196 2349 nostri
1212 2321 1283 2349 sicut
1295 2321 1393 2349 umbra
1409 2330 1492 2357 super
1506 2326 1618 2349 terram.
1632 2331 1641 2347 ι

1144 2367 1207 2394 Job.
1229 2375 1254 2398 ι,
1271 2367 1363 2394 2l.—
1376 2375 1386 2392 ι
1404 2367 1500 2395 Nudus
1519 2375 1648 2402 egressus
1675 2374 1736 2394 sum
1761 2365 1794 2393 de
1817 2369 1896 2393 utero

1109 2412 1208 2440 matris
1224 2419 1290 2439 meae
1303 2432 1310 2444 ,
1326 2417 1355 2439 et
1373 2412 1477 2450 nudus
1492 2415 1616 2440 revertar
1643 2411 1720 2439 illuc.
1749 2410 1810 2438 Vita
1834 2418 1895 2438 mea

1110 2459 1230 2486 velocior
1250 2464 1293 2486 est
1305 2458 1452 2486 locutione.
1473 2468 1483 2486 ι
1563 2484 1565 2486 .

1145 2503 1196 2531 Job
1227 2512 1294 2538 vin,
1320 2504 1348 2531 9.
1373 2513 1431 2530 -ι
1465 2503 1569 2532 Umbra
1593 2507 1638 2532 est
1665 2503 1722 2531 vita
1747 2507 1842 2531 nostra
1866 2503 1895 2531 in

1109 2553 1195 2577 terra.
1216 2557 1227 2576 ι

1144 2594 1195 2622 Job
1228 2595 1324 2628 nv,l,
1341 2595 1418 2623 2.-
1440 2604 1450 2622 ‹
1482 2593 1572 2622 Homo
1596 2599 1676 2622 natus
1701 2595 1736 2623 de
1760 2594 1894 2627 muliere,

1109 2635 1186 2670 brevi
1201 2641 1296 2669 virens
1315 2645 1456 2676 tempore,
1482 2641 1603 2676 repletur
1623 2640 1826 2677 indignatione.
1840 2639 1896 2668 Aut

1110 2688 1189 2724 quasi
1205 2687 1255 2716 llos
1267 2687 1315 2723 qui
1331 2687 1440 2720 ﬂoruit,
1457 2688 1578 2722 excidit,
1607 2691 1636 2716 et
1659 2687 1727 2723 fugit
1740 2687 1814 2716 velut
1834 2694 1896 2714 um-

1110 2733 1170 2766 bra,
1182 2738 1208 2761 et
1220 2740 1362 2768 nunquam
1377 2738 1430 2761 stat
1442 2753 1449 2762 .
1463 2743 1472 2760 ι

1143 2778 1194 2806 Job
1220 2787 1284 2812 uv,
1297 2779 1323 2807 6.
1339 2789 1396 2808 -‹
1418 2779 1505 2809 llomo
1519 2779 1652 2816 putredo,
1669 2783 1697 2810 et
1721 2780 1794 2810 ﬁlius
1807 2778 1896 2808 homi-

1110 2826 1152 2853 nis
1171 2826 1276 2854 rcrmis.
1295 2834 1305 2867 ξ
