2080 3111
239 123 302 171 ut:

895 137 1014 167 SACRA
1031 136 1076 166 ΡΛ
1082 137 1252 166 RALLELA

1793 137 1859 171 “[8

274 194 372 220 (Πᾶσα
401 193 469 230 σὰρξ
495 194 533 228 ὡς
558 195 663 230 ἱμάτιον
683 192 856 224 παλαιοῦται,
870 192 909 222 ὼς
926 191 1023 226 φύλλον

1110 190 1198 218 Eccle.
1220 197 1280 221 ειν,
1300 189 1342 216 18.
1358 205 1392 209 -—
1409 199 1416 215 t
1432 189 1528 217 Omnis
1551 196 1615 217 caro
1633 194 1761 226 tanquam
1777 197 1861 220 vesti-

236 240 330 267 θᾱλλον
344 241 391 267 ἐπὶ
404 241 512 277 δένδρου
526 241 632 273 δασέος,
646 241 680 268 τὰ
697 241 746 276 μὲν
763 239 939 271 καταϐάλλει,
954 239 1022 266 ἄλλα

233 287 261 315 δὲ
275 286 348 321 φύει.
382 286 476 319 Οὕτως
486 287 567 322 γενεὰ
580 287 682 324 σαρκὸς
695 287 741 314 καὶ
755 287 883 322 αἵματος.
898 294 908 312 ι

272 384 283 401 ε
301 364 460 411 ’Ἄνθρωποι¹
471 376 582 409 πάντες,
594 377 629 411 γῆ
641 377 688 403 καὶ
706 377 812 408 σποδός.
835 386 844 403 t

274 431 284 448 ε
301 421 376 450 Ξένοι
388 422 435 449 καὶ
450 422 634 457 παρεπίδημοί
648 423 731 458 ἐσμεν
744 423 790 450 ἐπὶ
803 423 864 458 γῆς.
884 431 893 449 ι

274 522 285 538 ί
308 512 437 548 Ἀριθμδς
450 513 563 549 ἡμερῶν
576 512 732 547 ἀνθρώπου,
748 513 832 540 πολλὰ
844 514 891 548 ἔτη
906 514 1002 541 ἑκατόν
1013 522 1022 530 -

237 558 274 589 ὡς
290 558 397 593 σταγὼν
414 559 508 591 ὕδατος
522 559 576 586 ἀπὸ
589 559 737 594 θαλάσσης,
751 560 799 586 καὶ
812 559 901 595 ψῆφος
918 559 1022 595 ἄμμου,

236 604 322 637 οὕτως
334 605 412 639 ὀλίγα
425 604 471 641 έτη
482 605 510 632 ὲν
524 605 642 640 ἡμέραις
657 605 763 637 αἰῶνος.
783 615 793 631 ι

275 700 285 718 ι
301 692 384 719 οὐδὲν
410 692 611 728 εἰσηνέγκαμεν
638 692 678 724 εἰς
695 692 742 719 τδν
767 692 880 728 κόσμον,
892 692 971 728 δῆλον
984 693 1024 720 ὅτι

237 739 314 766 οὐδὲν
328 738 481 774 ἐξενεγκεῖν
494 739 641 775 δυνάμεθα.
663 748 673 765 ι

276 839 285 855 ι
305 829 374 856 Ποία
387 829 443 864 ζωὴ
454 829 533 864 ἡμῶν
551 830 625 856 ἐστιν
639 838 646 862 ;
660 829 734 865 ἀτμὴ
750 829 803 864 γάρ
815 830 888 856 ἐστιν
912 829 928 864 ὴ
958 829 1026 864 πρὸς

237 877 328 910 ὀλίγον
344 876 506 911 φαινομένη,
519 875 615 903 ἔπειτα
630 876 678 902 καὶ
688 875 888 910 ἀφανιζομένη.
910 885 919 901 ι

277 921 353 954 ὐδὸς
365 922 380 948 6
393 921 450 957 βίος
463 921 571 956 εἴρηται
584 921 628 948 διὰ
637 922 687 956 τὴν
699 921 768 956 πρὸς
782 921 813 948 τὸ
822 921 898 953 τέλος
913 921 1030 948 ἑκάστου

236 966 291 994 τῶν
311 966 497 1002 γεννηθέντων
521 966 634 998 ἐπειξιν.
661 966 768 1001 ’Ὠσπερ
792 965 846 1001 γὰρ
869 967 894 992 oi
920 965 950 992 ὲν
973 965 1030 997 τοῖς

236 1013 339 1045 πλοίοις
351 1012 538 1045 καθεύδοντες,
553 1012 714 1048 αὐτομάτως
730 1013 782 1040 ὑπὸ
807 1012 855 1039 τοῦ
875 1012 1031 1047 πνεύματος

236 1059 283 1087 ἐπὶ
306 1058 420 1094 λιμένας
440 1059 575 1092 ἕλκονται,
605 1059 656 1086 κᾶν
669 1059 745 1086 αὐτοὶ
763 1059 801 1095 μὴ
822 1058 1000 1085 αἰσθάνωνται
1020 1065 1026 1072 ·

236 1104 296 1131 ἀλλ’
316 1104 331 1131 6
362 1104 462 1139 δρόμος
487 1105 573 1140 αὐτῆς
602 1105 670 1140 πρὸς
681 1105 711 1132 τὸ
721 1105 800 1136 τέλος
810 1103 917 1139 ἐπείγει
935 1112 943 1119 ·
956 1103 1029 1130 οὕτω

238 1151 286 1177 καὶ
299 1150 391 1185 ἡμεῖς,
405 1150 452 1176 τοῦ
469 1150 568 1186 χρόνου
590 1151 640 1186 τῆς
656 1150 729 1185 ζωῆς
755 1150 835 1186 ἡμῶν
858 1150 1028 1185 παραρρέον-

237 1205 293 1230 τος,
306 1194 362 1223 οἷόν
376 1204 429 1223 τινι
443 1197 549 1232 κινήσει
563 1198 670 1232 συνεχεῖ
681 1197 728 1223 καὶ
750 1196 882 1232 ἀπαύστῳ
907 1196 975 1233 πρὸς
997 1195 1028 1222 τδ

237 1243 339 1269 οἰκεῖον
351 1243 465 1274 ἕκαστος
478 1243 508 1269 τὸ
527 1243 614 1278 πέρας
635 1243 674 1277 τῷ
692 1242 849 1269 λανθάνοντι
865 1242 958 1277 δρόμῳ
978 1241 1028 1276 τῆς

239 1287 313 1322 ζωῆς
333 1287 412 1322 ήμῶν
421 1285 737 1323 κατεπειγόμεθα..οἷον
757 1287 917 1319 καθεύδεις;
947 1287 995 1314 καὶ
1014 1288 1027 1314 ό

237 1333 333 1369 χρόνος
357 1342 386 1360 σε
413 1333 592 1369 παρατρέχει.
615 1333 798 1369 Ἑγρήγορας,
815 1335 862 1361 καί¹
875 1333 990 1368 ἄσχολος
1003 1330 1029 1360 εἴ

236 1379 286 1415 τὴν
300 1379 419 1406 διάνοιαν
431 1387 439 1411 ;
451 1379 508 1406 ἀλλ’
519 1380 593 1415 ὅμως
605 1380 621 1416 ἡ
635 1380 693 1415 ζωὴ
716 1380 879 1412 δαπανᾶται,
903 1379 955 1406 κᾶν
977 1378 1027 1414 τὴν

237 1425 365 1461 αἴσθησιν
378 1425 523 1462 διαφεύγῃ.
539 1425 637 1462 Δρόμῳ
657 1424 704 1453 οὖν
723 1425 860 1461 τρέχομεν
878 1426 978 1456 πάντες
1002 1425 1027 1450 οἱ

236 1469 386 1506 ἄνθρωποι,
402 1469 470 1505 πρὸς
486 1469 517 1496 τὸ
528 1470 627 1497 οἰκεῖον
643 1470 718 1501 τέλος
734 1470 849 1500 ἕκαστος
866 1469 1028 1503 κατεπειγό-

238 1522 325 1549 μενοι.
342 1514 392 1542 Διὰ
405 1513 488 1541 τοῦτο
501 1513 602 1546 πάντες
615 1514 641 1541 οἱ
653 1515 792 1550 ἄνθρωποί
804 1515 887 1549 ἐσμεν
902 1515 932 1541 ὲν
952 1512 1004 1548 ὸδῷ
1018 1522 1025 1529 ·

237 1560 284 1586 καὶ
299 1559 370 1586 οὕτω
384 1559 406 1586 δ’
418 1560 451 1587 ἂν
462 1559 554 1592 λάϐοις
564 1561 613 1595 τῆς
623 1560 683 1587 ὁδοῦ
703 1560 753 1596 τὴν
777 1559 892 1592 ἔννοιαν,
919 1559 1027 1586 ὁδοιπό-

239 1613 285 1640 ρος
309 1605 464 1640 ἐφέστηκας
488 1605 528 1640 τῷ
556 1605 606 1641 βίῳ
630 1605 736 1641 τούτῳ⁸
766 1606 856 1633 πάντα
881 1604 1027 1641 παρέρχῃ·

237 1651 326 1678 πάντα
342 1651 456 1688 κατόπιν
471 1660 512 1678 σοι
528 1652 646 1686 γίνεται,
666 1649 744 1683 Εἶδες
757 1651 803 1678 ἐπὶ
820 1652 870 1686 τῆς
895 1650 956 1678 ὁδοῦ
976 1659 1028 1686 φυ-

235 1697 292 1729 τδν,
316 1697 333 1732 ἢ
355 1698 444 1737 ππόαν,
474 1697 490 1733 ἢ
521 1697 535 1724 ὅ
546 1706 572 1724 τι
584 1697 616 1724 ἂν
629 1696 696 1732 τύχῃ
711 1696 764 1723 τῶν
778 1695 862 1729 ἀξίων
875 1695 1027 1731 θεάματοςς

237 1743 336 1779 μικρὸν
347 1742 492 1778 ἐτέρφθης,
505 1739 565 1770 εἶτα
580 1743 768 1778 παρέδραμες.
795 1742 880 1769 Πάλιν
903 1741 1028 1777 ἐνέτυχες

235 1789 329 1821 λίθοις,
346 1789 393 1816 καὶ
409 1788 556 1823 φάραγξιν,
564 1788 612 1815 καὶ
631 1789 775 1824 κρημνοῖς,
800 1788 849 1815 xal.
870 1787 1026 1819 σκοπέλοις,

236 1837 253 1871 ἦ
279 1844 330 1862 που
353 1836 400 1862 καὶ
418 1835 535 1870 θηρίοις,
551 1835 599 1862 καὶ
625 1835 762 1871 ἑρπετοῖς,
785 1834 833 1861 καὶ
849 1833 993 1865 ἀκάνθαις,
1010 1834 1027 1869 ἦ

235 1889 306 1908 τισιν
326 1881 418 1913 ἄλλοις
441 1880 494 1908 τῶν
520 1880 656 1916 ὀχληρῶν,
680 1880 780 1916 μικρὸν
810 1879 936 1915 ἠνιάθης,
967 1876 1027 1906 εἶτα

236 1928 393 1960 κατέλιπες.
409 1926 538 1959 Τοιοῦτος
553 1928 567 1953 ὁ
584 1926 650 1962 βίος,
664 1926 727 1953 οὔτε
742 1926 776 1953 τὰ
791 1925 897 1961 τερπνὰ
912 1925 1025 1961 μόνιμα,

235 1975 298 2002 οὒτε
320 1974 355 2001 τὰ
375 1973 487 2009 λυπηρὰ
503 1972 602 2009 διαρκῆ
634 1971 815 2007 κεκτημένος.
846 1971 879 1998 Ἦ
903 1971 962 2003 ὁδὸς
976 1971 1026 1997 οὐκ

236 2020 294 2048 ἐστι
306 2021 350 2056 σὴ,
361 2019 418 2047 ἀλλ’
434 2018 494 2046 οὐδὲ
508 2019 543 2046 τὰ
553 2018 675 2054 παρόντα
691 2017 725 2045 σά
741 2025 749 2033 '
774 2016 820 2044 ἐπὶ
842 2016 896 2044 τῶν
920 2016 1026 2044 ὁδευόν-

235 2075 300 2099 των,
314 2065 383 2101 ὁμοῦ
397 2073 426 2092 τε
440 2065 454 2092 6
466 2064 574 2100 πρῶτος
587 2063 617 2090 rb
629 2065 702 2099 ῐχνος
718 2063 856 2098 ἐκίνησεν,
877 2063 925 2089 καὶ
945 2062 1026 2094 εὐθὺς

235 2113 249 2139 6
262 2111 322 2147 μετ’
333 2111 415 2138 αὐτὸν
428 2110 477 2146 τὴν
493 2109 572 2144 βάσιν
589 2109 720 2145 ἤνεγκεν,
735 2108 783 2134 καὶ
810 2108 870 2143 μετ’
898 2108 1025 2135 ἔκεῖνονό

235 2158 412 2193 ἐφεπόμενος.
428 2156 528 2183 Σκόπει
547 2155 575 2182 δὲ
591 2156 616 2182 εἰ
634 2155 672 2191 μὴ
690 2155 737 2181 καὶ
760 2153 794 2181 τὰ
809 2153 857 2180 τοῦ
881 2154 938 2190 βίου
969 2163 1024 2181 πα-

1076 241 1199 265 mcntunt
1224 239 1385 263 veterascet.
1413 236 1491 263 Sicut
1515 236 1610 263 folium
1634 235 1805 266 fructiﬁcans
1832 238 1859 267 in

1075 285 1174 312 arbore
1196 284 1292 311 densa.
1313 283 1373 310 Alia
1394 282 1569 316 deﬁciuntur,
1596 283 1648 323 alia
1673 289 1859 319 generantur:

1075 331 1116 358 sic
1130 329 1271 365 generatio
1286 328 1381 355 carnis
1396 332 1424 356 et
1440 328 1594 363 sanguinis.
1614 337 1624 354 ι

1107 368 1532 412 Εειίεὲμμιςῒσῗ-ιιίοιυῑηοε
1540 381 1635 401 omnes
1641 378 1713 401 terra
1723 379 1750 402 et
1759 375 1840 403 cinis.
1848 385 1857 401 I
1872 375 1897 405 2:

1112 421 1192 449 Hebr.
1214 429 1260 454 xi,
1282 421 1326 448 i5.
1348 436 1381 441 —
1399 420 1542 456 Peregrini
1564 424 1591 448 et
1616 420 1739 456 hospites
1764 420 1870 449 sumus

1076 475 1161 503 super
1177 471 1289 495 terram.
1307 477 1316 493 1

1113 512 1201 540 Eccle.
1223 520 1311 546 xvut,
1332 513 1359 540 8.
1374 527 1409 532 —
1425 520 1434 538 ι
1450 511 1588 540 Numerus
1613 512 1719 540 dierum
1744 512 1862 540 hominis

1077 563 1108 586 ut
1125 559 1240 586 multum
1254 562 1364 585 centum
1378 558 1443 585 anni
1458 567 1464 585 :
1479 558 1560 593 quasi
1573 562 1650 594 gutta
1666 565 1744 593 aqum
1758 558 1861 584 maris:

1077 608 1104 632 et
1119 603 1193 630 sicut
1210 602 1335 630 calculus
1350 610 1456 635 arente,
1476 602 1516 629 sic
1531 603 1611 637 pauci
1633 602 1697 629 anni
1718 602 1746 629 in
1767 601 1863 630 diebus

1077 649 1181 678 saeculi.
1202 657 1211 674 ι

1115 693 1130 722 I
1150 694 1219 721 Tim.
1240 702 1285 726 vr,
1315 693 1342 721 7.
1364 708 1399 714 -
1421 703 1431 719 ι
1456 692 1530 720 Nihil
1560 693 1706 721 intulimtls
1734 693 1762 720 in
1789 692 1864 719 hunc

1079 741 1235 769 mundum:
1261 739 1335 768 haud
1359 739 1473 767 dubium
1498 739 1565 774 quia
1589 746 1639 766 nec
1663 738 1772 766 auferre
1798 737 1863 773 quid

1079 793 1237 822 possumus.
1256 795 1265 811 ι

1114 833 1176 860 Jac.
1198 840 1244 865 tv,
1263 832 1306 860 14.
1322 846 1357 852 —
1372 840 1381 858 ι
1398 831 1494 865 Qualis
1508 834 1551 858 est
1565 831 1619 858 vita
1643 829 1761 858 nostra?
1782 835 1866 863 vapor

1044 869 1065 899 Β
1080 879 1113 907 ad
1133 879 1273 907 modicum
1290 886 1390 914 parens
1400 899 1407 911 ,
1422 882 1450 906 et
1463 877 1592 912 deinceps
1606 876 1863 904 exterminabitur.-

1114 925 1197 961 318
1217 924 1303 952 Basil.
1323 925 1393 952 hom.
1414 925 1441 951 in
1459 924 1529 958 psal.
1551 931 1571 950 ι.
1592 922 1699 949 -—-\"ita
1724 922 1766 949 via
1793 921 1866 947 dicta

1079 976 1121 999 est
1134 971 1169 998 ob
1183 978 1243 999 eam
1260 970 1430 998 caleritatem
1442 989 1449 1002 ,
1465 977 1520 1005 qua
1536 968 1670 1004 quidquid
1690 966 1864 1002 progenitum

1078 1021 1120 1045 est
1137 1016 1171 1044 ad
1194 1017 1275 1044 tinent
1296 1016 1452 1044 contendit.
1477 1014 1544 1042 Nam
1566 1014 1798 1049 quemadmodum
1817 1012 1865 1047 qui

1079 1062 1105 1089 in
1121 1061 1238 1089 navibus
1254 1061 1415 1093 dormiunt,
1437 1068 1452 1088 a
1477 1065 1558 1088 vento
1583 1064 1681 1095 sponte
1704 1059 1731 1086 in
1756 1063 1865 1094 portum

1078 1113 1208 1143 aguntur,
1225 1107 1290 1134 licet
1315 1107 1368 1142 ipsi
1392 1106 1505 1134 minime
1528 1106 1667 1138 sentiant,
1692 1104 1740 1132 sed
1765 1112 1866 1132 cursus

1077 1153 1138 1188 ejus
1150 1152 1184 1181 ad
1197 1156 1296 1179 metam
1311 1156 1440 1188 properat
1455 1161 1461 1179 :
1474 1151 1569 1179 eodem
1587 1150 1667 1178 tnodo
1680 1158 1730 1178 nos
1744 1157 1866 1185 quoque,

1077 1199 1203 1227 emuente
1218 1199 1279 1226 vine
1293 1203 1395 1225 nostra:
1411 1201 1546 1233 tempore,
1559 1197 1638 1232 quasi
1653 1199 1785 1232 perpetuo
1799 1202 1867 1230 quo-

1077 1243 1139 1271 dam
1149 1264 1155 1276 ,
1170 1250 1221 1270 nec
1237 1242 1437 1270 intermittcnte
1451 1247 1526 1269 motu
1537 1262 1544 1275 ,
1560 1241 1593 1269 ad
1609 1249 1688 1269 suum
1701 1241 1818 1276 quisque
1835 1240 1866 1266 ti-

1077 1297 1140 1317 nem
1157 1289 1267 1317 occulto
1284 1289 1345 1316 vitae
1361 1293 1464 1317 nostra:
1478 1296 1562 1316 cursu
1579 1289 1757 1323 adurgemur.
1772 1287 1868 1314 Exem-

1078 1335 1115 1370 pli
1134 1335 1222 1370 gratia
1236 1344 1242 1361 :
1257 1334 1384 1362 dormis?
1397 1342 1428 1361 ac
1442 1339 1468 1362 te
1481 1338 1590 1369 tempus
1604 1333 1737 1369 praeterit.
1750 1332 1866 1368 Vigilas.

1077 1386 1104 1408 et
1121 1383 1213 1408 mente
1231 1380 1334 1415 aliquid
1350 1380 1459 1415 agitas?
1483 1384 1510 1406 at
1533 1380 1587 1406 vita
1609 1383 1701 1406 tamen
1723 1378 1867 1406 consumi-

1078 1429 1132 1459 tur,
1148 1425 1175 1453 id
1192 1425 1257 1453 lieet
1273 1425 1387 1452 minime
1408 1424 1522 1452 sentias.
1549 1424 1652 1451 Omnes
1669 1425 1763 1458 itaque
1780 1423 1868 1458 quod-

1077 1470 1139 1498 dam
1156 1470 1243 1498 veluti
1258 1471 1428 1498 curriculum
1446 1470 1627 1503 conﬁcimus,
1644 1470 1676 1497 ad
1695 1477 1775 1498 suum
1793 1470 1868 1506 quis-

1079 1523 1133 1551 que
1146 1515 1228 1543 tinem
1246 1519 1438 1551 properantes.
1461 1515 1518 1543 liae
1535 1516 1643 1542 ratione
1659 1521 1757 1542 omnes
1773 1521 1824 1540 nos
1839 1514 1867 1540 in

1078 1562 1122 1590 via
1154 1568 1261 1589 sutnus.
1301 1560 1373 1594 Quin
1405 1560 1438 1588 ad
1459 1561 1533 1588 hune
1553 1568 1662 1596 quoque
1684 1559 1795 1587 tnodnm
1819 1559 1869 1586 viae

1079 1607 1308 1643 signiﬁcationem
1324 1607 1477 1643 acceperis.
1491 1606 1588 1635 Viator
1606 1614 1635 1635 es
1659 1606 1686 1634 in
1713 1606 1765 1633 hac
1789 1605 1866 1632 vita:

1078 1653 1172 1681 omnia
1192 1653 1338 1689 praeteris:
1356 1653 1449 1680 omnia
1470 1660 1485 1680 a
1502 1656 1581 1686 tergo
1600 1652 1745 1687 relinquis.
1765 1650 1866 1678 Vidisti

1078 1699 1106 1727 in
1123 1700 1167 1727 via
1181 1699 1314 1735 stirpem,
1331 1703 1379 1726 aut
1396 1699 1508 1727 herbam
1519 1719 1527 1731 ,
1549 1701 1596 1726 aut
1616 1697 1719 1733 aliquid
1741 1702 1867 1732 speetatu

1078 1745 1191 1781 dignum
1204 1746 1215 1772 ’ί
1230 1747 1365 1781 tantisper
1379 1745 1533 1773 oblectatus
1548 1753 1593 1773 es:
1605 1749 1661 1772 tum
1679 1744 1777 1771 deinde
1796 1743 1867 1770 ultra

1078 1791 1235 1828 pcrrexisti.
1253 1790 1374 1819 Rursum
1391 1792 1419 1819 in
1436 1799 1517 1824 saxa,
1535 1796 1562 1819 et
1579 1790 1664 1818 valles
1676 1810 1683 1822 ,
1697 1794 1724 1817 et
1740 1790 1868 1824 praecipi-

1078 1839 1132 1870 tia,
1150 1841 1178 1866 et
1200 1838 1348 1873 scopulos,
1372 1841 1418 1865 aut
1440 1838 1523 1865 etiam
1546 1836 1663 1864 fortasse
1683 1835 1709 1862 in
1735 1834 1824 1867 feras,
1841 1839 1868 1861 rt

1077 1883 1205 1919 reptilia,
1221 1887 1248 1912 et
1265 1884 1360 1919 spinas
1371 1903 1378 1916 ,
1395 1887 1442 1911 aut
1465 1883 1540 1911 aliud
1563 1882 1694 1918 quiddam
1718 1880 1868 1908 molestum

1076 1933 1102 1957 et
1119 1929 1248 1956 acerbum
1266 1929 1409 1956 incidisti:
1427 1936 1490 1956 cum
1508 1928 1636 1956 nonnihil
1658 1928 1721 1955 inde
1739 1926 1868 1954 mceroris

1075 1973 1268 2007 contraxeris,
1291 1981 1352 2001 mox
1374 1981 1405 2002 ea
1429 1974 1588 2001 deseruisti.
1614 1973 1713 2000 Eadem
1741 1973 1869 1999 humana:

1075 2019 1139 2047 vita:
1153 2021 1225 2046 ratio
1237 2024 1295 2047 est:
1313 2023 1343 2046 ut
1355 2027 1406 2047 nec
1421 2019 1701 2054 lixasjucunditates,
1714 2026 1765 2046 nec
1780 2018 1868 2046 stabi-

1075 2063 1115 2092 les
1131 2064 1303 2099 voluptates,
1320 2071 1371 2092 nec
1388 2068 1536 2099 perpetuas
1563 2064 1728 2092 acerbitates
1755 2063 1867 2091 habeat.

1076 2110 1122 2138 Uti
1144 2110 1187 2137 via
1212 2110 1326 2138 minime
1351 2114 1398 2137 tua
1420 2113 1484 2143 est;
1503 2111 1545 2139 sic
1571 2118 1623 2139 nec
1647 2109 1795 2146 praesentia
1820 2112 1867 2135 tua

1075 2159 1150 2184 sunt.
1169 2154 1199 2183 In
1214 2155 1258 2185 his
1274 2155 1322 2191 qui
1342 2155 1395 2184 iter
1414 2155 1533 2187 faciunt,
1553 2155 1636 2184 simul
1656 2159 1739 2190 atque
1761 2155 1867 2190 primus

236 2204 383 2240 ραπλήσια.
398 2202 454 2238 Τὴν
469 2202 521 2237 γῆν
535 2202 655 2237 σήμερον
665 2201 697 2228 σὺ
712 2199 899 2236 ὲγεὼργησας,
911 2200 959 2227 καὶ
979 2200 1024 2227 αῦ-

1077 2202 1223 2237 vestigium
1241 2202 1345 2234 movit,
1369 2201 1463 2230 statim
1486 2201 1628 2230 secundus
1650 2207 1761 2236 quoque
1784 2198 1868 2226 infert

236 2259 293 2286 ριον
324 2249 413 2280 ἄλλος,
437 2248 485 2275 καὶ
510 2248 569 2283 μετ’
585 2248 688 2274 ἐκεῖνον
709 2247 811 2282 ἕτερος.
848 2247 930 2282 Ὀρᾷς
960 2246 1024 2278 τοὺς

233 2295 336 2331 ἀγροὺς
346 2294 468 2326 τούτους,
478 2293 526 2320 καὶ
537 2293 587 2326 τὰς
596 2293 751 2324 πολυτελεῖς
762 2292 866 2326 οίκίας;
882 2292 952 2319 πόσα
965 2292 1024 2327 εἴδη

232 2342 386 2378 ὀνομάτων,
396 2339 501 2368 τούτων
512 2340 629 2367 Ξκαστον
642 2338 761 2374 ἧμειψεν
775 2347 784 2373 ;
798 2337 846 2365 τοῦ
864 2339 950 2370 δεῖνος
962 2338 1022 2365 ὲλέ-

233 2385 381 2422 γετο.Εἷτα
394 2385 590 2423 μετωνομάσθη
601 2386 669 2421 προς
679 2384 772 2421 ἕτερον
785 2392 792 2400 ·
809 2384 877 2420 πρὸς
892 2384 938 2411 τὸν
951 2384 1025 2411 δεῖνα

236 2433 368 2468 μετῆλθεν
379 2441 386 2448 ·
397 2431 458 2459 ε’ίτα
466 2433 513 2459 νῦν
523 2431 602 2459 ἄλλου
619 2431 738 2466 λέγεται,
754 2428 829 2466 *Αρα
842 2428 889 2458 οὖν
903 2430 952 2466 οὐχ
966 2430 1024 2462 ὁδὸς

233 2479 248 2506 ὸ
263 2478 330 2514 βίος,
342 2478 436 2505 ἄλλοτε
449 2477 530 2505 ἄλλου
544 2476 770 2512 μεταλαμϐάνων,
785 2477 833 2503 καὶ
841 2476 944 2507 πάντας
956 2476 1025 2511 ἔχων

233 2524 358 2560 ἀλλήλοις
370 2526 575 2560 ἔφεπομένους;
591 2534 600 2551 ι
617 2525 760 2561 Μακάριος
778 2522 835 2558 οὖν,
854 2525 885 2557 ὃς
911 2524 958 2552 ἐπὶ
975 2525 1026 2560 τῆς

233 2570 294 2598 ὀδοῦ
307 2571 361 2598 τῶν
377 2570 548 2606 ἁμαρτωλῶν
562 2571 613 2598 οὐκ
627 2571 704 2605 ἔστη.
721 2580 730 2596 ι

1075 2249 1172 2284 pedem
1184 2270 1192 2282 ,
1209 2256 1241 2276 ac
1256 2249 1388 2284 deinceps
1403 2248 1427 2275 is
1442 2248 1489 2283 qui
1510 2255 1525 2275 a
1545 2252 1622 2284 tergo
1637 2246 1773 2282 sequitur.
1789 2245 1864 2273 Con-

1075 2296 1166 2324 sidera
1183 2295 1279 2331 igitur.
1297 2303 1331 2323 an
1346 2303 1402 2323 non
1420 2303 1464 2323 res
1481 2295 1564 2330 hujus
1580 2295 1642 2322 vita:
1659 2294 1692 2321 ad
1711 2293 1784 2321 hunc
1801 2299 1861 2319 mo-

1075 2341 1141 2368 dum
1159 2348 1190 2369 se
1207 2341 1335 2368 habeant.
1354 2340 1467 2368 Terram
1486 2340 1567 2367 hodie
1586 2338 1717 2372 coluisti;
1735 2338 1804 2366 alter
1820 2337 1865 2363 die

1075 2387 1218 2418 crastino,
1233 2391 1260 2414 et
1275 2394 1307 2414 ac
1322 2391 1386 2423 post
1402 2387 1475 2414 hunc
1488 2394 1600 2414 rursum
1616 2385 1699 2413 alius.
1715 2383 1799 2411 Vides
1815 2383 1865 2410 hos

1077 2440 1159 2469 agros
1169 2453 1177 2466 ,
1191 2432 1405 2468 ingentibusque
1419 2436 1562 2460 extructas
1576 2431 1733 2466 sumptibus
1747 2429 1867 2457 domos?

1079 2484 1145 2516 quot
1159 2480 1216 2516 jam
1235 2479 1346 2507 nomina
1362 2479 1580 2514 unumquodque
1603 2478 1701 2505 horum
1724 2479 1867 2513 permuta-

1080 2526 1142 2552 vit?
1157 2525 1303 2553 dicebatur
1317 2524 1381 2552 olim
1399 2524 1474 2551 illius
1493 2531 1575 2557 esse;
1593 2522 1708 2558 posthac
1726 2521 1760 2548 ab
1779 2520 1868 2547 altero

1077 2578 1175 2599 nomen
1195 2570 1289 2597 traxit.
1307 2569 1371 2597 Mox
1388 2569 1422 2596 ad
1439 2569 1523 2596 alium
1544 2567 1671 2603 migravit
1686 2576 1693 2593 :
1718 2573 1750 2593 ac
1770 2571 1867 2592 rursus

234 2625 309 2646 nunc
318 2617 437 2646 alterius
445 2626 507 2646 esse
515 2618 629 2646 dicitur.
640 2618 770 2653 Nunquid
781 2619 866 2654 igitur
873 2627 961 2646 aevum
972 2620 1027 2648 hoc
1037 2627 1092 2647 non
1104 2619 1146 2646 via
1155 2622 1209 2651 est,
1221 2618 1294 2654 quod
1305 2617 1391 2644 alium
1403 2616 1576 2652 atquealium
1586 2615 1705 2643 subinde
1721 2618 1845 2642 assumat
1857 2631 1865 2645 ,

234 2666 344 2702 sibique
358 2672 454 2694 omnes
469 2665 650 2693 succedentes
666 2665 777 2698 habeat,
796 2675 804 2692 ι
819 2665 922 2694 Beatus
937 2667 1020 2702 igitur
1034 2667 1081 2702 qui
1105 2666 1133 2694 in
1151 2666 1205 2693 vita
1222 2669 1398 2700 peccatorum
1427 2671 1481 2691 non
1506 2665 1583 2691 stetit
1604 2662 1612 2697 (
1627 2661 1700 2689 Psal.
1722 2670 1746 2694 r,
1762 2660 1772 2687 l
1788 2660 1810 2696 ).
1828 2670 1836 2686 ι

270 2713 355 2740 Ὅταν
370 2712 428 2748 ἴδῃς
445 2711 560 2747 βοτάνην
576 2712 672 2748 χόρτου
691 2712 738 2739 καὶ
752 2711 833 2745 ἄνθος
854 2706 962 2750 χόρτου,
983 2714 1024 2746 είς

1113 2713 1210 2748 Ejttsd.
1227 2712 1298 2739 hom.
1314 2712 1348 2745 5,
1364 2712 1390 2738 in
1404 2711 1531 2743 "emant.
1545 2725 1580 2729 —
1593 2708 1660 2737 Cum
1680 2708 1792 2735 herbam
1810 2707 1864 2734 feni

233 2759 337 2786 ἔννοιαν
349 2757 432 2795 ἔρχου
443 2759 494 2792 τῆς
504 2757 679 2793 ἀνθρωπίνης
702 2757 821 2791 φύσεως,
851 2759 1024 2795 μεμνημένος

1077 2759 1227 2795 ﬂoremque
1241 2759 1343 2786 videris
1357 2777 1364 2790 ,
1380 2757 1526 2785 humanam
1544 2760 1669 2783 naturam
1685 2755 1774 2789 cogita
1788 2761 1795 2786 ;
1809 2761 1865 2781 me-

233 2803 283 2837 τῆς
300 2803 404 2836 εἰκόνος
418 2803 465 2831 τοῦ
478 2803 560 2838 σοφοῦ
578 2803 701 2835 Ἡσαΐου,
717 2803 850 2835 εἰπόντος,
868 2805 910 2831 ὅτι
924 2814 933 2829 ‹
946 2805 1023 2832 Πᾶσα

1077 2807 1164 2834 moria
1181 2811 1277 2834 tenens
1294 2806 1367 2833 hunc
1386 2805 1520 2840 sapientis
1541 2802 1616 2831 lsaiaz
1633 2801 1862 2832 similitudinem.

235 2848 304 2886 me
330 2849 438 2886 χόρτος,
463 2850 510 2879 καὶ
532 2850 604 2878 πᾶσα
631 2849 694 2883 δόξα
714 2847 858 2885 ἀνθρώπου
887 2849 924 2881 ὡς
944 2850 1022 2883 ἄνθος

1080 2852 1215 2881 dicentis;
1232 2862 1241 2880 ‹
1259 2851 1355 2881 Omnis
1369 2859 1432 2881 caro
1447 2851 1554 2886 fenum,
1569 2855 1596 2880 ct
1610 2851 1698 2879 omnis
1713 2848 1799 2886 gloria
1815 2847 1862 2875 tto.
