  <div class='ocr_page' id='page_1' title='image "/cluster/home/n/w/nwhite01/storage/ocr_20150623/95/njp.32101077772844/567.png"; bbox 0 0 2080 3111; ppageno 0'>
   <div class='ocr_carea' id='block_1_1' title="bbox 180 131 293 190">
    <p class='ocr_par' dir='ltr' id='par_1_1' title="bbox 180 131 293 190">
     <span class='ocr_line' id='line_1_1' title="bbox 180 131 293 190; baseline 0.009 -27"><span class='ocrx_word' id='word_1_1' title='bbox 180 179 184 190; x_wconf 42' lang='lat'><em>.</em></span> <span class='ocrx_word' id='word_1_2' title='bbox 226 131 293 164; x_wconf 77' lang='lat'><strong>1119</strong></span> 
     </span>
    </p>
   </div>
   <div class='ocr_carea' id='block_1_2' title="bbox 803 129 1247 161">
    <p class='ocr_par' dir='ltr' id='par_1_2' title="bbox 803 129 1247 161">
     <span class='ocr_line' id='line_1_2' title="bbox 803 129 1247 161; baseline 0 0"><span class='ocrx_word' id='word_1_3' title='bbox 803 132 832 161; x_wconf 73' lang='grc' dir='ltr'><strong>ς.</strong></span> <span class='ocrx_word' id='word_1_4' title='bbox 855 130 1012 161; x_wconf 70' lang='lat' dir='ltr'><strong>IOANNIS</strong></span> <span class='ocrx_word' id='word_1_5' title='bbox 1031 129 1247 161; x_wconf 65' lang='lat' dir='ltr'><strong>DAMASCENI</strong></span> 
     </span>
    </p>
   </div>
   <div class='ocr_carea' id='block_1_3' title="bbox 1789 129 1857 163">
    <p class='ocr_par' dir='ltr' id='par_1_3' title="bbox 1789 129 1857 163">
     <span class='ocr_line' id='line_1_3' title="bbox 1789 129 1857 163; baseline 0 0"><span class='ocrx_word' id='word_1_6' title='bbox 1789 129 1857 163; x_wconf 65' lang='lat' dir='ltr'><strong>meo</strong></span> 
     </span>
    </p>
   </div>
   <div class='ocr_carea' id='block_1_4' title="bbox 223 188 1029 225">
    <p class='ocr_par' dir='ltr' id='par_1_4' title="bbox 223 188 1012 224">
     <span class='ocr_line' id='line_1_4' title="bbox 223 188 1012 224; baseline -0.005 -7"><span class='ocrx_word' id='word_1_7' title='bbox 223 190 291 217; x_wconf 88' lang='lat' dir='ltr'><strong>mini</strong></span> <span class='ocrx_word' id='word_1_8' title='bbox 316 190 389 217; x_wconf 88' lang='lat' dir='ltr'><strong>sicut</strong></span> <span class='ocrx_word' id='word_1_9' title='bbox 407 189 457 216; x_wconf 83' lang='lat' dir='ltr'><strong>ﬂos</strong></span> <span class='ocrx_word' id='word_1_10' title='bbox 477 188 530 216; x_wconf 80' lang='lat' dir='ltr'><strong>feni</strong></span> <span class='ocrx_word' id='word_1_11' title='bbox 548 188 626 224; x_wconf 73' lang='lat' dir='ltr'><strong>(Isti.</strong></span> <span class='ocrx_word' id='word_1_12' title='bbox 643 196 676 215; x_wconf 73' lang='lat' dir='ltr'><strong>XL</strong></span> <span class='ocrx_word' id='word_1_13' title='bbox 689 209 695 218; x_wconf 81' lang='grc'><strong>,</strong></span> <span class='ocrx_word' id='word_1_14' title='bbox 708 188 753 220; x_wconf 77' lang='grc'><strong>6).</strong></span> <span class='ocrx_word' id='word_1_15' title='bbox 771 197 779 213; x_wconf 74' lang='grc' dir='ltr'><strong>ι</strong></span> <span class='ocrx_word' id='word_1_16' title='bbox 795 188 936 223; x_wconf 87' lang='lat' dir='ltr'><strong>Siquidem</strong></span> <span class='ocrx_word' id='word_1_17' title='bbox 952 188 1012 214; x_wconf 69' lang='lat' dir='ltr'><strong>vitm</strong></span> 
     </span>
    </p>
   </div>
   <div class='ocr_carea' id='block_1_5' title="bbox 1079 188 1858 225">
    <p class='ocr_par' dir='ltr' id='par_1_5' title="bbox 1079 188 1858 225">
     <span class='ocr_line' id='line_1_5' title="bbox 1079 188 1858 225; baseline 0.006 -12"><span class='ocrx_word' id='word_1_18' title='bbox 1079 188 1173 222; x_wconf 56' lang='lat' dir='ltr'><strong>optet).</strong></span> <span class='ocrx_word' id='word_1_19' title='bbox 1187 196 1196 212; x_wconf 85' lang='grc'><strong>›</strong></span> <span class='ocrx_word' id='word_1_20' title='bbox 1212 188 1248 213; x_wconf 87' lang='grc' dir='ltr'>Τὸ</span> <span class='ocrx_word' id='word_1_21' title='bbox 1262 188 1316 224; x_wconf 70' lang='grc' dir='ltr'>γὰρ</span> <span class='ocrx_word' id='word_1_22' title='bbox 1327 188 1509 224; x_wconf 71' lang='grc' dir='ltr'><strong>ὀλιγοχρόνιον</strong></span> <span class='ocrx_word' id='word_1_23' title='bbox 1525 190 1579 225; x_wconf 84' lang='grc' dir='ltr'>τῆς.</span> <span class='ocrx_word' id='word_1_24' title='bbox 1589 189 1673 225; x_wconf 76' lang='grc' dir='ltr'>ζωῆς,</span> <span class='ocrx_word' id='word_1_25' title='bbox 1702 191 1750 217; x_wconf 73' lang='grc' dir='ltr'><strong>καὶ</strong></span> <span class='ocrx_word' id='word_1_26' title='bbox 1777 190 1809 217; x_wconf 80' lang='grc' dir='ltr'><strong>τὸ</strong></span> <span class='ocrx_word' id='word_1_27' title='bbox 1828 192 1858 218; x_wconf 75' lang='grc' dir='ltr'>ἐν</span> 
     </span>
    </p>
   </div>
   <div class='ocr_carea' id='block_1_6' title="bbox 224 233 1012 270">
    <p class='ocr_par' dir='ltr' id='par_1_6' title="bbox 224 233 1012 270">
     <span class='ocr_line' id='line_1_6' title="bbox 224 233 1012 270; baseline -0.006 -7"><span class='ocrx_word' id='word_1_28' title='bbox 224 237 363 268; x_wconf 83' lang='lat' dir='ltr'><strong>brevitas,</strong></span> <span class='ocrx_word' id='word_1_29' title='bbox 384 241 466 270; x_wconf 87' lang='lat' dir='ltr'><strong>atque</strong></span> <span class='ocrx_word' id='word_1_30' title='bbox 488 235 615 261; x_wconf 68' lang='lat' dir='ltr'><strong>humanm.</strong></span> <span class='ocrx_word' id='word_1_31' title='bbox 641 233 783 261; x_wconf 82' lang='lat' dir='ltr'><strong>fclicitatis</strong></span> <span class='ocrx_word' id='word_1_32' title='bbox 812 233 960 261; x_wconf 71' lang='lat' dir='ltr'><strong>alumnitas</strong></span> <span class='ocrx_word' id='word_1_33' title='bbox 986 236 1012 259; x_wconf 88' lang='lat' dir='ltr'><strong>et</strong></span> 
     </span>
    </p>
   </div>
   <div class='ocr_carea' id='block_1_7' title="bbox 225 277 1013 316">
    <p class='ocr_par' dir='ltr' id='par_1_7' title="bbox 225 277 1013 316">
     <span class='ocr_line' id='line_1_7' title="bbox 225 277 1013 316; baseline -0.006 -7"><span class='ocrx_word' id='word_1_34' title='bbox 225 283 320 310; x_wconf 80' lang='lat' dir='ltr'><strong>hctitia</strong></span> <span class='ocrx_word' id='word_1_35' title='bbox 338 282 372 309; x_wconf 90' lang='lat' dir='ltr'><strong>ad</strong></span> <span class='ocrx_word' id='word_1_36' title='bbox 387 282 516 316; x_wconf 78' lang='lat' dir='ltr'><strong>exiguum</strong></span> <span class='ocrx_word' id='word_1_37' title='bbox 538 285 646 315; x_wconf 82' lang='lat' dir='ltr'><strong>tempus</strong></span> <span class='ocrx_word' id='word_1_38' title='bbox 664 288 724 307; x_wconf 85' lang='lat' dir='ltr'><strong>sese</strong></span> <span class='ocrx_word' id='word_1_39' title='bbox 743 279 906 315; x_wconf 77' lang='lat' dir='ltr'><strong>porrigens,</strong></span> <span class='ocrx_word' id='word_1_40' title='bbox 925 277 1013 313; x_wconf 86' lang='lat' dir='ltr'><strong>aptis-</strong></span> 
     </span>
    </p>
   </div>
   <div class='ocr_carea' id='block_1_8' title="bbox 226 323 1014 361">
    <p class='ocr_par' dir='ltr' id='par_1_8' title="bbox 226 323 1014 361">
     <span class='ocr_line' id='line_1_8' title="bbox 226 323 1014 361; baseline -0.005 -6"><span class='ocrx_word' id='word_1_41' title='bbox 226 330 322 356; x_wconf 89' lang='lat' dir='ltr'><strong>simam</strong></span> <span class='ocrx_word' id='word_1_42' title='bbox 340 327 486 361; x_wconf 81' lang='lat' dir='ltr'><strong>imaginem</strong></span> <span class='ocrx_word' id='word_1_43' title='bbox 516 326 587 361; x_wconf 85' lang='lat' dir='ltr'><strong>apud</strong></span> <span class='ocrx_word' id='word_1_44' title='bbox 610 326 771 361; x_wconf 77' lang='lat' dir='ltr'><strong>prophetam</strong></span> <span class='ocrx_word' id='word_1_45' title='bbox 787 329 866 352; x_wconf 85' lang='lat' dir='ltr'><strong>nacta</strong></span> <span class='ocrx_word' id='word_1_46' title='bbox 881 328 934 352; x_wconf 83' lang='lat' dir='ltr'><strong>est.</strong></span> <span class='ocrx_word' id='word_1_47' title='bbox 961 323 1014 356; x_wconf 82' lang='lat' dir='ltr'><strong>Qui</strong></span> 
     </span>
    </p>
   </div>
   <div class='ocr_carea' id='block_1_9' title="bbox 226 371 1015 407">
    <p class='ocr_par' dir='ltr' id='par_1_9' title="bbox 226 371 1015 407">
     <span class='ocr_line' id='line_1_9' title="bbox 226 371 1015 407; baseline -0.006 -6"><span class='ocrx_word' id='word_1_48' title='bbox 226 374 308 401; x_wconf 85' lang='lat' dir='ltr'><strong>hodie</strong></span> <span class='ocrx_word' id='word_1_49' title='bbox 332 372 440 399; x_wconf 88' lang='lat' dir='ltr'><strong>ﬂoremi</strong></span> <span class='ocrx_word' id='word_1_50' title='bbox 455 379 573 407; x_wconf 88' lang='lat' dir='ltr'><strong>corpore</strong></span> <span class='ocrx_word' id='word_1_51' title='bbox 589 376 648 405; x_wconf 83' lang='lat' dir='ltr'><strong>est,</strong></span> <span class='ocrx_word' id='word_1_52' title='bbox 663 372 785 406; x_wconf 85' lang='lat' dir='ltr'><strong>luxuque</strong></span> <span class='ocrx_word' id='word_1_53' title='bbox 809 371 910 398; x_wconf 85' lang='lat' dir='ltr'><strong>obesus</strong></span> <span class='ocrx_word' id='word_1_54' title='bbox 921 390 928 402; x_wconf 91' lang='lat'><strong>,</strong></span> <span class='ocrx_word' id='word_1_55' title='bbox 953 374 1015 397; x_wconf 85' lang='lat' dir='ltr'><strong>cule</strong></span> 
     </span>
    </p>
   </div>
   <div class='ocr_carea' id='block_1_10' title="bbox 227 416 1014 454">
    <p class='ocr_par' dir='ltr' id='par_1_10' title="bbox 227 416 1014 454">
     <span class='ocr_line' id='line_1_10' title="bbox 227 416 1014 454; baseline -0.004 -8"><span class='ocrx_word' id='word_1_56' title='bbox 227 419 341 450; x_wconf 81' lang='lat' dir='ltr'><strong>nitidus.</strong></span> <span class='ocrx_word' id='word_1_57' title='bbox 359 423 472 454; x_wconf 86' lang='lat' dir='ltr'><strong>propter</strong></span> <span class='ocrx_word' id='word_1_58' title='bbox 485 419 574 446; x_wconf 62' lang='lat' dir='ltr'><strong>aetatis</strong></span> <span class='ocrx_word' id='word_1_59' title='bbox 586 418 680 446; x_wconf 85' lang='lat' dir='ltr'><strong>ﬂorem</strong></span> <span class='ocrx_word' id='word_1_60' title='bbox 694 424 808 453; x_wconf 79' lang='lat' dir='ltr'><strong>vegetus</strong></span> <span class='ocrx_word' id='word_1_61' title='bbox 823 421 850 445; x_wconf 89' lang='lat' dir='ltr'><strong>et</strong></span> <span class='ocrx_word' id='word_1_62' title='bbox 867 416 1014 448; x_wconf 87' lang='lat' dir='ltr'><strong>robustus,</strong></span> 
     </span>
    </p>
   </div>
   <div class='ocr_carea' id='block_1_11' title="bbox 227 462 1017 501">
    <p class='ocr_par' dir='ltr' id='par_1_11' title="bbox 227 462 1017 501">
     <span class='ocr_line' id='line_1_11' title="bbox 227 462 1017 501; baseline -0.006 -8"><span class='ocrx_word' id='word_1_63' title='bbox 227 475 259 494; x_wconf 91' lang='lat' dir='ltr'><strong>ac</strong></span> <span class='ocrx_word' id='word_1_64' title='bbox 276 466 357 501; x_wconf 72' lang='lat' dir='ltr'><strong>cuius</strong></span> <span class='ocrx_word' id='word_1_65' title='bbox 371 466 502 501; x_wconf 90' lang='lat' dir='ltr'><strong>impetum</strong></span> <span class='ocrx_word' id='word_1_66' title='bbox 516 465 654 493; x_wconf 84' lang='lat' dir='ltr'><strong>sustinere</strong></span> <span class='ocrx_word' id='word_1_67' title='bbox 667 472 748 492; x_wconf 88' lang='lat' dir='ltr'><strong>nemo</strong></span> <span class='ocrx_word' id='word_1_68' title='bbox 761 464 855 491; x_wconf 78' lang='lat' dir='ltr'><strong>valeat</strong></span> <span class='ocrx_word' id='word_1_69' title='bbox 869 472 876 490; x_wconf 93' lang='lat'><strong>:</strong></span> <span class='ocrx_word' id='word_1_70' title='bbox 892 462 1017 490; x_wconf 88' lang='lat' dir='ltr'><strong>crastino</strong></span> 
     </span>
    </p>
   </div>
   <div class='ocr_carea' id='block_1_12' title="bbox 227 509 1017 546">
    <p class='ocr_par' dir='ltr' id='par_1_12' title="bbox 227 509 1017 546">
     <span class='ocr_line' id='line_1_12' title="bbox 227 509 1017 546; baseline -0.006 -7"><span class='ocrx_word' id='word_1_71' title='bbox 227 512 273 540; x_wconf 86' lang='lat' dir='ltr'><strong>die</strong></span> <span class='ocrx_word' id='word_1_72' title='bbox 291 511 364 539; x_wconf 85' lang='lat' dir='ltr'><strong>idem</strong></span> <span class='ocrx_word' id='word_1_73' title='bbox 382 511 442 546; x_wconf 85' lang='lat' dir='ltr'><strong>ipse</strong></span> <span class='ocrx_word' id='word_1_74' title='bbox 457 511 665 538; x_wconf 76' lang='lat' dir='ltr'><strong>miserationem</strong></span> <span class='ocrx_word' id='word_1_75' title='bbox 682 509 813 537; x_wconf 86' lang='lat' dir='ltr'><strong>omnibus</strong></span> <span class='ocrx_word' id='word_1_76' title='bbox 831 513 939 541; x_wconf 86' lang='lat' dir='ltr'><strong>movet,</strong></span> <span class='ocrx_word' id='word_1_77' title='bbox 966 515 1017 535; x_wconf 88' lang='lat' dir='ltr'><strong>seu</strong></span> 
     </span>
    </p>
   </div>
   <div class='ocr_carea' id='block_1_13' title="bbox 229 550 1018 590">
    <p class='ocr_par' dir='ltr' id='par_1_13' title="bbox 229 550 1018 590">
     <span class='ocr_line' id='line_1_13' title="bbox 229 550 1018 590; baseline -0.005 -5"><span class='ocrx_word' id='word_1_78' title='bbox 229 558 307 585; x_wconf 90' lang='lat' dir='ltr'><strong>senio</strong></span> <span class='ocrx_word' id='word_1_79' title='bbox 324 556 486 590; x_wconf 85' lang='lat' dir='ltr'><strong>confectus,</strong></span> <span class='ocrx_word' id='word_1_80' title='bbox 503 564 552 584; x_wconf 90' lang='lat' dir='ltr'><strong>seu</strong></span> <span class='ocrx_word' id='word_1_81' title='bbox 569 556 667 584; x_wconf 86' lang='lat' dir='ltr'><strong>morbo</strong></span> <span class='ocrx_word' id='word_1_82' title='bbox 681 550 834 590; x_wconf 82' lang='lat' dir='ltr'><strong>collapsus.</strong></span> <span class='ocrx_word' id='word_1_83' title='bbox 854 553 903 581; x_wconf 86' lang='lat' dir='ltr'><strong>Hic</strong></span> <span class='ocrx_word' id='word_1_84' title='bbox 919 561 1018 581; x_wconf 85' lang='lat' dir='ltr'><strong>rursus</strong></span> 
     </span>
    </p>
   </div>
   <div class='ocr_carea' id='block_1_14' title="bbox 229 599 1019 638">
    <p class='ocr_par' dir='ltr' id='par_1_14' title="bbox 229 599 1019 638">
     <span class='ocr_line' id='line_1_14' title="bbox 229 599 1019 638; baseline -0.005 -9"><span class='ocrx_word' id='word_1_85' title='bbox 229 610 313 638; x_wconf 81' lang='lat' dir='ltr'><strong>opum</strong></span> <span class='ocrx_word' id='word_1_86' title='bbox 333 602 412 637; x_wconf 89' lang='lat' dir='ltr'><strong>copia</strong></span> <span class='ocrx_word' id='word_1_87' title='bbox 429 602 598 637; x_wconf 86' lang='lat' dir='ltr'><strong>conspicuus</strong></span> <span class='ocrx_word' id='word_1_88' title='bbox 613 604 655 628; x_wconf 85' lang='lat' dir='ltr'><strong>est</strong></span> <span class='ocrx_word' id='word_1_89' title='bbox 667 620 674 633; x_wconf 90' lang='lat'><strong>,</strong></span> <span class='ocrx_word' id='word_1_90' title='bbox 691 600 866 627; x_wconf 75' lang='lat' dir='ltr'><strong>adulatorum</strong></span> <span class='ocrx_word' id='word_1_91' title='bbox 889 599 1019 635; x_wconf 76' lang='lat' dir='ltr'><strong>gregibus</strong></span> 
     </span>
    </p>
   </div>
   <div class='ocr_carea' id='block_1_15' title="bbox 230 645 1020 681">
    <p class='ocr_par' dir='ltr' id='par_1_15' title="bbox 230 645 1020 681">
     <span class='ocr_line' id='line_1_15' title="bbox 230 645 1020 681; baseline -0.006 -6"><span class='ocrx_word' id='word_1_92' title='bbox 230 647 340 676; x_wconf 89' lang='lat' dir='ltr'><strong>cinctus</strong></span> <span class='ocrx_word' id='word_1_93' title='bbox 351 668 358 680; x_wconf 86' lang='lat'><strong>,</strong></span> <span class='ocrx_word' id='word_1_94' title='bbox 375 648 502 675; x_wconf 81' lang='lat' dir='ltr'><strong>lictorum</strong></span> <span class='ocrx_word' id='word_1_95' title='bbox 519 647 674 674; x_wconf 83' lang='lat' dir='ltr'><strong>amicorum</strong></span> <span class='ocrx_word' id='word_1_96' title='bbox 691 646 808 681; x_wconf 78' lang='lat' dir='ltr'><strong>gratiam</strong></span> <span class='ocrx_word' id='word_1_97' title='bbox 829 645 916 680; x_wconf 87' lang='lat' dir='ltr'><strong>ipsius</strong></span> <span class='ocrx_word' id='word_1_98' title='bbox 936 652 1020 671; x_wconf 87' lang='lat' dir='ltr'><strong>aucu-</strong></span> 
     </span>
    </p>
   </div>
   <div class='ocr_carea' id='block_1_16' title="bbox 230 690 1020 728">
    <p class='ocr_par' dir='ltr' id='par_1_16' title="bbox 230 690 1020 728">
     <span class='ocr_line' id='line_1_16' title="bbox 230 690 1020 728; baseline -0.003 -9"><span class='ocrx_word' id='word_1_99' title='bbox 230 692 356 728; x_wconf 89' lang='lat' dir='ltr'><strong>pantium</strong></span> <span class='ocrx_word' id='word_1_100' title='bbox 373 693 506 720; x_wconf 83' lang='lat' dir='ltr'><strong>satellitio</strong></span> <span class='ocrx_word' id='word_1_101' title='bbox 521 693 642 727; x_wconf 86' lang='lat' dir='ltr'><strong>stipatus</strong></span> <span class='ocrx_word' id='word_1_102' title='bbox 654 712 661 723; x_wconf 92' lang='lat'><strong>,</strong></span> <span class='ocrx_word' id='word_1_103' title='bbox 681 690 875 726; x_wconf 86' lang='lat' dir='ltr'><strong>frequentibus</strong></span> <span class='ocrx_word' id='word_1_104' title='bbox 895 690 1020 725; x_wconf 79' lang='lat' dir='ltr'><strong>cognatis</strong></span> 
     </span>
    </p>
   </div>
   <div class='ocr_carea' id='block_1_17' title="bbox 231 737 1022 772">
    <p class='ocr_par' dir='ltr' id='par_1_17' title="bbox 231 737 1022 772">
     <span class='ocr_line' id='line_1_17' title="bbox 231 737 1022 772; baseline -0.004 -7"><span class='ocrx_word' id='word_1_105' title='bbox 231 738 321 772; x_wconf 86' lang='lat' dir='ltr'><strong>iisque</strong></span> <span class='ocrx_word' id='word_1_106' title='bbox 334 737 472 765; x_wconf 80' lang='lat' dir='ltr'><strong>simulatis</strong></span> <span class='ocrx_word' id='word_1_107' title='bbox 481 759 487 770; x_wconf 86' lang='lat'><strong>,</strong></span> <span class='ocrx_word' id='word_1_108' title='bbox 499 741 525 764; x_wconf 88' lang='lat' dir='ltr'><strong>et</strong></span> <span class='ocrx_word' id='word_1_109' title='bbox 540 737 736 764; x_wconf 88' lang='lat' dir='ltr'><strong>innumerabili</strong></span> <span class='ocrx_word' id='word_1_110' title='bbox 748 737 915 764; x_wconf 88' lang='lat' dir='ltr'><strong>asseclarum</strong></span> <span class='ocrx_word' id='word_1_111' title='bbox 927 737 1022 763; x_wconf 76' lang='lat' dir='ltr'><strong>exani-</strong></span> 
     </span>
    </p>
   </div>
   <div class='ocr_carea' id='block_1_18' title="bbox 231 783 1022 819">
    <p class='ocr_par' dir='ltr' id='par_1_18' title="bbox 231 783 1022 819">
     <span class='ocr_line' id='line_1_18' title="bbox 231 783 1022 819; baseline -0.001 -9"><span class='ocrx_word' id='word_1_112' title='bbox 231 792 275 811; x_wconf 89' lang='lat' dir='ltr'><strong>me</strong></span> <span class='ocrx_word' id='word_1_113' title='bbox 285 806 292 816; x_wconf 86' lang='lat'><strong>,</strong></span> <span class='ocrx_word' id='word_1_114' title='bbox 306 785 368 819; x_wconf 85' lang='lat' dir='ltr'><strong>qui,</strong></span> <span class='ocrx_word' id='word_1_115' title='bbox 385 789 441 812; x_wconf 92' lang='lat' dir='ltr'><strong>tum</strong></span> <span class='ocrx_word' id='word_1_116' title='bbox 456 784 546 812; x_wconf 91' lang='lat' dir='ltr'><strong>victus</strong></span> <span class='ocrx_word' id='word_1_117' title='bbox 560 792 644 811; x_wconf 88' lang='lat' dir='ltr'><strong>causa</strong></span> <span class='ocrx_word' id='word_1_118' title='bbox 655 803 663 816; x_wconf 90' lang='lat'><strong>,</strong></span> <span class='ocrx_word' id='word_1_119' title='bbox 682 788 738 810; x_wconf 91' lang='lat' dir='ltr'><strong>tum</strong></span> <span class='ocrx_word' id='word_1_120' title='bbox 753 783 788 810; x_wconf 89' lang='lat' dir='ltr'><strong>ob</strong></span> <span class='ocrx_word' id='word_1_121' title='bbox 804 783 873 810; x_wconf 90' lang='lat' dir='ltr'><strong>alios</strong></span> <span class='ocrx_word' id='word_1_122' title='bbox 887 791 954 810; x_wconf 83' lang='lat' dir='ltr'><strong>usus</strong></span> <span class='ocrx_word' id='word_1_123' title='bbox 970 783 1022 817; x_wconf 87' lang='lat' dir='ltr'><strong>ipsi</strong></span> 
     </span>
    </p>
   </div>
   <div class='ocr_carea' id='block_1_19' title="bbox 231 828 1021 866">
    <p class='ocr_par' dir='ltr' id='par_1_19' title="bbox 231 828 1021 866">
     <span class='ocr_line' id='line_1_19' title="bbox 231 828 1021 866; baseline -0.004 -8"><span class='ocrx_word' id='word_1_124' title='bbox 231 831 372 858; x_wconf 79' lang='lat' dir='ltr'><strong>a:lh:crent</strong></span> <span class='ocrx_word' id='word_1_125' title='bbox 387 840 394 858; x_wconf 88' lang='lat'>:</span> <span class='ocrx_word' id='word_1_126' title='bbox 413 838 485 866; x_wconf 89' lang='lat' dir='ltr'><strong>quos</strong></span> <span class='ocrx_word' id='word_1_127' title='bbox 503 831 567 858; x_wconf 92' lang='lat' dir='ltr'><strong>dum</strong></span> <span class='ocrx_word' id='word_1_128' title='bbox 580 850 587 862; x_wconf 91' lang='lat'><strong>,</strong></span> <span class='ocrx_word' id='word_1_129' title='bbox 606 830 665 857; x_wconf 85' lang='lat' dir='ltr'><strong>sive</strong></span> <span class='ocrx_word' id='word_1_130' title='bbox 684 830 711 857; x_wconf 91' lang='lat' dir='ltr'><strong>in</strong></span> <span class='ocrx_word' id='word_1_131' title='bbox 729 830 868 863; x_wconf 90' lang='lat' dir='ltr'><strong>publicum</strong></span> <span class='ocrx_word' id='word_1_132' title='bbox 886 828 1021 864; x_wconf 82' lang='lat' dir='ltr'><strong>prodeat,</strong></span> 
     </span>
    </p>
   </div>
   <div class='ocr_carea' id='block_1_20' title="bbox 232 872 1060 908">
    <p class='ocr_par' dir='ltr' id='par_1_20' title="bbox 232 872 1060 908">
     <span class='ocr_line' id='line_1_20' title="bbox 232 872 1060 908; baseline -0.004 -4"><span class='ocrx_word' id='word_1_133' title='bbox 232 878 291 904; x_wconf 87' lang='lat' dir='ltr'><strong>sive</strong></span> <span class='ocrx_word' id='word_1_134' title='bbox 306 876 418 904; x_wconf 88' lang='lat' dir='ltr'><strong>domum</strong></span> <span class='ocrx_word' id='word_1_135' title='bbox 435 879 602 908; x_wconf 87' lang='lat' dir='ltr'><strong>revertatur,</strong></span> <span class='ocrx_word' id='word_1_136' title='bbox 620 883 713 903; x_wconf 86' lang='lat' dir='ltr'><strong>secum</strong></span> <span class='ocrx_word' id='word_1_137' title='bbox 729 875 833 907; x_wconf 85' lang='lat' dir='ltr'><strong>trahit,</strong></span> <span class='ocrx_word' id='word_1_138' title='bbox 851 875 1022 902; x_wconf 86' lang='lat' dir='ltr'><strong>invidiosum</strong></span> <span class='ocrx_word' id='word_1_139' title='bbox 1039 872 1060 899; x_wconf 84' lang='grc' dir='ltr'><strong>Β</strong></span> 
     </span>
    </p>
   </div>
   <div class='ocr_carea' id='block_1_21' title="bbox 232 921 1025 957">
    <p class='ocr_par' dir='ltr' id='par_1_21' title="bbox 232 921 1025 957">
     <span class='ocr_line' id='line_1_21' title="bbox 232 921 1025 957; baseline -0.003 -7"><span class='ocrx_word' id='word_1_140' title='bbox 232 931 263 950; x_wconf 91' lang='lat' dir='ltr'><strong>se</strong></span> <span class='ocrx_word' id='word_1_141' title='bbox 277 923 332 950; x_wconf 89' lang='lat' dir='ltr'><strong>illis</strong></span> <span class='ocrx_word' id='word_1_142' title='bbox 347 924 452 957; x_wconf 67' lang='lat' dir='ltr'><strong>prtebct</strong></span> <span class='ocrx_word' id='word_1_143' title='bbox 463 942 470 954; x_wconf 88' lang='lat'><strong>,</strong></span> <span class='ocrx_word' id='word_1_144' title='bbox 486 922 651 957; x_wconf 75' lang='lat' dir='ltr'><strong>quibuscum</strong></span> <span class='ocrx_word' id='word_1_145' title='bbox 667 926 805 950; x_wconf 81' lang='lat' dir='ltr'><strong>versatur.</strong></span> <span class='ocrx_word' id='word_1_146' title='bbox 824 921 896 954; x_wconf 85' lang='lat' dir='ltr'><strong>Quin</strong></span> <span class='ocrx_word' id='word_1_147' title='bbox 910 925 938 949; x_wconf 88' lang='lat' dir='ltr'><strong>et</strong></span> <span class='ocrx_word' id='word_1_148' title='bbox 954 921 1025 949; x_wconf 82' lang='lat' dir='ltr'><strong>divi-</strong></span> 
     </span>
    </p>
   </div>
   <div class='ocr_carea' id='block_1_22' title="bbox 233 966 1025 1003">
    <p class='ocr_par' dir='ltr' id='par_1_22' title="bbox 233 966 1025 1003">
     <span class='ocr_line' id='line_1_22' title="bbox 233 966 1025 1003; baseline -0.003 -8"><span class='ocrx_word' id='word_1_149' title='bbox 233 968 280 995; x_wconf 90' lang='lat' dir='ltr'><strong>tiis</strong></span> <span class='ocrx_word' id='word_1_150' title='bbox 300 972 465 1003; x_wconf 88' lang='lat' dir='ltr'><strong>potestatem</strong></span> <span class='ocrx_word' id='word_1_151' title='bbox 486 967 635 1002; x_wconf 82' lang='lat' dir='ltr'><strong>quamdam</strong></span> <span class='ocrx_word' id='word_1_152' title='bbox 656 967 766 994; x_wconf 87' lang='lat' dir='ltr'><strong>civilem</strong></span> <span class='ocrx_word' id='word_1_153' title='bbox 786 966 922 1002; x_wconf 72' lang='lat' dir='ltr'><strong>adiunge,</strong></span> <span class='ocrx_word' id='word_1_154' title='bbox 943 970 1025 1001; x_wconf 86' lang='lat' dir='ltr'><strong>atque</strong></span> 
     </span>
    </p>
   </div>
   <div class='ocr_carea' id='block_1_23' title="bbox 233 1012 1024 1048">
    <p class='ocr_par' dir='ltr' id='par_1_23' title="bbox 233 1012 1024 1048">
     <span class='ocr_line' id='line_1_23' title="bbox 233 1012 1024 1048; baseline 0.001 -9"><span class='ocrx_word' id='word_1_155' title='bbox 233 1012 355 1041; x_wconf 81' lang='lat' dir='ltr'><strong>honores</strong></span> <span class='ocrx_word' id='word_1_156' title='bbox 380 1013 482 1048; x_wconf 88' lang='lat' dir='ltr'><strong>quibus</strong></span> <span class='ocrx_word' id='word_1_157' title='bbox 508 1017 634 1041; x_wconf 43' lang='lat' dir='ltr'><strong>ornetur‘</strong></span> <span class='ocrx_word' id='word_1_158' title='bbox 650 1013 696 1040; x_wconf 91' lang='lat' dir='ltr'><strong>ille</strong></span> <span class='ocrx_word' id='word_1_159' title='bbox 725 1012 761 1040; x_wconf 90' lang='lat' dir='ltr'><strong>ab</strong></span> <span class='ocrx_word' id='word_1_160' title='bbox 785 1012 1001 1047; x_wconf 83' lang='lat' dir='ltr'><strong>imperatoribus</strong></span> <span class='ocrx_word' id='word_1_161' title='bbox 1016 1031 1024 1044; x_wconf 91' lang='lat'><strong>,</strong></span> 
     </span>
    </p>
   </div>
   <div class='ocr_carea' id='block_1_24' title="bbox 233 1058 1027 1093">
    <p class='ocr_par' dir='ltr' id='par_1_24' title="bbox 233 1058 1027 1093">
     <span class='ocr_line' id='line_1_24' title="bbox 233 1058 1027 1093; baseline 0 -8"><span class='ocrx_word' id='word_1_162' title='bbox 233 1058 316 1093; x_wconf 79' lang='lat'><strong>319</strong></span> <span class='ocrx_word' id='word_1_163' title='bbox 332 1059 374 1086; x_wconf 91' lang='lat' dir='ltr'><strong>vel</strong></span> <span class='ocrx_word' id='word_1_164' title='bbox 402 1058 609 1093; x_wconf 84' lang='lat' dir='ltr'><strong>provinciarum</strong></span> <span class='ocrx_word' id='word_1_165' title='bbox 635 1058 816 1093; x_wconf 74' lang='lat' dir='ltr'><strong>przefecturas</strong></span> <span class='ocrx_word' id='word_1_166' title='bbox 829 1078 836 1091; x_wconf 89' lang='lat'><strong>,</strong></span> <span class='ocrx_word' id='word_1_167' title='bbox 858 1062 906 1085; x_wconf 90' lang='lat' dir='ltr'><strong>aut</strong></span> <span class='ocrx_word' id='word_1_168' title='bbox 923 1059 1027 1085; x_wconf 85' lang='lat' dir='ltr'><strong>milita-</strong></span> 
     </span>
    </p>
   </div>
   <div class='ocr_carea' id='block_1_25' title="bbox 233 1105 1017 1140">
    <p class='ocr_par' dir='ltr' id='par_1_25' title="bbox 233 1105 1017 1140">
     <span class='ocr_line' id='line_1_25' title="bbox 233 1105 1017 1140; baseline 0 -8"><span class='ocrx_word' id='word_1_169' title='bbox 233 1106 307 1132; x_wconf 84' lang='lat' dir='ltr'><strong>rin-n</strong></span> <span class='ocrx_word' id='word_1_170' title='bbox 329 1105 472 1140; x_wconf 83' lang='lat' dir='ltr'><strong>copiarum</strong></span> <span class='ocrx_word' id='word_1_171' title='bbox 495 1105 659 1140; x_wconf 89' lang='lat' dir='ltr'><strong>imperium,</strong></span> <span class='ocrx_word' id='word_1_172' title='bbox 683 1112 836 1140; x_wconf 69' lang='lat' dir='ltr'><strong>przeconem</strong></span> <span class='ocrx_word' id='word_1_173' title='bbox 860 1109 921 1132; x_wconf 86' lang='lat' dir='ltr'><strong>ante</strong></span> <span class='ocrx_word' id='word_1_174' title='bbox 944 1113 1017 1138; x_wconf 89' lang='lat' dir='ltr'><strong>cum,</strong></span> 
     </span>
    </p>
   </div>
   <div class='ocr_carea' id='block_1_26' title="bbox 235 1149 1026 1186">
    <p class='ocr_par' dir='ltr' id='par_1_26' title="bbox 235 1149 1026 1186">
     <span class='ocr_line' id='line_1_26' title="bbox 235 1149 1026 1186; baseline 0.001 -9"><span class='ocrx_word' id='word_1_175' title='bbox 235 1150 347 1178; x_wconf 82' lang='lat' dir='ltr'><strong>lictores</strong></span> <span class='ocrx_word' id='word_1_176' title='bbox 363 1157 425 1177; x_wconf 88' lang='lat' dir='ltr'><strong>cum</strong></span> <span class='ocrx_word' id='word_1_177' title='bbox 443 1149 567 1178; x_wconf 81' lang='lat' dir='ltr'><strong>fascibus</strong></span> <span class='ocrx_word' id='word_1_178' title='bbox 582 1150 647 1177; x_wconf 92' lang='lat' dir='ltr'><strong>hinc</strong></span> <span class='ocrx_word' id='word_1_179' title='bbox 662 1154 689 1177; x_wconf 83' lang='lat' dir='ltr'><strong>et</strong></span> <span class='ocrx_word' id='word_1_180' title='bbox 708 1150 784 1177; x_wconf 89' lang='lat' dir='ltr'><strong>illinc</strong></span> <span class='ocrx_word' id='word_1_181' title='bbox 798 1150 964 1186; x_wconf 81' lang='lat' dir='ltr'><strong>gravissimo</strong></span> <span class='ocrx_word' id='word_1_182' title='bbox 979 1158 1026 1178; x_wconf 87' lang='lat' dir='ltr'><strong>eos</strong></span> 
     </span>
    </p>
   </div>
   <div class='ocr_carea' id='block_1_27' title="bbox 234 1196 1026 1232">
    <p class='ocr_par' dir='ltr' id='par_1_27' title="bbox 234 1196 1026 1232">
     <span class='ocr_line' id='line_1_27' title="bbox 234 1196 1026 1232; baseline 0 -10"><span class='ocrx_word' id='word_1_183' title='bbox 234 1196 337 1231; x_wconf 89' lang='lat' dir='ltr'><strong>quibus</strong></span> <span class='ocrx_word' id='word_1_184' title='bbox 355 1197 448 1231; x_wconf 73' lang='lat' dir='ltr'><strong>prmsit</strong></span> <span class='ocrx_word' id='word_1_185' title='bbox 460 1216 467 1227; x_wconf 91' lang='lat'><strong>,</strong></span> <span class='ocrx_word' id='word_1_186' title='bbox 489 1201 595 1224; x_wconf 87' lang='lat' dir='ltr'><strong>terrore</strong></span> <span class='ocrx_word' id='word_1_187' title='bbox 619 1196 796 1224; x_wconf 88' lang='lat' dir='ltr'><strong>inccssantes</strong></span> <span class='ocrx_word' id='word_1_188' title='bbox 808 1217 816 1230; x_wconf 91' lang='lat'><strong>,</strong></span> <span class='ocrx_word' id='word_1_189' title='bbox 837 1196 944 1232; x_wconf 84' lang='lat' dir='ltr'><strong>plagis,</strong></span> <span class='ocrx_word' id='word_1_190' title='bbox 961 1204 1026 1232; x_wconf 89' lang='lat' dir='ltr'><strong>pro-</strong></span> 
     </span>
    </p>
   </div>
   <div class='ocr_carea' id='block_1_28' title="bbox 235 1242 1026 1278">
    <p class='ocr_par' dir='ltr' id='par_1_28' title="bbox 235 1242 1026 1278">
     <span class='ocr_line' id='line_1_28' title="bbox 235 1242 1026 1278; baseline 0.001 -9"><span class='ocrx_word' id='word_1_191' title='bbox 235 1242 438 1278; x_wconf 86' lang='lat' dir='ltr'><strong>scriptionibus</strong></span> <span class='ocrx_word' id='word_1_192' title='bbox 451 1242 586 1269; x_wconf 90' lang='lat' dir='ltr'><strong>bonorum</strong></span> <span class='ocrx_word' id='word_1_193' title='bbox 599 1263 605 1274; x_wconf 85' lang='lat'><strong>,</strong></span> <span class='ocrx_word' id='word_1_194' title='bbox 620 1242 843 1277; x_wconf 79' lang='lat' dir='ltr'><strong>abreptionibus.</strong></span> <span class='ocrx_word' id='word_1_195' title='bbox 856 1242 1026 1272; x_wconf 87' lang='lat' dir='ltr'><strong>carceribus.</strong></span> 
     </span>
    </p>
   </div>
   <div class='ocr_carea' id='block_1_29' title="bbox 232 1287 1027 1323">
    <p class='ocr_par' dir='ltr' id='par_1_29' title="bbox 232 1287 1027 1323">
     <span class='ocr_line' id='line_1_29' title="bbox 232 1287 1027 1323; baseline -0.004 -6"><span class='ocrx_word' id='word_1_196' title='bbox 232 1296 266 1317; x_wconf 72' lang='lat' dir='ltr'><strong>ex</strong></span> <span class='ocrx_word' id='word_1_197' title='bbox 283 1288 384 1323; x_wconf 86' lang='lat' dir='ltr'><strong>quibus</strong></span> <span class='ocrx_word' id='word_1_198' title='bbox 403 1287 596 1315; x_wconf 85' lang='lat' dir='ltr'><strong>intolerandus</strong></span> <span class='ocrx_word' id='word_1_199' title='bbox 612 1288 724 1322; x_wconf 89' lang='lat' dir='ltr'><strong>quidam</strong></span> <span class='ocrx_word' id='word_1_200' title='bbox 744 1287 862 1316; x_wconf 89' lang='lat' dir='ltr'><strong>subditis</strong></span> <span class='ocrx_word' id='word_1_201' title='bbox 878 1291 966 1315; x_wconf 89' lang='lat' dir='ltr'><strong>metus</strong></span> <span class='ocrx_word' id='word_1_202' title='bbox 981 1296 1027 1314; x_wconf 87' lang='lat' dir='ltr'><strong>cu-</strong></span> 
     </span>
    </p>
   </div>
   <div class='ocr_carea' id='block_1_30' title="bbox 235 1332 1027 1368">
    <p class='ocr_par' dir='ltr' id='par_1_30' title="bbox 235 1332 1027 1368">
     <span class='ocr_line' id='line_1_30' title="bbox 235 1332 1027 1368; baseline -0.001 -8"><span class='ocrx_word' id='word_1_203' title='bbox 235 1335 365 1361; x_wconf 86' lang='lat' dir='ltr'><strong>muletur.</strong></span> <span class='ocrx_word' id='word_1_204' title='bbox 383 1333 454 1366; x_wconf 87' lang='lat' dir='ltr'><strong>Quid</strong></span> <span class='ocrx_word' id='word_1_205' title='bbox 470 1341 535 1360; x_wconf 86' lang='lat' dir='ltr'><strong>vero</strong></span> <span class='ocrx_word' id='word_1_206' title='bbox 554 1333 692 1368; x_wconf 85' lang='lat' dir='ltr'><strong>posthac?</strong></span> <span class='ocrx_word' id='word_1_207' title='bbox 708 1341 762 1360; x_wconf 89' lang='lat' dir='ltr'><strong>una</strong></span> <span class='ocrx_word' id='word_1_208' title='bbox 780 1341 850 1365; x_wconf 82' lang='lat' dir='ltr'><strong>nox,</strong></span> <span class='ocrx_word' id='word_1_209' title='bbox 869 1332 952 1361; x_wconf 80' lang='lat' dir='ltr'><strong>febris</strong></span> <span class='ocrx_word' id='word_1_210' title='bbox 974 1341 1027 1360; x_wconf 89' lang='lat' dir='ltr'><strong>una</strong></span> 
     </span>
    </p>
   </div>
   <div class='ocr_carea' id='block_1_31' title="bbox 237 1379 1026 1414">
    <p class='ocr_par' dir='ltr' id='par_1_31' title="bbox 237 1379 1026 1414">
     <span class='ocr_line' id='line_1_31' title="bbox 237 1379 1026 1414; baseline 0.001 -8"><span class='ocrx_word' id='word_1_211' title='bbox 237 1384 285 1407; x_wconf 91' lang='lat' dir='ltr'><strong>aut</strong></span> <span class='ocrx_word' id='word_1_212' title='bbox 309 1379 404 1407; x_wconf 85' lang='lat' dir='ltr'><strong>lateris</strong></span> <span class='ocrx_word' id='word_1_213' title='bbox 430 1379 520 1412; x_wconf 83' lang='lat' dir='ltr'><strong>dolor,</strong></span> <span class='ocrx_word' id='word_1_214' title='bbox 544 1384 592 1406; x_wconf 89' lang='lat' dir='ltr'><strong>aut</strong></span> <span class='ocrx_word' id='word_1_215' title='bbox 617 1379 757 1414; x_wconf 91' lang='lat' dir='ltr'><strong>pulmonis</strong></span> <span class='ocrx_word' id='word_1_216' title='bbox 772 1379 973 1413; x_wconf 84' lang='lat' dir='ltr'><strong>inﬂammatio,</strong></span> <span class='ocrx_word' id='word_1_217' title='bbox 992 1388 1026 1407; x_wconf 86' lang='lat' dir='ltr'><strong>ex</strong></span> 
     </span>
    </p>
   </div>
   <div class='ocr_carea' id='block_1_32' title="bbox 238 1424 1027 1460">
    <p class='ocr_par' dir='ltr' id='par_1_32' title="bbox 238 1424 1027 1460">
     <span class='ocr_line' id='line_1_32' title="bbox 238 1424 1027 1460; baseline -0.003 -7"><span class='ocrx_word' id='word_1_218' title='bbox 238 1426 380 1454; x_wconf 88' lang='lat' dir='ltr'><strong>hominum</strong></span> <span class='ocrx_word' id='word_1_219' title='bbox 395 1430 468 1453; x_wconf 70' lang='lat' dir='ltr'><strong>cmtu</strong></span> <span class='ocrx_word' id='word_1_220' title='bbox 484 1425 560 1452; x_wconf 90' lang='lat' dir='ltr'><strong>illum</strong></span> <span class='ocrx_word' id='word_1_221' title='bbox 575 1425 694 1460; x_wconf 82' lang='lat' dir='ltr'><strong>abripit,</strong></span> <span class='ocrx_word' id='word_1_222' title='bbox 711 1425 840 1459; x_wconf 88' lang='lat' dir='ltr'><strong>onmique</strong></span> <span class='ocrx_word' id='word_1_223' title='bbox 854 1424 901 1452; x_wconf 89' lang='lat' dir='ltr'><strong>illo</strong></span> <span class='ocrx_word' id='word_1_224' title='bbox 916 1429 1027 1457; x_wconf 87' lang='lat' dir='ltr'><strong>ornatu,</strong></span> 
     </span>
    </p>
   </div>
   <div class='ocr_carea' id='block_1_33' title="bbox 237 1471 1028 1507">
    <p class='ocr_par' dir='ltr' id='par_1_33' title="bbox 237 1471 1028 1507">
     <span class='ocr_line' id='line_1_33' title="bbox 237 1471 1028 1507; baseline -0.003 -8"><span class='ocrx_word' id='word_1_225' title='bbox 237 1479 319 1507; x_wconf 84' lang='lat' dir='ltr'><strong>quem</strong></span> <span class='ocrx_word' id='word_1_226' title='bbox 336 1471 409 1499; x_wconf 88' lang='lat' dir='ltr'><strong>velut</strong></span> <span class='ocrx_word' id='word_1_227' title='bbox 427 1471 454 1498; x_wconf 96' lang='lat' dir='ltr'><strong>in</strong></span> <span class='ocrx_word' id='word_1_228' title='bbox 475 1479 558 1498; x_wconf 87' lang='lat' dir='ltr'><strong>scena</strong></span> <span class='ocrx_word' id='word_1_229' title='bbox 576 1471 705 1506; x_wconf 78' lang='lat' dir='ltr'><strong>gerebat,</strong></span> <span class='ocrx_word' id='word_1_230' title='bbox 726 1477 837 1505; x_wconf 86' lang='lat' dir='ltr'><strong>repente</strong></span> <span class='ocrx_word' id='word_1_231' title='bbox 856 1471 957 1505; x_wconf 86' lang='lat' dir='ltr'><strong>spoliat</strong></span> <span class='ocrx_word' id='word_1_232' title='bbox 973 1480 979 1498; x_wconf 92' lang='lat'><strong>:</strong></span> <span class='ocrx_word' id='word_1_233' title='bbox 999 1475 1028 1497; x_wconf 89' lang='lat' dir='ltr'><strong>ut</strong></span> 
     </span>
    </p>
   </div>
   <div class='ocr_carea' id='block_1_34' title="bbox 238 1516 1026 1551">
    <p class='ocr_par' dir='ltr' id='par_1_34' title="bbox 238 1516 1026 1551">
     <span class='ocr_line' id='line_1_34' title="bbox 238 1516 1026 1551; baseline 0.004 -8"><span class='ocrx_word' id='word_1_234' title='bbox 238 1524 270 1544; x_wconf 89' lang='lat' dir='ltr'><strong>ea</strong></span> <span class='ocrx_word' id='word_1_235' title='bbox 290 1517 376 1551; x_wconf 86' lang='lat' dir='ltr'><strong>gloria</strong></span> <span class='ocrx_word' id='word_1_236' title='bbox 394 1516 503 1544; x_wconf 91' lang='lat' dir='ltr'><strong>somnio</strong></span> <span class='ocrx_word' id='word_1_237' title='bbox 527 1516 626 1544; x_wconf 90' lang='lat' dir='ltr'><strong>similis</strong></span> <span class='ocrx_word' id='word_1_238' title='bbox 650 1523 713 1544; x_wconf 85' lang='lat' dir='ltr'><strong>esse</strong></span> <span class='ocrx_word' id='word_1_239' title='bbox 734 1517 933 1551; x_wconf 84' lang='lat' dir='ltr'><strong>compcriatur.</strong></span> <span class='ocrx_word' id='word_1_240' title='bbox 951 1518 1026 1551; x_wconf 84' lang='lat' dir='ltr'><strong>Quo-</strong></span> 
     </span>
    </p>
   </div>
   <div class='ocr_carea' id='block_1_35' title="bbox 239 1561 1025 1597">
    <p class='ocr_par' dir='ltr' id='par_1_35' title="bbox 239 1561 1025 1597">
     <span class='ocr_line' id='line_1_35' title="bbox 239 1561 1025 1597; baseline 0.003 -8"><span class='ocrx_word' id='word_1_241' title='bbox 239 1563 314 1590; x_wconf 82' lang='lat' dir='ltr'><strong>circa</strong></span> <span class='ocrx_word' id='word_1_242' title='bbox 327 1570 382 1590; x_wconf 93' lang='lat' dir='ltr'><strong>non</strong></span> <span class='ocrx_word' id='word_1_243' title='bbox 401 1562 539 1590; x_wconf 84' lang='lat' dir='ltr'><strong>immerito</strong></span> <span class='ocrx_word' id='word_1_244' title='bbox 553 1561 692 1597; x_wconf 71' lang='lat' dir='ltr'><strong>prophetae</strong></span> <span class='ocrx_word' id='word_1_245' title='bbox 715 1562 880 1593; x_wconf 87' lang='lat' dir='ltr'><strong>mandatum</strong></span> <span class='ocrx_word' id='word_1_246' title='bbox 910 1568 969 1597; x_wconf 81' lang='lat' dir='ltr'><strong>est,</strong></span> <span class='ocrx_word' id='word_1_247' title='bbox 996 1569 1025 1591; x_wconf 91' lang='lat' dir='ltr'><strong>ut</strong></span> 
     </span>
    </p>
   </div>
   <div class='ocr_carea' id='block_1_36' title="bbox 240 1607 1028 1644">
    <p class='ocr_par' dir='ltr' id='par_1_36' title="bbox 240 1607 1028 1644">
     <span class='ocr_line' id='line_1_36' title="bbox 240 1607 1028 1644; baseline 0.003 -10"><span class='ocrx_word' id='word_1_248' title='bbox 240 1608 387 1636; x_wconf 79' lang='lat' dir='ltr'><strong>humanam</strong></span> <span class='ocrx_word' id='word_1_249' title='bbox 406 1612 534 1635; x_wconf 87' lang='lat' dir='ltr'><strong>naturam</strong></span> <span class='ocrx_word' id='word_1_250' title='bbox 550 1616 613 1635; x_wconf 90' lang='lat' dir='ltr'><strong>cum</strong></span> <span class='ocrx_word' id='word_1_251' title='bbox 633 1607 813 1636; x_wconf 89' lang='lat' dir='ltr'><strong>imbecilliori</strong></span> <span class='ocrx_word' id='word_1_252' title='bbox 831 1608 897 1636; x_wconf 90' lang='lat' dir='ltr'><strong>ﬂore</strong></span> <span class='ocrx_word' id='word_1_253' title='bbox 916 1616 1028 1644; x_wconf 90' lang='lat' dir='ltr'><strong>compa-</strong></span> 
     </span>
    </p>
   </div>
   <div class='ocr_carea' id='block_1_37' title="bbox 240 1658 324 1683">
    <p class='ocr_par' dir='ltr' id='par_1_37' title="bbox 240 1658 324 1683">
     <span class='ocr_line' id='line_1_37' title="bbox 240 1658 324 1683; baseline 0.036 -3"><span class='ocrx_word' id='word_1_254' title='bbox 240 1658 324 1683; x_wconf 88' lang='lat' dir='ltr'><strong>raret.</strong></span> 
     </span>
    </p>
   </div>
   <div class='ocr_carea' id='block_1_38' title="bbox 276 1697 1029 1734">
    <p class='ocr_par' dir='ltr' id='par_1_38' title="bbox 276 1697 1029 1734">
     <span class='ocr_line' id='line_1_38' title="bbox 276 1697 1029 1734; baseline 0.001 -8"><span class='ocrx_word' id='word_1_255' title='bbox 276 1699 385 1734; x_wconf 74' lang='lat' dir='ltr'><strong>Ejusd.,</strong></span> <span class='ocrx_word' id='word_1_256' title='bbox 399 1699 470 1726; x_wconf 79' lang='lat' dir='ltr'><strong>liam.</strong></span> <span class='ocrx_word' id='word_1_257' title='bbox 481 1698 509 1730; x_wconf 82' lang='lat'><strong>6.</strong></span> <span class='ocrx_word' id='word_1_258' title='bbox 523 1699 549 1726; x_wconf 81' lang='lat' dir='ltr'><strong>in</strong></span> <span class='ocrx_word' id='word_1_259' title='bbox 567 1698 741 1726; x_wconf 74' lang='lat' dir='ltr'><strong>Hexaem.—</strong></span> <span class='ocrx_word' id='word_1_260' title='bbox 752 1697 826 1726; x_wconf 85' lang='lat' dir='ltr'><strong>Nihil</strong></span> <span class='ocrx_word' id='word_1_261' title='bbox 840 1699 867 1727; x_wconf 92' lang='lat' dir='ltr'><strong>in</strong></span> <span class='ocrx_word' id='word_1_262' title='bbox 883 1699 966 1727; x_wconf 84' lang='lat' dir='ltr'><strong>rebus</strong></span> <span class='ocrx_word' id='word_1_263' title='bbox 982 1700 1029 1728; x_wconf 91' lang='lat' dir='ltr'><strong>hu-</strong></span> 
     </span>
    </p>
   </div>
   <div class='ocr_carea' id='block_1_39' title="bbox 241 1745 1028 1781">
    <p class='ocr_par' dir='ltr' id='par_1_39' title="bbox 241 1745 1028 1781">
     <span class='ocr_line' id='line_1_39' title="bbox 241 1745 1028 1781; baseline 0.001 -8"><span class='ocrx_word' id='word_1_264' title='bbox 241 1746 332 1774; x_wconf 88' lang='lat' dir='ltr'><strong>manis</strong></span> <span class='ocrx_word' id='word_1_265' title='bbox 348 1745 457 1773; x_wconf 85' lang='lat' dir='ltr'><strong>ﬂrmum</strong></span> <span class='ocrx_word' id='word_1_266' title='bbox 477 1749 504 1772; x_wconf 91' lang='lat' dir='ltr'><strong>ct</strong></span> <span class='ocrx_word' id='word_1_267' title='bbox 523 1745 625 1773; x_wconf 85' lang='lat' dir='ltr'><strong>stabile</strong></span> <span class='ocrx_word' id='word_1_268' title='bbox 641 1750 704 1774; x_wconf 82' lang='lat' dir='ltr'><strong>est:</strong></span> <span class='ocrx_word' id='word_1_269' title='bbox 719 1753 815 1773; x_wconf 83' lang='lat' dir='ltr'><strong>verum</strong></span> <span class='ocrx_word' id='word_1_270' title='bbox 841 1746 894 1773; x_wconf 89' lang='lat' dir='ltr'><strong>alia</strong></span> <span class='ocrx_word' id='word_1_271' title='bbox 918 1747 1028 1781; x_wconf 83' lang='lat' dir='ltr'><strong>quidem</strong></span> 
     </span>
    </p>
   </div>
   <div class='ocr_carea' id='block_1_40' title="bbox 241 1791 1030 1827">
    <p class='ocr_par' dir='ltr' id='par_1_40' title="bbox 241 1791 1030 1827">
     <span class='ocr_line' id='line_1_40' title="bbox 241 1791 1030 1827; baseline 0 -8"><span class='ocrx_word' id='word_1_272' title='bbox 241 1801 274 1819; x_wconf 81' lang='lat' dir='ltr'><strong>ex</strong></span> <span class='ocrx_word' id='word_1_273' title='bbox 287 1792 372 1819; x_wconf 90' lang='lat' dir='ltr'><strong>nihilo</strong></span> <span class='ocrx_word' id='word_1_274' title='bbox 385 1791 420 1819; x_wconf 89' lang='lat' dir='ltr'><strong>ad</strong></span> <span class='ocrx_word' id='word_1_275' title='bbox 435 1791 585 1826; x_wconf 89' lang='lat' dir='ltr'><strong>perfectum</strong></span> <span class='ocrx_word' id='word_1_276' title='bbox 606 1795 709 1819; x_wconf 86' lang='lat' dir='ltr'><strong>statum</strong></span> <span class='ocrx_word' id='word_1_277' title='bbox 723 1791 939 1827; x_wconf 82' lang='lat' dir='ltr'><strong>progrediuntur</strong></span> <span class='ocrx_word' id='word_1_278' title='bbox 952 1802 959 1826; x_wconf 87' lang='lat'><strong>;</strong></span> <span class='ocrx_word' id='word_1_279' title='bbox 977 1792 1030 1820; x_wconf 90' lang='lat' dir='ltr'><strong>alia</strong></span> 
     </span>
    </p>
   </div>
   <div class='ocr_carea' id='block_1_41' title="bbox 242 1836 1030 1873">
    <p class='ocr_par' dir='ltr' id='par_1_41' title="bbox 242 1836 1030 1873">
     <span class='ocr_line' id='line_1_41' title="bbox 242 1836 1030 1873; baseline -0.001 -8"><span class='ocrx_word' id='word_1_280' title='bbox 242 1842 333 1867; x_wconf 88' lang='lat' dir='ltr'><strong>autem</strong></span> <span class='ocrx_word' id='word_1_281' title='bbox 348 1838 395 1866; x_wconf 89' lang='lat' dir='ltr'><strong>ubi</strong></span> <span class='ocrx_word' id='word_1_282' title='bbox 410 1837 444 1865; x_wconf 92' lang='lat' dir='ltr'><strong>ad</strong></span> <span class='ocrx_word' id='word_1_283' title='bbox 460 1837 582 1873; x_wconf 86' lang='lat' dir='ltr'><strong>vigorem</strong></span> <span class='ocrx_word' id='word_1_284' title='bbox 601 1844 682 1865; x_wconf 85' lang='lat' dir='ltr'><strong>suum</strong></span> <span class='ocrx_word' id='word_1_285' title='bbox 697 1836 831 1872; x_wconf 89' lang='lat' dir='ltr'><strong>perducta</strong></span> <span class='ocrx_word' id='word_1_286' title='bbox 849 1841 931 1870; x_wconf 86' lang='lat' dir='ltr'><strong>sunt,</strong></span> <span class='ocrx_word' id='word_1_287' title='bbox 947 1842 1030 1873; x_wconf 84' lang='lat' dir='ltr'><strong>atque</strong></span> 
     </span>
    </p>
   </div>
   <div class='ocr_carea' id='block_1_42' title="bbox 241 1883 1030 1918">
    <p class='ocr_par' dir='ltr' id='par_1_42' title="bbox 241 1883 1030 1918">
     <span class='ocr_line' id='line_1_42' title="bbox 241 1883 1030 1918; baseline 0 -7"><span class='ocrx_word' id='word_1_288' title='bbox 241 1883 270 1911; x_wconf 84' lang='lat' dir='ltr'><strong>in</strong></span> <span class='ocrx_word' id='word_1_289' title='bbox 288 1891 426 1912; x_wconf 84' lang='lat' dir='ltr'><strong>summam</strong></span> <span class='ocrx_word' id='word_1_290' title='bbox 441 1883 663 1918; x_wconf 72' lang='lat' dir='ltr'><strong>magnitudinem</strong></span> <span class='ocrx_word' id='word_1_291' title='bbox 682 1886 795 1915; x_wconf 83' lang='lat' dir='ltr'><strong>evecta,</strong></span> <span class='ocrx_word' id='word_1_292' title='bbox 818 1883 910 1910; x_wconf 86' lang='lat' dir='ltr'><strong>tacitis</strong></span> <span class='ocrx_word' id='word_1_293' title='bbox 928 1884 1030 1911; x_wconf 81' lang='lat' dir='ltr'><strong>sensim</strong></span> 
     </span>
    </p>
   </div>
   <div class='ocr_carea' id='block_1_43' title="bbox 243 1927 1032 1963">
    <p class='ocr_par' dir='ltr' id='par_1_43' title="bbox 243 1927 1032 1963">
     <span class='ocr_line' id='line_1_43' title="bbox 243 1927 1032 1963; baseline -0.001 -7"><span class='ocrx_word' id='word_1_294' title='bbox 243 1928 428 1956; x_wconf 86' lang='lat' dir='ltr'><strong>dccremcntls</strong></span> <span class='ocrx_word' id='word_1_295' title='bbox 444 1928 609 1960; x_wconf 86' lang='lat' dir='ltr'><strong>tabescunt,</strong></span> <span class='ocrx_word' id='word_1_296' title='bbox 623 1927 868 1963; x_wconf 86' lang='lat' dir='ltr'><strong>dissolvunturque</strong></span> <span class='ocrx_word' id='word_1_297' title='bbox 878 1948 885 1961; x_wconf 94' lang='lat'><strong>,</strong></span> <span class='ocrx_word' id='word_1_298' title='bbox 897 1931 924 1956; x_wconf 90' lang='lat' dir='ltr'><strong>ct</strong></span> <span class='ocrx_word' id='word_1_299' title='bbox 934 1928 970 1955; x_wconf 88' lang='lat' dir='ltr'><strong>ita</strong></span> <span class='ocrx_word' id='word_1_300' title='bbox 984 1928 1032 1955; x_wconf 93' lang='lat' dir='ltr'><strong>im-</strong></span> 
     </span>
    </p>
   </div>
   <div class='ocr_carea' id='block_1_44' title="bbox 244 1972 1032 2007">
    <p class='ocr_par' dir='ltr' id='par_1_44' title="bbox 244 1972 1032 2007">
     <span class='ocr_line' id='line_1_44' title="bbox 244 1972 1032 2007; baseline 0 -5"><span class='ocrx_word' id='word_1_301' title='bbox 244 1974 411 2002; x_wconf 87' lang='lat' dir='ltr'><strong>minuuntnr</strong></span> <span class='ocrx_word' id='word_1_302' title='bbox 426 1977 457 2001; x_wconf 89' lang='lat' dir='ltr'><strong>ut</strong></span> <span class='ocrx_word' id='word_1_303' title='bbox 472 1972 583 2001; x_wconf 87' lang='lat' dir='ltr'><strong>tandem</strong></span> <span class='ocrx_word' id='word_1_304' title='bbox 600 1973 739 2002; x_wconf 84' lang='lat' dir='ltr'><strong>intereant</strong></span> <span class='ocrx_word' id='word_1_305' title='bbox 753 1977 781 2001; x_wconf 91' lang='lat' dir='ltr'><strong>et</strong></span> <span class='ocrx_word' id='word_1_306' title='bbox 795 1973 948 2001; x_wconf 87' lang='lat' dir='ltr'><strong>deleantur.</strong></span> <span class='ocrx_word' id='word_1_307' title='bbox 957 1973 1032 2007; x_wconf 88' lang='lat' dir='ltr'><strong>Quo-</strong></span> 
     </span>
    </p>
   </div>
   <div class='ocr_carea' id='block_1_45' title="bbox 243 2020 1032 2055">
    <p class='ocr_par' dir='ltr' id='par_1_45' title="bbox 243 2020 1032 2055">
     <span class='ocr_line' id='line_1_45' title="bbox 243 2020 1032 2055; baseline 0 -8"><span class='ocrx_word' id='word_1_308' title='bbox 243 2022 319 2048; x_wconf 80' lang='lat' dir='ltr'><strong>circa</strong></span> <span class='ocrx_word' id='word_1_309' title='bbox 332 2027 365 2048; x_wconf 80' lang='lat' dir='ltr'><strong>ex</strong></span> <span class='ocrx_word' id='word_1_310' title='bbox 381 2020 452 2048; x_wconf 68' lang='lat' dir='ltr'><strong>luna:</strong></span> <span class='ocrx_word' id='word_1_311' title='bbox 476 2025 626 2055; x_wconf 87' lang='lat' dir='ltr'><strong>prospectu</strong></span> <span class='ocrx_word' id='word_1_312' title='bbox 638 2040 645 2052; x_wconf 91' lang='lat'><strong>,</strong></span> <span class='ocrx_word' id='word_1_313' title='bbox 673 2020 736 2055; x_wconf 89' lang='lat' dir='ltr'><strong>quis</strong></span> <span class='ocrx_word' id='word_1_314' title='bbox 756 2028 849 2048; x_wconf 87' lang='lat' dir='ltr'><strong>rerum</strong></span> <span class='ocrx_word' id='word_1_315' title='bbox 876 2024 1032 2048; x_wconf 87' lang='lat' dir='ltr'><strong>nostrarum</strong></span> 
     </span>
    </p>
   </div>
   <div class='ocr_carea' id='block_1_46' title="bbox 244 2065 1033 2099">
    <p class='ocr_par' dir='ltr' id='par_1_46' title="bbox 244 2065 1033 2099">
     <span class='ocr_line' id='line_1_46' title="bbox 244 2065 1033 2099; baseline 0.003 -6"><span class='ocrx_word' id='word_1_316' title='bbox 244 2070 335 2094; x_wconf 83' lang='lat' dir='ltr'><strong>status</strong></span> <span class='ocrx_word' id='word_1_317' title='bbox 349 2066 402 2098; x_wconf 88' lang='lat' dir='ltr'><strong>sit,</strong></span> <span class='ocrx_word' id='word_1_318' title='bbox 419 2065 581 2099; x_wconf 88' lang='lat' dir='ltr'><strong>edocemur,</strong></span> <span class='ocrx_word' id='word_1_319' title='bbox 597 2073 629 2094; x_wconf 91' lang='lat' dir='ltr'><strong>ac</strong></span> <span class='ocrx_word' id='word_1_320' title='bbox 643 2066 761 2094; x_wconf 80' lang='lat' dir='ltr'><strong>celerem</strong></span> <span class='ocrx_word' id='word_1_321' title='bbox 783 2066 966 2094; x_wconf 87' lang='lat' dir='ltr'><strong>humanarum</strong></span> <span class='ocrx_word' id='word_1_322' title='bbox 987 2075 1033 2096; x_wconf 90' lang='lat' dir='ltr'><strong>re-</strong></span> 
     </span>
    </p>
   </div>
   <div class='ocr_carea' id='block_1_47' title="bbox 245 2112 1032 2148">
    <p class='ocr_par' dir='ltr' id='par_1_47' title="bbox 245 2112 1032 2148">
     <span class='ocr_line' id='line_1_47' title="bbox 245 2112 1032 2148; baseline 0 -7"><span class='ocrx_word' id='word_1_323' title='bbox 245 2120 307 2141; x_wconf 84' lang='lat' dir='ltr'><strong>rum</strong></span> <span class='ocrx_word' id='word_1_324' title='bbox 322 2112 531 2141; x_wconf 86' lang='lat' dir='ltr'><strong>conversionem</strong></span> <span class='ocrx_word' id='word_1_325' title='bbox 547 2119 611 2140; x_wconf 91' lang='lat' dir='ltr'><strong>cum</strong></span> <span class='ocrx_word' id='word_1_326' title='bbox 628 2112 729 2140; x_wconf 86' lang='lat' dir='ltr'><strong>animis</strong></span> <span class='ocrx_word' id='word_1_327' title='bbox 740 2112 844 2140; x_wconf 83' lang='lat' dir='ltr'><strong>nostris</strong></span> <span class='ocrx_word' id='word_1_328' title='bbox 860 2116 1032 2148; x_wconf 84' lang='lat' dir='ltr'><strong>reputantes,</strong></span> 
     </span>
    </p>
   </div>
   <div class='ocr_carea' id='block_1_48' title="bbox 245 2157 1035 2194">
    <p class='ocr_par' dir='ltr' id='par_1_48' title="bbox 245 2157 1035 2194">
     <span class='ocr_line' id='line_1_48' title="bbox 245 2157 1035 2194; baseline 0 -8"><span class='ocrx_word' id='word_1_329' title='bbox 245 2158 379 2187; x_wconf 84' lang='lat' dir='ltr'><strong>discimus</strong></span> <span class='ocrx_word' id='word_1_330' title='bbox 395 2158 423 2185; x_wconf 92' lang='lat' dir='ltr'><strong>in</strong></span> <span class='ocrx_word' id='word_1_331' title='bbox 436 2157 554 2193; x_wconf 77' lang='lat' dir='ltr'><strong>hujusce</strong></span> <span class='ocrx_word' id='word_1_332' title='bbox 566 2158 629 2185; x_wconf 68' lang='lat' dir='ltr'><strong>vitae</strong></span> <span class='ocrx_word' id='word_1_333' title='bbox 643 2158 877 2192; x_wconf 88' lang='lat' dir='ltr'><strong>prosperitatibus</strong></span> <span class='ocrx_word' id='word_1_334' title='bbox 892 2159 963 2187; x_wconf 89' lang='lat' dir='ltr'><strong>altos</strong></span> <span class='ocrx_word' id='word_1_335' title='bbox 978 2159 1035 2194; x_wconf 66' lang='lat' dir='ltr'><strong>spi&lt;</strong></span> 
     </span>
    </p>
   </div>
   <div class='ocr_carea' id='block_1_49' title="bbox 245 2203 1074 2247">
    <p class='ocr_par' dir='ltr' id='par_1_49' title="bbox 245 2203 1074 2247">
     <span class='ocr_line' id='line_1_49' title="bbox 245 2203 1074 2247; baseline 0.001 -15"><span class='ocrx_word' id='word_1_336' title='bbox 245 2205 317 2233; x_wconf 79' lang='lat' dir='ltr'><strong>ritus</strong></span> <span class='ocrx_word' id='word_1_337' title='bbox 334 2203 447 2231; x_wconf 89' lang='lat' dir='ltr'><strong>minime</strong></span> <span class='ocrx_word' id='word_1_338' title='bbox 461 2203 612 2238; x_wconf 89' lang='lat' dir='ltr'><strong>concipere</strong></span> <span class='ocrx_word' id='word_1_339' title='bbox 623 2222 631 2234; x_wconf 88' lang='lat'><strong>,</strong></span> <span class='ocrx_word' id='word_1_340' title='bbox 648 2211 699 2231; x_wconf 90' lang='lat' dir='ltr'><strong>nec</strong></span> <span class='ocrx_word' id='word_1_341' title='bbox 715 2204 839 2238; x_wconf 87' lang='lat' dir='ltr'><strong>potentia</strong></span> <span class='ocrx_word' id='word_1_342' title='bbox 859 2204 965 2238; x_wconf 84' lang='lat' dir='ltr'><strong>eﬂ‘erri,</strong></span> <span class='ocrx_word' id='word_1_343' title='bbox 984 2212 1035 2233; x_wconf 90' lang='lat' dir='ltr'><strong>nec</strong></span> <span class='ocrx_word' id='word_1_344' title='bbox 1050 2219 1074 2247; x_wconf 71' lang='grc' dir='ltr'><strong>ι)</strong></span> 
     </span>
    </p>
   </div>
   <div class='ocr_carea' id='block_1_50' title="bbox 246 2248 1034 2284">
    <p class='ocr_par' dir='ltr' id='par_1_50' title="bbox 246 2248 1034 2284">
     <span class='ocr_line' id='line_1_50' title="bbox 246 2248 1034 2284; baseline -0.003 -6"><span class='ocrx_word' id='word_1_345' title='bbox 246 2250 282 2278; x_wconf 92' lang='lat' dir='ltr'><strong>ob</strong></span> <span class='ocrx_word' id='word_1_346' title='bbox 296 2249 416 2277; x_wconf 84' lang='lat' dir='ltr'><strong>incertas</strong></span> <span class='ocrx_word' id='word_1_347' title='bbox 429 2256 496 2283; x_wconf 82' lang='lat' dir='ltr'><strong>opes</strong></span> <span class='ocrx_word' id='word_1_348' title='bbox 509 2248 696 2276; x_wconf 80' lang='lat' dir='ltr'><strong>insolescere:</strong></span> <span class='ocrx_word' id='word_1_349' title='bbox 711 2248 758 2276; x_wconf 90' lang='lat' dir='ltr'><strong>sed</strong></span> <span class='ocrx_word' id='word_1_350' title='bbox 771 2252 928 2284; x_wconf 86' lang='lat' dir='ltr'><strong>contempta</strong></span> <span class='ocrx_word' id='word_1_351' title='bbox 940 2256 1034 2281; x_wconf 83' lang='lat' dir='ltr'><strong>carne,</strong></span> 
     </span>
    </p>
   </div>
   <div class='ocr_carea' id='block_1_51' title="bbox 247 2293 1037 2331">
    <p class='ocr_par' dir='ltr' id='par_1_51' title="bbox 247 2293 1037 2331">
     <span class='ocr_line' id='line_1_51' title="bbox 247 2293 1037 2331; baseline 0 -9"><span class='ocrx_word' id='word_1_352' title='bbox 247 2303 309 2331; x_wconf 67' lang='lat' dir='ltr'><strong>qua!</strong></span> <span class='ocrx_word' id='word_1_353' title='bbox 318 2294 463 2322; x_wconf 81' lang='lat' dir='ltr'><strong>mutationi</strong></span> <span class='ocrx_word' id='word_1_354' title='bbox 472 2293 591 2321; x_wconf 80' lang='lat' dir='ltr'><strong>obnoxia</strong></span> <span class='ocrx_word' id='word_1_355' title='bbox 601 2298 659 2327; x_wconf 88' lang='lat' dir='ltr'><strong>est,</strong></span> <span class='ocrx_word' id='word_1_356' title='bbox 669 2294 766 2322; x_wconf 80' lang='lat' dir='ltr'><strong>auisz</strong></span> <span class='ocrx_word' id='word_1_357' title='bbox 778 2295 859 2329; x_wconf 87' lang='lat' dir='ltr'><strong>cujus</strong></span> <span class='ocrx_word' id='word_1_358' title='bbox 873 2295 975 2322; x_wconf 91' lang='lat' dir='ltr'><strong>bonum</strong></span> <span class='ocrx_word' id='word_1_359' title='bbox 985 2295 1037 2322; x_wconf 93' lang='lat' dir='ltr'><strong>im-</strong></span> 
     </span>
    </p>
   </div>
   <div class='ocr_carea' id='block_1_52' title="bbox 247 2339 1037 2375">
    <p class='ocr_par' dir='ltr' id='par_1_52' title="bbox 247 2339 1037 2375">
     <span class='ocr_line' id='line_1_52' title="bbox 247 2339 1037 2375; baseline -0.003 -5"><span class='ocrx_word' id='word_1_360' title='bbox 247 2345 352 2370; x_wconf 88' lang='lat' dir='ltr'><strong>motum</strong></span> <span class='ocrx_word' id='word_1_361' title='bbox 366 2342 477 2371; x_wconf 90' lang='lat' dir='ltr'><strong>manet,</strong></span> <span class='ocrx_word' id='word_1_362' title='bbox 491 2347 585 2367; x_wconf 91' lang='lat' dir='ltr'><strong>curam</strong></span> <span class='ocrx_word' id='word_1_363' title='bbox 600 2347 706 2375; x_wconf 83' lang='lat' dir='ltr'><strong>gerere.</strong></span> <span class='ocrx_word' id='word_1_364' title='bbox 717 2339 795 2374; x_wconf 87' lang='lat' dir='ltr'><strong>Quod</strong></span> <span class='ocrx_word' id='word_1_365' title='bbox 811 2341 833 2368; x_wconf 88' lang='lat' dir='ltr'><strong>si</strong></span> <span class='ocrx_word' id='word_1_366' title='bbox 849 2344 875 2368; x_wconf 88' lang='lat' dir='ltr'><strong>te</strong></span> <span class='ocrx_word' id='word_1_367' title='bbox 887 2340 951 2367; x_wconf 90' lang='lat' dir='ltr'><strong>luna</strong></span> <span class='ocrx_word' id='word_1_368' title='bbox 967 2348 1037 2369; x_wconf 74' lang='lat' dir='ltr'><strong>moe-</strong></span> 
     </span>
    </p>
   </div>
   <div class='ocr_carea' id='block_1_53' title="bbox 248 2386 1038 2420">
    <p class='ocr_par' dir='ltr' id='par_1_53' title="bbox 248 2386 1038 2420">
     <span class='ocr_line' id='line_1_53' title="bbox 248 2386 1038 2420; baseline -0.001 -4"><span class='ocrx_word' id='word_1_369' title='bbox 248 2395 313 2416; x_wconf 91' lang='lat' dir='ltr'><strong>rore</strong></span> <span class='ocrx_word' id='word_1_370' title='bbox 327 2386 411 2415; x_wconf 79' lang='lat' dir='ltr'><strong>afficit</strong></span> <span class='ocrx_word' id='word_1_371' title='bbox 422 2407 429 2420; x_wconf 92' lang='lat'><strong>,</strong></span> <span class='ocrx_word' id='word_1_372' title='bbox 446 2394 510 2414; x_wconf 90' lang='lat' dir='ltr'><strong>cum</strong></span> <span class='ocrx_word' id='word_1_373' title='bbox 527 2387 630 2415; x_wconf 89' lang='lat' dir='ltr'><strong>sensim</strong></span> <span class='ocrx_word' id='word_1_374' title='bbox 646 2387 830 2415; x_wconf 84' lang='lat' dir='ltr'><strong>decrescendo</strong></span> <span class='ocrx_word' id='word_1_375' title='bbox 848 2387 939 2415; x_wconf 90' lang='lat' dir='ltr'><strong>lumen</strong></span> <span class='ocrx_word' id='word_1_376' title='bbox 956 2387 1038 2415; x_wconf 88' lang='lat' dir='ltr'><strong>absu-</strong></span> 
     </span>
    </p>
   </div>
   <div class='ocr_carea' id='block_1_54' title="bbox 248 2432 1039 2467">
    <p class='ocr_par' dir='ltr' id='par_1_54' title="bbox 248 2432 1039 2467">
     <span class='ocr_line' id='line_1_54' title="bbox 248 2432 1039 2467; baseline -0.003 -6"><span class='ocrx_word' id='word_1_377' title='bbox 248 2434 299 2460; x_wconf 90' lang='lat' dir='ltr'><strong>mit</strong></span> <span class='ocrx_word' id='word_1_378' title='bbox 310 2440 392 2461; x_wconf 89' lang='lat' dir='ltr'><strong>suum</strong></span> <span class='ocrx_word' id='word_1_379' title='bbox 407 2441 414 2459; x_wconf 86' lang='lat'><strong>:</strong></span> <span class='ocrx_word' id='word_1_380' title='bbox 428 2432 548 2466; x_wconf 83' lang='lat' dir='ltr'><strong>graviori</strong></span> <span class='ocrx_word' id='word_1_381' title='bbox 562 2436 589 2459; x_wconf 89' lang='lat' dir='ltr'><strong>te</strong></span> <span class='ocrx_word' id='word_1_382' title='bbox 602 2432 728 2459; x_wconf 80' lang='lat' dir='ltr'><strong>molestia</strong></span> <span class='ocrx_word' id='word_1_383' title='bbox 743 2432 843 2459; x_wconf 81' lang='lat' dir='ltr'><strong>alliciat</strong></span> <span class='ocrx_word' id='word_1_384' title='bbox 858 2432 978 2464; x_wconf 81' lang='lat' dir='ltr'><strong>animus,</strong></span> <span class='ocrx_word' id='word_1_385' title='bbox 990 2432 1039 2467; x_wconf 85' lang='lat' dir='ltr'><strong>qui</strong></span> 
     </span>
    </p>
   </div>
   <div class='ocr_carea' id='block_1_55' title="bbox 248 2477 1040 2514">
    <p class='ocr_par' dir='ltr' id='par_1_55' title="bbox 248 2477 1040 2514">
     <span class='ocr_line' id='line_1_55' title="bbox 248 2477 1040 2514; baseline 0 -8"><span class='ocrx_word' id='word_1_386' title='bbox 248 2479 379 2507; x_wconf 88' lang='lat' dir='ltr'><strong>virtutem</strong></span> <span class='ocrx_word' id='word_1_387' title='bbox 388 2477 515 2514; x_wconf 88' lang='lat' dir='ltr'><strong>adeptus,</strong></span> <span class='ocrx_word' id='word_1_388' title='bbox 534 2477 562 2505; x_wconf 89' lang='lat' dir='ltr'><strong>id</strong></span> <span class='ocrx_word' id='word_1_389' title='bbox 577 2477 680 2505; x_wconf 84' lang='lat' dir='ltr'><strong>bonum</strong></span> <span class='ocrx_word' id='word_1_390' title='bbox 698 2486 746 2513; x_wconf 89' lang='lat' dir='ltr'><strong>per</strong></span> <span class='ocrx_word' id='word_1_391' title='bbox 760 2477 915 2505; x_wconf 87' lang='lat' dir='ltr'><strong>socordiam</strong></span> <span class='ocrx_word' id='word_1_392' title='bbox 931 2477 1040 2506; x_wconf 88' lang='lat' dir='ltr'><strong>oblitte-</strong></span> 
     </span>
    </p>
   </div>
   <div class='ocr_carea' id='block_1_56' title="bbox 248 2522 1040 2558">
    <p class='ocr_par' dir='ltr' id='par_1_56' title="bbox 248 2522 1040 2558">
     <span class='ocr_line' id='line_1_56' title="bbox 248 2522 1040 2558; baseline 0 -7"><span class='ocrx_word' id='word_1_393' title='bbox 248 2528 311 2558; x_wconf 88' lang='lat' dir='ltr'><strong>rat,</strong></span> <span class='ocrx_word' id='word_1_394' title='bbox 328 2531 378 2552; x_wconf 86' lang='lat' dir='ltr'><strong>nec</strong></span> <span class='ocrx_word' id='word_1_395' title='bbox 393 2531 514 2558; x_wconf 88' lang='lat' dir='ltr'><strong>unquam</strong></span> <span class='ocrx_word' id='word_1_396' title='bbox 529 2522 557 2550; x_wconf 91' lang='lat' dir='ltr'><strong>in</strong></span> <span class='ocrx_word' id='word_1_397' title='bbox 574 2522 671 2550; x_wconf 87' lang='lat' dir='ltr'><strong>eodem</strong></span> <span class='ocrx_word' id='word_1_398' title='bbox 689 2526 763 2551; x_wconf 87' lang='lat' dir='ltr'><strong>statu</strong></span> <span class='ocrx_word' id='word_1_399' title='bbox 787 2527 967 2558; x_wconf 89' lang='lat' dir='ltr'><strong>perseverat,</strong></span> <span class='ocrx_word' id='word_1_400' title='bbox 990 2523 1040 2551; x_wconf 88' lang='lat' dir='ltr'><strong>sed</strong></span> 
     </span>
    </p>
   </div>
   <div class='ocr_carea' id='block_1_57' title="bbox 250 2568 1039 2606">
    <p class='ocr_par' dir='ltr' id='par_1_57' title="bbox 250 2568 1039 2606">
     <span class='ocr_line' id='line_1_57' title="bbox 250 2568 1039 2606; baseline 0 -8"><span class='ocrx_word' id='word_1_401' title='bbox 250 2574 365 2606; x_wconf 85' lang='lat' dir='ltr'><strong>propter</strong></span> <span class='ocrx_word' id='word_1_402' title='bbox 378 2569 530 2597; x_wconf 87' lang='lat' dir='ltr'><strong>voluntatis</strong></span> <span class='ocrx_word' id='word_1_403' title='bbox 546 2569 760 2597; x_wconf 86' lang='lat' dir='ltr'><strong>inconstantiam</strong></span> <span class='ocrx_word' id='word_1_404' title='bbox 785 2568 934 2597; x_wconf 88' lang='lat' dir='ltr'><strong>identidem</strong></span> <span class='ocrx_word' id='word_1_405' title='bbox 947 2569 1039 2598; x_wconf 86' lang='lat' dir='ltr'><strong>inver-</strong></span> 
     </span>
    </p>
   </div>
   <div class='ocr_carea' id='block_1_58' title="bbox 250 2614 810 2645">
    <p class='ocr_par' dir='ltr' id='par_1_58' title="bbox 250 2614 810 2645">
     <span class='ocr_line' id='line_1_58' title="bbox 250 2614 810 2645; baseline -0.004 -2"><span class='ocrx_word' id='word_1_406' title='bbox 250 2617 332 2645; x_wconf 89' lang='lat' dir='ltr'><strong>titur.</strong></span> <span class='ocrx_word' id='word_1_407' title='bbox 345 2619 373 2643; x_wconf 88' lang='lat' dir='ltr'><strong>et</strong></span> <span class='ocrx_word' id='word_1_408' title='bbox 387 2615 416 2642; x_wconf 94' lang='lat' dir='ltr'><strong>in</strong></span> <span class='ocrx_word' id='word_1_409' title='bbox 430 2614 571 2642; x_wconf 89' lang='lat' dir='ltr'><strong>diversum</strong></span> <span class='ocrx_word' id='word_1_410' title='bbox 588 2618 722 2642; x_wconf 90' lang='lat' dir='ltr'><strong>mutatur.</strong></span> <span class='ocrx_word' id='word_1_411' title='bbox 807 2618 810 2619; x_wconf 71' lang='lat'><strong><em>&#39;</em></strong></span> 
     </span>
    </p>
   </div>
   <div class='ocr_carea' id='block_1_59' title="bbox 287 2659 1041 2697">
    <p class='ocr_par' dir='ltr' id='par_1_59' title="bbox 287 2659 1041 2697">
     <span class='ocr_line' id='line_1_59' title="bbox 287 2659 1041 2697; baseline 0.003 -9"><span class='ocrx_word' id='word_1_412' title='bbox 287 2660 385 2695; x_wconf 72' lang='lat' dir='ltr'><strong>Ejusd.</strong></span> <span class='ocrx_word' id='word_1_413' title='bbox 405 2660 433 2687; x_wconf 84' lang='lat' dir='ltr'><strong>in</strong></span> <span class='ocrx_word' id='word_1_414' title='bbox 451 2660 536 2695; x_wconf 72' lang='lat' dir='ltr'><strong>princ.</strong></span> <span class='ocrx_word' id='word_1_415' title='bbox 557 2659 640 2688; x_wconf 75' lang='lat' dir='ltr'><strong>Prov.</strong></span> <span class='ocrx_word' id='word_1_416' title='bbox 655 2675 690 2681; x_wconf 91' lang='lat'><strong>--</strong></span> <span class='ocrx_word' id='word_1_417' title='bbox 704 2659 814 2689; x_wconf 84' lang='lat' dir='ltr'><strong>Hancce</strong></span> <span class='ocrx_word' id='word_1_418' title='bbox 832 2661 917 2688; x_wconf 88' lang='lat' dir='ltr'><strong>vitam</strong></span> <span class='ocrx_word' id='word_1_419' title='bbox 928 2680 937 2694; x_wconf 92' lang='lat'><strong>,</strong></span> <span class='ocrx_word' id='word_1_420' title='bbox 954 2668 1041 2697; x_wconf 80' lang='lat' dir='ltr'><strong>aquas</strong></span> 
     </span>
    </p>
   </div>
   <div class='ocr_carea' id='block_1_60' title="bbox 252 2705 1041 2747">
    <p class='ocr_par' dir='ltr' id='par_1_60' title="bbox 252 2705 1041 2747">
     <span class='ocr_line' id='line_1_60' title="bbox 252 2705 1041 2747; baseline -0.001 -14"><span class='ocrx_word' id='word_1_421' title='bbox 252 2710 280 2733; x_wconf 89' lang='lat' dir='ltr'><strong>et</strong></span> <span class='ocrx_word' id='word_1_422' title='bbox 296 2714 373 2734; x_wconf 87' lang='lat' dir='ltr'><strong>mare</strong></span> <span class='ocrx_word' id='word_1_423' title='bbox 387 2705 416 2733; x_wconf 92' lang='lat' dir='ltr'><strong>in</strong></span> <span class='ocrx_word' id='word_1_424' title='bbox 433 2705 579 2741; x_wconf 88' lang='lat' dir='ltr'><strong>Scriptura</strong></span> <span class='ocrx_word' id='word_1_425' title='bbox 593 2706 750 2747; x_wconf 46' lang='lat' dir='ltr'><strong>nu’ncupari</strong></span> <span class='ocrx_word' id='word_1_426' title='bbox 766 2706 920 2741; x_wconf 88' lang='lat' dir='ltr'><strong>reperimus</strong></span> <span class='ocrx_word' id='word_1_427' title='bbox 931 2726 939 2739; x_wconf 88' lang='lat'><strong>,</strong></span> <span class='ocrx_word' id='word_1_428' title='bbox 962 2710 993 2733; x_wconf 92' lang='lat' dir='ltr'><strong>ut</strong></span> <span class='ocrx_word' id='word_1_429' title='bbox 1013 2706 1041 2733; x_wconf 93' lang='lat' dir='ltr'><strong>in</strong></span> 
     </span>
    </p>
   </div>
   <div class='ocr_carea' id='block_1_61' title="bbox 254 2751 1043 2787">
    <p class='ocr_par' dir='ltr' id='par_1_61' title="bbox 254 2751 1043 2787">
     <span class='ocr_line' id='line_1_61' title="bbox 254 2751 1043 2787; baseline 0.001 -9"><span class='ocrx_word' id='word_1_430' title='bbox 254 2751 308 2778; x_wconf 90' lang='lat' dir='ltr'><strong>hoc</strong></span> <span class='ocrx_word' id='word_1_431' title='bbox 321 2751 473 2779; x_wconf 76' lang='lat' dir='ltr'><strong>Psalmista:</strong></span> <span class='ocrx_word' id='word_1_432' title='bbox 488 2752 551 2779; x_wconf 88' lang='lat' dir='ltr'><strong>loco</strong></span> <span class='ocrx_word' id='word_1_433' title='bbox 565 2760 572 2779; x_wconf 88' lang='lat'><strong>:</strong></span> <span class='ocrx_word' id='word_1_434' title='bbox 586 2760 596 2777; x_wconf 76' lang='grc' dir='ltr'><strong>ι</strong></span> <span class='ocrx_word' id='word_1_435' title='bbox 612 2751 686 2779; x_wconf 80' lang='lat' dir='ltr'><strong>Misit</strong></span> <span class='ocrx_word' id='word_1_436' title='bbox 699 2751 733 2779; x_wconf 86' lang='lat' dir='ltr'><strong>de</strong></span> <span class='ocrx_word' id='word_1_437' title='bbox 751 2759 859 2779; x_wconf 86' lang='lat' dir='ltr'><strong>summo</strong></span> <span class='ocrx_word' id='word_1_438' title='bbox 870 2772 877 2781; x_wconf 85' lang='lat'><strong>.</strong></span> <span class='ocrx_word' id='word_1_439' title='bbox 894 2755 922 2780; x_wconf 89' lang='lat' dir='ltr'><strong>ct</strong></span> <span class='ocrx_word' id='word_1_440' title='bbox 938 2752 1043 2787; x_wconf 89' lang='lat' dir='ltr'><strong>accepit</strong></span> 
     </span>
    </p>
   </div>
   <div class='ocr_carea' id='block_1_62' title="bbox 256 2796 1042 2832">
    <p class='ocr_par' dir='ltr' id='par_1_62' title="bbox 256 2796 1042 2832">
     <span class='ocr_line' id='line_1_62' title="bbox 256 2796 1042 2832; baseline 0.003 -9"><span class='ocrx_word' id='word_1_441' title='bbox 256 2803 317 2828; x_wconf 84' lang='lat' dir='ltr'><strong>me,</strong></span> <span class='ocrx_word' id='word_1_442' title='bbox 332 2799 360 2823; x_wconf 84' lang='lat' dir='ltr'><strong>et</strong></span> <span class='ocrx_word' id='word_1_443' title='bbox 377 2797 528 2831; x_wconf 81' lang='lat' dir='ltr'><strong>assumpsit</strong></span> <span class='ocrx_word' id='word_1_444' title='bbox 540 2804 585 2824; x_wconf 89' lang='lat' dir='ltr'><strong>me</strong></span> <span class='ocrx_word' id='word_1_445' title='bbox 602 2797 635 2825; x_wconf 87' lang='lat' dir='ltr'><strong>de</strong></span> <span class='ocrx_word' id='word_1_446' title='bbox 652 2797 733 2832; x_wconf 90' lang='lat' dir='ltr'><strong>aquis</strong></span> <span class='ocrx_word' id='word_1_447' title='bbox 747 2797 841 2825; x_wconf 90' lang='lat' dir='ltr'><strong>multis</strong></span> <span class='ocrx_word' id='word_1_448' title='bbox 859 2796 947 2831; x_wconf 77' lang='lat' dir='ltr'><strong>(Psal.</strong></span> <span class='ocrx_word' id='word_1_449' title='bbox 965 2806 1021 2825; x_wconf 81' lang='lat' dir='ltr'><strong>xvu</strong></span> <span class='ocrx_word' id='word_1_450' title='bbox 1034 2819 1042 2831; x_wconf 90' lang='lat'><strong>,</strong></span> 
     </span>
    </p>
   </div>
   <div class='ocr_carea' id='block_1_63' title="bbox 258 2840 1042 2879">
    <p class='ocr_par' dir='ltr' id='par_1_63' title="bbox 258 2840 1042 2879">
     <span class='ocr_line' id='line_1_63' title="bbox 258 2840 1042 2879; baseline 0.005 -12"><span class='ocrx_word' id='word_1_451' title='bbox 258 2840 315 2876; x_wconf 78' lang='grc' dir='ltr'><strong>Π).</strong></span> <span class='ocrx_word' id='word_1_452' title='bbox 332 2850 341 2867; x_wconf 72' lang='grc' dir='ltr'><strong>ι</strong></span> <span class='ocrx_word' id='word_1_453' title='bbox 355 2840 415 2869; x_wconf 84' lang='lat' dir='ltr'><strong>Non</strong></span> <span class='ocrx_word' id='word_1_454' title='bbox 428 2842 500 2870; x_wconf 89' lang='lat' dir='ltr'><strong>enim</strong></span> <span class='ocrx_word' id='word_1_455' title='bbox 516 2842 630 2870; x_wconf 86' lang='lat' dir='ltr'><strong>dubium</strong></span> <span class='ocrx_word' id='word_1_456' title='bbox 647 2847 705 2876; x_wconf 85' lang='lat' dir='ltr'><strong>est,</strong></span> <span class='ocrx_word' id='word_1_457' title='bbox 721 2843 787 2879; x_wconf 91' lang='lat' dir='ltr'><strong>quin</strong></span> <span class='ocrx_word' id='word_1_458' title='bbox 805 2851 853 2879; x_wconf 90' lang='lat' dir='ltr'><strong>per</strong></span> <span class='ocrx_word' id='word_1_459' title='bbox 867 2851 969 2879; x_wconf 87' lang='lat' dir='ltr'><strong>aquas,</strong></span> <span class='ocrx_word' id='word_1_460' title='bbox 991 2843 1042 2871; x_wconf 94' lang='lat' dir='ltr'><strong>hu-</strong></span> 
     </span>
    </p>
   </div>
   <div class='ocr_carea' id='block_1_64' title="bbox 1063 233 1857 272">
    <p class='ocr_par' dir='ltr' id='par_1_64' title="bbox 1063 233 1857 272">
     <span class='ocr_line' id='line_1_64' title="bbox 1063 233 1857 272; baseline 0.008 -15"><span class='ocrx_word' id='word_1_461' title='bbox 1063 233 1146 267; x_wconf 75' lang='grc' dir='ltr'>ὀλίγῳ</span> <span class='ocrx_word' id='word_1_462' title='bbox 1161 234 1311 269; x_wconf 79' lang='grc' dir='ltr'>περιχαρὲς</span> <span class='ocrx_word' id='word_1_463' title='bbox 1323 235 1369 262; x_wconf 80' lang='grc' dir='ltr'><strong>καὶ</strong></span> <span class='ocrx_word' id='word_1_464' title='bbox 1380 234 1473 270; x_wconf 75' lang='grc' dir='ltr'>ἱλαρὸν</span> <span class='ocrx_word' id='word_1_465' title='bbox 1486 235 1533 270; x_wconf 77' lang='grc' dir='ltr'>τῆς</span> <span class='ocrx_word' id='word_1_466' title='bbox 1555 236 1730 272; x_wconf 81' lang='grc' dir='ltr'><strong>ἀνθρωπίνης</strong></span> <span class='ocrx_word' id='word_1_467' title='bbox 1755 236 1857 272; x_wconf 77' lang='grc' dir='ltr'>εὑημε-</span> 
     </span>
    </p>
   </div>
   <div class='ocr_carea' id='block_1_65' title="bbox 1067 277 1857 318">
    <p class='ocr_par' dir='ltr' id='par_1_65' title="bbox 1067 277 1857 318">
     <span class='ocr_line' id='line_1_65' title="bbox 1067 277 1857 318; baseline 0.01 -16"><span class='ocrx_word' id='word_1_468' title='bbox 1067 277 1137 312; x_wconf 75' lang='grc' dir='ltr'>ρίας,</span> <span class='ocrx_word' id='word_1_469' title='bbox 1151 279 1336 314; x_wconf 86' lang='grc' dir='ltr'>καιριωτάτης</span> <span class='ocrx_word' id='word_1_470' title='bbox 1353 281 1430 316; x_wconf 84' lang='grc' dir='ltr'>παρὰ</span> <span class='ocrx_word' id='word_1_471' title='bbox 1451 281 1490 316; x_wconf 85' lang='grc' dir='ltr'>τῷ</span> <span class='ocrx_word' id='word_1_472' title='bbox 1505 283 1633 318; x_wconf 79' lang='grc' dir='ltr'><strong>προφήτῃ</strong></span> <span class='ocrx_word' id='word_1_473' title='bbox 1650 282 1800 318; x_wconf 72' lang='grc' dir='ltr'>τετύχηκεν</span> <span class='ocrx_word' id='word_1_474' title='bbox 1816 283 1857 310; x_wconf 85' lang='grc' dir='ltr'>εί-</span> 
     </span>
    </p>
   </div>
   <div class='ocr_carea' id='block_1_66' title="bbox 1065 322 1857 365">
    <p class='ocr_par' dir='ltr' id='par_1_66' title="bbox 1065 322 1857 365">
     <span class='ocr_line' id='line_1_66' title="bbox 1065 322 1857 365; baseline 0.01 -17"><span class='ocrx_word' id='word_1_475' title='bbox 1065 322 1152 354; x_wconf 78' lang='grc' dir='ltr'>κόνος.</span> <span class='ocrx_word' id='word_1_476' title='bbox 1177 322 1206 349; x_wconf 92' lang='grc'><strong>’0</strong></span> <span class='ocrx_word' id='word_1_477' title='bbox 1220 325 1340 361; x_wconf 81' lang='grc' dir='ltr'><strong>σήμερον</strong></span> <span class='ocrx_word' id='word_1_478' title='bbox 1356 327 1472 362; x_wconf 77' lang='grc' dir='ltr'><strong>εὐθαλὴς</strong></span> <span class='ocrx_word' id='word_1_479' title='bbox 1484 327 1522 362; x_wconf 87' lang='grc' dir='ltr'>τῷ</span> <span class='ocrx_word' id='word_1_480' title='bbox 1536 327 1655 363; x_wconf 83' lang='grc' dir='ltr'>σώματι,</span> <span class='ocrx_word' id='word_1_481' title='bbox 1681 337 1857 365; x_wconf 85' lang='grc' dir='ltr'>κατασεσαρ-</span> 
     </span>
    </p>
   </div>
   <div class='ocr_carea' id='block_1_67' title="bbox 1066 371 1858 411">
    <p class='ocr_par' dir='ltr' id='par_1_67' title="bbox 1066 371 1858 411">
     <span class='ocr_line' id='line_1_67' title="bbox 1066 371 1858 411; baseline 0.009 -15"><span class='ocrx_word' id='word_1_482' title='bbox 1066 372 1188 406; x_wconf 81' lang='grc' dir='ltr'>κωμένος</span> <span class='ocrx_word' id='word_1_483' title='bbox 1196 371 1249 397; x_wconf 78' lang='grc' dir='ltr'><strong>ὑπὸ</strong></span> <span class='ocrx_word' id='word_1_484' title='bbox 1262 373 1378 407; x_wconf 81' lang='grc' dir='ltr'><strong>τρυφῆς,</strong></span> <span class='ocrx_word' id='word_1_485' title='bbox 1394 373 1564 401; x_wconf 76' lang='grc' dir='ltr'><strong>ἐπανθοῦσαν</strong></span> <span class='ocrx_word' id='word_1_486' title='bbox 1578 374 1648 410; x_wconf 81' lang='grc' dir='ltr'>ἔχων</span> <span class='ocrx_word' id='word_1_487' title='bbox 1661 376 1710 410; x_wconf 84' lang='grc' dir='ltr'>τὴν</span> <span class='ocrx_word' id='word_1_488' title='bbox 1719 374 1858 411; x_wconf 76' lang='grc' dir='ltr'>εὔχροιαν,</span> 
     </span>
    </p>
   </div>
   <div class='ocr_carea' id='block_1_68' title="bbox 1067 417 1861 456">
    <p class='ocr_par' dir='ltr' id='par_1_68' title="bbox 1067 417 1861 456">
     <span class='ocr_line' id='line_1_68' title="bbox 1067 417 1861 456; baseline 0.009 -13"><span class='ocrx_word' id='word_1_489' title='bbox 1067 417 1119 444; x_wconf 79' lang='grc' dir='ltr'>ὑπὸ</span> <span class='ocrx_word' id='word_1_490' title='bbox 1133 417 1183 453; x_wconf 82' lang='grc' dir='ltr'>τῆς</span> <span class='ocrx_word' id='word_1_491' title='bbox 1197 419 1269 445; x_wconf 79' lang='grc' dir='ltr'>κατά</span> <span class='ocrx_word' id='word_1_492' title='bbox 1281 419 1331 454; x_wconf 76' lang='grc' dir='ltr'>τὴν</span> <span class='ocrx_word' id='word_1_493' title='bbox 1341 419 1451 454; x_wconf 82' lang='grc' dir='ltr'>ἡλικίαν</span> <span class='ocrx_word' id='word_1_494' title='bbox 1469 420 1563 456; x_wconf 80' lang='grc' dir='ltr'>ἀκμῆς</span> <span class='ocrx_word' id='word_1_495' title='bbox 1575 421 1711 456; x_wconf 83' lang='grc' dir='ltr'>σφριγῶν,</span> <span class='ocrx_word' id='word_1_496' title='bbox 1726 423 1774 449; x_wconf 72' lang='grc' dir='ltr'><strong>καὶ</strong></span> <span class='ocrx_word' id='word_1_497' title='bbox 1801 423 1861 450; x_wconf 79' lang='grc' dir='ltr'>σύν-</span> 
     </span>
    </p>
   </div>
   <div class='ocr_carea' id='block_1_69' title="bbox 1066 464 1861 502">
    <p class='ocr_par' dir='ltr' id='par_1_69' title="bbox 1066 464 1861 502">
     <span class='ocr_line' id='line_1_69' title="bbox 1066 464 1861 502; baseline 0.009 -14"><span class='ocrx_word' id='word_1_498' title='bbox 1066 470 1153 494; x_wconf 82' lang='grc' dir='ltr'>τονος,</span> <span class='ocrx_word' id='word_1_499' title='bbox 1167 464 1215 490; x_wconf 76' lang='grc' dir='ltr'><strong>καὶ</strong></span> <span class='ocrx_word' id='word_1_500' title='bbox 1231 464 1418 496; x_wconf 80' lang='grc' dir='ltr'>ἀνυπόστατος</span> <span class='ocrx_word' id='word_1_501' title='bbox 1430 465 1478 501; x_wconf 85' lang='grc' dir='ltr'>τὴν</span> <span class='ocrx_word' id='word_1_502' title='bbox 1503 467 1602 502; x_wconf 82' lang='grc' dir='ltr'>ὁρμὴν,</span> <span class='ocrx_word' id='word_1_503' title='bbox 1624 466 1719 502; x_wconf 75' lang='grc' dir='ltr'>αὔριον</span> <span class='ocrx_word' id='word_1_504' title='bbox 1750 469 1764 494; x_wconf 82' lang='grc' dir='ltr'>ὁ</span> <span class='ocrx_word' id='word_1_505' title='bbox 1780 468 1861 500; x_wconf 70' lang='grc' dir='ltr'>αὐτὸς</span> 
     </span>
    </p>
   </div>
   <div class='ocr_carea' id='block_1_70' title="bbox 1068 505 1862 549">
    <p class='ocr_par' dir='ltr' id='par_1_70' title="bbox 1068 505 1862 549">
     <span class='ocr_line' id='line_1_70' title="bbox 1068 505 1862 549; baseline 0.009 -15"><span class='ocrx_word' id='word_1_506' title='bbox 1068 505 1144 537; x_wconf 67' lang='grc' dir='ltr'>οὗτος</span> <span class='ocrx_word' id='word_1_507' title='bbox 1161 510 1286 542; x_wconf 78' lang='grc' dir='ltr'>ἐλεεινὸς.</span> <span class='ocrx_word' id='word_1_508' title='bbox 1299 510 1316 546; x_wconf 86' lang='grc' dir='ltr'>ἢ</span> <span class='ocrx_word' id='word_1_509' title='bbox 1327 510 1366 546; x_wconf 85' lang='grc' dir='ltr'>τῷ</span> <span class='ocrx_word' id='word_1_510' title='bbox 1382 511 1472 546; x_wconf 82' lang='grc' dir='ltr'>χρόνῳ</span> <span class='ocrx_word' id='word_1_511' title='bbox 1490 513 1651 547; x_wconf 73' lang='grc' dir='ltr'>μαρανθεὶς,</span> <span class='ocrx_word' id='word_1_512' title='bbox 1677 513 1694 548; x_wconf 86' lang='grc' dir='ltr'>ἦ</span> <span class='ocrx_word' id='word_1_513' title='bbox 1710 513 1781 549; x_wconf 82' lang='grc' dir='ltr'>νόσῳ</span> <span class='ocrx_word' id='word_1_514' title='bbox 1800 514 1862 541; x_wconf 86' lang='grc' dir='ltr'>δια-</span> 
     </span>
    </p>
   </div>
   <div class='ocr_carea' id='block_1_71' title="bbox 1068 554 1863 594">
    <p class='ocr_par' dir='ltr' id='par_1_71' title="bbox 1068 554 1863 594">
     <span class='ocr_line' id='line_1_71' title="bbox 1068 554 1863 594; baseline 0.009 -14"><span class='ocrx_word' id='word_1_515' title='bbox 1068 554 1169 587; x_wconf 80' lang='grc' dir='ltr'>λυθείς.</span> <span class='ocrx_word' id='word_1_516' title='bbox 1190 556 1220 582; x_wconf 95' lang='lat'><strong>&#39;0</strong></span> <span class='ocrx_word' id='word_1_517' title='bbox 1235 556 1310 583; x_wconf 90' lang='grc' dir='ltr'>δεῖνα</span> <span class='ocrx_word' id='word_1_518' title='bbox 1332 556 1509 592; x_wconf 78' lang='grc' dir='ltr'>περίϐλεπτος</span> <span class='ocrx_word' id='word_1_519' title='bbox 1536 557 1584 584; x_wconf 74' lang='grc' dir='ltr'><strong>ἐπὶ</strong></span> <span class='ocrx_word' id='word_1_520' title='bbox 1613 558 1764 593; x_wconf 83' lang='grc' dir='ltr'>χρημάτων</span> <span class='ocrx_word' id='word_1_521' title='bbox 1786 568 1863 594; x_wconf 79' lang='grc' dir='ltr'>περι-</span> 
     </span>
    </p>
   </div>
   <div class='ocr_carea' id='block_1_72' title="bbox 1069 600 1862 641">
    <p class='ocr_par' dir='ltr' id='par_1_72' title="bbox 1069 600 1862 641">
     <span class='ocr_line' id='line_1_72' title="bbox 1069 600 1862 641; baseline 0.008 -15"><span class='ocrx_word' id='word_1_522' title='bbox 1069 601 1157 636; x_wconf 74' lang='grc' dir='ltr'>ουσίᾳ,</span> <span class='ocrx_word' id='word_1_523' title='bbox 1174 600 1223 627; x_wconf 78' lang='grc' dir='ltr'>καὶ</span> <span class='ocrx_word' id='word_1_524' title='bbox 1237 601 1340 636; x_wconf 81' lang='grc' dir='ltr'>πλῆθος</span> <span class='ocrx_word' id='word_1_525' title='bbox 1367 602 1431 638; x_wconf 79' lang='grc' dir='ltr'>περὶ</span> <span class='ocrx_word' id='word_1_526' title='bbox 1453 603 1534 630; x_wconf 72' lang='grc' dir='ltr'>αὑτὸν</span> <span class='ocrx_word' id='word_1_527' title='bbox 1555 603 1691 637; x_wconf 78' lang='grc' dir='ltr'><strong>κολάκων,</strong></span> <span class='ocrx_word' id='word_1_528' title='bbox 1715 605 1862 641; x_wconf 81' lang='grc' dir='ltr'>δορυφορία</span> 
     </span>
    </p>
   </div>
   <div class='ocr_carea' id='block_1_73' title="bbox 1071 646 1864 686">
    <p class='ocr_par' dir='ltr' id='par_1_73' title="bbox 1071 646 1864 686">
     <span class='ocr_line' id='line_1_73' title="bbox 1071 646 1864 686; baseline 0.006 -13"><span class='ocrx_word' id='word_1_529' title='bbox 1071 646 1156 681; x_wconf 87' lang='grc' dir='ltr'>φίλων</span> <span class='ocrx_word' id='word_1_530' title='bbox 1174 648 1367 683; x_wconf 81' lang='grc' dir='ltr'><strong>προσποιητῶν</strong></span> <span class='ocrx_word' id='word_1_531' title='bbox 1381 648 1431 684; x_wconf 81' lang='grc' dir='ltr'>τὴν</span> <span class='ocrx_word' id='word_1_532' title='bbox 1444 649 1492 675; x_wconf 84' lang='grc' dir='ltr'>ἀπ’</span> <span class='ocrx_word' id='word_1_533' title='bbox 1507 649 1590 676; x_wconf 80' lang='grc' dir='ltr'>αὑτοῦ</span> <span class='ocrx_word' id='word_1_534' title='bbox 1604 650 1686 686; x_wconf 86' lang='grc' dir='ltr'>χάριν</span> <span class='ocrx_word' id='word_1_535' title='bbox 1695 650 1864 686; x_wconf 70' lang='grc' dir='ltr'>Θεραπευόνο</span> 
     </span>
    </p>
   </div>
   <div class='ocr_carea' id='block_1_74' title="bbox 1070 693 1865 733">
    <p class='ocr_par' dir='ltr' id='par_1_74' title="bbox 1070 693 1865 733">
     <span class='ocr_line' id='line_1_74' title="bbox 1070 693 1865 733; baseline 0.008 -14"><span class='ocrx_word' id='word_1_536' title='bbox 1070 701 1135 726; x_wconf 84' lang='grc' dir='ltr'>των,</span> <span class='ocrx_word' id='word_1_537' title='bbox 1145 693 1246 728; x_wconf 76' lang='grc' dir='ltr'>πλῆθος</span> <span class='ocrx_word' id='word_1_538' title='bbox 1257 695 1417 729; x_wconf 70' lang='grc' dir='ltr'>συγγενείας</span> <span class='ocrx_word' id='word_1_539' title='bbox 1431 695 1479 722; x_wconf 83' lang='grc' dir='ltr'><strong>καὶ</strong></span> <span class='ocrx_word' id='word_1_540' title='bbox 1490 695 1592 730; x_wconf 79' lang='grc' dir='ltr'><strong>ταύτης</strong></span> <span class='ocrx_word' id='word_1_541' title='bbox 1607 699 1865 733; x_wconf 82' lang='grc' dir='ltr'>κατεσχηματισμέ-</span> 
     </span>
    </p>
   </div>
   <div class='ocr_carea' id='block_1_75' title="bbox 1071 739 1864 776">
    <p class='ocr_par' dir='ltr' id='par_1_75' title="bbox 1071 739 1864 776">
     <span class='ocr_line' id='line_1_75' title="bbox 1071 739 1864 776; baseline 0.008 -11"><span class='ocrx_word' id='word_1_542' title='bbox 1071 748 1131 773; x_wconf 86' lang='grc' dir='ltr'>νης,</span> <span class='ocrx_word' id='word_1_543' title='bbox 1145 739 1230 774; x_wconf 76' lang='grc' dir='ltr'>ἑσμὸς</span> <span class='ocrx_word' id='word_1_544' title='bbox 1243 740 1297 766; x_wconf 84' lang='grc' dir='ltr'>τῶν</span> <span class='ocrx_word' id='word_1_545' title='bbox 1310 741 1488 775; x_wconf 79' lang='grc' dir='ltr'>ὲφεπομένων</span> <span class='ocrx_word' id='word_1_546' title='bbox 1516 741 1624 776; x_wconf 84' lang='grc' dir='ltr'><strong>μυρίος,</strong></span> <span class='ocrx_word' id='word_1_547' title='bbox 1644 742 1699 769; x_wconf 85' lang='grc' dir='ltr'>τῶν</span> <span class='ocrx_word' id='word_1_548' title='bbox 1717 752 1747 770; x_wconf 80' lang='grc' dir='ltr'><strong>τε</strong></span> <span class='ocrx_word' id='word_1_549' title='bbox 1775 744 1864 771; x_wconf 72' lang='lat' dir='ltr'><strong>tmen-</strong></span> 
     </span>
    </p>
   </div>
   <div class='ocr_carea' id='block_1_76' title="bbox 1072 784 1867 824">
    <p class='ocr_par' dir='ltr' id='par_1_76' title="bbox 1072 784 1867 824">
     <span class='ocr_line' id='line_1_76' title="bbox 1072 784 1867 824; baseline 0.008 -14"><span class='ocrx_word' id='word_1_550' title='bbox 1072 784 1149 816; x_wconf 83' lang='grc' dir='ltr'><strong>τίων,</strong></span> <span class='ocrx_word' id='word_1_551' title='bbox 1166 785 1214 811; x_wconf 75' lang='grc' dir='ltr'>καὶ</span> <span class='ocrx_word' id='word_1_552' title='bbox 1229 785 1282 811; x_wconf 87' lang='grc' dir='ltr'>τῶν</span> <span class='ocrx_word' id='word_1_553' title='bbox 1300 786 1359 812; x_wconf 77' lang='grc' dir='ltr'>κατ’</span> <span class='ocrx_word' id='word_1_554' title='bbox 1371 786 1454 818; x_wconf 82' lang='grc' dir='ltr'>ἄλλας</span> <span class='ocrx_word' id='word_1_555' title='bbox 1470 787 1567 822; x_wconf 81' lang='grc' dir='ltr'>χρείας</span> <span class='ocrx_word' id='word_1_556' title='bbox 1581 788 1655 823; x_wconf 81' lang='grc' dir='ltr'><strong>αὺτῷ</strong></span> <span class='ocrx_word' id='word_1_557' title='bbox 1673 789 1867 824; x_wconf 83' lang='grc' dir='ltr'>προσεδρευόν-</span> 
     </span>
    </p>
   </div>
   <div class='ocr_carea' id='block_1_77' title="bbox 1073 833 1866 869">
    <p class='ocr_par' dir='ltr' id='par_1_77' title="bbox 1073 833 1866 869">
     <span class='ocr_line' id='line_1_77' title="bbox 1073 833 1866 869; baseline 0.009 -11"><span class='ocrx_word' id='word_1_558' title='bbox 1073 841 1127 859; x_wconf 87' lang='grc' dir='ltr'><strong>των</strong></span> <span class='ocrx_word' id='word_1_559' title='bbox 1139 841 1146 847; x_wconf 89' lang='grc'><strong>·</strong></span> <span class='ocrx_word' id='word_1_560' title='bbox 1163 833 1210 859; x_wconf 81' lang='grc' dir='ltr'><strong>καὶ</strong></span> <span class='ocrx_word' id='word_1_561' title='bbox 1225 833 1271 865; x_wconf 76' lang='grc' dir='ltr'>οὓς</span> <span class='ocrx_word' id='word_1_562' title='bbox 1288 834 1335 860; x_wconf 70' lang='grc' dir='ltr'>καὶ</span> <span class='ocrx_word' id='word_1_563' title='bbox 1353 833 1466 869; x_wconf 75' lang='grc' dir='ltr'>προῖὼν,</span> <span class='ocrx_word' id='word_1_564' title='bbox 1486 835 1532 862; x_wconf 75' lang='grc' dir='ltr'><strong>καὶ</strong></span> <span class='ocrx_word' id='word_1_565' title='bbox 1556 837 1637 863; x_wconf 84' lang='grc' dir='ltr'>πάλιν</span> <span class='ocrx_word' id='word_1_566' title='bbox 1660 837 1780 864; x_wconf 80' lang='grc' dir='ltr'>ἐπανιὼν</span> <span class='ocrx_word' id='word_1_567' title='bbox 1805 839 1866 864; x_wconf 75' lang='grc' dir='ltr'>ἑπι-</span> 
     </span>
    </p>
   </div>
   <div class='ocr_carea' id='block_1_78' title="bbox 1076 878 1865 919">
    <p class='ocr_par' dir='ltr' id='par_1_78' title="bbox 1076 878 1865 919">
     <span class='ocr_line' id='line_1_78' title="bbox 1076 878 1865 919; baseline 0.009 -15"><span class='ocrx_word' id='word_1_568' title='bbox 1076 878 1236 914; x_wconf 83' lang='grc' dir='ltr'>συρόμενος,</span> <span class='ocrx_word' id='word_1_569' title='bbox 1277 880 1421 914; x_wconf 78' lang='grc' dir='ltr'>ἐπίφθονός</span> <span class='ocrx_word' id='word_1_570' title='bbox 1452 882 1510 908; x_wconf 76' lang='grc' dir='ltr'>ἐστι</span> <span class='ocrx_word' id='word_1_571' title='bbox 1535 883 1590 914; x_wconf 85' lang='grc' dir='ltr'>τοῖς</span> <span class='ocrx_word' id='word_1_572' title='bbox 1624 884 1865 919; x_wconf 76' lang='grc' dir='ltr'>συντυγχάνουσιν.</span> 
     </span>
    </p>
   </div>
   <div class='ocr_carea' id='block_1_79' title="bbox 1076 924 1866 964">
    <p class='ocr_par' dir='ltr' id='par_1_79' title="bbox 1076 924 1866 964">
     <span class='ocr_line' id='line_1_79' title="bbox 1076 924 1866 964; baseline 0.01 -14"><span class='ocrx_word' id='word_1_573' title='bbox 1076 924 1198 957; x_wconf 82' lang='grc' dir='ltr'><strong>Πρόσθες</strong></span> <span class='ocrx_word' id='word_1_574' title='bbox 1209 925 1248 961; x_wconf 82' lang='grc' dir='ltr'>τῷ</span> <span class='ocrx_word' id='word_1_575' title='bbox 1263 926 1369 961; x_wconf 79' lang='grc' dir='ltr'>πλούτῳ</span> <span class='ocrx_word' id='word_1_576' title='bbox 1387 927 1435 954; x_wconf 74' lang='grc' dir='ltr'><strong>καὶ</strong></span> <span class='ocrx_word' id='word_1_577' title='bbox 1448 927 1588 963; x_wconf 84' lang='grc' dir='ltr'>πολιτικήν</span> <span class='ocrx_word' id='word_1_578' title='bbox 1611 937 1672 956; x_wconf 85' lang='grc' dir='ltr'>τινα</span> <span class='ocrx_word' id='word_1_579' title='bbox 1697 930 1866 964; x_wconf 76' lang='grc' dir='ltr'>δυναστείαν,</span> 
     </span>
    </p>
   </div>
   <div class='ocr_carea' id='block_1_80' title="bbox 1076 971 1866 1011">
    <p class='ocr_par' dir='ltr' id='par_1_80' title="bbox 1076 971 1866 1011">
     <span class='ocr_line' id='line_1_80' title="bbox 1076 971 1866 1011; baseline 0.009 -14"><span class='ocrx_word' id='word_1_580' title='bbox 1076 971 1186 1003; x_wconf 74' lang='grc' dir='ltr'>καὶτὰς</span> <span class='ocrx_word' id='word_1_581' title='bbox 1205 972 1238 998; x_wconf 82' lang='grc' dir='ltr'><strong>ἑκ</strong></span> <span class='ocrx_word' id='word_1_582' title='bbox 1265 972 1400 1007; x_wconf 86' lang='grc' dir='ltr'>βασιλέων</span> <span class='ocrx_word' id='word_1_583' title='bbox 1419 973 1502 1008; x_wconf 80' lang='grc' dir='ltr'>τιμὰς</span> <span class='ocrx_word' id='word_1_584' title='bbox 1515 971 1535 1006; x_wconf 82' lang='grc'>,”</span> <span class='ocrx_word' id='word_1_585' title='bbox 1550 975 1566 1008; x_wconf 83' lang='grc' dir='ltr'><strong>ἢ</strong></span> <span class='ocrx_word' id='word_1_586' title='bbox 1589 975 1675 1002; x_wconf 77' lang='grc' dir='ltr'>ἐθνῶν</span> <span class='ocrx_word' id='word_1_587' title='bbox 1696 976 1866 1011; x_wconf 71' lang='grc' dir='ltr'>ἐπιμέλειαν,</span> 
     </span>
    </p>
   </div>
   <div class='ocr_carea' id='block_1_81' title="bbox 1076 1017 1867 1057">
    <p class='ocr_par' dir='ltr' id='par_1_81' title="bbox 1076 1017 1867 1057">
     <span class='ocr_line' id='line_1_81' title="bbox 1076 1017 1867 1057; baseline 0.009 -14"><span class='ocrx_word' id='word_1_588' title='bbox 1076 1017 1092 1053; x_wconf 80' lang='grc' dir='ltr'><strong>ἢ</strong></span> <span class='ocrx_word' id='word_1_589' title='bbox 1106 1018 1296 1053; x_wconf 74' lang='grc' dir='ltr'>στρατοπέδων</span> <span class='ocrx_word' id='word_1_590' title='bbox 1310 1019 1458 1054; x_wconf 82' lang='grc' dir='ltr'>ἠγεμονίαν</span> <span class='ocrx_word' id='word_1_591' title='bbox 1469 1027 1476 1034; x_wconf 89' lang='grc'><strong>·</strong></span> <span class='ocrx_word' id='word_1_592' title='bbox 1489 1020 1535 1046; x_wconf 74' lang='grc' dir='ltr'><strong>τὸν</strong></span> <span class='ocrx_word' id='word_1_593' title='bbox 1546 1021 1654 1057; x_wconf 83' lang='grc' dir='ltr'>κήρυκα</span> <span class='ocrx_word' id='word_1_594' title='bbox 1668 1023 1739 1057; x_wconf 74' lang='grc' dir='ltr'>μέγα</span> <span class='ocrx_word' id='word_1_595' title='bbox 1761 1022 1867 1057; x_wconf 80' lang='grc' dir='ltr'>βοῶντα</span> 
     </span>
    </p>
   </div>
   <div class='ocr_carea' id='block_1_82' title="bbox 1077 1064 1867 1105">
    <p class='ocr_par' dir='ltr' id='par_1_82' title="bbox 1077 1064 1867 1105">
     <span class='ocr_line' id='line_1_82' title="bbox 1077 1064 1867 1105; baseline 0.008 -16"><span class='ocrx_word' id='word_1_596' title='bbox 1077 1064 1130 1097; x_wconf 79' lang='grc' dir='ltr'>πρὸ</span> <span class='ocrx_word' id='word_1_597' title='bbox 1142 1064 1236 1097; x_wconf 78' lang='grc' dir='ltr'>αὐτοῦ,</span> <span class='ocrx_word' id='word_1_598' title='bbox 1253 1065 1318 1096; x_wconf 81' lang='grc' dir='ltr'>τοὺς</span> <span class='ocrx_word' id='word_1_599' title='bbox 1331 1065 1515 1101; x_wconf 77' lang='grc' dir='ltr'>ῥαϐδοφόρους</span> <span class='ocrx_word' id='word_1_600' title='bbox 1527 1066 1604 1093; x_wconf 78' lang='grc' dir='ltr'>ἔνθεν</span> <span class='ocrx_word' id='word_1_601' title='bbox 1618 1068 1666 1094; x_wconf 76' lang='grc' dir='ltr'><strong>καὶ</strong></span> <span class='ocrx_word' id='word_1_602' title='bbox 1688 1067 1765 1094; x_wconf 73' lang='grc' dir='ltr'>ἐνθεν</span> <span class='ocrx_word' id='word_1_603' title='bbox 1783 1068 1867 1105; x_wconf 82' lang='grc' dir='ltr'>βαρυ-</span> 
     </span>
    </p>
   </div>
   <div class='ocr_carea' id='block_1_83' title="bbox 1077 1109 1868 1147">
    <p class='ocr_par' dir='ltr' id='par_1_83' title="bbox 1077 1109 1868 1147">
     <span class='ocr_line' id='line_1_83' title="bbox 1077 1109 1868 1147; baseline 0.008 -13"><span class='ocrx_word' id='word_1_604' title='bbox 1077 1109 1162 1143; x_wconf 83' lang='grc' dir='ltr'>τάτην</span> <span class='ocrx_word' id='word_1_605' title='bbox 1179 1109 1349 1145; x_wconf 76' lang='grc' dir='ltr'>κατάπληξιν</span> <span class='ocrx_word' id='word_1_606' title='bbox 1362 1112 1419 1142; x_wconf 84' lang='grc' dir='ltr'>τοῖς</span> <span class='ocrx_word' id='word_1_607' title='bbox 1433 1111 1596 1147; x_wconf 81' lang='grc' dir='ltr'>ἀρχομένοις</span> <span class='ocrx_word' id='word_1_608' title='bbox 1607 1111 1804 1147; x_wconf 75' lang='grc' dir='ltr'>ἐμϐάλλοντας,</span> <span class='ocrx_word' id='word_1_609' title='bbox 1817 1113 1868 1146; x_wconf 81' lang='grc' dir='ltr'><strong>τὰς</strong></span> 
     </span>
    </p>
   </div>
   <div class='ocr_carea' id='block_1_84' title="bbox 1078 1155 1868 1194">
    <p class='ocr_par' dir='ltr' id='par_1_84' title="bbox 1078 1155 1868 1194">
     <span class='ocr_line' id='line_1_84' title="bbox 1078 1155 1868 1194; baseline 0.009 -14"><span class='ocrx_word' id='word_1_610' title='bbox 1078 1155 1195 1189; x_wconf 81' lang='grc' dir='ltr'>πληγὰς,</span> <span class='ocrx_word' id='word_1_611' title='bbox 1210 1156 1259 1187; x_wconf 81' lang='grc' dir='ltr'><strong>τὰς</strong></span> <span class='ocrx_word' id='word_1_612' title='bbox 1276 1156 1434 1191; x_wconf 82' lang='grc' dir='ltr'>δημεύσεις,</span> <span class='ocrx_word' id='word_1_613' title='bbox 1450 1158 1499 1189; x_wconf 78' lang='grc' dir='ltr'><strong>τὰς</strong></span> <span class='ocrx_word' id='word_1_614' title='bbox 1518 1158 1680 1192; x_wconf 77' lang='grc' dir='ltr'>ἀπαγωγάς,</span> <span class='ocrx_word' id='word_1_615' title='bbox 1703 1158 1739 1185; x_wconf 89' lang='grc' dir='ltr'><strong>τά</strong></span> <span class='ocrx_word' id='word_1_616' title='bbox 1758 1159 1868 1194; x_wconf 80' lang='grc' dir='ltr'>δεσμω-</span> 
     </span>
    </p>
   </div>
   <div class='ocr_carea' id='block_1_85' title="bbox 1078 1201 1871 1241">
    <p class='ocr_par' dir='ltr' id='par_1_85' title="bbox 1078 1201 1871 1241">
     <span class='ocr_line' id='line_1_85' title="bbox 1078 1201 1871 1241; baseline 0.008 -14"><span class='ocrx_word' id='word_1_617' title='bbox 1078 1201 1169 1236; x_wconf 81' lang='grc' dir='ltr'>τήρια,</span> <span class='ocrx_word' id='word_1_618' title='bbox 1193 1202 1222 1235; x_wconf 76' lang='grc' dir='ltr'><strong>ἐξ</strong></span> <span class='ocrx_word' id='word_1_619' title='bbox 1244 1201 1281 1228; x_wconf 83' lang='grc' dir='ltr'>ὧν</span> <span class='ocrx_word' id='word_1_620' title='bbox 1307 1203 1463 1238; x_wconf 73' lang='grc' dir='ltr'>ἀπόρρητος</span> <span class='ocrx_word' id='word_1_621' title='bbox 1488 1204 1502 1230; x_wconf 74' lang='grc' dir='ltr'><strong><em>ὁ</em></strong></span> <span class='ocrx_word' id='word_1_622' title='bbox 1523 1204 1600 1239; x_wconf 83' lang='grc' dir='ltr'><strong>παρά</strong></span> <span class='ocrx_word' id='word_1_623' title='bbox 1626 1213 1681 1232; x_wconf 88' lang='grc' dir='ltr'><strong>των</strong></span> <span class='ocrx_word' id='word_1_624' title='bbox 1703 1205 1871 1241; x_wconf 80' lang='grc' dir='ltr'>ὑποχειρίων</span> 
     </span>
    </p>
   </div>
   <div class='ocr_carea' id='block_1_86' title="bbox 1080 1247 1870 1286">
    <p class='ocr_par' dir='ltr' id='par_1_86' title="bbox 1080 1247 1870 1286">
     <span class='ocr_line' id='line_1_86' title="bbox 1080 1247 1870 1286; baseline 0.006 -13"><span class='ocrx_word' id='word_1_625' title='bbox 1080 1247 1285 1282; x_wconf 77' lang='grc' dir='ltr'>συναθροίζεται</span> <span class='ocrx_word' id='word_1_626' title='bbox 1301 1249 1460 1283; x_wconf 73' lang='grc' dir='ltr'>φύδος.Καὶ</span> <span class='ocrx_word' id='word_1_627' title='bbox 1475 1249 1502 1275; x_wconf 89' lang='grc' dir='ltr'><strong>τί</strong></span> <span class='ocrx_word' id='word_1_628' title='bbox 1525 1249 1595 1285; x_wconf 82' lang='grc' dir='ltr'><strong>μετά</strong></span> <span class='ocrx_word' id='word_1_629' title='bbox 1624 1250 1721 1282; x_wconf 81' lang='grc' dir='ltr'>τοῦτο;</span> <span class='ocrx_word' id='word_1_630' title='bbox 1749 1251 1799 1286; x_wconf 88' lang='grc' dir='ltr'><strong>μία</strong></span> <span class='ocrx_word' id='word_1_631' title='bbox 1820 1251 1870 1284; x_wconf 67' lang='grc' dir='ltr'><strong>νὺξ</strong></span> 
     </span>
    </p>
   </div>
   <div class='ocr_carea' id='block_1_87' title="bbox 1078 1294 1870 1332">
    <p class='ocr_par' dir='ltr' id='par_1_87' title="bbox 1078 1294 1870 1332">
     <span class='ocr_line' id='line_1_87' title="bbox 1078 1294 1870 1332; baseline 0.008 -14"><span class='ocrx_word' id='word_1_632' title='bbox 1078 1294 1125 1319; x_wconf 72' lang='grc' dir='ltr'>καὶ</span> <span class='ocrx_word' id='word_1_633' title='bbox 1138 1294 1294 1330; x_wconf 77' lang='grc' dir='ltr'>πυρετὸς,ἢ</span> <span class='ocrx_word' id='word_1_634' title='bbox 1316 1294 1474 1330; x_wconf 77' lang='grc' dir='ltr'>πλευρίτης,</span> <span class='ocrx_word' id='word_1_635' title='bbox 1500 1295 1516 1330; x_wconf 87' lang='grc' dir='ltr'><strong>ἢ</strong></span> <span class='ocrx_word' id='word_1_636' title='bbox 1545 1296 1761 1331; x_wconf 84' lang='grc' dir='ltr'>περιπνευμονία</span> <span class='ocrx_word' id='word_1_637' title='bbox 1785 1297 1870 1332; x_wconf 77' lang='grc' dir='ltr'>ἀνάρ-</span> 
     </span>
    </p>
   </div>
   <div class='ocr_carea' id='block_1_88' title="bbox 1079 1339 1867 1378">
    <p class='ocr_par' dir='ltr' id='par_1_88' title="bbox 1079 1339 1867 1378">
     <span class='ocr_line' id='line_1_88' title="bbox 1079 1339 1867 1378; baseline 0.008 -14"><span class='ocrx_word' id='word_1_638' title='bbox 1079 1347 1181 1366; x_wconf 78' lang='grc' dir='ltr'>παστον</span> <span class='ocrx_word' id='word_1_639' title='bbox 1199 1339 1229 1371; x_wconf 80' lang='grc' dir='ltr'><strong>ἐξ</strong></span> <span class='ocrx_word' id='word_1_640' title='bbox 1246 1339 1407 1374; x_wconf 83' lang='grc' dir='ltr'>ἀνθρώπων,</span> <span class='ocrx_word' id='word_1_641' title='bbox 1422 1341 1567 1374; x_wconf 82' lang='grc' dir='ltr'>ἀπάγουσα</span> <span class='ocrx_word' id='word_1_642' title='bbox 1589 1341 1635 1368; x_wconf 85' lang='grc' dir='ltr'>τὸν</span> <span class='ocrx_word' id='word_1_643' title='bbox 1662 1342 1805 1378; x_wconf 75' lang='grc' dir='ltr'>ἄνθρωπον</span> <span class='ocrx_word' id='word_1_644' title='bbox 1829 1343 1867 1370; x_wconf 71' lang='grc' dir='ltr'>οε.</span> 
     </span>
    </p>
   </div>
   <div class='ocr_carea' id='block_1_89' title="bbox 1079 1385 1870 1423">
    <p class='ocr_par' dir='ltr' id='par_1_89' title="bbox 1079 1385 1870 1423">
     <span class='ocr_line' id='line_1_89' title="bbox 1079 1385 1870 1423; baseline 0.008 -14"><span class='ocrx_word' id='word_1_645' title='bbox 1079 1392 1166 1418; x_wconf 81' lang='grc' dir='ltr'>χεται,</span> <span class='ocrx_word' id='word_1_646' title='bbox 1181 1385 1272 1411; x_wconf 72' lang='grc' dir='ltr'>πᾶσαν</span> <span class='ocrx_word' id='word_1_647' title='bbox 1281 1385 1329 1420; x_wconf 84' lang='grc' dir='ltr'>τὴν</span> <span class='ocrx_word' id='word_1_648' title='bbox 1343 1386 1402 1412; x_wconf 82' lang='grc' dir='ltr'>κατ’</span> <span class='ocrx_word' id='word_1_649' title='bbox 1417 1386 1498 1412; x_wconf 84' lang='grc' dir='ltr'>αὐτὸν</span> <span class='ocrx_word' id='word_1_650' title='bbox 1524 1387 1626 1422; x_wconf 80' lang='grc' dir='ltr'>σκηνὴν</span> <span class='ocrx_word' id='word_1_651' title='bbox 1643 1387 1774 1423; x_wconf 77' lang='grc' dir='ltr'>ἐξαπίνης</span> <span class='ocrx_word' id='word_1_652' title='bbox 1801 1389 1870 1415; x_wconf 79' lang='grc' dir='ltr'>ἀπο-</span> 
     </span>
    </p>
   </div>
   <div class='ocr_carea' id='block_1_90' title="bbox 1080 1429 1872 1467">
    <p class='ocr_par' dir='ltr' id='par_1_90' title="bbox 1080 1429 1872 1467">
     <span class='ocr_line' id='line_1_90' title="bbox 1080 1429 1872 1467; baseline 0.008 -13"><span class='ocrx_word' id='word_1_653' title='bbox 1080 1429 1258 1463; x_wconf 88' lang='grc' dir='ltr'>γυμνώσασα,</span> <span class='ocrx_word' id='word_1_654' title='bbox 1271 1430 1318 1456; x_wconf 76' lang='grc' dir='ltr'>καὶ</span> <span class='ocrx_word' id='word_1_655' title='bbox 1333 1431 1349 1465; x_wconf 86' lang='grc' dir='ltr'>ὴ</span> <span class='ocrx_word' id='word_1_656' title='bbox 1367 1430 1430 1462; x_wconf 78' lang='grc' dir='ltr'>δόξα</span> <span class='ocrx_word' id='word_1_657' title='bbox 1443 1430 1535 1467; x_wconf 81' lang='grc' dir='ltr'>ἐκείνη</span> <span class='ocrx_word' id='word_1_658' title='bbox 1552 1431 1648 1467; x_wconf 84' lang='grc' dir='ltr'>ὥσπερ</span> <span class='ocrx_word' id='word_1_659' title='bbox 1658 1433 1784 1460; x_wconf 72' lang='grc' dir='ltr'>ἐνύπνιον</span> <span class='ocrx_word' id='word_1_660' title='bbox 1801 1433 1872 1460; x_wconf 79' lang='grc' dir='ltr'>ἀπε-</span> 
     </span>
    </p>
   </div>
   <div class='ocr_carea' id='block_1_91' title="bbox 1080 1473 1873 1515">
    <p class='ocr_par' dir='ltr' id='par_1_91' title="bbox 1080 1473 1873 1515">
     <span class='ocr_line' id='line_1_91' title="bbox 1080 1473 1873 1515; baseline 0.009 -16"><span class='ocrx_word' id='word_1_661' title='bbox 1080 1473 1191 1508; x_wconf 79' lang='grc' dir='ltr'>λέγχθη.</span> <span class='ocrx_word' id='word_1_662' title='bbox 1207 1475 1287 1501; x_wconf 75' lang='grc' dir='ltr'>Ὥστε</span> <span class='ocrx_word' id='word_1_663' title='bbox 1317 1475 1495 1503; x_wconf 76' lang='grc' dir='ltr'>ἐπιτέτακται</span> <span class='ocrx_word' id='word_1_664' title='bbox 1522 1477 1561 1513; x_wconf 81' lang='grc' dir='ltr'><strong>τῷ</strong></span> <span class='ocrx_word' id='word_1_665' title='bbox 1582 1479 1710 1514; x_wconf 75' lang='grc' dir='ltr'><strong>προφήτῃ</strong></span> <span class='ocrx_word' id='word_1_666' title='bbox 1724 1480 1741 1514; x_wconf 84' lang='grc' dir='ltr'>ὴ</span> <span class='ocrx_word' id='word_1_667' title='bbox 1757 1480 1824 1515; x_wconf 80' lang='grc' dir='ltr'>πρὸς</span> <span class='ocrx_word' id='word_1_668' title='bbox 1841 1480 1873 1507; x_wconf 71' lang='grc' dir='ltr'><strong>τὺ</strong></span> 
     </span>
    </p>
   </div>
   <div class='ocr_carea' id='block_1_92' title="bbox 1081 1520 1872 1562">
    <p class='ocr_par' dir='ltr' id='par_1_92' title="bbox 1081 1520 1872 1562">
     <span class='ocr_line' id='line_1_92' title="bbox 1081 1520 1872 1562; baseline 0.01 -16"><span class='ocrx_word' id='word_1_669' title='bbox 1081 1520 1280 1556; x_wconf 78' lang='grc' dir='ltr'>ἀδρανὲστερον</span> <span class='ocrx_word' id='word_1_670' title='bbox 1305 1522 1386 1555; x_wconf 79' lang='grc' dir='ltr'>ἀνθος</span> <span class='ocrx_word' id='word_1_671' title='bbox 1407 1523 1538 1558; x_wconf 80' lang='grc' dir='ltr'>ὁμοίωσις</span> <span class='ocrx_word' id='word_1_672' title='bbox 1558 1525 1607 1560; x_wconf 83' lang='grc' dir='ltr'>τῆς</span> <span class='ocrx_word' id='word_1_673' title='bbox 1630 1525 1805 1562; x_wconf 75' lang='grc' dir='ltr'>ἀνθρωπίνης</span> <span class='ocrx_word' id='word_1_674' title='bbox 1818 1527 1872 1562; x_wconf 74' lang='grc' dir='ltr'><strong>φύ-</strong></span> 
     </span>
    </p>
   </div>
   <div class='ocr_carea' id='block_1_93' title="bbox 1082 1575 1160 1599">
    <p class='ocr_par' dir='ltr' id='par_1_93' title="bbox 1082 1575 1160 1599">
     <span class='ocr_line' id='line_1_93' title="bbox 1082 1575 1160 1599; baseline 0.013 -5"><span class='ocrx_word' id='word_1_675' title='bbox 1082 1575 1160 1599; x_wconf 81' lang='grc' dir='ltr'>σεως.</span> 
     </span>
    </p>
   </div>
   <div class='ocr_carea' id='block_1_94' title="bbox 1117 1692 1869 1730">
    <p class='ocr_par' dir='ltr' id='par_1_94' title="bbox 1117 1692 1869 1730">
     <span class='ocr_line' id='line_1_94' title="bbox 1117 1692 1869 1730; baseline 0.005 -12"><span class='ocrx_word' id='word_1_676' title='bbox 1117 1692 1199 1719; x_wconf 73' lang='grc' dir='ltr'>Οὐδὲν</span> <span class='ocrx_word' id='word_1_677' title='bbox 1217 1692 1330 1727; x_wconf 85' lang='grc' dir='ltr'>μόνιμον</span> <span class='ocrx_word' id='word_1_678' title='bbox 1347 1692 1400 1719; x_wconf 84' lang='grc' dir='ltr'>τῶν</span> <span class='ocrx_word' id='word_1_679' title='bbox 1413 1692 1608 1728; x_wconf 78' lang='grc' dir='ltr'>ἀνθρωπίνων·</span> <span class='ocrx_word' id='word_1_680' title='bbox 1628 1693 1698 1721; x_wconf 72' lang='grc' dir='ltr'>ἀλλὰ</span> <span class='ocrx_word' id='word_1_681' title='bbox 1718 1694 1752 1721; x_wconf 88' lang='grc' dir='ltr'><strong>τά</strong></span> <span class='ocrx_word' id='word_1_682' title='bbox 1773 1694 1824 1730; x_wconf 86' lang='grc' dir='ltr'>μὲν</span> <span class='ocrx_word' id='word_1_683' title='bbox 1836 1695 1869 1722; x_wconf 77' lang='grc' dir='ltr'><strong>ἐκ</strong></span> 
     </span>
    </p>
   </div>
   <div class='ocr_carea' id='block_1_95' title="bbox 1082 1738 1874 1777">
    <p class='ocr_par' dir='ltr' id='par_1_95' title="bbox 1082 1738 1874 1777">
     <span class='ocr_line' id='line_1_95' title="bbox 1082 1738 1874 1777; baseline 0.005 -13"><span class='ocrx_word' id='word_1_684' title='bbox 1082 1738 1129 1765; x_wconf 76' lang='grc' dir='ltr'>τοῦ</span> <span class='ocrx_word' id='word_1_685' title='bbox 1145 1739 1182 1774; x_wconf 89' lang='grc' dir='ltr'>μὴ</span> <span class='ocrx_word' id='word_1_686' title='bbox 1194 1738 1270 1770; x_wconf 70' lang='grc' dir='ltr'>ὄντος</span> <span class='ocrx_word' id='word_1_687' title='bbox 1285 1739 1408 1774; x_wconf 81' lang='grc' dir='ltr'>πρόεισιν</span> <span class='ocrx_word' id='word_1_688' title='bbox 1424 1741 1464 1771; x_wconf 79' lang='grc' dir='ltr'><strong>εἰς</strong></span> <span class='ocrx_word' id='word_1_689' title='bbox 1480 1740 1510 1766; x_wconf 84' lang='grc' dir='ltr'>τὸ</span> <span class='ocrx_word' id='word_1_690' title='bbox 1522 1740 1624 1766; x_wconf 84' lang='grc' dir='ltr'>τέλειον</span> <span class='ocrx_word' id='word_1_691' title='bbox 1633 1749 1639 1755; x_wconf 93' lang='grc'><strong>·</strong></span> <span class='ocrx_word' id='word_1_692' title='bbox 1656 1739 1689 1767; x_wconf 74' lang='grc' dir='ltr'><strong>τὰ</strong></span> <span class='ocrx_word' id='word_1_693' title='bbox 1702 1740 1730 1767; x_wconf 82' lang='grc' dir='ltr'>δὲ</span> <span class='ocrx_word' id='word_1_694' title='bbox 1742 1741 1812 1777; x_wconf 76' lang='grc' dir='ltr'>πρὸς</span> <span class='ocrx_word' id='word_1_695' title='bbox 1824 1741 1874 1777; x_wconf 76' lang='grc' dir='ltr'><strong>τὴν</strong></span> 
     </span>
    </p>
   </div>
   <div class='ocr_carea' id='block_1_96' title="bbox 1083 1784 1874 1823">
    <p class='ocr_par' dir='ltr' id='par_1_96' title="bbox 1083 1784 1874 1823">
     <span class='ocr_line' id='line_1_96' title="bbox 1083 1784 1874 1823; baseline 0.005 -13"><span class='ocrx_word' id='word_1_696' title='bbox 1083 1784 1186 1811; x_wconf 75' lang='grc' dir='ltr'>οἰκείαν</span> <span class='ocrx_word' id='word_1_697' title='bbox 1203 1785 1296 1820; x_wconf 84' lang='grc' dir='ltr'>ἀκμὴν</span> <span class='ocrx_word' id='word_1_698' title='bbox 1319 1785 1471 1820; x_wconf 76' lang='grc' dir='ltr'>φθάσαντα,</span> <span class='ocrx_word' id='word_1_699' title='bbox 1487 1785 1534 1812; x_wconf 76' lang='grc' dir='ltr'>καὶ</span> <span class='ocrx_word' id='word_1_700' title='bbox 1556 1785 1587 1812; x_wconf 79' lang='grc' dir='ltr'>τὸ</span> <span class='ocrx_word' id='word_1_701' title='bbox 1604 1785 1754 1821; x_wconf 73' lang='grc' dir='ltr'>ἀκρότατον</span> <span class='ocrx_word' id='word_1_702' title='bbox 1773 1787 1874 1823; x_wconf 82' lang='grc' dir='ltr'>μέτρον</span> 
     </span>
    </p>
   </div>
   <div class='ocr_carea' id='block_1_97' title="bbox 1083 1829 1874 1868">
    <p class='ocr_par' dir='ltr' id='par_1_97' title="bbox 1083 1829 1874 1868">
     <span class='ocr_line' id='line_1_97' title="bbox 1083 1829 1874 1868; baseline 0.004 -12"><span class='ocrx_word' id='word_1_703' title='bbox 1083 1829 1173 1857; x_wconf 84' lang='grc' dir='ltr'>αὐτῶν</span> <span class='ocrx_word' id='word_1_704' title='bbox 1191 1829 1354 1865; x_wconf 75' lang='grc' dir='ltr'>αὐξηθέντα,</span> <span class='ocrx_word' id='word_1_705' title='bbox 1375 1830 1458 1857; x_wconf 87' lang='grc' dir='ltr'>πάλιν</span> <span class='ocrx_word' id='word_1_706' title='bbox 1480 1832 1540 1862; x_wconf 85' lang='grc' dir='ltr'>ταῖς</span> <span class='ocrx_word' id='word_1_707' title='bbox 1559 1831 1631 1857; x_wconf 82' lang='grc' dir='ltr'><strong>κατά</strong></span> <span class='ocrx_word' id='word_1_708' title='bbox 1651 1832 1749 1867; x_wconf 77' lang='grc' dir='ltr'>μικρὸν</span> <span class='ocrx_word' id='word_1_709' title='bbox 1759 1832 1874 1868; x_wconf 70' lang='grc' dir='ltr'>ὑφαιρέ-</span> 
     </span>
    </p>
   </div>
   <div class='ocr_carea' id='block_1_98' title="bbox 1085 1874 1876 1913">
    <p class='ocr_par' dir='ltr' id='par_1_98' title="bbox 1085 1874 1876 1913">
     <span class='ocr_line' id='line_1_98' title="bbox 1085 1874 1876 1913; baseline 0.004 -11"><span class='ocrx_word' id='word_1_710' title='bbox 1085 1884 1144 1902; x_wconf 90' lang='grc' dir='ltr'>σεσι</span> <span class='ocrx_word' id='word_1_711' title='bbox 1168 1874 1257 1910; x_wconf 85' lang='grc' dir='ltr'>φθίνει</span> <span class='ocrx_word' id='word_1_712' title='bbox 1281 1884 1311 1902; x_wconf 88' lang='grc' dir='ltr'><strong>τε</strong></span> <span class='ocrx_word' id='word_1_713' title='bbox 1336 1876 1385 1902; x_wconf 77' lang='grc' dir='ltr'>καὶ</span> <span class='ocrx_word' id='word_1_714' title='bbox 1409 1875 1558 1909; x_wconf 84' lang='grc' dir='ltr'>διαλύεται,</span> <span class='ocrx_word' id='word_1_715' title='bbox 1588 1876 1636 1903; x_wconf 75' lang='grc' dir='ltr'><strong>καὶ</strong></span> <span class='ocrx_word' id='word_1_716' title='bbox 1657 1877 1808 1913; x_wconf 78' lang='grc' dir='ltr'>μειούμενα</span> <span class='ocrx_word' id='word_1_717' title='bbox 1823 1887 1876 1905; x_wconf 83' lang='grc' dir='ltr'>κα-</span> 
     </span>
    </p>
   </div>
   <div class='ocr_carea' id='block_1_99' title="bbox 1085 1921 1876 1959">
    <p class='ocr_par' dir='ltr' id='par_1_99' title="bbox 1085 1921 1876 1959">
     <span class='ocr_line' id='line_1_99' title="bbox 1085 1921 1876 1959; baseline 0.003 -10"><span class='ocrx_word' id='word_1_718' title='bbox 1085 1921 1219 1957; x_wconf 85' lang='grc' dir='ltr'>θαιρεῖται</span> <span class='ocrx_word' id='word_1_719' title='bbox 1233 1929 1240 1936; x_wconf 90' lang='grc'><strong>·</strong></span> <span class='ocrx_word' id='word_1_720' title='bbox 1255 1921 1327 1948; x_wconf 83' lang='grc' dir='ltr'>ὥστε</span> <span class='ocrx_word' id='word_1_721' title='bbox 1340 1921 1373 1948; x_wconf 75' lang='grc' dir='ltr'><strong>ἐκ</strong></span> <span class='ocrx_word' id='word_1_722' title='bbox 1389 1921 1436 1948; x_wconf 84' lang='grc' dir='ltr'>τοῦ</span> <span class='ocrx_word' id='word_1_723' title='bbox 1450 1921 1521 1949; x_wconf 82' lang='grc' dir='ltr'>κατὰ</span> <span class='ocrx_word' id='word_1_724' title='bbox 1541 1922 1592 1957; x_wconf 85' lang='grc' dir='ltr'>τὴν</span> <span class='ocrx_word' id='word_1_725' title='bbox 1610 1922 1726 1958; x_wconf 86' lang='grc' dir='ltr'>σελήνην</span> <span class='ocrx_word' id='word_1_726' title='bbox 1740 1923 1876 1959; x_wconf 81' lang='grc' dir='ltr'>θεάματος</span> 
     </span>
    </p>
   </div>
   <div class='ocr_carea' id='block_1_100' title="bbox 1085 1966 1875 2004">
    <p class='ocr_par' dir='ltr' id='par_1_100' title="bbox 1085 1966 1875 2004">
     <span class='ocr_line' id='line_1_100' title="bbox 1085 1966 1875 2004; baseline 0.004 -11"><span class='ocrx_word' id='word_1_727' title='bbox 1085 1966 1264 1995; x_wconf 83' lang='grc' dir='ltr'>παιδεύεσθαι</span> <span class='ocrx_word' id='word_1_728' title='bbox 1281 1968 1356 2003; x_wconf 80' lang='grc' dir='ltr'>ἡμᾶς</span> <span class='ocrx_word' id='word_1_729' title='bbox 1367 1967 1403 1994; x_wconf 83' lang='grc' dir='ltr'>τὰ</span> <span class='ocrx_word' id='word_1_730' title='bbox 1418 1967 1550 2003; x_wconf 81' lang='grc' dir='ltr'>ἡμέτερα,</span> <span class='ocrx_word' id='word_1_731' title='bbox 1569 1967 1618 1994; x_wconf 79' lang='grc' dir='ltr'><strong>καὶ</strong></span> <span class='ocrx_word' id='word_1_732' title='bbox 1633 1968 1682 2003; x_wconf 88' lang='grc' dir='ltr'>τῆς</span> <span class='ocrx_word' id='word_1_733' title='bbox 1695 1969 1808 2004; x_wconf 85' lang='grc' dir='ltr'>ταχείας</span> <span class='ocrx_word' id='word_1_734' title='bbox 1820 1970 1875 1996; x_wconf 82' lang='grc' dir='ltr'><strong>τῶν</strong></span> 
     </span>
    </p>
   </div>
   <div class='ocr_carea' id='block_1_101' title="bbox 1085 2012 1876 2051">
    <p class='ocr_par' dir='ltr' id='par_1_101' title="bbox 1085 2012 1876 2051">
     <span class='ocr_line' id='line_1_101' title="bbox 1085 2012 1876 2051; baseline 0.004 -12"><span class='ocrx_word' id='word_1_735' title='bbox 1085 2012 1264 2049; x_wconf 84' lang='grc' dir='ltr'>ἀνθρωπίνων</span> <span class='ocrx_word' id='word_1_736' title='bbox 1287 2014 1458 2049; x_wconf 78' lang='grc' dir='ltr'>περιτροπῆς</span> <span class='ocrx_word' id='word_1_737' title='bbox 1483 2013 1674 2049; x_wconf 76' lang='grc' dir='ltr'>λαμϐάνοντας</span> <span class='ocrx_word' id='word_1_738' title='bbox 1695 2014 1812 2047; x_wconf 73' lang='grc' dir='ltr'>ἔννοιαν,</span> <span class='ocrx_word' id='word_1_739' title='bbox 1838 2016 1876 2051; x_wconf 79' lang='grc' dir='ltr'>μὴ</span> 
     </span>
    </p>
   </div>
   <div class='ocr_carea' id='block_1_102' title="bbox 1088 2059 1878 2096">
    <p class='ocr_par' dir='ltr' id='par_1_102' title="bbox 1088 2059 1878 2096">
     <span class='ocr_line' id='line_1_102' title="bbox 1088 2059 1878 2096; baseline 0.003 -10"><span class='ocrx_word' id='word_1_740' title='bbox 1088 2060 1303 2096; x_wconf 86' lang='grc' dir='ltr'>μεγαλοφρονεῖν</span> <span class='ocrx_word' id='word_1_741' title='bbox 1326 2061 1387 2091; x_wconf 87' lang='grc' dir='ltr'>ταῖς</span> <span class='ocrx_word' id='word_1_742' title='bbox 1417 2059 1580 2095; x_wconf 86' lang='grc' dir='ltr'>εὐημερίαις</span> <span class='ocrx_word' id='word_1_743' title='bbox 1608 2059 1656 2086; x_wconf 87' lang='grc' dir='ltr'>τοῦ</span> <span class='ocrx_word' id='word_1_744' title='bbox 1673 2059 1742 2095; x_wconf 78' lang='grc' dir='ltr'>βίον,</span> <span class='ocrx_word' id='word_1_745' title='bbox 1768 2061 1806 2096; x_wconf 82' lang='grc' dir='ltr'>μὴ</span> <span class='ocrx_word' id='word_1_746' title='bbox 1832 2062 1878 2088; x_wconf 79' lang='grc' dir='ltr'><strong>ἐπ-</strong></span> 
     </span>
    </p>
   </div>
   <div class='ocr_carea' id='block_1_103' title="bbox 1086 2104 1878 2143">
    <p class='ocr_par' dir='ltr' id='par_1_103' title="bbox 1086 2104 1878 2143">
     <span class='ocr_line' id='line_1_103' title="bbox 1086 2104 1878 2143; baseline 0.004 -12"><span class='ocrx_word' id='word_1_747' title='bbox 1086 2104 1253 2138; x_wconf 84' lang='grc' dir='ltr'>αγάλλεσθαι</span> <span class='ocrx_word' id='word_1_748' title='bbox 1268 2104 1449 2137; x_wconf 77' lang='grc' dir='ltr'>δυναστείαις,</span> <span class='ocrx_word' id='word_1_749' title='bbox 1461 2105 1499 2140; x_wconf 83' lang='grc' dir='ltr'>μὴ</span> <span class='ocrx_word' id='word_1_750' title='bbox 1513 2104 1674 2140; x_wconf 80' lang='grc' dir='ltr'>ὲπαίρεσθαι</span> <span class='ocrx_word' id='word_1_751' title='bbox 1683 2105 1799 2134; x_wconf 78' lang='grc' dir='ltr'>πλούτου</span> <span class='ocrx_word' id='word_1_752' title='bbox 1813 2107 1878 2143; x_wconf 84' lang='grc' dir='ltr'>ἀδη-</span> 
     </span>
    </p>
   </div>
   <div class='ocr_carea' id='block_1_104' title="bbox 1086 2149 1876 2186">
    <p class='ocr_par' dir='ltr' id='par_1_104' title="bbox 1086 2149 1876 2186">
     <span class='ocr_line' id='line_1_104' title="bbox 1086 2149 1876 2186; baseline 0.004 -11"><span class='ocrx_word' id='word_1_753' title='bbox 1086 2149 1178 2184; x_wconf 80' lang='grc' dir='ltr'>λότητι</span> <span class='ocrx_word' id='word_1_754' title='bbox 1189 2158 1196 2166; x_wconf 86' lang='grc'>·</span> <span class='ocrx_word' id='word_1_755' title='bbox 1211 2150 1388 2185; x_wconf 84' lang='grc' dir='ltr'>περιφρονεῖν</span> <span class='ocrx_word' id='word_1_756' title='bbox 1398 2149 1447 2185; x_wconf 88' lang='grc' dir='ltr'>τῆς</span> <span class='ocrx_word' id='word_1_757' title='bbox 1460 2149 1562 2186; x_wconf 80' lang='grc' dir='ltr'>σαρκὸς</span> <span class='ocrx_word' id='word_1_758' title='bbox 1573 2150 1637 2186; x_wconf 80' lang='grc' dir='ltr'>περὶ</span> <span class='ocrx_word' id='word_1_759' title='bbox 1654 2150 1687 2186; x_wconf 86' lang='grc' dir='ltr'>ἢν</span> <span class='ocrx_word' id='word_1_760' title='bbox 1696 2151 1713 2186; x_wconf 84' lang='grc' dir='ltr'>ἡ</span> <span class='ocrx_word' id='word_1_761' title='bbox 1724 2150 1876 2186; x_wconf 84' lang='grc' dir='ltr'>ἀλλοίωσις,</span> 
     </span>
    </p>
   </div>
   <div class='ocr_carea' id='block_1_105' title="bbox 1087 2188 1878 2233">
    <p class='ocr_par' dir='ltr' id='par_1_105' title="bbox 1087 2188 1878 2233">
     <span class='ocr_line' id='line_1_105' title="bbox 1087 2188 1878 2233; baseline 0.004 -13"><span class='ocrx_word' id='word_1_762' title='bbox 1087 2188 1277 2229; x_wconf 84' lang='grc' dir='ltr'>ὲπὶμελεῖσθαι</span> <span class='ocrx_word' id='word_1_763' title='bbox 1297 2193 1327 2220; x_wconf 80' lang='grc' dir='ltr'>δὲ</span> <span class='ocrx_word' id='word_1_764' title='bbox 1351 2193 1402 2229; x_wconf 83' lang='grc' dir='ltr'>τῆς</span> <span class='ocrx_word' id='word_1_765' title='bbox 1434 2193 1541 2229; x_wconf 84' lang='grc' dir='ltr'>ψυχῆς,</span> <span class='ocrx_word' id='word_1_766' title='bbox 1569 2191 1603 2233; x_wconf 82' lang='grc' dir='ltr'>ἧς</span> <span class='ocrx_word' id='word_1_767' title='bbox 1625 2195 1656 2220; x_wconf 83' lang='grc' dir='ltr'><strong>τὺ</strong></span> <span class='ocrx_word' id='word_1_768' title='bbox 1676 2195 1778 2229; x_wconf 87' lang='grc' dir='ltr'>ἀγαθόν</span> <span class='ocrx_word' id='word_1_769' title='bbox 1802 2196 1878 2223; x_wconf 78' lang='grc' dir='ltr'>ἐστιν</span> 
     </span>
    </p>
   </div>
   <div class='ocr_carea' id='block_1_106' title="bbox 1088 2239 1879 2276">
    <p class='ocr_par' dir='ltr' id='par_1_106' title="bbox 1088 2239 1879 2276">
     <span class='ocr_line' id='line_1_106' title="bbox 1088 2239 1879 2276; baseline 0 -9"><span class='ocrx_word' id='word_1_770' title='bbox 1088 2240 1227 2275; x_wconf 84' lang='grc' dir='ltr'>ἀκίνητον.</span> <span class='ocrx_word' id='word_1_771' title='bbox 1247 2240 1278 2267; x_wconf 86' lang='grc' dir='ltr'><strong>Εἰ</strong></span> <span class='ocrx_word' id='word_1_772' title='bbox 1295 2239 1324 2266; x_wconf 84' lang='grc' dir='ltr'>δὲ</span> <span class='ocrx_word' id='word_1_773' title='bbox 1347 2239 1429 2266; x_wconf 71' lang='grc' dir='ltr'>λυπεῖ</span> <span class='ocrx_word' id='word_1_774' title='bbox 1454 2248 1485 2266; x_wconf 85' lang='grc' dir='ltr'><strong>σε</strong></span> <span class='ocrx_word' id='word_1_775' title='bbox 1511 2240 1528 2274; x_wconf 87' lang='grc' dir='ltr'><strong>ή</strong></span> <span class='ocrx_word' id='word_1_776' title='bbox 1558 2239 1656 2275; x_wconf 77' lang='grc' dir='ltr'>σελήνη</span> <span class='ocrx_word' id='word_1_777' title='bbox 1672 2241 1733 2272; x_wconf 81' lang='grc' dir='ltr'>ταῖς</span> <span class='ocrx_word' id='word_1_778' title='bbox 1747 2240 1817 2267; x_wconf 80' lang='grc' dir='ltr'>κατά</span> <span class='ocrx_word' id='word_1_779' title='bbox 1833 2250 1879 2276; x_wconf 84' lang='grc' dir='ltr'>μι-</span> 
     </span>
    </p>
   </div>
   <div class='ocr_carea' id='block_1_107' title="bbox 1088 2283 1879 2320">
    <p class='ocr_par' dir='ltr' id='par_1_107' title="bbox 1088 2283 1879 2320">
     <span class='ocr_line' id='line_1_107' title="bbox 1088 2283 1879 2320; baseline 0.003 -10"><span class='ocrx_word' id='word_1_780' title='bbox 1088 2284 1153 2320; x_wconf 78' lang='grc' dir='ltr'>κρὸν</span> <span class='ocrx_word' id='word_1_781' title='bbox 1174 2283 1337 2319; x_wconf 82' lang='grc' dir='ltr'>ἀφαιρέσεσι</span> <span class='ocrx_word' id='word_1_782' title='bbox 1362 2283 1393 2310; x_wconf 81' lang='grc' dir='ltr'><strong>τὺ</strong></span> <span class='ocrx_word' id='word_1_783' title='bbox 1417 2283 1518 2318; x_wconf 78' lang='grc' dir='ltr'>φέγγος</span> <span class='ocrx_word' id='word_1_784' title='bbox 1536 2283 1744 2318; x_wconf 78' lang='grc' dir='ltr'>ὲξαφανίζουσα,</span> <span class='ocrx_word' id='word_1_785' title='bbox 1760 2284 1879 2312; x_wconf 82' lang='grc' dir='ltr'>λυπείτω</span> 
     </span>
    </p>
   </div>
   <div class='ocr_carea' id='block_1_108' title="bbox 1089 2328 1878 2365">
    <p class='ocr_par' dir='ltr' id='par_1_108' title="bbox 1089 2328 1878 2365">
     <span class='ocr_line' id='line_1_108' title="bbox 1089 2328 1878 2365; baseline 0.003 -9"><span class='ocrx_word' id='word_1_786' title='bbox 1089 2338 1119 2356; x_wconf 86' lang='grc' dir='ltr'><strong>σε</strong></span> <span class='ocrx_word' id='word_1_787' title='bbox 1146 2329 1228 2357; x_wconf 82' lang='grc' dir='ltr'>πλέον</span> <span class='ocrx_word' id='word_1_788' title='bbox 1258 2328 1332 2365; x_wconf 81' lang='grc' dir='ltr'>ψυχὴ</span> <span class='ocrx_word' id='word_1_789' title='bbox 1362 2329 1463 2365; x_wconf 84' lang='grc' dir='ltr'>ἀρετὴν</span> <span class='ocrx_word' id='word_1_790' title='bbox 1492 2329 1529 2365; x_wconf 84' lang='grc' dir='ltr'>μὴ</span> <span class='ocrx_word' id='word_1_791' title='bbox 1563 2330 1736 2365; x_wconf 82' lang='grc' dir='ltr'>κτησαμένη,</span> <span class='ocrx_word' id='word_1_792' title='bbox 1760 2331 1807 2357; x_wconf 74' lang='grc' dir='ltr'><strong>καὶ</strong></span> <span class='ocrx_word' id='word_1_793' title='bbox 1832 2331 1878 2358; x_wconf 74' lang='grc' dir='ltr'>διὰ</span> 
     </span>
    </p>
   </div>
   <div class='ocr_carea' id='block_1_109' title="bbox 1089 2374 1878 2411">
    <p class='ocr_par' dir='ltr' id='par_1_109' title="bbox 1089 2374 1878 2411">
     <span class='ocr_line' id='line_1_109' title="bbox 1089 2374 1878 2411; baseline 0.001 -10"><span class='ocrx_word' id='word_1_794' title='bbox 1089 2375 1255 2410; x_wconf 79' lang='grc' dir='ltr'>ἀπροσεξίας</span> <span class='ocrx_word' id='word_1_795' title='bbox 1273 2375 1365 2402; x_wconf 78' lang='grc' dir='ltr'>αἰτίαν</span> <span class='ocrx_word' id='word_1_796' title='bbox 1387 2374 1417 2401; x_wconf 77' lang='grc' dir='ltr'>τὸ</span> <span class='ocrx_word' id='word_1_797' title='bbox 1439 2375 1523 2402; x_wconf 80' lang='grc' dir='ltr'>καλὸν</span> <span class='ocrx_word' id='word_1_798' title='bbox 1544 2374 1723 2409; x_wconf 74' lang='grc' dir='ltr'>ἀφανίζουσα,</span> <span class='ocrx_word' id='word_1_799' title='bbox 1748 2376 1796 2402; x_wconf 77' lang='grc' dir='ltr'><strong>καὶ</strong></span> <span class='ocrx_word' id='word_1_800' title='bbox 1822 2384 1878 2411; x_wconf 92' lang='grc' dir='ltr'>μη-</span> 
     </span>
    </p>
   </div>
   <div class='ocr_carea' id='block_1_110' title="bbox 1088 2420 1879 2456">
    <p class='ocr_par' dir='ltr' id='par_1_110' title="bbox 1088 2420 1879 2456">
     <span class='ocr_line' id='line_1_110' title="bbox 1088 2420 1879 2456; baseline 0 -8"><span class='ocrx_word' id='word_1_801' title='bbox 1088 2422 1183 2448; x_wconf 72' lang='grc' dir='ltr'>δέποτε</span> <span class='ocrx_word' id='word_1_802' title='bbox 1210 2420 1256 2449; x_wconf 77' lang='grc' dir='ltr'><strong>ὲπὶ</strong></span> <span class='ocrx_word' id='word_1_803' title='bbox 1280 2422 1331 2456; x_wconf 80' lang='grc' dir='ltr'>τῆς</span> <span class='ocrx_word' id='word_1_804' title='bbox 1353 2420 1439 2456; x_wconf 80' lang='grc' dir='ltr'>αὐτῆς</span> <span class='ocrx_word' id='word_1_805' title='bbox 1461 2420 1608 2452; x_wconf 78' lang='grc' dir='ltr'>διαθέσεως</span> <span class='ocrx_word' id='word_1_806' title='bbox 1636 2420 1775 2456; x_wconf 82' lang='grc' dir='ltr'>μένουσα·</span> <span class='ocrx_word' id='word_1_807' title='bbox 1809 2421 1879 2448; x_wconf 87' lang='grc' dir='ltr'><strong>ἀλλά</strong></span> 
     </span>
    </p>
   </div>
   <div class='ocr_carea' id='block_1_111' title="bbox 1090 2466 1879 2503">
    <p class='ocr_par' dir='ltr' id='par_1_111' title="bbox 1090 2466 1879 2503">
     <span class='ocr_line' id='line_1_111' title="bbox 1090 2466 1879 2503; baseline -0.001 -8"><span class='ocrx_word' id='word_1_808' title='bbox 1090 2467 1181 2495; x_wconf 84' lang='grc' dir='ltr'>πυκνά</span> <span class='ocrx_word' id='word_1_809' title='bbox 1204 2467 1372 2503; x_wconf 84' lang='grc' dir='ltr'>τρεπομένη,</span> <span class='ocrx_word' id='word_1_810' title='bbox 1398 2466 1446 2494; x_wconf 72' lang='grc' dir='ltr'>καί</span> <span class='ocrx_word' id='word_1_811' title='bbox 1473 2466 1696 2502; x_wconf 78' lang='grc' dir='ltr'>μεταϐαλλομένη</span> <span class='ocrx_word' id='word_1_812' title='bbox 1720 2467 1765 2494; x_wconf 88' lang='grc' dir='ltr'><strong>διά</strong></span> <span class='ocrx_word' id='word_1_813' title='bbox 1783 2467 1814 2494; x_wconf 75' lang='grc' dir='ltr'><strong>τὸ</strong></span> <span class='ocrx_word' id='word_1_814' title='bbox 1828 2467 1879 2503; x_wconf 79' lang='grc' dir='ltr'>τῆς</span> 
     </span>
    </p>
   </div>
   <div class='ocr_carea' id='block_1_112' title="bbox 1089 2512 1366 2548">
    <p class='ocr_par' dir='ltr' id='par_1_112' title="bbox 1089 2512 1366 2548">
     <span class='ocr_line' id='line_1_112' title="bbox 1089 2512 1366 2548; baseline -0.004 -9"><span class='ocrx_word' id='word_1_815' title='bbox 1089 2512 1202 2548; x_wconf 78' lang='grc' dir='ltr'>γνώμης</span> <span class='ocrx_word' id='word_1_816' title='bbox 1216 2512 1366 2548; x_wconf 89' lang='grc' dir='ltr'>ἀνίδρυτον.</span> 
     </span>
    </p>
   </div>
   <div class='ocr_carea' id='block_1_113' title="bbox 1126 2651 1880 2690">
    <p class='ocr_par' dir='ltr' id='par_1_113' title="bbox 1126 2651 1880 2690">
     <span class='ocr_line' id='line_1_113' title="bbox 1126 2651 1880 2690; baseline -0.004 -9"><span class='ocrx_word' id='word_1_817' title='bbox 1126 2654 1180 2681; x_wconf 78' lang='grc' dir='ltr'><strong>Τὸν</strong></span> <span class='ocrx_word' id='word_1_818' title='bbox 1207 2654 1264 2690; x_wconf 85' lang='grc' dir='ltr'>βίον</span> <span class='ocrx_word' id='word_1_819' title='bbox 1286 2652 1381 2680; x_wconf 81' lang='grc' dir='ltr'>τοῦτον</span> <span class='ocrx_word' id='word_1_820' title='bbox 1404 2651 1537 2687; x_wconf 81' lang='grc' dir='ltr'>πολλαχοῦ</span> <span class='ocrx_word' id='word_1_821' title='bbox 1560 2651 1725 2687; x_wconf 78' lang='grc' dir='ltr'>εὑρίσκομεν</span> <span class='ocrx_word' id='word_1_822' title='bbox 1748 2651 1800 2679; x_wconf 76' lang='grc' dir='ltr'><strong>ὕπὸ</strong></span> <span class='ocrx_word' id='word_1_823' title='bbox 1830 2651 1880 2687; x_wconf 84' lang='grc' dir='ltr'>τῆς</span> 
     </span>
    </p>
   </div>
   <div class='ocr_carea' id='block_1_114' title="bbox 1093 2697 1877 2736">
    <p class='ocr_par' dir='ltr' id='par_1_114' title="bbox 1093 2697 1877 2736">
     <span class='ocr_line' id='line_1_114' title="bbox 1093 2697 1877 2736; baseline -0.005 -8"><span class='ocrx_word' id='word_1_824' title='bbox 1093 2701 1169 2733; x_wconf 85' lang='grc' dir='ltr'>θείας</span> <span class='ocrx_word' id='word_1_825' title='bbox 1189 2700 1302 2736; x_wconf 80' lang='grc' dir='ltr'>Γραφῆς</span> <span class='ocrx_word' id='word_1_826' title='bbox 1324 2699 1407 2726; x_wconf 81' lang='grc' dir='ltr'>ὕδατα</span> <span class='ocrx_word' id='word_1_827' title='bbox 1429 2698 1476 2725; x_wconf 75' lang='grc' dir='ltr'>καὶ</span> <span class='ocrx_word' id='word_1_828' title='bbox 1502 2697 1640 2725; x_wconf 86' lang='grc' dir='ltr'>θάλασσαν</span> <span class='ocrx_word' id='word_1_829' title='bbox 1664 2697 1877 2732; x_wconf 79' lang='grc' dir='ltr'>ὀνομαζόμενον·</span> 
     </span>
    </p>
   </div>
   <div class='ocr_carea' id='block_1_115' title="bbox 1092 2741 1881 2781">
    <p class='ocr_par' dir='ltr' id='par_1_115' title="bbox 1092 2741 1881 2781">
     <span class='ocr_line' id='line_1_115' title="bbox 1092 2741 1881 2781; baseline -0.006 -8"><span class='ocrx_word' id='word_1_830' title='bbox 1092 2747 1130 2779; x_wconf 80' lang='grc' dir='ltr'>ὡς</span> <span class='ocrx_word' id='word_1_831' title='bbox 1151 2748 1180 2773; x_wconf 84' lang='grc' dir='ltr'>ὲν</span> <span class='ocrx_word' id='word_1_832' title='bbox 1204 2745 1243 2781; x_wconf 88' lang='grc' dir='ltr'>τῷ</span> <span class='ocrx_word' id='word_1_833' title='bbox 1264 2744 1374 2780; x_wconf 83' lang='grc' dir='ltr'>ψαλμῷ,</span> <span class='ocrx_word' id='word_1_834' title='bbox 1393 2753 1403 2771; x_wconf 75' lang='grc' dir='ltr'><strong>ι</strong></span> <span class='ocrx_word' id='word_1_835' title='bbox 1427 2743 1632 2776; x_wconf 78' lang='grc' dir='ltr'>Ἐξαπέστειλεν</span> <span class='ocrx_word' id='word_1_836' title='bbox 1653 2743 1683 2775; x_wconf 72' lang='grc' dir='ltr'><strong>ἐξ</strong></span> <span class='ocrx_word' id='word_1_837' title='bbox 1708 2742 1803 2778; x_wconf 79' lang='grc' dir='ltr'>ὕψους,</span> <span class='ocrx_word' id='word_1_838' title='bbox 1831 2741 1881 2769; x_wconf 79' lang='grc' dir='ltr'><strong>καὶ</strong></span> 
     </span>
    </p>
   </div>
   <div class='ocr_carea' id='block_1_116' title="bbox 1094 2787 1878 2828">
    <p class='ocr_par' dir='ltr' id='par_1_116' title="bbox 1094 2787 1878 2828">
     <span class='ocr_line' id='line_1_116' title="bbox 1094 2787 1878 2828; baseline -0.008 -8"><span class='ocrx_word' id='word_1_839' title='bbox 1094 2793 1174 2820; x_wconf 72' lang='grc' dir='ltr'>ἔλαϐέ</span> <span class='ocrx_word' id='word_1_840' title='bbox 1204 2801 1256 2828; x_wconf 80' lang='grc' dir='ltr'>με’</span> <span class='ocrx_word' id='word_1_841' title='bbox 1279 2790 1463 2827; x_wconf 71' lang='grc' dir='ltr'>προσελάϐετό</span> <span class='ocrx_word' id='word_1_842' title='bbox 1485 2799 1518 2826; x_wconf 84' lang='grc' dir='ltr'><strong>με</strong></span> <span class='ocrx_word' id='word_1_843' title='bbox 1545 2789 1575 2822; x_wconf 75' lang='grc' dir='ltr'><strong>ἐξ</strong></span> <span class='ocrx_word' id='word_1_844' title='bbox 1600 2789 1704 2816; x_wconf 84' lang='grc' dir='ltr'>ὑδάτων</span> <span class='ocrx_word' id='word_1_845' title='bbox 1730 2787 1847 2816; x_wconf 82' lang='grc' dir='ltr'>πολλῶν.</span> <span class='ocrx_word' id='word_1_846' title='bbox 1866 2796 1878 2814; x_wconf 71' lang='grc' dir='ltr'>ι</span> 
     </span>
    </p>
   </div>
   <div class='ocr_carea' id='block_1_117' title="bbox 1094 2833 1879 2877">
    <p class='ocr_par' dir='ltr' id='par_1_117' title="bbox 1094 2833 1879 2877">
     <span class='ocr_line' id='line_1_117' title="bbox 1094 2833 1879 2877; baseline -0.01 -9"><span class='ocrx_word' id='word_1_847' title='bbox 1094 2840 1232 2877; x_wconf 75' lang='grc' dir='ltr'>Πρόδηλον</span> <span class='ocrx_word' id='word_1_848' title='bbox 1259 2838 1325 2874; x_wconf 86' lang='grc' dir='ltr'>γὰρ,</span> <span class='ocrx_word' id='word_1_849' title='bbox 1346 2838 1387 2865; x_wconf 86' lang='grc' dir='ltr'>ὅτι</span> <span class='ocrx_word' id='word_1_850' title='bbox 1416 2836 1465 2872; x_wconf 80' lang='grc' dir='ltr'>τὴν</span> <span class='ocrx_word' id='word_1_851' title='bbox 1485 2835 1607 2872; x_wconf 80' lang='grc' dir='ltr'>ταραχὴν</span> <span class='ocrx_word' id='word_1_852' title='bbox 1630 2834 1676 2862; x_wconf 85' lang='grc' dir='ltr'>τοῦ</span> <span class='ocrx_word' id='word_1_853' title='bbox 1702 2834 1771 2870; x_wconf 86' lang='grc' dir='ltr'>βίου,</span> <span class='ocrx_word' id='word_1_854' title='bbox 1794 2833 1879 2860; x_wconf 79' lang='grc' dir='ltr'>ὕδατα</span> 
     </span>
    </p>
   </div>
  </div>
