2078 3115
245 96 259 124 1
266 90 317 124 123

843 89 874 119 S.
888 87 1050 119 JOANNIS
1060 87 1288 118 .DAMASCENI

1817 90 1883 123 il2l

276 147 404 183 Ejusdem
416 151 487 174 orat.
499 144 662 173 iG.—Nihil
674 144 818 172 immotum
830 148 1022 179 manet,qucm

1072 167 1075 173 _
1125 143 1207 170 Οὐδὲν
1224 144 1363 180 ἀκίνητον,
1381 146 1449 181 ὅπερ
1464 146 1544 181 ἔφην,
1559 146 1620 174 οὐδὲ
1635 147 1747 183 ὁμαλὸν,
1759 149 1822 178 οὐδὲ
1832 151 1887 176 ob-

245 194 392 222 admodum
419 196 483 219 ante
505 190 630 218 dicebam
644 210 652 222 ,
679 190 750 218 nihil
768 190 904 225 aequabile
923 196 955 216 ac
972 196 1032 216 cer-

244 246 321 274 tum,
336 246 387 267 nec
400 239 435 266 ad
449 241 604 265 extremum
626 244 714 272 usque
729 236 772 264 sui
790 236 881 264 simile
895 239 956 263 est:
978 242 1032 262 non

244 284 384 318 hilaritas,
401 291 456 312 non
471 282 603 311 maestitia
615 303 622 314 ,
637 290 692 310 non
705 290 788 318 opes,
804 290 858 310 non
873 287 1031 318 paupertas,

243 340 299 360 non
325 332 421 363 robur,
445 338 499 358 non
514 329 705 360 imbecillitas,
729 335 784 359 non
811 328 950 363 pﬂtrnlia,
976 335 1030 354 non

244 378 386 405 humilitas
397 397 405 410 ,
422 384 476 404 non
492 375 640 411 praesentia
651 393 659 406 ,
685 382 741 401 non
766 373 857 401 futura
870 393 878 406 ,
904 381 959 401 non
983 381 1033 400 uo-

241 427 318 454 stra,
345 429 400 450 non
427 421 536 454 aliena,
562 427 616 448 non
643 426 745 454 parva,
763 426 818 446 non
843 425 960 454 magna,
977 425 1032 445 non

241 467 360 503 denique
377 465 511 501 quidquid
526 465 562 492 ab
577 464 635 492 ullo
661 463 798 491 nominari
824 467 917 498 queat.
942 464 1033 497 Atque

241 515 294 541 hoc
308 513 415 548 aequale
427 511 603 546 inaequalitas
621 510 720 542 habet,
738 513 768 537 ut
790 516 889 544 nempe
906 516 951 537 res
972 516 1034 536 om-

241 566 291 586 nes
313 557 424 585 subsint
447 555 604 584 mutationi.
630 554 731 582 Omnia
752 554 828 582 enim
851 552 933 581 facile
957 560 1034 581 com—

1085 197 1198 225 ταρκες,
1221 191 1281 218 οὐδὲ
1305 192 1345 223 εἰς
1371 192 1447 224 τέλος
1468 193 1574 228 ὅμοιον·
1601 193 1662 221 οὔτε
1688 195 1829 230 εὐθυμεῖν,
1851 197 1883 222 οὐ

1086 232 1212 266 πλοῦτος,
1234 235 1264 261 οὺ
1286 236 1377 268 πενία,
1390 236 1420 263 οὐ
1433 237 1558 272 δύναμις,
1574 239 1625 265 οὒκ
1639 239 1776 272 ἀσθένεια,
1789 241 1820 268 οὐ
1835 250 1884 268 τα-

1086 279 1224 314 πεινότης,
1234 279 1265 306 οὐ
1273 280 1462 314 δυναστεία,οὗ
1472 282 1505 309 τὰ
1514 283 1646 318 παρόντα,
1653 284 1684 311 οὐ
1694 285 1728 312 τὰ
1738 286 1881 321 μέλλοντα,
1909 294 1914 300 ·

1085 326 1116 352 οὐ
1130 325 1165 352 τὰ
1177 327 1311 362 ἡμέτερα,
1327 329 1397 355 οὐτὸ
1412 329 1562 365 ἀλλότριον,
1575 332 1606 358 οὐ
1624 332 1722 368 μικρὸν
1744 333 1760 369 ἢ
1777 334 1879 369 μεῖζον,

1086 372 1136 407 οὐχ
1152 373 1166 399 ὃ
1179 382 1205 399 τι
1217 373 1251 403 ἂν
1262 374 1326 411 εῖπῃ
1342 383 1394 406 τις.
1407 375 1462 402 Καὶ
1476 376 1556 403 τοῦτο
1569 377 1627 404 ίσον
1639 377 1691 405 κᾶν
1707 379 1799 415 ίσότης
1810 380 1878 416 ἔχει,

1084 418 1134 454 τὴν
1143 419 1207 454 περὶ
1216 420 1325 447 πάντων
1339 421 1500 458 μεταϐολήν.
1513 423 1667 460 Περιχωρεῖ
1675 425 1730 460 γὰρ
1742 426 1777 453 τὰ
1790 427 1879 454 πάντα

1086 464 1195 500 ῥᾳδίως,
1224 467 1276 492 καὶ
1304 469 1470 503 μεταχωρεῖ,
1503 469 1551 496 καὶ
1577 470 1818 499 ἀντικαθίσταται·
1841 473 1878 505 ὡς

1086 508 1186 542 αὔραις
1207 508 1277 538 εἶναι
1300 512 1401 547 μᾶλλον
1415 513 1566 547 πιστεύειν,
1585 515 1633 543 καὶ
1656 517 1804 553 γράμμασι
1823 520 1880 551 τοῖς

1086 555 1148 582 καθ’
1164 555 1268 590 ὕδατος,
1284 558 1301 593 ἢ
1318 559 1472 596 ἀνθρώπων
1487 561 1633 598 εὐημερίᾳ.

240 607 351 636 meant,
368 603 502 631 recedunt
517 605 545 630 et
561 602 743 629 immutantur
759 609 766 628 ε
783 601 852 629 adeo
875 604 905 628 ut
926 600 1032 628 certius
1053 600 1081 628 in
1097 602 1185 632 ventis
1213 608 1240 632 et
1267 605 1294 632 in
1316 606 1417 635 litteris
1456 608 1483 635 in
1509 615 1580 643 aqua
1618 610 1732 646 scriptis
1745 631 1752 645 ,
1780 611 1880 640 ﬁducia

240 651 329 686 possit
346 649 494 681 collocari,
510 655 593 683 quam
612 648 639 675 in
656 647 802 675 hominum
818 647 960 674 felicitate.

381 703 480 740 Ejusd.
498 704 526 732 in
542 703 630 731 Iamb.
645 707 717 730 orat.
737 702 772 729 ad
787 701 890 730 Christ.

273 762 397 790 Mortuus
414 769 471 788 sum
488 761 548 788 huic
566 766 724 788 (arunmoue
742 759 802 785 vita:
814 778 821 790 ,

273 798 340 831 Qua
355 797 448 830 Euripi
466 804 538 823 more
549 815 556 828 ,
574 802 681 823 sursum
696 798 721 821 et
738 794 863 821 deorsum
875 792 965 853 [ει-ειν
975 811 987 824 ,

276 833 308 853 Et
326 841 356 853 ου
373 840 427 853 unn
443 832 549 853 nuitltm
561 830 604 853 die
621 829 765 853 nuidmtam
785 828 857 853 ﬁrmi
883 827 963 853 tabet.

273 827 308 860 Et
325 841 357 860 tte
373 827 427 860 uno
443 827 604 867 quidcm'die
621 829 765 865 quidquam
784 828 857 863 ﬁrmi
875 827 963 854 habet.

273 888 401 923 Ejusdem
418 892 489 914 orat.
507 887 552 914 ’lO.
565 900 601 907 —-
615 885 692 913 Talis
710 889 753 913 est
769 884 824 912 vita
845 888 958 917 nostra,
974 882 1030 910 fra-

237 939 315 967 tres;
334 934 382 961 tali
397 933 480 961 modo
495 933 547 960 hoc
563 939 622 960 aevo
640 932 676 959 ita
691 931 832 959 ludimus:
850 933 880 957 ut
897 937 959 957 cum
976 937 1031 957 non

237 980 393 1011 fuerimus,
422 985 593 1006 nascamur:
615 985 678 1005 eum
699 977 765 1005 nati
789 984 905 1009 sumus,
931 984 1032 1004 rursus

235 1024 611 1055 dissolvamurJnsomnium
625 1031 720 1052 sumus
734 1023 874 1054 instabile,
889 1027 1030 1055 spectrum

233 1072 372 1108 quoddam
400 1071 473 1106 quod
502 1070 591 1098 teneri
621 1069 738 1105 nequit,
771 1068 941 1096 transeuntis
969 1068 1030 1096 avis

233 1119 343 1146 volatus
354 1139 361 1151 ,
377 1117 457 1145 navis
471 1117 498 1144 in
513 1116 583 1144 mari
597 1116 745 1150 vestigium
761 1122 816 1143 non
832 1115 955 1147 habens,
969 1114 1030 1150 ραις

234 1166 275 1192 vis
286 1184 293 1197 ,
306 1171 402 1199 vapor,
419 1170 467 1191 ros
483 1162 637 1191 matutinus
648 1182 656 1194 ,
669 1161 720 1189 llos
735 1161 769 1189 ad
786 1165 895 1195 tempus
911 1167 1030 1189 nascens

232 1216 260 1238 et
289 1217 477 1238 marcescens.
497 1218 507 1235 ι
525 1208 613 1236 Homo
639 1208 713 1236 sicut
741 1206 835 1234 fenum
861 1205 922 1234 dies
948 1205 1028 1240 ejus,

233 1263 367 1292 tanquam
384 1256 436 1284 llos
460 1255 520 1292 agri
542 1256 582 1283 sic
597 1254 731 1282 eiliorebit
749 1253 845 1289 (Paul.
864 1260 914 1284 cu,
933 1251 997 1288 15).
1015 1261 1026 1278 ι

232 1303 320 1337 Quam
339 1303 473 1338 praeclare
497 1301 610 1329 divinus
634 1299 721 1328 David
747 1299 791 1327 his
815 1298 910 1327 verbis
926 1297 963 1326 de
977 1305 1028 1326 no-

232 1354 291 1377 stra
322 1347 514 1377 imbecillitate
539 1345 769 1382 philosophatur!
793 1344 1027 1380 quemadmodum

231 1399 260 1422 et
275 1395 304 1421 in
321 1393 383 1421 istis
397 1402 405 1420 :
421 1401 432 1419 ι
445 1391 619 1419 Paucitatem
644 1391 752 1419 dierum
778 1398 903 1419 meorum
928 1391 1028 1419 nuntia

231 1439 311 1475 331
331 1439 398 1467 mihi
416 1437 514 1474 (Psal.
531 1444 576 1470 et,
592 1437 627 1464 24
639 1438 660 1472 ).
681 1447 691 1464 ι
707 1437 781 1471 Quin
796 1437 879 1466 etiam
906 1438 1026 1466 hominis

230 1487 288 1515 dies
308 1485 392 1522 palmi
407 1491 538 1513 mensura
549 1483 828 1512 circumscribuntur.

265 1531 393 1567 Ejusdem
409 1538 494 1558 carm.
505 1530 537 1558 de
549 1530 609 1558 vita:
620 1530 737 1557 itinerib.
753 1529 843 1557 soluta
856 1530 1024 1558 oratione.—

229 1578 329 1606 Multas
346 1576 459 1613 quidem
482 1576 543 1604 vias
561 1576 643 1604 habet
667 1584 825 1605 aerumnosa
841 1576 898 1604 vita
915 1584 923 1602 :
940 1580 1024 1612 atque

230 1624 283 1651 alia
311 1622 422 1658 quidem
447 1624 476 1649 et
501 1621 555 1649 alia
580 1621 643 1650 aliis
669 1621 787 1657 aliisque
802 1621 978 1650 detrimentis
994 1628 1023 1651 et

229 1669 310 1696 noxis
333 1667 512 1695 admiscetur.
535 1666 626 1694 lniidae
650 1666 752 1694 divitia:
770 1667 929 1702 sunt:ipse
944 1667 1022 1703 prin-

228 1713 338 1748 cipatus
351 1717 379 1740 ct
395 1720 441 1741 res
471 1711 600 1740 secundae
613 1712 770 1747 arrogantia
784 1716 912 1740 constant
929 1721 936 1740 :
953 1713 1022 1741 sub-
1057 1744 1061 1750 _

227 1767 294 1788 csse
326 1759 405 1787 labor
432 1762 486 1792 est,
513 1758 625 1786 vincula
650 1758 805 1793 pauperies,
829 1759 919 1794 gratia
955 1766 1021 1793 per-

228 1806 327 1841 exigua
354 1805 412 1833 oris
427 1804 511 1832 decor
523 1811 586 1839 quae
605 1803 690 1831 instar
708 1803 826 1838 fulguris
851 1803 933 1831 micat
948 1811 956 1830 :
972 1804 1018 1839 ju-

226 1854 307 1878 venta
329 1855 415 1878 aestus
441 1854 484 1878 est
517 1849 663 1884 temporis,
692 1854 820 1877 senectus
841 1849 932 1878 tristis
956 1850 1019 1879 vitae

225 1901 310 1929 meta,
333 1896 421 1932 gloria
450 1903 526 1923 aura:
551 1895 662 1928 similis,
685 1899 713 1923 et
727 1895 813 1923 robur
826 1896 902 1924 velut
923 1895 1017 1924 fenum

225 1943 309 1978 palea:
336 1949 398 1978 qua:
427 1949 495 1978 agro
511 1945 564 1969 est.
588 1940 720 1969 Petulans
737 1941 885 1977 ingluvies,
913 1947 1018 1970 catenae

223 1989 405 2021 connubium,
419 1987 552 2022 praeclara
567 1987 659 2023 proles
675 1987 702 2015 in
723 1994 807 2015 curas
819 1987 946 2024 impellit,
958 1991 1016 2017 ste-

224 2034 314 2062 rilitas
340 2033 531 2068 mgriludinem
556 2033 632 2068 parit
646 2036 674 2061 et
690 2033 827 2061 dolorem.
844 2033 872 2060 Si
892 2033 953 2061 fora
971 2042 1016 2062 se-

223 2080 318 2113 ctaris,
335 2078 540 2107 sollicitudines
554 2079 690 2106 malorum
705 2078 838 2113 ingruunt
860 2088 867 2106 :
886 2079 910 2107 si
923 2079 1016 2114 priva-

223 2130 279 2152 tam
286 2125 382 2156 vitam,
392 2124 450 2151 hac
459 2123 578 2151 invalida
591 2129 644 2152 est.
656 2124 797 2158 Angustus
807 2124 1015 2160 probrosusque

222 2176 264 2200 cst
291 2153 398 2198 alienus
427 2170 527 2198 cibus:
545 2170 622 2198 labor
651 2153 848 2206 agricolatio:
875 2153 1013 2206 quotquot
1030 2153 1052 2180 Β

223 2218 333 2246 sulcant
360 2217 460 2248 maria,
476 2217 504 2244 in
521 2223 618 2244 orcum
635 2220 764 2251 vergunt.
794 2216 887 2244 Patria
912 2217 1013 2252 cuique

221 2264 381 2292 barathrum
398 2270 478 2291 suum
490 2266 532 2290 est
544 2266 654 2290 :extera
669 2262 758 2294 tellus,
773 2262 914 2297 probrum.
931 2263 1012 2296 Qua:-

220 2317 331 2345 cunque
346 2309 391 2337 hic
416 2308 494 2342 fiunt,
522 2308 653 2336 universa
671 2307 759 2340 labor,
777 2308 871 2335 omnia
892 2309 971 2337 lusus
985 2313 1012 2338 ct

220 2357 324 2391 illusio,
341 2356 443 2391 lanugo
457 2355 535 2383 auris
562 2355 677 2390 agitata,
695 2354 805 2388 umbra,
815 2355 932 2390 species,
953 2363 1010 2390 ros,

218 2407 328 2437 ventus,
352 2409 455 2439 penna,
486 2408 583 2437 vapor,
598 2400 727 2436 fulgetra,
750 2401 903 2434 somnium,
921 2400 1011 2430 ﬂuxus

218 2449 364 2482 torrentis,
393 2447 537 2484 vestigium
559 2447 652 2480 navis,
683 2447 767 2480 cinis,
800 2451 860 2475 rota
888 2447 1010 2475 volutata

218 2495 307 2523 instar
322 2493 511 2531 cylindrorum
521 2497 598 2522 stans
612 2500 793 2528 currensque,
805 2493 895 2522 soluta
906 2497 933 2521 et
945 2493 1009 2526 lira,

217 2540 438 2576 tempestatibus,
459 2540 569 2573 diebus,
591 2539 733 2574 noctibus,
745 2540 887 2573 aerumnis,
904 2539 1005 2567 funeri-

218 2588 281 2620 bus,
297 2586 454 2619 mmstitiis,
481 2586 600 2622 gaudiis,
617 2586 733 2620 morbis,
747 2586 870 2619 casibus,
889 2585 1008 2613 infortu-

217 2633 282 2662 niis.
310 2633 447 2661 Humanis
462 2633 547 2661 rebus
565 2633 634 2661 nihil
647 2632 815 2663 imbecillius
832 2641 838 2660 :
858 2633 908 2660 hoc
923 2640 1008 2660 unum

218 2679 322 2706 bonum
350 2678 508 2705 hominibus
536 2677 645 2706 ﬁrmum
665 2682 719 2712 est,
738 2682 768 2706 ut
781 2685 879 2713 nempe
894 2684 1007 2705 crucem

216 2726 356 2759 gestantes
371 2723 433 2750 inde
446 2723 587 2757 secedant,
601 2724 720 2760 gemitus
740 2723 864 2756 trahant,
887 2727 1007 2751 mentem

217 2769 319 2796 divinis
344 2769 419 2797 curis
432 2773 459 2796 et
472 2769 580 2797 fiduciis
595 2770 682 2803 alant,
700 2773 730 2797 ut
745 2769 860 2798 caeleste
875 2769 934 2803 illa,
946 2777 1007 2805 quae

217 2810 293 2846 puris
319 2810 491 2850 admiscetur,
503 2813 637 2843 Trinitate
655 2814 816 2843 irradietur.

1123 759 1256 797 ramea
1272 759 1348 797 τῷδε
1377 759 1417 792 τῷ
1429 761 1604 797 ταλαιπώρῳ
1619 763 1688 797 βίῳ,

1122 795 1178 834 103
1189 793 1309 834 φέρετρέ
1318 794 1380 834 ᾂνω
1395 796 1448 834 .19.!
1458 796 1539 834 ριιξτςυ
1550 793 1687 834 εὖρῐπόιί
1694 799 1796 834 δίκην.

1118 829 1245 856 Βέϐαιον
1256 829 1356 863 οὐδὲν,
1371 830 1443 857 οὐδὲ
1452 831 1498 866 ἐφ’
1507 829 1623 866 ἡμέρᾶν
1634 834 1742 868 φέρων.

1118 885 1246 917 Τοιοῦτος
1263 886 1278 912 ὁ
1294 885 1350 920 βίος
1368 885 1458 922 ἡμῶν,
1482 886 1610 922 ἀδελφοί*
1630 889 1752 917 τοιοῦτον
1779 890 1811 918 τὸ
1832 891 1878 919 ἐπὶ

1082 931 1135 966 γῆς
1157 931 1294 965 παίγνιον,
1319 931 1368 958 οὐκ
1387 931 1452 959 ὄντα
1476 933 1614 967 γενέσθαι,
1641 935 1689 961 καὶ
1713 937 1878 972 γενομένους

1082 975 1260 1012 ἁναλυθῆναιξ
1279 977 1366 1013 Ὄναρ
1391 978 1475 1013 ἐσμὲν
1492 979 1542 1014 οὐχ
1564 979 1722 1016 ἱστάμενον,
1739 982 1834 1018 φάσμα
1849 992 1877 1011 τι

1082 1022 1121 1057 μὴ
1133 1022 1330 1058 κρατούμενον,
1347 1023 1446 1059 πτῆσις
1460 1024 1554 1060 ὀρνέου
1579 1028 1798 1064 παρερχομένου,
1809 1030 1875 1063 ναῦς

1081 1068 1126 1095 ἐπὶ
1135 1068 1272 1103 θαλάσσης
1289 1069 1360 1104 ἴχνος
1376 1069 1428 1096 οὐκ
1440 1069 1549 1106 ἔχουσα·
1563 1072 1649 1105 κόνις,
1664 1074 1760 1109 ἀτμὶς,
1774 1075 1875 1112 ἑωθινὴ

1079 1113 1186 1149 δρόσος,
1201 1114 1281 1146 ἄνθος
1297 1114 1386 1151 καιρῷ
1401 1115 1546 1152 φυόμενον,
1561 1118 1609 1145 καὶ
1623 1119 1712 1156 καιρῷ
1726 1120 1854 1157 λυόμενον
1865 1131 1872 1138 ·

1083 1170 1093 1187 ι
1108 1160 1277 1196 Ἀνθρωπος,
1287 1161 1352 1188 ὡσεὶ
1371 1162 1467 1198 χόρτος
1482 1164 1510 1190 αἱ
1524 1165 1625 1201 ἡμέραι
1639 1167 1733 1200 αὐτοῦ,
1744 1167 1810 1196 ὡσεὶ
1827 1169 1874 1198 ἄν-

1080 1206 1126 1239 θος
1151 1206 1199 1234 τοῦ
1221 1207 1318 1244 ἀγροῦ,
1343 1208 1430 1241 οὕτως
1453 1210 1629 1246 ἐξανθήσει..)
1644 1213 1743 1246 Καλῶς
1766 1216 1781 1242 ὀ
1801 1216 1873 1249 θεῖος

1079 1250 1162 1278 Δαϐὶδ
1185 1252 1251 1289 περὶ
1272 1253 1417 1286 ἀσθενείας
1431 1255 1512 1290 ἡμῶν
1536 1256 1745 1294 ἐφιλοσόφησεν,
1769 1260 1818 1288 καὶ
1843 1262 1874 1289 ὲν

1081 1296 1198 1329 ἐκεινοις
1223 1299 1281 1329 τοϊς
1295 1298 1418 1334 ῥήμασι·
1435 1309 1445 1326 ι
1459 1299 1516 1336 Τὴν
1525 1300 1672 1338 ὀλιγότητα
1687 1303 1743 1331 τῶν
1762 1305 1873 1341 ἡμερῶν

1079 1351 1131 1377 μου
1145 1342 1307 1378 ἀνάγγειΜν
1322 1352 1378 1379 μοι·
1396 1354 1404 1370 ι
1423 1345 1472 1372 καὶ
1486 1345 1644 1376 mutaui"
1659 1348 1814 1385 μέτροντὰς
1825 1351 1871 1378 ἀν-

1078 1387 1218 1424 θρωπίνας
1236 1389 1341 1426 ἡμέρας
1353 1391 1486 1426 ὁρίζεται.

1111 1520 1210 1548 Πολλαὶ
1225 1522 1274 1557 μὲν
1288 1522 1335 1549 τοῦ
1351 1522 1410 1559 βίου
1423 1523 1471 1552 τοῦ
1485 1524 1658 1559 πολυπαθοῦς
1674 1527 1703 1554 αἱ
1718 1527 1787 1555 ὁδοί·
1803 1529 1870 1566 ἄλλη

1073 1564 1104 1592 δὲ
1130 1565 1255 1599 ὰλλοίαις
1280 1567 1394 1603 βλάϐαις
1418 1570 1618 1606 συμμίσγεταν
1644 1572 1660 1599 ὁ
1682 1572 1797 1606 πλοῦτος

1073 1611 1205 1644 ἄπιστος·
1221 1614 1237 1648 ὴ
1253 1613 1281 1641 δὲ
1294 1614 1366 1650 ἀρχὴ
1381 1616 1429 1642 καὶ
1442 1616 1613 1652 εὐδαιμονία,
1627 1618 1741 1655 ὀνείρων
1762 1620 1869 1657 ὑπερη-

1072 1658 1156 1692 φανία
1166 1666 1174 1675 ο
1190 1659 1237 1686 καὶ
1253 1660 1283 1687 τὸ
1297 1661 1433 1696 ἄρχεσθαι
1450 1663 1560 1698 μόχθος,
1575 1665 1592 1701 ἡ
1613 1665 1693 1692 πενία
1708 1666 1737 1693 δὲ
1752 1666 1866 1703 δεσμός·

1071 1704 1209 1741 εὐμορφία
1222 1705 1250 1733 δὲ
1260 1706 1455 1742 ἑπιλάμπουσα
1465 1709 1514 1736 καὶ
1525 1709 1764 1747 ὲξαστράπτουσα,
1780 1714 1867 1750 μικρὰ

1070 1749 1152 1785 χάρις
1163 1758 1170 1766 ·
1187 1751 1204 1786 ἡ
1220 1750 1315 1788 νεότης
1331 1753 1360 1780 δὲ
1376 1753 1513 1791 θερμότης
1533 1757 1630 1792 χρόνου
1647 1765 1655 1772 ·
1670 1758 1701 1785 τὸ
1721 1759 1810 1795 γῆρας
1820 1749 1867 1787 λὺ-

1070 1796 1159 1832 πηρδν
1179 1797 1256 1830 τέλος
1270 1799 1318 1826 τοῦ
1335 1799 1393 1835 βίου
1405 1808 1413 1817 ·
1431 1801 1448 1837 ή
1464 1801 1529 1835 δόξα
1541 1802 1579 1834 ὡς
1594 1803 1663 1839 ἀήρ·
1677 1805 1694 1840 ἡ
1709 1804 1786 1841 ἰσχὺς
1800 1806 1867 1833 ὡσεὶ

1069 1841 1166 1877 χόρτος
1179 1842 1227 1870 τοῦ
1238 1844 1268 1870 ὲν
1282 1844 1360 1881 ἀγρῷ
1375 1845 1489 1881 ἀκύρου.
1516 1847 1652 1881 ΙἈτακτος
1668 1850 1686 1885 ἡ
1700 1849 1845 1887 πλησμονή
1857 1860 1864 1868 ·

1068 1887 1157 1923 δεσμὰ
1176 1889 1191 1915 ὁ
1209 1889 1314 1925 γάμος·
1328 1891 1457 1919 εὐπαιδία
1478 1892 1594 1927 τέκνων,
1610 1895 1734 1931 μέριμνα
1745 1897 1866 1932 ἀναγκα-

1069 1934 1149 1971 στική
1160 1943 1166 1950 ·
1185 1936 1390 1972 ήκακοτεκνία,
1403 1938 1479 1971 νόσος
1495 1939 1542 1967 καὶ
1551 1940 1632 1976 ὀδύνη
1642 1948 1648 1955 '
1665 1942 1692 1968 αί
1707 1942 1736 1969 δὲ
1752 1942 1862 1978 ἀγοραὶ,

1067 1980 1117 2016 τῆς
1147 1982 1249 2014 κακίας
1276 1984 1432 2019 φροντίδες’
1462 1985 1480 2021 ή
1507 1986 1625 2021 μόνωσις
1652 1987 1691 2021 δὲ,
1716 1988 1861 2018 ἀσθένεια.

1066 2026 1151 2063 Στενὴ
1164 2028 1213 2055 καὶ
1229 2028 1412 2062 ἐπονείδιστος
1425 2031 1441 2067 ἡ
1458 2031 1587 2068 ἀλλοτρία
1600 2034 1689 2070 τροφή
1700 2042 1706 2049 ·
1721 2034 1752 2061 τὺ
1765 2035 1794 2062 δὲ
1812 2035 1863 2071 τὴν

1066 2072 1119 2108 γῆν
1131 2074 1262 2110 ἀροτριᾷν
1273 2075 1375 2108 κόπος·
1390 2077 1445 2104 τῶν
1466 2077 1688 2114 θαλασσοπλόων,
1705 2080 1743 2111 ὡς
1766 2081 1814 2108 ἐπὶ
1832 2081 1862 2108 τὸ

1067 2119 1148 2146 πλέον
1171 2121 1202 2147 ἐν
1224 2121 1264 2156 τῷ
1279 2122 1379 2159 ᾂδῃ·ή
1400 2124 1499 2159 πατρὶς
1522 2125 1561 2158 δὲ,
1583 2125 1723 2163 βάραθρον
1747 2127 1828 2155 ἴδιον·
1842 2129 1860 2164 ἡ

1067 2163 1195 2199 ξενιτεία,
1214 2166 1326 2200 ὄνειδος.
1343 2169 1437 2197 Πάντα
1463 2170 1563 2207 μόχθος
1577 2173 1634 2205 τοῖς
1655 2173 1812 2209 ἀνθρώποις
1826 2174 1861 2202 τὰ

1065 2211 1193 2246 ἐνταῦθα,
1233 2214 1323 2241 πάντα
1361 2216 1531 2252 ὲμπαιγμὺς,
1563 2218 1740 2255 ριπιξόμενος
1767 2219 1858 2255 χνοῦς,

1065 2258 1139 2290 σκιὰ,
1155 2259 1202 2285 καὶ
1217 2261 1371 2294 φαντασίαο
1383 2262 1490 2298 δρόσος,
1508 2263 1619 2299 ἄνεμος,
1639 2265 1749 2301 πτερὸν,
1765 2266 1857 2301 ἀτμὶς,

1065 2305 1194 2341 σπινθὴρ,
1219 2307 1356 2339 ἐνύπνιον,
1374 2308 1450 2343 χὺμα
1476 2309 1624 2345 ῥεύματος,
1653 2311 1748 2338 πλοίου
1774 2312 1857 2348 ἴχνος,

1062 2351 1161 2387 τέφρα,
1178 2353 1273 2389 τροχὸς
1285 2353 1329 2380 ἀεὶ
1339 2354 1534 2390 στρεφόμενος,
1551 2356 1633 2392 ὃμοια
1658 2358 1749 2385 πάντα
1763 2359 1856 2386 κυλίν-

1062 2396 1146 2431 δροις,
1166 2398 1253 2430 ἑστώς
1276 2407 1306 2426 τε
1330 2399 1377 2426 καὶ
1400 2400 1516 2437 τρέχων.
1540 2401 1682 2438 λυόμενος,
1711 2403 1855 2439 πεπηγὼς,

1061 2442 1157 2478 ὥραις,
1186 2443 1316 2479 ἡμέραις,
1344 2444 1414 2478 νυξὶ,
1442 2445 1564 2481 μόχθοις,
1583 2446 1721 2480 θανάτοις,
1745 2448 1855 2481 λύπαις,

1061 2488 1200 2523 τέρψεσιν,
1218 2490 1398 2525 ἀρρωστίαις,
1417 2492 1549 2526 πτώσεσι,
1565 2494 1781 2531 κακοπραγίαις.
1794 2495 1855 2523 Τῶν

1059 2535 1239 2570 ἀνθρωπίνων
1252 2536 1280 2564 δὲ
1295 2537 1371 2567 οὐδέν
1391 2538 1466 2566 ἐστιν
1486 2540 1703 2576 ἀδρανέστερον·
1721 2541 1751 2568 ἓν
1774 2542 1854 2577 μόνον

1060 2582 1107 2609 καὶ
1132 2581 1242 2617 βέϐαιόν
1265 2584 1340 2611 ἐστιν
1364 2585 1421 2617 τοῖς
1443 2585 1600 2621 ἀνθρώποις
1621 2587 1714 2621 καλὸν,
1729 2587 1854 2616 ἐντεῦθεν

1059 2628 1214 2664 ἀναχωρεῖν
1227 2629 1273 2656 τὸν
1287 2630 1403 2666 σταυρὸν
1418 2631 1614 2666 βαστάζοντας,
1630 2633 1737 2670 δάκρυά
1755 2642 1785 2661 τε
1807 2634 1854 2661 καὶ

1059 2677 1230 2711 στεναγμοὺς
1247 2677 1294 2703 καὶ
1307 2677 1369 2704 νοῦν
1383 2678 1470 2711 θείαις
1485 2680 1610 2715 φροντίσι
1627 2680 1676 2708 καὶ
1689 2680 1792 2713 ἐλπίσι,
1807 2680 1855 2708 καὶ

1057 2723 1091 2758 τῇ
1115 2723 1211 2759 Τριάδι
1232 2724 1507 2762 λελαμπρυσμένους,
1526 2729 1559 2763 τῇ
1577 2729 1744 2766 ἐπουρανίῳ,
1759 2729 1792 2765 τῇ
1808 2737 1849 2765 μι.

1058 2778 1107 2804 γνυ
1112 2769 1181 2807 μένῃ
1191 2771 1247 2804 τοῖς
1258 2771 1398 2808 καθαροῖς.
