2078 3115
193 113 262 148 1125

865 115 984 146 SACRA
1003 104 1223 147 PARMLELA

1762 123 1831 156 1126

225 174 305 209 οἶμοι
329 172 426 200 τούτου
453 172 500 200 τοῦ
518 171 577 209 βίου
603 170 716 206 βλάῦαις
741 170 982 205 ἐπιμηκεστέρω-

1073 169 1168 205 Ejusd.
1182 179 1254 197 curm
1271 171 1303 199 de
1317 176 1370 199 ext.
1386 172 1458 200 liam.
1475 173 1591 202 vilitate.
1607 189 1633 196 -ι
1658 175 1731 203 Proh
1746 177 1830 206 vitam

189 223 242 254 ἕως
259 208 330 252 τίνος
342 221 437 256 κόπρῳ
452 208 694 255 παρακάθέζομαις

223 313 273 345 Τίς
290 312 362 348 pter,
376 313 441 339 πηία
450 310 523 346 (tot);
540 310 572 336 ἐκ
589 308 674 343 τάφου
690 309 826 345 πηδήσας,
843 307 890 334 ἐπὶ
902 306 987 341 τάφον

190 361 272 388 πάλιν
295 359 411 386 ὁδεύων·
428 359 461 384 ὲκ
475 357 503 384 δὲ
520 356 568 384 τοῦ
602 356 689 390 τάφου
707 356 790 384 πάλιν
812 356 841 382 ἐν
857 355 924 390 πυρὶ
939 354 983 382 θά-

191 415 294 442 πτομαι
308 404 464 438 ἀποτόμως.
479 402 550 429 Αὐτὸ
560 401 588 429 δὶ
611 401 691 428 τοῦτο
704 401 766 428 ὅσον
779 400 917 431 ἀναπνέω,
937 407 986 426 πο-

189 453 278 489 ταμοῦ
293 452 351 479 ἐστι
367 450 431 486 ῥοῦς
444 450 597 485 τρέχοντος,
614 448 658 475 ἀεὶ
669 447 861 483 ἀπερχομένου
878 445 926 473 καὶ
943 446 985 480 ἑρ-

189 499 305 536 χομένου
316 498 348 524 ὲκ
358 497 414 524 τῶν
425 495 527 527 ὀπίσω,
543 494 625 521 πάλιν
638 493 747 529 βέϐαιον
758 493 842 528 μηδὲν
852 492 957 527 ἔχοντος
968 491 984 527 ἦ

189 545 331 581 φέροντος·
347 543 409 569 ὅσον
427 541 502 572 κόνις
522 540 671 575 ὀφθαλμοῖς
687 539 895 570 ὲπιπάσσουσα,
910 538 986 568 ὅπως

190 590 223 617 ἂν
252 589 300 617 τοῦ
326 587 395 615 Θεοῦ
420 587 516 623 πόρρω
543 586 630 613 πέσω.
644 585 777 620 Παίγνιόν
808 585 883 611 ἐστιν
905 585 919 611 ὁ
937 583 985 611 dvo

189 635 312 671 θρωπος,

230 678 375 713 ’Δλλήλους
391 677 440 713 μὲν
455 676 503 703 καὶ
517 675 583 710 ἐγὼ,
598 675 646 702 καὶ
662 675 677 702 ό
699 674 806 710 χρόνος,
821 674 859 706 ὡς
877 673 952 709 ὅρνις
966 673 982 709 ἢ

189 726 228 757 ὡς
247 725 326 752 πλοῖα
357 724 386 750 ὲν
412 723 527 756 πελάγει
560 721 846 758 ἀντιπαρατρέχομεν,
874 720 983 755 βέὸαιον

188 772 264 799 οὐδὲν
291 771 409 806 ἔχοντες.
437 770 528 805 Ὅπερ
548 768 577 796 δὲ
598 768 734 804 ἥμαρτον,
751 767 782 794 οὐ
803 765 982 802 παρατρέχει,

188 820 257 847 ἀλλὰ
271 817 425 855 παραμὲνει
437 818 472 853 τῇ
487 816 557 852 ζωῇ.

229 905 260 932 '0
276 904 415 940 περίγειος
438 903 528 940 χῶρος
543 902 599 930 τῶν
612 901 790 938 τρεπομένων
804 901 851 929 καὶ
861 901 982 929 ἀλλοιου-

190 950 281 987 μένων
299 950 383 978 ἐστίν.

161 996 167 1034 f
230 997 298 1030 Ἀεὶ,
313 996 431 1033 μάλιστα
443 995 472 1024 δὲ
485 995 533 1023 νῦν
548 995 677 1030 εὔκαιρον
685 996 784 1023 εἰπεῖν’
798 1004 807 1022 ι
825 995 982 1030 Ματαιότης

191 1042 391 1077 ματαιοτήτων,
406 1042 442 1069 τὰ
455 1041 546 1069 πάντα
561 1041 720 1077 ματαιότης.
738 1050 747 1066 ι
766 1040 822 1068 Ποῦ
836 1041 852 1075 ἡ
867 1040 982 1076 λαμπρὰ

189 1088 239 1122 τῆς
264 1087 395 1119 ὑπατείας
418 1087 570 1123 περιδολή;
597 1086 652 1114 ποῦ.
672 1086 701 1114 δὲ
723 1087 753 1114 αι
774 1086 887 1121 φαιδραὶ
909 1086 980 1121 λαμ-

189 1133 289 1166 ambae;
301 1133 351 1160 ποῦ
361 1132 389 1160 δὲ
402 1133 427 1159 οἱ
445 1132 548 1167 κρότοι,
564 1133 612 1160 καὶ
626 1133 651 1159 οἱ
663 1132 750 1168 χοροὶ,
763 1132 810 1159 κα)⁵
824 1131 852 1158 αἱ
865 1131 980 1162 Θαλεῖαι,

190 1177 238 1204 καὶ
249 1177 277 1204 αἱ
290 1175 478 1212 πανηγύρεις;
490 1175 542 1203 ποῦ
563 1175 592 1202 δὲ
614 1176 639 1202 οἱ
662 1176 801 1210 στέφανοι,
817 1175 865 1202 καὶ
881 1175 915 1202 τὰ
929 1183 982 1202 πα-

191 1222 393 1258 ραπετάσματα
405 1230 413 1255 ;
431 1221 483 1248 ποῦ
498 1221 527 1248 δὲ
541 1222 593 1258 τῆς
606 1221 710 1253 πόλεως
723 1221 738 1248 ό
753 1220 878 1257 θόρυϐος,
892 1220 938 1248 καὶ
951 1220 981 1247 at

190 1270 220 1296 ὲν
234 1268 428 1304 ίπποδρομίαις
441 1267 587 1304 εὐφημίαι,
608 1267 655 1295 καὶ
677 1267 732 1294 τῶν
758 1266 881 1302 θεάτρων
892 1266 920 1292 at
936 1273 983 1292 κο-

190 1315 313 1348 λακεῖαι;
326 1315 419 1342 Πάντα
431 1315 525 1341 ἐκεῖνα
542 1313 648 1350 οἴχεται
658 1322 665 1330 ·
679 1313 726 1340 καὶ
747 1313 847 1348 ἄνεμος
863 1313 982 1345 πνεύσας

190 1360 307 1396 ἁθρόως,
323 1360 357 1387 τὰ
376 1360 425 1395 μὲν
437 1359 525 1395 φύλλα
537 1359 697 1391 κατέὸαλεν,
714 1358 819 1394 γυμνὸν
831 1359 858 1385 δὲ
870 1358 936 1394 ἡμῖν
952 1358 982 1384 τὸ

190 1406 299 1442 δένδρον
315 1405 466 1439 ἀπέδειξεν,
484 1405 534 1432 καὶ
552 1404 607 1432 ἀπὸ
623 1405 674 1440 τῆς
697 1405 776 1440 ῥίζης
791 1403 875 1439 αὐτῆς
889 1402 981 1430 λοιπὸν

191 1450 507 1487 σαλευόμενονοτοιαύτη
519 1450 573 1486 γὰρ
584 1451 601 1486 ἠ
609 1450 656 1477 τοῦ
669 1450 825 1485 πνεύματος
834 1448 981 1485 προσϐολὴ,

1040 215 1111 243 hanc
1127 216 1261 244 malorum
1279 218 1353 246 serie
1379 218 1574 253 prolixiorem!
1593 221 1715 256 quandiu
1729 223 1833 252 sedebo

1039 261 1066 289 in
1079 262 1218 289 stercore?

1069 307 1145 341 Quae,
1163 307 1308 343 qualisque
1322 309 1379 337 hac
1394 310 1448 338 vita
1465 312 1519 340 est?
1532 319 1563 339 ex
1578 313 1683 341 tumulo
1694 314 1831 342 tumulum

1038 360 1148 380 rursum
1175 358 1238 388 pcto
1257 363 1264 382 :
1279 362 1447 391 rursumque
1471 364 1504 384 ex
1536 358 1643 385 tumulo
1661 358 1689 386 in
1705 359 1768 394 igne
1783 367 1829 387 se-

1037 405 1101 426 vera
1129 398 1233 434 judicis
1262 401 1401 428 sententia
1427 403 1560 430 tnmulor.
1581 403 1611 431 id
1638 404 1728 439 ipsum
1755 405 1830 440 quod

1037 444 1124 478 spiro,
1153 445 1229 473 velut
1254 446 1344 474 amnis
1361 447 1555 482 rapidissimus
1567 450 1668 484 estqui
1683 457 1745 477 cum
1766 458 1832 478 sur-

1037 497 1098 517 sum
1115 491 1271 525 exoriatur,
1306 493 1339 519 ad
1352 493 1405 520 ima
1421 501 1533 528 semper
1543 493 1602 521 ﬂuit
1617 494 1682 529 :qui
1697 496 1767 524 nillil
1782 496 1831 524 tir-

1037 543 1111 562 mum
1136 536 1246 570 habeat.
1261 545 1313 566 nec
1325 537 1413 566 lerat:
1431 539 1520 567 instar
1539 544 1583 568 est
1597 540 1746 574 pulvisculi
1781 543 1830 577 qui

1036 580 1063 607 in
1078 581 1176 610 oculos
1191 590 1268 611 meos
1284 584 1433 619 spargitur,
1445 588 1474 612 ut
1484 581 1585 620 procul
1597 594 1612 613 a
1627 585 1684 614 Deo
1695 587 1831 616 excidant.

1036 626 1212 660 Ludibrium,
1227 629 1310 656 homo
1329 634 1383 658 est.

1071 671 1167 707 Ejurd.
1180 681 1265 701 carm.
1280 674 1308 706 2,
1325 674 1362 702 De
1374 675 1445 703 hom.
1468 681 1525 704 nat.
1537 677 1652 713 fragilit.
1663 693 1699 699 —
1709 679 1831 715 Tempus

1035 725 1097 753 ego,
1125 725 1170 745 me
1184 722 1294 754 tempus
1323 719 1446 748 vicissim
1474 722 1609 755 praeterit,
1627 730 1683 750 ceu.
1696 724 1830 755 volucris.

1036 770 1086 791 ceu
1103 763 1182 792 navis
1197 764 1234 792 im
1252 764 1332 798 mari,
1351 770 1381 792 ut
1401 766 1470 793 nihil
1490 771 1567 795 stans
1583 767 1722 803 ﬁnitoque
1736 773 1831 796 tenea-

1043 816 1114 837 mus.
1129 809 1207 842 Quod
1219 813 1310 837 antem
1324 810 1422 839 admisi
1448 812 1600 847 peccando,
1615 813 1669 842 hoc
1686 816 1830 850 nunquam

999 842 1020 870 Β
1039 854 1173 889 pmterit,
1190 854 1249 888 sed,
1266 855 1332 884 dum
1346 856 1403 884 vita
1416 842 1659 893 suppetit,manet.

1077 900 1154 935 (ἔτερ.
1181 900 1448 936 Nysa—Terrena
1475 904 1551 940 regio
1579 912 1676 932 eorum
1696 909 1739 934 est
1767 913 1831 941 qua:

1033 945 1178 973 mutationi
1195 951 1221 974 et
1235 947 1411 975 conversioni
1427 948 1562 977 obnoxia.

1067 990 1207 1027 Chrysost.
1223 992 1295 1020 Itom.
1310 993 1372 1021 adu.
1391 993 1542 1028 Eutrop.—
1555 995 1623 1023 Cum
1639 1004 1757 1032 semper,
1772 1002 1830 1025 tum

1032 1045 1105 1064 nunc
1118 1038 1273 1073 pra‘sertitn
1298 1041 1491 1075 tempestivum
1505 1041 1651 1070 estdicere
1667 1049 1675 1068 τ
1692 1051 1701 1068 ι
1715 1041 1829 1070 Vanitas

1031 1082 1183 1109 vanitatum
1199 1086 1226 1110 et
1236 1083 1326 1110 omnia
1338 1084 1447 1112 vanitas
1460 1084 1566 1119 (Eccle.
1583 1094 1603 1118 ι,
1616 1085 1678 1120 2).»
1696 1086 1745 1114 Ubi
1761 1095 1830 1122 pra:-

1031 1127 1106 1154 clara
1137 1128 1298 1157 consulatus
1326 1130 1495 1165 amplitudo?
1520 1131 1565 1158 ubi
1591 1131 1645 1158 lata
1672 1131 1828 1167 lampadum

1031 1173 1226 1201 eollustratio?
1240 1174 1287 1202 ubi
1308 1175 1442 1210 plausus?
1461 1176 1508 1204 ubi
1537 1176 1636 1204 chori?
1665 1177 1712 1205 ubi
1738 1177 1828 1206 festivi

1031 1218 1208 1254 celebresque
1239 1221 1412 1248 conventus?
1426 1221 1473 1250 ubi
1504 1228 1614 1250 οοῖυηςο
1626 1227 1653 1250 et
1664 1223 1770 1251 aulica?
1786 1224 1828 1251 ci-

1031 1263 1127 1292 vitatis
1141 1265 1291 1298 tumultus,
1306 1269 1333 1293 et
1346 1266 1494 1301 populares
1512 1267 1541 1294 in
1552 1275 1687 1303 equorum
1699 1268 1831 1297 cursibus

1031 1309 1263 1339 acclamationes?
1278 1311 1324 1339 ubi
1341 1311 1483 1340 theatricte
1513 1313 1709 1341 adulationes?
1725 1319 1828 1342 cuncta

1032 1354 1091 1382 inec
1115 1355 1317 1384 abscesserunt
1332 1363 1340 1382 ι
1358 1364 1392 1384 ac
1421 1358 1585 1393 repentinus
1595 1359 1764 1392 ventitlatus,
1780 1368 1830 1388 ex-

1031 1400 1124 1428 cussis
1138 1401 1211 1429 loliis
1227 1402 1329 1429 nudam
1350 1402 1433 1430 nobis
1451 1403 1579 1432 arborem
1597 1405 1730 1438 ostendit,
1747 1409 1774 1434 et
1793 1408 1830 1434 ad

1033 1445 1109 1482 ipsos
1136 1454 1224 1482 usque
1252 1447 1361 1476 radices
1377 1453 1551 1484 quassatam.
1579 1449 1668 1478 Tanto
1687 1452 1760 1478 enim
1775 1451 1830 1480 im-

190 1498 229 1531 ὡς
248 1498 295 1526 καὶ
314 1497 463 1534 πρόρριζον
479 1496 601 1524 ἀπειλεῖν
624 1497 760 1532 ἀνασπᾷν,
777 1495 824 1522 καὶ
836 1495 907 1522 αὐτὰ
922 1494 980 1522 δια-

1034 1496 1096 1527 petu
1127 1497 1227 1521 ventus
1245 1493 1379 1527 incubuit,
1396 1499 1426 1521 ut
1441 1502 1501 1522 eam
1517 1502 1584 1530 pene
1598 1496 1731 1525 radicitus
1748 1498 1828 1525 evul-

191 1543 321 1570 σαλεῦσαι
333 1542 381 1569 τοῦ
394 1542 503 1577 δένδρου
518 1541 552 1568 τὰ
564 1540 658 1577 νεῦρα.
671 1540 726 1568 Ποῦ
739 1540 788 1567 νῦν
801 1541 825 1567 οἱ
840 1540 980 1575 πεπλανη-

192 1589 268 1625 μένοι
287 1588 376 1623 φίλοι;
389 1587 440 1614 ποῦ
460 1587 489 1614 δὲ
511 1587 547 1614 τὰ
575 1587 736 1622 προσωπεῖα
761 1586 815 1612 τῶν
836 1585 980 1618 κολάκων;

191 1634 242 1662 ποῦ
259 1634 293 1662 τὰ
314 1633 452 1669 συμπόσια
473 1633 520 1660 καὶ
537 1632 571 1660 τὰ
590 1632 695 1665 δεῖπνα,
714 1631 761 1659 καὶ
782 1632 796 1658 ὁ
814 1631 869 1658 τῶν
890 1639 981 1666 παρα-

190 1682 272 1709 σίτων
289 1681 384 1716 ὲσμδς,
402 1680 450 1707 καὶ
465 1679 498 1706 δι’
512 1679 577 1714 ὅλης
591 1679 698 1714 ἡμέρας
717 1677 880 1713 ὲκχεόμενος
893 1676 981 1711 ἄκρα-

189 1735 246 1759 τος,
266 1725 314 1753 καὶ
334 1726 363 1753 αἱ
382 1725 503 1752 ποικίλαι
524 1725 580 1751 τῶν
601 1723 742 1759 μαγείρων
764 1723 868 1758 τέχναι,
889 1721 936 1748 καὶ
955 1721 980 1748 οἱ

188 1774 240 1809 τῆς
265 1771 424 1803 δυναστείας
450 1769 634 1806 Θεραπευταί;
649 1769 674 1796 οἱ
692 1769 782 1796 πάντα
807 1767 876 1804 πρὸς
901 1767 981 1803 χάριν

189 1817 331 1851 ποιοῦντες
349 1818 396 1845 καὶ
409 1817 554 1852 λέγοντες;
570 1816 629 1849 Νὺξ
647 1814 682 1852 ἦν
705 1815 794 1843 πάντα
818 1814 910 1841 ἐκεῖνα
933 1813 982 1841 καὶ

189 1865 267 1900 ιναρ,
295 1864 343 1892 καὶ
373 1863 481 1900 ἡμέρας
507 1862 659 1898 γενομένης
683 1860 832 1896 ἠφανίσθη.
847 1859 932 1895 ’Δνθη
948 1856 982 1894 ἦν

190 1909 298 1946 ἐαρινὰ,
333 1909 381 1935 καὶ
404 1907 590 1944 παρελθόντος
608 1906 656 1933 τοῦ
681 1905 762 1940 ἔαρος
785 1905 894 1933 ἅπαντα
917 1911 983 1931 κατ-

189 1955 334 1992 εμαράνθη
345 1963 352 1969 ·
363 1954 428 1981 σκιὰ
437 1951 482 1989 ἦν,
494 1953 546 1980 καὶ
558 1952 744 1988 παρέδραμενο
759 1951 863 1982 καπνὸς
875 1948 920 1986 ἦν,
934 1950 982 1978 καὶ

189 2001 298 2036 διελύθη
306 2009 313 2017 ·
328 1999 504 2035 πομφόλυγες
515 1996 595 2034 ἦσαν,
609 1997 655 2024 καὶ
664 1997 702 2024 διε
706 1996 849 2032 ρῤάγησαν
859 2004 865 2012 ⁸
875 1996 981 2032 ἁρόιχνη

189 2044 234 2083 ἦν,
246 2047 295 2073 καὶ
308 2044 470 2080 διεσπάσθη.
486 2043 531 2070 Διὸ
539 2043 621 2070 πάλιν
637 2041 687 2078 τὴν
697 2041 886 2077 πνευματικὴν
896 2041 983 2068 ταῦτα

191 2092 298 2128 ἐπῳδὴν
316 2091 476 2127 ἐπάγωμεν,
495 2089 615 2125 συνεχῶς
635 2088 762 2123 λέγοντες
769 2096 781 2116 ·,
799 2097 808 2114 ι
825 2087 984 2123 Ματαιότης

192 2138 390 2176 ματαιοτήτων,
403 2138 438 2165 τὰ
454 2136 543 2165 πάντα
560 2135 720 2172 ματαιότης.
737 2145 746 2162 ι
759 2134 868 2171 Ταύτην
878 2135 927 2171 τὴν
939 2135 984 2171 ῥῆ-

1030 1538 1108 1570 scrit,
1125 1538 1255 1573 ipsasque
1281 1538 1364 1566 ﬁbras
1400 1540 1459 1574 jam
1489 1541 1672 1569 labefactarit.
1688 1542 1739 1571 Ubi
1754 1551 1828 1571 nunc

1032 1587 1098 1611 sunt
1109 1583 1149 1609 illi
1161 1583 1244 1610 fucati
1255 1583 1357 1610 amici?
1367 1583 1501 1620 υιιί322
1510 1589 1712 1614 assentatorum
1727 1588 1809 1616 larvas
1816 1589 1829 1616 ?

1033 1627 1080 1656 ubi
1116 1635 1202 1655 omna:
1219 1632 1247 1656 et
1273 1628 1412 1660 convivia,
1442 1637 1476 1657 ac
1507 1631 1692 1665 parasitorum
1707 1634 1828 1669 greges?

1034 1674 1081 1701 ubi
1101 1673 1198 1702 vinum
1212 1682 1261 1710 per
1276 1679 1365 1702 totum
1384 1675 1457 1703 diem
1474 1676 1662 1706 exhaustum?
1681 1679 1727 1706 ubi
1749 1680 1828 1708 varia

1033 1727 1168 1748 cocorum
1200 1721 1354 1749 lcnocinia?
1369 1722 1418 1750 ubi
1438 1724 1585 1758 potestatis
1615 1725 1747 1759 cultores,
1762 1726 1827 1761 qui-

1034 1772 1087 1800 que
1104 1766 1197 1793 omnia
1216 1767 1388 1802 aucupandae
1409 1768 1505 1804 gratiae
1530 1775 1625 1802 causa,
1647 1773 1704 1797 tum
1729 1770 1827 1806 loque-

1033 1812 1145 1845 bantur,
1179 1817 1236 1839 tum
1253 1812 1410 1842 faciebant?
1438 1813 1497 1841 Nox
1528 1814 1721 1850 somniumque
1747 1821 1829 1844 erant

1034 1857 1126 1886 isthaac
1139 1858 1243 1892 omnia,
1257 1862 1285 1886 et
1296 1859 1458 1887 adveniente
1471 1859 1533 1887 luce
1544 1866 1725 1888 evanuerunt.
1743 1861 1825 1888 Vorui

1034 1903 1117 1932 ﬂores
1133 1909 1225 1936 erant,
1237 1908 1265 1932 et
1282 1909 1381 1932 exacto
1407 1912 1472 1933 vere
1485 1910 1692 1933 emarcucrunt.
1721 1905 1825 1934 Umbra

1034 1953 1124 1981 erant,
1146 1953 1174 1977 et
1203 1949 1382 1976 ditlluxerunt
1398 1959 1405 1977 :
1421 1949 1514 1978 l‘umus
1527 1968 1536 1983 ,
1558 1954 1584 1978 et
1611 1950 1719 1986 dilapsa
1738 1955 1827 1984 sunt;

1035 1994 1117 2022 bulla:
1130 2015 1138 2028 ,
1165 2002 1198 2022 ac
1211 1994 1324 2029 dirupta
1343 1998 1407 2022 sunt
1426 2003 1432 2020 ε
1450 2002 1559 2022 aranea:
1577 1996 1652 2029 telas,
1668 2000 1696 2023 et
1711 1996 1827 2031 disjeeta

1035 2047 1110 2070 sunt.
1139 2041 1277 2074 Quocirca
1305 2041 1480 2076 spiritualem
1498 2041 1571 2069 hanc
1591 2041 1698 2077 epoden
1726 2042 1827 2071 iterum

1035 2088 1244 2120 aubneetnmus,
1279 2086 1448 2121 assidueque
1476 2092 1635 2122 repetamus
1653 2095 1661 2113 :
1682 2097 1692 2114 ι
1711 2087 1830 2116 Vanilas

1034 2133 1199 2165 vanitatum,
1214 2137 1242 2160 ct
1261 2133 1353 2160 omnia
1368 2132 1487 2160 vanitas.
1501 2143 1511 2160 ι
1532 2133 1587 2161 Hoc
1607 2133 1711 2161 dictum
1728 2133 1755 2161 in
1770 2141 1828 2169 ρο·-

192 2195 245 2220 etv,
263 2186 309 2213 καὶ
324 2186 353 2212 ἑν
367 2184 477 2220 τοίχοις,
494 2183 541 2210 καὶ
555 2183 585 2210 ὲν
603 2183 732 2218 ἱματίοις,
751 2181 800 2209 καὶ
813 2182 843 2208 ὲν
857 2181 982 2218 ἀγοραῖς,

1036 2179 1161 2212 rictibus,
1180 2178 1207 2205 in
1220 2177 1292 2209 foro,
1310 2177 1337 2205 in
1352 2177 1468 2210 aedibus,
1479 2179 1506 2206 in
1516 2179 1578 2211 viis,
1590 2178 1616 2205 in
1627 2178 1731 2213 januis,
1750 2178 1777 2206 in
1789 2179 1829 2206 in-

191 2232 240 2259 καὶ
250 2233 279 2259 ἐν
289 2231 399 2263 οίκίαις,
407 2230 455 2257 καὶ
463 2230 492 2257 ὲν
502 2229 584 2261 ὁδοῖς,
595 2228 643 2256 καὶ
654 2229 683 2255 ἐν
695 2228 801 2264 Θύραις,
822 2228 870 2255 καὶ
882 2229 912 2255 ὲν
925 2228 983 2255 εισ-

190 2278 273 2310 όδοις,
288 2277 336 2304 καὶ
350 2278 379 2303 ὲν
393 2274 504 2308 ἐξόδοις,
520 2275 568 2302 καὶ
582 2274 635 2310 πρὸ
649 2274 759 2301 πάντων
770 2275 799 2300 ὲν
813 2273 854 2309 τῷ
866 2273 983 2300 ἑκάστου

192 2323 324 2351 συνειδότι
339 2322 460 2358 συνεχῶς
474 2320 666 2357 ἐγγεγράφθαι
682 2320 747 2352 ἔδει,
762 2319 810 2347 καὶ
824 2319 869 2346 διὰ
882 2318 983 2351 παντὸς

190 2369 276 2405 αὐτὴν
300 2368 428 2405 μελιτᾷν.
448 2367 558 2403 Ἐπειδὴ
583 2366 670 2402 πολλὴ
696 2366 750 2393 τῶν
776 2365 947 2401 πραγμάτων
965 2365 983 2400 ἡ

190 2415 294 2450 ἀπάτη,
307 2415 354 2441 καὶ
365 2414 401 2441 τὰ
413 2414 585 2451 προσωπεῖα,
605 2413 652 2440 καὶ
664 2413 681 2447 ή
696 2412 853 2447 ὑπόκρισις,
868 2410 984 2447 ἀλήθειά

189 2470 232 2494 τις
259 2460 338 2496 παρὰ
368 2460 424 2492 τοῖς
453 2460 562 2492 πολλοῖς
588 2457 659 2486 εἶναι
686 2458 773 2491 δοκεῖ,
803 2456 891 2484 ταῦτα
920 2456 983 2483 καθ’

190 2507 309 2542 ἑκάστην
322 2505 441 2541 ἡμέραν,
456 2505 503 2532 καὶ
522 2506 553 2532 ὲν
567 2505 678 2540 δείπνῳ,
697 2505 745 2531 καὶ
761 2504 790 2530 ὲν
805 2503 920 2538 ἀρίστῳ,
935 2502 984 2528 καὶ

189 2553 218 2579 ἐν
235 2551 374 2585 συλλόγοις
397 2550 535 2584 ἐπιλέγειν
548 2550 665 2577 ἕκαστον
685 2549 724 2585 τῷ
742 2548 858 2583 πλησίον
883 2547 981 2583 ἐχρῆν,

189 2599 237 2627 καὶ
253 2599 329 2634 παρὰ
345 2597 391 2625 τοῦ
408 2597 524 2633 πλησίον
537 2596 657 2629 ἀκούειν,
672 2596 714 2623 ὃτι
730 2605 739 2621 ι
757 2594 915 2629 Ματαιότης
929 2601 983 2629 μα-

188 2646 349 2681 ταιοτήτων,
368 2644 404 2672 τὰ
422 2644 511 2672 πάντα
531 2642 690 2678 ματαιότης.
713 2651 722 2668 t
738 2642 796 2669 Οὐκ
809 2641 903 2676 ἔλεγον
919 2648 982 2667 συν-

189 2692 269 2728 εχῶς,
297 2692 339 2718 ὅτι
361 2690 502 2727 δραπέτης
525 2691 539 2716 ό
565 2688 701 2722 πλοῦτοςς
726 2688 758 2714 σὺ
784 2687 814 2714 δὲ
835 2686 914 2722 ἡμῶν
933 2686 983 2712 οὐκ

189 2739 285 2774 ήνέχου
296 2746 303 2752 '
321 2737 372 2765 οὐκ
391 2737 495 2770 ἔλεγον,
507 2737 548 2763 ὅτι
560 2734 698 2770 ἀγνώμων
712 2734 787 2760 ἐστὶν
806 2732 933 2768 οίκέτης;
950 2731 983 2758 σὺ

189 2784 217 2810 δὲ
232 2785 281 2810 οὐκ
296 2783 413 2818 ἠϐούλου
438 2781 593 2809 πείθεσθαι.
615 2781 681 2808 Ἰδοὺ
695 2780 725 2806 σὲ
738 2779 793 2807 τῶν
809 2778 983 2814 πραγμάτων

191 2830 308 2863 ἐδίδαξεν
334 2831 351 2866 ἡ
380 2830 476 2865 πεῖρα·
507 2829 547 2856 ὅτι
574 2828 604 2854 οὺ
641 2827 776 2863 δραπέτης
808 2826 899 2862 μόνον,
923 2825 983 2853 οὐδὲ

1033 2233 1141 2261 gressu,
1152 2231 1178 2252 et
1190 2226 1216 2251 in
1225 2231 1348 2260 egressu,
1359 2229 1385 2252 et
1394 2228 1456 2252 ante
1466 2225 1558 2251 omnia
1569 2224 1597 2251 in
1608 2223 1828 2260 uniuscujusque

1033 2271 1206 2299 conscientia
1225 2277 1367 2305 nunquam
1381 2277 1436 2297 non
1456 2269 1618 2305 inscriptum
1633 2278 1696 2298 esse
1706 2275 1827 2306 oportet,

1034 2318 1105 2353 quod
1117 2320 1250 2353 perpetuo
1264 2316 1438 2344 meditemur.
1449 2316 1549 2352 Ingens
1561 2316 1662 2351 quippe
1671 2324 1762 2345 rerum
1775 2316 1827 2344 fal-

1034 2362 1105 2391 lacia
1123 2365 1176 2395 est,
1193 2366 1220 2390 et
1234 2362 1317 2389 larva:
1330 2369 1362 2390 ac
1373 2362 1513 2390 simulatio
1527 2363 1600 2400 apud
1613 2363 1758 2397 plerosque
1768 2370 1828 2397 spe-

1034 2408 1102 2436 ciem
1111 2407 1236 2436 veritatis
1252 2412 1362 2443 gerunt.
1375 2408 1442 2436 Illud
1455 2409 1481 2436 in
1495 2416 1576 2436 creua
1584 2409 1650 2436 etin
1662 2409 1788 2443 prandio,
1799 2411 1828 2435 et

1034 2454 1061 2482 iu
1077 2454 1260 2482 conventibus
1290 2454 1409 2490 quisque
1427 2454 1510 2482 debet
1533 2454 1659 2489 proximo
1685 2453 1826 2486 occinere,

1033 2508 1066 2529 ac
1102 2508 1199 2528 rttrsus
1210 2500 1283 2527 idem
1301 2507 1315 2527 a
1337 2499 1463 2534 proximo
1483 2500 1579 2528 audire
1599 2509 1605 2528 :
1622 2509 1632 2526 ο
1649 2499 1762 2527 Vanilas
1777 2507 1826 2526 va-

1034 2547 1166 2580 uitatum,
1195 2552 1222 2574 et
1235 2546 1328 2574 omnia
1342 2546 1460 2573 vanitas.
1475 2555 1484 2572 ›
1502 2547 1601 2574 Annon
1622 2546 1734 2574 assidue
1748 2545 1827 2573 dice-

1035 2595 1099 2622 bam
1126 2593 1257 2628 l’ugitivas
1274 2601 1337 2621 esse
1366 2593 1499 2621 divitias?
1519 2592 1560 2620 Tu
1578 2599 1642 2620 vcro
1658 2592 1755 2619 audire
1772 2598 1826 2619 non

1034 2641 1201 2669 sustinebas.
1227 2641 1327 2667 Annon
1340 2639 1531 2676 casingratum
1544 2647 1605 2667 esse
1622 2639 1753 2667 l‘amulnm
1771 2638 1828 2665 aie-

1034 2687 1118 2714 baut?
1143 2691 1170 2714 tu
1188 2693 1253 2714 vero
1268 2686 1336 2713 mibi
1355 2685 1435 2713 fidem
1452 2685 1584 2714 adhibere
1609 2685 1769 2713 recusabas.
1789 2683 1829 2711 l-lu

1034 2738 1121 2762 tumet
1144 2735 1205 2769 ipso
1226 2740 1319 2761 rerum
1343 2733 1535 2768 experimento
1557 2731 1692 2763 didicisti,
1709 2738 1757 2759 eas
1772 2738 1829 2758 non

1034 2783 1116 2808 modo
1144 2781 1290 2816 fugitivum
1319 2784 1347 2808 et
1371 2780 1507 2815 ingratum
1540 2786 1650 2807 servum
1678 2786 1751 2809 esse,
1779 2777 1830 2804 sa-ii

1035 2828 1117 2855 etiam
1142 2827 1312 2855 carnificem.
1343 2825 1397 2854 illa:
1443 2825 1576 2861 siquidem
1606 2825 1768 2855 ellecerunt,
1798 2827 1829 2849 ut
