2080 3111
239 123 307 156 1127

236 187 313 210 nunc
341 179 370 206 in
396 180 471 205 metu
486 179 514 203 et
532 179 656 202 tremore
681 169 814 198 verseris.
829 168 941 199 Annon,
959 174 1024 194 cum
1040 169 1063 197 Α

238 226 307 254 mihi
320 230 385 252 vera
392 218 554 257 praedicanti
569 222 760 248 succenseres,
771 214 824 242 hoc
836 211 1024 244 inculcabam,

239 278 284 298 me
310 256 416 303 maiore
444 271 509 299 erga
539 267 566 290 te
593 261 722 289 allectum
739 267 801 287 esse
822 256 1026 288 benevolentia,

239 321 324 350 quam
340 299 528 339 assentatores
542 306 627 334 tuos?
637 311 729 333 annon
738 303 877 334 dicebam,
893 308 948 333 me,
961 299 1026 328 dum

241 347 287 388 tua
302 358 367 386 vitia
384 358 537 384 insectarer
550 357 576 382 et
585 358 778 388 coarguerem,
793 347 950 376 meliustibi
961 354 1030 374 con-

241 406 343 436 sulere.
359 409 443 438 quam
460 400 522 428 illos
538 399 586 435 qui
609 398 659 425 tibi
676 393 919 431 obsequerentur?
936 399 1029 420 annon

241 452 294 478 hoc
308 448 504 484 adjungebam,
518 445 632 473 meliora
641 451 703 472 esse
715 443 830 471 vulnera
843 439 1029 475 diligentiam,

242 503 324 532 quam
352 497 503 530 spontanea
520 491 695 518 inimicorum
718 487 834 516 oscula?
849 485 879 513 Si
895 493 954 513 mea
976 486 1031 512 ista

242 530 357 572 vulnera
382 540 538 574 accepisses
569 540 617 564 aut
649 535 798 566 audiisscs,
813 539 868 560 non
896 531 967 559 hanc
981 530 1031 558 tibi

243 593 360 617 mortem
390 586 500 614 illorum
527 582 622 610 oscula
643 581 826 616 peperissent.
856 578 916 605 Mea
930 577 1032 613 quippe

244 635 360 662 vulnera
391 631 507 659 salutem
534 627 667 659 allerunt;
684 625 794 652 illorum
819 628 911 652 autem
937 620 1032 649 oscula

245 678 426 708 incurabilem
439 674 565 702 morbum
576 675 718 700 crearunt.
734 670 786 698 Ubi
804 677 878 698 nunc
893 669 1034 704 placentae

246 726 303 753 illi?
319 723 422 758 ubi-qui
434 720 531 749 infero
545 719 682 746 neminem
696 724 750 745 non
761 715 972 752 protrudeban-t,
986 712 1033 748 qui

247 774 394 799 sescentas
410 768 482 795 dcte
499 765 596 793 laudes
611 763 683 799 apud
696 770 793 791 omnes
804 760 954 790 texebant?
969 760 1033 795 fuga

247 816 332 851 elapsi
365 811 616 842 suntzamicitiam
649 814 724 836 tuam
748 808 906 844 ejurarunt,
937 811 968 834 ut
986 812 1034 841 per

248 861 288 888 tui
315 858 516 895 ignorationem
531 855 613 883 saluti
631 861 688 882 suae
710 853 899 881 consulerent.
916 851 955 880 Ne
973 858 1037 887 pro-
1052 859 1075 886 Β

248 907 312 943 pius
322 905 431 941 quidem
449 903 483 931 ad
493 907 521 930 te
533 901 636 929 audent
647 900 789 928 accedere.
798 900 887 935 Atque
901 897 1036 931 Ecclesia,

250 960 334 989 quam
364 951 436 978 bello
467 956 555 984 nuper
585 947 756 978 lacessebas,
784 945 876 973 sintnn
905 944 1039 980 expandit

250 1006 344 1031 suum,
375 1001 457 1032 teque
479 993 626 1029 suscepit:
643 993 752 1020 theatra
782 999 850 1019 vero
867 998 928 1026 qua
959 990 1038 1026 prius

250 1045 372 1076 colebas,
404 1047 431 1070 et
447 1047 566 1077 quorum
592 1046 676 1067 causa
689 1038 724 1066 ad
741 1042 769 1066 te
793 1045 867 1073 saepe
882 1043 1039 1065 sermonem

250 1090 346 1122 habui,
357 1093 389 1116 «te
404 1088 462 1124 ipsa
485 1085 678 1122 prodiderunt,
694 1089 722 1112 et
743 1083 771 1111 in
786 1083 899 1111 exitium
914 1082 1040 1117 coniece-

250 1139 328 1164 runt.
343 1132 530 1162 Nihilominus
543 1137 685 1166 nunquam
707 1129 800 1157 dicere
815 1127 1016 1156 intermisimus
1032 1136 1039 1155 :

251 1189 301 1209 cur
325 1180 383 1207 haec
403 1177 493 1206 lacis?
509 1184 560 1204 cur
578 1176 717 1204 civitatem
747 1174 881 1202 furiosam
893 1172 1000 1207 reddis,
1015 1176 1043 1200 et

251 1229 279 1256 in
297 1225 479 1263 praecipitium
492 1222 568 1259 agis?
584 1223 618 1249 At
628 1226 658 1249 tu
679 1221 772 1248 omnia
783 1220 963 1256 contemptim
975 1226 1043 1254 prae-

251 1273 364 1302 teribas.
395 1269 478 1305 Atqui
504 1269 642 1296 circenses
660 1266 772 1301 quidem
789 1265 844 1293 ludi
856 1269 883 1293 et
893 1264 1042 1298 curricula,

251 1324 314 1353 quae
337 1319 399 1343 tuas
428 1321 494 1349 opes
514 1312 587 1340 male
614 1314 862 1346 consumpserunt,
880 1310 1000 1345 gladium
1016 1310 1043 1337 in

253 1361 405 1398 perniciem
429 1363 503 1386 tuam
516 1361 652 1385 acuerunt
670 1366 677 1384 :
693 1356 814 1384 Ecclesia
833 1362 898 1383 vero
915 1363 976 1390 qua:
991 1355 1044 1382 im-

253 1413 400 1445 portunam
427 1409 455 1434 et
473 1405 597 1440 iniquam
625 1402 798 1430 iracundiam
823 1405 900 1428 tuam
927 1405 1041 1436 experta

254 1457 308 1486 est,
339 1458 561 1487 quaquaversum
591 1448 724 1480 excurrit,
748 1451 828 1483 teque
840 1455 873 1475 ex
889 1447 931 1475 his
941 1447 1046 1475 retibus

255 1499 349 1528 studet
380 1497 511 1526 eximere.
544 1495 608 1522 Haec
621 1501 704 1530 porro
727 1501 782 1521 non
804 1500 838 1521 eo
853 1493 982 1525 dixerim,
1015 1496 1044 1519 ttt

256 1547 397 1582 prostrato
423 1541 553 1570 insultem
582 1548 589 1566 :
609 1547 665 1567 non
692 1544 722 1566 ut
738 1539 834 1574 plagas
845 1538 967 1573 scalpam
982 1537 1043 1564 vul-
1061 1532 1083 1562 C

257 1591 370 1620 nerati:
394 1597 450 1617 non
490 1593 520 1615 ut
544 1586 673 1614 ﬂuctibus
700 1585 834 1619 iactatum
872 1584 1047 1619 detnergam;

258 1638 307 1666 sed
324 1641 355 1665 ut
381 1643 429 1664 eos
453 1634 499 1669 qui
517 1633 638 1661 secundo
652 1638 734 1660 vente
759 1631 898 1666 navigant,
914 1629 1048 1662 erudiam,

260 1691 296 1710 ne
322 1681 432 1709 tandem
458 1680 487 1706 in
512 1678 680 1714 profundum
713 1677 851 1704 ferantur.
868 1676 943 1704 Nihil
975 1675 1070 1703 enim.

259 1728 345 1756 rebus
372 1726 500 1754 humanis
513 1728 555 1753 est
570 1723 747 1752 imbecillius.
773 1723 958 1756 Quamobrem
982 1729 1051 1757 que-

260 1780 370 1809 cunqne
408 1772 521 1799 nomine
553 1771 701 1798 utilitatem
735 1777 829 1797 earum
879 1768 1050 1803 appellabam

261 1820 397 1855 quispiam
422 1816 573 1848 censuerit,
601 1816 694 1842 minus
711 1815 756 1842 ille
782 1815 894 1847 dixerit,
911 1821 994 1848 quam
1006 1820 1053 1841 ve-

260 1863 341 1900 323
355 1863 423 1890 ritas
435 1861 505 1889 l'erat
523 1868 529 1886 :
545 1860 589 1888 vel
607 1860 630 1887 si
653 1867 701 1887 cas
717 1859 834 1891 fumum,
847 1858 888 1886 vel
909 1857 1058 1890 umbram,

263 1909 308 1936 vel
337 1907 443 1939 fenum,
468 1905 512 1933 vel
538 1904 689 1937 somnium,
720 1904 763 1931 vel
778 1911 880 1931 vernos
898 1903 991 1936 liores,
1009 1902 1053 1930 vel

261 1953 406 1990 quodlibet
420 1951 495 1980 aliud
508 1950 711 1984 nominaveris,
730 1950 860 1977 vaniores
882 1949 973 1976 adhuc
988 1951 1054 1976 sunt

262 2001 298 2028 iis
316 2007 379 2034 quae
395 1997 465 2026 nihil
490 2004 607 2033 prorsus
631 2000 708 2024 sunt.
725 1995 764 2022 Ac
781 1999 964 2030 praeterquam
980 1993 1054 2029 quod

263 2045 334 2074 nihil
361 2044 414 2072 illae
426 2047 505 2077 sunt,
522 2043 621 2077 ingens
640 2049 752 2077 quoque
768 2041 796 2068 in
811 2041 879 2076 ipsis
897 2040 1054 2075 periculum

264 2095 292 2119 et
304 2089 472 2125 supplicium
485 2088 565 2115 latet.
583 2087 687 2122 Ecquis
701 2086 776 2114 enim
792 2086 846 2113 hoc
857 2085 970 2113 homine
987 2092 1056 2120 prae-

264 2136 368 2164 celsior
387 2133 512 2162 exstitit?
527 2140 619 2161 annon
643 2133 738 2160 orbem
757 2132 919 2159 universum
950 2131 1056 2166 magni-

266 2182 364 2210 tudine
391 2187 474 2215 opum
503 2177 664 2214 superavit?
690 2185 783 2205 annon
799 2176 832 2204 ad
845 2177 922 2212 ipsas
938 2177 1057 2212 dignita-

269 2233 328 2255 tum
346 2233 424 2253 arces
437 2229 464 2253 et
478 2224 588 2259 fastigia
597 2223 779 2251 conscendit?
793 2221 889 2249 Nonne
906 2221 962 2250 illis
973 2221 1056 2249 etiam

267 2274 315 2310 qui
332 2272 487 2300 diademate
509 2269 630 2298 redimiti
645 2273 735 2301 erant,
757 2268 856 2296 terrori
874 2268 943 2295 luit?
958 2268 1056 2295 Annon

268 2326 367 2347 onmes
389 2317 451 2353 ejus
477 2320 554 2345 metu
566 2320 594 2344 et
618 2320 741 2343 tremore
755 2313 999 2349 percellebantur?
1023 2314 1058 2340 At

267 2366 324 2401 jam
341 2364 377 2393 iis
399 2371 510 2399 quoque
525 2362 573 2398 qui
592 2361 620 2389 in
634 2360 755 2388 vinculis
776 2364 851 2393 sunt,
867 2360 911 2387 hic
930 2359 1060 2387 miserior

269 2417 324 2446 est,
349 2410 536 2439 aerumnosior
562 2408 620 2435 illis
640 2407 688 2443 qui
716 2406 851 2434 servitute
883 2409 1058 2441 premuntur,

270 2450 361 2493 iisque
383 2457 494 2484 demum
518 2453 666 2490 pauperior
691 2453 738 2487 qui
755 2452 827 2480 fame
845 2451 1058 2482 eontahescuut.

270 2512 333 2532 cum
347 2503 374 2531 in
387 2502 511 2538 singulas
520 2501 604 2529 horas
614 2499 717 2535 gladios
727 2502 871 2530 cxacutos,
885 2497 1058 2529 barathrum,

270 2554 298 2579 et
312 2549 459 2578 carniﬁces
473 2555 529 2584 pra:
542 2546 631 2574 oculis
649 2545 757 2577 habeat,
782 2552 868 2579 seque
884 2543 918 2571 ad
945 2546 1060 2571 mortem

271 2598 331 2633 rapi
360 2599 448 2632 putct,
477 2602 509 2621 ac
526 2601 560 2622 ne
576 2593 687 2629 quidem
717 2591 885 2624 meminerit,
906 2590 934 2617 in
959 2590 1006 2617 illa
1032 2597 1062 2618 se

272 2644 411 2678 quondam
430 2641 572 2676 voluptate
589 2639 685 2667 fuisse.
701 2638 773 2671 Quin
793 2645 843 2665 nec
861 2637 936 2672 ipsos
949 2636 1062 2672 quidem

278 2690 342 2717 solis
354 2689 448 2716 radios
467 2688 569 2718 sentit;
588 2684 719 2713 verumin
733 2684 852 2719 ipsautet
870 2682 996 2716 meridie,
1009 2682 1064 2709 vel-

838 113 868 143 S.
887 110 1048 143 JOANNIS
1066 108 1286 141 DAMASCENI

1802 102 1872 136 H28

1076 165 1212 201 ἀγνώμων
1225 164 1346 198 οἰκέτης,
1366 160 1434 191 ἀλλά
1459 160 1507 187 καὶ
1530 157 1707 206 ἀνδροφόνος·
1724 154 1804 191 οὗτος
1815 160 1871 196 γάρ

1079 219 1110 238 σε
1119 211 1232 247 τρέμειν
1247 209 1295 236 νῦν
1312 208 1359 236 καὶ
1375 207 1490 234 δεδιέναι
1504 205 1723 241 παρεσκεύασεν.
1738 205 1796 232 οὐκ
1813 205 1874 232 ελε-

1078 264 1126 290 γον
1140 254 1271 290 συνεχῶς,
1286 253 1368 288 ἡνίκα
1379 251 1515 287 ἐπετίμας
1533 249 1622 285 ἀληθῆ
1639 258 1681 276 σοι
1699 249 1816 283 λέγοντι,
1832 250 1875 277 ὅτι

1079 301 1135 336 ἐγώ
1150 309 1181 328 σε
1197 299 1267 335 φιλῶ
1283 298 1385 334 μᾶλλον
1397 298 1452 325 τῶν
1466 296 1689 328 κολακευόντωνς
1704 294 1754 322 οὐκ
1768 294 1872 329 ελεγον,

1079 349 1120 375 δτι
1132 346 1187 382 ἐγὼ
1197 348 1211 374 ὁ
1225 346 1356 381 ἐλέγχων,
1369 345 1452 372 πλέον
1466 343 1584 380 κήδομαι
1598 342 1653 369 τῶν
1668 341 1874 377 χαριζομένων;

1079 394 1110 421 οὺ
1134 391 1312 429 προσετιθονν
1334 391 1391 422 τοῖς
1411 390 1519 426 ῥήμασι
1531 388 1649 420 τούτοις,
1660 388 1702 415 ὃτι
1717 388 1876 421 ἀξιοπιστό-

1080 447 1149 475 τερα
1161 437 1307 473 τραύματα
1321 435 1417 471 φίλων,
1433 435 1449 470 ἢ
1466 433 1578 461 ἑκούσια
1594 433 1736 468 φιλήματα
1751 433 1875 469 ἐχθρῶνς

1081 486 1114 512 Et
1133 483 1189 511 τῶν
1212 483 1288 519 ἐμῶν
1313 483 1434 518 ἤκουσας
1454 479 1632 516 τραυμάτων,
1655 479 1707 506 οὐκ
1725 478 1759 506 ἄν
1782 486 1824 506 σοι
1843 477 1878 506 τὰ

1083 529 1224 565 φιλήματα
1235 528 1270 555 τὰ
1285 527 1400 554 ἐκείνων
1414 525 1460 552 τὸν
1473 524 1590 552 θάνατον
1608 524 1703 551 τοῦτον
1716 523 1821 551 ἔτεκον.
1835 522 1878 551 Τὰ

1082 575 1137 610 γὰρ
1151 574 1206 610 ἐμὰ
1220 572 1367 610 τραύματα
1379 571 1475 606 ὑγείαν
1486 570 1662 607 ἐργάζονται,
1676 569 1710 596 τὰ
1719 569 1747 596 δέ
1763 569 1877 596 ἐκείνων

1084 620 1225 656 φιλήματα
1247 619 1324 646 νόσον
1345 617 1454 645 ἀνίατον
1480 615 1676 643 κατεσκεύασε.
1696 614 1751 641 Ποῦ
1779 614 1827 642 νῦν
1849 617 1876 643 oi

1083 666 1217 702 οἱνοχόοι;
1237 664 1289 692 ποῦ
1315 664 1343 691 δέ
1363 664 1388 690 οἱ
1404 662 1547 694 σοῦοῦντες
1564 661 1611 688 ἐπὶ
1629 661 1681 696 τῆς
1700 661 1814 696 ἀγορᾶς,
1831 661 1879 688 καὶ

1086 713 1171 749 μυρία
1199 712 1283 738 πᾶσιν
1310 710 1439 746 ἐγκώμια
1468 708 1634 741 πλέκοντεςς
1650 708 1878 744 ἐδραπέτευσανυ

1086 759 1240 794 ἠρνήσαντο
1264 759 1312 794 τὴν
1337 756 1440 792 φιλίαν,
1463 756 1615 791 ἀσφάλειαν
1631 757 1742 788 ἑαυτοῖς
1767 754 1812 782 διὰ
1831 755 1882 789 τῆς

1088 806 1138 841 σῆς
1152 804 1262 839 ἀγνοίας
1287 803 1458 840 πορίζοντες.
1482 802 1553 829 Οὔτε
1577 802 1663 838 ἐγγὺς
1681 801 1808 837 γενέσθαι
1827 800 1885 828 τολ-

1089 851 1177 888 μῶσι·
1193 850 1240 878 καὶ
1251 851 1268 886 ἡ
1289 849 1338 886 μὲν
1352 849 1541 886 πολεμηθεῖσα
1557 848 1634 884 παρά
1649 857 1696 875 σου
1719 847 1881 884 Ἐκκλησία,

1088 898 1152 930 τοὺς
1166 897 1285 929 κόλπους
1295 896 1419 932 ῆπλωσε,
1442 895 1491 923 καὶ
1510 895 1681 928 ὑπεδέξατο·
1703 894 1737 922 τὰ
1753 894 1782 921 ὂέ
1803 893 1884 930 Θερα-

1089 943 1226 972 πευοὲντα
1252 943 1366 978 θέατρα,
1390 942 1460 977 ὺπέρ
1483 938 1521 969 ὧν
1541 941 1611 977 πρός
1633 949 1664 967 σε
1684 940 1817 972 πολλάκις
1842 939 1884 966 δι-

1090 989 1214 1026 ελέχθην,
1230 989 1402 1026 προῦδωκεν,
1424 988 1473 1016 καὶ
1483 987 1636 1022 ἀπώλεσεν,
1658 986 1717 1014 ἀλλ’
1736 987 1812 1022 ὅμως
1833 986 1885 1013 οὐκ

1090 1035 1273 1071 ἐπαυσάμεθα
1289 1035 1333 1063 ἀεὶ
1348 1034 1490 1070 λέγοντες·
1508 1034 1535 1061 τί
1547 1033 1636 1061 ταῦτα
1650 1034 1756 1067 ποιεῖς
1780 1033 1886 1060 ἐκδακ-

1090 1082 1182 1118 χεύεις
1195 1081 1245 1117 τὴν
1271 1080 1360 1113 πόλιν,
1380 1081 1429 1107 καὶ
1452 1079 1524 1108 κατά
1543 1079 1678 1116 κρημνῶν
1700 1078 1813 1114 φέρεις
1830 1077 1885 1105 Καὶ

1091 1127 1261 1165 παρέτρεχες
1271 1126 1390 1154 ἅπαντα.
1410 1126 1465 1153 Καὶ
1475 1127 1503 1153 αι
1519 1126 1569 1161 μὲν
1585 1125 1778 1162 ἱπποδρομίαι,
1794 1125 1824 1153 at
1838 1125 1887 1152 τὸν

1093 1174 1207 1202 πλοῦτον
1229 1173 1276 1200 τὸν
1296 1173 1344 1200 σὺν
1363 1172 1456 1204 κακῶς
1479 1171 1667 1205 ἀναλώσασαι,
1681 1171 1713 1198 τὸ
1728 1171 1805 1207 ξίφος
1820 1171 1887 1206 ἡκό-

1093 1228 1189 1257 νησαν,
1216 1220 1234 1257 ἡ
1250 1219 1278 1246 δέ
1299 1218 1449 1253 Ἐκκλησία
1470 1219 1521 1254 τῆς
1538 1218 1625 1254 ὀργῆς
1641 1217 1822 1245 ἀπολαύσασα
1836 1218 1888 1252 τῆς

1092 1266 1192 1302 ἀλόγου
1209 1265 1258 1293 καὶ
1276 1265 1391 1300 ἀκαίρου
1406 1285 1413 1298 ,
1433 1263 1574 1299 πανταχοῦ
1600 1263 1759 1299 περιτρέχει
1772 1263 1828 1290 τῶν
1847 1262 1889 1289 δι-

1093 1312 1185 1340 κτύων
1203 1311 1306 1339 τούτων
1327 1310 1481 1346 ἐξαρπάσαι
1499 1319 1529 1336 σε
1542 1309 1717 1345 ἐπειγομένη.
1733 1309 1788 1336 Καὶ
1801 1308 1890 1336 ταῦτα

1094 1358 1178 1393 λέγω,
1193 1358 1246 1385 οὐκ
1260 1356 1436 1392 ἐπεμὸαίνων
1458 1355 1497 1392 τῷ
1510 1356 1641 1391 κειμένῳ,
1659 1355 1710 1382 οὐκ
1735 1354 1891 1388 ἀναξαίνων

1095 1404 1129 1431 τά
1141 1404 1209 1439 ἐλκη
1223 1403 1271 1430 τοῦ
1288 1403 1472 1439 τετρωμένου,
1494 1402 1525 1429 οὺ
1544 1401 1751 1434 καταποντίζων
1764 1401 1812 1428 τὸν
1825 1400 1893 1428 κλυ-

1095 1450 1285 1486 δωνιζόμενον,
1303 1449 1372 1477 ἀλλά
1390 1449 1454 1481 τοὺς
1474 1448 1601 1483 ἐξουρίας
1618 1447 1750 1479 πλέοντας
1767 1446 1891 1474 παιδεύω

1099 1497 1137 1533 μὴ
1156 1496 1284 1532 γενέσθαι
1310 1495 1503 1532 ὐποῦρυχίους.
1528 1494 1610 1522 Οὺδέν
1633 1494 1689 1530 γὰρ
1712 1493 1767 1521 τῶν
1785 1494 1894 1530 ἀνθρω-

1100 1543 1185 1570 πίνων
1199 1542 1371 1578 πραγμάτων
1392 1540 1577 1577 σαθρώτερον.
1600 1540 1657 1572 Διὸ,
1673 1540 1742 1574 ὅπερ
1766 1540 1800 1567 ἂν
1821 1539 1894 1566 sim:

1100 1598 1143 1621 τις
1163 1588 1249 1625 ὖνομα
1268 1589 1318 1624 τῆς
1340 1587 1479 1620 εὐτελείας
1497 1586 1599 1619 αὐτῶν,
1619 1586 1731 1614 ἔλαττον
1751 1585 1802 1622 τῆς
1828 1586 1896 1621 ἀλη-

1101 1634 1178 1666 θείας
1189 1634 1260 1670 ἐρεῖ,
1279 1633 1331 1661 κᾶν
1353 1633 1470 1665 καπνὸν,
1499 1632 1552 1659 κᾶν
1580 1632 1672 1664 σκιὰν,
1698 1631 1750 1659 κᾶν
1785 1631 1895 1667 χόρτον,

1101 1680 1152 1708 κᾶν
1169 1680 1247 1716 δναρ,
1264 1679 1316 1707 κᾶν
1331 1678 1400 1714 ἄνθη
1416 1677 1525 1714 ἐαρινὰ,
1543 1678 1596 1705 κᾶν
1606 1677 1697 1705 ὁτιοῦν
1720 1677 1814 1713 ἕτερον
1835 1677 1896 1703 ἀνο-

1103 1725 1190 1761 μάσῃ,
1211 1724 1262 1751 καὶ
1279 1723 1335 1751 τῶν
1359 1723 1437 1750 οὐδὲν
1465 1723 1551 1749 οντων
1577 1722 1796 1758 οὺδαμινώτερα,
1827 1721 1898 1757 μετὰ

1103 1770 1155 1805 τῆς
1173 1769 1313 1800 οὺδενείας
1336 1769 1384 1796 καὶ
1407 1767 1476 1795 πολὺ
1495 1767 1527 1795 τὸ
1548 1767 1727 1803 ἀπόκρημνον
1748 1766 1816 1802 ἔχει.
1849 1766 1899 1798 Τις

1103 1815 1158 1851 γὰρ
1172 1815 1269 1842 τούτου
1290 1815 1403 1849 γέγονεν
1427 1813 1614 1849 ὑψηλότεροςς
1633 1813 1665 1840 οὐ
1688 1813 1779 1840 πᾶσαν
1796 1812 1847 1848 τὴν
1859 1812 1899 1839 oi-

1103 1857 1241 1893 κουμένην
1255 1857 1399 1893 παρῆλθεν
1415 1857 1455 1893 τῷ
1471 1856 1598 1892 πλούτῳς
1615 1857 1647 1883 οὐ
1662 1856 1732 1892 πρὸς
1747 1856 1832 1889 αὐτὰς
1843 1856 1900 1882 τιῖιν

1104 1903 1268 1939 ἀξιωμάτων
1299 1904 1384 1939 ἀνέϐη
1411 1904 1462 1935 τὰς
1486 1903 1611 1939 κορυφάς
1626 1912 1634 1937 ;
1649 1903 1711 1939 οὐχὶ
1736 1903 1784 1930 καὶ
1806 1903 1900 1934 αὐτοτς

1106 1949 1140 1978 τά
1153 1949 1308 1985 διαδήματα
1321 1949 1526 1985 περικειμένοις
1545 1949 1662 1985 φοϐερὸς
1673 1947 1707 1986 ἦν
1725 1957 1732 1982 ;
1750 1948 1811 1984 οὐχὶ
1832 1949 1901 1977 πάν-

1105 2004 1152 2027 τες
1167 1996 1250 2023 αὑτὸν
1268 1995 1384 2031 ἔτρεμον
1410 1995 1458 2022 καὶ
1474 1995 1627 2029 ὲδεδίεσαν;
1650 1995 1720 2022 Ἀλλ’
1732 1994 1787 2022 ίδοὶ)
1803 1994 1900 2029 γέγονε

1105 2042 1151 2069 καὶ
1164 2042 1313 2078 δεσμωτῶν
1329 2041 1505 2077 ἀθλιώτερος,
1519 2042 1566 2068 καὶ
1576 2040 1691 2068 οἰκετῶν
1704 2040 1898 2076 ἐλεεινότερος,

1105 2089 1154 2116 καὶ
1167 2089 1259 2116 αὐτῶν
1274 2088 1331 2115 τῶν
1350 2088 1424 2123 λιμῷ
1440 2088 1603 2124 τηκομένων
1629 2087 1747 2121 πτωχῶν
1770 2087 1900 2114 πενέστει

1108 2143 1166 2170 ρος,
1184 2134 1245 2161 καθ’
1264 2133 1384 2169 ἑκάστην
1407 2133 1483 2169 ὥραν
1508 2133 1571 2168 ξίφη
1599 2131 1705 2168 βλέπων
1729 2132 1898 2167 ἠκονημένα,

1108 2181 1156 2207 καὶ
1169 2180 1323 2216 βάραθρον,
1346 2179 1393 2206 καὶ
1412 2179 1544 2215 δημίους,
1574 2179 1623 2206 καὶ
1642 2179 1692 2215 τὴν
1719 2179 1767 2205 ἐπὶ
1785 2178 1900 2206 Θάνατον

1108 2225 1262 2259 ἀπαγωγήν
1277 2232 1284 2240 ·
1296 2223 1344 2250 καὶ
1374 2224 1437 2251 οὑδέ
1458 2225 1483 2251 ει
1503 2223 1615 2250 πώποτε
1644 2224 1756 2258 γέγονεν
1782 2223 1830 2250 ἐπὶ
1849 2223 1900 2258 τῆς

1108 2271 1207 2307 ἡδονῆς
1228 2269 1299 2297 οἶδεν
1322 2270 1429 2305 ἐκείνης
1445 2279 1451 2286 ·
1471 2271 1534 2297 οὐδὲ
1562 2270 1649 2304 αὐτῆς
1674 2269 1833 2297 αἰσθάνεται
1850 2268 1900 2303 τῆς

1108 2317 1230 2349 ἀκτῖνος,
1247 2315 1306 2342 ἀλλ’
1323 2317 1352 2343 ἐν
1366 2315 1529 2352 μεσημὸρίᾳ
1546 2315 1618 2352 μέσῃ
1639 2314 1736 2350 ὥσπερ
1745 2313 1901 2349 πυκνοτάτῃ

1110 2362 1190 2390 νυκτὶ
1204 2360 1478 2397 περιστοιχιζόμενος
1494 2369 1501 2376 ·
1521 2359 1608 2392 οὕτως
1634 2360 1684 2391 τὰς
1711 2359 1788 2394 δψεις
1813 2358 1901 2394 πεπή-

1112 2416 1207 2443 ρωται.
1221 2407 1332 2435 Μᾶλλον
1346 2407 1376 2434 δέ
1394 2407 1446 2433 ὅσα
1455 2406 1489 2433 ἂν
1501 2405 1749 2441 φιλονεικήσωμεν,
1768 2404 1799 2431 οὐ
1820 2404 1900 2438 δυνη-

1113 2453 1216 2490 σόμεθα
1231 2452 1459 2489 παραστῆσαιτῷ
1481 2452 1555 2488 λόγῳ
1571 2452 1602 2478 τὸ
1621 2451 1719 2483 πάθος,
1735 2451 1804 2487 ὅπερ
1838 2451 1903 2477 ὑπφ

1115 2500 1208 2535 μένειν
1246 2499 1328 2526 αὺτδν
1359 2499 1452 2531 εἰκὸς,
1478 2498 1543 2530 ῑσως
1581 2498 1642 2524 καθ’
1677 2497 1798 2532 ἑκάστην
1830 2496 1903 2532 ὦραν

1113 2545 1314 2580 ὑποτέμνεσθαι
1329 2544 1543 2580 προσδοκοῦντα.
1554 2543 1610 2578 Τὴν
1629 2543 1684 2579 γὰρ
1703 2542 1842 2578 προτέραν
1859 2543 1905 2569 ὅτε

1116 2591 1159 2618 ἐπ’
1181 2590 1263 2618 αὑτὸν
1295 2588 1378 2626 ἦλθον
1399 2591 1433 2618 ἐκ
1456 2590 1510 2617 τῶν
1538 2589 1684 2625 βασιλικῶν
1715 2588 1805 2615 αὐλῶν
1837 2588 1906 2623 πρὸς

1115 2637 1204 2664 οἰκίαν
1214 2636 1254 2657 με
1267 2636 1381 2664 ἐλκῦσαι
1393 2636 1560 2671 βουλόμενοι,
1572 2635 1619 2663 καὶ
1628 2635 1685 2667 τοῖς
1698 2634 1807 2661 σκεύεσι
1821 2642 1907 2669 προσ-

1117 2682 1219 2718 έδραμε
1229 2683 1285 2715 τοῖς
1299 2683 1395 2719 ἱεροῖς,
1413 2682 1523 2717 πύξινον
1544 2681 1594 2718 μέν
1615 2681 1699 2709 αὑτοῦ
1713 2680 1743 2708 τὺ
1759 2680 1909 2717 πρόσωπον

930 2765 1048 2794 VARIA‘J
1067 2765 1269 2796 LECTIONES.

315 2842 356 2864 πει
371 2841 446 2870 Alias
460 2843 527 2878 πρὸς
540 2844 609 2879 βίαν,
628 2853 674 2880 per
687 2844 749 2872 vim.
764 2844 795 2871 Et
812 2844 863 2873 hoc
878 2843 976 2872 melius
995 2843 1115 2872 videtur.
