2080 3111
190 114 194 118 “
215 110 281 143 1129

805 110 926 141 saeua
944 96 1182 140 PARALLELA.

1776 104 1847 153 1.130

210 166 256 203 ἦν,
270 168 318 194 καὶ
331 166 377 194 τοῦ
394 166 577 203 νεκρωθέντος
602 166 677 198 ἅπαξ
698 166 775 193 οὐδὲν
802 166 914 201 ἄμεινον
945 166 1004 192 δια-

1058 169 1087 192 ut
1104 163 1247 193 teterrima
1265 167 1346 191 nocte
1359 162 1560 198 circumfusus,
1578 169 1661 191 usura
1676 162 1747 190 lucis
1756 166 1843 190 caret.

211 214 347 248 κείμενον.
361 214 469 245 κτύπος
481 214 509 240 δὲ
518 208 571 240 τῶν
589 213 714 247 ὀδόντων,
729 213 776 238 καὶ
792 213 924 246 πάταγος,
956 212 1002 238 καὶ

210 260 310 294 τρόμος
324 260 372 286 τοῦ
393 259 492 291 παντὸς
520 260 664 295 σώματος,
685 260 733 286 καὶ
750 259 828 294 φωνὴ
853 259 1002 284 διακοπτο-

212 305 290 340 μένη,
305 305 352 330 καί
364 304 477 338 γλῶσσα
490 304 682 340 διαλελυμένη,
699 303 746 331 καὶ
758 304 863 339 σχῆμα,
880 301 936 330 οἷον
954 303 1002 329 καὶ

210 351 314 386 λιθίνην
347 350 436 386 ψυχὴν
447 350 527 385 τῆξαι
552 351 711 386 δυνάμενον.
741 351 796 378 Καὶ
820 350 908 377 ταῦτα.
930 349 1002 383 λέγω

211 398 261 424 οὐκ
276 397 427 429 ὀνειδίζων,
448 397 508 423 οὐδὲ
526 397 702 432 ἐπεμϐαίνων
716 398 750 432 τῇ
766 396 904 432 συμφορᾷ,
933 394 1003 422 ἀλλὰ

211 445 261 479 τὴν
272 444 408 479 ὑμετέραν
424 443 545 470 διάνοιαν
567 442 685 478 μαλάξαι
712 442 885 477 βουλόμενος,
899 441 946 467 καὶ
962 440 1001 472 εἰς

212 491 286 517 ἔλεον
303 489 517 517 ἐπισπάσασθαι.
532 490 610 521 Τίνος
625 490 718 516 ἕνεκεν
740 489 904 523 ἀγανακτεῖς
919 496 926 520 ;
941 487 1002 514 ’Ὁτι

211 538 255 573 δὴ,
282 537 374 572 φησιν,
398 537 439 567 εἰς
457 535 621 570 Ἐκκλησίαν
646 535 800 569 κατέφυγεν
815 535 829 560 ὁ
845 533 1001 568 πολεμήσας

212 583 298 618 αὐτὴν
312 581 456 616 διηνεκῶς.
472 581 522 608 Διὰ
549 580 628 607 τοῦτο
656 580 775 615 μάλιστα
802 578 927 612 δοξάζειν
949 578 1002 613 χρὴ

212 629 257 655 τὸν
269 628 345 661 Θεὸν,
364 628 405 654 ὅτι
417 627 523 663 ἀφῆκεν
536 627 618 661 αυτὸν
628 628 668 658 εἰς
687 626 820 661 τοσαύτην
835 624 1002 660 καταστῆναι

212 675 346 709 ἀνᾶιγκην,
363 674 433 700 ὥστε
448 674 496 700 καὶ
506 673 555 708 τὴν
567 672 681 707 δύναμιν
692 672 741 707 τῆς
762 670 935 706 Ἐκκλησίας,
956 670 1004 696 καὶ

212 723 262 755 τὴν
281 720 487 755 φιλανθρωπίαν
503 719 610 754 μαθεῖν.
629 720 667 745 Οὐ
681 718 914 753 μνησικακήσασα
931 716 1003 751 ὑπὲρ

213 768 266 793 τῶν
280 766 445 801 ἔμπροσθεν,
462 766 530 792 ἀλλὰ
544 765 608 796 τοὺς
624 764 741 795 κόλπους
754 764 838 798 αὐτῆς
854 762 1004 789 ἁπλώσασα

213 813 262 847 τῆς
277 811 478 847 φιλοστοργίας.
494 810 580 837 Τοῦτο
606 810 737 846 τροπαίου
752 808 851 839 παντὸς
878 806 1003 842 λαμπρό-

213 867 308 893 τερον·
325 858 404 885 τοῦτο
422 858 557 893 Ἕλληνας
588 857 716 893 ἐντρέπει
736 864 742 870 “
764 855 844 882 τοῦτο
863 853 1006 884 Ἰουδαίους

214 903 403 939 καταισχύνει,
418 903 514 930 ὃτιτὺν
537 903 666 938 πολέμιον
688 901 862 937 αἰχμάλωτον
884 898 1005 926 λαϐοῦσα

214 950 352 984 φείδεται·
370 949 417 975 καὶ
441 949 567 983 καθάπερ
590 949 681 984 μήτηρ
709 947 887 982 φιλόστοργος
905 945 957 971 ὑπὸ
972 944 1007 971 τὰ

214 996 455 1031 παριπετὰσματα
469 995 553 1029 αὐτῆς
570 995 699 1030 ἔκρυψεν,
712 994 758 1020 καὶ
774 993 841 1028 πρὸς
864 989 1005 1027 βασιλικὴν

214 1043 298 1078 ὀργὴν
315 1042 445 1077 ἀντέστη,
459 1041 505 1067 καὶ
518 1041 585 1074 πρὸς
596 1041 683 1075 δήμου
694 1040 781 1074 θυμὸν
809 1039 856 1065 καὶ
873 1038 941 1073 πρὸς
956 1037 1002 1071 μῖ-

215 1098 261 1120 σος
272 1088 420 1123 ἀφόρητον.
429 1087 515 1113 Τοῦτο
525 1086 572 1113 τοῦ
582 1086 778 1121 θυσιαστηρίου
793 1086 907 1119 κόσμος.
924 1083 1005 1113 Ποῖος

215 1136 327 1170 κόσμος,
349 1134 427 1169 φησὶ,
441 1134 487 1160 τὸν
511 1133 607 1167 ἐναγῆ,
635 1133 682 1159 καὶ
697 1131 876 1165 πλεονέκτην,
898 1129 945 1155 καὶ
960 1128 1005 1164 ὅιρ⁴

216 1189 291 1215 παγα
302 1181 357 1206 τῶν
376 1179 474 1206 κιόνων
491 1178 626 1205 ἅπτεσθαι
654 1177 701 1204 τοῦ
720 1175 916 1211 θυσιαστηρίου
933 1183 940 1207 ;
959 1173 1004 1208 Μὴ

214 1227 277 1260 λέγε
293 1226 378 1253 ταῦτα
396 1233 402 1240 ·
424 1225 485 1251 ἐπεὶ
509 1225 585 1259 καὶὴ
603 1223 691 1258 πόρνη
715 1223 804 1257 ἥψατο
833 1221 887 1247 τῶν
915 1218 1004 1245 ποδῶν

214 1274 261 1300 τοῦ
287 1273 404 1308 Ἰησοῦὴ
427 1272 532 1307 σφόδρα
558 1270 658 1305 ἐναγὴς
685 1268 733 1295 καὶ
760 1268 926 1302 ἀκάθαρτος,
957 1264 1005 1291 καὶ

215 1320 264 1346 οὐκ
285 1317 319 1354 ἦν
348 1318 475 1353 ἔγκλημα
496 1316 544 1343 τοῦ
561 1314 659 1351 Ἰησοῦ.
675 1315 712 1341 Οὐ
735 1314 790 1349 γὰρ
812 1312 857 1339 τὸν
884 1310 1004 1347 καθαρὸν

215 1367 348 1392 ἔϐλαπτεν
360 1367 376 1400 ἡ
389 1364 555 1399 ἀκάθαρτος,
587 1362 656 1389 ἀλλὰ
676 1361 725 1397 τὴν
753 1360 837 1394 ἐναγῆ
869 1358 974 1393 πόρνην
990 1358 1005 1384 ὁ

216 1412 334 1446 καθαρὸς
353 1411 502 1446 εἰργάσατο
527 1409 643 1444 ἄμωμον
671 1407 715 1433 διὰ
743 1406 793 1441 τῆς
816 1405 887 1439 ἁφῆς
907 1413 913 1419 “
937 1402 1004 1439 μηδὲ

216 1458 435 1494 μνησικακήσῃς,
464 1456 603 1491 ἄνθρωπε,
631 1453 747 1480 ἐκείνου.
779 1452 891 1478 Οἰκέται
919 1449 1005 1489 ἐσμὲν

214 1505 260 1531 τοῦ
279 1504 414 1531 Δεσπότου
425 1502 473 1529 τοῦ
487 1500 707 1536 ἐσταυρωμένον,
721 1498 768 1525 τοῦ
778 1498 914 1532 λέγοντος·
932 1495 1004 1523 (ΙΙά-
1017 1509 1040 1538 c

215 1561 272 1588 τερ,
290 1552 357 1585 ἄφες
369 1551 461 1581 αὐτοῖς
474 1557 479 1563 ·
499 1548 528 1574 οὺ
546 1547 601 1582 γὰρ
614 1546 700 1572 οἴδασι
714 1545 740 1571 τί
756 1544 890 1571 ποιοῦσιν.
913 1552 921 1568 ι
933 1541 1003 1569 Ἀλλ’

214 1587 386 1632 ἀπετείχισεν
405 1596 455 1631 τὴν
473 1593 591 1621 ἐνταῦθα
604 1591 781 1626 καταφυγὴν⁴
797 1590 944 1624 γράμμασι
958 1587 1005 1614 καὶ

214 1646 306 1681 νόμοις
316 1643 456 1678 διαφόροις
471 1650 478 1656 ·
492 1640 550 1668 ἀλλ’
570 1639 625 1666 ἰδοὺ
640 1638 684 1665 διὰ
699 1638 753 1664 τῶν
776 1637 865 1671 ἔργων
890 1634 1003 1670 ἔμαθεν,

213 1680 281 1727 ὅπερ
293 1691 432 1726 ἐποίησεν,
450 1688 496 1715 καὶ
511 1687 557 1714 τὸν
582 1687 664 1721 νόμον
690 1684 770 1710 ἔλυσε
794 1683 902 1718 πρῶτος
922 1680 1003 1711 αὐτὸς

213 1735 296 1766 δι’ὦν
306 1737 417 1768 ἔπαθεν,
433 1736 481 1762 καὶ
497 1734 592 1769 γέγονε
614 1733 663 1768 τῆς
690 1730 854 1765 οἰκουμένης
877 1728 1003 1762 θέατρον.

214 1785 269 1812 Καὶ
283 1784 367 1817 σιγῶν
382 1782 508 1809 ἐντεῦθεν
525 1780 623 1815 ἀφίησι
649 1777 741 1812 φωνὴν
769 1776 871 1802 ἅπασιν
900 1781 1004 1808 παραι-

213 1832 277 1863 νῶν,
290 1831 337 1857 καὶ
351 1830 454 1863 λέγων·
468 1827 514 1862 Μὴ
531 1826 627 1860 ποιῆτε
640 1823 768 1855 τοιαῦτα,
785 1822 828 1848 ἵνα
844 1820 881 1855 μὴ
898 1819 1003 1854 πάθητε

213 1877 334 1903 τοιαῦτα.
353 1876 408 1902 Kal.
431 1872 590 1903 διδάσκαλος
608 1870 747 1904 ἐνεδείχθη
775 1867 861 1901 σιγῶν
886 1865 930 1892 διὰ
954 1864 1003 1899 τῆς

175 1933 178 1935 ’
214 1923 367 1958 συμφορᾶς.
380 1921 435 1948 Καὶ
450 1918 613 1954 λαμπηδόνα
643 1915 767 1951 μεγάλην
798 1912 896 1947 ἀφίησι
909 1911 940 1958 to
956 1910 1002 1937 θυ-

214 1957 450 2003 σιαστήριον.Νῦν
479 1964 594 2000 φοϐερὸν
623 1963 750 1998 μάλιστα,
766 1961 807 1987 ὅτι
835 1958 882 1985 τὸν
907 1957 1004 2003 λέοντα

212 2000 355 2049 δεδεμένον
370 2012 437 2047 ἔχει.
455 2011 511 2038 Καὶ
532 2008 658 2045 βασιλικῇ
674 2006 758 2033 εἰκόνι
789 2004 876 2039 μέγας
904 2000 1003 2036 γένοιτ’

213 2062 245 2087 ἂν
263 2060 380 2093 κόσμος·
403 2057 452 2092 οὐχ
464 2057 528 2083 ὅταν
546 2054 592 2080 ἐπὶ
604 2052 651 2079 τοῦ
670 2051 767 2086 θρόνου
796 2049 915 2083 κάθηται
937 2054 1004 2082 πορ-

213 2092 571 2143 φυρίδανπεριὸεδλημένος,
596 2099 644 2126 καὶ
671 2097 790 2143 διάδημα
816 2092 1005 2143 μόνοι-ἁλλὰ

212 2139 259 2181 καί
282 2153 330 2179 ἐὰν
355 2139 408 2177 an»
430 2149 469 2175 τὼ
502 2145 634 2183 βασιλικὼ
661 2143 726 2170 πόδε
754 2141 892 2177 Βάρϐαροι
915 2139 1004 2166 ὀπίσω

371 2196 443 2224 κατὰ
458 2177 507 2226 τάξ
535 2191 655 2227 κεφαλὰς
682 2188 782 2235 νεύωσι
799 2186 930 2235 κείμενοι.
944 2184 1002 2235 im.

213 2231 312 2276 πάντες
329 2242 446 2270 ἐνταῦθα
475 2239 670 2274 συνεδρὰμετε,
686 2235 729 2262 ἵνα
751 2233 800 2268 τὴν
824 2231 1001 2266 ἀνθρωπίνην

212 2293 292 2327 φύσιν
316 2290 389 2325 ἴδητε
414 2285 634 2321 διελεγχομένην.
658 2280 745 2316 Ὁρῶν
769 2278 827 2327 γὰρ
854 2276 949 2303 τοῦτον
958 2277 1002 2327 ἐκ

211 2322 484 2372 τοσαύτης-κορυφῆς
497 2330 693 2366 κατενεχθέντα
703 2348 710 2360 ,
727 2327 773 2353 τὸν
787 2325 893 2372 σείοντα
906 2322 1001 2372 σχεδδν

210 2388 259 2422 τὴν
269 2384 433 2420 οἰκουμένην
448 2381 538 2407 πᾶσαν
564 2374 789 2409 συνεσταλμένον,
821 2371 868 2398 καὶ
881 2368 1000 2422 λαγωοιῖ,

212 2414 260 2460 καὶ
280 2414 418 2467 βατραχου
441 2427 594 2461 δειλότερον
618 2420 814 2467 γεγενημένον,
840 2417 887 2443 καὶ
905 2414 1001 2467 χωρὶς

211 2461 318 2512 δεσμῶν
331 2461 369 2510 τῷ
380 2461 387 2465 1
398 2474 469 2500 κίονι
499 2471 589 2505 τούτῳ
615 2465 839 2503 προσηλωμένον,
869 2462 916 2488 καὶ
927 2461 960 2488 ἄν
974 2469 1001 2487 τι

213 2508 334 2553 ἁλύσεως
404 2520 478 2554 φόϐῳ
503 2514 762 2552 περισφιγγόμενον,
788 2511 836 2538 καὶ
853 2508 1000 2555 δεδοικότα,

213 2571 261 2597 καὶ
288 2554 425 2604 τρέμοντα
454 2563 652 2592 καταστέλλετε
675 2560 725 2595 τὴν
757 2556 944 2604 φλεγμονὴνζ
953 2554 1002 2604 καὶ

212 2601 370 2650 καθαιρεῖτε
381 2614 411 2639 τὺ
429 2612 553 2647 φύσημα,
582 2608 826 2643 φιλοσοφήσαντες,
844 2604 886 2650 ὅτι
903 2612 911 2627 ε
923 2601 1002 2650 ξΙὰΞσα

213 2663 281 2699 σὰρξ
300 2646 410 2697 χόρτος,
430 2646 476 2685 καὶ
509 2657 579 2683 πᾶσα
601 2655 664 2687 δόξα
695 2650 847 2699 ἀνθρώπου
859 2649 898 2699 ῶς
921 2646 1001 2677 ἄνθος

213 2696 321 2746 χόρτου,
340 2707 368 2733 Ἐ
374 2704 496 2741 ξηράνθη
507 2704 520 2729 ὁ
538 2703 644 2737 χόρτος,
654 2700 702 2726 καὶ
712 2697 830 2746 remeo;
841 2696 998 2746 ἐξέπεσεν,ι

272 2767 280 2782 ε
301 2755 374 2781 Ὠσεὶ
385 2753 483 2788 χόρτος
499 2750 567 2783 ταχὺ
579 2744 861 2780 ἀποξηρανθὴσονται,
877 2741 923 2767 καὶ
935 2740 1002 2768 ὡσεὶ

214 2806 315 2840 λὰγανκ
337 2802 418 2838 γλπῐης
435 2798 503 2832 ταχῦ
529 2792 743 2822 ἀποπεσοῦντσιι·
764 2800 772 2815 ι
790 2790 830 2816 ὅτι
850 2798 859 2814 ι
882 2788 1003 2823 ’Δνθρω-
1018 2822 1024 2825 _

358 2869 575 2908 PATnOL.__Gn.
598 2862 684 2898 XCV;

1056 210 1129 243 Quin
1158 209 1264 245 potius,
1292 209 1496 244 quantumlibet
1514 208 1754 242 contenderimus,
1769 208 1847 235 nullo

1055 260 1148 283 tamen
1169 262 1310 288 sermone,
1331 263 1414 290 quam
1441 255 1526 282 dubio
1545 254 1642 290 procul
1659 254 1848 289 perturbatio-

1053 309 1116 329 nem
1134 301 1283 333 sustineat,
1300 301 1455 335 poterimus
1481 301 1654 336 exprimere;
1673 305 1703 327 ut
1730 300 1777 337 qui
1789 300 1848 329 sin-

1053 348 1127 383 gulis
1143 347 1221 375 horis
1235 347 1291 375 hoc
1306 352 1463 382 exspectet,
1475 351 1505 374 ut
1521 348 1574 375 sibi
1584 351 1667 382 caput
1680 351 1847 382 amputetur.

1053 392 1193 421 Hesterno
1204 393 1309 428 quippe
1322 393 1378 425 die,
1397 400 1461 421 cum
1480 393 1616 421 satellites
1628 400 1739 425 venere,
1754 392 1801 428 qni
1815 400 1850 420 ex

1054 439 1234 475 imperatoris
1249 440 1311 467 aula
1335 440 1447 467 domum
1469 439 1649 471 abducerent,
1664 439 1744 474 isque
1760 439 1788 466 in
1803 446 1850 466 sa-

1053 484 1176 513 crarium
1189 484 1372 521 profugisset,
1391 485 1481 513 buxea
1502 488 1569 512 tunc
1599 483 1670 512 facie
1687 488 1758 517 erat,
1780 485 1848 512 nihil

1052 536 1068 556 a
1084 533 1195 557 mortuo
1222 530 1376 566 quidquam
1395 530 1569 566 discrepans.
1586 529 1724 558 Dentibus
1742 534 1847 565 strepe-

1053 574 1111 608 bat,
1138 578 1252 610 totoque
1275 582 1392 611 corpore
1418 575 1656 605 contremiscebat
1670 585 1677 603 :
1691 584 1745 604 vox
1761 575 1848 604 inter-

1053 624 1135 655 rupta
1164 625 1235 653 erat,
1253 621 1347 657 lingua
1369 621 1457 649 fracta
1477 626 1505 650 et
1517 622 1668 650 dissoluta.
1684 621 1786 650 Gestus
1802 623 1845 651 de-

1036 667 1137 701 'nique
1160 667 1308 701 ejusmodi,
1338 668 1385 703 qui
1399 667 1440 695 vel
1454 675 1567 695 saxeum
1592 675 1693 703 corpus
1711 667 1850 695 conﬁcere

1054 712 1188 747 laerymis
1228 717 1335 748 posset.
1367 713 1434 746 Quae
1462 721 1519 741 non
1547 713 1735 749 exprobrandi
1763 720 1850 741 causa

1054 758 1181 792 dixerim,
1200 766 1291 794 nequc
1303 764 1333 787 ut
1349 760 1502 788 calamitati
1514 760 1662 793 insultem;
1679 759 1728 787 sed
1743 764 1774 787 ut
1785 760 1850 787 ani-

1053 811 1113 832 mos
1123 805 1232 833 vestros
1238 806 1388 838 emolliam,
1399 810 1424 833 et
1432 805 1467 833 ad
1476 805 1692 834 misericordiam
1701 805 1847 833 inﬂectam.

1022 842 1045 870 Β
1057 849 1128 883 Quid
1142 851 1227 880 habes
1241 852 1314 887 quod
1343 852 1457 887 indigne
1473 852 1565 880 feras?
1583 852 1725 887 quoniam,
1741 851 1848 887 inquis,

1058 895 1091 923 ad
1111 895 1261 924 Ecclesiam
1274 897 1321 925 ille
1333 897 1469 933 confugit,
1486 898 1534 933 qni
1551 902 1684 932 perpetuo
1698 905 1757 925 cam
1777 896 1849 925 bello

1058 941 1212 970 infestavit.
1238 942 1323 979 Atqui
1339 944 1391 971 hoc
1421 943 1598 979 potissimum
1625 944 1739 972 nomine
1759 942 1849 979 gloria

1058 987 1114 1015 Deo
1138 987 1287 1016 tribuenda
1312 992 1365 1021 est,
1380 990 1454 1024 quod
1473 989 1501 1016 in
1526 993 1631 1016 tantam
1647 997 1709 1017 cum
1724 988 1850 1018 necessi-

1058 1037 1141 1061 tatem
1154 1034 1240 1069 redigi
1258 1034 1428 1069 permiserit,
1448 1038 1477 1061 ut
1491 1038 1520 1062 et
1544 1033 1675 1063 Ecclesia:
1696 1035 1849 1070 potentiam

1057 1080 1311 1116 benignitatemque
1322 1087 1494 1116 agnosceret.
1508 1082 1573 1115 Quae
1583 1079 1714 1109 Ecclesiae
1728 1081 1850 1109 elemen-

1057 1127 1095 1154 tia
1109 1127 1225 1162 gentiles
1244 1135 1277 1155 ac
1293 1127 1403 1155 Iudaeos
1416 1128 1523 1163 pudore
1533 1128 1626 1156 allicit.
1643 1127 1849 1156 Praeteritarum

1056 1172 1223 1208 injuriarum
1249 1174 1345 1206 oblita,
1362 1182 1444 1202 suum
1463 1174 1488 1202 ci
1500 1174 1591 1202 sinum
1605 1173 1785 1209 indulgenter
1801 1180 1850 1201 ex-

1056 1220 1162 1254 pandit.
1179 1219 1237 1248 lloc
1253 1221 1354 1255 quovis
1383 1224 1487 1255 tropaeo
1507 1220 1679 1255 splendidius
1709 1224 1751 1248 est
1768 1230 1774 1247 :
1795 1219 1849 1247 hoc

1056 1266 1208 1301 gentilibus
1235 1267 1368 1301 pudorem
1400 1266 1500 1294 incutit
1518 1276 1525 1293 :
1543 1267 1596 1294 hoc
1623 1264 1733 1294 Judteos
1764 1265 1850 1294 anicit

1057 1311 1168 1346 probro,
1199 1312 1273 1347 quod
1299 1313 1384 1345 hosti,
1406 1320 1488 1348 quem
1511 1313 1651 1348 captivum
1666 1316 1753 1345 tenet.
1771 1313 1850 1348 igno-

1057 1361 1128 1390 scat,
1144 1361 1185 1391 et,
1202 1358 1278 1385 velut
1296 1363 1382 1386 mater
1399 1358 1605 1390 amantissima.
1620 1359 1671 1386 sub
1685 1359 1850 1387 velamentis

1057 1404 1116 1431 suis
1145 1404 1275 1436 occultet,
1306 1408 1390 1439 atque
1409 1404 1587 1439 imperatoris
1601 1405 1650 1432 irae
1671 1408 1698 1431 et
1718 1403 1850 1439 populari

1057 1448 1145 1476 furori
1174 1449 1489 1484 acerhissimoqucodio
1522 1450 1646 1477 resistat.
1677 1448 1736 1475 Hoc
1750 1448 1849 1475 altaris

1058 1501 1252 1523 ornamentum
1277 1499 1331 1524 est.
1362 1495 1549 1531 Atquodnam
1575 1496 1628 1523 hoc
1643 1493 1754 1522 tandem
1767 1500 1849 1522 orna-

1057 1547 1178 1569 mentum
1208 1545 1260 1575 est,
1278 1542 1384 1576 inquiet
1410 1541 1521 1577 aliquis,
1536 1546 1566 1569 ut
1583 1541 1667 1569 homo
1684 1541 1849 1573 sceleratus.

1061 1593 1162 1613 avarus
1174 1590 1201 1613 et
1214 1594 1309 1621 rapax,
1321 1587 1465 1614 columnas
1479 1586 1576 1613 altaris
1596 1586 1712 1621 tangat?
1727 1585 1800 1613 Cave
1809 1585 1849 1613 ita

1056 1632 1192 1666 loquaris.
1218 1631 1285 1660 Nam
1304 1636 1332 1659 et
1347 1632 1464 1659 scelesta
1488 1635 1572 1667 atque
1590 1632 1698 1666 impura
1713 1630 1849 1659 meretrix

1055 1677 1121 1705 Jesu
1141 1678 1324 1705 contrectavit
1340 1677 1434 1712 pedes,
1451 1685 1541 1712 neque
1561 1677 1588 1705 id
1607 1675 1722 1705 Domino
1736 1674 1802 1705 Jesu
1818 1677 1848 1704 in

1055 1724 1162 1751 crimen
1191 1731 1301 1751 versum
1325 1728 1379 1751 est.
1396 1723 1454 1751 Non
1471 1724 1545 1751 enim
1566 1731 1627 1758 quae
1648 1723 1757 1759 impura
1786 1727 1848 1750 erat

1056 1777 1126 1805 puro
1147 1770 1299 1804 quidquam
1325 1769 1431 1802 nocuit,
1451 1770 1498 1797 sed
1521 1770 1657 1804 impuram
1673 1769 1846 1796 meretricem

1057 1824 1144 1852 purus
1162 1815 1221 1850 ipse
1240 1815 1284 1843 sui
1304 1819 1436 1843 contactu
1462 1822 1560 1851 puram
1579 1814 1710 1842 reddidit.
1726 1814 1801 1842 Cave
1814 1821 1848 1841 ne

1055 1864 1094 1891 sis
1109 1863 1276 1897 injuriarum
1289 1869 1406 1895 memor,
1419 1869 1436 1889 0
1452 1862 1543 1889 homo.
1559 1860 1666 1888 Famuli
1682 1860 1784 1895 quippe
1800 1868 1847 1887 su-

1055 1917 1119 1937 mus
1135 1909 1243 1936 Domini
1258 1908 1287 1936 in
1303 1916 1415 1936 crucem
1430 1909 1496 1941 acti,
1516 1907 1563 1943 qui
1580 1907 1688 1935 dicebat
1705 1915 1712 1934 :
1733 1916 1742 1932 ι
1754 1905 1847 1940 Pater,

1056 1955 1164 1983 dimitte
1179 1955 1254 1983 illis:
1270 1962 1326 1982 non
1346 1955 1421 1982 enim
1440 1955 1533 1982 sciunt
1554 1953 1620 1988 quid
1637 1952 1746 1980 faciunt
1761 1951 1845 1987 (Luc.

1055 2010 1135 2035 xxnr,
1149 2002 1205 2037 Μ).
1217 2011 1227 2027 ι
1246 2002 1281 2028 At
1293 2001 1377 2028 variis
1392 2000 1538 2035 rescriptis
1549 2006 1582 2026 ac
1593 1999 1710 2034 legibus,
1726 1998 1846 2033 inquies,

1055 2048 1211 2085 perfugium
1225 2047 1252 2074 in
1272 2047 1346 2074 hunc
1363 2047 1456 2074 locum
1476 2044 1628 2081 praeclusit.
1650 2044 1689 2071 Ita
1706 2043 1818 2080 quidem
1837 2054 1843 2071 :

1056 2095 1103 2123 sed
1125 2093 1207 2121 modo
1222 2093 1280 2128 ipsa
1301 2100 1330 2119 re
1344 2091 1453 2123 didicit,
1469 2091 1535 2126 quid
1552 2090 1664 2118 sceleris
1680 2089 1843 2117 admiserit:

1056 2148 1089 2169 ac
1107 2141 1195 2176 legem
1210 2139 1269 2174 ipse
1279 2138 1395 2174 primus,
1405 2145 1454 2173 per
1469 2144 1501 2164 ca
1514 2144 1575 2172 quae
1589 2143 1689 2171 passus
1700 2138 1753 2166 est.
1763 2135 1846 2162 abru-

1054 2187 1138 2222 gavlt,
1167 2185 1313 2219 factusque
1334 2187 1378 2212 est
1404 2183 1466 2210 orbi
1497 2182 1696 2218 spectaculum.
1714 2181 1845 2215 Quinimo

1054 2236 1142 2261 taceat
1157 2231 1233 2264 licet,
1248 2230 1331 2266 324
1345 2237 1440 2257 vocem
1455 2229 1520 2256 hine
1535 2228 1646 2260 emittit,
1663 2228 1846 2262 hortaturque

1052 2282 1080 2306 et
1099 2278 1138 2305 ait
1158 2285 1164 2304 :
1188 2276 1369 2311 Nequaquam
1385 2274 1449 2301 talia
1476 2273 1574 2309 agatis,
1589 2280 1623 2300 ne
1639 2272 1742 2300 similia
1755 2272 1847 2307 patia-

1053 2323 1120 2351 mini
1134 2333 1140 2350 :
1158 2322 1255 2357 sicque
1268 2326 1362 2348 mutus
1375 2320 1507 2356 magister
1527 2318 1686 2346 calamitate
1700 2325 1751 2345 sua
1771 2318 1863 2357 exsi-‘A

1053 2371 1111 2398 stit.
1123 2369 1176 2397 Sed
1190 2353 1217 2396 et
1232 2368 1319 2394 altare
1334 2353 1475 2401 ingentem
1486 2373 1520 2392 ex
1541 2372 1571 2392 se
1585 2364 1761 2399 splendorem
1777 2353 1862 2391 σπῆι-ί

1054 2417 1096 2448 tit,
1115 2414 1225 2450 quando
1239 2414 1344 2440 leonem
1356 2411 1475 2439 vinculis
1486 2409 1665 2438 constrictum
1677 2412 1761 2436 tenet.
1775 2406 1843 2434 Nam

1052 2469 1080 2491 et
1093 2460 1269 2496 imperatoris
1286 2458 1400 2493 imagini
1416 2465 1546 2492 magnum
1559 2458 1753 2483 ornamentum
1764 2461 1843 2481 acce-

1053 2509 1104 2541 dit,
1119 2515 1175 2535 non
1199 2513 1263 2533 cum
1281 2504 1359 2532 sedet
1382 2504 1410 2530 in
1429 2503 1541 2534 throno,
1555 2507 1707 2536 purpuram
1719 2503 1746 2527 et
1761 2507 1843 2526 coro-

1053 2562 1117 2583 nam
1133 2556 1245 2589 gestans
1261 2561 1267 2578 :
1284 2550 1331 2578 sed
1356 2557 1419 2577 cum
1430 2549 1482 2576 sub
1497 2548 1580 2583 regiis
1596 2546 1714 2582 pedibus
1732 2545 1842 2573 barbari
1874 2571 1878 2582 ε

1053 2609 1069 2628 9.
1088 2607 1164 2635 ".ergo
1186 2597 1314 2631 revincti,
1332 2596 1454 2623 demisso
1473 2595 1502 2621 in
1518 2598 1621 2621 terram
1635 2593 1724 2627 capite
1738 2590 1842 2625 jacent.

1054 2646 1139 2682 Atqui
1154 2646 1207 2672 huc
1216 2651 1314 2672 omnes
1322 2638 1505 2673 conﬂuxistis,
1516 2642 1545 2666 ut
1555 2643 1680 2666 naturam
1693 2637 1841 2664 humanam

1056 2692 1164 2721 traduci
1186 2689 1313 2718 videatis.
1332 2687 1418 2715 Deum
1431 2686 1505 2714 enim
1525 2684 1599 2711 hunc
1612 2682 1726 2710 cernitis
1739 2690 1754 2709 e
1765 2685 1842 2709 tanto

1056 2739 1168 2774 fastigio
1186 2737 1322 2770 dt‘jct‘llllll
1339 2744 1345 2762 :
1362 2734 1448 2764 hunc,
1475 2732 1598 2765 inquam,
1616 2729 1662 2764 qui
1677 2728 1770 2755 orbem
1786 2727 1842 2755 fere

1056 2773 1215 2814 universum
1232 2780 1385 2818 quatiebat,
1407 2780 1581 2805 contractum
1607 2773 1802 2809 leporibnsque
1815 2777 1842 2800 ct

1623 2839 1660 2873 36
