2080 3111
243 116 290 150 ί31

821 112 848 144 S.
867 110 1026 141 JOANNIS
1041 108 1256 140 DAMASCENI

1789 102 1859 135 1132

223 174 301 202 ranis
324 172 490 201 timidiorem
516 170 630 201 factum,
657 168 717 196 sine
737 167 856 195 vinculis
881 166 1016 194 columnae

1075 173 1118 197 lto;
1136 164 1299 200 ματαιότητι
1314 162 1457 198 ὡμοιώθη,
1482 161 1531 188 καὶ
1544 160 1611 187 ὡσεὶ
1628 159 1731 191 καπνὸς
1747 159 1776 186 αἰ
1791 159 1858 195 ἡμι-

223 221 288 248 huic
305 219 425 252 aiiixum,
437 223 465 246 et
478 220 551 245 metu
566 210 670 243 catenae
678 215 740 242 vice
755 213 950 245 constrictum,
968 219 1018 239 ex—

1073 219 1118 246 ραι
1126 209 1220 237 αὑτοῦ.
1237 219 1247 236 ι

223 270 413 296 Iintescentcm
429 270 457 294 et
484 267 658 298 trementem,
676 262 762 290 animi
797 265 934 288 tumorem
958 258 1107 290 cohibetis,
1141 258 1298 291 fastumquc
1331 254 1496 291 deprimitie,
1532 252 1702 288 cogitatione
1719 255 1861 280 rersantes

222 315 289 342 illud
310 313 421 342 effatum
440 322 446 339 :
468 320 477 337 ι
492 309 590 350 Omnis
608 316 675 336 caro
690 308 794 340 fenum,
812 311 839 334 et
850 305 942 333 omnis
954 304 1043 340 gloria
1064 303 1183 331 hominis
1195 303 1275 338 quasi
1301 302 1352 329 tios
1370 301 1440 336 agri.
1462 299 1642 328 Exsiccatum
1676 302 1719 327 est
1752 297 1859 325 ienuit).

220 367 247 391 et
265 361 364 389 cecidit
376 358 426 387 flos
437 359 446 393 (
456 345 603 393 Ιδα.ι.,“9).
619 367 628 383 ι
645 357 769 392 itetnque
782 355 855 383 istud
869 362 875 380 :
892 363 901 380 ι
915 353 1057 387 Tanquam
1073 351 1164 378 fenum
1179 354 1319 383 arescent,
1333 354 1362 378 et
1375 348 1608 384 quemadmodum
1620 346 1698 377 olera
1713 345 1863 373 herbarum

220 409 275 436 uita
295 407 425 435 decidcnt
453 405 548 441 (ant.
563 413 658 437 xxxvt,
674 404 720 439 Ξ).
740 413 750 430 ι
768 403 801 430 Et
817 403 907 430 illud:
931 410 940 426 ι
955 400 1043 428 Homo
1064 399 1176 428 vanitati
1196 399 1296 427 similis
1321 397 1413 426 factus
1430 395 1566 425 esttdies
1589 394 1653 430 eius
1678 393 1752 422 sicut
1770 393 1863 421 inuitus

220 455 314 492 (Ps-al.
326 462 422 488 cum,
434 454 481 490 4).
500 463 509 480 ι

257 503 398 538 CItrysost.
423 502 450 528 in
478 500 551 536 psal.
574 498 829 528 xxxvnt.—llomo
863 497 1015 525 conturba-

221 554 279 581 tur,
297 553 324 576 et
352 547 463 574 tandem
488 547 590 574 interit.
608 545 809 576 Conturbatnr,
835 546 861 570 et
882 546 1014 577 tanquam

223 602 366 630 nunquam
390 597 468 621 ortus
492 597 577 626 esset,
602 592 754 619 evanescit.
772 589 971 621 Centurbatur,
989 591 1015 615 et

225 645 288 668 ante
312 639 455 675 mergitur,
484 645 566 673 quam
593 636 625 663 ad
659 634 889 670 tranquillitatem
906 631 1010 659 redeat.
1035 658 1042 673 '

225 688 260 715 Ut
277 687 349 723 ignis
379 685 576 716 inflammatur,
593 687 620 710 et
640 682 713 710 velut
736 681 838 716 stipula
856 679 882 707 in
898 679 1016 706 cinerem

224 733 371 768 redigitur.
395 730 441 758 Uti
455 729 577 765 procella
596 727 729 763 majorem
746 727 774 753 in
793 725 906 753 modum
919 723 1020 751 attolli-

226 785 281 812 tur,
303 782 330 805 et
356 781 385 805 ut
398 776 490 811 pulvis
508 775 673 810 dissipatur.
698 771 903 800 Velutilamma
918 777 1018 798 exsus-

225 825 338 855 citatur,
371 827 398 850 et
417 826 446 849 ut
463 821 555 848 futnus
582 819 724 847 dilabitur.
748 817 784 845 Ut
813 817 864 844 flos
891 817 1017 843 decorem

226 873 347 898 ostentat
361 875 455 901 suum,
473 871 500 895 et
513 867 602 895 instar
620 865 672 893 feni
694 863 853 891 marcescit.
880 860 1018 896 Expandi-

227 921 273 943 tur
290 919 320 942 ut
336 915 435 947 nubes,
451 916 478 941 et
506 911 681 939 imminuitur
703 913 733 937 ut
745 912 832 945 gutta.
847 905 1018 938 lnlumescit,

227 967 254 990 et
272 961 442 989 distenditur
455 963 485 986 ut
496 958 584 992 bulla,
599 961 626 985 et
643 960 673 984 ut
688 955 807 984 scintilla
818 952 1018 988 exstinguitur.

227 1007 430 1040 Conturbatur,
454 1009 482 1033 et
495 1011 605 1032 ctenum
621 1003 756 1031 duntaxat
770 1000 928 1029 divitiarum
942 997 1020 1026 effert

226 1060 332 1081 secum.
344 1051 543 1082 Conturbatur,
560 1048 724 1076 ut’fetorem
743 1047 878 1074 lucretur.
897 1043 1020 1071 Contur-

225 1098 319 1132 bator,
330 1102 358 1125 et
372 1098 433 1125 sine
448 1096 505 1123 ullo
531 1094 703 1122 turbationis
714 1092 807 1120 fructu
822 1089 957 1118 abscedit.
975 1088 1020 1122 ip-

225 1145 287 1172 sius
321 1143 497 1171 turbationes
518 1144 594 1173 sunt,
613 1139 730 1166 aliorum
752 1145 818 1165 vero
840 1135 961 1169 deliciae;
980 1135 1021 1170 ip-

227 1191 286 1218 sius
303 1189 413 1216 labores
439 1191 515 1220 sunt,
539 1186 657 1213 aliorum
674 1184 815 1218 thesauri;
832 1183 921 1218 ipsius
936 1188 1020 1214 curae,

228 1236 344 1264 aliorum
376 1234 496 1267 iretitiae;
523 1233 610 1268 ipsius
640 1230 805 1258 afﬂictiones
826 1233 855 1257 et
880 1235 1019 1261 aerumnae,

229 1282 349 1309 aliorum
377 1279 487 1308 fructus
503 1282 529 1306 et
558 1277 765 1313 possessiones;
790 1275 878 1310 ipsius
906 1273 1022 1302 maledi-

228 1327 346 1358 ctiones,
376 1325 493 1352 aliorum
507 1323 598 1350 cultus
613 1325 639 1349 et
648 1320 789 1355 obsequia.
807 1319 946 1347 Adversus
960 1325 1023 1346 eum

229 1372 347 1407 gemitus
375 1370 553 1398 excitantur:
576 1367 649 1403 apud
672 1366 742 1394 alios
764 1373 858 1393 rerum
874 1365 954 1400 copia
970 1367 1021 1391 est.

230 1405 372 1446 [adversus
384 1424 447 1444 eum
466 1416 596 1451 lacrymae
610 1413 822 1450 profunduntur
838 1420 846 1439 ε
864 1405 935 1447 apud
954 1411 1024 1438 alios

230 1471 296 1500 opes
317 1467 344 1491 et
372 1462 499 1498 pecuniae
522 1465 680 1489 servantur.
698 1460 759 1494 ipse
776 1459 918 1487 cruciatur
934 1457 961 1484 in
980 1457 1024 1484 in-

232 1510 310 1537 ferno
326 1516 334 1535 :
353 1507 499 1535 cantillant
527 1506 585 1538 alii,
600 1505 681 1533 bonis
706 1504 767 1539 ejus
795 1503 829 1530 ad
846 1504 940 1530 luxum
956 1502 1024 1528 abu-

231 1559 332 1583 tentes.
345 1563 355 1580 ι
369 1553 562 1580 Verumtamen
569 1558 638 1578 vane
649 1550 834 1578 conturbatur
843 1549 934 1576 omnis
944 1548 1026 1575 homo

232 1603 338 1630 vivens.
351 1610 360 1626 ι
375 1601 473 1632 Homo,
485 1600 531 1634 qui
541 1599 623 1626 vitam
637 1597 670 1624 ad
683 1597 765 1624 breve
780 1600 888 1630 tempus
902 1600 1026 1621 commo-

231 1648 297 1675 dato
328 1647 452 1682 accepit.‘
472 1645 572 1677 Homo,
606 1643 729 1671 debitum
758 1641 828 1669 illud
845 1641 941 1668 mortis
957 1639 1025 1667 citra

233 1700 339 1721 moram
353 1690 575 1726 persolvendum.
588 1688 698 1715 Animal
712 1686 863 1714 voluntatis
873 1684 1025 1716 indomim,

229 1738 399 1774 improbitas
430 1736 506 1764 nullo
535 1735 667 1770 magistro
700 1736 839 1769 percepta,
868 1735 1027 1766 spontanete

235 1784 354 1818 insidiae,
373 1787 495 1811 astutum
512 1781 546 1808 ad
563 1781 666 1814 scelus,
683 1780 857 1815 ingeniosum
877 1777 910 1804 ad
926 1776 1027 1810 iniqui-

234 1834 330 1862 tatem,
356 1828 479 1864 proclive
495 1827 530 1854 ad
554 1826 709 1857 avaritiam,
728 1823 902 1858 inexplebilis
919 1821 1027 1856 cupidi-

236 1876 310 1909 tatis,
338 1875 453 1910 spiritus
480 1876 610 1901 exlremte
629 1870 780 1906 iactantiae,
794 1869 919 1897 insolens
932 1868 1026 1895 verbis

234 1922 399 1950 temeritas:
417 1920 495 1948 ferox
517 1923 570 1952 est,
600 1917 649 1945 sed
678 1917 724 1952 qui
758 1915 839 1943 facile
868 1915 1025 1950 frangitur:

236 1968 338 2000 audax,
358 1967 406 1995 sed
427 1966 473 2002 qui
487 1965 563 1993 nullo
577 1965 687 2000 negotio
704 1966 853 1998 superatur
871 1971 877 1989 :
893 1968 1026 1996 arrogans

235 2015 338 2047 lutum,
366 2013 503 2048 superbus
531 2011 631 2046 pulvis,
655 2009 767 2037 inflatus
798 2008 880 2036 cinis.
899 2007 1025 2034 Scintilla

235 2061 319 2088 citius
345 2066 527 2091 evanescens,
557 2057 667 2084 flamma
686 2056 767 2083 facile
782 2061 968 2086 marcesccns,
983 2054 1026 2080 iu-

237 2112 320 2133 ccrna
346 2111 407 2139 qua:
431 2102 515 2131 citius
548 2102 747 2136 exstinguitur,
770 2100 865 2127 folium
893 2100 1025 2127 continuo

237 2152 409 2184 corruptum,
427 2147 518 2175 fenutn
539 2154 621 2182 quam
651 2146 770 2180 primum
785 2152 924 2183 arescens,
941 2144 1024 2171 herba

1102 491 1279 527 Ταράσσεται
1294 490 1450 526 ἄνθρωπος,
1479 487 1529 515 καὶ
1549 486 1580 514 τὺ
1594 486 1672 518 τέλος
1699 484 1861 512 ἀπόλλυται.

1069 539 1254 574 Ταράπσεται,
1269 537 1306 568 ὡς
1320 536 1357 572 μὴ
1370 535 1520 570 γενόμενος
1535 532 1708 568 ἀφανίζεται.
1723 532 1864 567 Ταράσσε-

1068 592 1126 616 ται,
1143 586 1190 611 καὶ
1204 583 1269 618 πρὶν
1289 582 1456 616 καταστῆναι
1484 578 1713 610 καταποντίζει-αι
1728 586 1735 593 ·
1752 577 1791 608 ὡς
1805 578 1862 612 πῦρ

1070 629 1242 662 ἀνακαίεται,
1259 628 1305 655 καὶ
1319 627 1356 659 ὡς
1370 626 1483 661 καλάμη
1493 623 1698 660 ἀιωτεφροῦται
1713 631 1721 638 ·
1734 622 1772 654 ὼς
1780 622 1860 649 Οὐελ-

1071 677 1104 702 λα
1120 674 1312 710 ὑτνεραίρεται,
1324 674 1371 700 καὶ
1387 672 1425 704 ὼς
1437 672 1511 702 κόνις
1526 669 1718 704 ὲξαφανίζεται
1729 689 1736 701 ,
1746 668 1784 700 ὡς
1797 668 1864 702 φλὸξ

1071 718 1292 755 ἀναρριπίζεται,
1308 719 1345 749 ὡς
1357 717 1461 748 καπνὸς
1475 715 1625 747 διαλύεται,
1637 715 1675 746 ὼς
1685 714 1765 746 ἄνθος
1778 714 1864 749 ὡραΐ-

1073 765 1159 798 ξεται,
1177 765 1225 792 καὶ
1240 764 1278 796 ὡς
1297 764 1391 799 χόρτος
1410 762 1582 797 ξηραίνεται·
1596 761 1634 792 ὡς
1667 760 1749 794 νέφος
1778 760 1863 794 ὑπερ-

1073 811 1207 838 απλοῦται
1219 831 1226 842 ,
1243 811 1290 837 καὶ
1307 810 1345 841 ὼς
1372 810 1480 843 σταγὼν
1507 806 1689 843 ἀπομειοῡται
1705 815 1711 822 ⁸
1734 806 1773 838 ὡς
1790 814 1863 840 πομ-

1072 857 1158 891 φόλυξ
1179 856 1309 891 ὀγκοῦται
1329 876 1336 888 ,
1360 856 1408 881 καὶ
1434 854 1472 886 ὡς
1503 853 1620 888 σπινθὴρ
1652 852 1863 879 ἀποσϐέννυται.

1072 901 1382 939 Ταράσσεται,κα“ιτοῦ
1408 901 1524 927 πλούτου
1551 900 1631 935 μόνον
1656 898 1701 925 τὸν
1733 898 1863 933 βόρϐορον

1070 950 1251 985 ἀποφέρεται.
1271 947 1457 983 Ταράσσεται,
1481 947 1609 982 κερδᾶναι
1636 945 1686 980 τὴν
1718 944 1862 971 δυσωδίαν.

1071 996 1256 1032 Ταράσσεται,
1283 995 1330 1021 καὶ
1349 994 1402 1021 τῶν
1419 994 1473 1021 ἀπὸ
1493 994 1543 1028 τῆς
1556 992 1680 1027 ταραχῆς
1695 991 1772 1017 οὐδὲν
1788 990 1862 1024 λαμ-

1072 1041 1161 1068 ϐάνων
1184 1040 1347 1075 ἀπέρχεται.
1377 1039 1465 1066 Αὑτοῦ
1477 1039 1505 1065 αἱ
1523 1038 1652 1074 ταραχαὶ,
1667 1037 1715 1063 καὶ
1729 1036 1817 1063 ἄλλων
1833 1035 1863 1061 αἱ

1071 1088 1173 1124 τρυφαί
1182 1097 1188 1104 ·
1202 1087 1285 1115 αὑτοῦ
1298 1087 1323 1113 oi
1336 1087 1425 1118 πόνοι,
1440 1086 1488 1113 καὶ
1500 1086 1588 1112 ἄλλων
1601 1085 1625 1111 οἱ
1640 1083 1773 1120 θησαυροί
1786 1092 1792 1098 ·
1808 1083 1860 1109 αῦ-

1071 1134 1119 1161 τοῦ
1135 1134 1163 1161 αἱ
1178 1133 1329 1170 φροντίδες,
1344 1128 1391 1160 Ξιαὶ
1413 1132 1500 1160 Ελλων
1516 1132 1544 1158 αἱ
1565 1130 1731 1166 εὐφροσύναι
1747 1138 1753 1144 ·
1779 1128 1862 1156 αὐτοῦ

1072 1182 1100 1207 αἱ
1112 1180 1228 1215 θλίψεις,
1253 1180 1300 1205 καὶ
1329 1179 1417 1206 ἄλλων
1435 1179 1462 1205 αἱ
1478 1177 1644 1208 ἀπολαύσεις
1654 1185 1662 1192 ·
1676 1175 1759 1202 αὐτοῦ
1773 1176 1799 1202 αἱ
1815 1175 1864 1209 ἁρ-

1073 1225 1172 1260 παγαὶ,
1186 1225 1234 1251 καὶ⁸
1252 1224 1339 1251 ἄλλων
1350 1224 1378 1250 αἱ
1396 1222 1489 1259 ἡδοναί
1500 1231 1506 1238 ·
1524 1221 1606 1249 αὐτοῦ
1619 1223 1647 1248 αἱ
1661 1221 1790 1256 κατάραι,
1817 1220 1863 1246 καὶ

1073 1271 1162 1299 ἄλλων
1176 1271 1205 1297 at
1218 1270 1362 1306 θεραπεῖαι
1380 1277 1388 1286 ⁸
1408 1269 1469 1296 κατ’
1484 1268 1567 1295 αὐτοῦ
1581 1268 1607 1294 οι
1621 1266 1786 1301 στεναγμοὶ,
1815 1266 1863 1292 καὶ

1074 1320 1139 1355 παρ’
1158 1318 1263 1353 ἑτέροις
1276 1319 1300 1344 oi
1312 1317 1481 1352 πλεονασμοί
1491 1324 1498 1331 ’
1511 1316 1571 1342 κατ’
1601 1315 1684 1341 αὑτοῦ
1694 1314 1729 1341 τὰ
1745 1313 1863 1348 δάκρυσι.

1074 1366 1122 1392 καὶ
1138 1365 1204 1399 παρ’
1216 1364 1321 1398 ἑτέροις
1335 1363 1370 1390 τὰ
1386 1357 1528 1398 χρήματα.
1546 1361 1634 1392 Αὐτὸς
1649 1361 1677 1386 ἐν
1689 1360 1738 1396 ᾄδῃ
1751 1358 1863 1391 κολάζε-

1074 1418 1130 1442 ται,
1154 1410 1201 1436 καὶ
1227 1409 1302 1436 ἄλλοι
1330 1407 1460 1439 πολλάκις
1476 1407 1573 1437 ἐντοῖς
1601 1405 1684 1432 αὑτοῦ
1706 1403 1865 1439 τρυφῶντες

1075 1455 1225 1491 ψάλλουσι·
1242 1454 1312 1490 πλὴν
1345 1455 1433 1489 μάτην
1460 1453 1627 1487 ταράσσεται
1652 1452 1707 1483 πᾶς
1724 1450 1865 1485 ἅνθρωπος

1079 1502 1145 1534 ζῶν.
1158 1501 1225 1528 Ἀνο
1231 1509 1331 1536 ρωπος,
1350 1500 1380 1526 τὸ
1390 1499 1440 1534 τῆς
1451 1499 1525 1533 ζωῆς
1536 1499 1705 1533 πρόσκαιρον
1721 1497 1862 1530 δάνεισμα,

1076 1548 1106 1575 τὺ
1120 1548 1166 1574 τοῦ
1183 1547 1299 1574 Θανάτου
1312 1545 1495 1581 ἁνυπέρθετον
1507 1545 1629 1578 ὄφλημα,
1648 1544 1678 1570 τὸ
1691 1544 1722 1569 ἐκ
1736 1542 1865 1578 προαιρέ-

1078 1603 1147 1626 σεως
1162 1594 1319 1629 ἁδάμαστον
1333 1592 1412 1625 ζῶον,
1426 1592 1456 1618 τὺ
1471 1590 1661 1618 αὐτοδίδακτον
1690 1591 1864 1624 πονήρευμα,

1077 1640 1108 1667 τὸ
1123 1639 1277 1675 αὑτοματές
1290 1638 1489 1672 ἐπιϐούλευμα,
1501 1637 1532 1663 τὺ
1552 1636 1676 1671 εὔτεκνον
1692 1637 1732 1666 εἰς
1747 1643 1865 1671 κακουρ-

1076 1685 1149 1720 γίαν,
1177 1685 1208 1712 τὸ
1234 1685 1391 1720 εὐμήχανον
1417 1683 1458 1714 εὶς
1486 1682 1613 1713 ἀδικίαν,
1641 1681 1672 1711 τὺ
1698 1681 1806 1714 ἕτοιμον
1826 1681 1867 1711 εἰς

1077 1731 1246 1764 πλεονεξίαν,
1265 1730 1295 1756 τὸ
1310 1729 1458 1765 ἀκόρεστον
1479 1729 1519 1759 εὶς
1544 1727 1709 1762 ἀπληστίαν,
1723 1727 1755 1753 τὸ
1780 1726 1865 1760 ὑπέρ-

1077 1785 1185 1812 κομπον
1214 1775 1334 1811 πνεῦμα,
1349 1775 1379 1803 τὺ
1396 1774 1606 1811 μεγαλορρῆμον
1626 1773 1742 1807 θράσος,
1768 1772 1798 1799 τὸ
1821 1773 1865 1799 εὑ-

1077 1823 1237 1851 διάλλακτον
1252 1822 1397 1858 φρύαγμα,
1410 1821 1441 1847 τὺ
1453 1821 1590 1847 εὐάλωτον
1604 1820 1743 1855 τόλμημα·
1756 1820 1769 1845 6
1781 1819 1866 1854 πηλὸς

1077 1869 1238 1904 ὁαύοάδης,
1258 1870 1274 1904 ή
1294 1869 1368 1900 κόνις
1385 1869 1401 1904 ὴ
1426 1867 1608 1903 μεγαλόφρων
1619 1887 1627 1898 ,
1643 1868 1659 1902 ἡ
1676 1866 1773 1898 σποδὸς
1785 1867 1801 1900 ἡ
1818 1874 1866 1892 πε·

1078 1916 1240 1951 φυσιωμένη
1255 1934 1262 1946 ,
1283 1916 1297 1941 6
1320 1914 1439 1949 σπινθὴρ
1471 1913 1705 1944 εὐκατάσϐεστος,
1726 1913 1742 1947 ἡ
1764 1911 1828 1946 φλὸξ
1846 1913 1864 1946 ἡ
1900 1926 1906 1930 -

1076 1961 1258 1997 εὑμάραντος,
1274 1962 1289 1988 ὁ
1302 1961 1461 1996 εὑριπιστος
1495 1960 1604 1995 λάχνος,
1621 1959 1652 1986 τὸ
1672 1957 1866 1994 ἑτοιμύφοορον

1077 2007 1187 2041 φύλλον,
1203 2008 1218 2033 ὸ
1232 2007 1398 2042 εὺξήραντος
1426 2006 1534 2042 χόρτος,
1550 2006 1566 2040 ὴ
1578 2005 1746 2040 εὺνέκρωτος
1758 2003 1834 2038 χλόη,
1847 2004 1866 2038 ἡ

1077 2053 1121 2080 ἀεὶ
1134 2052 1288 2088 δαπάνητος
1302 2051 1394 2086 φύσις,
1415 2051 1445 2078 '0
1457 2051 1577 2086 σήμερον
1609 2049 1739 2080 ἀπειλῶν,
1755 2048 1802 2075 καὶ
1815 2048 1864 2074 αὖ·

1079 2108 1136 2135 ριον
1147 2099 1282 2126 τελευτῶν
1300 2107 1307 2114 ³
1327 2099 1341 2125 ὁ
1356 2099 1478 2133 σήμερον
1489 2098 1518 2123 ὲν
1531 2096 1652 2131 πλούτῳ,
1666 2093 1822 2129 καὶ,αῠριον
1837 2095 1866 2119 ἐν

1078 2146 1167 2181 τάφῳ.
1188 2154 1195 2162 ·
1219 2146 1233 2171 6
1260 2145 1380 2180 σήμερον
1400 2145 1429 2170 ὲν
1454 2143 1619 2178 διαδήματι,
1644 2142 1692 2169 καὶ
1715 2141 1810 2176 αῡριον
1837 2141 1867 2167 ὲν

236 2201 297 2230 qum
314 2194 405 2221 statin:
424 2192 571 2223 cmoritur,
590 2196 688 2218 natura
704 2198 764 2225 qum
778 2197 885 2224 semper
904 2189 1023 2217 absumi-

1080 2193 1201 2227 μνήματι
1215 2199 1221 2206 ·
1238 2192 1252 2217 6
1268 2192 1388 2226 σήμερον
1405 2191 1433 2216 ὲν
1449 2189 1552 2222 κόλαξι,
1571 2189 1619 2215 καὶ
1639 2187 1734 2222 αὒριον
1752 2188 1780 2214 ἐν
1795 2187 1868 2213 σκώ-

236 2247 292 2268 tur.
313 2239 364 2272 Qui
386 2238 470 2266 hodie
487 2238 578 2265 minas
596 2237 723 2268 intentat,
749 2240 775 2264 et
789 2243 851 2264 cras
878 2235 949 2263 diem
968 2236 1025 2263 obit

237 2292 401 2314 extremum.
419 2284 470 2316 Qui
489 2283 569 2311 hodie
597 2283 625 2310 in
642 2282 752 2317 opibus,
770 2286 797 2309 et
816 2289 880 2309 cras
893 2282 920 2308 in
934 2282 1027 2316 sepul-

237 2338 286 2358 cro
300 2334 344 2358 est
363 2338 368 2356 :
391 2329 472 2356 hodie
485 2329 512 2356 in
530 2328 697 2360 diademate,
710 2335 771 2355 cras
784 2327 810 2354 in
826 2328 1024 2360 monumento;

237 2376 376 2414 quihodie
384 2375 465 2412 325
477 2375 551 2403 inter
559 2375 730 2406 adulatores,
740 2382 802 2402 eras
816 2374 890 2401 inter
903 2380 1024 2401 vermes:

239 2421 320 2450 hodie
340 2421 367 2448 in
384 2420 536 2453 thesauris,
556 2427 617 2448 cras
632 2419 661 2447 in
678 2420 797 2454 tumulo;
817 2419 864 2454 qui
877 2419 957 2446 hodie
972 2422 1025 2453 est,

237 2473 263 2495 et
278 2475 339 2495 cras
351 2474 411 2495 esse
427 2466 546 2500 desinit;
566 2466 614 2501 qui
642 2473 715 2493 nunc
742 2465 862 2494 exsultat
880 2469 906 2493 et
926 2465 1027 2500 gloria-

239 2521 293 2548 ttlr,
314 2518 341 2541 et
354 2513 436 2549 paulo
453 2517 515 2548 post
534 2513 663 2547 lugetur;
676 2513 724 2547 qui
740 2511 881 2547 prosperis
899 2512 926 2539 in
941 2513 1028 2539 rebus

238 2558 412 2588 intolerando
439 2558 572 2592 turgescit
594 2556 678 2589 fastu,
709 2561 736 2584 et
762 2557 791 2584 in
821 2557 1028 2585 calamitatibus

239 2604 457 2633 consolationem
470 2603 574 2630 nullam
593 2603 734 2635 admittit;
751 2602 797 2638 qui
814 2603 936 2638 seipsum
951 2603 1028 2638 igno-

240 2655 291 2682 rat,
310 2655 336 2678 et
349 2658 410 2685 quae
440 2654 505 2677 sunt
532 2657 615 2684 supra
631 2657 661 2678 se
676 2650 814 2677 curiosius
832 2650 966 2682 rimatur;
981 2649 1028 2684 qui

240 2695 314 2729 quod
340 2703 461 2729 prmsens
496 2699 538 2722 est
553 2695 652 2728 nescit,
669 2700 696 2723 et
725 2696 759 2723 de
771 2695 873 2724 futuris
888 2698 1027 2731 nugatur;

241 2741 287 2774 qui
317 2744 412 2774 suapte
445 2744 545 2767 natura
561 2741 688 2768 mortalis
705 2747 759 2774 est,
772 2746 799 2769 et
810 2743 874 2776 quia
891 2743 1028 2777 superbus

241 2788 293 2816 est,
312 2791 343 2811 se
359 2785 554 2819 sempiternum
574 2790 663 2821 putat.
675 2786 755 2819 illud,
778 2787 900 2822 inquam,
920 2792 1029 2823 pertur-

243 2828 385 2853 bationum
412 2829 535 2861 omnium
564 2831 735 2858 domicilium
765 2835 872 2865 patens,
889 2833 1026 2859 variarunt

1077 2238 1155 2273 ληξιν
1165 2246 1172 2253 '
1186 2238 1199 2264 6
1217 2238 1337 2273 σήμερον
1348 2237 1376 2263 ὲν
1385 2235 1542 2271 θησαυροῖς,
1559 2235 1606 2262 καὶ
1618 2234 1714 2268 αὖριον
1727 2235 1755 2260 ὲν
1765 2234 1864 2267 tropei;-

1078 2285 1092 2310 6
1110 2286 1230 2318 σήμερον
1243 2282 1291 2311 ὢν.
1310 2282 1358 2309 καὶ
1375 2281 1469 2317 αὔριον
1485 2281 1523 2316 μὴ
1539 2281 1576 2308 ὢν
1593 2288 1600 2295 ·
1616 2281 1630 2306 ὁ
1641 2280 1704 2315 ἄρτι
1731 2279 1867 2314 φρυαττό-

1079 2339 1168 2365 μενος,
1186 2330 1232 2356 καὶ
1242 2330 1301 2365 μετ’
1309 2328 1400 2362 ὀλίγον
1414 2327 1599 2362 θρηνούμενος
1615 2335 1621 2341 ·
1637 2327 1651 2352 ὁ
1661 2327 1689 2352 ἐν
1701 2325 1867 2360 εὐπραγίαις

1077 2376 1216 2411 ἀφόρητος
1231 2395 1237 2407 ,
1261 2375 1308 2401 καὶ
1327 2376 1356 2400 ἐν
1387 2374 1569 2410 δυσπραγίαις
1602 2372 1819 2409 ἀπαραμύθητος
1836 2372 1868 2396 ’ὁ

1079 2420 1175 2446 ἑαυτὸν
1187 2418 1303 2452 ἀγνοῶν,
1318 2418 1366 2445 καὶ
1378 2417 1412 2444 τὰ
1430 2418 1500 2453 ὑπὲρ
1511 2418 1608 2444 ἑαυτὸν
1620 2415 1864 2452 πολυπραγμονῶν

1078 2466 1092 2492 ὁ
1104 2464 1133 2491 τὸ
1147 2465 1234 2499 παρὸν
1248 2464 1299 2490 οὐκ
1318 2463 1406 2496 εἰδὼς,
1422 2464 1469 2490 καὶ
1483 2463 1547 2498 περὶ
1562 2463 1616 2490 τῶν
1635 2463 1787 2498 μελλόντων
1800 2470 1867 2496 φαν-

1079 2510 1237 2546 ταζόμενος·
1247 2511 1261 2536 ὁ
1275 2509 1355 2544 φύσει
1372 2510 1478 2545 θνητὸς,
1493 2510 1540 2536 καὶ
1554 2511 1587 2545 τῇ
1604 2509 1730 2544 ὲπὰρσει,
1744 2509 1782 2540 ὡς
1792 2507 1868 2543 νομί-

1080 2557 1134 2590 ζει,
1168 2556 1286 2588 αἰώνιος.
1307 2557 1345 2583 Τὸ
1358 2556 1460 2588 παντὸς
1486 2555 1588 2588 πάθους
1613 2556 1772 2585 εὑδιάὸατον
1802 2563 1869 2582 χατ-

1080 2603 1208 2638 αγώγιον·
1218 2602 1309 2629 meum
1322 2602 1446 2637 πορετῶν
1458 2602 1605 2637 ἀδιάφορον
1615 2602 1740 2636 παίγνιον
1753 2610 1760 2618 ·
1774 2601 1804 2628 τὸ
1814 2601 1868 2628 τῶν

1081 2649 1232 2684 συμφορῶν
1250 2647 1445 2684 καθημερινῶν
1462 2649 1614 2683 γυμνάσιον
1630 2656 1637 2663 ·
1651 2648 1682 2674 τὸ
1701 2649 1793 2682 πάσης
1821 2646 1868 2673 λύ-

1079 2703 1136 2730 πης
1152 2694 1339 2729 εὐπράδεκτον
1354 2694 1522 2729 πανδοχεῖον.
1540 2695 1572 2721 Ὢ
1584 2695 1653 2729 πόση
1669 2694 1720 2729 τῆς
1731 2693 1868 2728 ἡμετέρας

1079 2740 1217 2772 εὐτελείας
1231 2742 1247 2775 ἠ
1266 2740 1414 2775 τραγῳδίαί
1432 2740 1514 2770 πότος
1529 2740 1577 2774 τῆς
1596 2740 1768 2774 ἀνθρωπίνης
1787 2737 1869 2764 ἀσθε-

1079 2786 1154 2817 νείας
1168 2786 1182 2811 ὀ
1196 2786 1346 2820 θρίαμϐοςί
1370 2785 1392 2812 ὣ
1415 2786 1485 2812 πόσα
1512 2783 1603 2811 εἷπονί
1623 2785 1674 2818 τῆς
1695 2784 1869 2818 προςτητικῆς

1081 2832 1171 2864 ιριονῆς
1183 2832 1256 2858 οὐδὲν
1270 2831 1469 2867 ἁρμοδιώτερον
1480 2828 1558 2867 εὖρον
1573 2831 1622 2867 τῆς
1637 2830 1752 2865 λεγούση
1759 2838 1779 2861 ς.
1793 2828 1868 2864 Πλὴν
