2080 3111
238 140 305 173 1137

866 145 984 176 ΞᾹΟΒΑ
1002 146 1234 177 PARALLELA.

1795 141 1805 172 1
1812 141 1862 174 138

275 206 285 222 1
308 195 432 231 Ἐξῆλθεν
446 195 527 223 Δαὸὶὸ
542 196 596 223 ἀπὸ
613 195 661 223 τοῦ
683 197 826 233 σπηλαίου,
843 199 888 225 καὶ
910 199 1022 234 ἐϐόησεν

1112 200 1126 227 1
1140 200 1202 236 lkg.
1220 207 1294 232 xtuv,
1309 199 1386 226 9-l8.
1401 213 1433 218 —
1449 207 1457 224 1
1477 199 1603 235 §urrexit
1616 201 1708 226 autem
1727 190 1811 225 David
1830 199 1864 225 de

237 242 325 269 ὀπίσω
341 242 437 275 Σαοὺλ,
451 242 537 276 λέγων
546 251 552 257 ·
566 242 652 278 Κύριε
672 243 781 278 βασιλεῦ
793 252 799 260 ⁸
815 245 861 271 καὶ
877 245 1025 280 ἐπέϐλεψεν

239 287 325 314 Σαοὺλ
339 287 428 314 ὀπίσω
447 287 541 321 αὐτοῦ,
560 288 607 314 καὶ
622 288 706 323 ἔκυψε
721 289 805 316 Δαειδ
820 290 867 317 ἐπὶ
881 291 1026 325 πρόσωπον

238 333 319 360 αὑτοῦ
336 333 382 359 ἐπὶ
410 334 460 369 τὴν
488 335 551 369 γῆν,
571 326 618 361 {ei
644 335 848 371 προσεκύνησεν
871 336 957 372 αὐτῷ.
971 337 1026 363 Καὶ

238 377 315 405 εἶπεν
335 378 427 405 Δαϐίδ’
449 379 508 406 ’Ἰνα
520 379 547 406 τί
578 380 687 412 ἀκούεις
717 381 771 408 τῶν
789 380 878 415 λόγων
899 382 946 408 τοῦ
961 381 1025 408 λαοῦ

239 424 385 458 λεγόντων·
412 424 477 451 Ἰδοὺ
485 425 567 452 Δαϐὶδ
574 425 652 460 ζητεῖ
665 426 716 462 τὴν
727 427 817 463 ψυχήν
833 435 881 454 σου
893 436 901 460 ;
917 427 982 455 Ἰδοὺ
996 429 1025 454 ἐν

239 471 272 505 τῇ
283 469 376 506 ἡμέρᾳ
388 469 476 507 ταύτῃ
487 471 642 506 ἑωράκασιν
660 473 685 499 οι
702 472 836 509 ὀφθαλμοί
858 482 916 507 σου,
931 474 1026 509 ὥσπερ

240 516 322 543 ἔδωκέ
332 525 361 543 σε
372 516 475 552 Κύριος
482 518 522 550 είς
533 517 581 549 τὰς
589 518 682 554 χεῖράς
691 527 740 554 μου
750 519 778 546 ὲν
788 519 827 555 τῷ
835 521 969 556 σπηλαίῳ,
978 521 1026 548 καὶ

240 563 289 591 οὐκ
301 563 454 600 ἠϐουλήθην
470 565 629 593 ἀποκτεῖναί
640 574 681 598 σε,
694 566 741 594 καὶ
750 567 904 603 ἐφεισάμην
919 576 966 594 σου
979 569 1026 595 καὶ

239 607 321 637 εἶπεν
346 611 403 638 Οὐκ
428 611 532 638 ὲποίσω
560 612 641 648 χεῖρά
653 621 704 648 μου
717 613 757 644 είς
779 613 824 640 τὸν
851 613 946 648 κύριόν
961 623 1024 650 μου,

239 655 281 682 ὅτι
305 656 414 691 χριστὸς
441 656 544 692 Κυρίου
559 654 648 690 οὗτος.
670 657 726 685 Καὶ
745 658 800 686 ἰδοὺ
815 658 963 694 πτερύγιον
975 660 1026 695 τῆς

239 701 373 734 διπλοΐδος
384 710 432 729 σου
445 702 474 729 ὲν
486 704 518 738 τῇ
530 702 602 738 χειρί
618 712 680 738 μου,
696 703 803 731 καὶούκ
811 705 974 739 ἀπέκταγκά
985 714 1024 733 σε.

240 746 295 773 Καὶ
309 745 396 781 ἐπῆρε
409 747 496 774 Σαοὺλ
512 748 560 783 τὴν
581 748 674 784 φωνὴν
700 749 795 782 αὐτοῦ,
811 750 859 778 καὶ
882 750 1026 784 ἔκλαυσεν,

241 792 288 819 καὶ
302 790 364 820 εἷπε
377 793 446 829 πρὸς
456 793 537 820 Δαὸίδ
550 802 556 809 '
572 795 683 828 Δίκαιος
708 795 740 822 σὺ
758 796 829 831 ὑπὲρ
857 797 918 831 ἐμὲ,
937 797 979 825 eu
993 798 1026 824 σὺ

240 839 435 872 ἀνταπέδωκάς
464 849 509 876 μοι
536 841 638 876 ἀγαθὰ,
662 842 718 877 ἐγὼ
731 842 761 869 δὲ
779 843 960 871 ἀνταπέδωκά
985 852 1026 871 σοι

242 886 324 912 κακά.
341 895 350 912 ι
362 886 374 919 \

279 940 288 957 1
312 931 526 968 Τεκταινόμενος
558 933 659 968 ἀγαθὰ,
681 934 759 970 ζητεῖ
780 935 861 972 χάριν
881 935 999 973 ἀγαθήν.
1015 946 1024 964 t

280 1028 290 1045 1
309 1017 509 1055 Μὴ’πλατύνου
521 1022 577 1053 σοῖς
591 1021 709 1057 χείλεσιν
718 1030 725 1038 ⁸
742 1023 780 1059 μὴ
796 1024 891 1060 εἴπῃςοι
905 1024 1027 1060 Ὃντρό-

243 1074 292 1093 πον
304 1066 439 1102 ἐχρήσατό
452 1074 508 1102 μοι,
523 1067 661 1103 χρήσομαι
688 1067 773 1104 αὐτῷ,
790 1069 861 1105 ὑπὲρ
869 1067 907 1098 ὧν
921 1078 956 1106 με
969 1069 1028 1105 ἡδί-

243 1121 337 1148 κησεν,
356 1122 366 1139 ι

279 1168 290 1185 1
312 1159 358 1195 Μὴ
374 1159 456 1196 εῐπῃς
467 1167 474 1176 ·
492 1160 607 1196 Γίσομαι
627 1159 673 1188 τὸν
686 1161 783 1197 ἐχθρόν
793 1170 800 1177 ·
813 1162 872 1190 ἀλλ’
881 1163 1028 1198 ὑπόμεινον

241 1205 288 1232 τὸν
306 1205 419 1241 Κύριον,
431 1206 475 1233 ἵνα
489 1215 518 1233 σε
533 1206 666 1244 βοηθήσῃ.
684 1216 694 1233 ι

273 1261 286 1278 1.
308 1251 371 1279 Ἐὰν
379 1253 458 1288 πεινᾷ
471 1253 486 1279 ὁ
502 1252 601 1288 ἐχθρός
617 1261 676 1285 σου,
691 1252 799 1289 ψώμιζε
815 1254 907 1287 αὐτὸν,
923 1255 969 1281 καὶ
981 1255 1029 1282 ἐὰν

241 1297 316 1333 διψᾷ,
348 1298 441 1330 πότιζε
466 1298 558 1325 αὐτόν.
588 1297 673 1325 Τοῦτο
687 1298 741 1334 γὰρ
767 1299 862 1334 ποιῶν,
889 1300 1029 1336 ἄνθρακας

242 1342 328 1376 πυρὸς
341 1342 489 1377 σωρεύσεις
501 1343 548 1370 ἐπὶ
555 1344 605 1378 τὴν
618 1343 740 1380 κεφαλὴν
755 1345 850 1378 αὐτοῦ,
864 1345 912 1373 καὶ
927 1345 1028 1381 Κύριος

241 1389 425 1416 ἀνταποδώσει
439 1398 480 1416 σοι
490 1390 590 1424 ἀγαθά.
611 1399 620 1416 ι

279 1443 289 1460 1
314 1434 384 1462 Ὀδοὶ
395 1436 571 1470 μνησικάκων
584 1437 623 1469 είς
637 1437 760 1465 θάνατον.
783 1449 792 1465 ν

282 1532 291 1549 1
312 1523 360 1554 ’ος
377 1525 551 1559 μνησικακεῖ,
564 1525 731 1562 παράνομος.
752 1537 762 1552 ι

279 1622 290 1640 1
312 1613 341 1640 '0
356 1615 484 1649 κρύπτων
497 1613 609 1649 ἔχθραν,
625 1613 765 1650 συνίστησι
779 1615 864 1642 δόλον.
882 1625 891 1642 i

281 1719 292 1736 1
307 1709 414 1737 Κακίαν
429 1710 544 1742 ἕκαστος
557 1709 605 1736 τοῦ
619 1710 734 1745 ἀδελφοῦ
750 1711 833 1738 αὐτοῦ
855 1712 885 1738 οὑ
905 1711 942 1747 μὴ
964 1721 1031 1748 μνητ

244 1753 376 1789 σικακῆτε
396 1754 425 1781 ὲν
452 1755 510 1786 ταῖς
535 1754 660 1790 καρδίαις
700 1755 785 1790 ὑμῶν.
810 1757 905 1792 Κρῖμα
927 1757 1031 1785 δίκαιον

244 1798 365 1834 κρίνατε,
381 1800 428 1827 καὶ
439 1799 515 1832 ἕλεος
540 1800 587 1827 καὶ
615 1801 759 1837 οίκτιρμδν
786 1803 889 1829 ποιεῖτε
915 1802 1032 1835 ἕκαστος

248 1845 314 1880 πρὸς
327 1846 374 1872 τὸν
387 1845 502 1880 ἀδελφὸν
517 1847 611 1875 αὐτοῦ.
632 1856 641 1874 ι

283 1900 293 1917 1
316 1889 502 1927 Ἐκζητήσατε
526 1891 557 1919 τὸ
583 1892 680 1926 καλὸν,
704 1893 752 1920 καὶ
777 1893 815 1930 μὴ
834 1895 964 1931 πονηρὸν,
986 1896 1033 1923 καὶ

246 1936 322 1964 ἔσται
339 1937 400 1973 μεθ’
412 1937 488 1973 ὑμῶν
501 1938 615 1975 Κύριος.
634 1948 645 1965 ι

283 1993 293 2010 1
317 1983 465 2011 Ἀκούσατε
480 1984 556 2020 ῥῆμα
572 1985 677 2021 Κυρίου
694 1986 719 2013 οἱ
732 1986 880 2022 τρέμοντες
891 1987 937 2014 τὸν
955 1987 1034 2023 λόγον

247 2028 340 2057 αὑτοῦ.
353 2029 464 2061 Εἴπατε,
478 2029 588 2064 ἀδελφοί
603 2038 665 2064 μου,
684 2031 740 2062 τοῖς
760 2031 886 2066 μισοῦσιν
900 2031 973 2065 ὑμᾶς
985 2033 1034 2058 καὶ

247 2074 469 2111 βδελυσσομένοις
485 2093 492 2106 .
519 2075 564 2102 ἳνα
597 2075 628 2102 τὸ
654 2074 741 2111 ὄνομα
764 2076 866 2111 Κυρίου
894 2076 1034 2113 δοξασθῇ,

244 2122 294 2148 καὶ
312 2121 382 2157 ὀφθῇ
398 2121 463 2157 ὑμῖν
477 2121 507 2148 ἐν
521 2121 676 2158 εὐφροσύνῃ
700 2121 788 2157 ὑμῶν,
809 2122 857 2149 καὶ
878 2123 978 2150 ἐκεῖνοι
993 2123 1036 2150 αι-

248 2169 455 2205 σχυνθήσοψται,
471 2178 481 2196 )

1079 246 1209 280 spelunca
1223 263 1231 277 ,
1251 248 1278 271 et
1289 243 1419 271 clamavit
1435 247 1497 279 pest
1517 243 1593 276 Saul,
1606 242 1701 271 dicens
1717 252 1724 270 :
1749 243 1864 271 Domine

1080 299 1138 319 rex.
1154 291 1188 318 Et
1211 291 1333 324 respexit
1355 289 1421 317 Saul
1441 295 1504 325 post
1529 297 1575 322 se,
1607 293 1634 317 et
1665 289 1801 317 inclinans
1835 296 1864 316 se

1079 335 1164 364 David
1190 337 1219 363 in
1245 336 1345 363 faciem
1370 343 1453 371 super
1483 339 1602 368 terram,
1636 335 1761 362 adoravit
1788 341 1862 362 eum.

1079 382 1112 410 Et
1126 383 1196 410 dixit
1211 381 1298 410 David
1315 390 1322 409 :
1337 381 1429 414 Quare
1444 381 1524 409 audis
1541 381 1623 409 verba
1649 382 1744 416 populi
1769 380 1861 408 dicen-

1079 429 1114 456 tis
1130 437 1138 456 :
1155 428 1228 456 Ecce
1242 427 1329 456 David
1341 427 1441 463 quierit
1457 428 1576 455 animam
1589 427 1686 455 tuam‘l
1701 426 1771 455 Ecce
1782 427 1864 454 hodie

1078 474 1207 502 viderunt
1220 474 1294 502 oculi
1313 474 1369 508 tui,
1391 473 1529 509 quomodo
1545 472 1659 501 tradidit
1686 477 1713 500 te
1728 472 1863 500 Dominus

1079 523 1106 550 in
1134 530 1218 550 manu
1228 529 1288 550 mea
1299 522 1328 549 in
1341 523 1491 558 spelunca,
1505 525 1533 550 et
1552 522 1628 550 nolui
1645 525 1672 550 te
1689 521 1845 550 interﬁcere
1856 540 1864 551 .

1079 572 1107 596 et
1122 568 1233 604 peperci
1246 569 1293 596 tibi
1305 589 1313 602 ,
1327 571 1355 597 et
1369 568 1426 596 dixi
1439 578 1447 596 :
1461 567 1520 596 Non
1537 568 1636 596 levabo
1650 575 1761 595 manum
1777 574 1866 594 meam

1080 615 1109 643 in
1120 614 1264 643 dominum
1281 622 1394 647 meum,
1411 614 1476 650 quia
1495 615 1627 642 ehristus-
1641 613 1749 642 Domini
1761 617 1816 641 est.
1830 612 1866 639 Et

1079 667 1144 689 ecce
1154 659 1342 688 summitatem
1354 659 1508 694 chlamydis
1525 663 1575 686 tua:
1588 659 1617 686 in
1634 665 1716 686 manu
1733 664 1869 690 meamet:

1080 705 1208 734 interfeci
1224 709 1261 733 te.
1276 704 1310 732 Et
1325 704 1427 732 levavit
1445 704 1511 732 Saul
1540 710 1635 732 vocem
1650 711 1744 736 suam,
1773 706 1802 730 et
1816 701 1864 729 tle-

1079 751 1139 784 vit;
1155 751 1282 787 dixitque
1300 751 1335 778 ad
1352 750 1436 778 David
1452 760 1458 778 :
1475 749 1580 778 iustior
1599 757 1643 778 me
1672 757 1704 778 es
1731 752 1772 776 tu.
1787 748 1864 781 Quo-

1079 797 1155 825 niam
1169 797 1238 825 mibi
1251 796 1406 826 retribuisti
1421 796 1510 832 bona_:
1525 803 1575 832 ego
1587 799 1678 825 autem
1695 794 1802 824 reddidi
1815 794 1864 822 tibi

1080 843 1162 870 mala.
1183 852 1192 868 I

1116 930 1196 960 Prov.
1214 940 1259 966 xl,
1272 932 1319 959 27.
1340 947 1374 952 —
1392 941 1402 958 1
1421 932 1472 966 Qui
1489 932 1560 960 bona
1584 931 1660 967 agit,
1691 933 1866 966 qureretgra-

1080 975 1144 1004 tiam
1155 976 1266 1004 bonam.
1274 986 1283 1002 ι

1117 1020 1197 1049 Prov.
1213 1029 1288 1056 xxrv,
1303 1021 1349 1049 29.
1364 1036 1399 1042 -——
1417 1030 1426 1048 1
1444 1021 1485 1049 Ne
1500 1020 1599 1049 dilales
1615 1019 1696 1049 labiis
1722 1019 1778 1046 tuis
1793 1039 1801 1051 ,
1815 1026 1865 1047 nec

1079 1066 1156 1095 dicas
1167 1087 1175 1100 ,
1191 1067 1424 1102 quemadmodum
1442 1067 1498 1102 egit
1522 1073 1648 1099 mecum,
1661 1073 1739 1101 agam
1756 1072 1818 1091 cum
1833 1073 1865 1091 eo

1079 1119 1129 1147 pro
1143 1112 1187 1140 his
1198 1113 1300 1148 quibus
1316 1120 1360 1141 me
1379 1112 1482 1148 injuria
1498 1111 1601 1140 aﬂ'ecit.
1620 1120 1630 1138 ι

1116 1158 1197 1187 Prov.
1207 1167 1254 1192 xx,
1269 1159 1315 1187 9.2.
1331 1173 1366 1180 —
1382 1168 1391 1185 1
1406 1157 1446 1186 Ne
1461 1158 1565 1186 dixeris
1581 1167 1588 1185 :
1623 1156 1737 1185 inimico
1766 1163 1865 1191 repen-

1031 1212 1034 1218 '
1079 1205 1159 1237 dam,
1177 1205 1225 1233 sed
1241 1209 1369 1241 exspecta
1382 1204 1529 1233 Dominum
1542 1224 1550 1237 ,
1566 1208 1598 1231 ut
1612 1203 1661 1232 tibi
1672 1203 1775 1230 auxilio
1788 1203 1835 1230 sit.
1854 1211 1863 1227 ι

1116 1251 1199 1279 Prov.
1215 1259 1279 1284 xxv,
1295 1251 1342 1279 2|.
1357 1265 1394 1273 -—
1410 1260 1420 1277 1
1439 1249 1467 1278 Si
1483 1249 1615 1278 esurierit
1639 1249 1766 1276 inimicus
1781 1253 1843 1276 tuus
1857 1269 1864 1278 .

1081 1297 1143 1326 ciba
1158 1297 1235 1325 illum
1253 1297 1298 1325 :si
1312 1296 1444 1330 sitiverit,
1460 1295 1494 1323 da
1508 1296 1533 1323 ei
1544 1295 1639 1323 bibere
1659 1304 1667 1322 :
1684 1302 1785 1330 prunas
1793 1294 1866 1322 enim

1080 1343 1262 1380 congregabis
1277 1350 1361 1378 super
1373 1346 1457 1378 caput
1470 1342 1553 1376 ejus;
1585 1345 1613 1369 et
1637 1340 1772 1368 Dominus
1803 1339 1867 1367 red.-

1080 1389 1126 1417 det
1138 1389 1188 1417 tibi
1215 1389 1297 1417 bona.
1317 1397 1327 1414 ι

1116 1435 1196 1462 Prov.
1216 1442 1265 1466 xu.
1289 1434 1334 1462 28.
1352 1449 1385 1455 -
1403 1442 1413 1460 1
1440 1433 1496 1461 Vite
1509 1438 1664 1461 memorum
1694 1431 1814 1466 injuriae,
1834 1431 1866 1458 ad

1081 1484 1208 1508 mortem.
1233 1489 1243 1506 ι

1118 1526 1189 1554 Ibid.
1219 1539 1254 1549 —
1270 1535 1279 1553 1
1297 1526 1350 1560 Qui
1373 1526 1491 1561 injurias
1517 1517 1692 1558 recordatur,
1716 1524 1870 1560 ﬂagitiosus

1078 1577 1132 1602 est.
1156 1583 1167 1600 ι

1117 1617 1195 1646 Prov.
1212 1625 1288 1650 xm,
1306 1617 1353 1645 26.
1368 1627 1431 1643 —.1
1447 1616 1506 1650 Qui
1517 1616 1590 1645 celat
1610 1616 1796 1648 inimicitiam,
1822 1623 1869 1644 ne—

1080 1663 1130 1693 ctit
1144 1664 1250 1692 dolum.
1271 1674 1282 1691 ι

1115 1708 1199 1736 ΖαοΙι.
1214 1717 1261 1742 vn,
1278 1708 1322 1737 lt).
1339 1724 1374 1731 -ι
1392 1718 1402 1735 ι
1431 1708 1541 1736 Malitia:
1567 1709 1758 1743 unusquisque
1774 1703 1870 1736 fratris

1080 1754 1122 1782 sui
1134 1754 1219 1782 nolite
1231 1754 1391 1783 meminisse
1406 1754 1435 1782 in
1456 1755 1588 1783 cordibus
1603 1755 1714 1783 vestris.
1728 1754 1868 1782 Judicium

1079 1800 1183 1836 justum
1192 1800 1314 1836 iudicate
1326 1821 1334 1834 ,
1350 1805 1378 1828 et
1392 1801 1611 1829 misericordiam
1628 1804 1656 1828 et
1665 1800 1870 1829 miserationem

1081 1845 1192 1875 faciatis
1207 1847 1397 1883 unusquisque
1414 1847 1448 1875 ad
1461 1848 1573 1875 fratrem
1584 1855 1677 1875 suum.
1698 1857 1707 1873 ι

1118 1892 1200 1921 Amo:
1216 1900 1246 1926 ν,
1264 1893 1307 1920 14.
1323 1908 1358 1913 -
1374 1902 1383 1919 1
1403 1893 1523 1926 Quatrite
1539 1893 1654 1926 bonum,
1676 1896 1709 1921 et.
1727 1899 1788 1922 non.
1809 1899 1869 1919 ma-

1082 1939 1154 1972 lum;
1169 1943 1196 1967 et
1213 1939 1266 1967 erit
1280 1939 1422 1967 vobiscum
1447 1938 1588 1967 Dominus.
1612 1947 1621 1965 ι

1119 1984 1176 2012 ha.
1194 1992 1267 2016 vat,
1283 1985 1310 2018 5,
1327 1985 1353 2013 6.
1370 2000 1405 2006 -—
1422 1994 1430 2010 1
1448 1985 1550 2012 Audite
1567 1985 1679 2012 verbum
1694 1984 1872 2019 Domini,qu.i

1084 2030 1203 2058 tremitis
1215 2030 1329 2058 verbum
1348 2031 1448 2066 ipsius.
1465 2029 1563 2064 Dicite,
1581 2029 1684 2058 fratres
1697 2030 1870 2065 mei,hisqui

1084 2075 1202 2113 oderunt
1218 2083 1277 2109 vos,
1294 2079 1321 2103 et
1343 2076 1557 2109 abominantur;
1577 2079 1608 2102 ut
1636 2083 1737 2102 nomen
1763 2074 1871 2102 Domini

1084 2121 1264 2156 gloriﬁcctur,
1281 2125 1309 2150 et
1324 2126 1454 2157 appareat
1482 2121 1510 2149 in
1539 2121 1634 2149 lattitia
1653 2125 1757 2154 vestra,
1775 2125 1805 2156 et,
1832 2121 1871 2148 illi

1085 2165 1304 2195 confundentur.
1328 2176 1338 2193 ι

284 2225 294 2241 ι
315 2215 376 2242 Ἐπὶ
389 2215 490 2247 παντὸς
515 2215 686 2251 ἀδικήματος
716 2216 754 2252 μὴ
780 2215 897 2252 μηνίσῃς
911 2215 950 2252 τῷ
962 2216 1028 2252 πλη-

1121 2213 1205 2241 Ει-ειὶ.
1219 2221 1246 2246 x,
1264 2213 1291 2241 6.
1307 2228 1343 2235 —
1360 2223 1369 2240 1
1391 2213 1431 2242 0b
1447 2221 1558 2242 omnem
1579 2214 1713 2250 injuriam
1733 2221 1768 2242 nc
1779 2220 1873 2242 serves

249 2263 305 2290 σίον
319 2272 378 2290 σου.
398 2272 409 2289 ι

283 2317 294 2334 1
315 2308 400 2343 ’Δφες
413 2308 533 2345 ἀδίκημα
559 2309 602 2345 τῷ
624 2309 738 2345 πλησίον
754 2317 811 2342 σου,
827 2309 875 2337 καὶ
888 2301 948 2336 τότε
971 2309 1034 2345 δεη-

248 2354 340 2386 θέντος
358 2363 406 2382 anu
424 2355 453 2382 al
464 2355 598 2391 ἁμαρτίαι
611 2363 658 2382 σου
675 2355 850 2391 λυθήσονται.
870 2364 879 2381 ι

285 2410 296 2427 1
312 2401 456 2438 Μνήσθητι
481 2400 516 2429 τὰ
545 2401 647 2437 ἐσχατὰ
667 2410 724 2433 σου,
741 2401 787 2428 καὶ
813 2400 917 2428 παῦσαι
926 2400 1036 2437 ἔχθραι·

251 2455 312 2474 νων.
329 2456 338 2473 I

288 2501 298 2518 1
315 2492 443 2521 Δάνεισον
467 2493 506 2530 τῷ
520 2493 634 2529 πλησίον
660 2501 708 2521 σου
723 2492 793 2521 κατὰ
810 2492 926 2529 δύναμίν
945 2502 1004 2520 σου.
1023 2502 1032 2519 ι

289 2588 299 2606 1
318 2580 447 2615 Ἐλεγξον
458 2582 503 2611 τὸν
518 2582 632 2618 πλησίον
650 2592 710 2617 σου,
726 2584 831 2620 μήποτε
843 2585 894 2611 οὐκ
902 2584 1014 2619 ἐποίησε
1027 2593 1034 2600 ·

252 2626 298 2654 καὶ
315 2626 376 2653 εἴτι
386 2627 508 2663 ἐποίησε,
527 2629 632 2663 μήποτε
647 2630 763 2665 προσθῇ.
780 2630 911 2665 Ἕλεγξον
931 2630 977 2657 τὸν
991 2631 1036 2665 φί-

247 2672 306 2705 λον,
327 2672 434 2708 μήποτε
451 2673 501 2700 οὐκ
516 2672 596 2701 εἷπε·
613 2675 660 2702 καὶ
681 2676 705 2702 εἰ
722 2675 844 2710 εἴρηκεν,
859 2676 904 2704 ’ίνα
924 2677 962 2713 μὴ
976 2677 1037 2704 δευ-

253 2727 279 2745 ττ
285 2718 379 2756 oetion.
401 2727 410 2745 ι

290 2774 303 2798 ς
317 2765 382 2793 Νόει
394 2765 430 2793 τὰ
443 2765 491 2793 τοῦ
509 2765 623 2801 πλησίον
637 2767 667 2800 ἐξ
686 2767 796 2794 ἑαυτοῦ.
822 2777 831 2794 ι

289 2863 297 2880 ι
318 2852 478 2891 Ἀνθρωπος
494 2854 629 2891 ἀνθρώπῳ
643 2857 769 2892 συντηρεῖ
782 2855 877 2892 ὀργὴν,
902 2856 948 2884 καὶ
965 2857 1037 2892 παρὰ

1087 2259 1156 2287 iram
1174 2259 1308 2289 adversus
1322 2260 1478 2295 proximum
1493 2264 1582 2288 tuum.
1604 2269 1613 2287 I

1124 2306 1208 2334 Eccli.
1221 2307 1355 2340 Xlell,§.
1372 2322 1407 2328 —-
1424 2316 1433 2332 1
1454 2306 1565 2335 Dimitte
1590 2306 1721 2342 iniuriam
1747 2306 1874 2341 proximo

1089 2359 1147 2387 tuo,
1160 2358 1187 2382 et
1201 2359 1266 2382 tunc
1281 2353 1439 2389 deprecanti
1458 2354 1508 2382 tibi
1520 2357 1633 2389 peccata
1649 2354 1804 2380 solventur.
1826 2362 1835 2377 ι

1122 2400 1192 2428 Ibid.
1213 2400 1241 2428 6.
1258 2415 1291 2420 -
1310 2409 1320 2426 1
1340 2399 1477 2429 Memento
1501 2400 1716 2428 novissimorum
1749 2403 1873 2431 tuorum,

1088 2450 1116 2474 et
1130 2446 1226 2474 desine
1238 2445 1387 2473 inimicari.
1411 2454 1421 2471 ι

1123 2491 1208 2520 Ecclt'.
1223 2499 1303 2525 xxix,
1319 2491 1347 2518 Ξ.
1369 2506 1404 2511 —-
1422 2500 1431 2517 1
1449 2490 1587 2519 Fenerare
1611 2490 1736 2526 proximo
1761 2493 1808 2518 tuo
1825 2497 1875 2525 pro

1089 2538 1161 2565 virili
1176 2541 1233 2565 tua.
1254 2546 1264 2563 ι

1124 2583 1210 2612 Ereti.
1230 2592 1288 2616 xIx.
1306 2583 1350 2612 l5.
1367 2599 1401 2606 -—
1414 2593 1424 2610 1
1440 2584 1556 2618 Corripe
1570 2584 1690 2611 anticum
1714 2586 1804 2615 tuum.
1840 2590 1876 2609 nc

1091 2630 1161 2658 forte
1178 2638 1232 2658 non
1248 2629 1344 2658 fecerit
1360 2639 1366 2657 :
1385 2633 1413 2658 et
1438 2630 1462 2658 si
1492 2630 1560 2664 quid
1581 2629 1689 2662 fecerit,
1717 2636 1751 2656 ne
1774 2628 1874 2656 iterum

1090 2676 1174 2704 addat
1215 2683 1289 2704 cere.
1303 2675 1418 2712 Corripe
1437 2676 1568 2709 amicum,
1597 2684 1631 2703 ne
1661 2675 1732 2703 forte
1744 2674 1844 2702 dixerit
1866 2683 1873 2701 :

1091 2727 1118 2751 et
1129 2723 1153 2750 si
1168 2722 1280 2755 dixerit,
1294 2730 1328 2751 ne
1340 2722 1412 2751 forte
1425 2722 1515 2750 iteret.
1536 2731 1546 2748 ι

1127 2766 1214 2795 Eccli.
1229 2776 1305 2799 xxxi,
1322 2767 1365 2795 18,
1386 2782 1420 2788 —
1441 2776 1450 2793 1
1484 2767 1607 2802 Intelligo
1635 2776 1668 2795 ex
1699 2767 1788 2802 tcipso
1815 2776 1876 2804 qua:

1092 2817 1156 2841 sunt
1172 2813 1291 2848 proximi
1303 2814 1354 2841 tui.
1375 2824 1384 2840 ι

1125 2858 1209 2885 Eccli.
1228 2866 1323 2892 xxvnt,
1341 2859 1400 2887 5-5.
1417 2875 1450 2880 --
1472 2868 1481 2886 ‹
1506 2858 1591 2887 llumo
1616 2858 1721 2887 homini
1751 2860 1873 2886 reservat
