2080 3111
234 159 299 194 H39

827 159 856 190 S.
872 159 1034 191 JOANNIS
1050 160 1265 190 DAMASCENI

1795 153 1863 185 1150

233 218 308 251 iram.
325 221 353 245 ct
369 225 383 244 a
397 216 514 244 Domino
532 215 632 252 q-umnit
645 215 792 243 medelam.
814 215 844 243 ln
876 216 1016 244 hominem

1074 216 1172 251 Κυρίου
1190 215 1268 251 ζητεῖ
1298 213 1379 241 ἴασιν.
1406 213 1466 240 Ἐπ’
1494 211 1639 247 ἀνθρωπον
1661 211 1754 245 ὅμοιον
1779 210 1862 236 αὐτοῦ

231 264 344 293 similem
358 264 411 292 sibi
423 271 477 291 non
493 262 576 290 habet
588 262 818 295 misericordiam,
846 267 875 290 et
900 262 935 290 de
955 270 1019 297 pec-

229 312 297 339 catis
316 311 376 339 suis
393 311 570 345 deprecatur.
585 308 656 345 ipse,
674 317 737 337 cum
759 317 824 337 caro
834 310 881 344 sit,
895 315 1020 338 reservat

228 359 308 389 iram,
328 361 355 385 et
370 355 596 392 propitiationem
613 355 680 391 petit
700 363 716 383 a
735 355 802 384 Deo.
817 355 850 382 Et
863 356 926 391 quis
939 356 1018 383 aufe-

227 408 268 431 ret
281 406 393 438 peccata
408 401 646 430 illius?Memento
672 405 877 437 postremorum
896 405 1018 433 tuorum,

227 455 252 476 et
270 448 366 476 desine
384 448 419 476 ab
447 448 611 476 inimicitiis.
635 447 787 476 Memorare
815 447 1019 479 mandatorum,

227 499 254 522 et
269 494 380 522 desines
392 494 542 523 inimicari.
562 503 572 520 ι

260 540 358 568 Matth.
371 548 398 574 ν,
411 541 510 569 25.-‹
521 540 549 568 Si
565 541 648 569 oﬂ’ers
661 547 765 568 munus
779 543 857 568 tuum
873 541 908 569 ad
922 541 1018 572 altare,

227 591 255 613 et
272 587 435 615 recordatus
447 587 544 620 fueris,
559 587 624 622 quia
639 586 724 614 frater
737 591 800 614 tuus
816 587 899 614 habet
914 587 1020 622 aliquid

229 632 373 660 adversum
391 632 475 668 328
490 637 526 665 te,
543 632 670 668 relinque
683 633 720 660 ibi
732 640 836 660 munus
864 636 942 660 tuum
958 637 1022 661 ante
1043 644 1050 650 -

228 679 324 711 altare.
338 683 366 707 et
385 680 453 707 vade
465 679 584 714 primum
609 679 793 707 reconciliare
820 678 899 706 fratri
912 682 972 713 tuo,
995 682 1021 706 et

229 729 296 752 tunc
312 725 426 753 veniens
440 725 509 753 offer
527 719 628 753 munus
642 730 731 753 tuum.
749 734 760 751 ι

264 771 361 798 Matth.
376 779 413 805 v1,
433 771 475 799 14.
492 787 527 792 ——
545 780 554 798 ι
573 771 602 799 Si
612 771 776 799 ditniseritis
788 771 948 799 hominibus
958 778 1022 806 pec-

229 822 290 846 cata
306 825 415 850 eorum,
430 818 550 846 dimittet
578 821 606 845 et
620 817 699 844 vobis
716 816 797 845 Pater
824 821 917 844 vester
936 816 1021 844 coele-

230 865 290 892 stis.
308 864 337 891 Si
355 868 447 892 autem
461 872 515 892 non
539 864 704 892 dimiseritis
721 863 881 891 hominibus
907 865 1022 897 peccata

230 917 339 942 eorum,
352 917 403 938 nec
420 910 501 938 l‘atcr
513 913 605 937 vester
619 909 742 936 dimittet
762 913 875 943 peccata
885 912 988 936 vestra.
1010 917 1019 934 I
1038 898 1059 926 Β

270 995 367 1022 Matth.
387 1002 465 1028 xvm,
480 993 577 1021 2l-35.
594 1008 629 1013 -—
651 1002 660 1020 ι
683 992 762 1021 Tunc
776 993 912 1021 accedens
922 993 1021 1020 Petrus

229 1043 300 1070 dixit
316 1041 461 1074 :Domine,
474 1041 583 1076 quoties
593 1040 721 1075 peccabit
736 1040 763 1067 in
780 1047 823 1067 me
838 1039 1020 1071 fratermeus.

230 1092 256 1115 et
271 1086 409 1115 dimittam
426 1086 470 1114 ei?
489 1093 578 1121 usque
608 1085 732 1121 septies?
766 1084 835 1113 dicit
862 1084 902 1112 illi
916 1081 998 1112 Iesus
1014 1093 1022 1112 :

228 1133 288 1161 Non
305 1133 368 1161 dico
385 1133 447 1167 tibi,
462 1139 550 1168 usque
565 1132 678 1167 septies,
703 1131 750 1160 sed
764 1139 854 1167 usque
866 1131 1024 1167 septuagies

230 1179 344 1214 septies.
357 1177 545 1205 Assimilatum
563 1181 607 1205 est
630 1183 746 1212 regnum
766 1177 902 1205 caelorum
918 1176 1023 1204 homini

231 1225 298 1259 regi,
313 1223 359 1259 qui
377 1224 466 1251 voluit
478 1224 613 1251 rationem
638 1230 743 1258 ponere
767 1230 832 1250 eum
851 1223 941 1250 servis
953 1222 1022 1250 suis.

230 1271 339 1298 Etcum
352 1270 483 1305 coepisset
501 1270 548 1297 ille
560 1270 697 1297 rationem
721 1276 835 1304 ponere,
853 1269 964 1297 oblatus
981 1272 1024 1296 est

229 1316 253 1343 ei
269 1323 353 1348 unus,
372 1315 419 1351 qui
433 1315 551 1342 debebat
565 1315 591 1342 ei
613 1313 709 1342 decem
725 1314 812 1341 millia
828 1315 941 1342 talenta.
955 1313 1023 1342 Cum

230 1365 321 1389 autem
341 1368 398 1388 non
410 1361 526 1388 haberet
541 1360 614 1388 unde
623 1360 760 1393 redderet,
770 1360 855 1395 jussit
863 1368 926 1388 eum
936 1360 1024 1388 domi-

230 1415 283 1434 nus
296 1406 358 1441 ejus
367 1406 542 1439 venumdari,
561 1409 590 1433 et
618 1412 735 1433 uxorem
749 1406 823 1440 ejus,
843 1408 871 1433 et
890 1405 970 1438 ﬁlios,
997 1409 1024 1434 et

231 1452 326 1479 omnia
343 1459 405 1487 quae
417 1451 553 1484 habebat,
581 1455 609 1479 ct
636 1451 725 1479 reddi.
759 1451 909 1479 Procidens
938 1452 1024 1487 igitur

231 1506 330 1526 servus
343 1497 477 1525 adorabat
496 1504 558 1524 eum
576 1497 671 1525 dicens
686 1506 692 1524 :
722 1497 847 1531 Domine,
864 1497 1023 1532 patientiam

232 1544 304 1572 habe
317 1544 345 1571 in
360 1551 414 1575 me,
424 1547 451 1571 et
466 1543 559 1570 omnia
572 1543 684 1571 reddam
705 1543 766 1571 tibi.
784 1543 913 1571 Misertus
929 1547 1023 1571 autem

232 1589 362 1618 dominus
375 1590 448 1618 servi
460 1589 547 1623 illius,
560 1589 666 1618 dimisit
679 1598 753 1623 eum,
762 1594 790 1618 et
803 1590 927 1618 debitum
941 1590 1023 1618 dimi-

232 1636 269 1663 sit
284 1636 320 1663 ei.
342 1635 477 1671 Egressus
492 1639 585 1663 autem
606 1643 702 1664 servus
717 1636 773 1668 ille,
805 1636 911 1663 invenit
936 1643 1022 1663 unum

231 1681 265 1707 de
278 1682 422 1709 conservis
435 1681 504 1713 suis,
524 1682 570 1716 qui
582 1681 700 1709 debebat
710 1682 735 1709 ei
753 1687 866 1709 centum
879 1682 1023 1715 denarios;

233 1730 261 1754 et
270 1731 366 1754 tenens
379 1725 616 1760 suﬁ’ocabateum,
633 1726 729 1755 dicens
742 1736 749 1755 :
763 1727 856 1755 Redde
866 1727 889 1755 si
899 1728 966 1762 quid
976 1727 1025 1754 de-

234 1774 292 1800 bes.
320 1772 471 1800 Ptoeidens
500 1773 586 1808 igitur
620 1780 771 1801 conservus
800 1773 860 1808 ejus
884 1772 918 1800 ad
941 1773 1024 1808 pedes

235 1818 333 1853 ipsius,
351 1819 468 1853 rogabat
482 1826 556 1850 eum,
581 1817 679 1846 dicens
698 1827 705 1845 :
721 1818 889 1846 Patientiam
909 1819 980 1846 habe
996 1819 1024 1846 in

235 1871 288 1896 me,
307 1868 334 1892 et
348 1865 443 1892 omnia
451 1864 565 1892 reddam
579 1864 641 1892 tibi.
669 1864 717 1892 Ille
746 1869 837 1892 autem
856 1865 960 1898 noluit;
976 1865 1024 1893 sed

235 1910 330 1938 abiens
342 1910 418 1938 misit
433 1919 495 1938 eum
512 1911 539 1938 in
548 1918 702 1944 carcerem,
721 1911 810 1939 donec
825 1910 953 1939 redderet
961 1911 1025 1938 uni-

235 1963 345 1984 versum
367 1956 501 1984 debitum.
529 1956 663 1984 Videutes
695 1960 788 1984 autem
811 1957 940 1984 conservi
967 1956 1027 1992 ejus

234 2009 297 2036 quae
309 2002 420 2036 ﬂebant,
435 2001 592 2030 contristati
606 2006 672 2030 sunt
687 2003 767 2030 valde
786 2011 792 2029 :
820 2006 848 2030 et
873 2007 1024 2035 venerunt.

235 2052 262 2074 (ιι
277 2054 461 2076 narraverunt
477 2048 590 2076 domino
601 2048 661 2084 ejus
681 2048 774 2076 omnia
788 2056 854 2084 qnze
877 2048 950 2076 facta
965 2048 1027 2077 fue-

236 2097 309 2121 rant.
327 2093 404 2122 Tunc
416 2102 521 2122 vocans
537 2094 615 2122 illum
639 2095 769 2122 dominus
792 2102 870 2127 suus,
901 2095 939 2122 ait
967 2095 1024 2122 illi:

236 2141 321 2168 Serve
333 2148 554 2176 nequani,omne
563 2141 685 2168 debitum
702 2141 769 2169 illud
783 2141 874 2169 dimisi
888 2141 947 2175 tibi,
960 2148 1029 2176 quo-

237 2187 309 2214 niam
328 2187 430 2221 rogasti
444 2194 488 2214 me
505 2196 511 2214 :
529 2195 621 2215 nonne
644 2187 769 2222 oportuit
795 2192 823 2214 et
847 2191 874 2215 te
900 2187 1027 2216 misereri

236 2232 363 2260 conservi
380 2232 432 2265 tul,
442 2232 513 2260 sicut
530 2238 557 2260 et
573 2239 624 2267 ego
638 2232 676 2259 tui
691 2233 822 2261 misertus
839 2241 910 2261 sum.
927 2232 960 2260 Et
971 2233 1028 2261 ira-

236 2285 281 2306 tus
296 2278 426 2306 dominus
441 2278 501 2312 ejus
526 2279 639 2306 tradidit
653 2278 729 2306 illum
744 2280 1027 2316 tortoribus,-quoad-

237 2332 326 2360 usque
357 2323 487 2351 redderet
513 2324 672 2352 universum
690 2325 822 2353 debitum.
842 2325 887 2353 Sic
910 2329 936 2353 et
947 2325 1028 2353 Pater

237 2379 314 2399 meus
330 2369 456 2398 caelestis
486 2369 568 2399 faciet
598 2371 696 2404 vobi,
725 2372 748 2400 si
776 2379 831 2400 non
863 2371 1027 2399 remiseritis

237 2417 428 2452 Iuniisqnisque
443 2416 521 2444 fratri
534 2424 586 2445 suo
600 2417 633 2445 de
646 2418 782 2447 cordibus
810 2418 914 2447 vestris
925 2417 1027 2446 delicta

235 2466 367 2499 ipsorum.
389 2473 400 2490 ι

267 2508 331 2536 Luc.
349 2516 417 2542 xm,
430 2510 457 2542 5,
468 2510 495 2537 6.
510 2525 544 2530 -
559 2518 569 2536 ι
586 2510 615 2537 Si
626 2509 751 2544 peccavit
762 2509 789 2536 in
803 2511 830 2536 te
844 2509 930 2537 frater
948 2513 1025 2542 tuus,

236 2556 347 2590 increpa
368 2555 445 2582 illum
461 2563 469 2582 :
486 2559 513 2584 ct
527 2556 549 2584 si
583 2555 774 2590 paenitentiam
804 2555 901 2590 egerit,
920 2555 1027 2584 dimitte

235 2604 269 2630 ei.
282 2603 315 2630 Et
326 2603 349 2631 si
366 2603 466 2638 septies
479 2602 507 2630 in
523 2602 568 2630 die
579 2603 738 2637 peccaverit
754 2602 781 2628 in
795 2605 832 2634 te,
844 2606 872 2630 et
884 2602 985 2637 septies
998 2602 1026 2630 in

235 2650 280 2676 die
295 2657 447 2677 conversus
466 2649 549 2676 fuerit
582 2649 615 2676 ad
638 2651 664 2676 te
689 2648 797 2681 dicens,
819 2648 939 2677 Pmnitct
968 2655 1026 2682 me,

236 2694 359 2723 dimittes
379 2695 429 2722 illi.
455 2705 463 2721 ι

272 2739 348 2766 Rom.
362 2748 425 2773 xxv,
443 2741 500 2769 1-5.
516 2755 553 2762 -
569 2751 578 2768 ι
599 2741 737 2769 Debemus
751 2748 800 2768 nos
829 2740 965 2768 ﬁrmiores
977 2741 1027 2768 im-

238 2784 401 2812 imcillitates
413 2787 585 2815 inﬁrmorum
599 2788 737 2815 sustinere
752 2791 779 2814 et
796 2794 850 2813 non
868 2786 948 2814 nobis
958 2786 1028 2821 ipsis

240 2830 361 2862 placere.
379 2829 577 2866 Unusquisch
591 2837 711 2860 vestrum
733 2833 766 2860 ad
791 2834 892 2860 bonum
920 2833 1028 2866 placeat

242 2871 275 2898 ad
289 2871 507 2901 aediﬁcationem.
522 2875 627 2903 Etenim
637 2877 764 2905 Christus
780 2885 834 2904 non
849 2877 898 2904 sibi
913 2878 1025 2913 placuit;

1069 264 1118 289 οὐκ
1127 263 1184 298 ἔχει
1196 262 1281 293 ἔλεος,
1294 261 1340 287 καὶ
1353 269 1386 287 πε
1392 259 1417 296 pl
1425 258 1570 295 ἁμαρτιῶν
1580 257 1662 284 αὐτοῦ
1675 257 1770 284 δεῖται.
1778 257 1864 288 Αὐτὸς

1070 308 1139 344 σὰρξ
1150 307 1198 340 ὢν,
1210 307 1334 342 διατηρεῖ
1346 306 1442 340 μῆνιν·
1457 303 1504 335 καὶ
1519 303 1560 335 τίς
1573 302 1703 335 ὲξελεῖται
1714 301 1765 333 τὰς
1776 302 1864 337 ἁμαρ-

1069 354 1128 384 τίας
1139 352 1239 386 αὐτοῦ;
1272 351 1409 387 μνήσθητι
1427 349 1461 376 τά
1490 348 1594 384 ἑσχατά
1614 356 1673 379 σου,
1696 347 1745 373 καὶ
1770 346 1863 381 παύσῃ

1070 398 1231 433 ἐχθραῐνων.
1245 396 1390 433 Μνήσθητι
1410 394 1536 428 ἐντολῶν,
1552 394 1600 421 καὶ
1626 393 1664 429 μὴ
1680 392 1799 429 μηνίσῃς
1824 392 1865 428 τῷ

1070 445 1194 480 πλησίον.
1209 453 1219 470 ι

1110 545 1119 561 ‹
1147 534 1209 562 Ἐὰν
1222 533 1382 570 προσφέρῃς
1393 532 1424 559 τὸ
1435 532 1521 567 δῶρόν
1535 539 1582 558 σου
1601 530 1648 557 hri.
1669 530 1700 556 τὸ
1714 528 1864 562 θυσιαστή-

1073 589 1140 617 ριον,
1154 581 1236 608 κὰγέῖ
1252 579 1375 615 μνησθῇς
1390 579 1431 605 ὅτι
1447 579 1461 605 ὁ
1472 577 1587 611 ἁδελφός
1609 584 1657 603 σου
1678 575 1734 611 εχει
1752 583 1780 601 τι
1794 574 1866 601 κατά

1071 636 1131 655 σου.
1144 628 1229 661 Ἀφες
1241 626 1275 653 τὸ
1281 625 1370 662 δῶρόν
1379 633 1428 652 σου
1438 623 1594 660 ἔμπροσθεν
1601 622 1651 649 τοῦ
1658 620 1866 655 θυσιαστηρίου,

1072 675 1118 701 καὶ
1135 674 1224 708 ὖπατε
1241 673 1362 709 πρῶτον,
1387 669 1550 705 διαλλάγηθι
1561 669 1602 704 τῷ
1616 667 1724 703 ἀδελφῷ
1740 675 1798 699 σου,
1819 666 1867 693 καὶ

1071 720 1133 747 τότε
1146 720 1231 747 ἐλθὼν
1246 719 1387 754 πρόσφερε
1400 718 1433 744 τὸ
1440 716 1528 752 δῶρόν
1539 723 1597 743 σου.
1617 724 1627 740 ι

1112 775 1122 791 ε
1132 764 1194 792 Ἐὰν
1210 764 1298 799 ἀφῆτε
1313 764 1370 794 τοῖς
1379 761 1538 797 ἀνθρώποις
1546 759 1582 786 τά
1592 757 1804 794 παραπτώματα
1818 757 1869 783 αὐ-

1072 803 1141 845 τῶν,
1155 811 1256 846 ἀφήσει
1271 809 1320 836 καὶ
1329 809 1394 844 ὑμῖν
1407 808 1421 834 ὁ
1435 807 1533 842 Πατὴρ
1551 805 1651 842 ὑμῶνὸ
1661 804 1795 840 οὐράνιος.
1806 802 1869 829 Ἐάν

1072 857 1102 884 δδ
1131 857 1170 892 μὴ
1209 855 1299 890 ἀφῆτε
1327 855 1385 886 τοῖς
1413 851 1570 888 ἀνθρώποις
1594 850 1630 878 τά
1654 847 1870 884 παραπτώματα

1073 902 1174 935 αὐτῶν,
1188 902 1248 929 οὐδὲ
1261 901 1275 927 ό
1288 899 1382 935 Πατὴρ
1397 899 1476 934 ὑμῶν
1487 898 1588 933 ἀφήσει
1607 896 1641 923 τὰ
1655 893 1869 930 παραπτώματα

1074 949 1166 985 ὑμῶν.
1180 957 1189 974 ι

1112 1005 1121 1021 ι
1133 994 1200 1022 Τότε
1209 993 1368 1030 προσελθὼν
1381 992 1507 1027 ὸΠέτρος
1519 988 1596 1017 εἶπεν
1607 998 1612 1003 ·
1624 986 1870 1028 Κύριεηπολλάκις

1075 1042 1116 1075 είς
1130 1042 1180 1078 ἐμὲ
1197 1040 1350 1077 ἁμαρτήσει
1371 1040 1385 1066 ὀ
1400 1037 1513 1072 ἀδελφός
1526 1045 1588 1072 μου,
1602 1035 1649 1062 καὶ
1664 1034 1764 1069 ἀφήσω
1777 1032 1869 1066 ait-np;

1074 1088 1126 1119 ἕως
1144 1087 1277 1120 ἑπτάκιςς
1293 1086 1375 1119 Λέγει
1391 1083 1466 1119 αὺτῷ
1484 1083 1499 1110 6
1519 1082 1624 1118 Ἰησοῦς
1637 1090 1643 1096 ”
1667 1080 1704 1108 Οὐ
1727 1079 1801 1113 λέγω
1816 1085 1869 1108 σοι.

1075 1134 1127 1166 ἕως
1137 1133 1262 1165 ἑπτάκις,
1272 1131 1330 1159 ἀλλ’
1338 1131 1392 1163 ’ἑως
1403 1128 1632 1165 ἑϐδομηκοντάκις
1644 1126 1725 1153 ἑπτά.
1735 1123 1870 1160 Ὡμοιώθη

1075 1180 1092 1215 ἡ
1109 1178 1233 1215 βασιλεία
1260 1178 1317 1204 τῶν
1335 1175 1462 1212 οὐρανῶν
1494 1174 1632 1210 ἀνθρώπῳ
1657 1171 1773 1207 βασιλεῖ,
1796 1170 1871 1201 ὅστις

1075 1226 1188 1260 ἐθέλησε
1217 1224 1332 1259 συνάραι
1358 1223 1438 1257 λόγον
1465 1221 1536 1256 μετὰ
1558 1220 1614 1247 τῶν
1643 1218 1744 1245 δούλων
1773 1215 1868 1243 αὑτοῦ.

1082 1270 1250 1307 Ἀρξαμένου
1259 1269 1288 1297 δὲ
1306 1268 1393 1296 αὐτοῦ
1420 1267 1571 1303 συναίρειν,
1600 1263 1776 1300 προτηνέχθη
1795 1261 1872 1307 αὐτῷ

1075 1306 1121 1349 εἷς
1131 1315 1274 1351 ὀφειλέτης
1285 1315 1391 1351 μυρίων
1405 1314 1555 1341 ταλάντων.
1568 1311 1616 1347 Μὴ
1631 1310 1740 1346 ἔχοντος
1752 1306 1871 1335 δὲαὺτοῦ

1074 1363 1233 1396 ἀποδοῦναι,
1247 1361 1391 1389 ἐκέλευσεν
1407 1359 1490 1388 αὐτὸν
1506 1360 1520 1386 ὁ
1533 1357 1636 1394 Κύριος
1660 1355 1746 1383 αὑτοῦ
1760 1353 1870 1390 πραθῆ-

1075 1419 1130 1442 ναι,
1147 1409 1195 1436 καὶ
1204 1409 1255 1444 τὴν
1269 1409 1388 1442 γυναῖκα
1404 1406 1490 1434 αὑτοῦ
1514 1405 1562 1432 καὶ
1584 1404 1619 1431 τὰ
1648 1403 1742 1435 τέκνα,
1766 1401 1813 1428 καῖ
1837 1400 1872 1427 τὰ

1075 1456 1166 1482 πάντα
1180 1455 1231 1482 ὅσα
1244 1452 1328 1489 εῖχεν,
1347 1454 1395 1480 καὶ
1407 1451 1586 1484 ἀποδοθῆναι.
1608 1448 1703 1476 Πεσὼν
1719 1444 1766 1475 οὖν
1780 1447 1794 1473 ὁ
1809 1446 1872 1472 δοῦ-

1075 1501 1131 1532 λος,
1143 1500 1309 1535 προσεκύνει
1320 1498 1406 1533 αὐτῷ,
1422 1497 1524 1532 λέγων·
1540 1496 1640 1530 Κύριε,
1658 1493 1873 1530 μακροθύμησον

1075 1548 1118 1574 ἐπ’
1134 1546 1207 1582 ἐμοὶ,
1224 1546 1271 1572 καὶ
1284 1546 1373 1572 πάντα
1395 1545 1437 1571 σοι
1450 1543 1593 1571 ἀποδώσω.
1611 1539 1826 1575 Σπλαγχνισοεὶς
1843 1537 1872 1564 δὲ

1075 1593 1089 1620 ὁ
1107 1592 1203 1628 κύριος
1212 1591 1258 1618 τοῦ
1271 1590 1366 1618 δούλου
1383 1590 1500 1621 ἐκείνου,
1515 1589 1650 1616 ἀπέλυσεν
1670 1586 1763 1619 αὐτὸν,
1780 1585 1828 1612 καὶ
1841 1584 1872 1610 τὺ

1074 1638 1178 1665 δάνειον
1195 1637 1302 1672 ἀφῆκεν
1317 1635 1402 1672 αὕτῷ.
1421 1634 1553 1669 Ἔξελθὼν
1570 1633 1599 1660 δὲ
1616 1634 1630 1660 ὀ
1643 1631 1737 1664 δοῦλος
1757 1631 1872 1662 ἐκεῖνος,

1075 1680 1214 1719 εὗρενὲνα
1237 1682 1293 1710 τῶν
1309 1681 1462 1709 συνδούλων
1487 1680 1583 1712 αὑτοῦ,
1608 1679 1637 1711 ὃς
1655 1679 1771 1712 ὠφειλεν
1795 1676 1873 1712 αὐτῷ

1076 1730 1175 1756 ἑκατὸν
1186 1729 1302 1764 δηνάρια
1312 1736 1319 1743 ⁵
1330 1728 1376 1755 καὶ
1385 1727 1529 1763 κρατήσας
1546 1725 1638 1759 αὐτδν,
1653 1725 1749 1758 έπνιγε
1770 1724 1870 1757 λέγων,

1075 1774 1173 1806 ἀπόδος
1187 1774 1214 1801 εἴ
1225 1783 1252 1801 τι
1265 1774 1394 1809 ὀφείλεις.
1409 1773 1506 1801 Πεσὼν
1520 1770 1567 1799 οὖν
1589 1774 1602 1799 ὁ
1619 1771 1763 1802 σύνδουλος
1784 1768 1868 1797 αὐτοῦ

1075 1822 1117 1854 εἰς
1123 1821 1185 1854 τοὺς
1193 1821 1278 1853 πόδας
1285 1820 1379 1853 αὐτοῦ,
1386 1820 1537 1856 παρεκάλει
1552 1819 1646 1851 αὑτοῦ,
1655 1818 1753 1853 λέγων
1762 1816 1868 1852 Μακρο-

1076 1867 1199 1902 θύμησον
1212 1867 1255 1893 ἐπ’
1265 1866 1338 1901 ἐμοὶ,
1356 1866 1403 1893 καὶ
1417 1865 1550 1892 ἀποδώσω
1563 1872 1614 1891 σοι.
1623 1864 1652 1891 '0
1664 1863 1693 1890 δὲ
1708 1862 1867 1898 οὕκὴθέλη-

1077 1921 1134 1948 σεν,
1165 1912 1234 1940 ἀλλὰ
1263 1912 1390 1939 ἀπελθὼν
1419 1912 1517 1939 ἔϐαλεν
1543 1912 1585 1943 εἰς
1614 1911 1750 1946 φυλακὴν,
1770 1911 1823 1941 ἕως
1836 1908 1872 1937 ἂν

1077 1960 1169 1995 ἀποδῷ
1192 1960 1247 1987 πᾶν
1264 1959 1293 1986 τὸ
1307 1959 1494 1994 ὀφειλόμενον.
1519 1957 1631 1988 Ἰδόντες
1650 1957 1678 1983 δὲ
1695 1958 1719 1983 οἱ
1733 1956 1872 1983 σύνδουλοι

1077 2005 1160 2031 αὐτοῦ
1174 2005 1208 2031 τά
1217 2004 1363 2040 γενόμενα,
1373 2003 1554 2040 ἐλυπήθησαν
1561 2003 1674 2039 σφοδρά,
1684 2003 1732 2029 καὶ
1748 2002 1872 2033 ἐλθόντες

1077 2051 1247 2087 διεσάφησαν
1273 2051 1312 2086 τῷ
1347 2050 1433 2087 κυρίῳ
1464 2050 1550 2078 αὐτοῦ
1566 2050 1656 2077 πάντα
1671 2049 1707 2076 τά
1723 2049 1869 2084 γενόμενα.

1078 2097 1146 2124 Τότε
1158 2096 1416 2133 προσκαλεσάμενος
1430 2097 1444 2123 ὁ
1460 2096 1556 2132 κύριος
1580 2095 1674 2129 αὑτοῦ,
1694 2096 1769 2130 λέγει
1784 2094 1870 2129 αὐτῷ·

1079 2143 1161 2170 Δοῦλε
1185 2143 1297 2179 πονηρὲ,
1328 2143 1420 2170 πᾶσαν
1445 2142 1558 2178 ὀφειλὴν
1579 2142 1689 2177 ἐκείνην
1704 2142 1800 2176 ἀφῆκά
1816 2149 1870 2174 σοι,

1079 2190 1141 2216 ἐπεὶ
1153 2189 1346 2225 παρεκάλεσας
1360 2189 1411 2225 ὲμέ
1424 2197 1431 2205 ·
1449 2189 1500 2215 οὒκ
1519 2188 1574 2216 ἔδει
1589 2188 1637 2215 καί
1649 2196 1679 2214 σε
1694 2187 1805 2222 ἐλεῆσαι
1823 2187 1872 2213 τὸν

1044 2240 1066 2268 ι)
1082 2235 1234 2267 σύνδουλον,
1246 2234 1284 2266 ὡς
1301 2235 1348 2262 καὶ
1376 2234 1433 2269 ἐγώ
1449 2242 1478 2261 σε
1502 2234 1620 2270 ὲλέησας
1634 2233 1692 2260 Καὶ
1707 2233 1845 2268 ὀργισθεὶς
1858 2234 1872 2259 ὀ

1080 2282 1174 2318 κύριος
1194 2281 1288 2313 αὐτοῦ,
1311 2281 1470 2317 παρέδωκεν
1494 2281 1577 2308 αὐτὸν
1603 2282 1660 2312 τοῖς
1683 2279 1870 2315 βασανισταῖς,

1078 2329 1131 2361 ἕως
1145 2325 1176 2356 οὗ
1199 2327 1292 2363 ἀποδῷ
1316 2326 1391 2363 αὐτῷ
1406 2327 1461 2354 πᾶν
1475 2327 1506 2354 τὸ
1524 2326 1700 2362 ὀφειλόμενον
1713 2325 1798 2360 αὐτῷ.
1818 2324 1871 2350 Οὕ-

1078 2384 1132 2406 τως
1149 2375 1196 2402 καὶ
1211 2374 1336 2411 ὁἨατὴρ
1370 2373 1449 2409 ὑμῶν
1476 2374 1490 2401 ὑ
1521 2373 1649 2409 οὐράνιος
1667 2373 1777 2408 ποιήσει
1792 2371 1869 2407 ὑμῖν,

1079 2422 1126 2449 ἐὰν
1144 2421 1180 2457 μὴ
1201 2421 1290 2456 ἀφῆτε
1317 2420 1434 2452 ἕκαστος
1455 2420 1495 2456 τῷ
1509 2418 1618 2455 ἀδελφῷ
1637 2418 1721 2447 αὐτοῦ
1741 2418 1797 2446 ἀπὸ
1814 2418 1870 2445 «Iw

1079 2467 1197 2504 καρδιῶν
1208 2467 1286 2503 ὑμῶν
1296 2467 1331 2494 τὰ
1346 2466 1560 2503 παραπτώματα
1568 2465 1668 2493 αὐτῶν,
1684 2474 1694 2491 ι

1116 2524 1125 2540 ι
1151 2514 1216 2541 Ἐὰν
1229 2513 1340 2549 ⁵ίιμάρτῃ
1354 2513 1369 2539 ὁ
1388 2512 1504 2548 ἁδελφός
1520 2521 1579 2543 σου,
1594 2512 1761 2548 ἐπιτίμησον
1776 2511 1868 2547 αὖτῷ”

1079 2561 1126 2587 κοιλ¹
1139 2560 1187 2586 ἐὰν
1204 2559 1370 2595 μετανοήσῃ,
1401 2559 1469 2593 ἄφες
1493 2557 1579 2592 αὐτῷ.
1606 2557 1662 2584 Καὶ
1686 2556 1733 2584 ἐὰν
1753 2557 1870 2589 ἑπτάκις

1077 2606 1127 2642 τῆς
1139 2606 1246 2642 ἡμέρας
1262 2606 1411 2642 ἁμαρτήσῃ
1425 2605 1465 2636 εἷς
1479 2612 1519 2638 σε,
1534 2605 1583 2631 καὶ
1601 2603 1717 2635 ἑπτάκις
1730 2604 1781 2639 τῆς
1799 2603 1870 2639 ήμέ-

1080 2661 1130 2688 ρας
1146 2653 1311 2689 ἐπιστρέψῃ,
1332 2653 1430 2687 λέγωψ
1450 2651 1591 2684 Μετανοῶ,
1616 2651 1734 2686 ἀφήσεις
1749 2649 1833 2685 αὐτῷ.
1857 2659 1867 2676 ι

1116 2751 1125 2768 ι
1153 2741 1313 2777 Ὀφείλομεν
1339 2743 1420 2777 ἡμεῖς
1449 2742 1474 2768 οἱ
1499 2741 1608 2768 δυνατοὶ
1632 2740 1666 2768 τὰ
1691 2740 1871 2775 ἀσθενήματα

1077 2787 1132 2814 τῶν
1147 2787 1286 2815 ἀδυνάτων
1301 2788 1458 2823 βαστάζειν,
1482 2787 1529 2814 καὶ
1546 2786 1584 2822 μὴ
1601 2786 1708 2817 ἑαυτοῖς
1726 2786 1868 2821 ἀρέσκειν.

1079 2833 1214 2865 ’Ἕκαστος
1229 2833 1307 2869 ὑμῶν
1318 2832 1357 2869 τῷ
1368 2833 1481 2869 πλησίον
1495 2832 1637 2869 ἀρεσκέτω
1659 2832 1700 2863 εἰς
1712 2831 1743 2857 τὸ
1753 2831 1869 2866 ἀγαθὸν,

1080 2880 1145 2914 πρτις
1161 2880 1313 2914 οἰκοδομήν.
1330 2880 1384 2907 Καὶ
1400 2880 1451 2915 γὰρ
1467 2881 1480 2906 ὁ
1493 2879 1609 2915 Χριστὸς
1631 2877 1679 2914 οὐχ
1702 2875 1792 2913 ἐαυτῷ
1803 2876 1870 2913 ἡρε-
