2080 3111
243 153 312 186 1145

861 156 981 186 SACRA
1004 156 1220 186 PARALLELA

1799 153 1867 186 1H6

242 210 333 241 αὐτοῖς
345 209 426 244 ἡμεῖς
453 209 638 246 ἐργασώμεθα
666 209 761 248 διακόν.
781 209 867 236 Ὅταν
884 210 969 245 λάϐῃς
983 209 1024 235 τδι

1082 210 1146 237 mali
1165 210 1199 237 ab
1216 209 1338 237 inimicis
1358 209 1507 244 patiamur.
1530 209 1577 238 sed
1594 212 1624 236 ut
1637 208 1712 236 nullo
1732 215 1778 237 eos
1795 212 1869 237 maio

241 255 339 290 ἐχθρόν
354 263 402 281 σου
421 255 459 286 είς
477 255 526 287 τὰς
541 256 635 290 χεῖρας
650 255 699 286 τὰς
713 254 773 288 σὰς,
790 255 827 290 μὴ
844 254 939 281 σκόπει
953 255 1027 286 ὅπως

241 300 323 327 αὐτὸν
335 299 521 335 ἀμυνάμενος,
546 300 594 327 καὶ
618 300 729 336 μυρίαις
757 299 862 332 πλύνας
882 299 1027 335 λοιδορίαις

241 345 396 381 ἐκπέμψῃς,
410 345 467 372 ἀλλ’
482 345 555 377 ὅπως
576 345 758 381 ὲπαναγάγης
772 345 841 381 πρὸς
859 345 1026 372 ὲπιείκειανν

242 393 290 418 καὶ
312 392 350 427 μὴ
378 393 511 428 πρότερον
536 392 669 427 ἀποστῇς,
689 392 742 425 ἕως
773 393 807 421 ἂν
831 392 965 428 περιγένῃ
992 394 1027 429 ’.ᾖ

242 438 376 474 πραότητι
390 437 441 472 τῆς
458 437 599 473 ὠμότητος
611 439 660 473 τῆς
671 437 787 465 ἐκείνου.

275 483 343 510 Τότε
363 483 472 518 μείζους
485 483 561 519 παρὰ
571 483 619 510 τοῦ
635 483 693 518 βίου
714 483 851 511 κείσονται
867 483 1026 517 ἀντιδόσεις,

241 529 307 556 ὃταν
318 529 403 565 μυρία
418 529 481 560 τοὺς
492 528 607 565 ἐχθροὺς
618 529 709 564 ἀγαθὰ
725 530 897 566 ποιήσαντες,
916 530 1028 558 τούναν-

242 576 288 603 τία
304 575 546 610 ὰνταπολάσωμεν.

278 661 364 689 Ὅταν
376 661 549 697 ἐννοήσωμεν
565 661 638 697 ἅπερ
650 661 787 698 ἐπάθομεν
802 662 878 698 παρὰ
893 662 947 690 τῶν
962 671 1026 690 συν-

241 706 353 740 δούλων,
365 706 537 743 λογισώμεθα
548 707 620 743 ἆπερ
632 708 803 743 ἐποιήσαμεν
816 709 856 740 εἰς
867 708 914 735 τὸν
925 709 1027 735 Δεσπό-

242 762 304 789 την,
318 754 364 781 καὶ
381 753 420 788 τῷ
448 753 525 788 φόϐῳ
544 753 599 780 τῶν
615 753 724 780 οἰκείων
746 753 953 789 ἁμαρτημάτων
980 753 1027 780 τὸν

243 798 327 834 θυμὸν
346 798 393 826 ἐπὶ
416 800 473 830 τοῖς
492 798 645 834 ἀλλοτρίοις
676 797 896 834 πλημμελήμασι
922 798 1027 834 ταχέως

241 843 405 873 ἀπώσασθαι
417 844 599 881 δυνησόμεθα.
612 844 704 880 Εῑγάρ
715 844 757 871 δεῖ
767 845 921 880 μεμνῆσθαι
937 846 1028 882 ἀμαρ-

241 891 384 926 τημάτων,
396 889 451 918 τῶν
475 877 591 918 ὀἱιίείων
612 877 662 917 δεῖ.
680 877 837 926 μεμνῆσθαι
851 877 941 927 ’μόνον
952 877 963 908 ι’
975 877 1027 919 κᾶν
1041 877 1064 909 Β

240 935 295 962 τῶν
324 935 433 962 οἰκείων
465 936 717 972 μνημονεύσωμεν,
741 936 869 964 οὐδέποτε
897 936 1029 973 ἀλλότρια

241 981 332 1016 λογιού
336 981 386 1017 μεθ
390 989 418 1009 α.

275 1090 290 1111 ³
310 1090 374 1119 Ἐὰν
388 1089 454 1126 ἔχῃς
465 1099 492 1118 τι
500 1091 573 1118 κατὰ
587 1091 636 1118 τοῦ
650 1091 761 1127 ἐχθροῦ,
774 1092 849 1126 ἐξελε
858 1092 909 1128 τὴν
924 1093 1024 1129 λύπην,

241 1136 409 1171 θεράπευσον
424 1136 473 1171 τὴν
484 1136 580 1172 ὀργὴν,
592 1136 673 1163 λῦσον
683 1137 733 1173 τὴν
749 1137 862 1174 ἔχθραν,
878 1138 922 1164 ἵνα
939 1138 1025 1174 λάϐῃς

240 1182 390 1217 θεραπείαν
416 1181 471 1208 ἀπὸ
501 1183 551 1217 τῆς
580 1182 732 1218 τραπέζης.
767 1183 854 1219 Θυσίᾳ
884 1183 1025 1220 προσέρχῃ

240 1228 342 1262 φρικτῇ
357 1227 404 1254 καὶ
413 1227 489 1263 ἁγίᾳ,
515 1227 655 1263 αἰδέσθητι
666 1228 716 1263 τὴν
737 1229 866 1256 ὑπόθεσιν
874 1229 959 1265 αὐτῆς
974 1230 1024 1265 τῆς

240 1274 407 1309 προσφορᾶς.
425 1273 613 1309 Ἐσφαγμένος
628 1273 772 1305 πρόκειται
788 1275 803 1301 ὁ
824 1275 940 1310 Χριστός
950 1284 958 1290 ·
975 1275 1024 1303 καὶ

238 1319 311 1351 τίνος
325 1318 419 1346 ἕνεκεν
433 1318 541 1354 ἐσφάγη
555 1327 563 1352 ;
580 1320 628 1346 καὶ
643 1319 687 1346 διὰ
703 1319 745 1353 τίς
755 1320 814 1347 Ἵνα
828 1320 1024 1356 είρηνοποιήσῃ

239 1363 274 1390 τὰ
288 1364 318 1390 ὲν
331 1363 370 1398 τῷ
385 1363 494 1399 οὐρανῷ
508 1364 556 1391 καὶ
573 1364 608 1391 τὰ
621 1364 669 1391 ἐπὶ
678 1364 727 1399 τῆς
742 1364 804 1400 γῆς·
821 1364 865 1392 ἵνα
880 1365 926 1392 καὶ
939 1365 1024 1400 ἀγγέ-

240 1407 295 1440 λοις
304 1408 334 1435 σὲ
345 1408 445 1445 ποιήσῃ
457 1408 544 1444 φίλον.

1078 255 1236 283 multcmus.
1255 254 1323 282 Cum
1342 255 1450 283 hostem
1468 259 1546 282 tuum
1558 255 1586 282 in
1611 257 1773 290 potestatem
1790 258 1865 281 tuam

1078 301 1230 336 redegeris,
1246 308 1301 328 non
1326 300 1353 327 id
1377 308 1437 334 age,
1454 306 1483 328 ut
1501 308 1563 328 eum
1579 301 1653 327 male
1670 304 1822 336 acceptum,
1840 305 1867 327 et

1078 347 1220 375 sexcentis
1246 346 1404 374 maledictis
1429 353 1575 382 aspersum
1597 346 1734 379 dimittas,
1758 347 1805 374 sed
1832 347 1865 373 ad

1078 393 1220 422 lenitatem
1239 393 1360 421 reducas
1375 402 1382 421 :
1396 401 1447 420 nec
1466 396 1532 420 ante
1549 392 1666 424 absiste,
1683 399 1766 427 quam
1783 399 1866 419 mau-

1076 439 1225 467 suetudine
1242 442 1290 466 tua
1311 438 1447 467 stevitiam
1470 437 1560 472 ipsius
1576 437 1690 465 viceris.

1112 481 1211 515 Ejusd.
1235 498 1271 503 —
1286 482 1356 510 Tum
1376 483 1487 511 demum
1521 482 1610 517 major
1638 489 1653 508 a
1680 481 1735 509 Deo
1759 489 1864 510 merces

1077 528 1158 556 nobis
1176 528 1357 563 rependetur,
1375 536 1438 556 cum
1463 528 1499 555 ab
1523 527 1658 560 inimicis,
1673 535 1742 562 quos
1763 527 1865 554 beneﬂ-

1077 573 1129 602 ciis
1153 574 1313 602 innumeris
1339 573 1514 607 auxerimus,
1550 573 1692 601 contraria
1725 575 1864 608 ret-cperi-

1076 627 1151 647 mus.
1673 620 1679 625 "

1112 663 1209 699 Ejusd.
1235 663 1307 696 Quid
1327 663 1354 690 in
1374 663 1475 698 injuria
1499 662 1680 698 spectandum.
1697 663 1810 691 —-Cum
1836 663 1863 690 in

1075 714 1197 738 mentem
1215 709 1332 744 venerit,
1356 709 1424 745 quid
1446 709 1613 744 iniuriarum
1626 716 1642 736 a
1659 709 1804 736 conservis
1819 716 1864 736 ae-

1077 757 1248 792 ceperimus,
1274 755 1486 783 consideremus
1516 755 1600 782 ctiam
1632 754 1698 790 quid
1729 754 1864 782 adversus

1076 801 1222 830 Dominum
1238 801 1442 829 commisimus.
1459 800 1499 828 ita
1512 801 1570 832 liet,
1589 804 1620 828 ut
1631 804 1789 828 nostrorum
1801 807 1863 835 pec-

1077 853 1204 877 catorum
1229 851 1305 876 metu
1329 847 1503 875 iracundiam
1519 848 1554 875 ob
1569 847 1658 875 aliena
1673 846 1772 874 delicta
1794 854 1863 874 con-

1078 899 1186 930 ceptam
1202 893 1260 921 cito
1279 893 1480 928 propellamus.
1498 891 1564 919 Nam
1591 892 1613 921 si
1636 896 1748 928 peccata
1765 892 1792 919 in
1805 899 1863 919 me-

1078 938 1165 966 moria
1180 937 1284 966 habere
1295 940 1413 972 oportet,
1427 941 1587 964 nostrorum
1603 937 1740 964 duntaxat
1755 935 1863 963 incum-

1077 983 1118 1011 bit
1132 982 1305 1011 meminisse.
1322 981 1351 1009 Si
1370 985 1531 1008 nostrorum
1550 979 1771 1012 meminerimus,
1790 987 1862 1007 nun-

1076 1036 1160 1065 quam
1177 1028 1266 1056 aliena
1278 1027 1522 1062 percensebimus-

1111 1085 1209 1120 Ejusd.
1222 1085 1302 1112 llam.
1321 1085 1355 1112 de
1365 1084 1442 1120 prod.
1455 1084 1545 1111 Judw.
1557 1098 1592 1104 —
1604 1083 1633 1110 Si
1652 1083 1783 1111 adversus
1808 1083 1862 1111 ini-

1075 1132 1175 1160 micum
1184 1131 1347 1160 offensionis
1363 1131 1450 1159 habes
1468 1131 1584 1166 aliquid,
1600 1129 1690 1158 exime
1703 1137 1861 1163 niteret-em,

1075 1177 1245 1206 iracundiam
1258 1177 1335 1210 seda,
1347 1177 1500 1212 comprime
1512 1176 1700 1209 inimicitiam,
1712 1181 1768 1202 uta
1782 1183 1860 1203 saera

1075 1234 1171 1255 mensa
1193 1226 1359 1254 medicinam
1387 1232 1494 1253 sumas.
1519 1223 1562 1251 Ad
1594 1223 1767 1251 tremendum
1796 1230 1862 1250 san-

1074 1277 1206 1308 ctumque
1219 1272 1388 1301 sacriﬁcium
1404 1270 1513 1298 accedis
1532 1279 1539 1298 :
1553 1269 1621 1298 illud
1642 1270 1717 1304 quod
1734 1269 1859 1302 offertur,

1074 1325 1214 1347 reverere.
1240 1317 1380 1345 Mactatus
1405 1316 1535 1343 Christus
1566 1316 1731 1350 proponitur
1756 1324 1763 1342 :
1792 1315 1860 1349 quid

1074 1372 1156 1401 porro
1174 1372 1265 1392 causa:
1286 1367 1341 1396 est,
1365 1362 1547 1398 quamobrem
1571 1361 1608 1389 sit
1627 1361 1784 1388 mactatus?
1806 1360 1859 1387 Ec-

1073 1418 1134 1444 cur,
1150 1410 1285 1446 inquam?
1298 1409 1448 1439 Nimirum.
1464 1413 1494 1435 ut
1505 1415 1567 1442 quae
1582 1407 1610 1434 in
1627 1407 1698 1434 cmlo
1715 1410 1742 1433 ct
1757 1413 1817 1441 qua:
1831 1406 1858 1433 in

1073 1460 1147 1484 terra
1170 1459 1254 1488 sunt,
1278 1454 1426 1490 paciﬂcet,
1453 1453 1559 1488 tibique
1582 1451 1743 1488 angelorum
1765 1451 1860 1478 altrici-

1074 1502 1140 1530 tiam
1151 1501 1291 1529 conciliet.

272 1550 375 1585 Μηδεὶς
391 1550 480 1577 τοίνυν
494 1549 564 1577 ἔστω
592 1550 703 1583 Ἰούδας,
725 1551 819 1586 μηδεὶς
833 1552 964 1588 πονηρίας
975 1552 1022 1586 γέ-

1109 1558 1188 1594 331
1209 1555 1345 1592 Ejusdem.
1361 1571 1395 1576 —
1411 1554 1511 1582 Nullus
1525 1553 1610 1590 igitur
1637 1552 1721 1581 ludas
1738 1552 1859 1588 reperia-

239 1604 309 1632 μων,
324 1595 418 1631 μηδεὶς
429 1595 498 1631 ἔχων
513 1596 552 1623 ἰὸν
577 1596 607 1623 ὲν
619 1597 654 1631 τῇ
673 1596 789 1632 διανοίᾳ,
813 1597 852 1633 μὴ
875 1598 916 1630 είς
935 1599 1021 1627 ita-rd-

237 1650 328 1678 κρισιν
341 1641 422 1678 λάϐῃ.
433 1642 488 1669 Καὶ
500 1642 555 1678 γὰρ
567 1642 629 1670 τότε
646 1643 716 1678 μετὰ
724 1642 755 1670 τὸ
769 1643 863 1671 λαϐεῖν
874 1644 924 1680 τὴν
937 1653 1022 1681 προσ-

236 1687 333 1723 φορὰν,
366 1688 502 1715 ἐπέπεσεν
526 1688 566 1724 τῷ
599 1688 685 1724 Ἰούδᾳ.
702 1690 717 1715 ὁ
748 1688 888 1722 διάϐολος·
913 1690 946 1716 οὐ
973 1690 1021 1718 ¹σοῦ

237 1732 364 1769 σώματος
388 1734 567 1769 καταφρονῶν
588 1733 636 1761 τοῦ
661 1734 846 1768 Δεσποτικοῦ,
877 1735 945 1763 ἀλλὰ
971 1737 1022 1772 τῆς

235 1778 437 1814 ἀναισχυντίας,
455 1780 596 1816 ὲπιπηδῶν
616 1779 666 1807 τοῦ
689 1780 789 1814 Ἰούδα,
813 1782 858 1809 ἵνα
878 1782 1020 1818 μάθωμεν,

236 1825 278 1852 ὅτι
294 1825 352 1857 τοῖς
366 1825 484 1858 ἀναξίως
509 1826 654 1862 μετέχουσι
678 1827 734 1854 τῶν
751 1827 832 1855 θείων
850 1828 1019 1864 μυστηρίων,

235 1870 341 1902 sorites;
356 1870 478 1906 μάλιστα
494 1872 615 1908 ὶπιπηδᾷ
632 1872 682 1901 καὶ
707 1873 845 1900 ιπιῦαίνει
866 1874 987 1909 συνεχῶς
1005 1875 1022 1901 ό

235 1915 367 1949 διάϐολος,
380 1911 474 1952 ὥσπερ
485 1916 526 1953 τῷ
549 1917 634 1954 Ἰούδᾳ
654 1918 728 1946 τότε.
744 1919 777 1945 At
798 1919 855 1955 γὰρ
866 1920 945 1954 τιμαὶ
957 1920 1021 1952 τοὺς

236 1960 329 1994 ἀξίους
342 1961 511 1996 ὠφελοῦσιν·
528 1963 593 1995 τοὺς
606 1962 635 1989 δὲ
653 1963 730 1999 παρὰ
743 1963 794 1999 τὴν
814 1963 892 1996 ἀξίαν
916 1965 1021 1992 ἀπολα-

237 2007 346 2040 ϐόντας,
380 2007 421 2040 είς
443 2008 556 2044 μείζονα
585 2010 722 2045 τιμωρίαν
752 2009 942 2044 ιμσὰλλουσιν.
965 2011 1021 2038 Καὶ

236 2053 324 2081 ταῦτα
347 2053 431 2089 λέγω,
458 2055 508 2090 οὐχ
533 2055 576 2083 ἵνα
599 2055 721 2091 φοϐήσω,
748 2055 806 2083 ἀλλ’
830 2056 874 2084 ἵνα
903 2057 1020 2092 ἀσφαλί-

237 2109 340 2136 σωμαι.

271 2157 312 2184 Σὺ
323 2157 362 2193 τῷ
386 2157 522 2193 συνδούλῳ
543 2158 634 2194 μένεις
652 2158 814 2194 ὲχθραίνων,
833 2159 881 2187 καὶ
900 2159 958 2192 πῶς
974 2160 1021 2187 δυ-

237 2203 305 2238 νήσῃ
327 2203 446 2238 βαδίζειν
461 2204 508 2230 ὲπὶ
522 2204 572 2240 τὴν
586 2204 636 2239 τῆς
658 2205 770 2240 εἰρήνης
788 2205 947 2241 τράπεζαν;
964 2206 1018 2233 Καὶ
1033 2220 1057 2248 D

237 2249 290 2284 γὰρ
302 2249 317 2276 ὁ
329 2249 446 2284 Χριστὸς
459 2249 520 2277 οὐδὲ
528 2250 676 2278 ἀποθανεῖν
685 2251 756 2287 ὑπὲρ
770 2251 817 2278 σοῦ
829 2253 1018 2289 παρῃτήσατο,

237 2295 269 2322 σὺ
282 2294 311 2321 δὲ
327 2295 388 2322 οὐδὲ
401 2295 486 2331 ὀργὴν
507 2295 616 2331 ἀφιέναι
630 2297 669 2332 τῷ
695 2297 830 2333 συνδούλῳ
844 2298 889 2324 διὰ
909 2298 1022 2325 σεαυτὸν

235 2341 330 2376 ἀνέχῃ.
363 2340 516 2377 Ἐπηρὲασε
549 2342 621 2377 γὰρ,
660 2342 746 2377 φησὶ,
770 2342 818 2369 καὶ
843 2342 879 2369 τὰ
905 2342 1023 2377 μέγιστα

235 2386 465 2423 ἐπλεονέκτησεν,
491 2388 548 2415 Καὶ
567 2388 595 2415 τί
619 2388 716 2421 τοῦτο;
741 2388 782 2421 είς
798 2388 927 2423 χρήματα
940 2388 1022 2423 ἠζη-

237 2432 284 2466 μία
297 2441 304 2448 ·
320 2433 427 2460 οὐδέπω
441 2433 609 2469 ἐσταύρωσε,
636 2433 763 2469 καθάπερ
790 2434 836 2461 τὸν
855 2433 974 2469 Χριστὸν
995 2434 1020 2461 οε

241 2477 363 2504 Ἰουδαῖοι
372 2487 379 2494 ·
386 2478 445 2505 ἀλλ’
455 2480 532 2514 ὅμως
542 2479 590 2506 καὶ
600 2479 667 2506 αὐτὸ
676 2479 707 2506 τὸ
720 2477 801 2515 αἷμα.
816 2480 885 2515 ὅπερ
899 2479 1019 2515 ἐξέχεεν,

236 2523 276 2554 είς
295 2523 432 2559 σωτηρίαν
450 2526 507 2556 τοῖς
533 2525 662 2560 ἑκχὲασιν
679 2524 790 2552 ἔδωκεν.
811 2524 845 2552 Τί
862 2525 949 2561 τούτῳ
963 2525 1021 2553 ῐσον

236 2567 308 2602 ἔχεις
324 2568 428 2602 είπεϊν;
451 2569 515 2596 Ἐὰν
535 2570 573 2605 μὴ
587 2569 660 2605 ἀφῇς
675 2570 714 2605 τῷ
736 2570 836 2606 ἐχθρῷ,
852 2571 902 2598 οὐκ
915 2571 1020 2598 ἐκεῖνον

235 2612 371 2648 ἠδίκησας
397 2614 508 2648 μᾶλλον,
523 2615 540 2650 ἢ
563 2615 671 2642 σαυτόν.
705 2616 824 2643 Ἐκεῖνον
844 2617 894 2652 μὲν
910 2616 965 2653 γὰρ
980 2618 1020 2650 εἰς

236 2659 282 2686 τδν
301 2659 422 2695 παρόντα
434 2660 491 2695 βίον
511 2661 695 2697 παρέδλεψας,
711 2662 810 2690 ἑαυτὸν
824 2663 852 2690 δὲ
877 2664 1019 2698 ἀσύγγνω-

237 2712 301 2731 στον
316 2704 448 2740 ἐποίησας
465 2705 534 2740 πρὸς
549 2705 598 2740 τὴν
614 2706 762 2740 ἀπολογίαν
776 2706 826 2742 τὴν
841 2707 881 2739 εἰς
893 2709 943 2743 τὴν
955 2708 1019 2744 μέλ-

237 2749 335 2778 λουσαν
363 2750 481 2786 ἡμέραν.
500 2750 584 2778 οὐδὲν
606 2751 661 2786 γὰρ
688 2751 760 2778 οὕτω
779 2753 879 2787 μισεῖό
898 2753 974 2787 Θεὸς,
984 2753 1022 2785 ὦς

1074 1609 1137 1637 tur;
1155 1603 1247 1630 nullus
1261 1600 1449 1637 improbitatis
1464 1600 1583 1634 plenus;
1610 1599 1702 1626 nullus
1718 1598 1766 1633 qui
1780 1597 1858 1625 virus

1073 1647 1166 1676 animo
1183 1647 1323 1675 conditum
1352 1645 1452 1674 habeat
1468 1654 1476 1672 :
1497 1652 1531 1672 ne
1550 1644 1578 1672 in
1600 1643 1857 1672 condemnationem

1073 1694 1201 1729 accipiat.
1221 1692 1301 1720 Tunc
1313 1692 1387 1720 enim
1398 1695 1546 1728 postquam
1558 1690 1663 1726 accepit
1678 1689 1858 1726 oblationem,

1072 1739 1198 1768 diabolus
1211 1738 1238 1766 in
1248 1737 1349 1766 ludam
1367 1737 1470 1766 decidit
1485 1745 1492 1764 :
1513 1743 1568 1763 non
1587 1735 1660 1771 quod
1674 1735 1781 1763 Domini
1796 1742 1858 1762 cor-

1071 1793 1124 1820 pus
1135 1787 1334 1816 contemneret,
1350 1782 1397 1811 sed
1411 1785 1442 1809 ut
1452 1781 1630 1817 impudentia:
1645 1780 1723 1808 ludas
1737 1780 1857 1808 insulta-

1072 1835 1124 1859 ret.
1137 1829 1173 1859 Ut
1188 1829 1374 1865 intelligamus
1388 1827 1528 1856 diabolum
1547 1826 1575 1854 in
1590 1834 1639 1855 eos
1652 1826 1802 1861 praesertim
1819 1826 1858 1853 in-
1890 1823 1894 1833 ‘

1071 1877 1161 1908 silire,
1191 1876 1239 1911 qui
1267 1875 1360 1903 divina
1390 1873 1521 1910 mysteria
1544 1872 1656 1908 indigne
1685 1871 1856 1907 percipiunt;

1073 1920 1302 1957 quemadmodum
1317 1924 1385 1948 tunc
1404 1919 1432 1946 in
1442 1917 1552 1946 Iudam.
1569 1917 1711 1952 Siquidem
1729 1920 1759 1944 ut
1768 1916 1857 1944 hono-

1072 1974 1117 1995 res
1131 1967 1166 1994 iis
1182 1966 1229 2002 qui
1243 1965 1318 2001 digni
1333 1969 1398 1993 sunt
1414 1964 1562 1992 utilitatem
1576 1963 1695 1991 afferunt
1711 1971 1719 1988 :
1734 1962 1775 1989 sic
1787 1970 1855 1989 con-

1072 2015 1114 2039 tra
1126 2011 1188 2039 illos
1200 2010 1373 2045 quiindigne
1385 2013 1512 2041 smnunl,
1542 2008 1570 2036 in
1593 2007 1725 2042 maiorem
1746 2007 1857 2034 crucia-

1072 2061 1129 2084 tum
1146 2055 1308 2090 conjiciunt.
1321 2055 1383 2082 Haec
1396 2062 1480 2090 porro
1495 2061 1548 2081 non
1559 2061 1593 2081 eo
1608 2060 1624 2080 a
1644 2061 1687 2081 me
1714 2053 1857 2086 dicuntur,

1071 2107 1102 2131 ut
1114 2108 1248 2131 terrorem
1266 2101 1412 2134 incutiam,
1444 2100 1492 2129 sed
1519 2103 1551 2128 ut
1575 2099 1713 2128 cautiores
1732 2099 1856 2128 reddam.

1108 2159 1179 2188 Ibid.
1192 2174 1227 2181 —
1240 2159 1308 2187 Cum
1322 2162 1352 2186 tu
1371 2157 1502 2186 infestum
1515 2157 1543 2185 in
1572 2163 1739 2186 conservum
1763 2156 1856 2184 odium

1071 2206 1204 2237 retineas,
1220 2212 1338 2240 quonam
1353 2205 1434 2240 pacto
1446 2203 1481 2231 ad
1493 2210 1616 2231 mensam
1632 2203 1709 2238 pacis
1723 2210 1809 2238 queas
1817 2210 1860 2230 ac-

1070 2251 1188 2281 cedere?
1200 2251 1309 2280 Etenim
1322 2250 1450 2279 Christus
1473 2257 1508 2278 ne
1527 2253 1645 2276 mortem
1672 2248 1783 2284 quidem
1810 2255 1860 2283 pro

1071 2302 1099 2326 te
1112 2301 1244 2334 oppetere
1263 2296 1403 2326 recusavit
1428 2305 1436 2324 :
1462 2300 1492 2324 tu
1511 2303 1578 2323 vero
1604 2302 1640 2323 ne
1671 2298 1717 2322 tua
1746 2295 1858 2329 quidem

1069 2350 1155 2371 causa
1172 2343 1241 2370 iram
1256 2350 1391 2371 conservo
1416 2341 1558 2370 remittere
1583 2341 1718 2369 sustines.
1742 2340 1788 2372 Δι,
1817 2339 1859 2366 iu-

1069 2388 1145 2422 quis,
1161 2387 1228 2416 milii
1257 2386 1413 2420 insultavit,
1434 2386 1661 2422 gravissimisque
1684 2383 1858 2412 detrimentis

1069 2433 1105 2461 ab
1120 2440 1153 2461 eo
1166 2439 1229 2460 sum
1242 2431 1368 2459 affectus.
1381 2431 1454 2465 Quid
1463 2439 1528 2459 vero
1557 2430 1648 2459 istud?
1662 2430 1793 2458 damnum
1806 2429 1858 2456 hoc

1070 2478 1099 2506 in
1127 2478 1254 2514 pecuniis
1267 2482 1374 2506 tantum
1404 2478 1490 2506 situm
1506 2481 1560 2506 est.
1575 2476 1702 2505 Nondum
1712 2481 1739 2504 te
1756 2476 1783 2504 in
1793 2483 1858 2509 cru-

1069 2531 1129 2552 cem
1143 2523 1211 2559 egit,
1222 2523 1263 2551 uti
1274 2523 1417 2551 Christum
1430 2522 1517 2550 Judaei
1529 2531 1537 2550 ;
1551 2526 1579 2550 et
1593 2525 1685 2550 tamen
1698 2521 1859 2557 illeipsum-

1070 2574 1128 2598 n-et
1138 2569 1312 2604 sanguinem,
1330 2575 1413 2604 quem
1440 2568 1548 2601 eﬂ'udit,
1569 2568 1703 2596 ineorum
1720 2575 1734 2595 a
1757 2567 1860 2602 quibus

1070 2614 1201 2651 profusus
1209 2619 1262 2649 est,
1274 2614 1391 2643 salutem
1405 2613 1492 2642 dedit.
1518 2613 1589 2648 Quid
1607 2612 1745 2650 ejusmodi
1760 2613 1859 2640 atl’crre

1071 2660 1181 2696 queas!
1195 2659 1224 2688 Si
1236 2660 1309 2688 hosti
1327 2665 1375 2688 tuo
1398 2659 1528 2695 iniuriam
1559 2666 1613 2688 non
1641 2659 1778 2691 remittas,
1801 2664 1856 2684 non

1072 2707 1150 2735 illum
1162 2706 1260 2742 magis,
1273 2713 1355 2742 quam
1367 2706 1484 2741 teipsum
1499 2705 1613 2739 laeseris,
1629 2705 1704 2733 Illum
1720 2703 1856 2740 siquidem

1075 2752 1103 2781 in
1119 2753 1250 2788 praesenti
1268 2752 1323 2781 vita
1339 2753 1408 2781 male
1423 2752 1553 2781 habueris
1568 2761 1575 2780 :
1601 2756 1629 2779 at
1645 2750 1707 2785 tibi,
1735 2759 1797 2779 cum
1826 2750 1858 2778 in

271 2850 288 2873 λ
306 2849 419 2880 Diversa
435 2852 493 2881 hanc
513 2855 577 2880 sunt
593 2850 626 2878 ab
644 2850 737 2885 editis,
756 2851 837 2879 tertia
857 2851 971 2887 proinde
987 2853 1120 2883 orationis
1132 2854 1214 2890 huius
1233 2854 1363 2883 editione.
