2080 3111
214 148 282 180 Ili!)

849 148 966 179 SACRA
987 150 1218 184 PARALLELA.

1775 156 1844 189 illa)

250 216 259 232 1
277 205 344 233 Θεὸν
359 206 405 233 τὸν
427 206 598 240 γεννήσαντα
625 214 654 233 σε
679 205 870 241 ἐγκατέλιπες,
885 210 934 235 καὶ
950 209 999 235 ἐπ-

1080 209 1160 238 Deut.
1179 218 1275 243 χχιιι,
1291 210 1318 238 8.
1335 225 1367 230 ——
1385 219 1394 235 1
1412 209 1495 238 Deum
1521 211 1567 247 qui
1591 214 1617 239 te
1637 212 1730 247 genuit
1744 213 1845 242 dereli—

210 252 307 281 ελάθου
321 253 388 280 Θεοῦ
405 252 451 280 τοῦ
467 253 615 288 τρέφοντάς
633 261 673 280 σε.
689 263 698 279 1

248 310 258 326 1
276 301 336 327 Ἵνα
349 299 388 335 μὴ
405 299 525 336 ἀπολέσῃ
547 298 711 334 ἁμαρτωλὸς
730 300 775 326 τὸν
795 299 1000 336 ἀναμάρτητον,

210 345 240 371 οὐ
260 343 298 379 μὴ
312 343 414 379 θελήσῃ
432 343 446 371 ὁ
461 343 527 375 Θεὸς
538 343 713 371 εὑιλατεῦσαι
725 345 814 380 αὐτῷ’
833 345 890 372 ἀλλ’
905 347 1003 374 ἐκκαυ-

213 391 325 426 θήσεται
344 389 414 426 ὀργὴ
430 390 547 426 Κυρίου,
562 391 610 418 καὶ
622 391 638 418 ὁ
652 391 733 427 ζῆλος
756 391 840 419 αὑτοῦ
857 393 886 418 ὲν
902 392 942 428 τῷ
954 394 1002 420 ἁν-

212 437 226 463 Θ
230 436 315 472 ρώπῳ
333 436 440 472 ἐκείνῳ.
458 445 468 462 1

247 492 257 509 1
286 482 514 518 Ἐξολοθρεύσατε
527 483 562 510 τὰ
583 483 647 519 ἔθνη
662 483 750 511 ταῦτα
771 484 827 512 ἀπὸ
851 485 1002 520 προσώπου

206 530 299 567 υμῶν,
327 529 374 556 καὶ
393 530 444 556 οὐκ
467 529 574 557 ἔσονται
596 530 661 565 ὑμῖν
680 531 720 562 εἰς
740 531 869 565 παγίδας,
890 532 938 558 καὶ
962 532 1003 563 εἰς

213 577 359 610 σκάνδαλα,
374 577 422 603 καὶ
436 577 476 608 είς
489 577 570 612 ἥλους
585 578 614 604 ὲν
630 578 688 609 ταῖς
706 577 836 614 πτέρναις
850 578 939 613 ὑμῶν,
955 578 1006 605 καὶ

212 625 252 655 εἰς
268 623 372 658 βολίδας
386 623 417 649 ὲν
430 623 488 655 τοῖς
499 622 648 658 ὀφθαλμοῖς
664 623 740 658 ὑμῶν
751 633 758 640 ·
779 624 821 650 ὅτι
843 623 895 651 οὐκ
918 624 1002 659 ἡκού-

213 678 277 696 σατε
296 669 345 705 τῆς
360 668 453 703 φωνῆς
468 669 571 704 Κυρίου
589 668 636 695 τοῦ
647 669 717 696 Θεοῦ
733 669 823 704 ὑμῶν.

248 715 304 742 Καὶ¹
323 715 409 747 ἔσται,
426 715 471 741 τὸν
484 715 585 749 τρόπον
602 715 747 750 ηὐφράνθη
761 715 863 751 Κύριος
888 716 917 742 ἐν
936 717 1005 752 ὑμῖν

212 761 259 788 τοῦ
276 758 306 787 εὖ
322 761 435 796 ποιῆσαι
460 762 543 796 ὑμᾶς,
560 761 648 793 οὕτως
662 761 884 797 εὐφρανθήσεται
899 762 1001 798 Κύριος

212 807 255 841 ἐφ’
267 807 342 841 ὑμῖν,
357 806 548 842 ὲξολοθρεῠςαι
565 807 647 843 ὑμᾶς.
667 816 676 833 1

252 862 263 879 1
291 854 338 887 Ἐξ
351 854 460 890 ἀνόμων
475 853 647 887 ἐξελεύσεται
663 854 849 891 πλημμέλεια.
869 864 880 881 1

254 965 264 981 1
295 955 421 988 Ἐγένετο
442 955 520 990 λόγος
552 956 658 991 Κυρίου
682 955 752 992 πρὸς
774 955 870 983 Βασσά
895 955 1003 989 λέγων’

221 1000 291 1027 Ἀνθ’
306 997 343 1026 ὧν
360 999 458 1034 ὕψωσά
470 1009 499 1026 σε
512 1001 558 1028 ἐπὶ
574 1001 623 1036 τῆς
637 1001 700 1035 γῆς,
715 1001 762 1028 καὶ
776 1000 866 1028 ἔδωκά
878 1008 908 1026 σε
921 999 1005 1035 inuti.-

217 1056 297 1082 μενον
307 1047 353 1073 ἐπὶ
363 1046 412 1073 τὸν
425 1046 488 1074 λαόν
503 1055 564 1081 μου⁷
581 1047 628 1074 καὶ
643 1048 794 1083 ὲπορεύθης
810 1050 840 1076 ὲν
853 1049 906 1084 ὁδῷ
921 1047 1004 1082 Ἰερο-

215 1094 297 1129 ϐοὰμ,
314 1094 360 1121 καὶ
376 1093 531 1129 ἐξήμαρτες
543 1095 589 1121 τὸν
601 1095 665 1122 λαόν
680 1105 731 1131 μου
751 1097 797 1124 τὺν
817 1097 938 1133 Ἰσραὴλ,
955 1098 1004 1125 τοῦ

216 1138 383 1174 παρορτίσαι
398 1147 432 1173 με
444 1139 474 1165 ὲν
487 1140 547 1171 τοῖς
560 1140 687 1173 ματαίοις
702 1141 801 1174 αὐτῶν,
819 1142 874 1170 ίδοὺ
889 1142 946 1173 ἐγὼ
957 1143 1003 1175 ὲξ-

216 1184 316 1220 εγείρω
331 1185 420 1211 ὀπίσω
445 1193 503 1216 σου,
519 1186 566 1212 καὶ
583 1186 671 1213 ὀπίσω
683 1186 730 1213 τοῦ
747 1187 824 1214 οἴκου
849 1196 896 1214 σου
912 1188 1002 1215 κακά·

216 1232 263 1258 καλ
284 1230 361 1257 δώσω
381 1231 427 1257 τὸν
442 1227 519 1258 οἶκόν
539 1239 598 1264 σου.
622 1232 663 1264 ὡς
683 1233 728 1261 τὺν
746 1230 821 1260 οἶκον
851 1233 1003 1269 Ἰεροσοάμ.

215 1276 266 1302 Τὸν
281 1275 432 1311 τεθνηκότα
447 1275 494 1302 τοῦ
511 1277 604 1303 Βασσὰ
622 1278 651 1303 ὲν
666 1279 700 1312 τῇ
718 1277 808 1311 πόλει,
829 1279 1006 1313 καταφάγον-

216 1331 262 1349 ται
291 1324 316 1349 οἱ
339 1322 420 1354 κύνες
432 1331 441 1338 -
455 1325 503 1350 καὶ
529 1323 576 1350 τὸν
596 1323 747 1363 τεθνηκότα
766 1325 794 1353 ἐν
807 1325 846 1361 τῷ
861 1325 1006 1361 πεδίῳ,.τὰ

215 1367 327 1394 πετεινὰ
339 1367 386 1394 τοῦ
400 1367 527 1402 οὐρανοῦ.
543 1377 554 1394 1

254 1424 263 1439 1
281 1414 442 1450 Εὑφροσύνη
463 1415 569 1441 ἀσεϐῶν
590 1415 691 1451 πτῶμα
714 1416 851 1450 ἐξαίσιον·
876 1416 1003 1453 χαρμονὴ

216 1457 243 1484 δὲ
265 1458 433 1493 παρανόμων
457 1459 591 1486 ἀπώλεια.
623 1460 686 1487 Ἐὰν
715 1461 800 1497 ἀνέϐη
828 1463 867 1493 εἰς
892 1462 1006 1498 οὐρανὸν

217 1502 299 1528 αὑτοῦ
315 1502 349 1529 τὰ
365 1502 450 1537 δῶρα,
470 1505 487 1538 ἡ
504 1504 532 1530 δὲ
560 1504 640 1531 θυσία
663 1505 754 1532 αὐτῶν
772 1506 863 1541 νεφῶν
882 1506 1005 1541 ἅψηται·

218 1548 268 1574 κᾶν
283 1549 347 1584 δοκῇ
362 1549 411 1584 ἤδη
424 1551 648 1586 κατεστηρίχθαι,
665 1552 725 1578 τότε
749 1553 789 1585 εἰς
803 1553 881 1586 τέλος
896 1555 1007 1582 ἀπολείι-
1020 1561 1042 1590 c

217 1603 272 1623 ται.
293 1596 325 1622 Ol
341 1595 369 1622 δὲ
387 1596 488 1628 ἰδόντες
505 1597 587 1624 αὑτὸν
601 1597 705 1633 ὲροῦσι’
722 1598 777 1625 Ποῦ
792 1599 865 1626 ἐστιν
880 1608 887 1633 ;
912 1609 922 1626 1

255 1693 265 1710 1
285 1684 376 1719 Θυμδς
400 1684 447 1711 ἐπὶ
461 1685 644 1721 ἁμαρτωλοὺς
666 1686 859 1721 ἐπελεύσεται,
875 1688 923 1716 καὶ
948 1689 1009 1717 τότε

218 1729 367 1764 γνώσονται
382 1730 433 1757 ποῦ
449 1731 524 1758 ἐστιν
539 1731 629 1759 αὐτῶν
643 1732 660 1768 ὴ
674 1731 734 1768 ὕλη.
757 1742 766 1758 1

257 1786 266 1802 1
285 1777 316 1803 Οἱ
344 1776 501 1812 σπείροντες
530 1777 565 1804 τὰ
585 1777 690 1811 ἄτοπα,
721 1779 818 1811 ὀδύνας
843 1779 1007 1815 θερίσωσιν.

225 1823 292 1851 Ἀπὸ
316 1823 344 1850 δὲ
367 1823 581 1858 προστάγματος
597 1824 700 1860 Κυρίου
715 1825 892 1858 ἀπολοῦνται,
913 1827 968 1854 ἀπὸ
980 1826 1010 1853 δὲ

219 1867 373 1903 πνεύματος
388 1868 472 1904 ὀργῆς
488 1869 573 1896 αὑτοῦ
592 1870 836 1906 ἀκρανισθήσονται.
853 1880 863 1897 1

256 1923 266 1939 1
287 1914 342 1949 Πρὸ
363 1913 511 1949 προσώπου
529 1915 643 1947 ἀσεϐοῦς
665 1915 707 1948 τίς
729 1915 847 1951 ἓπηξεν;
864 1917 924 1948 Φῶς
946 1917 1010 1944 ἀσε-

219 1959 274 1986 ϐῶν
291 1960 479 1996 σϐεσθήσεται.
503 1970 512 1986 ι

257 2013 267 2030 1
284 2004 422 2041 Πρόσωπα
437 2005 543 2032 ἀσεϐῶν
554 2005 668 2041 ἀτιμίας
684 2005 921 2042 ἐμπλησθήσεται.
943 2016 954 2032 1

258 2102 267 2118 1
287 2091 345 2125 Πᾶς
357 2092 370 2119 ὁ
386 2092 443 2128 βίος
462 2093 578 2126 ἀσεϐοῦς
591 2094 619 2121 ὲν
635 2095 767 2130 φροντίδιθ
778 2095 843 2122 ὅταν
855 2095 920 2131 δοκῇ
936 2096 1010 2131 εἰρη-

220 2137 317 2170 νεύειν,
331 2138 392 2174 ἦξει
407 2139 490 2166 αὐτοῦ
506 2141 522 2174 ἡ
541 2140 728 2175 καταστροφή.
749 2149 759 2166 1
954 2168 963 2179 ι

257 2191 266 2208 1
290 2180 383 2214 Ἐλπὶς
398 2182 514 2214 ἀσεϐοῦς
530 2182 671 2210 ἀπολεῖται
684 2192 690 2198 ·
707 2183 835 2218 ἀοίκητος
851 2183 905 2219 γὰρ
918 2183 1003 2210 αὑτοῦ

1053 256 1136 291 quisti
1147 275 1155 288 ,
1170 256 1272 283 oblitus
1288 263 1320 283 es
1335 255 1382 283 Dei
1397 257 1444 291 qui
1461 260 1487 284 te
1502 257 1601 291 pascit.
1620 265 1629 283 1

1086 301 1166 329 Deut.
1184 301 1330 335 “111,20.
1343 317 1379 322 —
1395 311 1404 328 1
1423 301 1463 329 Ne
1486 306 1616 337 peccator
1635 310 1730 330 secum
1748 304 1845 339 perdat

1053 348 1245 380 innocentem,
1261 355 1316 375 non
1332 347 1390 374 vult
1414 348 1485 375 Deus
1501 348 1643 383 ignosrscre
1659 349 1683 376 ei
1696 368 1704 381 ,
1718 344 1769 377 sed
1796 358 1844 377 ac-

1053 395 1185 423 cendetur
1200 395 1243 422 ira
1256 393 1364 422 Domini
1379 398 1407 422 et
1423 393 1499 422 zelus
1512 394 1573 429 ejus
1597 395 1729 424 adversus
1753 396 1844 424 homi-

1052 447 1114 468 nem
1129 440 1223 467 istum.
1242 448 1252 466 1

1087 486 1174 514 Num.
1190 493 1282 518 unt,
1297 486 1348 517 52.
1364 485 1409 513 55.
1423 500 1459 505 ——
1474 494 1483 512 1
1499 485 1652 520 Disperdite
1665 490 1760 521 gentes
1775 487 1844 515 istas

1052 539 1070 560 a
1083 532 1153 560 faeie
1169 535 1279 565 vestra,
1294 535 1321 560 et
1343 538 1398 559 non
1415 536 1496 559 erunt
1520 532 1599 560 vobis
1624 533 1651 559 in
1670 533 1803 567 laqueos.
1817 537 1846 560 et

1052 579 1081 606 in
1099 579 1246 611 scandala,
1263 583 1289 605 et
1305 578 1332 605 in
1348 578 1441 605 clavos
1466 578 1602 607 calcancis
1629 579 1731 607 vestris
1746 600 1753 610 ,
1771 584 1799 607 el.
1817 581 1845 608 in

1052 625 1135 654 sudes
1151 625 1180 651 in
1195 624 1285 652 oculis
1296 624 1395 652 vestris
1410 633 1418 657 ;
1435 631 1468 652 eo
1482 624 1554 659 quod
1571 632 1626 652 non
1641 625 1785 655 audieritis
1801 634 1847 654 vo-

1053 678 1114 699 cent
1126 670 1235 698 Domini
1250 669 1297 698 Dei
1315 671 1412 698 vestri.
1430 679 1439 696 1

1088 717 1166 744 Deut.
1184 724 1268 744 xxvnl
1280 735 1288 749 ,
1297 716 1341 744 65.
1354 731 1390 737 -
1402 725 1411 742 1
1428 716 1464 744 Et.
1477 716 1540 750 erit,
1552 717 1781 751 quemadmodum
1800 719 1846 747 lae-

1052 767 1127 793 tatus
1140 767 1183 791 est
1200 763 1332 791 Dominus
1346 770 1430 798 super
1446 770 1495 791 vos
1511 767 1540 790 ut
1557 763 1734 792 benefaceret
1751 765 1845 798 vobis,

1052 809 1090 837 ita
1104 809 1241 837 laetabitur
1256 809 1390 836 Dominus
1404 809 1431 836 in
1447 809 1525 837 vobis
1539 812 1570 836 ut
1582 817 1630 836 vos
1644 809 1798 844 disperdat.
1815 819 1825 836 1

1088 856 1104 883 Ι
1122 856 1184 892 Reg.
1203 863 1279 888 xxiv,
1294 854 1386 882 M.-—-
1401 864 1411 882 1
1425 855 1467 883 Ab
1491 855 1585 896 impiis
1603 855 1761 890 egredietur
1785 864 1848 891 pec-

1017 890 1039 918 B
1055 890 1181 935 catum,‘1

1092 948 1140 976 III
1157 948 1220 983 Reg.
1239 956 1304 981 ιινι,
1319 948 1378 975 1-4.
1396 962 1432 968 --
1451 956 1460 973 1
1479 947 1593 975 Factum
1611 951 1724 978 verbum
1741 948 1846 974 Domini

1055 996 1088 1023 ad
1102 997 1186 1024 Bassa
1200 995 1312 1022 dicens:
1329 994 1383 1021 Pro
1396 1002 1429 1022 eo
1445 995 1519 1029 quod
1534 994 1652 1022 exaltari
1675 999 1702 1021 te
1729 995 1762 1022 de
1784 995 1848 1029 pul-

1055 1049 1136 1074 vere.
1159 1045 1187 1068 et
1212 1040 1291 1075 posui
1316 1043 1343 1068 te
1369 1039 1469 1067 ducem
1493 1047 1577 1075 super
1604 1040 1732 1074 populum
1759 1049 1847 1067 meum

1055 1086 1149 1114 Israel.
1164 1086 1204 1113 Tu
1224 1090 1316 1113 autem
1344 1085 1494 1112 ambulasti
1519 1085 1547 1112 in
1571 1085 1614 1112 via
1639 1084 1804 1116 Jeroboam,
1821 1089 1849 1112 et

1055 1140 1171 1168 peccare
1194 1131 1286 1159 fecisti
1303 1131 1432 1166 populum
1451 1138 1541 1158 meum
1557 1130 1639 1158 Israel
1653 1150 1661 1164 ,
1676 1135 1707 1158 ut
1724 1139 1766 1158 me
1783 1131 1848 1158 irri-

1057 1183 1131 1206 tares
1147 1179 1175 1206 in
1190 1179 1358 1205 vanitatibus
1370 1184 1488 1210 eorum;
1503 1184 1569 1204 ecce
1583 1184 1634 1212 ego
1659 1177 1764 1205 suscito
1787 1181 1850 1212 post

1057 1230 1099 1259 te,
1123 1229 1151 1252 et
1165 1229 1226 1260 post
1241 1225 1353 1252 domum
1377 1228 1453 1251 tuam
1476 1223 1568 1252 mala:
1595 1228 1623 1251 et
1645 1224 1715 1251 dabo
1739 1223 1849 1250 domum

1057 1275 1131 1298 tuam
1144 1291 1151 1304 ,
1167 1275 1196 1298 ut
1210 1270 1321 1298 domum
1337 1269 1492 1297 Jcroboam.
1506 1269 1559 1302 Qui
1575 1275 1700 1297 mortuus
1718 1269 1800 1296 fuerit
1816 1269 1851 1297 de

1057 1317 1143 1344 Bassa
1158 1316 1187 1343 in
1202 1316 1330 1347 civitate,
1345 1315 1492 1342 comedent
1507 1322 1591 1342 canes
1605 1323 1612 1340 :
1627 1319 1655 1342 et
1666 1315 1710 1347 qui
1725 1319 1855 1342 mortuus.

1057 1363 1141 1390 fuerit
1157 1363 1184 1389 in
1201 1369 1284 1397 agro,
1302 1361 1447 1389 comedent
1462 1361 1590 1388 volucres
1604 1361 1679 1388 coeli.
1697 1371 1706 1387 1
1724 1353 1738 1359 ”

1092 1406 1143 1435 Job
1162 1415 1215 1441 xx,
1236 1407 1270 1439 5,
1289 1406 1318 1434 6.
1334 1421 1369 1426 —
1389 1415 1398 1431 1
1413 1405 1549 1434 Gaudium
1579 1406 1745 1440 impiorum,
1771 1405 1850 1433 ruina

1058 1453 1196 1488 gravior:
1224 1452 1319 1480 laetitia
1346 1458 1435 1479 autem
1463 1452 1642 1486 iniquorum,
1669 1451 1796 1486 perditio.
1822 1451 1851 1478 Si

1059 1500 1234 1533 ascenderint
1246 1500 1274 1527 in
1287 1499 1386 1527 caelum
1399 1499 1471 1526 dona
1482 1499 1542 1533 ejus
1552 1518 1560 1531 ,
1573 1503 1600 1525 et
1612 1498 1778 1526 sacriticium
1790 1498 1852 1533 ejus

1060 1544 1145 1571 nubes
1171 1544 1309 1579 attigerit,
1338 1547 1365 1570 et
1392 1542 1518 1570 videatur
1543 1542 1599 1577 jam
1627 1542 1753 1570 ﬁrmatus
1776 1550 1851 1576 esse,

1061 1593 1126 1617 tunc
1142 1598 1168 1617 In
1183 1590 1262 1617 tinem
1279 1589 1390 1624 peribit.
1405 1588 1456 1622 Qui
1469 1592 1560 1616 autem
1573 1592 1764 1624 cognoverunt
1777 1596 1850 1620 eum.

1060 1635 1170 1663 dicent:
1188 1635 1239 1663 Ubi
1257 1639 1307 1663 est.
1325 1644 1335 1661 1

1095 1682 1146 1710 Job
1174 1689 1239 1713 χιι,
1254 1681 1300 1709 29.
1324 1696 1359 1700 —
1385 1690 1395 1706 1
1411 1681 1501 1709 Furor
1525 1688 1609 1715 super
1631 1685 1792 1715 peccatores
1815 1680 1853 1707 ir-

1060 1732 1140 1761 ruct;
1155 1733 1182 1755 ct
1196 1732 1261 1755 tunc
1274 1731 1441 1762 cognoscent
1453 1727 1498 1754 ubi
1515 1731 1558 1754 est
1571 1727 1695 1761 ipsorum
1710 1727 1848 1754 materia.1

1094 1773 1145 1802 Job
1163 1781 1202 1806 Iv,
1217 1773 1287 1801 8.-
1299 1783 1307 1799 ι
1321 1772 1373 1806 Qui
1390 1773 1527 1800 seminam.
1543 1772 1638 1807 iniqua
1649 1790 1657 1803 ,
1673 1771 1783 1800 dolores
1796 1779 1852 1799 me-

1061 1823 1128 1847 teut.
1146 1819 1272 1846 Mandata
1288 1818 1394 1846 Domini
1409 1818 1553 1854 peribunt,
1569 1822 1597 1845 et
1615 1817 1713 1852 spiritu
1732 1817 1780 1848 ira:
1795 1818 1852 1852 ejus

1060 1864 1280 1899 eastinguentur.
1295 1872 1305 1889 1

1093 1909 1145 1937 Job
1163 1917 1249 1942 xvnt,
1271 1909 1298 1937 5.
1316 1925 1351 1931 —-
1366 1919 1375 1935 1
1393 1907 1462 1937 Ante
1480 1908 1575 1936 faciem
1592 1907 1668 1943 impii
1689 1907 1751 1943 quis
1771 1907 1853 1935 ﬁxit?

1059 1955 1117 1985 Lux
1129 1955 1274 1990 impiorum
1288 1954 1490 1988 exstinguetur.
1503 1962 1513 1979 1

1093 2001 1145 2029 Job
1164 2010 1211 2033 ιι..
1229 2001 1276 2028 ib.
1291 2015 1326 2022 —-
1341 2010 1350 2026 1
1371 1990 1468 2027 Facies
1492 1998 1640 2034 impiorum
1665 1998 1854 2032 implebuntur

1059 2047 1220 2082 ignominia.
1241 2056 1250 2073 1

1093 2091 1174 2128 333
1191 2090 1241 2118 Job
1259 2099 1303 2124 xv,
1319 2091 1364 2118 ‘29.
1378 2106 1414 2110 —
1428 2099 1437 2116 1
1452 2089 1549 2118 Omnis
1565 2090 1620 2117 rita
1639 2089 1667 2116 in
1686 2097 1752 2116 cura
1767 2098 1773 2116 :
1790 2097 1851 2116 cum

1058 2138 1136 2166 visus
1151 2138 1231 2166 fuerit
1249 2138 1276 2165 in
1291 2145 1359 2173 pace
1374 2145 1474 2172 agere,
1488 2137 1583 2164 veniet
1597 2137 1657 2171 ejus
1672 2137 1823 2164 subversio.
1840 2146 1849 2162 1

1093 2184 1145 2212 Job
1174 2192 1238 2217 vni,
1263 2184 1308 2212 15.
1323 2199 1358 2204 -
1375 2193 1383 2209 ι
1399 2183 1468 2218 Spes
1486 2183 1562 2218 impii
1580 2182 1698 2218 peribit:
1717 2183 1854 2210 inhabita-

219 2228 297 2255 ἔσται
324 2230 338 2256 ὁ
359 2226 443 2270 οἶκος.
482 2229 602 2265 Ἀρὰχνη
625 2229 654 2257 δὲ
685 2230 767 2256 αὑτοῦ
793 2230 967 2265 ἀποϐήσεται
989 2231 1005 2266 ἡ

1060 2230 1123 2258 bilis
1139 2230 1212 2257 enim
1230 2229 1283 2257 erit
1298 2230 1395 2257 domus
1412 2229 1470 2264 ejus
1485 2237 1492 2256 :
1510 2228 1581 2256 sicut
1598 2228 1651 2255 tela
1666 2229 1777 2261 aranei,
1794 2229 1854 2264 ejus

221 2275 318 2310 σκηνή.
340 2284 349 2300 1

258 2329 267 2345 1
298 2319 405 2357 Ἡμέρα
420 2321 505 2357 ὀργῆς
524 2321 627 2357 ἐπέλθῃ
641 2321 726 2357 αὐτῷ.
749 2331 758 2347 ι

258 2376 267 2392 1
305 2367 424 2394 Ἀσεϐῶν
453 2367 549 2403 λύχνος
578 2367 768 2403 σϐεσθήσεται.
800 2366 957 2393 Ἐλεύσεται
982 2365 1012 2392 δὲ

220 2413 311 2446 αὐτοῖς
326 2415 342 2449 ἡ
360 2414 548 2451 καταστροφὴ,
566 2415 613 2442 καὶ
623 2415 732 2442 ἔσονται
745 2414 841 2450 ὥσπερ
857 2414 948 2450 ἄχυρα
958 2413 1013 2441 ἀπὸ

221 2460 334 2492 ἀνέμου.
355 2470 365 2487 1

262 2527 271 2542 1
303 2516 455 2552 Ὀφθαλμοὶ
470 2517 578 2545 ἀσεϐῶν
593 2519 766 2555 τακήσονται.
799 2518 831 2546 Ἦ
855 2517 909 2553 γὰρ
936 2517 1014 2550 ἐλπὶς

225 2562 314 2588 αὐτῶν
333 2561 466 2590 ἀπώλεια,
487 2571 497 2588 1

262 2629 273 2646 1
298 2620 330 2646 ’θ
341 2620 462 2654 ἀγαπῶν
473 2622 527 2657 τὴν
542 2621 650 2650 ἀδικίαν
659 2641 670 2654 ,
690 2623 766 2658 μισεῖ
777 2622 830 2659 τὴν
851 2623 949 2652 ιωαῶ
961 2624 1014 2659 ψυ-

226 2674 285 2701 χην.
303 2675 312 2692 1

264 2732 273 2748 1
301 2722 490 2750 Ἐλασσονοῦοο
506 2722 595 2757 φυλὰς
605 2724 752 2759 ἁμαρτίαι.
771 2732 781 2750 1

266 2791 275 2807 1
295 2780 469 2817 Παρανομίαι
492 2770 576 2818 si,st
598 2782 758 2817 ἀγρεύουσι,
779 2783 890 2818 σειραῖς
908 2783 934 2811 δὲ
962 2785 1015 2811 τῶν

186 2825 190 2830 “
227 2826 332 2855 ἑαυτῶν
345 2829 486 2864 ἁμαρτιῶν
500 2828 615 2861 ἕκαστος
632 2828 786 2863 σφίγγεται.
804 2837 813 2852 1

1062 2275 1170 2304 eveniet
1187 2275 1404 2303 tabernaculum.
1435 2284 1445 2301 1

1098 2321 1170 2349 Ibid.
1183 2336 1217 2341 —
1230 2330 1240 2348 1
1255 2321 1319 2350 Dies
1335 2322 1382 2348 ira:
1398 2320 1573 2355 superveniet
1587 2320 1641 2347 ei.1

1097 2367 1149 2396 Job
1168 2376 1213 2395 χιι
1225 2388 1232 2400 ,
1254 2367 1298 2395 17,
1314 2382 1350 2388 -
1365 2376 1376 2393 1
1394 2367 1519 2395 Lucerna
1537 2366 1682 2402 impiorum
1699 2367 1855 2402 exstingue-

1064 2417 1118 2442 tuvr.
1135 2412 1314 2448 Superveniet
1329 2413 1370 2440 cis
1388 2411 1530 2440 subversio
1543 2421 1551 2440 :
1566 2415 1595 2439 et
1609 2415 1692 2439 erunt
1710 2413 1782 2439 sicut
1808 2421 1855 2448 pa-

1064 2459 1113 2486 leae
1126 2462 1189 2485 ante
1201 2461 1325 2485 ventum.
1340 2465 1351 2483 1

1099 2515 1152 2543 Job
1170 2523 1198 2542 χι
1208 2534 1219 2548 ,
1234 2515 1281 2544 90.
1291 2528 1326 2534 -
1339 2523 1348 2539 1
1363 2512 1442 2541 Oculi
1458 2512 1607 2548 impiorum
1621 2511 1770 2541 tabcsceut.
1785 2512 1857 2541 Nam

1064 2569 1128 2598 spes
1142 2568 1236 2589 eorum
1252 2559 1380 2596 perditio.
1400 2568 1409 2585 1

1100 2618 1179 2647 P1111.
1200 2625 1215 2645 ιι
1228 2637 1236 2651 ,
1256 2617 1332 2646 6.—-—
1351 2625 1364 2643 ο
1377 2616 1429 2650 Qui
1456 2614 1546 2652 ἀίιὶςῆ
1574 2613 1768 2650 iniquitatem,
1796 2614 1859 2642 odit.

1065 2673 1185 2693 animam
1203 2671 1292 2692 suam.
1308 2673 1318 2689 )

1101 2722 1183 2751 Prov.
1203 2729 1261 2756 xiv,
1277 2721 1325 2749 26.
1338 2735 1374 2741 -
1389 2729 1399 2747 1
1413 2720 1529 2748 Peccata
1544 2717 1675 2746 minuunt
1689 2716 1788 2745 tribus.
1807 2724 1818 2743 1

1101 2779 1180 2808 Prov.
1204 2787 1231 2811 ν,
1251 2778 1297 2806 22.
1312 2793 1348 2800 —
1362 2787 1371 2804 1
1390 2776 1552 2813 Iniquitates
1569 2775 1657 2803 virum
1677 2773 1808 2808 capiunt,
1828 2777 1862 2802 et

1066 2825 1171 2853 catenis
1189 2827 1364 2861 peccatorum
1385 2830 1498 2857 suorum
1515 2820 1704 2857 unusquisque
1717 2818 1854 2844 Consiliu-

1068 2871 1149 2903 gitur.
1166 2879 1174 2895 1
