2080 3111
247 129 317 162 1155

836 124 866 152 S.
882 122 1043 152 JOANNIS
1056 119 1272 151 DAMASCENI

1808 116 1875 152 1156

247 186 341 212 furore
356 187 384 210 ct
398 183 448 214 ira,
473 180 506 207 ad
534 177 691 214 ponendum
709 177 804 205 orbem
828 178 987 204 universum
1004 177 1033 203 in

1096 179 1180 212 ηργῆς,
1196 176 1283 202 θεῖναι
1295 173 1344 209 τὴν
1358 175 1523 210 οἰκουμέψην
1537 174 1603 210 ὅλην
1619 174 1733 211 ἔρημον,
1747 177 1794 204 καὶ
1814 178 1877 208 τοὺς

247 229 436 260 solitudinem,
452 231 478 254 et
496 227 528 252 ad
545 225 699 260 perdendos
723 228 884 258 peccatores
900 231 935 249 ex
957 230 1000 250 ea.
1022 232 1030 248 ι

284 276 342 304 Isa.
359 281 433 305 xxvt,
451 271 496 299 19.
510 285 544 290 --
561 280 570 296 1
589 269 674 297 Terra
698 269 846 303 impiorum
862 267 954 296 cadet.
970 277 979 293 ι

283 322 339 349 Iw.
354 327 451 350 xxxm,
470 318 564 345 M.—1
578 314 888 350 Tremorapprebendet
897 314 1009 349 impios.
1023 322 1032 339 ι

282 366 340 393 Isa.
361 372 436 396 xm,
454 362 498 390 i0.
513 378 548 384 —-
565 371 575 388 1
589 361 738 389 Auferetur
763 360 874 395 impius,
890 367 925 388 ne
945 359 1037 390 vident

248 411 363 448 gloriam
380 409 498 437 Domini.
517 418 527 434 ι

282 456 339 482 lsa.
365 462 461 486 xum,
489 453 583 480 21—
599 461 608 478 1
625 451 685 479 Non
711 453 754 478 est
776 449 908 486 gaudium
933 449 1037 485 impiis,

248 502 318 529 dicit
330 501 473 529 Dominus.
487 509 496 526 ι

282 547 342 574 11a.
359 554 424 579 un,
437 546 483 573 21.
497 559 533 566 --
546 554 557 572 1
572 545 601 572 Si
616 552 631 571 a
650 552 695 572 me
715 543 862 576 abscedas,
884 543 948 578 plus
969 542 1039 578 quid

249 593 376 625 habebis,
396 593 465 619 dicit
485 591 628 619 Dominus.
649 599 659 616 ο

283 639 342 667 lsa.
359 646 431 671 vat,
448 639 474 665 5,
491 653 524 658 -
537 646 548 663 1
565 636 690 672 Iniquus,
706 636 752 671 qui
770 635 894 663 immolat
908 633 1038 666 vitulum,

251 689 282 713 ut
296 685 342 720 qui
370 684 480 712 occidat
493 690 589 711 canem
606 691 613 709 :
641 681 689 716 qui
713 681 795 709 oﬂ‘ert
814 680 943 712 similam,
957 679 1040 714 quasi

250 732 298 767 qui
313 730 474 765 sanguinem
498 729 620 757 suillum.
637 737 648 754 ι

289 777 411 808 Ιια.ἰιι,
439 775 536 802 11.--
561 782 570 800 1
591 773 639 801 Vae
662 772 759 808 impw,
790 771 862 799 mala
887 768 1040 798 secundum

253 830 334 858 opera
352 822 440 857 ipsius
455 820 596 848 dabuntur
613 819 680 854 ipsi.
698 827 707 844 ι

1086 223 1264 258 ἁμαρτωλοὺς
1279 221 1414 249 ἀπολέσαι
1430 221 1460 254 ἐξ
1477 221 1572 256 αὐτῆς.
1592 231 1602 247 ι

1125 280 1133 295 ι
1156 270 1189 295 Ἡ
1204 270 1240 304 γῆ
1252 269 1305 296 τῶν
1317 268 1425 296 ἀσεϐῶν
1440 269 1575 295 πεσεῖται.
1593 277 1603 294 ι

1124 325 1134 342 1
1153 317 1261 351 Τρόμος
1279 315 1396 351 λήψεται
1410 316 1474 348 τοὺς
1489 315 1608 347 ἀσεϐεῖς.
1629 325 1639 342 ι

1125 371 1135 388 1
1159 362 1284 398 ’Ᾱρθήτω
1298 363 1313 388 ὀ
1335 362 1449 397 ἀσεϐὴς,
1477 362 1520 389 ἵνα
1543 362 1580 398 μὴ
1601 361 1644 398 ῐδῃ
1655 363 1705 397 τὴν
1719 362 1799 395 δόξαν
1825 364 1878 389 Ku-

1108 410 1157 437 loo.
1177 418 1186 435 ι

1108 418 1157 437 ιου.
1177 418 1186 435 ι

1090 418 1104 446 ρ
1126 463 1135 481 1
1154 454 1212 482 οὐκ
1229 454 1288 481 ἐστι
1304 454 1411 490 χαίρειν
1431 455 1487 487 τοῖς
1503 454 1625 488 ἀσεϐέσι,
1638 454 1715 490 λέγει
1731 455 1843 492 Κύριος.
1865 467 1874 482 ι

1126 549 1137 566 1
1162 541 1227 568 Ἐὼν
1242 542 1292 569 ἀπ’
1305 541 1374 577 ἁμοῦ
1387 543 1520 580 ἀποστῇς,
1538 544 1620 573 πλέον
1637 554 1664 572 τι
1678 546 1761 579 ἔξεις,
1775 545 1851 574 εἶπεν
1864 548 1879 574 ὁ

1089 585 1202 622 Κύριος.
1221 597 1231 613 ι
1374 594 1376 596 ·

1126 640 1135 657 1
1159 632 1190 660 ὀ
1209 633 1309 669 ἄνομος
1322 635 1396 665 θύων
1412 636 1525 672 μόσχον,
1538 637 1578 669 ὡς
1603 638 1772 668 ἀποκτείνων
1792 640 1877 668 κύνα·

1089 677 1104 704 ὀ
1124 678 1154 705 δὲ
1171 679 1317 716 ἀναφέρων
1328 682 1481 718 σεμίδαλιν,
1493 683 1532 715 ὡς
1549 681 1619 719 αἷμα
1636 685 1701 713 ὑῶν.
1721 695 1730 712 ι

1129 778 1138 795 1
1158 770 1227 797 Οὐαὶ
1240 769 1280 805 τῷ
1292 770 1400 806 ἀνόμῳ,
1417 771 1526 809 πονηρὰ
1534 772 1605 799 κατὰ
1620 773 1655 800 τὰ
1668 773 1738 810 ἔργα
1751 775 1806 802 τῶν
1817 784 1875 811 χει-

1092 815 1147 850 ρῶν
1163 815 1246 842 αὐτοῦ
1261 816 1404 852 δοθήσεται
1418 817 1502 853 αὐτῷ.
1523 828 1532 845 ι

288 867 369 903 335
388 865 446 893 11a.
472 873 548 897 xxix,
568 865 594 891 5.
610 879 645 886 -—-
666 872 675 889 1
691 862 725 890 Et
743 865 828 890 erunt
851 861 927 889 sicut
949 858 1039 894 pulvis

1127 871 1137 888 1
1160 862 1256 889 Ἔσται
1274 863 1314 894 ὡς
1325 865 1464 899 κονιορτὸς
1476 865 1531 892 ἀπὸ
1550 865 1648 901 τροχοῦ
1663 867 1677 893 ὁ
1696 866 1811 900 πλοῦτος
1825 869 1879 896 τῶν

253 914 290 940 de
304 917 367 939 rota
384 910 487 939 divitiae
503 909 664 945 impiorum,
678 912 706 936 et
723 907 797 936 sicut
811 905 907 934 favilla
918 911 980 941 quae
995 910 1041 932 ra—

254 959 340 994 pitur.
357 966 367 982 ι

292 1012 303 1029 1
322 1003 356 1029 Et
368 1005 450 1029 erunt
467 1001 540 1029 sicut
552 1004 696 1035 punctum.
714 1008 723 1025 ι

291 1048 349 1076 Im.
374 1055 458 1079 uix,
487 1047 514 1080 7,
532 1047 560 1076 8.
581 1059 617 1068 -σ
640 1055 650 1072 1
672 1046 706 1072 Et
730 1048 814 1073 ecuut
838 1043 978 1080 quomodo
1002 1042 1042 1070 vi-

255 1095 346 1122 dentis
362 1093 501 1121 somnium
513 1096 605 1124 nocte,
623 1091 726 1119 divitia:
741 1090 878 1126 gentium.
897 1088 1042 1123 Eruntque

255 1142 329 1168 sicut
342 1140 390 1175 qui
405 1140 433 1167 in
448 1138 555 1167 somnis
568 1137 696 1166 esuriunt
708 1140 736 1164 et
750 1135 913 1168 comedunt,
924 1142 1044 1170 eumque

257 1186 443 1218 surrexerint,
475 1192 574 1213 vanum
602 1187 646 1211 est
674 1183 814 1211 somnium
842 1182 986 1218 ipsorum:
1017 1184 1045 1210 et

257 1234 331 1260 sicut
348 1232 395 1267 qui
415 1239 463 1267 per
478 1231 616 1259 somnium
634 1230 694 1258 sitit
713 1233 740 1257 et
755 1229 836 1261 bibit,
856 1232 885 1256 ot
900 1236 964 1256 eum
980 1235 1044 1256 sur-

257 1279 372 1309 rexerit,
389 1278 479 1305 adhuc
507 1277 578 1305 sitit.
593 1280 621 1304 et
642 1276 734 1303 anima
748 1275 809 1310 ejus
825 1275 929 1302 frustra
951 1281 1045 1309 spera-

257 1326 307 1352 vit.
330 1324 375 1351 Sic
391 1328 474 1351 erunt
489 1323 592 1350 divitia
607 1321 730 1349 omnium
743 1320 878 1356 gentium.
892 1327 902 1345 ι
984 1310 994 1315 ⁷

293 1370 393 1398 Jerem.
411 1378 456 1403 xv,
474 1370 501 1397 1.
515 1382 549 1388 -—
563 1377 573 1394 1
588 1367 627 1395 Ne
640 1374 720 1402 roges
733 1374 777 1393 me
789 1373 838 1400 pro
855 1371 958 1401 populo
972 1366 1025 1392 isto
1037 1371 1044 1391 :

259 1416 390 1451 quoniam
409 1415 431 1443 si
446 1413 574 1441 steterint
593 1412 701 1447 Moyses
717 1415 745 1439 et
762 1410 876 1438 Samuel
894 1417 987 1438 coram
1005 1408 1047 1436 fa~

259 1464 302 1491 cie
318 1471 388 1497 mea,
403 1470 458 1490 non
473 1465 514 1489 est
531 1460 623 1488 anima
640 1465 701 1486 mea
716 1458 750 1485 ad
765 1465 823 1485 eos.
844 1466 852 1483 ι

300 1510 359 1537 lsa.
383 1516 457 1541 mm,
471 1506 517 1534 24.
530 1520 565 1526 -
575 1514 585 1531 1
601 1504 712 1532 Vermis
723 1510 818 1531 eorum
833 1509 886 1530 non
901 1501 1044 1533 morietur,

1092 906 1210 942 ἀσεϐῶν,
1222 909 1270 935 καὶ
1286 908 1324 940 ὡς
1337 910 1418 944 χνοῦς
1434 910 1593 946 φερόμενος.
1611 921 1621 938 ι

1131 1008 1141 1024 1
1159 999 1215 1026 Καὶ
1229 999 1307 1027 ἔσται
1320 1000 1359 1033 ὡς
1373 1002 1485 1038 στιγμή,
1503 1012 1512 1029 ι

1132 1054 1141 1071 1
1162 1045 1218 1072 Καὶ
1243 1045 1320 1072 ἔσται
1348 1045 1389 1079 ὡς
1413 1047 1642 1084 ἐνυπνιαζόμενος
1662 1051 1722 1078 καθ’
1749 1051 1842 1084 ὕπνον,
1866 1053 1881 1079 6

1093 1089 1209 1123 πλοῦτος
1223 1091 1387 1125 τῶν,ὲθνῶν,
1406 1094 1452 1120 καὶ
1466 1094 1572 1122 ἔσονται
1591 1095 1629 1128 ὡς
1642 1097 1666 1122 οι
1686 1097 1714 1124 ὲν
1732 1097 1807 1133 ὕπνῳ
1822 1107 1881 1125 πει-

1093 1136 1195 1169 νῶντες
1210 1138 1257 1164 καὶ
1273 1137 1420 1171 ἐσθίοντες,
1437 1140 1484 1166 καὶ
1501 1140 1706 1173 ἐξαναστάντων
1725 1143 1814 1170 αὐτῶν
1827 1145 1881 1179 μά-

1093 1190 1169 1209 ταιον
1179 1182 1210 1209 τὺ
1220 1182 1346 1210 ἐνύπνιον
1358 1185 1465 1211 αὐτῶν·
1484 1186 1531 1212 καὶ
1550 1186 1580 1213 ὃν
1603 1187 1704 1223 τρόπον
1721 1188 1882 1221 ἐνυπνιάζε-

1094 1237 1138 1255 ται
1154 1229 1168 1255 ό
1182 1228 1269 1264 διψῶν
1287 1229 1326 1262 ὡς
1344 1230 1455 1263 πεινῶν,
1480 1233 1528 1258 καὶ
1549 1232 1700 1266 ἐξαναστὰς
1718 1234 1758 1261 ἔτι
1771 1235 1845 1271 διψᾷ,
1864 1237 1882 1271 ἡ

1094 1275 1122 1302 δὲ
1130 1274 1204 1310 ψυχὴ
1218 1275 1300 1303 αὑτοῦ
1308 1277 1354 1308 εἰς
1367 1277 1582 1314 κενὸν,ἦλπισεν,
1594 1278 1680 1312 οὕτως
1692 1280 1767 1309 ἔσται
1779 1281 1793 1308 ὁ
1805 1281 1884 1309 πλοῖμ

1095 1328 1140 1352 τος
1155 1320 1265 1348 πάντων
1279 1321 1335 1349 τῶν
1348 1323 1443 1352 ἐθνῶν.
1464 1333 1473 1349 ι

1134 1375 1143 1391 ι
1160 1363 1244 1393 Εἶπεν
1268 1367 1370 1404 Κύριος
1392 1369 1459 1404 πρός
1473 1378 1522 1404 με·
1542 1371 1587 1407 Μὴ
1603 1372 1740 1409 προσεύξῃ
1754 1374 1818 1408 περὶ¹
1835 1375 1883 1401 τοῦ

1095 1410 1161 1438 λαοῦ
1176 1411 1282 1445 τούτου,
1299 1413 1341 1440 ὅτι
1355 1413 1404 1440 ἐὰν
1421 1416 1470 1450 στῇ
1486 1416 1606 1451 Μωῡσῆς
1622 1418 1668 1444 καὶ
1686 1419 1814 1455 Σαμουὴλ
1831 1422 1885 1456 πρὸ

1096 1457 1243 1493 προσώπου
1257 1467 1319 1495 μου,
1336 1460 1385 1487 οὐκ
1396 1460 1471 1488 ἔσται
1483 1462 1498 1498 ἡ
1510 1462 1581 1498 ψυχή
1598 1472 1648 1498 μου
1663 1465 1732 1500 πρὸς
1748 1465 1855 1498 αὐτούς.
1872 1476 1881 1491 ι

1135 1514 1146 1530 1
1170 1504 1199 1531 '0
1214 1505 1322 1541 σκώληξ
1337 1507 1428 1534 αὐτῶν
1440 1507 1470 1534 οὺ
1481 1509 1651 1544 τελευτήσει,
1666 1511 1713 1537 καὶ
1726 1511 1757 1537 τὸ
1774 1512 1828 1547 πῦρ
1853 1512 1884 1539 οὐ

259 1563 287 1586 et
303 1557 373 1593 ignis
388 1561 482 1582 eorum
493 1560 548 1580 non
559 1551 767 1585 exstinguetur:
783 1553 812 1577 et
826 1551 907 1576 erunt
919 1547 947 1575 in
958 1547 1044 1575 visio-

1097 1551 1277 1587 σϐεσθήσεται
1289 1560 1295 1568 ’
1313 1554 1361 1580 καὶ
1375 1553 1482 1581 ἔσονται
1494 1556 1534 1587 εἰς
1547 1556 1643 1591 ὅρασιν
1658 1557 1733 1593 πάσῃ
1746 1558 1836 1593 σαρκί.
1854 1567 1863 1584 ι

260 1612 322 1632 nem
337 1602 410 1630 omni
429 1599 516 1627 carni.
533 1609 543 1625 ι

295 1647 394 1674 larem.
411 1652 442 1676 ιι,
459 1643 503 1671 52.
519 1657 555 1662 -
572 1651 581 1668 1
596 1640 726 1676 Nunquid
750 1639 931 1667 obliviscetur
942 1643 1044 1672 sponsa

260 1691 417 1721 ornamenti
454 1690 509 1722 sui,
525 1693 552 1717 et
585 1688 661 1722 virgo
688 1686 782 1715 [ascite
805 1683 951 1721 pectoralis
969 1682 1046 1710 sua?

262 1737 385 1773 Populus
407 1742 471 1763 vero
490 1741 568 1761 meus
591 1733 693 1760 oblitus
708 1735 752 1760 est
771 1731 827 1759 mei
841 1729 940 1758 diebus
961 1729 1046 1756 innu-

264 1785 358 1811 meris.
377 1793 385 1809 ι

299 1828 419 1857 Malach.
437 1835 457 1859 ι,
469 1826 540 1854 4.-
553 1835 562 1852 ι
576 1825 642 1853 Ἡῖθο
656 1824 724 1852 dicit
744 1823 875 1852 Dominus
890 1820 965 1856 :lpsi
981 1819 1048 1848 aedi-

264 1875 397 1906 ﬁcabunt,
417 1877 445 1901 et
459 1880 508 1907 ego
524 1868 678 1900 destruam.
695 1880 705 1896 ι

298 1921 365 1955 Sap.
389 1927 447 1952 xiv,
473 1919 500 1947 9.
516 1933 550 1939 —-
562 1926 572 1944 1
590 1917 703 1945 Simiter
731 1916 795 1944 odio
811 1919 877 1944 sunt
901 1915 1006 1951 impius
1022 1919 1048 1943 et

262 1967 391 2002 impietas
422 1965 493 2000 ejus.
512 1964 621 1992 Etenim
637 1963 712 1999 quod
731 1961 835 1989 factum
854 1965 897 1990 est
921 1968 983 1989 cum
1001 1961 1048 1989 iilo

262 2014 312 2049 qui
329 2011 402 2045 fecit,
418 2010 657 2039 exterminabitur.
673 2019 682 2035 ι

300 2059 365 2093 Sep.
388 2065 416 2090 ν,
433 2058 477 2085 15.
500 2071 535 2076 -
550 2066 559 2082 1
577 2055 646 2091 Spes
675 2054 823 2090 impiorum
849 2058 979 2088 tanquam
1001 2053 1050 2080 la—

263 2112 348 2140 nugo,
365 2111 426 2139 qua:
449 2111 464 2130 a
486 2107 570 2130 vento
585 2101 704 2134 tollitur,
721 2104 749 2128 et
773 2100 845 2127 sicut
863 2099 955 2126 fumus
970 2098 1017 2134 qui
1034 2106 1049 2125 ιι

264 2155 346 2178 vento
361 2149 540 2185 dispergitur.
556 2157 565 2174 ι

1135 1652 1145 1669 1
1167 1643 1213 1679 Μὴ
1234 1644 1393 1680 ἐπιλήσεται
1421 1646 1513 1682 νύμφη
1530 1647 1577 1674 τὸν
1598 1648 1702 1684 κόσμον
1715 1649 1816 1685 αὐτῆς,
1838 1652 1886 1678 καὶ

1097 1688 1233 1724 παρθένος
1257 1690 1307 1726 τὴν
1334 1691 1529 1727 στηθοδεσμίδα
1553 1693 1654 1729 αὐτῆς;
1681 1696 1695 1722 ὁ
1714 1695 1742 1722 δὲ
1756 1696 1820 1728 λαός
1834 1705 1886 1732 μου

1098 1735 1242 1764 ἐπελάϐετό
1257 1745 1320 1773 μου,
1330 1738 1437 1775 ἡμέρας
1449 1735 1487 1766 ὧν
1501 1740 1550 1767 οὐκ
1564 1740 1638 1769 ἐστιν
1654 1741 1781 1778 ἀριθμός.
1801 1753 1811 1769 ι

1136 1834 1146 1851 1
1164 1825 1233 1852 Τάδε
1248 1826 1324 1861 λέγει
1348 1827 1450 1863 Κύριος
1461 1837 1468 1844 ·
1482 1828 1565 1856 Αὐτοὶ
1585 1829 1818 1867 οζκοδομήσουσιν,
1830 1832 1886 1866 ἐγὼ

1098 1870 1126 1897 δὲ
1139 1872 1329 1908 καταστρέφω,
1354 1882 1364 1900 ι
1740 1881 1746 1888 ·

1138 1923 1147 1943 1
1167 1917 1211 1944 Ἐν
1233 1917 1283 1954 ἴσῳ
1308 1919 1420 1954 μισητὰ,
1442 1920 1489 1947 καὶ
1503 1921 1516 1948 ὀ
1534 1921 1651 1955 ἀσεϐῶν,
1667 1923 1714 1949 καὶ
1728 1923 1744 1958 ἠ
1757 1922 1886 1950 ἀσέϐεια-

1099 1962 1129 1989 τὺ
1143 1963 1264 1999 πραχθὲν
1278 1964 1326 1991 σὺν
1340 1964 1378 2000 τῷ
1393 1965 1522 2001 δράσαντι
1536 1966 1802 2003 ὲξολοθρευθήσεται.
1821 1978 1830 1994 ι

1138 2059 1148 2077 1
1171 2050 1265 2083 Ἐλπὶς
1279 2052 1387 2079 ἀσεϐῶν
1401 2054 1439 2086 ὡς
1454 2054 1603 2091 φερόμενος
1617 2056 1696 2092 χνοῦς
1705 2056 1758 2084 ὐπδ
1772 2057 1886 2094 ἀνέμου,

1100 2096 1147 2124 καὶ
1161 2098 1199 2129 ὡς
1214 2099 1316 2132 καπνὸς
1326 2099 1381 2127 ἀπὸ
1390 2101 1492 2138 ἀνέμου
1511 2101 1633 2139 διεχύθη.
1649 2113 1659 2129 ι

300 2196 366 2231 Sap.
396 2203 435 2227 In,
460 2194 505 2222 19.
528 2209 563 2213 -
580 2202 590 2220 1
618 2191 743 2220 Natiouis
769 2192 870 2228 iniqua:
892 2191 961 2219 dira:
986 2195 1045 2219 sum

1135 2209 1150 2238 ,ς
1165 2200 1264 2233 Γενεᾱς
1283 2196 1376 2230 ἀδίκου
1392 2202 1499 2239 χαλεπὰ
1514 2203 1548 2232 τὰ
1567 2204 1642 2238 τέλη.
1661 2213 1671 2231 ι

263 2240 531 2270 eonsummationes.
551 2248 560 2265 ι

301 2296 367 2332 Sep.
385 2304 446 2330 xm,
462 2295 489 2329 i,
507 2295 533 2327 2,
553 2294 596 2322 10.
613 2309 647 2315 --
662 2303 672 2321 1
687 2293 832 2323 Vanisunt
848 2302 946 2323 omnes
961 2293 1049 2321 homi-

266 2352 327 2376 nes,
343 2343 370 2370 iu
385 2340 485 2378 quibus
510 2349 565 2370 non
581 2342 680 2370 subest
695 2341 813 2370 scientia
835 2340 883 2369 Dei
903 2351 909 2368 :
927 2344 954 2368 et
969 2340 1002 2368 de
1016 2340 1050 2368 iis

264 2399 326 2428 quae
354 2391 481 2419 videntur
509 2390 600 2423 bonis,
630 2397 685 2417 non
715 2393 867 2424 potuerunt
898 2387 1051 2422 intelligere

264 2446 328 2466 eum
349 2438 460 2473 quiest,
479 2444 568 2472 neque
584 2437 717 2472 operibus
739 2435 913 2463 attendentes
929 2441 1048 2469 agnove-

265 2488 329 2512 runt
356 2483 503 2511 artiﬁcem.
528 2482 656 2510 Infelices
675 2486 765 2509 autem
783 2486 859 2515 sunt,
879 2485 906 2508 et
929 2480 956 2507 in
977 2487 1050 2507 mor-

266 2531 323 2559 tuis
337 2538 402 2566 spes
417 2530 526 2557 illorum
540 2532 592 2556 est.
613 2537 623 2554 ι
747 2528 753 2532 ’

301 2585 365 2620 Sar.
379 2593 436 2617 xix,
450 2585 477 2612 1.
486 2601 520 2609 -
531 2583 646 2618 1lmpiis
655 2590 742 2619 usque
755 2583 783 2610 in
797 2583 977 2613 novissimum
991 2583 1051 2611 sine

265 2629 461 2658 misericordia
481 2630 522 2657 ira
537 2628 707 2664 supervenit.
723 2637 733 2654 ›
778 2663 783 2668 ,

302 2683 388 2710 Ercli.
406 2691 463 2715 xw.
474 2683 502 2712 9.
512 2697 548 2703 ——
563 2683 612 2710 1ln
628 2690 767 2718 synagoga
783 2683 958 2719 peccantium
972 2690 1051 2711 exar-

266 2727 341 2755 debit
356 2729 438 2762 ignis.
458 2739 468 2755 ι

304 2785 390 2812 Lacu.
405 2793 455 2820 vn,
482 2788 524 2826 19ῗ
542 2797 595 2814 -—1
612 2787 739 2815 Vindicta
766 2787 912 2822 impiorum
938 2786 1009 2821 ignis
1024 2789 1051 2813 ct

268 2829 382 2856 vermis.
398 2840 407 2855 ν

1139 2310 1148 2326 1
1167 2301 1286 2329 Μάταιοι
1303 2302 1353 2337 μὲν
1368 2305 1468 2336 πάντες
1483 2303 1632 2340 ἄνθρωποι,
1657 2301 1697 2336 οἷς
1717 2305 1808 2340 παρῆν
1820 2305 1887 2332 Θεοῦ

1101 2346 1233 2381 ἀγνωσία,
1249 2348 1295 2374 καὶ
1306 2349 1339 2375 ὲκ
1353 2349 1408 2375 τῶν
1419 2349 1565 2384 ὁρωμένων
1584 2350 1694 2384 ἀγαθῶν
1711 2351 1762 2377 οὐκ
1773 2351 1887 2386 ἴσχυσαν

1101 2394 1200 2422 εἰδέναι
1209 2395 1243 2421 τὰ
1253 2395 1328 2427 ὄντα,
1339 2393 1400 2422 οὒτε
1413 2397 1468 2427 τοῖς
1476 2395 1566 2430 ἔργοις
1575 2395 1754 2433 προσέκοντες
1768 2397 1888 2430 ἐπέγνω-

1104 2449 1153 2468 σαν
1165 2441 1210 2468 τὸν
1224 2440 1360 2476 τεχνίτην.
1373 2441 1559 2476 Ταλαίπωροι,
1573 2442 1618 2469 καὶ
1633 2443 1662 2468 ὲν
1677 2443 1783 2478 νεκροῖς
1801 2443 1828 2470 αἰ
1843 2441 1888 2469 ἐλ-

1103 2486 1178 2518 πίδες
1189 2487 1288 2514 αὐτῶν.
1307 2496 1316 2512 ι

1101 2590 1113 2615 ἐ
1137 2545 1230 2617 ETd;
1253 2544 1364 2572 ἀσεϐέσι
1393 2545 1475 2580 μέχρι
1501 2544 1593 2579 τέλους
1617 2546 1777 2582 ἀνελεήμων
1805 2546 1889 2581 θυμὸς

1117 2597 1136 2615 π
1153 2597 1214 2617 om.
1238 2598 1247 2615 ι

1117 2597 1214 2625 πεστη.
1238 2598 1247 2615 ι

1140 2699 1149 2715 1
1171 2688 1215 2716 Ἐν
1229 2692 1374 2727 συναγωγῇ
1394 2691 1563 2728 ἁμαρτωλῶν
1578 2693 1778 2729 ἐκκαυθήσεται
1880 2703 1890 2719 ι

1139 2797 1148 2814 ‘
1162 2787 1318 2825 Ἐκδίκησις
1333 2789 1448 2825 ἀσεΰῶν,
1465 2793 1520 2828 πῦρ
1539 2793 1584 2820 καὶ
1596 2792 1712 2829 σκώληξ.
1733 2801 1745 2820 n
