2080 3111
255 100 325 138 1159

846 102 876 132 S.
898 100 1058 132 JOANNIS
1072 100 1288 133 DAMASCENI

1812 101 1882 138 1160

289 157 372 186 Joan.
389 165 416 191 ν,
431 157 457 185 8.
470 171 503 177 -
514 167 524 182 ιη
536 155 591 189 Qui
616 155 683 182 facit
708 160 864 190 peccatum,
881 164 913 184 ex
930 157 1034 184 diabolt

1131 167 1139 182 ι
1163 158 1194 184 '0
1208 158 1291 184 ποιῶν
1308 157 1358 193 τὴν
1375 157 1524 193 ἁμαρτίαν,
1537 158 1569 185 ὲκ
1586 158 1633 185 τοῦ
1652 157 1777 186 διαῦόλου
1795 160 1878 190 ἐστὶν,

253 207 310 236 est;
326 202 456 237 quoniam
471 201 506 237 ab
527 200 606 226 initio
620 199 747 227 diabolus
763 205 868 235 peccat.
887 210 896 227 ι

290 234 308 274 ί
324 234 394 274 Ῡὶιη.
410 254 438 278 v,
450 234 506 284 Λι.
521 260 554 266 -
567 254 576 270 ι
595 234 786 277 Quorumdam
815 249 930 280 peccata
953 247 1042 274 mani-

255 296 325 324 festa
348 299 424 327 sunt,
452 293 638 330 praecedentia
664 293 698 320 ad
719 291 878 328 judicium:
909 299 1042 328 quorum-

254 342 316 370 dam
332 345 423 369 autem
440 345 468 368 et
483 339 702 374 subsequuntur.
721 347 731 365 ι

289 386 376 414 Βαιίι.
390 386 418 413 in
433 385 559 414 Carn.—
571 384 778 413 Acerblssimus
795 383 936 413 cruciatus
947 388 991 413 eat
1006 383 1041 412 iis

253 433 300 468 qui
316 437 388 461 recte
403 433 525 468 sapiunt,
542 439 557 460 a
570 432 627 460 Deo
640 431 761 467 seiungi.

289 478 425 513 Ejusdem.
440 493 476 498 —
490 478 621 513 Impietas
639 477 752 513 proprie
774 477 930 513 appellatur
943 483 1042 512 pecca-

253 529 322 557 tum,
339 524 413 559 quod
431 523 459 551 in
474 523 559 551 Deum
574 524 770 551 committitur.

289 570 362 598 Fieri
382 577 436 597 non
458 573 559 605 potest,
580 574 610 596 ut
634 569 673 596 illi
689 577 704 596 ι
721 572 796 597 recta
822 575 866 596 vra
884 568 1041 602 dellectant,

252 625 369 652 quorum
390 617 474 644 animi
492 616 632 643 oblivione
646 615 693 643 Dei
710 623 764 642 non
777 615 916 643 laborant.
959 619 962 622 ‘

288 663 326 690 Ne
358 662 421 698 quis
447 669 542 689 eorum
563 661 611 697 qui
636 668 737 696 pravas
754 661 789 689 de
813 659 869 688 Deo
894 661 1040 696 opiniones

253 711 358 739 tenent,
375 706 516 734 existimet
535 709 665 739 acceptas
687 711 750 733 esse
772 703 868 732 laudes
883 711 953 739 quas
965 704 1040 740 psal-

252 760 360 781 morum
374 755 457 779 cantu
474 751 531 779 Deo
548 749 725 786 persolverit.

287 797 384 832 Ejusd.
403 797 484 824 Haut.
502 796 609 824 adhort.
631 795 665 823 ad
681 795 762 831 Bapt.
780 810 815 816 —
830 795 877 824 Dei
893 795 1039 831 ignoratio,

254 851 329 870 mors
341 847 384 870 est
403 842 511 869 animae.

287 889 338 916 Cui
353 888 414 915 vae?
435 888 479 915 cui
504 887 670 915 tribulatio?
693 887 738 914 cui
763 886 891 914 anxietas
910 885 994 913 animi
1012 888 1040 912 et

251 934 389 961 tenebrae?
405 932 448 960 cui
465 937 568 960 aeterna
591 931 804 959 condemnatio?
827 930 924 959 Nonne
940 931 975 958 iis
991 930 1038 966 qui

251 987 266 1006 a
296 978 349 1006 fide
372 978 559 1009 desciverunt,
585 984 702 1012 eamque
733 977 918 1012 abjurarunt?
941 976 1039 1010 Quod-

251 1032 314 1052 nam
328 1028 418 1052 autem
431 1024 622 1064 abnegationis
634 1023 769 1051 indicium
781 1027 824 1051 est
834 1023 846 1050 .’
856 1023 957 1050 Annon
973 1021 1038 1057 quia

250 1070 453 1098 confessionem
477 1077 556 1097 suam
588 1069 772 1105 abiecerunt?
796 1068 1037 1102 Quemadmodum

250 1118 322 1145 enim
338 1116 439 1145 divina:
453 1116 517 1144 ﬁdei
532 1116 674 1145 confessio
697 1116 863 1152 promissam
880 1115 933 1151 piis
953 1115 1038 1143 beati-

251 1164 376 1191 tudinem
401 1163 551 1196 conciliat;
581 1164 622 1191 sic
643 1162 767 1198 ejusdem
791 1161 1038 1196 inliciatioimpie-

251 1209 316 1236 talis
330 1215 417 1243 paenae
426 1208 577 1236 obnoxium
589 1207 730 1235 hominem
742 1206 844 1235 reddit.

285 1254 383 1288 Ejusd.
415 1254 444 1281 in
477 1253 548 1286 ριαί.
580 1260 680 1280 xxxnt.
703 1268 738 1273 —
758 1252 894 1280 lmmittet
921 1253 1037 1289 angelus

251 1298 370 1325 Domini.
387 1297 522 1326 Omnibus
537 1297 585 1332 qui
605 1297 713 1324 Domini
730 1297 809 1325 lldem
825 1296 944 1332 amplexi
959 1300 1036 1329 sunt.

250 1343 364 1378 angelus
389 1342 500 1370 Domini
522 1349 632 1377 semper
656 1342 786 1372 assistit:
815 1342 966 1370 dummodo
988 1350 1037 1378 per

250 1388 386 1424 ﬂagitiosa
405 1395 489 1423 opera
519 1388 610 1423 ipsum
636 1388 750 1416 minime
777 1387 975 1423 propellamus.
1002 1388 1036 1417 Ut

249 1434 320 1461 enim
337 1441 402 1469 apes
421 1433 513 1461 fumus
534 1433 631 1469 abigit,
645 1437 673 1461 et
687 1432 789 1461 fetidus
805 1432 874 1461 odor
888 1433 1033 1461 columbas

249 1479 347 1514 pellit;
365 1479 405 1506 sic
419 1478 503 1506 etiam
527 1478 684 1506 luctuosum
704 1478 873 1514 fetidumque
888 1483 1032 1515 peccatum

250 1525 315 1552 vitae
337 1529 442 1553 nostrae
457 1525 600 1553 custodem
619 1525 759 1559 angelum.

283 1571 317 1598 In
346 1571 416 1606 psal.
445 1579 540 1598 xum.
565 1585 601 1591 -—
618 1570 669 1603 Qui
695 1570 829 1598 laboravit
855 1570 883 1598 in
910 1570 962 1598 hoc
987 1578 1037 1599 ste-

248 1615 322 1648 culo,
347 1616 420 1643 vivet
441 1615 469 1642 in
496 1615 589 1642 finem.
611 1615 691 1649 337
706 1613 758 1647 Qui
775 1618 866 1642 autem
884 1614 913 1641 in
928 1614 1035 1643 deliciis

248 1666 275 1688 et
300 1660 376 1687 omni
393 1660 517 1687 mollitiei
547 1667 646 1694 genere
670 1660 753 1686 vitam
769 1659 835 1695 agit,
866 1659 904 1687 ita
930 1664 961 1687 ut
980 1667 1036 1695 prze

249 1707 314 1734 luxu
342 1713 463 1741 purpura
481 1710 508 1733 et
531 1705 615 1740 bysso
639 1705 783 1736 induatur,
806 1705 923 1740 singulis
938 1706 1034 1734 diebus

249 1751 392 1787 splendide
409 1751 574 1784 oblectetnr,
600 1755 628 1778 et
651 1758 748 1779 omnes
774 1751 876 1786 quibus
901 1751 1033 1779 virtutem

248 1799 426 1833 adipiscatur,
456 1797 563 1824 labores
593 1796 728 1832 refugiat;
756 1797 781 1824 is
809 1797 836 1824 in
854 1797 908 1825 hoc
931 1798 1033 1826 saeculo

247 1844 361 1871 minimc
382 1844 529 1875 laboravit,
555 1850 606 1870 nec
627 1842 702 1870 vivet
717 1843 746 1870 in
764 1843 868 1876 futuro,
884 1843 933 1871 sed
949 1844 1032 1871 vitam

246 1889 356 1917 eminus
370 1889 482 1921 videbit,
498 1888 659 1924 persolvens
673 1895 770 1924 poenas
782 1888 810 1916 in
825 1889 934 1916 camino
949 1889 1030 1924 ignis.

281 1935 517 1968 Quemadmodum
542 1935 639 1963 umbra
660 1942 773 1970 corpus,
789 1935 830 1963 sic
845 1939 957 1971 peccata
970 1935 1032 1963 ani-

246 1989 305 2009 mas
323 1982 505 2014 comitantur,
525 1985 624 2016 etqua:
648 1982 796 2009 commissa
819 1988 835 2008 a
853 1981 933 2010 nobis
951 1981 1031 2017 flagi-

246 2029 284 2056 tia
300 2033 377 2060 sunt,
395 2032 607 2064 repraesentant.

281 2072 315 2100 In
337 2073 464 2102 Hexaem.
497 2073 543 2100 lib.
569 2081 596 2100 v.
620 2087 656 2094 -—
677 2072 804 2101 Nondum
835 2072 1030 2102 condemnatio

246 2117 382 2145 fertilitati
409 2122 491 2145 terra;
521 2117 750 2153 impedimentum
786 2117 928 2147 all‘erebat.
966 2119 1029 2147 Haec

244 2162 318 2189 etiitn
347 2162 487 2196 antiquior
514 2166 574 2189 erat
600 2167 726 2197 peccato,
757 2168 870 2199 propter
895 2164 968 2200 quod
995 2172 1028 2193 ea
1045 2175 1068 2204 ι)

245 2214 326 2242 pcena
349 2208 457 2235 multati
485 2216 592 2242 sumus,
618 2213 647 2236 ut
668 2216 770 2244 panem
787 2215 912 2238 nostrum
928 2211 1030 2240 sudore

245 2251 340 2279 vultus
371 2251 590 2280 comederemus.
611 2252 748 2281 Caeterum
773 2261 836 2282 rosa
854 2255 920 2283 olim
942 2256 1030 2291 spina;

245 2304 346 2332 expers
357 2300 418 2325 erat
435 2305 442 2324 :
459 2301 522 2332 post
546 2301 651 2332 autem,
676 2298 753 2327 ﬂoris
772 2300 917 2335 elegantiae
929 2301 1028 2336 adjun-

243 2348 288 2371 cta
304 2343 382 2379 spina
406 2348 460 2377 est,
486 2348 518 2372 ut
540 2344 712 2379 iucunditati
731 2345 853 2374 vicinum
881 2354 1028 2375 mter-orem

243 2389 405 2422 habeamus,
437 2390 533 2425 sicque
562 2395 708 2426 peccatum
743 2392 824 2420 nobis
851 2392 879 2419 in
908 2396 1027 2419 mentem

245 2435 345 2468 veniat,
361 2435 441 2470 cujus
455 2443 538 2463 causa
553 2439 656 2464 terram
668 2436 762 2472 spinas
774 2441 802 2465 et
816 2437 935 2465 tribulos
948 2437 1028 2465 nobis

243 2481 368 2517 proferre
382 2489 497 2509 necesse
511 2482 558 2509 sit.

281 2527 312 2556 lu
340 2527 468 2556 ﬂexae-nt.
493 2527 541 2556 lib.
566 2535 604 2555 vt.
620 2527 695 2556 —Si
720 2533 871 2563 conspectu
891 2529 959 2557 solis
983 2537 1028 2557 sa-

243 2573 306 2600 tiari
335 2581 390 2600 non
415 2580 578 2608 possumus,
605 2580 659 2609 qua
684 2573 795 2602 tandem
821 2570 1028 2610 pulchritudine

242 2618 345 2654 fulgeat
370 2623 478 2654 oportet
495 2619 541 2647 Sol
568 2620 614 2647 ille
636 2620 772 2654 iustitia-2
795 2620 823 2647 Si
844 2627 917 2648 caece
938 2620 1026 2647 detri-

241 2667 365 2691 mentum
391 2669 433 2693 est
458 2665 544 2693 solem
572 2665 648 2692 illtnn
676 2673 730 2693 non
746 2673 873 2698 cernere,
889 2671 1026 2700 quantum

241 2709 353 2736 tandem
376 2710 515 2744 peccaturi
530 2710 661 2738 damnum
679 2714 722 2739 est
738 2718 802 2739 vera
823 2711 875 2740 hac.
889 2711 952 2739 luce
969 2711 1026 2746 pri-

241 2753 315 2780 vat-il

277 2795 321 2823 Ex
335 2805 428 2825 union.
445 2802 551 2828 cuustil.
569 2817 602 2821 —
619 2803 707 2831 Grave
723 2808 764 2831 est
778 2807 933 2838 peccatum,
952 2802 1023 2838 quod

1092 204 1133 230 ὅτι
1150 204 1198 230 ἀπ’
1211 203 1300 239 ἀρχῆς
1313 204 1329 230 ό
1343 203 1467 235 διάϐολος
1487 204 1653 240 ἁμαρτάνει.
1673 214 1682 230 ι

1130 258 1138 273 ι
1157 249 1245 282 Τινῶν
1259 249 1286 276 αἱ
1309 249 1441 285 ἁμαρτίαι
1464 249 1595 285 πρόδηλοί
1607 251 1686 282 εἰσιν,
1708 251 1879 286 προάγουσαι

1092 292 1131 324 εἰς
1145 294 1237 328 κρίσιν
1246 300 1254 309 '
1274 293 1356 320 τινῶν
1366 293 1395 320 δὲ
1407 294 1687 322 καὶὲπακολουθοῦσι.
1708 304 1717 322 ι

1127 383 1270 419 Βαρυτάτη
1288 383 1401 416 κόλασις
1419 385 1476 417 τοῖς
1491 382 1522 412 εὖ
1538 384 1694 420 φρονοῦσιν,
1708 386 1723 412 ὸ
1743 385 1799 414 ἀπὺ
1812 384 1881 414 Θεοῦ

1091 429 1241 465 χωρισμός.

1133 474 1258 502 ’Δσὲσεια
1272 476 1375 510 κυρίως
1390 474 1499 510 λέγεται
1509 476 1527 511 ἡ
1543 475 1582 508 εις
1596 475 1664 503 Θεὸν
1676 476 1810 512 ἁμαρτία.

1134 562 1288 598 Ἀμήχανον
1301 563 1472 599 ἐκτραπῆναι
1485 564 1535 600 τῆς
1549 564 1657 598 δικαίας
1671 565 1731 592 ὁδοῦ
1741 586 1749 599 ,
1768 565 1806 602 μὴ
1830 567 1878 602 λή-

1091 608 1141 645 θην
1154 609 1222 635 Θεοῦ
1234 610 1294 641 ταῖς
1308 609 1408 645 ψυχαῖς
1419 611 1600 646 νοσήσαντας.

1125 655 1228 690 Μηδεὶς
1241 655 1340 682 οἰέσθω
1349 655 1403 682 τῶν
1416 657 1589 691 ἑσφαλμένας
1603 657 1668 693 περὶ
1678 658 1747 686 Θεοῦ
1763 659 1878 695 ἐχόντων

1091 699 1251 734 ὑπολήψεις,
1266 701 1309 727 ὅτι
1320 700 1415 728 δεκταὶ
1430 702 1522 729 αὐτῶν
1536 702 1607 730 είιὶν
1618 703 1648 730 αἱ
1664 704 1693 731 ὲν
1706 704 1878 741 ψαλμῳδίαις

1090 745 1217 777 αἰνέσεις.

1125 790 1193 818 Θεοῦ
1205 791 1302 826 ἄγνοια
1314 792 1429 825 θάνατός
1444 793 1503 820 ἐστι
1519 793 1620 830 ψυχῆς.

1124 882 1184 915 Τίνι
1200 881 1278 916 οὐαί;
1293 882 1347 909 τίνι
1359 882 1480 919 (impete;
1496 884 1549 910 τίνι
1569 884 1671 920 ἀπορία
1696 885 1754 921 καὶ,
1764 887 1877 920 σκότος;

1087 927 1141 954 τίνι
1156 928 1254 954 αίωνία
1264 928 1445 964 κατάκρισιςς
1461 929 1492 956 οὑ
1504 930 1560 961 τοῖς
1571 930 1763 965 παραϐάταις;
1779 932 1810 958 οὐ
1821 934 1877 965 τοῖς

1087 973 1136 1009 τὴν
1152 972 1243 1000 πίστιν
1255 974 1473 1010 ἁρνησαμένοιςς
1488 975 1536 1007 Τίς
1547 975 1576 1002 δὲ
1588 976 1639 1012 τῆς
1649 977 1790 1012 ἀρνήσεως
1800 978 1877 1012 ἑλιγ-

1087 1027 1151 1055 χοςς
1163 1019 1212 1055 οὐχ
1222 1019 1262 1046 δτι
1271 1019 1320 1052 τὰς
1333 1021 1436 1052 οἰκείας
1450 1021 1595 1056 ὁμολογίας
1604 1021 1739 1058 1ήοέτησαν
1751 1033 1758 1056 ;
1771 1024 1876 1060 ’Ὥσπερ

1086 1065 1220 1100 ὁμολογία
1238 1066 1288 1102 τῆς
1308 1066 1349 1097 εις
1363 1065 1431 1093 Θεὸν
1455 1066 1584 1101 πίστεως,
1599 1068 1646 1095 τὸν
1668 1070 1718 1104 τῆς
1735 1069 1877 1102 εὺσεὸείας

1088 1111 1265 1147 μακαρισμὸν
1276 1111 1413 1147 προξενεῖ,
1430 1112 1502 1140 οὕτω
1515 1114 1564 1140 καὶ
1575 1114 1592 1149 ή
1613 1114 1730 1150 ἄρνησις
1745 1117 1778 1151 τῇ
1790 1124 1875 1144 κατα.-

1087 1156 1178 1192 κρίσει
1188 1157 1237 1192 τῆς
1250 1157 1397 1193 ἀθεότητος
1410 1157 1567 1187 ὑποϐάλλει.

1121 1248 1298 1285 Παρεμσαλεῖ
1318 1249 1434 1284 ἄγγελος
1455 1249 1560 1285 Κυρίου
1574 1251 1658 1278 παντὶ
1683 1253 1874 1280 πεπιστευκότι

1086 1294 1127 1326 είς
1138 1293 1184 1320 τὸν
1199 1293 1311 1329 Κύριον.
1339 1292 1473 1329 Ἄγγελος
1499 1295 1673 1330 παρεδρεύει,
1699 1295 1748 1323 ἐὰν
1769 1298 1875 1332 μήποτε

1086 1339 1168 1366 αὑτὸν
1182 1340 1265 1375 ἡμεῖς
1279 1340 1313 1366 ἐκ
1336 1340 1390 1367 τῶν
1410 1340 1538 1376 πονηρῶν
1564 1340 1652 1376 ἔργων
1666 1341 1872 1378 ἀποδιώξωμεν.

1092 1385 1136 1418 Ὦς
1149 1386 1203 1421 γὰρ
1217 1386 1266 1418 τὰς
1287 1386 1418 1421 μελίσσας
1442 1386 1547 1419 καπνὸς
1571 1387 1729 1423 φυγαδεύει,
1760 1391 1808 1416 καὶ
1826 1390 1875 1422 τὰς

1086 1432 1251 1467 περιστερὰς
1265 1431 1405 1464 ἐξελαύνει
1418 1432 1546 1464 δυσωδία,
1559 1432 1632 1460 οὕτω
1647 1433 1695 1460 καὶ
1708 1434 1754 1461 τὸν
1766 1435 1876 1469 φύλακα

1086 1477 1137 1513 τῆς
1151 1477 1226 1513 ζωῆς
1245 1477 1325 1513 ήμῶν
1337 1478 1453 1513 ἄγγελον
1467 1480 1484 1514 ἡ
1501 1478 1676 1515 πολύδακρυς
1693 1481 1741 1508 καὶ
1755 1481 1875 1519 δυσώδης

1086 1523 1234 1559 ἀφίστησιν
1249 1525 1381 1560 ἁμαρτία.

1127 1569 1159 1596 '0
1169 1569 1305 1602 κοπιάσας
1323 1571 1352 1597 ἐν
1367 1570 1406 1607 τῷ
1421 1571 1501 1598 αἰῶνι
1521 1572 1620 1608 τούτῳ,
1635 1571 1749 1608 ζήσεται
1765 1574 1806 1606 είς
1827 1574 1872 1601 τέ-

1086 1614 1141 1647 λος.
1162 1615 1191 1642 ’0
1205 1615 1234 1642 δὲ
1249 1616 1278 1643 ὲν
1290 1617 1380 1652 τρυφῇ
1394 1617 1442 1644 καὶ
1466 1617 1577 1645 ὲκλύσει
1600 1618 1676 1654 πάσῃ
1699 1619 1811 1653 διάγων,
1829 1620 1873 1647 aut

1085 1659 1116 1685 τὸ
1130 1659 1301 1695 ἁϐροδίαιτον
1326 1661 1472 1698 πορφύραν
1493 1663 1541 1689 καὶ
1567 1662 1666 1697 βύσσον
1690 1664 1872 1699 ἐνδεδυμένος,

1085 1704 1132 1731 καὶ
1151 1705 1365 1740 εὐφραινόμενος
1380 1707 1441 1733 καθ’
1454 1707 1563 1743 ἡμέραν
1582 1707 1727 1744 λαμπρῶς,
1747 1710 1795 1736 καὶ
1808 1710 1873 1745 φεύ-

1084 1757 1142 1784 γων
1151 1751 1216 1782 τοὺς
1229 1751 1298 1787 ὑπὲρ
1313 1752 1416 1788 ἀρετῆς
1431 1753 1583 1788 καμάτους,
1596 1754 1660 1781 οὒτε
1680 1755 1827 1794 ξκοπίασεν
1841 1757 1871 1783 ὲν

1085 1795 1122 1831 τῷ
1133 1795 1212 1822 αἰῶνι
1226 1796 1324 1832 τούτῳ,
1338 1796 1402 1823 οὔτε
1415 1797 1530 1833 ζήσεται
1544 1798 1574 1825 ἐν
1590 1799 1630 1834 τῷ
1647 1800 1770 1835 μέλλοντι
1781 1820 1789 1832 ,
1803 1802 1871 1828 ἀλλὰ

1085 1842 1195 1877 μακρὰν
1206 1842 1302 1877 δψεται
1315 1843 1365 1879 τὴν
1379 1842 1462 1879 ζωὴν,
1476 1844 1691 1882 βασανιζόμενος
1705 1848 1733 1874 ἐν
1745 1849 1778 1883 τῇ
1791 1848 1871 1882 φλογὶ

1083 1888 1133 1922 τῆς
1143 1887 1269 1923 καμίνου.

1119 1933 1225 1968 Ὥσπερ
1237 1934 1254 1968 ἡ
1268 1933 1333 1960 σκιὰ
1349 1933 1388 1970 τῷ
1400 1933 1518 1971 σώματι,
1541 1935 1612 1962 οὕτω
1637 1937 1698 1968 ταῖς
1720 1937 1818 1972 ψυχαῖς
1841 1938 1871 1964 ut

1082 1978 1217 2014 ἁμαρτίαι
1234 1979 1415 2014 παρέπονται,
1427 1979 1553 2015 δναργεῖς
1570 1980 1621 2013 τὰς
1637 1981 1751 2016 πράξεις
1765 1982 1870 2014 ἐξεικο-

1081 2023 1214 2057 νίζοοσαι.

1116 2069 1225 2106 οὕπωή
1246 2070 1378 2106 καταδίκη
1391 2070 1528 2103 ὲνεπόδιζε
1550 2073 1582 2107 τῇ
1603 2071 1715 2107 εὐθηνίᾳ
1729 2072 1778 2107 τῆς
1803 2072 1867 2107 γῆς.

1080 2115 1260 2152 Πρεσῦυτέρα
1274 2116 1329 2151 γὰρ
1344 2116 1412 2152 αὕτη
1427 2116 1477 2152 τῆς
1490 2117 1638 2152 ἁμαρτίας,
1649 2117 1684 2144 δι’
1695 2117 1729 2153 ἢν
1740 2117 1869 2153 κατεκρί-

1082 2161 1168 2197 θημεν
1184 2162 1214 2188 ὲν
1236 2161 1330 2196 ἱδρῶτι
1349 2161 1398 2188 τοῦ
1425 2162 1571 2197 προσώπου
1595 2163 1673 2198 ἡμῶν
1696 2161 1797 2189 ἐσθίειν
1821 2162 1869 2189 τὸν

1081 2206 1174 2242 ἄρτον.
1191 2206 1265 2242 Πλὴν
1274 2206 1306 2233 τὸ
1316 2207 1392 2242 ῥόδον
1404 2207 1469 2235 ἄνευ
1479 2207 1602 2243 ἀκάνθης
1613 2206 1646 2243 ἧν
1660 2213 1739 2234 ποτε·
1748 2207 1868 2243 fas-reptnt

1079 2252 1107 2280 δὲ
1119 2252 1158 2289 τῷ
1168 2253 1262 2280 κάλλει
1278 2252 1326 2280 τοῦ
1341 2253 1440 2286 ἄνθους
1451 2254 1558 2289 suam
1577 2253 1755 2290 συνεζεύχθη,
1770 2253 1815 2280 ἵνα
1827 2254 1868 2289 τῷ

1079 2298 1189 2334 τερπνῷ
1201 2299 1251 2334 τῆς
1278 2298 1456 2330 ἀπολαύσεως
1469 2299 1586 2334 ἔγγυθεν
1610 2298 1716 2334 ἔχωμεν
1731 2307 1867 2334 παρακει-

1081 2344 1165 2379 μένην
1179 2344 1228 2380 τὴν
1245 2344 1344 2380 λύπην,
1372 2346 1542 2380 μεμνημένοι
1556 2345 1607 2380 τῆς
1621 2344 1770 2380 ἁμαρτίας,
1786 2344 1819 2371 δι’
1833 2344 1868 2379 ἢν

1079 2390 1199 2422 ἀκάνθας
1213 2391 1261 2418 καὶ
1274 2390 1418 2427 τριϐόλους
1434 2392 1500 2427 ἡμῖν
1511 2392 1528 2427 ὴ
1542 2391 1579 2427 γῆ
1588 2391 1746 2419 ἀνατέλλειν
1761 2391 1867 2418 κατεδι-
1884 2409 1889 2418 .

1079 2434 1177 2470 κάσθη.
1883 2428 1886 2439 λ

1070 2527 1074 2530 ’
1113 2528 1145 2555 Et
1159 2528 1307 2564 ἀκόρεστος
1322 2528 1370 2555 τοῦ
1385 2528 1463 2564 ἡλίου
1478 2529 1574 2556 τούτου
1593 2529 1610 2564 ἡ
1625 2527 1687 2561 θέα,
1699 2528 1865 2563 ποταπὸςτῷ

1077 2573 1172 2601 κάλλει
1187 2575 1202 2600 ό
1215 2573 1265 2609 τῆς
1284 2574 1458 2610 δικαιοσύνης
1480 2575 1594 2608 Ἥλιος;
1610 2574 1643 2602 Εί
1670 2574 1763 2610 τυφλῷ
1777 2574 1865 2609 ζημία

1076 2619 1174 2646 τοῦτον
1187 2619 1225 2655 μὴ
1236 2618 1356 2654 βλέπειν,
1372 2619 1481 2655 ποταπὴ
1494 2620 1580 2656 ζημία
1593 2620 1633 2655 τῷ
1649 2619 1804 2657 ἁμαρτωλῷ
1815 2617 1864 2647 τοῦ

1077 2664 1203 2700 ἀληθινοῦ
1217 2665 1305 2700 φωτὸς
1318 2665 1499 2701 στερηθῆναι;

1112 2803 1212 2839 Βαρεῖα
1240 2805 1256 2838 ή
1275 2804 1394 2840 ἁμαρτία
1408 2825 1415 2839 ,
1441 2805 1616 2842 καθέλκουσιιΔ
1636 2807 1686 2841 τὴν
1711 2805 1800 2841 ψυχὴν
1820 2806 1863 2839 εις
