2078 3115
193 164 258 199 1161
312 186 315 188 -

814 151 934 182 SACRA
949 147 1172 180 PARALLELA
1178 169 1184 176 .

1757 137 1827 171 ³162

192 196 319 256 meum
333 218 409 255 ᾅδου.
425 216 462 243 τὸ
482 213 650 250 ἁμαρτάνειν
675 210 742 246 ἡμῖν
761 208 832 237 κατά
847 207 982 235 ἀπουσίαν
997 213 1010 240 Α

1061 205 1155 232 iiinam
1188 203 1217 230 in
1243 198 1540 237 proluudumyinierui
1571 197 1720 232 deprimat.
1742 196 1829 256 Ριιιοά

193 267 240 294 τοῦ
256 265 328 293 θείου
344 263 428 299 φόῦου
443 261 550 296 γίνεται

232 367 263 392 Εἰ
281 365 329 400 μὲν
342 362 426 390 καλὸν
438 362 455 396 ἡ
472 359 607 395 ἁμαρτία,
624 354 870 400 φύλασσεγταύτην
890 353 930 383 εις
945 351 988 400 τέ-

195 411 251 442 λος.
267 396 300 436 ιέι
315 408 344 435 δὲ
366 404 487 442 βλαδιρά
512 403 554 439 τῷ
575 400 712 432 ποιοῦντι,
733 399 760 425 τί
776 397 918 433 ἑπιμένεις
933 396 990 427 τοῖς

197 455 347 490 ὁλεθρίοις;
362 452 451 483 οὺδεις
477 449 561 485 χολὴν
584 447 683 484 ἐμέσαι
708 444 799 480 ζητῶν
816 445 848 471 ἐκ
867 442 991 490 πονηρᾶς

198 503 247 529 καὶ
258 487 409 529 ἀκολάστου
427 497 546 532 διαίτης.
562 491 766 522 πολυπλασίονα
783 490 887 524 ταύτην
902 487 992 523 ἑαυτῷ

199 546 369 585 θησαυρίζει.

235 694 308 722 Νοῦν
325 701 371 720 σου
388 691 438 727 τὴν
451 689 611 726 ὑπέρθεσιν,
626 686 678 714 κᾶν
691 681 853 720 περιστείλῃ
870 681 927 712 τοῖς
944 680 994 715 ῥή-

204 747 304 776 μασιν’
317 737 394 766 αὺτά
412 736 464 772 βοᾷ
487 734 523 762 τὰ
536 733 699 770 πράγματα,
720 729 775 776 κᾶν
933 734 997 751 σιω-

204 770 268 821 τῖᾷς.
283 784 395 814 Ἔασον,
412 770 607 816 ἀποχρήσομαι
618 777 653 812 τῇ
665 774 748 821 caput
761 770 997 821 πρὸς-ἀπόλαυσιν

268 828 400 864 αἰσχρῶν.
423 815 593 860 Ἐγκυλισθῶ
605 822 645 857 τῷ
663 819 787 857 βορϐόρῳ
805 818 860 846 τῶν
874 815 977 852 ἡδονῶν
989 823 996 829 ·

204 875 315 910 αίμάξω
329 874 379 905 τάς
394 873 504 908 ίεῖρας*
521 869 668 905 ἀφέλωμαι
682 867 717 893 τὰ
731 864 862 900 ἀλλότρια
873 870 880 878 ·
897 870 997 910 πορευ-

205 907 244 949 θᾱί
254 907 359 952 δολίως,
373 917 541 953 ἐπιορκήσω,
555 914 711 949 ψεύσωμαι,
727 912 776 939 καὶ
787 911 847 938 τότε
862 907 996 945 μτανοῶ.

205 969 278 1004 Ὀρα
290 966 328 1002 μὴ
337 965 381 992 ἐπ’
392 952 480 991 nisi
495 962 546 998 τῆς
557 958 777 1004 ἀπολυτρώσεως
790 955 893 1004 πλῆθος
905 952 998 1004 atexth

207 997 424 1046 συλλεξάμενος,
444 1007 495 1043 τὴν
514 997 564 1042 μὲν
589 1004 727 1040 ἁμαρτίαν
746 1000 888 1036 ἀθροίσῃς,
903 998 954 1032 τῆς
971 997 999 1024 δὲ

208 1057 409 1093 συγχωρήσεως
421 1052 573 1088 ἀποτύχῃς.

243 1165 309 1197 Θεὸς
323 1165 353 1192 οὐ
382 1162 589 1199 μυκτηρίζεται.
607 1160 654 1194 Μὴ
670 1157 826 1194 ἐμπορεύου
842 1156 891 1191 τὴν
909 1157 999 1190 χάριν.

209 1213 254 1248 Μὴ
270 1212 366 1247 εἴπῃς·
383 1209 467 1241 καλὸς
484 1208 532 1244 μὲν
551 1208 565 1234 ὁ
579 1206 676 1241 νόμος,
699 1203 757 1231 ἀλλ’
771 1203 854 1238 ἡδίων
876 1202 894 1237 ἡ
912 1202 1003 1248 ἁμαρ-

209 1247 255 1285 τία
266 1266 273 1273 ·
287 1256 369 1293 ἡδονὴ
384 1254 533 1290 ἆγγιστρόν
552 1254 626 1280 ἔστιν
650 1250 697 1279 τοῦ
713 1249 839 1277 διαϐόλου
857 1247 924 1284 πρὸς
950 1247 1003 1293 dar-

209 1292 310 1331 ώλειαν
330 1302 427 1329 ἒλκον·
445 1299 528 1336 ἡδονὴ
560 1299 651 1334 μήτηρ
674 1297 725 1331 τῆς
755 1293 905 1331 ἁμαρτίας,
933 1293 949 1328 ή
974 1292 1003 1319 δὲ

213 1350 336 1387 ἁμαρτία
360 1348 390 1375 τὺ
417 1347 529 1382 κέντρον
556 1345 615 1372 ἐστὶ
640 1343 767 1371 Θανάτου.
790 1340 890 1377 Ἡδονὴ
904 1339 1004 1376 τροφός

213 1401 272 1425 ἐστι
290 1396 337 1423 τοῦ
352 1395 461 1422 αἰωνίου
478 1392 629 1428 σκώληκος,
655 1391 672 1427 ἣ
688 1390 757 1425 πρὸς
775 1388 870 1423 καιρὸν
894 1387 1006 1418 καταλι-

215 1443 307 1471 παίνει
317 1442 362 1468 τὸν
373 1440 577 1476 ἁμαρτάνοντα,
597 1437 712 1472 ὕστερον
732 1435 760 1462 δὲ
777 1433 945 1470 πικροτέρας
959 1441 1005 1468 xo-

215 1488 265 1523 λῆς
279 1487 397 1514 ποιεῖται
410 1485 461 1516 τὰς
475 1483 627 1514 ἀναδόσεις.
642 1482 727 1508 Οὐδὲν
742 1480 807 1508 ἄλλο
825 1480 874 1515 βοᾷ
886 1480 903 1515 ἡ
919 1479 1006 1523 ὑπερ-

217 1522 302 1565 ῦεσις,
314 1532 330 1567 ἢ
341 1531 428 1558 ταῦτα
440 1538 445 1544 ⁸
459 1528 647 1565 βασιλευσάτω
657 1528 685 1554 ἐν
697 1527 760 1561 ἐμοὶ
772 1527 788 1561 ἡ
799 1525 934 1562 ἁμαρτία,
947 1522 1006 1551 εἶτα

1038 256 1199 285 peccemus,
1229 254 1286 276 non
1315 245 1429 273 aliunde
1456 245 1557 277 oritur,
1581 250 1664 279 quam
1683 242 1758 278 quod
1782 242 1830 270 Dei

1041 299 1132 323 metus
1152 302 1167 321 ιι
1181 293 1263 321 nobis
1283 292 1366 320 absit.
1738 292 1741 295 λ

1079 352 1218 388 Ejusdem,
1234 349 1341 378 adhort.
1367 349 1402 376 ad
1429 348 1510 382 Bapt.
1525 360 1559 369 -ι
1570 347 1716 382 Siquidem
1731 352 1831 382 pecca-

1040 403 1099 426 tum
1119 397 1224 425 bonum
1239 396 1286 429 sit,
1304 395 1338 423 ad
1354 398 1509 423 extremum
1526 401 1614 429 usque
1630 393 1722 428 ipsum
1738 400 1830 421 serva.

1042 443 1092 472 Sin
1110 446 1202 471 autem
1219 441 1408 478 periculosum
1428 443 1471 468 est
1483 440 1525 468 eis
1541 447 1556 467 a
1573 446 1629 475 quo
1645 443 1832 474 perpetretur,

1042 496 1093 518 cur
1107 489 1136 517 in
1152 488 1197 516 bis
1212 495 1274 523 quae
1288 487 1407 515 exitiosa
1433 489 1511 518 sunt,
1542 485 1726 521 perseveras?
1746 484 1834 513 Nemo

1042 535 1127 564 bilem
1141 541 1269 562 evomere
1283 540 1423 569 quaerens,
1445 532 1512 560 illud
1528 531 1586 567 agit
1602 539 1657 566 quo
1671 539 1719 566 per
1731 531 1833 558 malam

1043 584 1072 609 et
1084 581 1315 615 intemperantem
1336 578 1429 606 victus
1451 577 1587 605 rationem
1613 575 1758 612 copiosius
1774 583 1834 603 eam

1045 626 1099 654 sibi
1117 630 1243 662 oggerat.

1082 679 1363 708 lbid.—Dilationis
1388 682 1443 706 tua:
1473 685 1587 706 causam
1615 678 1756 713 intelligo;
1784 679 1838 706 etsi

1045 727 1140 756 verbis
1157 733 1218 754 eam
1235 726 1355 761 obtegis.
1379 724 1434 753 Res
1460 725 1526 759 ipsa:
1552 725 1684 756 clamant.
1707 725 1840 760 quamvis

1046 773 1217 801 obticeseas.
1232 771 1309 804 Sine,
1323 771 1428 806 inquis.
1453 775 1483 798 ut
1501 770 1535 798 ad
1551 770 1643 805 turpia
1660 770 1840 806 obscenaque

1047 820 1253 847 oblectamenta
1275 823 1360 846 carne
1377 818 1491 850 abutar,
1513 817 1582 844 utin
1599 817 1773 852 voluptatum
1792 825 1841 844 vo-

1049 865 1123 893 luter
1146 871 1238 898 emno,
1265 866 1297 892 ut
1319 872 1420 892 manus
1440 868 1597 896 eruentem,
1627 866 1657 892 ut
1680 863 1772 891 aliena
1795 870 1842 891 ra-

1052 911 1138 947 piam,
1164 915 1196 938 ut
1219 909 1334 938 subdole
1358 909 1496 941 incedam,
1518 913 1548 936 ut
1563 909 1696 944 pejerem,
1713 914 1742 937 et
1764 917 1841 937 ruen—

1053 957 1117 990 tiar,
1143 960 1266 992 tuncque
1291 956 1484 991 pcenitentiam
1509 962 1598 990 agam.
1627 954 1694 982 Vide
1715 963 1759 989 ne,
1777 957 1843 984 dum

1054 1010 1103 1038 spe
1120 1003 1208 1030 venia:
1233 1006 1410 1037 peccatorum
1436 1009 1533 1037 agmen
1560 1000 1680 1036 colligis,
1699 1005 1844 1036 peccatum

1053 1048 1165 1084 quidem
1184 1048 1320 1080 cumules,
1348 1047 1455 1077 veniam
1483 1051 1575 1074 autem
1607 1046 1720 1075 minime
1744 1054 1845 1077 conse—

1055 1101 1163 1130 quarts.

1092 1159 1164 1188 Ibid.
1185 1174 1221 1180 —
1243 1159 1315 1187 Deus
1330 1166 1386 1187 non
1414 1158 1547 1186 irridetur
1564 1158 1673 1193 (Guar.
1688 1166 1727 1192 vt,
1744 1159 1790 1194 Ἰ).
1806 1158 1847 1187 Ne

1056 1206 1152 1242 gratiae
1180 1209 1366 1233 mercaturam
1394 1204 1490 1232 facias.
1509 1203 1549 1232 Ne
1565 1203 1655 1238 dicas,
1676 1204 1718 1232 lex
1733 1206 1847 1241 quidem

1057 1254 1130 1280 bona
1147 1256 1191 1280 est
1210 1260 1217 1278 ι
1243 1251 1292 1279 sed
1310 1250 1466 1286 jucundius
1481 1255 1525 1278 est
1538 1255 1695 1286 peccatum.
1711 1251 1848 1286 Voluptas

1057 1299 1159 1327 hamus
1181 1297 1282 1326 diaboli
1303 1301 1359 1330 est,
1374 1297 1409 1324 ad
1424 1297 1540 1324 exitium
1564 1297 1689 1325 trahens.
1713 1297 1848 1333 Voluptas

1058 1349 1148 1372 mater
1162 1347 1206 1372 est
1227 1343 1347 1379 peccati,
1364 1342 1498 1370 stimulus
1521 1343 1632 1370 mortis.
1640 1342 1775 1379 Voluptas
1787 1352 1842 1372 ver-

1059 1390 1113 1418 mis
1126 1390 1223 1417 eterni
1258 1389 1354 1416 nutrix
1379 1392 1436 1419 est,
1463 1395 1519 1423 qua
1537 1388 1571 1415 ad
1597 1389 1682 1417 breve
1707 1389 1847 1424 quoddam

1059 1441 1169 1471 tempus
1188 1439 1333 1471 peccatum
1347 1435 1509 1469 saginatur;
1534 1440 1598 1470 post
1619 1439 1711 1463 autem
1726 1437 1849 1464 amario-

1060 1490 1104 1510 res
1119 1482 1182 1510 felle
1193 1486 1291 1509 ruetus
1305 1485 1408 1509 movet.
1427 1480 1500 1509 Nihil
1518 1481 1595 1509 aliud
1609 1481 1709 1509 dilatio
1728 1482 1831 1510 clamat
1841 1504 1849 1514 .

1061 1528 1115 1556 nisi
1131 1528 1184 1556 ista
1201 1534 1209 1554 :
1236 1527 1342 1562 Reguet
1370 1528 1397 1554 in
1419 1535 1462 1555 me
1478 1531 1642 1562 peccatum;
1669 1528 1785 1563 posthac
1798 1529 1850 1557 ali-

218 1578 372 1614 βασιλεύσει
390 1575 456 1603 ποτὲ
473 1575 521 1602 καὶ
542 1575 556 1600 ὸ
572 1573 683 1610 Κύριος.
708 1572 882 1608 Παραστήσω
898 1580 948 1606 μου
973 1570 1007 1596 τά

1061 1573 1172 1609 quando
1188 1580 1300 1609 quoque
1314 1572 1448 1600 Dominus
1461 1573 1598 1608 regnabit.
1612 1573 1752 1601 Exhibebo
1765 1582 1851 1602 mem-

220 1624 287 1660 μέλη
303 1623 371 1650 ὅπλα
386 1621 492 1652 ἀδικίας
504 1621 538 1656 τῇ
556 1619 655 1654 ἀνομίᾳ
668 1618 745 1649 ποτὲ,
764 1618 812 1644 καὶ
822 1617 893 1644 ὅπλα
904 1617 1009 1643 δικαιο-

220 1670 303 1704 σύνης
318 1669 387 1695 αὐτὰ
400 1667 440 1702 τῷ
451 1666 520 1702 Θεῷ.
536 1665 614 1691 Οὕτω
628 1664 676 1691 καὶ
688 1664 703 1690 ὁ
716 1664 786 1691 Κάῖν
796 1663 952 1698 προσέφερε
962 1662 1011 1694 τὰς

219 1715 326 1746 θυσίας,
345 1714 380 1740 τὰ
392 1713 488 1748 πρῶτα
504 1712 537 1747 τῇ
554 1710 703 1737 ἀπολαύσει
715 1711 749 1746 τῇ
765 1709 863 1736 ἑαυτοῦ
875 1730 882 1742 ,
899 1709 934 1736 τὰ
951 1709 1012 1736 δεύ-

220 1768 288 1795 τερα
301 1758 340 1793 τῷ
352 1757 476 1784 κτίσαντι
488 1756 534 1782 καὶ
549 1754 740 1790 δωρησαμένῳ
754 1753 825 1789 Θεῷ.
846 1754 911 1782 Ὅτε
931 1754 1012 1780 δυνα-

220 1806 265 1837 τδς
281 1803 307 1832 εί
333 1805 361 1833 ἐν
380 1803 483 1840 ἔργοις.
512 1802 562 1837 τὴν
581 1800 697 1836 νεότητά
714 1809 760 1829 σου
777 1801 838 1832 ταῖς
862 1801 1013 1835 ἁμαρτίαις

223 1850 469 1887 προσαναλίσκεις·
497 1849 561 1875 ὅταν
587 1846 721 1884 ἀποκάμῃ
745 1846 779 1874 τά
812 1845 927 1882 ὄργανα,
953 1845 1014 1872 τότε

223 1898 373 1933 προσάγεις
388 1895 457 1922 αὐτὰ
474 1894 513 1930 τῷ
530 1894 600 1929 Θεῷ,
617 1894 662 1921 ὅτε
676 1895 716 1925 είς
731 1893 809 1919 οὐδέν
822 1893 898 1919 ἐστιν
921 1893 1014 1922 αὐτοῖς

223 1941 388 1978 χρήσασθαι,
406 1940 463 1967 ἀλλ’
475 1939 581 1975 ἀνάγκη
599 1939 716 1970 κεῖσθαι,
730 1938 774 1965 διά
787 1938 833 1964 τὸν
849 1939 881 1964 ὲκ
892 1937 940 1964 τοῦ
952 1937 1015 1973 χρόν-

224 1996 271 2014 νου
289 1987 432 2022 μαρασμδν
455 1984 660 2020 παραλυθέντος
674 1984 721 2012 τοῦ
741 1984 829 2011 τόνου.
851 1984 883 2010 Ἦ
896 1985 926 2011 ὲν
941 1984 1016 2019 γήρᾳ

226 2031 401 2068 σωφροσύνη,
417 2031 448 2058 οὐ
465 2030 629 2066 σωφροσύνη
640 2050 648 2062 ,
670 2030 730 2057 ἀλλ’
748 2029 899 2061 ἀκολασίας
917 2029 1015 2058 ἀδυνα-

227 2078 277 2113 μία
287 2085 295 2093 ο
311 2077 407 2113 νεκρὸς
414 2077 445 2104 οὺ
461 2075 653 2112 στεφανοῦται.
676 2076 771 2108 Οὐδεὶς
790 2076 893 2108 δίκαιος
905 2076 939 2103 δι’
954 2076 1018 2103 ἀδυ-

226 2123 327 2159 ναμίαν
340 2123 389 2150 τοῦ
403 2122 501 2151 κακοῦ.
523 2122 596 2153 Ἕως
614 2122 674 2149 ἐστὶ
696 2122 823 2158 δύναμις,
835 2122 907 2159 λόγῳ
921 2122 1017 2158 κράτει

226 2171 274 2206 τῆς
290 2169 440 2205 ἁμαρτίας.
457 2168 544 2198 Τοῦτο
556 2169 611 2204 γάρ
624 2169 698 2196 ἐστιν
711 2168 807 2204 ἀρετὴ,
827 2169 950 2200 ἔκκλισις
964 2169 1019 2195 ἀπὸ

226 2214 325 2247 κακοῦ,
339 2215 386 2242 καὶ
399 2214 508 2250 ποίησις
528 2212 644 2248 ἀγαθοῦ.
666 2213 698 2240 'H
717 2213 746 2240 δὲ
761 2213 845 2249 ἀργία
861 2215 910 2249 τῆς
935 2222 1019 2249 πονη-

229 2261 299 2296 ρίας,
316 2260 380 2287 οὔτε
393 2260 513 2287 ἐπαίνων
528 2260 598 2294 αὑτὴ
609 2259 669 2286 καθ’
683 2260 793 2294 ἑαυτὴν,
806 2259 869 2286 οὔτε
880 2259 1018 2290 κολάσεως

228 2306 362 2339 ἀξιοῦται.
387 2305 453 2333 Ἑάν
467 2305 502 2332 δι’
515 2305 627 2341 ἡλικίαν
641 2304 734 2341 παύσῃ
747 2305 795 2338 τῆς
809 2304 956 2340 ἁμαρτίας,
971 2305 1021 2339 τῆς

228 2352 372 2384 ἀσθενείας
384 2352 401 2387 ἡ
419 2352 511 2387 χάρις.
533 2350 714 2386 Ἐπαινοῦμεν
725 2351 754 2377 δὲ
767 2351 829 2382 τοὺς
840 2351 911 2377 κατὰ
927 2350 1023 2385 προαί-

231 2407 306 2434 ρεσιν
323 2397 453 2432 ἀγαθοὺς,
473 2398 505 2426 οὺ
517 2398 579 2429 τοὺς
597 2397 649 2424 ὑπὸ
661 2397 785 2432 ἀνάγκης
799 2397 1020 2432 ὲξειργομένους.

229 2445 278 2476 Τίς
289 2444 317 2471 δέ
332 2453 373 2471 σοι
387 2444 492 2471 καὶτὸν
507 2444 569 2480 ὅρον
586 2444 636 2479 τῆς
652 2443 725 2478 ζωῆς
739 2443 855 2479 ἐπηξεν;
871 2444 898 2470 τί
918 2452 959 2470 σοι
972 2443 1022 2479 τὴν

230 2490 401 2526 προθεσμίαν
416 2490 463 2517 τοῦ
478 2491 572 2526 γήρως
587 2490 705 2526 ὦρισεν;
721 2490 762 2521 τίς
774 2486 852 2521 οὗτος
866 2490 1022 2522 ἀξιόπιστος

230 2537 307 2573 παρά
322 2545 363 2563 σοι
379 2537 434 2564 τῶν
452 2536 605 2572 μελλόντων
619 2537 759 2572 ἐγγυητής
772 2545 779 2569 ;
794 2537 844 2572 οὐχ
858 2537 925 2572 ὁρᾷς
937 2537 1022 2572 νήπια

231 2582 429 2618 ἀρπαζόμενα;
446 2582 510 2614 τοὺς
524 2583 554 2610 ὲν
569 2582 662 2618 ἡλικίᾳ
680 2582 890 2617 ἀπαγομένουςς
906 2583 956 2609 οὐκ
967 2582 1023 2618 ἔχει

232 2629 298 2664 μίαν
314 2628 486 2664 προθεσμίαν
497 2629 512 2655 ὸ
535 2628 602 2663 βίος.
617 2628 651 2654 Τί
673 2629 819 2663 ἀναμένεις
843 2628 964 2663 πυρετοῦ
981 2637 1023 2655 σοι

230 2674 317 2710 δῶρον
332 2673 460 2708 γενέσθαι
475 2674 525 2709 τὴν
542 2674 699 2708 μετάνοιαν,
716 2674 761 2700 ὅτε
773 2673 836 2700 οὔτε
853 2673 1023 2708 φθέγξασθαι

230 2719 345 2756 δυνήσῃ,
367 2719 439 2754 τάχα
464 2718 493 2745 δὲ
510 2718 572 2745 οὐδὲ
600 2717 728 2750 ἀκοῦσαι,
741 2717 773 2744 οὐ
786 2718 882 2753 χεῖρας
902 2715 968 2752 ἆραι
983 2718 1023 2748 εἰς

231 2766 294 2798 τοὺς
309 2765 452 2801 οὐρανοὺς,
466 2764 517 2791 οὐκ
529 2763 576 2790 ἐπὶ
589 2763 673 2794 πόδας
687 2763 876 2798 διαναστῆναι,
889 2763 920 2789 οὺ
934 2763 1023 2790 κλῖναι

232 2811 297 2846 γόνυ
310 2812 351 2843 είς
363 2810 413 2847 τὴν
428 2809 624 2846 προσκύνησιν.

1062 1619 1111 1647 bra
1127 1626 1188 1646 mea
1205 1625 1281 1645 arma
1307 1617 1452 1653 injustitiae
1476 1617 1509 1645 ad
1536 1618 1732 1653 iniquitatem,
1751 1619 1852 1647 deinde

1061 1672 1094 1693 ea
1110 1664 1195 1692 etiam
1215 1663 1272 1691 Deo
1295 1667 1466 1691 armaturam
1495 1664 1636 1699 praebebo.
1652 1665 1701 1692 Sic
1717 1665 1850 1693 nimirum

1061 1711 1129 1739 Cain
1148 1718 1259 1746 quoque
1275 1709 1410 1737 sacriﬁcia
1427 1709 1571 1743 otl‘erebat,
1594 1711 1684 1745 prima
1699 1711 1810 1746 quidem
1826 1717 1855 1739 et

1063 1756 1256 1792 praestantiora
1273 1756 1337 1784 usui
1357 1763 1408 1783 suo
1428 1760 1456 1783 et
1478 1756 1624 1790 voluptati.
1649 1757 1771 1785 secunda
1789 1765 1855 1785 vero

1063 1807 1091 1830 et
1107 1803 1248 1831 deteriora
1266 1801 1405 1830 conditori
1425 1806 1453 1829 et
1475 1801 1605 1830 donatori
1634 1801 1701 1831 Deo.
1721 1802 1790 1830 Dum
1814 1804 1856 1830 vi-

1064 1848 1140 1876 ribus
1168 1848 1201 1875 anl
1230 1847 1400 1882 operandam
1437 1847 1535 1882 polles,
1558 1847 1710 1882 iuvenilem
1747 1853 1855 1876 :etatem

1065 1897 1139 1923 tuam
1169 1893 1197 1920 in
1224 1893 1347 1928 peccatis
1376 1893 1520 1921 consumis
1543 1901 1551 1920 :
1574 1900 1638 1921 eum
1671 1894 1854 1922 instrumenta

1065 1940 1263 1976 elanguerunt.
1291 1945 1349 1967 tum
1374 1940 1434 1974 ipsa
1462 1939 1518 1967 Deo
1541 1939 1635 1972 oii‘ers.
1654 1940 1706 1968 hoc
1722 1946 1774 1973 est,
1793 1948 1857 1968 cum

1066 1986 1135 2013 nulli
1147 1986 1205 2021 jam
1221 1985 1284 2013 usui
1299 1989 1383 2019 sum;
1406 1985 1473 2021 quin
1499 1990 1528 2013 ut
1542 1985 1657 2020 iaceant
1674 1994 1789 2015 necesse
1805 1992 1858 2018 est.

1065 2031 1156 2059 fracto
1171 2031 1303 2058 videlicet
1319 2031 1413 2066 vigore
1429 2035 1542 2066 propter
1558 2031 1650 2059 tabem
1675 2032 1860 2061 diuturnitate

1067 2077 1204 2112 temporis
1217 2080 1403 2105 contractam.
1423 2077 1507 2113 338
1530 2077 1614 2113 Atqui
1638 2078 1733 2106 senilis
1745 2080 1862 2108 castitas

1068 2131 1126 2152 non
1140 2128 1195 2156 est,
1212 2131 1308 2151 verum
1325 2123 1450 2150 libidinis
1470 2123 1646 2159 impotentia.
1666 2123 1792 2152 Mortuus
1805 2133 1862 2153 non

1069 2170 1191 2198 donatur
1219 2176 1335 2197 corona.
1363 2168 1450 2196 Nemo
1471 2169 1507 2196 ob
1537 2168 1715 2204 perpetrandi
1745 2171 1863 2199 sceleris

1072 2215 1289 2244 imbecillitatem
1303 2214 1397 2250 justus
1410 2219 1552 2242 censetur.
1569 2214 1638 2242 Dum
1655 2215 1762 2243 viribus
1777 2216 1863 2250 vales,

1072 2262 1116 2290 {ac
1140 2261 1260 2290 rationis
1285 2268 1337 2297 ope
1350 2265 1495 2296 peccatum
1523 2261 1631 2289 vincas.
1657 2260 1687 2289 In
1713 2262 1766 2290 hoc
1790 2264 1862 2291 enim

1071 2309 1160 2343 posita
1175 2308 1265 2336 virtus
1289 2311 1343 2338 est,
1365 2311 1395 2334 ut
1420 2308 1485 2342 quis
1507 2307 1630 2335 declinet
1651 2315 1666 2335 a
1685 2308 1766 2341 malo.
1781 2312 1810 2337 et
1826 2309 1865 2336 fn-

1072 2354 1134 2381 ciat
1146 2354 1261 2381 bonum.
1279 2353 1347 2380 Nam
1365 2353 1470 2388 alioqui
1486 2353 1628 2381 abstinere
1644 2360 1659 2380 ιι
1673 2358 1797 2388 peccato,
1816 2362 1866 2390 per

1072 2407 1103 2428 se
1117 2399 1255 2435 ejusmodi
1267 2404 1321 2433 est,
1341 2404 1371 2427 ut
1394 2407 1445 2428 nec
1469 2400 1590 2433 laudem,
1605 2407 1656 2427 nec
1673 2407 1782 2435 poenam
1806 2409 1864 2428 ine.

1073 2451 1178 2474 reatur.
1195 2446 1226 2474 Si
1253 2451 1366 2481 propter
1381 2449 1490 2474 aetatem
1509 2453 1626 2481 peccare
1643 2446 1761 2480 desinis,
1786 2447 1865 2474 infir-

1075 2493 1163 2520 mitati
1185 2492 1315 2520 habenda
1331 2492 1422 2527 gratia
1436 2496 1488 2520 est.
1514 2492 1603 2520 Porro
1618 2500 1666 2520 eos
1683 2492 1791 2520 demtnu
1807 2493 1867 2520 lau-

1074 2538 1158 2566 dibus
1173 2537 1318 2571 efficimus,
1337 2537 1383 2572 qui
1398 2537 1541 2565 VOluntate
1556 2541 1585 2565 et
1605 2537 1768 2565 inductione
1780 2538 1867 2565 animi

1076 2584 1139 2610 boni
1170 2587 1245 2616 sunt,
1271 2591 1327 2610 non
1344 2583 1392 2619 qui
1422 2582 1591 2611 necessitate
1608 2582 1728 2618 quadam
1750 2590 1868 2618 peccare

1077 2628 1272 2664 prohibentur.
1297 2627 1357 2656 1am
1379 2628 1442 2664 quis
1467 2627 1517 2655 tibi
1537 2628 1600 2655 vitae
1617 2628 1736 2663 praeﬁxit
1751 2628 1869 2655 metam?

1075 2676 1140 2710 quis
1165 2675 1320 2703 senectutis
1345 2674 1466 2710 spatium
1484 2673 1630 2702 deﬁnivit?
1655 2674 1719 2709 quis
1744 2675 1816 2710 apud
1843 2679 1870 2701 te

1076 2727 1134 2749 tam
1150 2725 1244 2750 certus
1257 2721 1415 2749 futurorum
1432 2727 1554 2756 sponsor
1570 2719 1632 2748 est?
1650 2719 1709 2747 Non
1732 2718 1810 2748 vides
1828 2720 1872 2747 in-

1079 2769 1170 2796 fantes
1189 2773 1277 2795 morte
1292 2767 1401 2802 abripi?
1417 2774 1473 2794 non
1499 2770 1580 2795 relate
1604 2766 1736 2794 ﬂorentes
1752 2766 1873 2793 abduci?

1082 2819 1136 2839 non
1153 2820 1225 2840 unus
1241 2813 1323 2848 plane
1347 2812 1476 2847 idemque
1498 2812 1561 2840 vitae
1581 2812 1718 2839 terminus
1741 2812 1872 2841 omnibus

235 2855 406 2892 praescriptus
417 2858 469 2881 est.
481 2853 553 2888 Quid
568 2857 726 2890 exspectas,
753 2856 817 2884 dum
836 2854 922 2884 febris
942 2855 1079 2885 beneﬁcio
1097 2857 1144 2885 tibi
1161 2858 1326 2894 pmnitentia
1361 2858 1522 2894 contingat?
1556 2866 1618 2886 cum
1651 2858 1781 2887 videlicet
1823 2865 1872 2887 nec

393 2901 529 2932 PATROL.
552 2901 609 2932 Gn.
633 2901 719 2933 XCV.

1657 2904 1693 2937 37
