2080 3111
250 156 328 188 11.63

827 155 855 184 S.
875 155 1034 186 JOANNIS
1052 154 1264 185 DAMASCENI

1816 151 1886 185 1164

255 215 347 250 loqui,
367 221 398 241 ae
416 212 534 240 fortasse
555 218 590 238 ne
606 210 717 246 quidem
742 210 839 239 audire
852 212 969 247 poteris,
986 219 1040 238 non
1061 217 1158 239 manus
1173 213 1205 238 ad
1235 212 1336 238 cadum
1363 211 1470 243 tollere,
1503 218 1558 239 non
1593 211 1621 237 in
1649 209 1764 245 pedibus
1798 214 1885 242 stare,

258 269 314 290 non
329 257 499 287 adorationis
514 263 599 283 causa
615 263 704 291 genua
720 255 836 283 ﬂectere.

295 307 363 335 Ibid.
378 303 508 331 --Nemo
538 307 565 330 te
587 303 702 330 sedarat
726 303 857 331 inanibus
879 303 981 331 verbis.
1010 305 1049 330 lr-

258 357 320 382 ruet
331 351 405 379 enim
423 350 450 377 iu
471 353 499 377 te
516 348 660 384 repentina
684 348 839 381 calamitas,
857 353 885 377 et
913 349 1044 377 interitus

257 405 306 425 ceu
322 400 472 430 tempestas
489 394 612 430 ingruat.
639 393 734 421 Veniet
749 394 838 422 tristis
854 395 980 430 angelus,
997 395 1044 430 qui

254 443 377 470 animam
393 446 468 468 tuam
487 440 612 475 peccatis
623 439 804 467 constrictam
823 447 872 474 per
886 441 940 467 vim
959 440 1046 468 abdu-

253 493 312 519 cat,
330 486 541 523 pertrahatque,
560 485 658 513 oculos
682 485 829 513 identidem
847 486 881 512 ad
901 493 948 513 res
962 486 1045 521 hujus

258 535 319 562 vita:
337 536 554 567 retorqueutem,
571 535 599 558 et
615 531 684 558 citra
702 538 797 558 vocem
821 530 908 557 ullam
929 530 1046 565 ingemi-

257 583 392 611 scentem,
409 584 528 605 maerore
545 576 675 603 nimirum
690 583 827 611 organum
851 576 1045 611 praecludente.

257 625 279 651 0
296 631 378 659 quam
405 623 523 657 teipsum
550 622 698 652 lacerahis,
714 625 850 655 quantum
878 622 982 648 luctum
997 629 1045 648 ex-

256 670 365 701 eitaliis,
381 672 514 703 quantum
532 670 570 699 te,
598 667 738 694 incassum
753 667 827 698 licet,
843 667 1044 702 praeteritorum

257 716 435 743 consiliorum
456 712 606 748 paenitebit,
631 720 696 740 cum
713 712 853 747 iustorum
874 712 901 739 in
930 712 977 740 illa
994 712 1045 740 do-

257 769 353 788 norum
379 759 574 787 distributione
600 759 739 791 ltetitiam,
758 762 785 785 et
803 762 979 793 peccatorum
1005 759 1045 785 al-

256 807 374 834 tissimis
402 806 460 833 illis
483 805 608 833 tenebris
638 804 800 831 maestitiam
818 803 1044 837 cerues?Qualis

256 856 322 879 tunc
343 852 371 878 in
391 851 485 879 cordis
507 851 630 878 cruciatu
657 857 749 877 sermo
768 853 833 877 tuus
849 849 920 877 erit?
935 849 977 877 ille
994 850 1045 877 mi-

256 906 360 928 serum.
384 898 431 932 qui
456 905 539 932 grave
562 896 614 923 hoc
631 903 703 923 onus
724 896 831 931 peccati
856 903 911 925 nou
935 895 1045 930 abiece—

256 944 323 975 rim,
340 951 402 970 cum
417 949 472 970 tam
492 942 574 969 facile
591 945 619 970 et
635 945 790 976 promptum
807 945 882 969 esset
905 941 971 968 illud
995 949 1044 969 cx-

1132 302 1236 338 Μηδείς
1250 310 1280 329 σε
1297 301 1460 334 ἐξαπατάτω
1482 303 1570 334 κενοῖς
1583 302 1688 336 λόγοις·
1708 302 1880 337 ἐπιστήσεται

1095 348 1150 383 γάρ
1164 355 1205 374 σοι
1216 347 1348 383 αἰφνίδιος
1365 347 1485 383 ὄλεθρος,
1502 349 1549 375 καὶ
1562 349 1580 383 ἡ
1595 349 1770 383 καταστροφὴ
1785 348 1883 382 ὁμοίως

1095 394 1233 428 καταιγίδι
1248 394 1394 429 παρέσται.
1406 393 1485 426 ’Ἥξει
1495 394 1609 428 ἄγγελος
1623 394 1757 429 κατηφὴς,
1770 394 1885 428 ἀπάγων

1096 440 1201 474 βιαίως,
1212 440 1259 467 καὶ
1274 440 1436 474 κατασύρων
1452 448 1498 466 σου
1512 439 1561 474 τὴν
1575 439 1663 475 ψυχὴν
1671 439 1817 474 δεδεμένην
1827 441 1886 470 ταξς

1095 485 1244 520 ἁμαρτίαις
1269 485 1360 512 πυκνὰ
1388 485 1647 520 μεταστρεφομένην
1669 485 1738 520 πρὸς
1764 485 1799 512 τὰ
1823 482 1885 516 ιὶδε.

1095 532 1143 558 καὶ
1160 531 1327 567 ὀδυρομένην
1341 531 1406 558 ἄνευ
1426 531 1530 565 φωνῆς,
1540 531 1587 558 τοῦ
1598 531 1715 567 ὀργάνου
1732 531 1825 558 λοιπὸν
1839 532 1886 558 τὶν

1095 577 1194 612 θρῆνον
1205 577 1441 608 ἁποκλεισθέντος.
1465 577 1497 603 Ὢ
1512 577 1582 603 πόσα
1595 576 1746 612 σπαράξεις
1761 576 1885 608 σεαυτὸν,

1095 622 1167 647 πόσα
1181 621 1210 648 δὲ
1225 621 1376 655 στενάξεις,
1389 622 1519 657 ἄπρακτα
1538 622 1676 656 μετανοῶν
1691 622 1738 649 ἐπὶ
1750 623 1808 654 τοῖς
1823 621 1884 657 βου-

1095 666 1215 702 ληθεῖσιν
1230 667 1236 693 1
1254 668 1319 694 ὃταν
1334 668 1392 704 ἴδῃς
1404 669 1453 703 τὴν
1466 668 1634 704 φαιδρότητα
1652 669 1707 695 τῶν
1720 669 1831 696 δικαίων
1856 670 1888 695 ὲν

1095 712 1210 748 λαμπρᾷ
1222 712 1336 750 διανομῇ
1349 714 1402 741 τῶν
1418 713 1522 749 δώρων,
1541 717 1588 741 καὶ
1598 715 1648 750 τὴν
1663 715 1815 751 κατήφειαν
1831 716 1886 742 τῶν

1095 758 1265 794 ἁμαρτωλῶν
1278 760 1307 786 ὲν
1324 759 1364 794 τῷ
1381 759 1522 795 σκότειτῷ
1539 759 1691 796 βαθυτάτῳ.
1708 758 1759 788 Οἴα
1772 762 1845 796 ὲρείς
1856 762 1886 787 ὲν

1094 804 1126 838 τῇ
1139 803 1220 840 ὀδύνῃ
1234 804 1283 838 τῆς
1298 805 1411 840 καρδίας
1425 814 1471 832 σου
1484 806 1544 832 τότε
1557 815 1565 838 ς
1583 806 1617 832 Αἰ
1630 807 1690 841 ἐμὲ,
1710 807 1747 842 μὴ
1770 807 1887 842 ἀπορρί-

1094 848 1144 883 ψαι
1161 849 1191 876 τὸ
1206 849 1275 884 βαρὺ
1291 849 1371 877 τοῦτο
1385 851 1495 886 φορτίον
1509 852 1558 886 τῆς
1578 852 1723 887 ἁμαρτίας,
1750 852 1823 880 οὕτω
1837 853 1886 887 ρᾳ-

1094 893 1153 924 δὶας
1168 892 1251 928 οὕσης
1264 894 1313 929 τῆς
1329 894 1498 927 ἀποθέσεως,
1510 896 1579 923 ἀλλὰ
1600 896 1647 922 τὸν
1665 896 1752 931 σωρὸν
1766 895 1821 922 τῶν
1835 905 1888 923 κα-

1096 938 1153 965 κῶν
1183 939 1284 966 τούτων
1306 940 1479 974 ἐφέλκεσθαι.
1499 942 1533 968 Λῖ
1553 942 1613 977 ἐμὲ,
1642 942 1690 973 τὰς
1713 942 1823 977 κηλῖδας
1846 943 1886 978 μὴ

255 995 361 1024 cutcre,
389 988 436 1016 sed
465 989 601 1016 malorum
634 988 734 1015 horum
770 987 909 1016 sarcinam
935 994 1043 1014 meeum

1097 985 1314 1019 ἀποπλύνασθαι,
1326 987 1383 1013 ἀλλ’
1401 988 1560 1022 ἐστιγμένον
1571 986 1641 1014 εἶναι
1654 989 1713 1020 ταῖς
1727 989 1886 1023 ἁμαρτίαις.

255 1035 448 1072 pel-traxerim.
482 1034 523 1062 lle
550 1034 695 1065 miserum,
728 1033 775 1068 qui
804 1033 938 1060 vitiorum
968 1032 1044 1060 labes

255 1090 311 1108 non
333 1081 460 1112 cluerim,
483 1079 530 1107 sed
546 1079 699 1107 sceleribus
716 1087 767 1106 ceu
784 1078 858 1106 uotis
876 1078 1044 1113 quibusdam

256 1127 477 1163 rompunxcrim.
511 1125 590 1153 Nunc
618 1133 707 1153 essent
735 1132 798 1151 cum
826 1124 944 1159 angelis,
974 1131 1046 1150 nunc

249 1173 423 1201 -cmlestibus
447 1172 527 1200 bonis
550 1178 613 1198 cum
642 1171 783 1205 voluptate
806 1169 923 1196 fruerer.
948 1167 970 1196 Ο
994 1168 1047 1195 im-

248 1219 341 1253 .proba
360 1218 498 1246 consilia!
524 1221 637 1252 propter
657 1216 766 1242 brevem
786 1214 893 1249 peccati
914 1212 1044 1248 jucundi-

253 1269 340 1292 tatem
373 1255 552 1298 sempiternis
585 1260 756 1288 cruciatibus
785 1259 898 1286 alliciar.
930 1257 1044 1292 Propter

252 1310 350 1338 carnis
365 1309 532 1343 voluptatem
557 1307 614 1342 igni
640 1306 746 1334 trador.
772 1304 881 1332 Justum
905 1304 950 1331 Dei
969 1303 1044 1338 judi-

258 1357 334 1384 cium
348 1359 402 1383 est.
418 1354 556 1385 Vocabar.
573 1360 625 1380 nec
644 1350 828 1386 ohsequehar.
844 1349 978 1381 Docebar,
994 1355 1044 1376 nec

1093 1029 1150 1056 Νῦν
1165 1030 1198 1057 ἂν
1211 1031 1284 1066 ἤμην
1300 1032 1369 1066 μετὰ
1392 1032 1447 1059 τῶν
1461 1032 1585 1066 ἀγγέλων
1596 1041 1603 1047 ·
1619 1032 1666 1058 νῦν
1689 1033 1722 1059 ἂν
1737 1034 1792 1065 τοίς
1806 1033 1887 1068 οὐρα-

1093 1075 1162 1106 νὲοις
1181 1076 1294 1110 ἀγαθοῖς
1321 1077 1489 1113 ἐνετρύφων.
1507 1079 1540 1105 Ὢ
1559 1079 1615 1105 τῶν
1628 1079 1755 1113 πονηρῶν
1773 1079 1886 1113 βουλευ-

1101 1121 1211 1156 μάτωνῐ
1227 1122 1272 1149 διὰ
1288 1123 1456 1158 πρόσκαιρον
1468 1125 1605 1161 ἁμαρτίας
1623 1125 1773 1152 ἀπόλαυσιν
1786 1125 1887 1152 ἀθάνα-

1095 1174 1129 1192 τα
1148 1167 1340 1204 βασανίζομαι.
1358 1170 1397 1196 Δι’
1410 1169 1505 1206 ἡδονὴν
1526 1171 1627 1206 σαρκὸς
1639 1191 1646 1203 ,
1663 1171 1702 1206 τῷ
1715 1172 1782 1206 πυρὶ
1798 1180 1887 1205 παραη

1096 1212 1218 1248 δίδομαι·
1233 1214 1322 1242 δικαία
1334 1218 1350 1249 ὴ
1367 1217 1457 1251 κρίσις
1474 1217 1521 1244 τοῦ
1537 1218 1615 1245 Θεοῦ.
1639 1218 1821 1253 Ἐκαλούμην,
1838 1218 1887 1244 καὶ

1097 1259 1146 1294 οὐχ
1159 1259 1305 1295 ὑπήκουον.
1334 1262 1543 1299 Ἑδιδασκδμην,
1563 1264 1610 1290 καὶ
1632 1265 1663 1290 οὺ
1679 1265 1816 1299 προεῖχον.
1829 1265 1887 1290 Διε-

1098 1305 1274 1342 μαρτύραντό
1289 1317 1346 1342 μοι,
1369 1310 1425 1343 ἐγὼ
1445 1309 1473 1336 δὲ
1493 1310 1660 1344 κατεγέλων.
1683 1310 1775 1337 Ταῦτα
1790 1311 1836 1337 καὶ
1853 1310 1888 1336 τὰ

1096 1351 1209 1378 τοιαῦτα
1224 1353 1296 1388 ἐρεῖς
1311 1355 1540 1391 ἀποκλαιόμενος,
1551 1356 1602 1384 ἐὰν
1613 1358 1857 1393 προαναρπασοῇς.

255 1402 380 1429 animum
402 1399 580 1434 adjicicham.
604 1396 837 1424 Contestabantur
856 1394 934 1426 mihi,
951 1397 979 1422 et
993 1401 1044 1430 ego
1065 1393 1228 1426 irridebam.
1245 1398 1307 1428 Haec
1325 1400 1435 1436 aliaque
1451 1402 1477 1428 id
1491 1410 1580 1438 genus
1621 1404 1709 1435 dices,
1741 1403 1888 1430 calamita~

249 1453 311 1475 tem
327 1453 401 1474 tuam
417 1445 579 1480 deplorans,
601 1444 624 1471 si
642 1446 730 1471 morte
745 1447 895 1478 praereptus
910 1441 976 1469 eris.

295 1492 364 1521 Ibid.
379 1507 415 1512 —-
427 1491 536 1519 Peccati
556 1490 665 1518 labores
690 1489 821 1525 gehennae
846 1489 935 1516 durus
951 1491 978 1516 et
991 1486 1044 1514 tri-

249 1541 310 1568 .stis
324 1539 404 1566 labor
422 1541 574 1572 exspectat.

293 1583 366 1612 Ibid.
382 1583 492 1610 -—-Mihi
521 1583 558 1610 tui
579 1589 663 1610 causa
680 1581 795 1609 l‘iindere
807 1581 946 1616 lacrymas
960 1580 1045 1611 subit,

255 1638 273 1658 ο
289 1632 381 1661 homo,
398 1637 460 1656 ctua
481 1634 506 1655 te
522 1635 606 1662 opera
631 1626 775 1654 dedecoris
800 1634 907 1662 magna;
926 1625 972 1654 Dei
988 1626 1046 1662 glo-

257 1678 305 1704 rio:
328 1675 466 1703 anteferre
480 1674 572 1706 video,
596 1678 623 1701 et
646 1673 711 1700 dum
727 1677 838 1708 propter
859 1673 1046 1707 intemperan-
1061 1691 1082 1720 c

254 1723 303 1750 tia:
321 1721 496 1753 suavitatem,
507 1720 552 1747 vix
567 1727 599 1747 ac
613 1727 648 1747 ne
661 1719 707 1746 vix
722 1719 832 1754 quidem
849 1719 944 1746 divelli
956 1726 969 1745 a
983 1726 1046 1754 pec-

257 1768 330 1795 catis
354 1771 442 1802 potes.
467 1770 492 1793 te
519 1766 577 1800 ipse
604 1772 619 1791 a
637 1758 717 1792 bonis
743 1764 889 1799 promissis
911 1765 1045 1797 excludis,

259 1822 293 1841 ne
313 1813 409 1840 videas
427 1812 499 1840 bona
515 1810 681 1838 Jerusalem.
709 1810 766 1837 Illic
786 1809 925 1845 myriades
939 1810 1047 1844 angelo-

257 1867 331 1892 rum,
371 1857 616 1893 primogeuitorum
650 1855 808 1886 celebritas.
848 1855 1045 1890 Apostolorum

249 1903 360 1935 .throni,
376 1903 507 1931 subsellia
523 1901 731 1937 prophetarum,
751 1906 859 1935 sceptra
878 1900 1047 1935 patriarcha-

249 1957 329 1981 .rum,
355 1954 507 1983 martyrum
544 1953 666 1977 coronae,
691 1945 830 1980 iustorum
850 1945 995 1980 praeconia.
1016 1945 1045 1971 in

256 1994 355 2022 borum
372 2000 517 2022 numerum
529 1991 652 2027 cooptari
667 1991 720 2022 fac,
732 1998 837 2026 quaeso,
853 1990 1043 2024 concupiscas,

257 2040 368 2067 ablutus
400 2039 544 2069 nimirum,
573 2041 600 2064 et
618 2045 666 2072 per
688 2037 785 2072 gratiae
809 2035 912 2063 Christi
942 2034 1044 2062 domum

256 2086 433 2112 sanctitatem
453 2088 632 2112 consecutus.

293 2129 364 2157 Ibid.
377 2145 411 2149 —
423 2129 448 2156 0
465 2130 557 2162 homo,
583 2134 630 2156 aut
646 2127 799 2162 gehennam
822 2127 897 2159 time,
921 2130 969 2154 aut
989 2127 1046 2153 adi-

255 2176 388 2211 piSt-endo
402 2175 484 2211 339
509 2182 591 2210 regno
615 2174 705 2202 stude.
729 2173 769 2202 Ne
784 2173 953 2201 vocationem
970 2177 1044 2201 tuam

256 2220 423 2255 asperneris.

294 2265 364 2292 Nux.
393 2269 462 2292 orat.
488 2265 531 2292 15.
543 2263 747 2299 --Ριοωριιιιη
761 2267 788 2291 et
808 2262 930 2298 proclive
948 2263 1043 2290 vitium

255 2315 310 2342 est,
328 2310 411 2338 etiam
426 2309 503 2337 nullo
519 2310 654 2337 trahente.

1134 1488 1205 1521 Τοὺς
1217 1489 1268 1525 τῆς
1285 1491 1421 1527 ἁμαρτίας
1434 1492 1575 1527 καμάτους
1587 1492 1617 1519 τὸ
1634 1494 1683 1528 τῆς
1696 1493 1808 1529 γεέννης
1825 1493 1887 1520 ὲττί-

1098 1541 1180 1560 πονον
1194 1534 1242 1561 καὶ
1259 1536 1420 1572 σκυθρωπὸν
1431 1538 1571 1572 ἀναμένει.

1141 1579 1217 1615 Ἐμοὶ
1234 1580 1284 1616 μὲν
1300 1582 1429 1617 δακρύειν
1445 1583 1592 1618 ἐπέρχεται
1618 1583 1664 1610 ἐπὶ
1684 1583 1725 1616 σὲ,
1747 1583 1887 1618 ἄνθρωπε,

1098 1626 1162 1652 ὃταν
1178 1626 1334 1663 ἐνθυμηθῶ,
1354 1628 1396 1655 ὃτι
1409 1629 1442 1655 τὰ
1454 1628 1523 1664 ἔργα
1538 1629 1589 1664 τῆς
1603 1629 1736 1665 αἰσχύνης
1751 1631 1889 1666 προτιμᾷς

1099 1670 1149 1705 τῆς
1169 1671 1290 1706 μεγάλης
1306 1671 1384 1708 δόξης
1396 1672 1443 1699 τοῦ
1459 1672 1540 1706 Θεοῦ,
1559 1674 1606 1700 καὶ
1623 1673 1666 1700 διὰ
1680 1674 1711 1700 τδ
1727 1674 1777 1709 τῆς
1789 1675 1889 1701 ἀκολα-

1101 1717 1161 1748 σίας
1178 1717 1226 1752 ἡδὺ
1236 1717 1471 1750 δυσαποσπάστως
1482 1719 1550 1754 ἔχων
1567 1720 1615 1755 τῆς
1632 1720 1779 1755 ἁμαρτίας,
1792 1720 1845 1747 τῶν
1858 1721 1887 1747 ἐν

1099 1762 1278 1796 ἐπαγγελίαις
1296 1764 1408 1798 ἀγαθῶν
1430 1766 1545 1792 σεαυτὸν
1563 1766 1730 1799 ἀποκλείεις,
1757 1767 1795 1802 μὴ
1823 1766 1887 1793 ίδεῖν

1099 1808 1190 1842 ἀγαθὰ
1211 1809 1262 1844 τῆς
1290 1809 1481 1846 Ἰερουσαλήμ.
1498 1811 1578 1847 Ἐκεῖ
1594 1812 1718 1845 ἀγγέλων
1745 1812 1886 1847 μυριάδες,

1099 1854 1282 1888 πρωτοτόκων
1302 1844 1468 1892 πανήγυρις,
1483 1844 1641 1884 ἀποστόλων
1657 1844 1757 1892 θρόνοι,
1782 1844 1887 1893 προφη-

1098 1898 1153 1924 τῶν
1178 1899 1338 1935 προεδρίαι,
1365 1901 1493 1936 σκῆπτρα
1519 1902 1718 1938 πατριαρχῶν,
1739 1903 1888 1938 μαρτύρων

1100 1945 1238 1980 στέφανοι,
1250 1945 1363 1972 δικαίων
1376 1946 1492 1974 ἔπαινοι.
1504 1947 1616 1979 Τούτοις
1628 1948 1739 1974 σεαυτὸν
1751 1948 1888 1984 ἐπιθύμη-

1099 2000 1145 2018 σον
1161 1993 1412 2028 συναριθμηοῆναι,
1431 1994 1664 2029 ἀπολουσάμενος,
1679 1995 1726 2020 καὶ
1745 1994 1888 2028 ἀγιασθετς

1099 2038 1168 2064 κατὰ
1183 2039 1232 2074 τὴν
1242 2039 1346 2075 δωρεὰν
1361 2039 1407 2067 τοῦ
1422 2040 1552 2076 Χριστοῦ.

1135 2128 1290 2163 ’Λνθρωπε,
1309 2129 1326 2165 ἦ
1340 2130 1390 2165 τὴν
1405 2129 1518 2164 γέενναν
1543 2131 1688 2166 φοϐήθητι,
1705 2131 1720 2166 ἤ
1734 2131 1783 2166 τῆς
1809 2131 1887 2166 βασις

1098 2173 1173 2206 λείας
1188 2175 1389 2210 ἅντιποιήῡητι.
1409 2176 1455 2211 Μὴ
1471 2177 1611 2213 ἀτιμάσῃς
1630 2178 1678 2212 τὴν
1692 2177 1797 2213 κλῆσιν.

1136 2262 1285 2298 Πρόχειρον
1300 2263 1317 2298 ὴ
1333 2263 1430 2297 κακία,
1446 2264 1493 2290 καὶ
1505 2264 1565 2300 δίχα
1581 2265 1628 2291 τοῦ
1644 2265 1779 2297 ἕλκοντος.

293 2355 387 2383 Solers
406 2355 439 2382 ad
458 2354 626 2382 invenienda
651 2354 722 2381 mala
747 2353 940 2389 estimpietas,
963 2358 1045 2389 atque

1134 2354 1250 2390 Εὐρετὶς
1260 2356 1353 2383 κακῶν
1370 2335 1531 2391 ⁴ἡῇἁσέσειιι,
1544 2355 1592 2383 καὶ
1613 2355 1674 2382 λίαν
1687 2355 1825 2391 τολμηρὸν
1849 2357 1890 2387 εἰς

255 2401 289 2430 Id
313 2401 528 2438 aggrediendum
559 2401 661 2436 aliquid
690 2401 759 2429 mire
795 2400 897 2429 audax.
923 2400 956 2428 Et
981 2408 1044 2428 vero

255 2456 376 2484 quonam
403 2451 484 2484 pacto
511 2448 670 2476 hominibus
697 2451 854 2483 parcerent,
883 2447 930 2482 qui
946 2447 1043 2475 Deitati

256 2502 308 2520 non
329 2492 533 2528 pepercerunt?

292 2537 376 2574 Nysa.
407 2538 433 2564 in
458 2542 529 2564 orat.
558 2537 684 2564 Dom.——
701 2537 759 2563 Hoc
789 2536 907 2571 primum
935 2535 1046 2562 nomine

254 2586 339 2612 homo
362 2591 394 2611 se
415 2583 522 2611 luendae
545 2590 634 2618 potum
654 2582 806 2610 obnoxium
832 2581 887 2608 Deo
912 2580 1045 2614 reddidit,

255 2629 328 2665 quod
348 2636 363 2656 a
379 2628 510 2656 Creatore
535 2635 586 2656 suo
603 2627 733 2660 descivit,
758 2631 786 2654 et
800 2627 834 2654 ad
852 2626 1042 2653 adversarium

255 2674 417 2708 transfugit.
443 2673 548 2701 Etenim
574 2681 589 2700 a
619 2673 741 2700 naturali
769 2672 883 2700 domino
913 2671 1045 2707 profugit,

257 2718 403 2754 factusque
418 2724 461 2747 cst
483 2723 621 2754 apostata.
644 2719 750 2747 Deinde
774 2726 850 2750 vero,
875 2718 938 2753 quia
958 2718 1045 2752 pessi-

258 2771 333 2789 mam
358 2765 462 2798 peccati
486 2765 646 2793 scrvitutem
676 2766 805 2793 libertate
831 2772 881 2792 sua
911 2765 1044 2798 potiorem

258 2809 366 2841 habuit,
384 2811 527 2845 satiusque
543 2812 621 2838 duxit
639 2812 673 2839 ab
688 2813 805 2839 exitiosa
821 2812 929 2847 tyranni
943 2815 1041 2846 polen-

260 2851 302 2878 tia
316 2853 446 2886 opprimi,
464 2862 544 2888 quam
563 2855 617 2883 Deo
635 2857 750 2885 servire.

1100 2401 1270 2438 ἐγχείρησιν.
1290 2401 1353 2433 Πῶς
1371 2401 1400 2427 δὲ
1424 2401 1577 2437 ἀνθρώπων
1600 2402 1718 2437 ἤμελλον
1735 2401 1889 2436 φείδεσθαι,

1099 2448 1123 2474 οἱ
1141 2447 1268 2482 θεότητος
1288 2448 1325 2482 μὴ
1347 2448 1524 2483 φεισάμενοις

1136 2537 1252 2573 Πρώτην
1277 2537 1386 2572 ὢφλησε
1404 2539 1540 2573 τιμωρίαν
1561 2538 1574 2565 ὁ
1588 2538 1732 2574 ἄνθρωπος
1757 2537 1796 2572 τῷ
1816 2537 1888 2572 Θεῷ,

1100 2583 1142 2608 ὅτι
1157 2582 1313 2617 ἀπέστησεν
1327 2582 1423 2610 ἑαυτὸν
1439 2582 1487 2609 τοῦ
1506 2583 1680 2618 ποιήσαντος,
1697 2583 1744 2610 καὶ
1759 2582 1828 2618 πρὸς
1843 2582 1890 2608 τὴν

1100 2628 1221 2654 ἐναντίον
1233 2628 1473 2664 ἁπηυτομόλησεν,
1491 2628 1631 2664 δραπέτης
1653 2628 1701 2655 τοῦ
1719 2628 1790 2655 κατὰ
1807 2628 1890 2663 φύσιν

1101 2674 1250 2706 Δεσπότου,
1265 2675 1315 2701 καὶ
1339 2675 1497 2710 ἀποστάτης
1510 2675 1668 2710 γενόμενος.
1690 2675 1827 2710 Δευτέραν
1849 2675 1891 2703 δὲ.

1100 2720 1142 2746 ὅτι
1157 2720 1207 2754 τὴν
1231 2720 1353 2754 πονηρὰν
1372 2721 1421 2755 τῆς
1447 2720 1583 2755 ἁμαρτίας
1610 2720 1732 2747 δουλείαν
1757 2720 1818 2746 ἀντὶ
1838 2719 1889 2753 τῆς

1102 2765 1277 2798 αὖτεξουσίοε)
1299 2765 1457 2800 ἐλευθερίας
1478 2765 1623 2799 ἠλλάξατο,
1641 2765 1687 2791 καὶ
1703 2763 1892 2799 προετίμησεν

1102 2811 1148 2838 τοῦ
1169 2810 1306 2837 δουλεύειν
1319 2811 1380 2846 Θεῷ
1392 2811 1422 2837 τὸ
1446 2810 1638 2847 τυραννεῖσθαι
1666 2811 1721 2837 ἀπὸ
1739 2810 1788 2844 τῆς
1805 2817 1895 2836 κατα-

1104 2857 1269 2892 φθειρούσης
1282 2858 1432 2893 δυνάμεως.
