2080 3111
182 154 251 188 1165

810 155 929 185 SACRA
948 153 1183 184 PARALLELA.

1738 158 1806 194 11m

221 214 253 240 'H
267 212 314 240 τοῦ
328 211 414 240 κακοῦ
430 212 534 243 στάσις,
549 211 619 247 ἀρχὴ
633 213 681 247 τῆς
696 211 767 238 κατὰ
780 211 880 246 ἀρετήν
895 211 968 237 ἐστιν

1057 209 1151 243 Ejusd.
1174 210 1212 237 De
1238 211 1397 246 perfectione
1414 213 1484 240 vim.
1501 229 1534 233 —
1550 214 1666 243 .Cessare
1691 223 1705 242 ιι
1731 218 1804 243 malo

180 262 278 295 ὁρμῆς·
502 285 504 289 ι

216 307 272 333 οὐκ
286 305 358 332 ἐστιν
376 304 442 339 ἄλλη
460 313 502 336 τις
517 304 562 331 τοῦ
581 303 667 330 κα.κοῦ
679 304 840 335 ὑπόστασις,
857 303 881 330 εἰ
900 302 938 338 μὴ
953 303 967 328 ὁ

181 350 319 386 χωρισμὸς
336 350 384 377 τοῦ
399 350 503 384 ἀγαθοῦ
523 350 569 376 καὶ
590 350 753 385 κρείττονος.

220 397 253 424 Ἦ
273 397 406 432 ἁμαρτία,
421 397 474 429 ἓως
492 397 541 432 μὲν
558 396 591 423 ἂν
616 396 750 428 ὠδίνεται,
766 395 822 431 ἔχει
842 395 904 422 τινὰ
924 396 967 421 αἰ-

181 444 294 479 σχύνην.
312 443 438 470 Ἐπειδὰν
451 444 479 469 δὲ
494 442 620 478 τελεσθῇ,
634 443 695 468 τότε
709 440 967 476 ἁναισχυντοτέρους

183 491 253 516 ποιΞί
268 490 330 520 τοὺς
345 489 549 524 ἐργαζομένους
564 489 659 523 αὐτήν.

216 579 253 606 Οὺ
276 579 307 605 τὸ
323 578 462 605 θλίϐεσθαι
477 579 572 609 κακὸν,
589 578 657 605 ἀλλὰ
677 578 707 605 τὸ
730 578 899 614 ἁμαρτάνειν
918 586 969 604 κα-

181 625 238 652 κόν.
258 624 291 650 Ἥ
304 623 410 659 χαλεπὴ
422 623 511 658 θλίψις
524 623 603 650 τοῦτό
617 623 702 650 ἐστιν.

217 670 272 705 Οὐχ
293 670 319 696 οἱ
343 669 505 700 ἀσεϐοῦντες
532 669 623 705 μόνον,
640 669 708 696 ἀλλὰ
722 670 769 696 καὶ
785 670 810 695 οἱ
825 669 968 704 δυνάμενοι

183 716 233 752 μὲν
248 717 403 750 ἀπαγαγεῖν
431 715 481 750 τῆς
495 715 635 748 ἀσεϐείας,
650 715 687 750 μὴ
707 714 865 750 βουλόμενοι
879 715 917 742 δὲ.
935 714 968 740 δι’

181 763 261 791 ϐκνον
276 763 292 799 ἢ
308 763 353 790 διὰ
367 761 493 794 νωθείαν,
509 762 610 797 ὁμοίως
626 761 797 794 κολάζονται.

216 853 263 888 Μὴ
282 852 421 888 προσεύξῃ
447 853 512 888 περὶ
535 852 583 879 τοῦ
600 851 666 878 λαοῦ
683 851 791 884 τούτου,
816 850 884 886 φησὶ
902 851 970 885 πρὸς

1020 256 1223 289 progressionis
1240 257 1272 283 ad
1291 257 1420 285 virtutem
1435 259 1542 286 initium
1562 265 1613 287 est.

1055 301 1150 335 Ejusd.
1168 302 1195 328 iu
1210 301 1448 331 Cantic.—Nulla
1470 305 1523 332 alia
1550 306 1614 332 mali
1639 307 1805 340 substantia,

1021 354 1068 373 seu
1087 353 1185 374 natura
1202 353 1254 381 est,
1270 355 1451 385 prtelerquam
1467 352 1601 380 discessio
1613 361 1627 379 τι
1649 353 1729 380 Ι›‹)ιιο.

1056 392 1152 428 Chrys.
1168 395 1196 421 in
1209 397 1268 422 Act.
1290 400 1377 429 apost.
1390 409 1425 416 —-
1437 396 1596 430 Peccatum,
1608 398 1672 425 dum
1688 398 1804 433 paritur,

1021 440 1134 473 pudoris
1150 441 1255 475 aliquid
1274 441 1433 476 adjunctum
1452 443 1533 470 habet
1550 453 1556 471 :
1576 451 1638 471 cum
1653 449 1745 471 autem
1760 445 1807 472 ad-

1022 486 1136 513 missum
1154 493 1206 519 est,
1228 495 1276 515 eos
1297 488 1343 522 qui
1379 488 1564 522 admiserunt,
1590 489 1806 524 iinpudeutiOIr-‘l

1023 531 1124 557 reddit.

1059 575 1195 611 Ejusdem.
1222 592 1256 597 ——-
1281 577 1340 604 Non
1357 578 1449 614 amigi,
1476 579 1524 606 sed
1554 587 1678 614 peccare,
1705 579 1809 610 malum

1022 627 1073 649 est.
1090 621 1209 657 Haecque
1224 623 1317 658 gravis
1332 623 1445 651 alllietio
1459 628 1511 651 est.

1059 667 1186 702 Ejusdem
1206 674 1228 695 ι.
1244 684 1278 688 -
1294 668 1352 696 Non
1372 670 1410 697 illi
1434 670 1578 701 duntaxat,
1608 670 1654 705 qui
1677 670 1760 706 impie
1779 678 1811 698 se

1023 719 1134 748 gerunt,
1160 714 1209 742 sed
1233 719 1261 742 et
1275 722 1356 750 poma
1372 715 1468 743 eadem
1490 716 1662 751 plectuntur,
1680 716 1726 750 qui
1746 723 1810 745 cum

1023 759 1093 787 alios
1127 760 1161 787 ab
1203 760 1346 796 impietate
1386 766 1491 796 queant
1523 762 1673 794 abducere,
1703 763 1739 791 ob
1765 770 1809 790 se—

1024 805 1137 840 gnitiem
1153 809 1244 833 tamen
1260 810 1289 833 et
1306 807 1461 834 socordiam
1479 807 1504 834 id
1528 807 1618 834 tacere
1634 813 1774 838 recusant.

1061 851 1198 885 Ejusdem.
1215 851 1301 880 —-Ne
1324 860 1406 889 roges
1426 860 1476 888 pro
1500 854 1602 889 populo
1628 854 1690 884 hoc.
1706 854 1809 888 inquit.

187 900 323 935 Ἰερεμίαν
340 900 353 925 ὁ
371 898 447 930 Θεὸς,
459 899 501 925 ὅτι
515 897 562 925 ἐὰν
572 899 621 933 στῇ
637 898 757 932 Μωῠσῆς
773 897 821 924 καὶ
831 896 968 932 Σαμουὴλ,

1022 895 1093 924 Deus
1118 896 1152 923 ad
1176 896 1344 924 Jeremiam:
1361 899 1504 932 quoniam,
1533 899 1556 925 si
1582 899 1711 926 steterint
1736 899 1810 934 Moy‘

181 946 231 972 οὐκ
249 945 446 979 εἰσακούσομαι
463 944 562 972 αὐτῶν.
579 944 672 976 Οὕτως
686 945 759 970 ἐστὶν
779 943 968 979 ἁμαρτήματα

183 991 272 1016 πᾶσαν
287 989 487 1024 ὑπερϐαίνοντα
503 988 680 1024 συγγνώμην,
695 989 742 1015 καὶ
753 988 904 1022 ἀπολογίας
921 996 968 1014 τυ-

183 1038 241 1072 χεῖν
257 1036 286 1062 ού
301 1035 448 1070 δυνάμενα.

218 1082 254 1108 Τὸ
268 1081 488 1116 ἀνεπισκόπητον
505 1081 551 1107 καὶ
572 1081 742 1116 ἀπρονόητον
757 1079 968 1115 ὲγκατελειφοῆ-

181 1138 225 1156 ναι
239 1128 291 1155 ὑπὸ
309 1127 358 1155 τοῦ
374 1127 452 1159 Θεοῦ,
471 1127 581 1154 πάντων
597 1127 806 1162 ὀλεθριώτατον,
821 1127 868 1153 καὶ
890 1127 907 1162 ὴ
923 1126 968 1152 ἐπὶ

182 1175 239 1205 τοῖς
252 1174 391 1208 μεγίστοις
404 1173 556 1207 ἀδικήμασι
574 1174 691 1208 μεγίστη
704 1173 824 1208 τιμωρία
842 1172 923 1207 αὕτη,
938 1171 969 1198 τὸ

184 1220 288 1254 ἔρημον
305 1219 352 1245 καὶ
380 1219 497 1253 ὀρφανὸν
525 1217 653 1251 γενέσθαι
680 1218 752 1244 ποιεῖ
771 1216 850 1244 Θεοῦ.
869 1217 899 1243 Ὀ
914 1216 969 1250 γὰρ

183 1266 257 1298 ξένος
269 1264 315 1291 τοῦ
337 1263 435 1299 βοηθοῦ
463 1264 511 1290 καὶ
527 1263 654 1299 Σωτῆρος
673 1263 830 1298 γενόμενος,
847 1262 900 1288 ὑπὸ
913 1263 969 1293 τοῖς

182 1311 290 1346 ἐχθροῖς
304 1311 351 1337 καὶ
365 1311 422 1341 τοῖς
437 1309 550 1346 λῃσταῖς
565 1309 647 1341 εύθύς
660 1310 745 1335 ἐστιν.

217 1355 283 1384 Εἶτα
299 1356 425 1392 βασιλεὺς
442 1357 492 1390 μὲν
504 1356 623 1391 ἐπίγειος
639 1354 798 1382 πιστεύεται
811 1352 891 1386 εἶναι,
907 1353 969 1381 καί-

184 1412 239 1438 περ
255 1403 293 1438 μὴ
308 1404 374 1430 πᾶσι
387 1403 553 1438 βλεπόμενος
567 1409 574 1417 '
589 1402 633 1430 διὰ
651 1402 680 1428 δὲ
696 1402 800 1437 νόμων,
817 1402 863 1428 καὶ
878 1401 970 1428 διατάο

183 1449 251 1482 ξεων
267 1448 360 1482 αὑτοῦ,
374 1448 422 1475 καὶ
438 1447 579 1481 ἐξουσιῶν,
598 1448 647 1475 καὶ
665 1448 821 1483 δυνάμεων,
839 1448 886 1474 καὶ
898 1447 969 1474 εἰκό-

181 1501 235 1520 νων
250 1494 361 1526 νοεῖται,
374 1492 420 1519 τὸν
433 1492 462 1519 δὲ
472 1492 539 1519 Θεὸν
550 1493 580 1519 οὗ
594 1492 685 1527 βούλει
701 1492 819 1520 νοεῖσθαι
833 1492 866 1519 δι’
881 1492 970 1528 ἔργων

182 1538 231 1565 καὶ
240 1537 393 1572 δυνάμεων.

217 1583 255 1610 Οὐ
269 1583 315 1610 τὸν
332 1583 397 1609 Θεὸν
409 1582 547 1618 βλάψομεν
557 1582 717 1617 ἀγνοοῦντες
731 1582 824 1616 αὑτὸν,
835 1582 892 1609 ἀλλ’
907 1582 969 1609 ἑαυ-

182 1631 245 1662 τοὺς
262 1630 486 1665 ἀποστερήσομεν
501 1629 551 1664 τῆς
565 1628 647 1656 αὑτοῦ
666 1629 767 1663 φιλίας.

218 1721 352 1747 οὐδέποτε
367 1720 474 1756 αἵρεσις
484 1719 534 1754 τὴν
561 1719 726 1754 Ἐκκλησίαν
745 1719 881 1754 ἐνίκησεν,
900 1720 970 1746 ἀλλὰ

183 1766 227 1792 ἀεὶ
254 1766 390 1801 μαίνεται,
415 1765 462 1792 καὶ
479 1766 539 1792 κατ’
557 1765 647 1800 ὀλίγον
674 1765 846 1801 προελθοῦσα
867 1765 969 1798 εὐθέως

183 1811 285 1838 λύεται.

218 1858 323 1893 Ὥσπερ
337 1857 474 1892 ὀφθαλμὸς
487 1857 700 1892 τεταραγμένος,
720 1857 792 1884 οὕτω
805 1857 852 1884 καὶ
865 1858 881 1892 ἡ
894 1857 967 1892 ψυχὴ

182 1904 239 1934 τοῖς
250 1904 325 1938 παρὰ
341 1902 422 1937 φύσιν
437 1903 587 1930 θολωθείσα
603 1903 748 1937 δόγμασιν,
763 1903 813 1938 οὐχ
829 1900 874 1930 οἷά
893 1911 922 1929 τε
937 1903 968 1929 τὸ

183 1948 241 1982 φῶς
258 1948 307 1982 τῆς
321 1948 450 1983 ἀληθείας
465 1948 576 1975 διιδέναι
589 1948 723 1983 ἀκριϐῶς,
735 1948 804 1975 ἀλλὰ
823 1949 870 1975 καὶ
882 1948 915 1976 τὰ
938 1948 967 1974 ἐν

184 1993 248 2020 ποσὶ
265 1994 383 2028 παρορᾷ.
403 1993 447 2020 ‘Ev
466 1991 513 2020 οὗν
534 1993 637 2028 θολερῷ
652 1992 740 2024 ὕδατι,
756 1993 863 2024 καὶτὰς
889 1992 967 2029 ἐγχέ-

183 2039 238 2070 λεις
257 2039 417 2065 ἁλίσκεσθαι
433 2048 516 2074 φασιν
531 2039 786 2073 ἀποτυφλουμένας.

219 2128 360 2164 Κρείττων
389 2129 540 2165 εὐημερίας
564 2128 732 2163 ἀχαλινώτου
759 2129 836 2161 νόσος
859 2128 968 2163 φιλόσο-

184 2184 245 2210 roc-

1020 951 1065 970 ses
1080 947 1108 970 et
1125 942 1247 976 Samuel,
1266 952 1321 971 non
1347 944 1493 971 exaudiam
1510 952 1568 972 eos.
1594 943 1635 972 Ex
1651 952 1707 980 quo
1730 945 1812 972 intel-

1020 989 1068 1024 ligi
1085 989 1177 1021 datur,
1195 994 1306 1025 peccata
1329 990 1453 1024 quaedam
1478 998 1542 1018 esse
1562 998 1623 1025 quae
1638 991 1746 1018 veniam
1763 998 1811 1019 ex-

1019 1035 1129 1067 cedant,
1149 1042 1200 1062 nec
1212 1035 1420 1062 excusationem
1432 1036 1515 1062 ullam
1527 1036 1660 1071 consequi
1676 1037 1802 1071 possint.

1054 1079 1134 1107 Dion.
1152 1080 1228 1107 Alex.
1250 1096 1279 1101 —
1291 1080 1364 1108 Nihil
1385 1081 1534 1109 exitiosius
1551 1087 1605 1115 est,
1620 1089 1704 1117 quam
1719 1090 1734 1109 ιι
1752 1081 1809 1109 Deu

1020 1127 1057 1153 ita
1083 1127 1186 1160 deseri,
1214 1131 1243 1154 ut
1269 1135 1321 1155 nec
1344 1132 1439 1155 nostra
1465 1129 1631 1163 prospiciat,
1656 1136 1709 1155 nec
1729 1127 1810 1155 nobis

1020 1173 1165 1207 provideat
1183 1182 1190 1200 :
1209 1178 1237 1201 ct
1257 1173 1371 1208 gravius
1397 1174 1566 1208 supplicium
1592 1174 1627 1201 ob
1643 1174 1810 1209 gravissima

1022 1219 1139 1249 scelera.
1168 1219 1219 1247 hoc
1236 1223 1289 1252 est,
1308 1224 1336 1246 ut
1351 1221 1413 1254 quis
1434 1227 1448 1246 a
1468 1219 1523 1247 Deo
1545 1220 1712 1247 destituatur
1727 1224 1754 1247 ct
1765 1227 1811 1247 or.

1020 1264 1111 1291 betur.
1131 1263 1197 1291 Nam
1214 1266 1261 1299 qui
1279 1265 1324 1292 Dei
1340 1265 1491 1293 Salvator-is
1507 1273 1559 1300 ope
1572 1269 1660 1298 caret,
1678 1265 1723 1293 hic
1743 1272 1812 1293 cou-

1022 1310 1112 1337 festim
1133 1311 1185 1337 sub
1203 1311 1323 1338 hostium
1340 1314 1368 1338 et
1387 1311 1547 1346 praedonum
1566 1315 1704 1345 potestate
1726 1315 1779 1338 est.

1057 1355 1204 1391 Theophili.
1217 1371 1250 1376 —
1261 1356 1335 1383 Itane
1348 1356 1458 1384 tandem
1472 1364 1520 1384 rex
1537 1360 1676 1388 terrenus.
1691 1357 1740 1384 etsi
1761 1356 1814 1383 mi-

1021 1402 1093 1428 nime
1108 1401 1217 1429 videtur
1231 1402 1265 1429 ab
1284 1402 1425 1434 omnibus,
1442 1404 1534 1429 tamen
1552 1409 1601 1436 per
1622 1401 1697 1437 leges
1711 1406 1739 1429 et
1753 1401 1814 1429 edi-

1021 1451 1076 1476 cta.
1101 1447 1352 1481 auctoritatemque
1380 1450 1408 1473 ct
1441 1446 1595 1481 potentiam
1618 1453 1650 1472 ac
1677 1445 1814 1480 imagines

1021 1492 1156 1520 exsistere
1171 1493 1316 1525 creditur;
1330 1492 1416 1520 Deum
1438 1499 1507 1520 vero
1522 1499 1554 1520 ex
1570 1492 1703 1527 operibus
1720 1496 1747 1519 et
1763 1499 1814 1528 po-

1022 1537 1109 1566 tentia
1124 1537 1241 1573 intelligi
1262 1545 1317 1565 non
1333 1538 1393 1566 vis?

1058 1584 1171 1611 Justini.
1186 1598 1222 1603 —-
1240 1583 1270 1611 Si
1287 1583 1371 1611 Deum
1396 1583 1570 1618 ignoramus.
1588 1590 1642 1610 non
1661 1587 1809 1618 propterea

1023 1629 1113 1664 ipsum
1130 1629 1260 1658 lmdemus
1276 1638 1284 1658 :
1305 1630 1354 1659 sed
1370 1631 1431 1666 ejus
1445 1631 1567 1659 amicitia
1582 1638 1634 1658 nos
1648 1630 1700 1666 ipsi
1718 1631 1812 1666 prii-a—

1023 1673 1124 1702 bimus.

1058 1720 1198 1755 Serapion.
1213 1712 1338 1747 ——'Nul|a
1356 1728 1476 1756 unquam
1504 1720 1619 1748 hatresis
1635 1721 1669 1749 dc
1688 1720 1812 1749 Ecclesia

1023 1765 1220 1801 triumphavit;
1249 1767 1296 1794 sed
1324 1774 1433 1802 semper
1450 1767 1564 1801 quidem
1582 1767 1661 1799 furit.
1688 1773 1715 1794 ct
1738 1772 1813 1802 post-

1023 1818 1105 1846 quam
1126 1811 1291 1846 aliquandiu
1315 1818 1461 1847 progressa
1478 1816 1532 1844 est,
1551 1812 1643 1839 statim
1662 1811 1810 1838 evanescit.

1059 1857 1143 1884 Clem.
1168 1857 1248 1885 Alex.
1270 1864 1303 1884 ετ
1317 1856 1571 1892 Ρωάα9.-Υοιιιι
1596 1857 1695 1884 oculus
1717 1856 1812 1883 turba-

1022 1907 1078 1936 tus,
1105 1903 1146 1930 sic
1171 1903 1263 1930 anima
1292 1910 1434 1938 quoque:
1460 1903 1680 1937 repugnantibus
1705 1906 1811 1929 natura:

1022 1949 1143 1977 decretis
1173 1954 1369 1984 conspurcala,
1398 1949 1527 1976 veritatis
1550 1949 1639 1977 lucem
1664 1949 1744 1985 plene
1770 1949 1811 1974 in-

1023 1995 1094 2022 tucri
1119 2003 1172 2022 non
1191 1998 1298 2030 potest;
1317 2000 1346 2021 ιιι
1367 2002 1428 2029 qua:
1446 2002 1496 2022 nec
1511 2002 1543 2022 ea
1558 2002 1620 2027 quae
1636 1995 1716 2021 obvia
1733 1999 1810 2024 sunt.

1021 2046 1127 2069 cernat.
1154 2041 1236 2075 Atqui
1251 2041 1278 2067 in
1306 2040 1415 2068 turbida
1440 2047 1510 2076 aqua
1539 2040 1695 2068 testudines
1726 2040 1809 2067 etiam

1022 2087 1175 2115 obcaecatas
1190 2087 1250 2122 capi
1265 2087 1353 2114 aiunt.

1057 2132 1134 2168 (ἶνες.
1152 2131 1222 2160 Nux.
1235 2147 1271 2152 --
1283 2131 1424 2160 Eﬂrenata
1445 2131 1597 2167 cupiditate
1616 2132 1731 2160 morbus
1743 2140 1807 2161 cum

1023 2178 1159 2213 sapientia
1175 2174 1342 2212 ccnjunctu‘s
1357 2178 1532 2213 praestantior
1548 2183 1600 2205 est.

220 2223 252 2248 Οἱ
265 2222 349 2248 πολλὰ
367 2222 520 2255 πταίοντες,
538 2224 584 2249 καὶ
600 2222 637 2258 μὴ
661 2222 850 2257 κολαζόμενοι,
877 2222 968 2257 φοϐεῖ-

1058 2223 1232 2258 ϐίιυσοειί-
1245 2223 1381 2256 ρυὶνοιιιιι
1397 2223 1483 2251 multa
1509 2227 1635 2258 peccent.
1660 2223 1744 2252 nullis
1766 2228 1806 2252 ta-

186 2267 248 2294 σθαι
263 2267 311 2294 καὶ
329 2267 478 2294 δεδοικέναι
494 2268 656 2302 ὀφείλουσιν.
675 2269 793 2302 Αὕξεται
808 2269 863 2304 γὰρ
878 2270 968 2302 αὐτοῖς

1021 2277 1082 2297 men
1107 2269 1196 2304 pcenis
1217 2269 1389 2303 plectuntur,
1406 2269 1433 2296 in
1452 2273 1526 2296 metu
1545 2273 1572 2296 et
1585 2269 1686 2297 timore
1701 2272 1809 2298 versari

184 2313 220 2340 τὰ
235 2315 285 2349 τῆς
298 2313 433 2350 τιμωρίας
449 2314 494 2341 διὰ
510 2315 561 2350 τῆς
578 2316 769 2352 ἁτιμωρησίας
788 2316 835 2343 καὶ
851 2316 901 2350 τῆς
916 2325 969 2350 μα-

185 2360 338 2396 κροθυμίας
349 2361 396 2388 τοῦ
411 2361 491 2389 Θεοῦ.

219 2407 345 2442 Πέφυκεν
360 2408 475 2440 ἕκαστος
495 2408 551 2436 τῶν
566 2410 729 2445 κακουργῶν
745 2409 851 2445 ἀνδρῶν
874 2410 905 2437 τὸ
927 2410 968 2436 δί-

184 2462 261 2480 καιον
273 2454 361 2488 λέγων
375 2455 469 2482 κακόν.

221 2544 251 2570 Et
276 2543 359 2578 μηδὲν
378 2544 509 2578 πράττεις
528 2544 640 2578 φαῦλον,
660 2545 743 2579 μηδὲν
759 2545 881 2581 φοϐηθῇς
895 2545 973 2580 πάμ-

184 2599 247 2616 παν.
261 2589 292 2616 Εἰ
309 2589 338 2616 δὲ
350 2589 423 2616 κακὰ
439 2589 552 2626 ἐργάζῃ,
567 2589 700 2624 φοϐήθητι
713 2591 758 2617 τὸν
773 2592 888 2627 Κριτήν.

170 2669 174 2673 ’
219 2678 249 2704 Et
263 2675 427 2712 εὑρίσκομεν
443 2677 519 2711 δφεις
534 2677 622 2711 ὄφεων
636 2678 815 2713 δεινοτέρους,
836 2678 914 2713 δῆλον
928 2681 969 2708 ὅτι

1018 2315 1129 2342 debent.
1148 2314 1256 2342 Etenim
1276 2315 1443 2350 supplicium
1465 2323 1562 2343 eorum
1586 2323 1635 2350 per
1659 2315 1809 2351 impunita-

1019 2364 1073 2388 tem
1092 2359 1140 2387 Dei
1157 2360 1360 2388 incrementum
1378 2361 1461 2395 capit.

1053 2404 1136 2440 340
1148 2404 1263 2431 Maximi
1276 2405 1308 2431 de
1329 2405 1438 2432 arbitrii
1457 2405 1589 2433 libertate.
1602 2421 1636 2427 -—
1648 2405 1808 2433 Sceleratus

1023 2451 1151 2486 quisque,
1182 2450 1249 2477 illud
1274 2451 1348 2484 quod
1370 2451 1477 2486 justum
1508 2456 1561 2485 est,
1586 2452 1688 2479 malum
1715 2452 1809 2479 dicere

1023 2497 1177 2525 consuevit.

1059 2542 1129 2574 Nili,
1139 2542 1220 2569 5089.
1231 2558 1264 2563 -—
1276 2543 1304 2569 Si
1319 2543 1385 2569 nihil
1403 2543 1528 2570 admittis
1552 2544 1627 2575 mali,
1643 2544 1711 2571 nihil
1731 2552 1808 2579 pror-

1021 2596 1069 2617 sus
1090 2589 1280 2626 exstimescas.
1297 2589 1346 2616 Sin
1363 2589 1434 2616 Inale
1448 2593 1475 2616 et
1490 2590 1624 2617 scelerate
1635 2590 1716 2623 vivis,
1732 2589 1808 2618 ludi-

1021 2643 1079 2665 cum
1096 2640 1196 2662 metue.

1058 2681 1196 2716 Ejusdem,
1211 2681 1292 2709 2759.
1308 2696 1340 2701 -
1353 2682 1382 2709 Si
1400 2681 1472 2709 inter
1489 2687 1644 2717 serpentes.
1662 2683 1732 2710 alios
1748 2683 1809 2711 aliis

832 2737 946 2767 VARIE
964 2739 1164 2769 LEC'I'IONES.

221 2786 227 2820 ι
253 2780 281 2807 lu
297 2779 575 2820 Rupef._excerpti_mi
598 2780 668 2807 hanc
688 2781 894 2820 inscriptionem
915 2786 1008 2816 habet.
1022 2785 1070 2812 τοῦ
1084 2784 1167 2812 αὑτοῦ
1178 2805 1186 2815 ,
1202 2786 1233 2811 ὲκ
1247 2785 1294 2820 τοῦ
1319 2789 1343 2811 α’
1375 2785 1440 2820 πρὸς
1468 2785 1612 2811 Ἰουλιανόν
1625 2793 1632 2799 ·
1648 2785 1764 2820 ejusdem
1778 2793 1811 2812 ea:

183 2817 270 2854 primo
299 2814 333 2854 (td
351 2814 502 2854 -_’_tt_(in_n_"m.
533 2813 593 2854 Ννιι
627 2819 736 2854 exstant
761 2813 895 2849 ejusmodi
908 2820 969 2846 libri
985 2813 1184 2854 Chrysoslomi'
1198 2821 1230 2847 ad
1250 2813 1401 2847 lulianum:
1421 2813 1515 2854 Neque
1537 2820 1582 2846 hic
1600 2813 1677 2847 locus
1691 2821 1811 2847 ocuurrit

183 2851 231 2893 l'ih.
261 2859 274 2893 Ir
300 2850 395 2877 Cvrilli
419 2851 496 2877 AleV.
532 2853 629 2876 contra
661 2849 809 2885 Julianum,
840 2854 878 2880 uti
902 2863 950 2881 nec
975 2856 1027 2882 alia
1045 2850 1103 2889 quzc
1121 2863 1152 2882 ex
1175 2855 1271 2882 iisdem
1289 2856 1366 2882 libris
1386 2849 1497 2890 acCepia
1518 2859 1649 2882 notantur
1665 2855 1767 2893 passim
1782 2854 1809 2881 in

183 2884 281 2925 thiasi:
