2080 3111
276 104 343 141 1111

862 109 893 139 S.
913 106 1074 140 JOANNIS
1089 103 1306 141 DAMASCENI

1835 104 1905 138 1172

278 166 340 193 dum
355 164 476 200 praebere
487 163 567 192 solet.
583 163 680 199 Itaque
698 171 796 191 omnes
810 163 861 196 illi,
878 164 926 199 qui
949 164 1063 192 aberra-

1119 165 1180 201 περὶ
1193 164 1242 200 τὴν
1265 163 1391 198 ἀλήθειαν
1405 161 1571 198 ἐσφάλησαν,
1594 161 1669 196 παρὰ
1683 161 1714 188 τὸ
1731 160 1824 192 κακῶς
1839 160 1905 196 βιῶ·-

277 214 375 237 verunt
389 217 404 236 a
420 209 545 240 veritate,
561 209 597 236 ob
611 209 637 236 id
652 209 830 241 aberrarunt,
845 210 910 246 quia
924 210 1062 238 scelerate

273 256 414 282 vixerunt.
431 254 587 281 Puniuntur
599 261 664 289 ergo
679 255 814 289 haeretici,
826 263 881 283 non
895 255 960 290 quia
980 255 1066 283 haere-

275 299 322 327 tici
349 304 424 332 sunt,
450 299 498 326 sed
525 299 561 326 ob
588 299 669 326 vitam
684 299 859 335 ﬂagitiosam.
878 299 973 335 Neque
991 300 1065 328 enim

264 343 334 388 ‘ﬂeri
374 347 475 378 potest,
508 348 539 372 ut
572 345 716 379 quisquam
743 345 886 374 haereticus
924 345 980 379 tlat,
1014 346 1065 373 nisi

264 388 353 430 ,prius
362 389 403 417 vel
419 389 520 423 verbis,
534 390 574 417 vel
586 390 752 423 actionibus,
765 391 835 418 male
844 391 927 418 vitam
940 391 1067 418 institue-

260 429 324 461 'm.
343 435 479 468 Quocirca
513 436 611 463 merito
624 436 891 470 condemnabuntur,
921 445 975 464 non
1002 437 1066 471 quia

276 478 428 511 oﬁendunt,
448 481 495 508 sed
511 481 576 515 quia
600 481 706 516 scipsos
724 488 774 516 per
802 481 973 513 ebrietatem,
1002 489 1067 509 con-

276 524 424 551 tumaciam
442 530 469 551 et
482 525 626 552 avaritiam
640 525 811 552 obcacantcs
829 525 856 552 in
869 525 989 553 tenebris
1006 533 1064 552 am-

275 569 381 597 bulant.

276 636 356 673 342
371 637 438 673 ΤΙΤ.
449 636 520 664 XIII.
538 654 571 658 —
588 638 624 665 De
636 639 809 673 impeccantia
825 647 834 666 :
852 643 876 666 et
890 639 958 673 quod
973 644 1068 673 pra’ler

400 672 484 700 Deum
508 681 582 700 nemo
599 682 614 700 α
628 679 734 706 peccan
759 674 885 700 immunis
895 672 946 700 ’m.

286 770 291 774 Ι
310 730 361 757 Job
375 730 482 774 [Bm/4.
498 747 533 752 —-
548 741 558 757 ι
575 731 704 767 Nunquid
721 732 802 760 homo
813 740 899 768 purus
910 733 962 760 erit
974 741 1067 760 coram

279 774 417 803 Domino?
435 787 444 803 ι

1119 219 1162 237 σαι
1176 210 1343 244 ἐσφάλησαν.
1357 208 1527 241 Κολάζονται
1542 205 1589 235 οὖν
1607 209 1630 234 ol
1644 208 1787 243 atpe-ttxo't.
1802 207 1851 243 οὐχ
1863 208 1904 234 ὅτι

1117 256 1250 292 αἱρετικοξ
1267 257 1348 288 εἰσιν⁷
1363 255 1420 282 ἀλλ’
1435 255 1476 281 ὅτι
1491 254 1618 289 γεγόνασι
1633 253 1727 284 κακῶς
1743 253 1903 288 βιώσαντες.

1118 303 1175 330 υὺκ
1202 302 1261 329 ἐστι
1280 302 1335 337 γὰρ
1352 301 1490 337 αἱρετικὸν
1511 299 1648 335 γενέσθαι,
1665 299 1702 334 μὴ
1721 299 1814 330 κακῶς
1841 299 1904 334 βιώ-

1119 355 1214 382 σαντα,
1231 350 1286 375 εἴτε
1301 349 1391 382 λόγος,
1408 349 1463 374 εἴτε
1486 347 1596 383 πράξει.
1611 347 1728 378 Δικαίως
1742 345 1789 372 οὖν
1806 345 1903 380 κριθή⁴

1119 404 1222 427 σονται,
1233 395 1283 430 οὐχ
1302 395 1344 421 ὅτι
1364 394 1594 429 προσκόπτιυσιν,
1613 393 1669 420 ἀλλ’
1684 392 1724 419 ὅτι
1738 392 1849 422 ἑαυτοὺς
1860 391 1904 417 διὰ

1120 440 1216 476 μέθης,
1234 440 1385 471 ἀπειθείας,
1402 441 1448 466 καὶ
1473 439 1654 474 φιλαργυρίας
1673 437 1846 472 τυφλοῦντις,
1875 438 1905 463 ὲν

1120 487 1211 513 σκότει
1222 486 1439 521 διαπορεύονται.

1119 640 1212 666 ΤΙΤΛ.
1222 638 1271 666 II".
1282 639 1392 672 -Περὶ
1409 639 1648 673 ἀνιιμαρτησίας·
1661 638 1706 664 ὅτι
1720 636 1818 670 οὐδεὶς
1832 635 1906 664 ἀνα.

1321 673 1483 709 μάρτητος.
1497 675 1523 699 εὶ
1534 673 1578 708 μὴ
1592 675 1608 699 ὁ
1619 673 1702 705 Θεός.

1159 743 1167 758 ι
1182 733 1228 767 Μὴ
1241 728 1360 766 καθαρὸς
1377 730 1453 758 ἔσται
1469 729 1563 766 βροτὸς
1575 729 1690 756 ἐνώπιον
1705 727 1826 764 κυρίους
1840 736 1849 753 ι

312 821 363 848 Job
520 838 555 843 —-
573 833 582 848 ι
598 822 665 856 Quis
692 822 814 851 mundus
831 831 846 850 a
861 823 964 851 sorde?
989 831 1066 851 nemo

1159 828 1167 843 ι
1188 817 1236 849 Τίς
1249 816 1369 852 καθαρός
1379 817 1452 843 ἐστιν
1466 816 1519 843 ἀπὸ
1532 814 1633 850 ῥύπους
1650 811 1707 841 ἀλλ’
1719 813 1781 840 οὐδὲ
1793 810 1845 846 εἷς,
1854 812 1908 839 κᾶν

209 864 211 871 ¹
242 864 245 889 ἲ
278 866 368 902 plane,
381 871 407 895 et
422 868 446 895 si
461 868 544 895 unius
559 869 613 896 diei
625 869 680 895 vita
695 869 769 897 illius
779 869 815 897 sit
825 877 909 904 super
922 874 1036 896 terram.
1056 878 1065 894 ι

313 907 363 940 Job
389 921 451 946 xxv,
466 910 508 941 15.
529 929 562 934 -
578 922 587 938 t
602 913 706 941 Caaium
727 922 780 942 non
808 918 849 943 est
890 915 1020 942 mundum
1041 915 1068 941 in

279 964 428 992 conspectu
444 959 514 994 cjus.
535 970 543 985 I

315 1002 387 1031 Ibid.
407 1005 449 1032 M.
463 1019 499 1025 —-
520 1015 529 1031 ι
549 1004 617 1039 Quis
633 1005 715 1033 homo
732 1010 761 1032 ut
784 1006 821 1034 sit
838 1005 1068 1041 irreprehensibi-

279 1046 313 1078 lis
327 1051 338 1077 ?
352 1051 492 1086 quomodo
511 1052 564 1078 erit
580 1052 661 1079 homo
674 1052 767 1087 justus
780 1059 874 1080 coram
889 1052 1029 1081 Domino?
1056 1062 1065 1078 ι

316 1095 391 1123 Paul.
405 1105 498 1129 cxxu,
515 1097 541 1124 5.
557 1112 592 1118 -
607 1107 615 1122 ι
631 1094 659 1124 Si
674 1098 836 1132 iniquitates
864 1099 1068 1132 observaveris,

280 1135 402 1176 Dmnine,
418 1142 540 1176 Domine,
555 1143 619 1179 quis
633 1143 802 1171 sustinebit?
818 1154 827 1170 ι

315 1187 390 1215 Psal.
412 1196 476 1220 XLII,
493 1189 520 1216 2.
537 1204 571 1209 -—
591 1198 600 1215 ι
618 1187 679 1216 Non
711 1189 797 1217 intres
815 1189 841 1216 in
855 1190 990 1223 judicium
1006 1198 1069 1218 cum

278 1241 357 1261 scrro
378 1238 434 1266 tuo.
449 1234 512 1269 quia
529 1243 583 1262 non
604 1233 800 1270 justiﬁcabitur
828 1234 855 1262 in
867 1241 1014 1270 conspectu
1023 1240 1070 1263 tuo

278 1279 368 1306 omnis
379 1280 485 1307 vivens.
504 1289 513 1305 ι

316 1318 394 1353 Prov.
409 1334 455 1359 xx,
472 1321 500 1353 9.
519 1340 554 1346 —
568 1336 577 1351 ‹
600 1326 667 1359 Quis
693 1330 782 1360 potest
805 1326 915 1361 gloriari
938 1327 1068 1355 mundum

278 1378 343 1398 cssc
358 1378 407 1398 cor
421 1379 501 1399 suum
513 1371 524 1397 ?
536 1375 563 1398 et
579 1371 642 1406 quis
662 1371 787 1398 ﬁduciam
804 1371 916 1399 habebit
931 1380 960 1400 se
971 1379 1069 1407 purqu

278 1423 341 1443 cssc
357 1423 371 1441 a
386 1415 516 1451 peccato?
533 1425 542 1441 ι
719 1418 722 1422 ’

315 1461 403 1489 Eccle.
421 1469 469 1493 vtt,
485 1461 532 1490 ιιι.
546 1471 593 1487 -ι
611 1461 670 1489 Non
683 1466 726 1489 est
739 1461 820 1489 homo
832 1462 925 1498 justus
943 1463 970 1490 in
997 1469 1069 1490 terra

279 1507 325 1542 qui
345 1507 428 1534 faciat
447 1507 561 1538 bonum,
575 1511 602 1534 ct
619 1514 672 1534 non
686 1507 793 1542 peccet?
809 1517 819 1533 ι

317 1553 328 1580 1
345 1553 428 1582 Joan.
442 1561 461 1586 t,
472 1553 499 1581 8.
514 1569 549 1574 —
565 1563 575 1580 ι
589 1553 617 1580 Si
639 1553 807 1586 dixerimus,
838 1555 902 1589 quia
925 1559 1067 1588 peccatum

279 1608 334 1628 non
348 1600 490 1634 habemus,
506 1600 559 1635 ipsi
570 1607 619 1627 nos
632 1600 802 1632 seducitnus,
819 1604 846 1627 et
863 1601 964 1627 veritas
974 1599 1001 1626 in
1024 1608 1069 1627 no-

279 1647 321 1673 bis
342 1654 396 1673 non
409 1650 461 1674 est.
485 1655 494 1672 ι

279 1713 346 1741 'I'IT.
357 1713 463 1741 XIV.—
479 1713 516 1740 De
535 1714 569 1740 iis
579 1713 624 1748 qui
647 1712 744 1740 macula
755 1713 978 1742 renuntiaverunt.
992 1718 1015 1738 el
1037 1720 1068 1738 ea

383 1749 479 1784 quibur
493 1749 719 1783 renuntiauerunt,
733 1755 840 1774 rursum
860 1752 953 1782 agunt.

314 1805 390 1833 Psal.
406 1813 497 1838 cxxtv,
515 1805 542 1832 5.
559 1818 594 1824 —
613 1813 622 1829 ι
642 1803 818 1830 Declinantes
834 1801 863 1828 in
873 1801 1061 1836 obligationcs

279 1851 398 1878 adducet
410 1850 542 1878 Dominus
561 1857 624 1877 cum
642 1847 822 1884 sperantibus
837 1847 1026 1882 iniquitatem.
1052 1857 1061 1873 ι

315 1895 392 1923 Prov.
404 1904 477 1929 xxvt,
488 1896 584 1923 20.—t
601 1894 679 1922 Sint
692 1894 780 1925 canis,
796 1900 856 1919 cutn
873 1894 1019 1920 revertitur
1033 1894 1066 1920 ad

278 1941 412 1968 vomitum
428 1949 520 1973 suum,
541 1940 626 1975 [itque
653 1938 774 1970 oxlihilis,
792 1937 831 1965 sic
848 1936 950 1964 stultus
965 1937 1068 1965 malitia

279 1993 329 2014 sua
345 1987 448 2014 iterans
461 1990 605 2022 peccatum
624 1993 716 2013 suum.
739 1995 748 2010 ι

313 2032 411 2060 Ezech.
426 2040 505 2065 xvnt,
521 2033 608 2060 QK—
624 2041 632 2058 ι
651 2031 680 2059 Si
697 2033 829 2060 averterit
842 2039 872 2059 se
887 2031 982 2066 justus
994 2037 1008 2056 a
1019 2030 1067 2064 ju-

278 2079 355 2107 stitia
372 2087 433 2112 sua,
448 2084 475 2107 et
489 2079 584 2107 iecerit
605 2079 783 2114 injustitiam,
798 2078 950 2106 secundum
969 2083 1068 2104 omnes

279 2126 451 2161 iniquitates,
486 2132 556 2160 quas
580 2125 689 2160 operari
710 2125 782 2152 solet
813 2125 938 2159 impius,
963 2131 1064 2151 omnes

1121 865 1186 899 μίαν
1201 862 1308 899 ἡμέραν
1323 863 1337 889 ὁ
1354 862 1411 898 βίος
1424 861 1507 888 αὑτοῦ
1525 861 1571 888 ἐπὶ
1588 860 1637 895 τῆς
1652 860 1716 895 γῆς.
1736 869 1746 886 ι

1158 919 1165 935 ι
1181 909 1303 944 Οὐρανὸς
1318 909 1348 935 οὐ
1360 907 1481 943 καθαρὸς
1499 908 1620 953 ἐναντίον
1635 907 1729 936 αὑτοῦ.
1748 917 1757 933 ι

1159 1006 1168 1022 ι
1184 995 1233 1028 Τίς
1264 994 1370 1032 βροτὸς,
1397 996 1438 1022 ὅτι
1467 994 1543 1021 ἔσται
1566 995 1727 1030 ἄμεμπτος;
1751 993 1809 1025 πῶς
1830 994 1909 1021 ἔσται

1122 1042 1217 1079 βροτὸς
1231 1042 1337 1074 δίκαιος
1350 1041 1426 1077 παρὰ
1441 1041 1550 1076 Κυρίῳς
1570 1051 1579 1066 ι

1158 1099 1167 1114 ι
1191 1088 1254 1115 Ἐὰν
1271 1087 1386 1123 ἀνομίας
1401 1087 1617 1123 παρατηρήσεις,
1637 1086 1733 1121 Κύριε,
1750 1086 1847 1121 Κύριε,
1864 1084 1909 1117 τίς

1121 1134 1306 1170 ὑποστήσεται
1317 1142 1325 1167 ;
1342 1142 1352 1159 ι

1159 1191 1168 1207 ι
1187 1181 1233 1216 Μὴ
1245 1180 1369 1217 εἰσέλθῃς
1383 1181 1422 1212 εἰς
1435 1180 1525 1215 κρίσιν
1540 1179 1608 1215 μετά
1622 1178 1668 1205 τοῦ
1681 1179 1773 1205 δούλου
1791 1186 1850 1210 σου,
1866 1179 1909 1205 ὅτι

1119 1226 1150 1253 οὺ
1165 1227 1377 1263 δικαιωθήσεται
1393 1225 1508 1253 ἐνώπιόν
1525 1234 1572 1252 σου
1588 1226 1643 1257 πᾶς
1656 1224 1719 1257 ζῶν.
1738 1234 1747 1250 ι

1160 1326 1168 1341 ι
1191 1316 1236 1348 Τίς
1252 1313 1420 1351 καυχήσεται
1433 1315 1519 1350 ἁγνὴν
1534 1314 1606 1349 ἔχειν
1623 1314 1673 1348 τὴν
1691 1311 1820 1349 καρδίαν;
1836 1313 1852 1348 ἦ
1867 1311 1910 1344 τίς

1120 1362 1342 1398 παρρησιάζεται
1358 1361 1475 1396 καθαρὸς
1498 1359 1567 1388 εἶναι
1582 1361 1635 1387 ἀπὸ
1651 1361 1806 1396 ἁμαρτίαςς
1826 1369 1836 1386 ι

1159 1463 1167 1478 ι
1185 1451 1345 1486 ’Ἄνθρωπος
1359 1451 1409 1477 οὐκ
1423 1450 1481 1478 ἔστι
1494 1450 1597 1482 δίκαιος
1607 1451 1636 1476 ἐν
1649 1451 1681 1486 τῇ
1693 1451 1740 1485 γῇ,
1756 1448 1785 1481 ὃς
1800 1448 1909 1484 ποιήσει

1081 1507 1102 1537 ο
1121 1498 1233 1532 ἀγαθὸν,
1251 1497 1297 1524 καὶ
1307 1497 1356 1532 οὐχ
1372 1497 1572 1532 ἁμαρτήσεται.
1591 1506 1600 1521 ι

1157 1554 1166 1570 ‹
1183 1544 1245 1570 Ἐὰν
1259 1544 1392 1583 εἴπωμεν,
1406 1543 1447 1570 ὅτι
1463 1543 1601 1579 ἁμαρτίαν
1611 1542 1662 1568 οὐκ
1674 1541 1781 1577 ἔχομεν,
1794 1541 1909 1571 ἑαυτοὺς

1119 1590 1276 1626 πλανῶμεν,
1292 1590 1340 1617 καὶ
1358 1589 1473 1624 ἀλήθεια
1490 1589 1518 1616 ὲν
1536 1589 1601 1624 ἡμῖν
1617 1588 1667 1615 οὐκ
1687 1587 1771 1614 ἔστιν.
1792 1597 1802 1613 ι

1118 1711 1270 1752 ΊΊΤΛ.ΙΔ’ι
1284 1726 1319 1753 —_—
1340 1712 1410 1752 Ιζερὶ
1434 1710 1685 1753 ἁποτᾳξαμένῳνη
1699 1709 1810 1753 κηὶυέξ
1831 1711 1907 1736 ὐπο-

1153 1746 1289 1781 στροφῆς
1298 1744 1400 1774 ἐκεῖνα
1411 1748 1603 1781 πραττόντων
1614 1744 1659 1778 οἷς
1670 1744 1870 1775 ἁπετιὶξαντο.

1157 1813 1166 1830 ι
1185 1804 1255 1835 Τοὺς
1269 1803 1443 1834 ὲκκλίνοντας
1467 1804 1507 1834 εἰς
1522 1803 1571 1834 τὰς
1588 1801 1784 1837 στραγγαλιὰ’ς,
1807 1800 1907 1833 ἀπάξει

1119 1849 1221 1884 Κύριος
1238 1849 1307 1884 μετὰ
1322 1849 1377 1875 τῶν
1390 1848 1582 1884 ἐργαζομένων
1593 1848 1642 1883 τὴν
1657 1848 1783 1882 ἀνομίαν.
1800 1857 1809 1872 ι

1158 1906 1166 1921 ι
1186 1896 1292 1931 ’Ὠσπερ
1307 1895 1389 1925 κύων,
1405 1895 1468 1922 ὅταν
1485 1894 1586 1930 ἐπέλθῃ
1602 1895 1648 1921 ἐπὶ
1665 1895 1710 1921 τὸν
1725 1893 1824 1920 ἑαυτοῦ
1839 1894 1906 1927 ἔμε-

1118 1950 1174 1973 τον,
1191 1941 1238 1968 καῖ¹
1264 1942 1377 1977 μισητδς
1390 1942 1513 1975 γένηται,
1537 1941 1624 1972 οὕτως
1645 1941 1740 1975 ἄφρων
1763 1941 1797 1974 τῇ
1821 1939 1906 1965 αὑτοῦ

1119 1987 1204 2023 κακίᾳ
1219 1987 1391 2022 ἀναστρέψας
1408 1985 1453 2013 ἐπὶ
1469 1987 1518 2022 τὴν
1535 1986 1683 2021 ἁμαρτίαν.
1701 1995 1709 2011 ι

1156 2042 1165 2058 ι
1185 2033 1228 2059 Ἦν
1241 2033 1279 2068 τῷ
1297 2032 1468 2067 ἀποστρέψαι
1488 2033 1591 2059 δίκαιον
1607 2033 1638 2058 ὲκ
1659 2032 1708 2067 τῆς
1729 2031 1907 2066 δικαιοσύνης

1119 2078 1212 2110 αὐτοῦ,
1231 2079 1279 2105 καὶ
1293 2077 1525 2113 ποιήσειὰδικίαν,
1539 2078 1610 2105 κατά
1621 2078 1710 2109 πάσας
1723 2079 1772 2110 τὰς
1789 2078 1907 2112 ἀνομίας

1119 2124 1152 2157 ἀς
1169 2125 1297 2160 ἐποίησεν
1311 2125 1325 2151 ὁ
1341 2124 1451 2160 ἀνομος,
1468 2126 1554 2151 πᾶσαι
1577 2125 1605 2152 αι
1630 2124 1799 2160 δικαιοσύναι
1820 2123 1905 2150 αὑτοῦ

276 2172 393 2206 justitia:
407 2172 468 2206 ejus
482 2179 552 2206 quas
573 2170 649 2203 fecit,
667 2178 722 2198 non
743 2171 895 2198 servabunt
920 2177 983 2198 eum
1009 2178 1016 2196 :
1036 2169 1063 2196 in

1119 2171 1153 2203 ἃς
1171 2171 1309 2206 ἐποίησεν,
1323 2171 1352 2197 οὐ
1372 2170 1409 2206 μὴ
1424 2170 1597 2206 φυλαχθῶσιν
1608 2171 1637 2197 ὲν
1652 2170 1690 2205 τῷ
1701 2170 1907 2206 παραπτώματι

278 2218 380 2244 delicto
415 2225 466 2245 suo
479 2225 534 2252 quo
559 2216 686 2252 deliquit,
716 2221 744 2244 et
762 2217 790 2244 in
809 2217 933 2252 peccatis
960 2216 1066 2252 quibus

280 2263 415 2299 licetravit,
433 2264 567 2291 morietur
584 2263 612 2290 in
629 2263 680 2292 eis.
700 2275 710 2292 ι

314 2307 410 2335 Ezeclt.
425 2315 522 2340 xxxtn,
543 2308 671 2341 I2,20.—~
691 2320 700 2336 ι
718 2309 829 2338 Iustitia
841 2309 908 2345 justi
923 2315 978 2335 non
995 2306 1066 2333 libe-

279 2352 350 2379 rabit
366 2359 441 2384 eum,
454 2351 481 2379 in
495 2360 660 2388 quacunque
687 2354 732 2382 die
750 2356 884 2382 erraverit
900 2363 906 2380 :
921 2357 949 2380 et
966 2351 1069 2386 iniqui-

278 2403 320 2426 tas
341 2397 417 2433 impii
437 2405 492 2425 non
519 2399 629 2426 nocebit
644 2400 682 2431 ei,
697 2400 724 2427 in
746 2407 911 2435 quacunque
935 2398 979 2425 die
996 2404 1066 2423 ροη-

278 2446 374 2472 versus
403 2444 485 2472 fuerit
509 2445 544 2472 ab
580 2445 726 2481 iniquitate
746 2454 808 2474 sua.
835 2445 1068 2480 Uuumqucmque

276 2490 354 2525 juxta
369 2490 441 2518 vitas
454 2498 519 2519 suas
543 2491 673 2527 iudicabo
690 2500 749 2525 vos,
764 2493 863 2520 domus
880 2493 976 2521 Israel.
997 2501 1006 2517 ι

314 2545 399 2574 Eccli.
410 2547 555 2580 xxxw,50,
567 2543 611 2575 3t.
621 2563 656 2568 —
668 2557 677 2574 ι
690 2548 741 2582 Qui
755 2549 932 2584 baptizatura
947 2554 1066 2582 mortuo,

278 2592 306 2619 et
320 2592 420 2619 iterum
444 2593 534 2628 tangit
557 2600 632 2625 eunt,
649 2595 714 2629 quid
734 2593 840 2630 proiicit
857 2595 957 2623 lavatio
971 2596 1067 2624 illius?

279 2637 325 2664 Sic
340 2637 421 2664 homo
436 2638 483 2673 qui
495 2639 603 2674 jejunat
620 2648 633 2667 a
646 2641 767 2675 peccatis
783 2641 852 2674 suis,
868 2645 894 2668 et
908 2642 1006 2669 iterum
1025 2650 1068 2670 ea-

277 2683 340 2709 dcm
364 2682 479 2716 faciens.
502 2685 656 2713 orationem
682 2687 757 2715 illius
782 2687 844 2723 quis
866 2688 1013 2716 exaudiet?
1040 2694 1068 2717 ct

280 2726 345 2760 quid
364 2728 481 2761 proiecit
489 2729 609 2764 seipsum
627 2731 818 2761 humiliando?
829 2742 838 2758 ι

319 2810 403 2840 Είείὶ.
424 2824 508 2848 λκλιι,
521 2819 565 2845 25.
581 2834 614 2840 -
630 2830 638 2846 ‹
655 2820 693 2848 Nc
711 2822 834 2852 offendas
852 2825 879 2852 in
894 2829 1012 2860 petrosa.
1031 2833 1039 2851 ³

1119 2217 1212 2249 αὑτοῦ,
1228 2213 1251 2251 ᾧ
1265 2217 1433 2252 παρέπεισεν,
1449 2217 1496 2244 καὶ
1515 2217 1545 2244 ὲν
1562 2218 1621 2249 ταῖς
1645 2217 1796 2252 ἁμαρτίαις
1821 2216 1905 2243 αὑτοῦ

1120 2261 1164 2295 αἶς
1179 2263 1356 2298 ἦμαρτεν,’ὲν
1375 2263 1470 2295 αὑταῖς
1485 2263 1672 2291 ἀποθανεῖται.
1689 2272 1698 2288 ι

1158 2317 1168 2334 ι
1185 2308 1348 2344 Δικαιοσύνη
1363 2309 1468 2336 δικαίου
1483 2310 1514 2336 οὺ
1533 2309 1570 2345 μὴ
1588 2309 1712 2344 ἐξέληται
1736 2309 1829 2342 αὑτὸν,
1844 2310 1874 2335 ὲν

1120 2355 1154 2380 ἂν
1168 2353 1260 2389 ἡμέρᾳ
1278 2353 1401 2390 πλανηθῇ
1413 2362 1419 2369 ·
1438 2355 1486 2381 καὶ
1498 2355 1600 2390 ἀνομία
1615 2355 1731 2388 ἀσεσοῦς
1744 2356 1775 2382 οὺ
1795 2356 1832 2390 μὴ
1849 2364 1906 2381 κα-

1120 2400 1196 2435 κώσῃ
1209 2400 1302 2433 αὑτὸν,
1315 2401 1343 2427 ὲν
1359 2398 1418 2437 ᾖᾶν
1429 2401 1522 2438 ἡμέρᾳ.
1536 2402 1699 2438 ἀποστραφῇ
1715 2402 1769 2429 ἀπὸ
1782 2403 1832 2437 τῆς
1845 2402 1907 2428 ἀνοο

1121 2445 1185 2480 μίας
1210 2445 1304 2472 αὐτοϋ.
1323 2446 1459 2473 Ἕκαστον
1484 2447 1514 2474 ὲν
1535 2447 1595 2480 ταῖς
1621 2446 1691 2480 ὁδοῖς
1717 2446 1794 2483 ὑμῶν
1821 2447 1907 2482 κρινῶ

1120 2491 1203 2526 ὑμᾶς.
1218 2488 1293 2522 οἶκος
1312 2491 1430 2527 Ἰσραήλ.
1452 2502 1461 2518 ι

1158 2554 1167 2570 ι
1182 2543 1384 2579 Βαπτιζόμενος
1399 2546 1453 2574 ἀπὸ
1468 2547 1577 2584 νεκροῦ,
1594 2549 1641 2575 καὶ
1656 2547 1737 2574 πάλιν
1755 2548 1909 2582 ἁπτόμενος

1119 2592 1212 2626 αὑτοῦ,
1230 2593 1257 2621 τί
1276 2596 1419 2631 ὠφέλησεν
1434 2596 1462 2622 ὲν
1479 2596 1517 2630 τῷ
1540 2595 1647 2631 λουτρῷ
1660 2595 1761 2627 αὑτοῦ;
1787 2595 1882 2626 Οὕτως
1896 2596 1911 2622 ὁ

1119 2642 1262 2679 ἄνθρωπος
1279 2641 1416 2678 νηστεύων
1431 2642 1486 2669 ἀπὸ
1507 2642 1562 2669 τῶν
1582 2643 1725 2678 ἁμαρτιῶν
1741 2642 1836 2672 αὑτοῦ¹
1862 2642 1912 2668 καὶ

1120 2689 1200 2717 πάλιν
1213 2689 1407 2726 πορευόμενος,
1420 2690 1467 2716 καὶ
1492 2690 1527 2716 τὰ
1550 2688 1621 2715 αὐτὰ
1637 2688 1732 2721 ποιῶν,
1748 2689 1798 2723 τῆς
1823 2697 1913 2724 προσ-

1119 2734 1204 2770 ευχῆς
1219 2734 1312 2767 αὑτοῦ,
1328 2735 1371 2767 τίς
1385 2735 1591 2769 εἰσακούσεταις
1607 2735 1653 2762 καὶ
1675 2734 1702 2761 τί
1721 2733 1868 2770 ὠφέλησεν
1883 2735 1912 2760 ὲν

1121 2781 1159 2815 τῷ
1175 2780 1377 2815 ταπεινωθῆναι
1394 2781 1493 2814 αὺτόν;
1512 2790 1521 2807 ι

1161 2835 1169 2851 ι
1186 2825 1230 2861 Μὴ
1250 2825 1408 2862 προσκόψῃς
1422 2827 1449 2853 ἐν
1463 2824 1596 2853 λιϐώδεσι.
1611 2835 1619 2851 ι
