2080 3111
279 125 348 162 ll‘lS

311 185 445 213 Philonis.
462 199 496 205 —
512 184 655 218 Nonnulli,
681 189 744 213 eum
774 185 801 212 in
820 185 922 213 virtute
943 184 1067 220 proiece-
1082 185 1107 214 Δ

273 232 341 264 rint,
368 235 516 267 antequam
547 231 726 266 pervenerint
754 231 788 258 ad
820 230 920 266 ﬁnem,
947 231 1066 267 prolapsi

272 276 358 308 sunt;
376 284 410 304 eo
425 276 500 304 velut
514 276 676 312 optimatum
697 282 828 305 nascente
853 281 927 306 statu
948 285 963 305 a
980 277 1065 305 reteri

272 320 422 348 inconditae
436 321 524 356 plebis
552 321 742 350 dominatione
757 321 868 356 deleto;
897 330 969 358 quae,
1001 331 1063 350 cum

270 365 470 402 aliquantisper
485 367 633 403 quieverit,
660 367 695 396 de
709 368 816 406 integro
832 377 930 398 rursus
958 370 1063 401 maiore

268 411 391 445 potentia
406 413 537 448 impetum
554 414 688 443 adversus
705 414 784 443 illum
797 415 872 444 fecit.

306 468 490 507 Posteaquam
507 471 590 499 homo
606 479 654 508 per
670 473 779 509 pietatis
807 473 941 507 studium,
958 478 984 501 et
997 481 1061 510 pro-

267 515 329 542 bam
345 516 408 544 vitae
424 517 572 551 rationem,
599 525 731 546 numeros
755 525 851 546 omnes
879 518 990 546 virtutis
1012 519 1060 546 ab-

266 559 362 593 solvit,
377 564 404 588 et
419 561 549 589 Omnibus
566 562 738 598 exploratum
755 567 808 596 est,
831 570 893 590 eum
912 562 1014 599 pietate
1031 567 1060 590 et

265 603 313 632 Dei
328 606 429 634 timore
443 607 589 642 praeditum
604 616 677 641 esse,
699 616 731 636 ac
750 608 850 636 deinde
870 609 898 636 in
914 614 1057 644 peccatum

265 651 383 682 labitur;
404 652 457 680 hoc
472 653 583 680 demum
604 658 646 681 est
661 654 850 690 παράπτωμα.
863 655 889 682 id
900 659 943 683 est
954 655 1056 690 lapsus.

262 697 331 724 Cum
343 698 417 727 enim
432 698 465 725 ad
476 699 539 727 caeli
556 699 696 736 fastigium
706 705 781 729 esset
792 706 913 734 evectus,
923 701 956 729 ad
971 702 1056 728 imum

262 743 362 772 interni
375 749 469 780 postea
481 746 593 775 cecidit.

261 802 329 840 'i‘l'l'.
351 810 411 840 XV.
427 826 462 833 -
477 812 517 841 De
540 815 743 848 resurrectione,
759 820 783 842 et
794 814 911 850 judicio,
929 817 953 842 et
977 823 1053 849 poena

601 855 714 879 retenta.

291 901 367 930 Paul.
387 911 426 937 Ix,
435 904 461 933 8.
471 913 520 931 -ι
533 904 647 933 Paravit
661 906 689 934 in
698 906 803 941 judicio
819 907 947 935 thronum
958 915 1051 942 suum,

255 951 283 976 et
303 948 362 984 ipse
373 949 510 985 iudicabit
524 952 618 980 orbem
635 957 717 981 terra
729 953 758 981 in
774 954 916 990 aequitate.
933 964 942 980 ι

290 995 367 1023 Ρεαι.
381 1004 440 1030 CIII,
457 998 504 1026 29.
524 1013 559 1019 -—
587 1009 596 1025 ι
614 999 733 1029 Auferes
749 1001 878 1037 spiritum
895 1010 1001 1037 eorum,
1021 1007 1049 1031 et

252 1037 392 1076 deficient,
406 1047 432 1070 et
448 1044 475 1071 in
489 1044 628 1081 pulverem
645 1051 826 1076 revertentur.
845 1058 854 1074 ι

288 1085 371 1123 344
394 1087 473 1116 Prov.
489 1097 527 1122 xl,
544 1091 588 1118 15.
604 1106 639 1112 -
664 1101 674 1118 ι
691 1091 720 1119 Si
743 1092 837 1127 justus
851 1094 894 1121 vix
911 1094 1044 1127 salvatur,

251 1132 352 1168 impius
366 1138 394 1161 et
410 1139 538 1169 peccator
552 1136 597 1164 ubi
613 1136 768 1172 parebunt?
788 1147 797 1164 ι

287 1178 374 1207 Eccle.
395 1188 442 1214 xu,
461 1181 505 1209 14.
526 1197 562 1202 -
579 1191 589 1209 ‹
605 1180 694 1212 Omne
710 1184 813 1212 factum
835 1185 906 1214 Deus
926 1186 1042 1214 adducet

249 1224 277 1252 iit
292 1224 439 1258 judicium,
451 1227 485 1255 de
499 1229 574 1256 omni
593 1228 767 1263 abscondito,
783 1231 842 1259 sive
854 1232 968 1265 bonum,
983 1233 1041 1261 sive

248 1270 349 1297 malum
365 1271 410 1299 sit.
431 1281 440 1298 ι

282 1316 364 1343 Amos
380 1325 406 1350 ν,
429 1317 473 1346 i8.
486 1334 521 1339 —
537 1329 546 1346 ι
565 1320 611 1348 Vm
631 1321 856 1351 desiderantibus
882 1324 954 1352 diem
986 1324 1039 1353 Do-

245 1361 331 1389 tniui!
346 1363 447 1398 thuid
464 1362 521 1393 haec
535 1366 613 1395 vobis
630 1367 690 1396 dies
706 1367 815 1396 Domini
827 1369 839 1396 τ
852 1369 906 1398 ista
917 1372 1038 1400 tenebrae

243 1412 298 1440 cst,
313 1412 339 1435 et
356 1414 411 1435 non
428 1409 484 1437 lui.
496 1419 506 1436 ι

276 1459 338 1490 laet
353 1470 383 1496 ιι,
397 1457 441 1492 3|.
459 1480 495 1485 --
512 1474 522 1492 ‹
543 1464 638 1502 Magna
658 1466 718 1496 dies
741 1468 860 1504 Domini,
877 1474 905 1499 et
918 1471 1035 1501 illustris

242 1509 330 1537 talde.
348 1509 415 1543 Quis
433 1511 487 1538 erit
504 1511 645 1542 sulliciens
665 1514 699 1542 ad
715 1516 796 1543 eam?
813 1525 824 1542 ι

274 1559 336 1593 Jac!
349 1574 390 1600 Ill,
406 1567 492 1594 12.—
508 1577 518 1594 ι
536 1569 722 1607 Consurgant,
737 1577 764 1600 et
774 1574 922 1602 ascendant
938 1579 1034 1610 gentes

241 1612 268 1639 in
289 1612 387 1640 vallem
404 1611 537 1648 Josaphat
558 1624 565 1642 :
590 1616 655 1650 quia
685 1617 721 1644 ibi
743 1618 845 1646 sedebo
865 1624 895 1647 ut
909 1620 1032 1655 judicem

238 1664 335 1686 omnes
348 1663 444 1694 gentes
465 1659 492 1686 in
509 1659 639 1689 circuitu.
654 1659 755 1691 Mittite
779 1662 876 1698 falces,
899 1667 1031 1701 quoniam

237 1702 316 1731 adest
330 1703 465 1732 vindemia
480 1713 487 1732 :
501 1706 623 1740 introite,
643 1711 671 1735 et
697 1709 814 1743 calcate,
837 1711 901 1746 quia
919 1713 1031 1747 plenum

236 1752 279 1776 est
296 1749 431 1782 torcular.
446 1755 474 1779 et
487 1752 643 1781 redundant
662 1755 832 1790 toreularia;
848 1758 912 1793 quia
929 1759 1031 1795 repleta

235 1797 302 1822 sunt
315 1795 386 1822 mala
399 1802 506 1825 eorum.
533 1795 647 1827 Sonitus
669 1801 792 1829 exauditi
815 1807 882 1830 sunt
907 1804 933 1831 in
959 1805 1032 1834 Valle

232 1834 329 1874 iudicii
349 1850 356 1869 :
377 1842 418 1870 sol
434 1846 462 1870 et
477 1843 540 1871 luna
554 1843 821 1881 obtenebrabuntur,
832 1852 860 1876 et
874 1849 962 1878 stellae
976 1859 1029 1878 non

234 1887 339 1915 dabunt
359 1883 532 1924 splendorem
549 1899 642 1919 suum.
660 1891 794 1922 Dominus
808 1896 948 1924 autem'de
963 1895 1029 1925 Sion

233 1932 374 1967 clamabit,
397 1934 474 1962 etde
489 1934 644 1965 Jerusalem
673 1935 748 1965 dabit
780 1945 874 1967 vocem
894 1947 985 1974 suam,
1003 1946 1031 1969 et

233 1979 389 2007 movebitur
401 1978 502 2009 ccelum
519 1985 546 2010 et
561 1986 646 2010 terra.
664 1991 675 2009 ι

265 2073 383 2112 Sep/um.
399 2085 419 2111 l,
435 2077 464 2112 'I,
477 2077 576 2113 “.15.
592 2097 627 2103 —
644 2091 653 2109 ι
673 2082 780 2113 Timete
791 2091 807 2112 ο
820 2084 891 2114 facie
905 2083 1025 2122 Domini,

230 2124 387 2159 quiajuxta
406 2130 450 2154 est
476 2126 538 2156 dies
554 2128 675 2158 Domini.
700 2129 866 2166 Pratparavit
892 2132 1027 2164 Dominus

231 2170 372 2199 rictimam
391 2176 482 2206 suam,
498 2174 683 2204 sanctiﬁcavit
707 2182 819 2206 vocatos
835 2185 911 2207 suos.
942 2179 1022 2208 Juxta

229 2217 273 2241 cst
289 2214 348 2242 dies
359 2215 468 2245 Domini
486 2226 602 2254 magnus
618 2229 626 2247 :
640 2220 719 2254 juxta
730 2225 783 2254 est,
798 2227 825 2250 et
835 2225 914 2252 velox
929 2225 1021 2254 nimis.

233 2255 289 2287 Vox
305 2260 365 2290 dies
379 2260 488 2291 Domini
503 2270 598 2292 amara
612 2269 640 2293 et
665 2266 734 2294 dura
756 2271 858 2296 statuta
881 2275 933 2298 cst.
960 2270 1024 2300 Dies

229 2305 290 2339 irae,
302 2305 363 2335 dies
379 2307 438 2341 illa,
457 2308 518 2338 dies
532 2311 728 2347 tribulationis,
750 2318 776 2341 ct
791 2316 975 2351 necessitatis,
995 2323 1021 2347 et

172 2366 176 2371 -
228 2352 409 2386 perditionis:
423 2353 482 2383 dies
498 2356 672 2384 tenebrarum
691 2362 719 2386 et
736 2359 866 2388 turbinis.
885 2370 895 2387 ι

267 2407 384 2436 Malaclt.
396 2411 436 2443 iu,
456 2410 482 2444 l,
497 2411 525 2439 ἓ.
543 2427 578 2433 -
592 2422 602 2439 ι
623 2412 693 2441 Ecce
707 2417 791 2448 venit,
803 2415 872 2444 dicit
887 2417 1019 2449 Dominus

228 2455 405 2490 onmipoteus
429 2464 436 2483 :
460 2461 488 2485 et
517 2458 580 2493 quis
605 2460 755 2488 sustinebit
781 2462 853 2491 diem
887 2465 1018 2496 introitus

227 2497 308 2536 ejus?
321 2502 386 2537 quia
403 2502 462 2538 ipse
475 2504 628 2539 ingreditur
644 2507 722 2542 quasi
744 2508 816 2544 ignis
829 2511 856 2537 in
882 2511 1015 2540 conﬂato-

226 2550 277 2581 rio,
292 2553 320 2576 et
334 2549 414 2584 quasi
436 2550 520 2579 herba
536 2551 686 2581 lavantium
702 2562 709 2581 :
731 2560 759 2582 ct
772 2556 878 2584 sedebit
891 2558 1016 2587 conllans

224 2600 250 2622 et
266 2597 422 2625 emundans
436 2598 508 2626 sicut
525 2604 678 2635 argentum.
699 2610 708 2628 ι

259 2641 378 2671 Malach.
393 2652 429 2676 iv,
445 2645 472 2672 5.
491 2661 526 2666 —
553 2656 562 2672 ι
576 2646 646 2675 Ecce
663 2656 713 2683 ego
738 2650 814 2678 mitto
829 2651 908 2680 vobis
926 2651 1012 2680 Elian.

223 2680 392 2721 Thcsbitem,
412 2694 560 2726 antequam
577 2693 669 2720 veniat
689 2694 747 2723 dies
771 2695 878 2725 Domini
894 2704 1010 2733 magnus

220 2735 247 2758 et
264 2731 390 2760 illustris.
409 2743 418 2759 ι

257 2773 313 2821 [ιο.
329 2784 359 2806 ιι.
375 2776 419 2809 l0,
436 2778 477 2806 l9.
494 2795 527 2800 —
546 2789 554 2806 ι
573 2780 652 2808 Nune
670 2782 845 2819 ingredimini
864 2786 890 2813 in
907 2791 1007 2821 petras,

219 2823 244 2845 et
264 2818 467 2850 abscondimiui
486 2825 513 2852 in
539 2829 612 2854 terra
627 2835 642 2854 a
669 2818 740 2858 facie
759 2831 866 2860 timoris
886 2818 1005 2866 Domini,

865 129 896 160 S.
916 127 1077 160 JOANNIS
1104 121 1318 158 DAMASCENI

1843 123 1907 158 1176

1156 185 1243 211 ’Ένιοι
1256 183 1442 219 προκόψαντες
1455 183 1497 209 ἐπ’
1510 182 1622 218 ἀρετὴν,
1640 178 1828 219 ὗπενόστησαν
1843 185 1906 219 πρὶν

1118 229 1261 264 ἐφικέσθαι
1274 229 1322 256 τοῦ
1346 229 1450 262 τέλους,
1473 228 1522 264 τὴν
1549 229 1612 264 ἄρτι
1635 229 1772 265 φυομένην
1796 230 1903 264 ἀριστο-

1116 276 1247 312 χρατείαν
1261 275 1372 311 ἐνψυχῇ
1394 275 1563 310 καθελούσης
1587 275 1638 310 τῆς
1666 275 1786 308 παλαιᾶς
1813 276 1901 308 ὀλιγο-

1115 321 1257 358 κρατείας,
1270 323 1287 358 ἡ
1304 322 1373 358 πρὸς
1403 321 1494 356 ὀλίγον
1516 322 1692 358 ἡρεμήσασα,
1707 323 1789 350 πάλιν
1807 322 1837 356 ἐξ
1855 323 1901 349 ὑπ·

1113 369 1201 404 αρχῆς
1221 368 1291 404 μετὰ
1302 368 1424 400 πλείονος
1439 368 1581 406 δυνάμεως
1595 368 1756 397 ἐναπέθετο.

1148 469 1233 495 Ὅταν
1262 469 1406 504 ἄνθρωπος
1430 466 1595 505 κατορθώσῃ
1627 468 1685 504 βίον
1714 469 1844 504 ἐνάρετον
1868 469 1899 495 δι’

1109 513 1265 548 ἀσκήσεως,
1290 514 1337 540 καὶ
1360 514 1467 550 ἀγαθῆς
1488 514 1637 546 πολιτείας,
1667 515 1714 541 καὶ
1745 514 1818 541 ἐστιν
1849 514 1899 541 ὑπὸ

1110 560 1219 587 πάντων
1231 560 1416 595 ἐγνωσμένος,
1429 560 1471 587 ὃτι
1486 559 1561 586 ἐστιν
1569 560 1687 595 εὐσεϐὴς
1703 559 1751 586 καὶ
1766 560 1898 594 φοϐούμε-

1109 613 1154 637 νος
1166 606 1212 632 τὸν
1225 605 1302 638 Θεὸν,
1320 605 1369 632 καὶ
1387 605 1492 641 ἐκπέσῃ
1508 606 1549 637 εἰς
1563 606 1714 641 ἁμαρτίαν,
1729 605 1810 631 τοῦτό
1840 606 1896 632 ἐστι

1108 653 1296 687 παράπτωμα.
1319 651 1449 686 ’Δνῆλθεν
1462 651 1518 686 γὰρ
1531 651 1571 683 είς
1583 651 1614 677 τὸ
1627 651 1694 685 ὕψος
1711 650 1758 678 τοῦ
1769 650 1895 685 οὐρανοῦ,

1108 697 1155 724 καὶ
1166 699 1312 725 πέπτωκεν
1322 697 1363 730 είς
1376 697 1423 724 τὸν
1434 697 1559 732 πυθμένα
1570 696 1617 724 τοῦ
1627 696 1700 732 ᾅδου.

1106 806 1196 836 ΤΙῘΔ.
1211 806 1262 835 IE'.
1277 807 1349 843 Περὶ
1370 808 1576 841 ἀναστάσεως,
1599 808 1648 835 καὶ
1666 808 1802 842 κρίσεως,
1823 808 1890 834 αιω.

1388 844 1457 876 νίας
1476 844 1643 876 κολάσεως.

1142 911 1152 928 ι
1175 901 1338 937 Ἦτοίμασεν
1367 902 1397 929 ἐν
1424 902 1514 937 κρίσει
1539 901 1586 929 τὸν
1610 901 1704 938 θρόνον
1730 901 1824 936 αὐτοῦ,
1846 903 1892 929 καὶ

1101 947 1183 979 αὐτὸς
1192 949 1291 983 κρινεῖ.
1303 957 1313 974 ι

1138 1003 1148 1020 ι
1172 993 1341 1026 Ἀντανελεῖς
1353 994 1384 1020 τὸ
1394 993 1506 1029 πνεῦμα
1537 993 1640 1025 αὐτῶν,
1662 993 1709 1020 καὶ
1723 994 1889 1029 ὲκλείψουσι,

1098 1040 1145 1066 καὶ
1154 1041 1194 1071 εἰς
1217 1040 1263 1066 τὸν
1276 1039 1340 1075 χοῦν
1354 1039 1445 1067 αὐτῶν
1463 1039 1688 1074 ἐπιστρέφουσιν.
1700 1049 1710 1065 ι

1135 1095 1144 1112 ι
1164 1086 1194 1112 El
1207 1087 1221 1112 6
1233 1085 1337 1117 δίκαιος
1351 1085 1428 1121 μόλις
1439 1085 1572 1118 σώζεται,
1587 1086 1601 1112 6
1615 1085 1718 1120 ἀσεϐὴς
1737 1086 1784 1112 καὶ
1798 1085 1887 1121 ἁμαρ-

1094 1131 1180 1163 τωλὸς
1190 1131 1243 1158 ποῦ
1257 1133 1399 1167 φανεῖταις
1419 1141 1428 1157 ι

1133 1177 1272 1212 «Σύμπαν
1297 1177 1329 1204 τὸ
1348 1178 1455 1213 ποίημα
1480 1177 1539 1211 ἄξει
1563 1178 1579 1204 6
1606 1177 1673 1210 Θεὸς
1701 1179 1740 1210 είς
1770 1178 1880 1214 κρίσιν.

1093 1223 1122 1250 ἐν
1145 1223 1229 1251 παντὶ
1259 1224 1477 1260 παρεωραμένῳ,
1504 1224 1552 1252 ἐὰν
1575 1223 1695 1260 ἀγαθὸν,
1730 1224 1777 1252 ἐὰν
1802 1233 1886 1260 πονη-

1094 1269 1236 1341 ρόῖιὶλῦαὶ
1256 1314 1281 1341 οἱ
1312 1314 1510 1350 ἐπιθυμοῦντες
1537 1315 1588 1351 τὴν
1617 1315 1724 1351 ἡμέραν
1754 1315 1882 1351 Κυρίουι

1090 1360 1148 1387 Ἵνα
1159 1361 1185 1387 τι
1203 1360 1267 1396 ὑμῖν
1281 1359 1351 1397 αῦτη
1366 1361 1458 1398 ἡμέρα
1473 1361 1594 1398 κυρίους
1610 1361 1679 1397 αὕτη
1693 1361 1752 1389 ἐστὶ
1775 1362 1882 1395 σκότος,

1089 1407 1136 1434 καὶ
1148 1406 1258 1442 οὺλφῶς.
1271 1416 1282 1433 ι

1125 1473 1134 1490 ι
1152 1463 1267 1500 Μεγάλη
1280 1463 1299 1499 ἡ
1313 1463 1405 1499 ἡμέρα
1420 1463 1539 1499 Κυρίου.
1556 1463 1664 1500 μεγάλη
1680 1463 1727 1491 καὶ
1743 1465 1880 1501 ἐπιφανὴς

1048 1528 1073 1560 c
1088 1510 1205 1546 σφόδρα.
1219 1509 1268 1542 Τίς
1283 1510 1361 1538 ἔσται
1373 1509 1466 1542 ἱκανὸς
1478 1510 1565 1545 αὐτῇς
1582 1518 1592 1535 ι

1125 1577 1135 1593 ι
1160 1565 1370 1602 Ἑξεγειρέσθω,
1395 1566 1444 1593 καὶ
1470 1565 1640 1592 ἀναδαινέτω
1667 1566 1801 1593 πάντατὰ
1813 1567 1878 1604 ἔθνη

1085 1613 1126 1644 είς
1139 1612 1188 1648 τὴν
1202 1612 1315 1640 κοιλάδα
1332 1613 1480 1647 Ἰωσαφὰτ,
1494 1614 1535 1640 ὅτι
1552 1614 1611 1641 ικεῖ
1627 1614 1714 1641 καθιῶ
1742 1614 1790 1641 τοῦ
1817 1614 1878 1642 διας

1086 1657 1178 1692 κρῖναι
1199 1657 1288 1684 πάντα
1302 1656 1337 1683 τὰ
1351 1656 1415 1692 έθνη
1445 1659 1486 1690 είς
1513 1658 1564 1694 τὴν
1592 1658 1742 1687 κύκλωθιν.
1762 1659 1876 1691 Ἐξαποο

1085 1702 1209 1730 στείλατε
1240 1702 1364 1738 δρέπανα
1382 1723 1390 1736 ,
1421 1703 1462 1730 ὅτι
1494 1704 1668 1740 παρέστηκεν
1687 1707 1702 1732 6
1728 1704 1873 1740 τρυγητός.

1083 1748 1296 1784 Εἰσπορεύεσθε,
1313 1750 1436 1781 πατεϊτε,
1452 1749 1520 1777 διότι
1530 1750 1639 1786 πλήρης
1650 1752 1666 1786 ἡ
1677 1751 1758 1787 ληνός
1769 1759 1777 1767 '
1791 1752 1873 1787 ὑπερ-

1082 1796 1171 1830 χεῐται
1189 1795 1224 1822 τὰ
1241 1795 1373 1831 ὑπολήνια
1383 1815 1391 1828 ,
1405 1796 1446 1823 ὃτι
1461 1797 1616 1833 ἐπληθύνθη
1630 1797 1666 1824 τὰ
1675 1798 1748 1825 κακὰ
1772 1798 1872 1826 αὐτῶν.

1081 1839 1164 1877 Ἦχοι
1185 1842 1322 1878 ὲξήχησαν
1335 1842 1364 1868 ὲν
1381 1844 1415 1878 τῇ
1437 1843 1541 1871 κοιλάδι
1567 1844 1617 1879 τῆς
1644 1843 1723 1880 δίκης
1739 1853 1746 1859 ·
1761 1845 1776 1871 6
1797 1844 1874 1879 ἥλιος

1082 1888 1156 1924 καὶὴ
1169 1888 1269 1924 σελήνη
1299 1889 1506 1922 συσκοτάσουσι,
1530 1890 1580 1917 καὶ
1593 1890 1618 1917 oi.
1632 1890 1747 1926 ἀστέρες
1760 1890 1790 1917 οὗ
1819 1891 1872 1917 δώ-

1081 1943 1158 1961 σουσι
1173 1934 1204 1961 τὺ
1225 1934 1328 1970 φέγγος
1350 1935 1440 1963 αὐτῶν
1455 1944 1462 1951 ·
1473 1936 1488 1962 6
1500 1935 1529 1963 δὲ
1542 1936 1645 1972 Κύριος
1658 1937 1691 1964 ὲκ
1706 1936 1775 1963 Σιὼν
1802 1937 1870 1964 ἀνω

1080 1980 1226 2016 κράξεται,
1257 1981 1304 2009 καὶ
1326 1980 1357 2014 ἐξ
1379 1979 1559 2018 Ἰερουσαλὴμ
1587 1980 1669 2010 δώσει
1698 1984 1749 2018 τὴν
1776 1983 1871 2020 φωνὴν

1079 2026 1173 2061 αὑτοῦ,
1188 2028 1235 2054 καὶ
1251 2027 1426 2064 σεισθήσεται
1437 2029 1451 2055 6
1462 2028 1578 2064 οὐρανὸς
1589 2028 1637 2056 καὶ
1652 2029 1670 2064 ἡ
1681 2029 1729 2064 γῆ.
1746 2038 1756 2056 ι

1116 2093 1126 2109 ι
1145 2083 1311 2111 Εὑλαϐεϊσθε
1326 2084 1380 2112 ἀπὸ
1399 2085 1547 2121 προσώπου
1568 2085 1683 2122 Κυρίου,
1698 2086 1766 2113 διότι
1783 2087 1870 2121 ἐγγὺς

1077 2129 1094 2163 ἡ
1116 2129 1209 2164 ἡμέρα
1233 2129 1350 2165 Κυρίου.
1378 2130 1527 2167 Ἡτοίμασε
1558 2131 1661 2168 Κύριος
1690 2133 1740 2168 τὴν
1769 2131 1868 2158 θυσίαν

1077 2173 1171 2206 αὑτοῦ.
1188 2176 1287 2212 ἡγίασε
1300 2177 1364 2209 τοὺς
1376 2177 1493 2213 κλητοὺς
1517 2178 1610 2206 αὐτοῦ.
1631 2179 1730 2213 Ἐγγὺς
1743 2179 1760 2214 ἡ
1774 2179 1867 2213 ἡμέρα

1038 2203 1062 2233 D
1077 2203 1180 2256 Κυρίου
1192 2203 1342 2258 μεγάλης
1353 2203 1441 2257 ἔγγδζ
1452 2203 1500 2250 έσῖι
1510 2203 1610 2259 reici;
1625 2203 1735 2259 σᾷἑέιέοῖ.
1750 2203 1838 2257 tituli/i1.
1848 2225 1865 2252 ἠ

1075 2267 1168 2302 ἡμέρα
1182 2267 1286 2302 Κυρίου
1302 2268 1390 2304 πικρὰ
1410 2270 1458 2296 καὶ
1480 2269 1586 2305 σκληρὰ
1602 2269 1733 2296 τέτακται
1746 2278 1753 2285 ⁸
1771 2270 1863 2304 ἡμέρα

1073 2312 1167 2348 ὀργῆς,
1192 2313 1209 2347 ἡ
1219 2312 1311 2348 ἡμέρα
1322 2313 1411 2348 ἐκείνη
1424 2313 1514 2349 ἡμέρα
1524 2314 1639 2349 θλίψεως
1658 2315 1705 2341 καὶ
1727 2314 1862 2349 ἀνάγκης.

1073 2359 1120 2384 καὶ
1134 2358 1287 2394 ἀφανισμοῦ
1300 2367 1308 2375 '
1325 2359 1417 2394 ἡμέρα
1434 2360 1545 2391 σκότους
1557 2359 1603 2386 καὶ
1618 2360 1729 2394 γνόφου.
1742 2367 1751 2385 ι

1109 2425 1118 2440 ι
1142 2415 1208 2442 Ἰδοὺ
1234 2415 1356 2451 ἔρχεται,
1382 2415 1456 2450 λέγει
1487 2416 1590 2452 Κύριος
1604 2417 1618 2442 6
1635 2417 1835 2452 παντοκράτωρ
1851 2424 1859 2431 ·

1069 2462 1117 2488 καὶ
1132 2462 1173 2493 τίς
1186 2462 1319 2497 ὑπομενεί
1331 2462 1439 2498 ἡμέραν
1466 2463 1571 2489 εἰσόδου
1597 2462 1680 2489 αὑτοῦ
1692 2471 1700 2495 ;
1713 2463 1782 2490 διότι
1808 2463 1861 2489 αὑ-

1068 2507 1114 2539 τὸς
1140 2507 1337 2543 εἰσπορεύεται
1359 2507 1398 2539 ὡς
1416 2507 1471 2544 πῦρ
1486 2508 1515 2534 ὲν
1532 2508 1720 2544 χωνευτηρίῳ,
1747 2508 1794 2534 καὶ
1821 2507 1861 2539 ὼς

1068 2553 1121 2580 πόα
1136 2553 1290 2580 πλυνόντων
1305 2560 1312 2568 ·
1331 2553 1380 2580 καὶ
1395 2553 1532 2580 καθιεῖται
1560 2554 1687 2588 χωνεύων
1708 2554 1755 2581 καὶ
1767 2554 1845 2580 καθα

1066 2599 1148 2634 ρίζων
1156 2599 1194 2629 ὡς
1207 2598 1237 2624 τὸ
1245 2598 1387 2634 ἀργύριον.
1401 2608 1410 2625 ι

1102 2655 1111 2670 ι
1140 2645 1206 2671 Ἰδοὺ
1235 2644 1291 2678 ἐγὼ
1317 2645 1475 2672 ἀποστέλλω
1503 2645 1596 2672 Ἠλίαν
1621 2645 1666 2671 τὸν
1697 2644 1832 2680 Θεαϐίτην
1849 2665 1857 2676 ,

1063 2691 1129 2727 πρὶν
1150 2691 1238 2718 ἐλθεῖν
1253 2690 1303 2726 τὴν
1334 2691 1440 2726 ἡμέραν
1467 2691 1571 2726 Κυρίου
1597 2692 1647 2727 τὴν
1669 2691 1792 2726 μεγάλην
1807 2692 1856 2718 καὶ

1061 2737 1190 2772 ἑπιφανῆ.
1204 2745 1213 2762 ι

1097 2792 1106 2808 ι
1127 2782 1184 2809 Νῦν
1199 2781 1335 2808 είσέλθετε
1353 2783 1394 2814 είς
1411 2784 1462 2816 τὰς
1480 2784 1592 2820 πέτρας,
1622 2786 1668 2813 καὶ
1694 2786 1852 2821 κρύπτεσθε

1061 2829 1098 2860 είς
1113 2828 1161 2864 τὴν
1176 2828 1228 2864 γῆν
1249 2827 1305 2855 ἀπὸ
1327 2829 1473 2864 προσώπου
1493 2830 1540 2858 τοῦ
1568 2831 1651 2866 φόϐου
1671 2833 1785 2868 Κυρίου.
1805 2833 1852 2858 ut
