2080 3111
225 103 295 140 1177

837 108 954 143 SACRA
974 110 1204 144 PARALLELA.

1774 114 1785 147 i
1795 115 1843 148 178

222 163 278 190 ἀπὸ
289 163 338 198 τῆς
349 162 428 199 δόξης
440 162 489 199 τῆς
506 163 597 199 ἰσχύος
612 163 706 197 αὐτοῦ,
720 165 785 192 ὅταν
802 164 906 201 ἀναστῆ
923 165 1002 202 θραῦ-

1058 171 1085 194 et
1103 174 1119 193 a
1133 166 1220 202 gloria
1235 165 1346 194 virtutis
1359 165 1429 201 ejus,
1446 166 1558 201 quando
1583 167 1738 196 surrexerit
1759 175 1854 198 conte-

224 217 269 236 σαι
286 209 335 244 τὴν
350 208 412 243 γῆν.
426 218 436 235 ι

262 264 273 280 ι
298 254 362 282 Ἰδοὺ
374 255 466 290 ἡμέρα
480 255 583 291 Κυρίου
599 256 710 288 ἀνίατος
737 256 848 293 ἔρχεται
875 258 946 292 μετὰ
960 258 1009 284 θυο

225 301 276 336 μοῦ
294 300 342 327 καὶ
355 300 450 336 ὀργῆς,
465 301 545 336 θῆναι
561 302 611 338 τὴν
633 303 796 338 οἰκουμένην
819 305 884 340 ὃλην
907 304 1010 340 ἔρημον

223 347 272 373 καὶ
296 346 361 378 τοὺς
383 347 564 382 ἁμαρτωλοὺς
592 348 719 376 ἀπολέσει
741 350 770 383 ἐξ
789 350 885 385 αὐτῆς.
911 352 941 377 οι
955 351 1009 387 γὰρ

222 391 338 426 ἀστέρες
364 391 413 418 τοῦ
438 393 566 428 οὐρανοῦ,
594 394 641 420 καὶ
653 395 668 421 ὁ
683 395 792 430 Ὧρὶων,
816 395 862 422 καὶ
878 396 892 423 6
908 397 1009 432 κόσμος

222 437 277 468 πᾶς
299 436 347 463 τοῦ
369 437 495 472 ούρανοῦ,
510 437 541 464 τὸ
563 439 620 473 φῶς
650 439 739 466 αὐτῶν
764 441 794 466 οὐ
810 440 936 474 δώσουσι,
961 441 1009 468 καὶ

223 482 456 518 σκοτασθήσονται
467 483 514 510 τοῦ
530 484 606 518 ἡλίου
618 485 820 518 ἀνατέλλοντος,
834 487 883 514 καὶ
896 487 914 523 ἠ
928 487 1008 523 σελή-

221 534 254 562 νη
271 527 302 553 οὐ
317 527 399 554 δώσει
411 528 444 555 τὺ
455 529 524 563 φῶς.
548 530 603 556 Kal.
631 530 791 566 ὲντελοῦμαι
804 532 837 566 τῇ
860 532 1008 569 οἰκουμένῃ

220 573 268 608 ὅλῃ
287 573 370 606 κακὰ,
386 575 434 600 καὶ
459 576 517 607 τοῖς
535 575 648 602 ἀσεὸέσι
660 576 709 608 τὰς
724 577 864 612 ἁμαρτιας
890 578 980 605 αὐτῶν
997 586 1006 595 ·

220 618 269 645 xui.
278 618 408 646 ἀπολέσω
427 619 507 656 ὓϐριν
518 621 635 656 ἀνόμων,
654 622 701 649 καὶ
719 622 798 658 ὕϐριν
823 623 1006 659 ὑπερηφάνων

219 663 393 692 ταπεινώσω.
410 674 420 690 ι

260 719 269 736 ι
295 711 507 747 Ἀναστήσονται
523 713 549 740 οι
570 715 673 748 νεκροὶ,
699 715 745 742 καὶ
771 714 966 750 ἐγερθήσονται
981 715 1005 742 οἱ

219 756 249 783 ὲν
264 755 321 788 τοϊς
337 757 491 792 μνημείοις.
506 767 516 784 ι

257 813 266 830 ι
283 803 353 836 Ἐγὼ
380 804 416 831 τὰ
442 804 511 840 ἔργα
538 805 645 839 αὐτῶν,
675 806 723 834 καὶ
746 806 792 834 τὸν
824 807 1005 843 συλλογισμὸν

218 849 335 885 ἔρχομαι
350 846 528 885 συναγαγεῖντ
536 861 545 878 ι

255 904 265 920 ι
282 895 459 931 Ειλιγήσεται
475 897 489 923 ὁ
503 897 617 933 οὐρανὸς
643 898 681 929 ὼς
700 898 814 933 βιὸλίον,
842 899 891 926 καὶ
915 899 1005 926 πάντα

217 939 253 966 τὰ
278 939 366 975 ἄστρα
391 942 538 969 πεσοῦνται
560 943 599 974 ὡς
618 943 718 978 φύλλον
738 943 768 976 ἐξ
788 944 929 980 ἀμπέλου,
958 945 1005 971 καὶ

217 985 255 1017 ὡς
268 985 364 1011 πιπτει
377 985 476 1020 φύλλον
489 987 544 1014 ἀπὺ
558 988 655 1022 συκῆς.
675 997 685 1015 ι

255 1040 264 1057 ι
286 1031 364 1058 Πᾶσα
388 1032 465 1068 φωνὴ
488 1033 670 1068 ἀναστήσεται
696 1035 763 1069 προς
787 1036 816 1062 σὲ
834 1036 874 1067 εἰς
900 1035 1002 1070 κρίσιν,

217 1078 265 1104 καὶ
282 1077 372 1105 πάντα
395 1078 494 1112 αὐτοὺς
518 1080 609 1107 ἒτάσει
628 1089 634 1096 ·
654 1082 679 1108 οἱ
691 1082 719 1108 δὲ
732 1081 818 1117 ἔνοχοι
847 1081 954 1109 ἔσονται
974 1083 1003 1109 ὲν

217 1130 298 1158 Λυπῃ.
311 1133 320 1149 Ι

255 1178 264 1194 ι
289 1169 354 1196 Ἰδοὺ
368 1170 382 1197 ὀ
397 1169 464 1202 Θεδς
480 1170 571 1206 ἡμῶν,
603 1171 657 1198 ἰδοὺ
671 1172 685 1198 6
697 1171 798 1207 Κύριος
826 1172 906 1208 ἡμῶν
933 1173 1003 1208 μετὰ

218 1213 311 1250 ἰσχύος
324 1215 444 1251 ἔρχεται.
471 1216 536 1244 Ἰδοὺ
550 1217 564 1245 6
583 1217 679 1252 μισθὸς
695 1218 754 1253 μετ’
779 1218 862 1247 αὑτοῦ
872 1238 880 1251 ,
907 1219 956 1247 καὶ
972 1219 1003 1246 τὸ

216 1259 296 1295 ἔργον
309 1260 424 1288 ἐνώπιον
435 1261 528 1288 αὑτοῦ.
540 1271 550 1288 ι

253 1316 263 1333 ι
287 1307 352 1335 Ἰδοὺ
366 1308 470 1344 Κύριος
485 1308 524 1340 ὡς
540 1307 596 1344 πῦρ
622 1309 694 1344 ἥξει,
720 1311 769 1336 καὶ
781 1309 819 1342 ὡς
831 1311 959 1344 καταιγὶς
969 1311 1003 1339 τὰ

215 1352 328 1389 ἅρματα
356 1353 451 1387 αὑτοῦ,
466 1354 615 1382 ἀποδοῦναι
635 1355 664 1381 ὲν
679 1355 759 1391 θυμῷ
784 1356 925 1391 ἐκδίκησιν
955 1357 1003 1384 καὶ

215 1399 457 1436 ἁποσκορακισμὸν
467 1401 496 1428 ὲν
514 1400 595 1436 φλογὶ
621 1401 716 1436 πυρός.
737 1402 780 1428 Ἐν
801 1402 856 1438 γὰρ
873 1401 911 1438 τῷ
935 1403 1002 1439 πυρὶ

214 1444 321 1481 Κυρίου
334 1446 498 1482 κριθήσεται
512 1447 588 1474 πᾶσα
604 1447 621 1481 ἡ
634 1448 680 1483 γῆ.
691 1456 702 1473 ι

1062 221 1123 241 rere
1136 217 1249 241 terram.
1270 223 1280 240 ι

1098 259 1154 288 Isa.
1172 267 1232 293 xm,
1247 259 1324 287 9—H.
1338 274 1373 279 —
1386 267 1395 285 ι
1412 258 1482 286 Ecce
1499 258 1559 287 dies
1580 259 1703 294 Domini.
1731 262 1856 291 crudelis

1060 305 1135 333 venit
1146 312 1209 332 cum
1222 304 1412 340 indignatione
1424 307 1452 332 et
1466 304 1518 336 ira,
1534 304 1566 332 ad
1581 307 1740 339 ponendum
1755 308 1851 335 orbem

1059 354 1139 378 terrae
1158 351 1186 378 in
1212 351 1386 379 solitudinem
1404 360 1411 378 :
1426 355 1453 379 et
1470 356 1630 385 peccatores
1652 352 1794 386 disperdet
1809 361 1843 380 ex

1058 406 1100 426 ea.
1118 398 1210 426 Stellae
1226 398 1299 426 enim
1316 399 1389 431 caeli,
1415 403 1444 426 et
1463 399 1547 427 Orion
1569 403 1597 426 ct
1620 399 1712 427 omnis
1733 404 1849 428 ornatus

1058 443 1120 471 caeli
1134 443 1226 471 lumen
1239 451 1321 472 suum
1343 451 1397 471 non
1419 444 1535 476 dabunt,
1548 448 1576 471 et
1590 444 1850 471 obtenebrabuntur

1058 489 1116 516 sole
1140 489 1259 521 oriente,
1276 492 1305 516 et
1326 488 1391 515 luna
1421 497 1476 516 non
1500 489 1577 517 dabit
1602 489 1694 516 lumen
1710 496 1802 521 suum,
1823 493 1850 515 ct

1058 534 1193 561 mandabo
1211 534 1340 562 universo
1365 534 1424 562 orbi
1445 535 1534 566 mala,
1562 539 1590 562 et
1615 534 1709 570 impiis
1734 539 1848 569 peccata

1056 587 1162 607 eorum.
1179 579 1214 607 Et
1240 580 1352 615 perdam
1369 580 1498 616 injuriam
1517 581 1686 616 iniquorum,
1704 585 1730 608 et
1747 585 1848 608 contu-

1057 625 1166 653 tneliam
1183 625 1367 661 superborum
1384 625 1545 653 humiliabo.
1564 634 1574 652 I

1091 713 1147 741 lsa.
1163 721 1236 746 xxvr,
1254 713 1298 742 16.
1310 729 1344 734 —-
1360 723 1369 739 ι
1385 713 1536 748 licsnrgent
1557 713 1670 744 mortui,
1694 717 1721 740 et
1745 720 1845 740 exsur-

1055 761 1120 793 gent
1134 758 1180 793 qui
1198 758 1225 786 in
1244 759 1430 786 monumentis
1442 765 1516 786 sunt.
1535 768 1544 784 ι

1090 803 1147 831 Isa.
1160 811 1234 837 Lm,
1251 804 1293 831 18.
1308 819 1341 824 ——
1355 813 1364 828 ο
1379 804 1435 839 Ego
1450 811 1533 839 opera
1547 811 1642 831 corum
1656 810 1730 835 novt,
1744 808 1772 830 et
1782 810 1845 830 con-

1055 850 1241 885 gregationem
1261 851 1339 878 venio
1358 858 1535 885 congregare.
1551 859 1560 876 ν

1092 894 1147 922 Isa.
1163 903 1256 928 xxxtv,
1270 895 1335 922 4.-
1353 904 1363 921 ι
1375 895 1592 930 Complicahitur
1605 894 1704 922 coelum
1721 898 1750 920 ut
1764 894 1843 926 liber,

1054 945 1082 968 et
1096 941 1187 967 omnia
1202 946 1275 968 astra
1294 941 1393 968 cadent
1417 945 1447 968 ut
1463 940 1558 968 folium
1573 948 1606 968 ex
1634 940 1700 972 vite,
1717 944 1745 966 et
1769 940 1844 967 sicut

1054 986 1128 1014 cadit
1147 985 1241 1013 folium
1258 986 1291 1013 de
1311 985 1374 1013 licn.
1391 995 1401 1012 ι

1092 1042 1102 1058 ι
1122 1031 1217 1060 Omnis
1243 1040 1295 1059 vox
1325 1035 1457 1067 exsurget
1483 1033 1516 1060 ad
1545 1036 1571 1058 te
1594 1032 1621 1059 in
1646 1031 1793 1066 judicium,
1815 1035 1842 1059 et

1054 1078 1146 1106 omnia
1157 1086 1205 1106 eos
1216 1078 1425 1110 examinabunt,
1439 1081 1466 1106 et
1481 1081 1612 1106 nocentes
1626 1082 1710 1105 erunt
1726 1078 1752 1104 in
1773 1085 1841 1104 mte-

1053 1132 1126 1153 rore.
1147 1133 1156 1151 1

1089 1169 1147 1197 Ιδα.
1163 1178 1229 1203 un,
1246 1170 1289 1198 il.
1308 1184 1339 1190 —
1364 1178 1374 1196 ι
1396 1168 1465 1198 Ecce
1486 1168 1559 1198 Deus
1574 1174 1683 1201 noster,
1704 1177 1769 1197 ecce
1789 1169 1841 1196 Do-

1054 1217 1145 1244 minus
1157 1220 1260 1249 noster,
1275 1223 1337 1243 cunt
1351 1216 1451 1244 virtute
1464 1216 1565 1242 veniet.
1580 1215 1649 1242 Ecce
1661 1223 1766 1242 merces
1781 1215 1841 1248 ejus

1052 1269 1115 1290 cum
1135 1269 1178 1294 eo,
1193 1266 1221 1289 et
1235 1269 1305 1297 opus
1319 1261 1380 1295 ejus
1399 1270 1492 1289 coram
1507 1262 1563 1288 illo.
1584 1272 1594 1287 ι

1090 1307 1149 1336 Ira.
1164 1316 1236 1341 Lm.
1260 1307 1304 1336 15.
1324 1323 1359 1328 -
1382 1317 1391 1334 ι
1411 1307 1482 1335 Ecce
1507 1308 1637 1335 Dominus
1664 1307 1744 1342 quasi
1770 1307 1842 1341 ignis

1053 1353 1153 1385 veniet,
1171 1357 1199 1381 et
1216 1354 1294 1388 quasi
1319 1357 1466 1388 tempestas
1481 1361 1581 1381 currus
1594 1353 1664 1386 ejus.
1682 1352 1796 1380 reddere
1814 1352 1841 1379 in

1053 1399 1146 1427 furore
1160 1399 1292 1428 ultionem
1308 1404 1335 1428 et
1352 1400 1566 1434 increpationem
1589 1399 1669 1434 345
1688 1399 1714 1426 in
1733 1398 1842 1426 ﬂamma

1053 1446 1136 1480 ignis.
1165 1445 1193 1473 In
1225 1445 1288 1482 igne
1316 1446 1388 1473 enim
1419 1445 1527 1473 Domini
1554 1445 1723 1480 judicabitnr
1754 1445 1843 1472 omnis

1053 1494 1135 1518 terra.
1158 1499 1167 1517 ι

251 1544 261 1562 t
277 1535 347 1563 Τάδε
373 1535 448 1570 λέγει
469 1535 572 1574 Κύριος
586 1537 643 1568 τοῖς
667 1536 773 1569 ὀστέοις
786 1537 893 1570 τούτοις
906 1547 913 1554 ·
934 1538 1000 1567 Ἰδοὺ

1089 1535 1185 1563 Ezech.
1200 1543 1303 1569 uxm,
1319 1535 1346 1568 5.
1359 1536 1385 1563 6.
1396 1551 1432 1556 —
1445 1545 1453 1561 ι
1471 1536 1534 1564 llmc
1545 1536 1613 1564 dicit
1626 1535 1757 1563 Dominus
1771 1536 1844 1563 ossi-

213 1581 271 1616 ἐγὼ
300 1582 377 1618 φέρω
401 1582 445 1617 ἔφ’
458 1582 531 1617 ὑμᾶς
552 1582 661 1618 πνεῦμα
687 1582 773 1618 ζωῆς.
797 1584 846 1612 καὶ
865 1583 943 1611 δώσω
958 1584 1001 1618 ἐφ’

213 1627 286 1662 ὑμᾶς
311 1627 407 1664 νεῦρα.
438 1628 486 1655 καὶ
511 1628 569 1661 ἄξω
600 1629 643 1663 ἐφ’
666 1629 739 1663 ὑμᾶς
762 1629 870 1664 σάρκα·
887 1630 936 1656 καὶ
954 1630 1002 1665 ζή-

213 1673 304 1706 σεσθε,
325 1674 373 1701 καὶ
385 1673 533 1708 γνώσεσθε,
549 1675 590 1702 ὅτι
603 1673 659 1708 ἐγώ
675 1676 732 1710 εἰμι
757 1675 869 1710 Κύριος.
881 1685 890 1702 ι

251 1772 261 1790 ι
273 1764 371 1799 Κρίσις
402 1763 441 1799 τῷ
454 1763 549 1799 Κυρίῳ
563 1764 592 1790 ὲν
606 1764 662 1796 τοῖς
677 1764 778 1796 ἔθνεσι,
798 1763 938 1800 κρίνεσθαι
951 1763 1001 1791 αὺ-

213 1811 259 1841 τὸς
274 1810 344 1844 πρὸς
359 1810 450 1837 πᾶσαν
466 1810 564 1845 σάρκα.
581 1818 592 1836 ι

251 1864 260 1879 ι
284 1854 435 1890 Ἐθεώρουν
449 1854 502 1885 ἓως
518 1852 550 1881 οἶδ
572 1855 662 1890 θρόνοι
683 1855 826 1891 ἐτέθησαν,
855 1855 904 1882 καὶ
917 1855 931 1882 6
947 1863 1001 1882 πα-

212 1899 287 1932 λαιὸς
303 1899 414 1936 ἡμερῶν
429 1900 557 1936 ἐκάθητο.
574 1901 628 1928 Καὶ
636 1901 665 1928 τὸ
681 1901 787 1936 ἔνδυμα
798 1900 881 1928 αὑτοῦ
903 1901 1000 1928 λευκὸν

212 1945 279 1972 ὡσεὶ
290 1945 367 1981 χιὼν,
384 1946 432 1973 καὶ
448 1947 464 1982 ἡ
478 1946 539 1982 θρὶξ
553 1947 603 1982 τῆς
615 1947 738 1982 κεφαλῆς
749 1946 832 1974 αὐτοῦ
851 1946 918 1973 ὡσεὶ
927 1946 999 1982 ἔριον

212 1992 350 2027 καθαρόν
366 1991 414 2020 καὶ
435 1993 450 2021 6
465 1992 559 2028 θρόνος
593 1993 676 2020 αὑτοῦ
694 1991 761 2027 φλὸξ
788 1993 885 2028 πυρὸς,
914 1993 961 2019 καὶ
974 1994 999 2020 οἱ

212 2037 307 2072 τροχοὶ
325 2037 411 2065 αὐτοῦ
428 2037 484 2072 πῦρ
509 2037 618 2072 φλέγον.
643 2037 767 2074 Ποταμὸς
796 2038 884 2073 πυρὸς
909 2034 999 2065 εἷλκεν

213 2083 431 2118 ἐκπορευόμενος
457 2083 613 2119 ἔμπροσθεν
636 2083 728 2112 αὐτοῦ.
759 2083 848 2110 Χιλιαι
880 2083 998 2118 χιλιάδες

212 2129 403 2164 ἐλειτούργουν
419 2128 504 2163 αὐτῷ,
519 2130 567 2155 καὶ
590 2130 685 2165 μυρίαι
704 2129 832 2164 μυριάδες
855 2129 999 2163 παρειστή-

212 2181 307 2200 κεισαν
318 2173 403 2209 αὐτῷ.
421 2174 596 2209 Ἐμπροσθεν
612 2174 694 2202 αὑτοῦ
707 2175 847 2210 κριτήριον
858 2174 996 2206 ἐκάθισεν,
1013 2193 1036 2220 D

213 2218 260 2244 καὶ
276 2218 304 2245 αἱ
318 2218 405 2252 βιὸλοι
414 2217 601 2254 ἠνεῴχθησαν.
620 2228 630 2245 ι

250 2273 259 2289 ι
286 2264 330 2291 Ἑν
345 2263 385 2299 τῷ
413 2263 503 2300 καιρῷ
530 2264 628 2300 ἐκείνῳ
655 2265 836 2300 ἀναστήσεται
859 2264 969 2299 Μιχαὴλ
984 2265 1000 2290 ό

212 2309 304 2344 ἄρχων
319 2310 333 2336 6
348 2309 447 2345 μέγας,
457 2311 471 2337 6
481 2310 604 2346 ἑστηκὼς
615 2310 662 2337 ἐπὶ
673 2311 736 2342 τοὺς
751 2311 825 2342 υἱοὺς
845 2310 892 2337 τοῦ
912 2310 976 2337 λαοῦ
989 2317 997 2325 ι

213 2354 261 2382 καὶ
275 2354 353 2382 ἔσται
383 2354 477 2391 καιρὸς
493 2354 621 2390 θλίψεως,
650 2352 707 2387 οἷος
719 2355 750 2382 οὐ
775 2355 886 2389 γέγονεν
906 2354 954 2389 ἀφ’
967 2353 998 2382 οὒ

211 2401 359 2436 γεγένηται
373 2400 450 2433 ἔθνος
466 2401 513 2428 ἐπὶ
528 2401 578 2437 τῆς
606 2401 668 2436 γῆς,
694 2400 746 2433 ἕως
765 2400 862 2436 καιροῦ
880 2400 996 2427 ἐκείνου.

212 2446 267 2473 Καὶ
281 2447 310 2473 ἐν
323 2445 362 2481 τῷ
374 2446 463 2482 καιρῷ
481 2446 579 2482 ἐκείνῳ
594 2446 747 2483 σωθήσεται
762 2447 776 2473 6
791 2446 855 2478 λαός
872 2453 919 2472 σου
944 2446 999 2477 πᾶς

211 2491 226 2516 6
243 2482 365 2525 εὑρεθεὶς
388 2492 581 2528 γεγραμμένος
607 2493 637 2519 ὲν
654 2482 687 2527 τῇ
715 2492 798 2528 βίϐλῳ
818 2491 920 2527 ταύτῃο
951 2491 999 2518 καὶ

213 2535 307 2562 πολλοὶ
320 2536 375 2562 τῶν
404 2537 589 2564 καθευδόντων
604 2539 632 2564 ὲν
643 2538 694 2572 γῆς
719 2537 827 2572 χώματι
851 2537 998 2573 ὲξεγερθήο

213 2589 317 2608 caveat.
347 2579 426 2608 Οὗτοι
456 2583 494 2614 εἰς
523 2582 596 2617 ζωὴν
624 2582 755 2616 αἰώνιον,
786 2584 834 2610 καὶ
860 2581 932 2612 οὗτοι
959 2584 999 2615 εἰς

212 2626 379 2660 ὀνειδισμὸν,
402 2627 449 2653 καὶ
468 2628 599 2664 αἰσχύνην
623 2628 730 2656 αἰώνιον
742 2637 748 2643 ·
765 2630 811 2656 καὶ
822 2630 846 2656 οἱ
863 2630 1000 2662 συνιέντες

212 2671 400 2707 ἐκλάμψουσιν
425 2672 462 2704 ὼς
491 2674 507 2709 ή
532 2674 692 2710 λαμπρότης
724 2675 772 2702 τοῦ
797 2675 998 2712 στερεώματος,

217 2717 260 2745 καὶ
276 2717 331 2744 ἀπὸ
345 2718 399 2744 τῶν
421 2718 534 2745 δικαίων
546 2719 600 2746 τῶν
616 2719 731 2752 πολλῶν,
750 2719 816 2746 ὡσεὶ
830 2720 944 2756 ἀστέρες
959 2722 1000 2752 εἰς

211 2762 259 2790 τὸν
271 2763 366 2790 αἰῶνα.
379 2773 388 2789 ι

202 2796 219 2861 δ)
251 2816 262 2835 ι
277 2808 356 2843 Λέγω
371 2809 446 2845 ὑμῖν,
471 2811 511 2837 ὅτι
541 2810 594 2837 πᾶν
619 2809 695 2846 ῥῆμα
725 2810 809 2847 ἀργὸν
823 2810 837 2837 ὃ
850 2810 897 2838 ἐὰν
916 2811 998 2847 λαλή-

1053 1583 1104 1611 bus
1125 1582 1208 1610 istis:
1230 1581 1300 1610 Ecce
1317 1590 1367 1617 ego
1387 1582 1519 1610 adducam
1544 1590 1625 1617 super
1641 1590 1689 1610 vos
1711 1582 1840 1616 spiritum

1051 1627 1124 1657 vine.
1140 1629 1167 1653 et
1182 1625 1254 1653 dabo
1276 1634 1359 1662 super
1379 1634 1427 1655 vos
1444 1634 1554 1659 nervus,
1571 1630 1598 1654 et
1616 1626 1746 1654 inducam
1760 1633 1844 1661 super

1051 1679 1100 1699 vos
1117 1679 1235 1705 carnes;
1252 1677 1278 1699 et
1289 1672 1397 1706 vivetis,
1417 1676 1444 1700 et
1458 1672 1631 1708 cognoscetis
1644 1672 1774 1707 quoniam
1791 1679 1842 1706 ego

1051 1724 1112 1743 sum
1132 1716 1273 1744 Dominus.
1297 1726 1306 1743 ι

1085 1761 1182 1789 Jerem.
1197 1770 1260 1795 xxv,
1275 1762 1320 1789 5i.
1333 1777 1367 1782 —
1387 1772 1396 1788 ι
1415 1762 1555 1790 Judicium
1580 1762 1696 1789 Domino
1711 1762 1737 1789 in
1756 1762 1844 1797 genti-

1051 1807 1113 1840 bus,
1125 1813 1152 1835 ut
1167 1808 1226 1843 ipse
1237 1807 1343 1843 judicet
1360 1816 1469 1836 omnem
1481 1816 1603 1836 carnem.
1623 1817 1632 1834 ι

1085 1853 1156 1881 Dan.
1182 1862 1228 1887 vn,
1244 1853 1272 1886 9,
1290 1854 1333 1882 l0.
1356 1869 1392 1874 —
1419 1863 1429 1880 ι
1449 1854 1622 1890 Aspiciehsm
1644 1853 1730 1880 donec
1748 1852 1840 1879 throni

1051 1900 1133 1935 positi
1146 1905 1229 1927 sunt:
1246 1904 1273 1928 et
1287 1899 1423 1934 Antiquus
1433 1901 1538 1927 dierum
1553 1899 1632 1928 sedit.
1651 1899 1681 1926 Et
1697 1899 1843 1927 vestimen-

1051 1949 1106 1974 tttnt
1123 1946 1184 1981 ejus
1195 1946 1342 1973 candidum
1358 1947 1436 1980 quasi
1450 1946 1508 1979 nix,
1528 1950 1555 1975 et
1568 1946 1658 1982 capilli
1670 1946 1767 1981 capitis
1782 1945 1842 1980 ejus

1049 1992 1127 2027 quasi
1152 1992 1214 2018 lana
1232 1991 1345 2018 munda.
1364 1991 1398 2018 Et
1419 1991 1534 2019 thronus
1555 1991 1616 2026 ejus
1631 1991 1739 2018 ﬂamma
1756 1991 1839 2026 ignis,

1049 2043 1077 2065 et
1091 2042 1157 2065 rotae
1172 2037 1232 2072 ejus
1246 2037 1318 2072 ignis
1342 2044 1485 2065 accensus.
1507 2036 1621 2065 Fluvins
1648 2037 1746 2071 igneus
1764 2044 1841 2071 egre-

1049 2083 1176 2111 diebatur
1193 2090 1208 2109 a
1227 2082 1297 2110 facie
1312 2082 1383 2118 ejus.
1403 2082 1487 2110 Millia
1506 2082 1622 2109 millium
1647 2081 1840 2108 ministrabant

1049 2128 1085 2160 ci,
1101 2131 1128 2155 et
1144 2127 1234 2155 decies
1263 2127 1363 2155 millies
1387 2130 1502 2154 centena
1530 2127 1615 2153 millia
1632 2125 1800 2153 assistebant
1814 2125 1840 2153 ei

1050 2181 1142 2201 coram
1159 2173 1229 2209 ipso.
1243 2172 1381 2201 Judicium
1398 2172 1479 2204 sedit.
1495 2176 1523 2200 et
1537 2172 1601 2200 libri
1620 2172 1708 2207 aperti
1731 2177 1806 2199 sunt.
1825 2181 1833 2198 ο

1084 2263 1155 2290 Dan.
1180 2271 1230 2296 xu,
1252 2263 1359 2291 l-5.-—-
1384 2272 1393 2289 ι
1412 2261 1441 2290 1η
1467 2266 1591 2299 tempore
1618 2263 1666 2292 illo
1692 2266 1838 2298 consurget

1049 2308 1162 2337 Michael
1177 2309 1304 2344 princeps
1318 2317 1445 2344 magnus,
1457 2309 1503 2344 qui
1516 2312 1571 2336 stat
1584 2316 1633 2344 pro
1647 2309 1710 2337 ﬁliis
1727 2309 1818 2344 populi
1831 2315 1838 2336 :

1048 2359 1077 2383 et
1094 2355 1147 2383 erit
1166 2359 1275 2390 tempus
1290 2355 1480 2383 tribulationis
1493 2355 1575 2390 quale
1589 2362 1643 2382 non
1660 2354 1722 2387 fuit,
1738 2363 1770 2381 ex
1785 2362 1840 2389 quo

1049 2407 1114 2435 gens
1132 2399 1203 2427 facta
1216 2404 1258 2427 est
1268 2407 1351 2435 super
1363 2405 1464 2426 terram
1481 2407 1569 2434 usque
1584 2399 1616 2426 ad
1634 2403 1742 2433 tempus
1760 2398 1838 2426 illud.

1050 2447 1083 2474 Et
1102 2446 1129 2474 in
1145 2451 1267 2480 tempore
1289 2446 1335 2473 illo
1351 2446 1502 2474 saivabitur
1520 2446 1636 2481 populus
1659 2449 1733 2478 tuus,
1749 2446 1839 2474 omnis

1049 2492 1096 2528 qui
1117 2492 1243 2520 inventus
1256 2491 1335 2519 fuerit
1351 2492 1472 2527 scriptus
1492 2492 1519 2519 in
1537 2492 1606 2518 libro
1624 2492 1685 2518 hoc.
1706 2490 1738 2518 Et
1761 2491 1839 2518 multi

1050 2539 1083 2567 de
1095 2539 1129 2566 iis
1143 2539 1188 2574 qui
1206 2538 1346 2566 dormiunt
1361 2539 1388 2565 in
1408 2543 1488 2565 terra:
1515 2539 1626 2572 pulvere
1650 2536 1837 2571 evigilaliunt:

1050 2585 1094 2612 alii
1106 2585 1133 2611 in
1150 2585 1231 2611 vitam
1242 2588 1383 2615 aeternam,
1396 2588 1423 2611 et
1435 2583 1481 2611 alii
1498 2584 1525 2610 in
1543 2582 1721 2618 opprobrium
1732 2586 1759 2609 et
1773 2590 1836 2609 con.

1052 2629 1186 2657 fusionem
1204 2634 1344 2657 aeternam.
1373 2628 1408 2655 Et
1436 2629 1482 2664 qui
1514 2629 1667 2663 intelligent
1697 2627 1839 2663 fulgebunt

1050 2676 1128 2711 quasi
1147 2675 1278 2710 splendor
1293 2674 1468 2708 ﬁrmamenti,
1491 2679 1519 2702 et
1539 2683 1572 2703 ex
1592 2673 1686 2702 multis
1699 2674 1837 2710 justorum

1051 2726 1080 2749 ut
1094 2725 1167 2750 astra
1187 2722 1213 2748 in
1229 2726 1372 2749 aeternum.
1389 2729 1399 2746 ι

1089 2810 1187 2839 Manli.
1204 2819 1252 2846 xu,
1268 2811 1313 2839 56.
1331 2826 1367 2832 --
1385 2822 1393 2838 (
1410 2811 1475 2839 Dico
1491 2810 1580 2843 vobis,
1595 2809 1668 2847 quod
1683 2816 1763 2838 omne
1777 2815 1835 2837 vcr-
