2078 3115
225 96 292 128 1179
816 97 847 126 S.
865 94 1020 127 JOANNIS

1073 96 1263 127 AMASCENI
1782 95 1850 129 1160

220 152 286 179 bum
301 151 432 183 otiosum,
445 150 518 186 quod
533 150 617 178 loculi
636 151 737 179 fuerint
748 151 885 184 homines,
896 152 1011 179 reddent

1073 152 1183 179 rwcwol
1197 152 1349 188 ἄνθρωποι.
1368 152 1542 180 ἀποδώσουσι
1574 152 1639 188 περὶ
1669 152 1754 179 αὐτοῦ
1781 153 1861 187 λόγον

219 197 255 225 de
269 205 302 225 eo
317 197 450 224 rationem
472 196 500 223 in
523 196 566 224 die
579 197 688 231 judicii.
705 196 743 224 Ex
760 197 853 224 verbis
867 197 940 224 enim
958 197 1013 224 tuis

218 243 427 279 iustiﬁcaberis,
440 246 467 269 et
484 250 516 269 ex
532 243 626 270 verbis
644 243 698 270 luis
712 243 948 270 condemnaberis.
967 251 976 267 ι

255 287 352 315 Manli.
368 295 429 319 xm,
453 287 488 315 56
503 288 548 314 45.
563 302 599 307 -
614 297 624 314 ‹
643 288 675 314 Ει
692 291 871 315 accesserunt
896 288 928 314 ad
951 294 1014 314 eum

219 333 346 369 discipuli
364 334 437 368 ejus,
450 333 576 361 dicentes
594 343 600 360 :
620 333 748 361 Edissere
763 333 843 361 nobis
855 333 1014 368 parabolam

219 380 390 407 zizaniorum
406 379 475 415 agri.
494 379 545 412 Qui
560 380 730 414 respondens
747 380 786 406 ait
801 380 855 406 illis
871 389 876 406 :
896 379 946 412 Qui
969 386 1015 406 se-

219 423 306 450 minat
322 424 422 451 bonum
439 431 544 456 semen,
561 429 604 451 est
622 423 708 452 Filius
732 425 861 451 hominis.
878 424 949 458 Ager
963 431 1014 450 au-

220 473 274 495 tem
286 473 327 496 est
345 469 474 497 mundus.
497 469 603 496 Bonum
622 477 687 496 vero
708 476 813 502 semen,
835 470 862 496 hi
886 473 950 496 sunt
967 468 1014 495 lilii

219 514 307 548 regni.
332 513 444 541 Zizauia
470 519 562 542 autem
580 514 627 541 ﬁlii
650 519 717 543 sunt
738 522 864 550 nequam.
886 515 1015 542 Inimicus

220 565 312 587 autem
326 561 371 595 qui
389 561 537 588 seminavit
555 568 598 593 ea,
617 565 659 589 est
683 561 823 589 diabolus.
841 561 938 588 Messis
951 568 1016 588 vero

219 611 262 634 est
289 607 494 634 consummatio
520 606 625 634 saeculi.
652 607 789 634 Messores
809 611 899 634 autem
926 606 1014 640 angeli

220 657 293 679 sunt.
311 651 390 679 Sicut
400 660 464 688 ergo
480 653 650 688 colliguntur
665 653 781 684 zizania,
792 657 819 680 et
832 653 887 687 igni
903 652 1014 680 combu-

220 701 329 729 runtur,
349 697 390 724 sic
407 698 460 724 erit
485 697 512 724 in
538 698 779 726 consummatione
802 698 909 725 smeuli.
928 697 1016 725 Mittct

220 739 307 768 Filius
327 740 447 769 hominis
459 742 573 777 angelos
592 750 670 775 suos,
688 747 715 770 et
735 743 866 778 colligent
881 743 916 770 de
931 750 1016 777 regno

219 785 280 820 ejus
293 787 385 814 omnia
410 788 551 819 scandala.
567 793 594 816 et
617 796 665 816 eos
679 789 727 824 qui
753 788 857 817 faciunt
884 789 1015 824 iniquita-

1065 197 1093 224 ὲν
1123 197 1217 233 ἡμέρᾳ.
1241 198 1370 233 κρίσεως.
1399 199 1447 225 Ἐκ
1471 198 1528 234 γὰρ
1550 198 1604 225 τῶν
1633 198 1720 232 λόγων
1747 207 1795 225 σου
1821 198 1860 226 διε

1064 242 1218 277 καιωοήσῃ.
1228 243 1277 269 καὶ
1287 244 1319 269 ἐκ
1329 243 1384 269 τῶν
1393 244 1481 278 λόγων
1496 252 1543 270 σου
1557 243 1760 280 κατακριθήσῃ.
1775 254 1785 270 ι

1103 296 1112 312 4
1128 287 1182 313 Καὶ
1197 287 1353 322 προσῆλθον
1378 288 1453 322 αὐτῷ
1466 289 1491 314 οἱ
1511 288 1633 324 μαθηταὶ
1658 288 1741 314 αὐτοῦ
1764 289 1857 322 λέγον-

1064 340 1110 364 τες
1121 340 1128 348 ·
1148 332 1254 367 φράσον
1269 334 1337 368 ἡμῖν
1351 333 1402 368 τὴν
1415 334 1575 369 παραϐολὴν
1590 334 1645 361 τῶν
1667 334 1796 366 ζιζανίων
1812 334 1860 361 τοῦ

1066 378 1162 413 ἀγροῦ.
1185 378 1215 404 '0
1233 378 1262 405 δὲ
1277 379 1439 414 ἀποκριθεὶς
1454 377 1530 406 εἶπεν
1546 380 1638 410 αὐτοῖς
1654 388 1660 394 ·
1682 380 1713 406 '0
1739 380 1861 415 σπείρων

1065 423 1148 450 καλὸν
1177 424 1299 459 σπέρμα,
1331 423 1405 450 ἔστιν
1422 425 1436 451 ὀ
1451 425 1514 456 Tib;
1544 425 1592 451 τοῦ
1615 424 1782 458 ἀνθρώπου·
1804 426 1818 450 6
1832 425 1860 451 δὲ

1065 470 1159 504 ἀγρὸς,
1176 469 1249 495 ἔστιν
1264 470 1278 495 ὁ
1295 470 1398 504 κόσμος
1417 478 1423 484 ·
1452 471 1483 496 τὸ
1494 471 1523 496 δὲ
1539 470 1621 497 καλὸν
1636 471 1750 506 σπέρμα
1762 492 1769 504 ,
1787 469 1860 498 οὗτοί

1065 516 1136 541 είσιν
1149 516 1202 542 υἱοὶ
1217 516 1267 551 τῆς
1287 516 1428 551 βασιλείας
1446 524 1453 531 '
1468 516 1502 542 τὰ
1518 516 1546 542 δὲ
1560 515 1678 548 ζιζάνια,
1705 516 1774 542 είσὶν
1807 515 1861 542 υἱοὶ

1065 561 1113 588 τοῦ
1130 561 1250 597 πονηροῦ
1267 570 1274 578 ·
1291 563 1306 587 ὁ
1321 561 1349 588 δὲ
1371 562 1468 597 ἐχθρὸς
1479 563 1494 588 6
1512 562 1626 597 σπείρας
1653 562 1734 594 αὐτὰ,
1758 562 1832 589 ἐστιν
1847 564 1862 589 6

1065 606 1189 638 διάϐολος
1208 614 1215 622 ·
1231 607 1245 632 6
1255 607 1284 634 δὲ
1299 607 1439 642 θερισμὸς.
1471 607 1614 634 συντέλεια
1630 607 1677 633 τοῦ
1702 607 1799 639 αἰῶνός
1814 607 1861 634 ἔσ-

1065 659 1130 679 τιν·
1149 652 1176 678 οί
1202 652 1229 679 δὲ
1255 651 1403 690 θερισταὶ,
1427 652 1539 687 ἄγγελοί
1567 653 1646 680 εἰσιν.
1678 653 1785 689 Ὥσπερ
1815 651 1861 679 οὖν

1070 697 1277 732 συλλέγεταιτά
1302 697 1431 730 ζιζάνια,
1459 698 1509 725 καὶ
1534 698 1601 733 πυρὶ
1628 698 1745 731 καίεται,
1774 698 1861 730 οὕτως

1066 742 1142 769 ἔσται
1155 743 1185 768 ὲν
1200 743 1233 777 τῇ
1247 742 1389 778 συντελείᾳ
1399 742 1447 769 τοῦ
1466 741 1563 773 αίῶνος
1576 742 1682 769 τούτου.
1705 743 1862 769 Ἀποστελεῐ

1065 790 1080 816 ὁ
1095 789 1159 821 Tib;
1167 788 1215 816 τοῦ
1231 789 1377 825 ἀνθρώπου
1392 790 1454 821 τοὺς
1469 789 1605 823 ἀγγέλους
1619 789 1712 821 αὐτοῦ,
1728 789 1777 816 καὶ
1800 789 1862 815 συλ-

221 833 288 862 tem,
304 835 331 857 et
346 831 455 858 mittent
476 840 524 860 eos
539 832 566 860 in
584 823 722 860 caminum
739 834 811 868 ignis
825 843 832 861 :
848 833 884 861 ibi
904 834 957 860 erit
969 835 1015 860 lle-

1073 833 1188 866 iéEoocw
1202 835 1234 861 ἐκ
1242 823 1293 870 τῆς
1308 834 1449 870 βασιλείας
1466 834 1549 862 αὐτοῦ
1565 835 1655 862 πάντα
1667 834 1701 861 τὰ
1713 834 1862 866 σκάνδαλα,

221 880 266 903 tus
278 880 305 903 et
326 878 430 905 stridor
446 878 580 906 dentium.
599 879 677 906 Tunc
701 880 768 915 justi
786 880 928 916 fulgebunt
942 881 1015 908 sicut

222 923 262 949 sol
277 923 304 949 in
319 931 403 958 regno
420 924 509 951 Patris
524 933 631 952 eorum.
649 935 658 951 ο

222 1014 321 1042 αὐτῶν.
333 1025 342 1041 ι

259 1061 356 1089 Manli.
374 1071 429 1095 rm.
516 1079 541 1085 —-
556 1075 566 1092 ‹
587 1065 675 1095 Filius
691 1067 812 1095 hominis
827 1070 960 1095 venturus
975 1071 1017 1094 cst

224 1108 251 1134 in
265 1108 351 1143 gloria
373 1108 462 1137 Patris
479 1110 522 1137 sui
542 1118 605 1138 cum
621 1113 726 1147 angelis
739 1112 809 1145 suis,
827 1117 855 1140 et
869 1117 936 1140 tunc
953 1112 1016 1140 red-

181 1176 184 1195 J.
225 1154 271 1181 det
286 1154 435 1189 unicuique
449 1156 602 1183 secundum
618 1165 701 1192 opera
714 1166 775 1186 sua.
793 1168 802 1185 ι

260 1198 357 1227 Matth.
379 1209 453 1233 xxiv,
467 1201 564 1235 29-51,
580 1202 623 1230 36.
641 1218 676 1223 —-
695 1213 704 1229 ι
727 1204 825 1231 Statim
840 1210 930 1232 autem
955 1208 1018 1240 post

224 1245 429 1272 tribulationem
451 1245 558 1274 dierum
576 1248 696 1281 illorum,
711 1250 753 1276 sol
767 1249 972 1282 obscurabilur,
989 1254 1017 1278 et

224 1290 288 1317 luna
307 1297 362 1317 non
378 1290 456 1318 dabit
483 1292 573 1320 lumen
601 1301 692 1327 suum,
709 1298 737 1321 et
762 1294 849 1322 stellae.
867 1295 965 1322 cadent
984 1295 1018 1323 de

225 1335 306 1366 caelo.
322 1339 349 1363 et
364 1336 478 1364 virtutes
492 1337 625 1365 cmlorum
640 1339 887 1367 commovebuntur
899 1349 905 1368 :
917 1345 1019 1369 ettunc

225 1381 332 1416 parebit
348 1382 458 1417 signum
469 1381 531 1409 Filii
548 1384 668 1412 hominis
683 1385 709 1412 in
724 1387 806 1418 caelo,
820 1391 846 1413 et
857 1391 923 1414 tunc
940 1387 1019 1422 plan-

226 1433 290 1463 ;ent
321 1437 416 1457 omnes
446 1430 534 1458 tribus
572 1436 661 1459 terrm.
696 1432 728 1459 Et
762 1433 893 1461 videbunt
920 1435 1018 1462 Filium

1066 881 1113 906 καὶ
1127 881 1192 912 τοὺς
1201 880 1346 912 ποιοῦντας
1357 880 1407 916 τὴν
1417 880 1543 915 ἀνομίαν,
1560 881 1607 907 καὶ
1637 880 1789 915 ὲμσαλοῦσι
1807 881 1857 906 αὑ-

1065 926 1129 956 τοὺς
1143 926 1183 957 είς
1197 925 1246 961 τὴν
1261 925 1376 960 κάμινον
1388 926 1434 952 τοῦ
1453 925 1548 961 πυρὸς.
1570 926 1643 952 Ἐκεῖ
1657 925 1734 952 ἔσται
1744 925 1759 951 6
1776 924 1860 951 κλαυ-

185 1007 187 1011 λ
222 969 290 1004 θμδς
317 971 364 997 καὶ
378 971 525 1006 ὁβρυγμδς
550 972 606 999 τῶν
631 973 755 1000 ὀδόντων.
789 973 857 1000 Τότε
872 974 897 1000 οι
912 973 1012 1000 δίκαιοι
1031 972 1220 1008 ἐκλάμψουσιν
1236 973 1385 1008 ὼςόῆλιος
1402 975 1431 1000 ὲν
1458 975 1492 1009 τῇ
1524 972 1650 1008 βασιλείᾳ
1674 972 1721 999 τοῦ
1749 973 1858 1006 Πατρὺς

1111 1071 1121 1088 ‹
1142 1062 1243 1089 Μέλλει
1257 1063 1272 1089 6
1284 1062 1349 1094 Υἱὸς
1374 1061 1421 1089 τοῦ
1443 1061 1588 1097 ἀνθρώπου
1618 1059 1745 1096 ἔρχεσθαι
1757 1060 1786 1087 ἰν
1798 1059 1862 1094 δόξῃ

1070 1110 1119 1137 τοῦ
1146 1109 1253 1145 Πατρός
1280 1108 1364 1136 αὑτοῦ
1394 1108 1464 1144 μετὰ
1491 1107 1546 1134 τῶν
1569 1107 1694 1141 ἀγγέλων
1703 1105 1801 1140 αὑτοῦ,
1815 1105 1863 1132 καὶ

1070 1157 1132 1183 τότε
1144 1155 1282 1183 ἀποδώσει
1297 1155 1407 1189 ἑκάστῳ
1423 1153 1496 1181 κατὰ
1509 1154 1559 1188 τὴν
1570 1152 1681 1188 πρᾶξιν.
1696 1162 1704 1177 ι

1112 1211 1122 1228 ι
1137 1202 1245 1234 Εὐθέως
1258 1200 1327 1236 μετὰ
1339 1201 1389 1236 τὴν
1399 1199 1489 1235 θλίψιν
1506 1199 1560 1226 τῶν
1576 1198 1690 1233 ἡμερῶν
1704 1198 1816 1224 ἐκείνων
1828 1217 1835 1230 ,
1849 1197 1864 1223 6

1069 1246 1145 1282 ἥλιος
1170 1246 1390 1282 σκοτισθήσεται,
1417 1245 1465 1272 καὶ
1488 1246 1504 1280 ή
1529 1244 1631 1279 σελήνη
1659 1243 1689 1270 οὐ
1722 1242 1804 1269 δώσει
1833 1241 1864 1268 τὸ

1069 1294 1172 1329 φέγγος
1183 1293 1279 1328 αὐτῆς,
1298 1292 1344 1319 καὶ
1357 1292 1382 1318 οί
1400 1292 1517 1326 ἀστέρες
1536 1289 1682 1317 πεσοῦνται
1707 1289 1738 1315 ὲκ
1760 1287 1807 1315 τοῦ
1817 1288 1863 1315 οὐ-

1072 1340 1166 1377 ρανοῦ,
1181 1340 1229 1367 καὶ
1244 1341 1272 1367 αί
1285 1340 1415 1374 δυνάμεις
1432 1338 1486 1365 τῶν
1504 1337 1627 1372 οὐρανῶν
1640 1335 1862 1370 σαλευθήσονται·

1071 1376 1120 1413 καὶ
1136 1376 1197 1412 τότε
1209 1385 1361 1420 φανήσεται
1375 1384 1406 1411 τὸ
1418 1386 1534 1419 σημεῖον
1549 1383 1595 1409 τοῦ
1613 1381 1679 1408 Υίοῦ
1692 1381 1740 1407 τοῦ
1756 1379 1863 1415 ἀνθρώ-

1073 1440 1122 1459 που
1140 1434 1168 1459 ὲν
1193 1431 1232 1467 τῷ
1261 1431 1369 1466 οὐρανῷ
1387 1439 1394 1446 ·
1415 1430 1462 1457 καὶ
1491 1430 1554 1456 τότε
1578 1429 1708 1463 κόψονται
1733 1427 1820 1453 πᾶσαι
1836 1426 1865 1452 αἱ

226 1473 346 1501 hominis
362 1475 518 1502 venientem
535 1475 561 1503 in
577 1476 649 1504 nube
661 1477 725 1504 caeli
741 1485 804 1505 cum
822 1479 920 1506 virtute
933 1481 1018 1508 multa

1073 1479 1154 1513 φυλαὶ
1167 1478 1217 1513 τῆς
1231 1477 1299 1511 γῆς·
1316 1478 1363 1504 καὶ
1383 1476 1496 1511 ὄψονται
1508 1475 1555 1502 τὸν
1572 1474 1637 1501 Υἱὺν
1653 1473 1701 1500 τοῦ
1717 1472 1861 1508 ἀνθρώπου

225 1525 255 1549 et
279 1521 433 1556 majestate.
453 1521 484 1548 Et
501 1522 590 1550 mittet
617 1524 729 1558 angelos
763 1524 845 1560 3&6
866 1532 931 1552 suos
959 1533 1021 1552 cum

228 1567 296 1594 tuba
309 1572 338 1594 et
352 1575 419 1595 voce
443 1574 556 1603 magna,
573 1572 600 1596 et
616 1570 822 1605 congregabunt
843 1571 947 1598 electos
963 1571 1023 1606 ejus

228 1620 244 1640 a
265 1616 385 1648 quatuor
409 1614 516 1646 ventis,
541 1621 557 1642 a
580 1615 697 1642 summis
723 1615 857 1643 ctelorum
877 1624 965 1651 usque
989 1616 1024 1643 ad

228 1658 365 1686 terminos
381 1665 488 1686 eorum.
506 1658 545 1687 De
560 1659 605 1688 die
626 1664 717 1688 autem
733 1660 778 1688 illa
798 1666 826 1688 et
849 1662 915 1688 hora
945 1670 1025 1691 nemo

229 1703 292 1736 scit,
314 1710 403 1739 neque
421 1705 510 1740 angeli
527 1705 671 1739 ccelorum,
683 1706 737 1735 nisi
751 1707 827 1735 solus
842 1707 951 1737 Pater.»

265 1840 362 1868 Matth.
382 1850 446 1876 xxv,
462 1842 506 1870 l5.
518 1858 554 1864 —
568 1853 578 1869 ί
592 1842 720 1880 Vigilate,
734 1844 798 1880 quia
812 1846 926 1874 nescitis
941 1846 1012 1875 diem

231 1893 320 1921 neque
337 1887 445 1915 horam.
466 1897 476 1913 ι

266 1932 350 1961 Joan.
367 1942 393 1966 ν,
410 1934 455 1962 28.
469 1950 505 1955 —-
527 1943 537 1961 ι
552 1934 634 1963 Venit
652 1935 730 1969 hora,
751 1937 778 1964 in
798 1945 852 1973 qua
866 1946 961 1967 omnes
978 1940 1026 1975 qui

231 1980 260 2007 in
291 1981 476 2009 monumentis
511 1986 594 2015 sunt,
625 1983 740 2011 audient
767 1991 863 2012 vocem
890 1985 966 2020 ejus;
1000 1991 1028 2015 et

233 2026 381 2059 proccdent
409 2026 457 2061 qui
484 2027 556 2055 bona
581 2027 719 2062 fecerunt,
737 2028 765 2056 in
793 2032 1025 2059 resurrectionem

232 2070 294 2098 vita:
312 2081 318 2098 :
335 2071 382 2106 qui
408 2079 474 2100 vero
497 2073 569 2100 mala
586 2079 721 2109 egerunt,
740 2075 768 2102 in
796 2077 1026 2105 resurrectionem

230 2116 337 2152 judicii.
361 2127 370 2144 ι

1074 1524 1223 1560 ἐρχόμενον
1237 1523 1266 1550 ἓν
1275 1523 1376 1559 νεφέλῃ
1393 1522 1463 1558 μετὰ
1477 1517 1630 1556 δυνάμεως,
1646 1520 1695 1547 καὶ
1708 1519 1786 1553 δόξης
1802 1518 1866 1544 πολ-

1074 1569 1123 1604 λῆς
1132 1577 1139 1584 ·
1152 1569 1200 1596 καὶ
1213 1567 1359 1595 ἀποστελεῖ
1372 1567 1436 1599 τοὺς
1450 1566 1584 1601 ἀγγέλους
1609 1564 1690 1591 αὐτοῦ
1716 1563 1783 1598 μετά
1801 1562 1866 1589 σάλ-

1076 1625 1175 1651 πιγγος
1191 1616 1238 1643 καὶ
1260 1615 1353 1650 φωνῆς
1385 1613 1519 1649 μεγάλης,
1548 1611 1595 1638 καὶ
1619 1610 1776 1642 συλλέξουσι
1804 1608 1866 1638 τοὺς

1076 1661 1223 1692 ἐκλεκτοὺς
1235 1660 1318 1687 αὐτοῦ
1327 1661 1359 1686 ὲκ
1370 1659 1424 1685 τῶν
1434 1657 1576 1692 τεσσάρων
1586 1656 1706 1688 ἀνέμων,
1718 1655 1765 1681 ἀπ’
1774 1653 1868 1689 ἄκρων

1076 1707 1200 1743 οὐρανῶν
1224 1707 1278 1738 ἕως
1304 1707 1398 1741 ἄκρων
1423 1704 1522 1732 αὐτῶν.
1547 1703 1614 1737 Περὶ¹
1628 1702 1656 1729 δὲ
1686 1701 1736 1735 τῆς
1761 1700 1868 1735 ἡμέρας

1077 1752 1195 1787 ἐκείνης,
1211 1751 1318 1786 καὶτῆς
1339 1750 1416 1785 ὧρας
1432 1749 1522 1780 οὐδεὶς
1535 1745 1618 1780 οἶδεν,
1645 1746 1705 1773 οὐδὲ
1714 1747 1739 1772 oi
1755 1744 1868 1779 ἄγγελοι

1077 1798 1132 1825 τῶν
1144 1797 1277 1833 οὐρανῶν,
1291 1798 1315 1824 εἰ
1328 1795 1366 1831 μὴ
1381 1797 1395 1822 6
1407 1794 1503 1830 [ἰατὴρ
1519 1795 1609 1829 μόνος.
1626 1802 1634 1818 ι

1117 1852 1126 1869 t
1140 1844 1316 1879 Γρηγορεῖτε.
1329 1843 1369 1869 ὅτι
1382 1842 1433 1879 οὐκ
1450 1841 1539 1868 οἴδατε
1551 1839 1601 1875 τὴν
1619 1838 1735 1875 ἡμέραν,
1747 1836 1808 1864 οὐδὲ
1820 1838 1870 1871 τὴν

1077 1889 1163 1925 ὥραν.
1175 1898 1184 1915 ι
1412 1877 1416 1885 ’

1116 1943 1126 1960 ι
1146 1935 1276 1970 Ἔρχεται
1302 1932 1372 1968 ὥρα,
1403 1933 1433 1959 ἒν
1499 1931 1601 1962 πάντες
1618 1931 1642 1957 οἱ
1668 1930 1698 1956 ὲν
1727 1927 1869 1964 μνημείοις

1078 1981 1241 2008 ἀκούσονται
1255 1980 1304 2014 τῆς
1332 1979 1424 2014 φωνῆς
1453 1977 1555 2005 αὐτοῦ·
1583 1977 1631 2004 καὶ
1654 1974 1869 2010 ἐκπορεύσονται

1077 2028 1103 2054 οἱ
1119 2027 1153 2054 τὰ
1170 2025 1261 2061 ἀγαθὰ
1275 2025 1449 2060 ποιήσαντες,
1476 2025 1516 2055 εἰς
1532 2023 1682 2050 ἀνάστασιν
1708 2020 1791 2055 ζωῆς,
1801 2019 1827 2046 οί
1840 2018 1870 2045 δὲ

1078 2073 1112 2100 τά
1126 2072 1215 2108 φαῦλα
1227 2071 1393 2107 πράξαντες,
1406 2071 1447 2102 εἰς
1458 2070 1608 2097 ἀνάστασιν
1622 2069 1750 2104 κρίσεως.
1764 2076 1774 2092 i

1289 2119 1296 2133 /

268 2162 334 2189 Luc.
351 2171 417 2195 xvu,
435 2163 580 2191 26-50.——
595 2174 605 2190 ‹
621 2165 699 2192 Sicut
715 2165 818 2193 factum
833 2173 874 2195 est
889 2168 916 2195 in
932 2168 1020 2197 diebus

1119 2174 1128 2191 ι
1149 2163 1248 2196 Καθὼς
1277 2163 1387 2199 ἐγένετο
1406 2163 1435 2190 ἐν
1454 2163 1516 2193 ταῖς
1541 2161 1660 2197 ἡμέραις
1683 2159 1757 2193 Νῶε,
1784 2158 1872 2189 οὕτως

233 2208 301 2241 Noe,
317 2209 354 2235 ita
366 2209 420 2236 erit
433 2214 460 2236 et
478 2209 504 2236 in
520 2210 618 2238 diebus
633 2209 692 2237 Filii
708 2211 838 2240 hominis.
854 2212 980 2240 Edebant
998 2220 1026 2242 et

233 2254 376 2287 bibebant,
395 2263 495 2283 uxores
506 2256 653 2288 ducebant,
666 2260 694 2283 et
703 2257 841 2285 dabantur
854 2259 886 2286 ad
903 2261 1023 2294 nuptias,

235 2309 323 2337 usque
338 2302 364 2330 in
380 2300 452 2330 diem
468 2310 521 2337 qua
534 2303 646 2330 intravit
665 2301 723 2331 Noe
739 2304 766 2331 in
783 2311 886 2339 aream,
908 2312 934 2334 et
951 2307 1026 2335 venit

233 2348 380 2382 diluvium,
406 2352 434 2377 et
454 2349 574 2384 perdidit
594 2356 700 2377 omnes.
720 2350 798 2377 Sicut
819 2351 901 2379 etiam
921 2352 1024 2380 facturr.

234 2399 277 2423 cst
294 2396 320 2422 in
335 2395 431 2423 diebus
457 2394 520 2423 Lot.
547 2395 683 2428 Edebant,
710 2396 859 2430 bibebant,
888 2399 1027 2432 emebant,

234 2441 401 2474 vendebant,
418 2440 591 2476 plantabant,
608 2440 788 2469 aediﬁcabant.
805 2441 863 2474 Qua
879 2443 923 2470 die
935 2448 1028 2470 autem

233 2489 301 2516 exiit
316 2488 369 2516 Lot
387 2496 402 2517 a
421 2488 569 2521 Sodomis.
599 2489 670 2524 pluit
699 2490 816 2524 sulphur
837 2490 870 2517 de
896 2491 983 2524 coelo,
1003 2495 1031 2518 ct

235 2541 332 2561 omnes
346 2534 477 2569 perdidit.
496 2534 655 2562 Secundum
675 2535 732 2561 lucc
760 2535 812 2562 erit
835 2536 904 2567 dies,
928 2535 955 2563 in
975 2544 1029 2571 qua

237 2577 322 2607 Filius
338 2578 459 2607 hominis
475 2580 652 2607 revelabitur.
670 2588 679 2604 ι

274 2669 340 2697 Lur.
359 2679 415 2702 χιι.
430 2670 525 2703 25-27,
541 2671 586 2705 54,
603 2672 648 2699 35.
667 2687 701 2691 —
717 2681 726 2698 ι
746 2671 824 2699 Tunc
845 2676 926 2699 erunt
955 2672 1030 2706 signa

242 2716 269 2743 iu
283 2717 342 2744 sole
359 2721 385 2744 el
403 2717 466 2744 luna
480 2721 508 2744 et
522 2718 620 2749 stellis,
635 2721 662 2744 et
680 2717 706 2745 in
723 2722 795 2745 terra
819 2726 948 2753 pressura
968 2726 1029 2752 gen-

241 2763 311 2790 tium
331 2771 386 2797 prze
412 2764 586 2795 confusione.
604 2764 712 2792 sonitus
729 2765 813 2792 maris
826 2768 852 2792 ct
876 2764 1024 2795 iiut-tilum,

242 2809 434 2837 arescentibus
449 2810 608 2838 hominibus
637 2819 691 2847 prae
722 2812 819 2839 timore
841 2815 866 2839 et
888 2815 1033 2845 exspecta-

1078 2210 1154 2238 ἔσται
1179 2210 1227 2237 καὶ
1250 2210 1279 2236 ἐν
1309 2210 1370 2241 ταῖς
1401 2208 1520 2244 ἡμέραις
1548 2207 1596 2234 τοῦ
1626 2206 1690 2233 Υίοῦ
1715 2205 1870 2241 ἀνθρώπου.

1081 2255 1316 2290 Ἤσθιον,ἐπινον,
1334 2255 1467 2290 ἐγάμουν,
1488 2253 1718 2289 ὲξεγαμίσκοντο,
1744 2251 1809 2286 ἄχρι
1837 2247 1872 2285 ἦς

1078 2301 1186 2338 ἡμέρας
1200 2300 1310 2336 είσῆλθε
1327 2300 1388 2327 Νῶε
1402 2300 1442 2330 εἰς
1452 2299 1502 2334 τὴν
1529 2298 1657 2329 κιϐωτὸν,
1685 2297 1732 2323 καὶ
1757 2295 1840 2331 ἦλθεν
1857 2297 1873 2322 ὁ

1079 2347 1275 2382 κατακλυσμὸς
1290 2367 1299 2380 ,
1315 2347 1369 2381 ξκαὶ
1392 2345 1518 2374 ἀπώλεσε
1545 2345 1661 2376 πάντας.
1678 2343 1797 2378 Ὁμοίως
1825 2344 1873 2368 καὶ

1079 2395 1188 2430 ἐγένετο
1204 2394 1234 2420 ὲν
1247 2393 1308 2425 ταῖς
1323 2392 1444 2427 ἡμέραις
1459 2391 1521 2418 Λώτ
1531 2399 1538 2406 ·
1553 2390 1657 2425 ἢσθιον,
1687 2388 1790 2420 ἔπινον,
1807 2387 1874 2421 ᾕγό-

1081 2442 1174 2478 ραςον,
1191 2439 1327 2471 ἐπώλουν,
1343 2437 1487 2472 ἐφύτευον,
1505 2436 1663 2471 ᾠκοδόμουν
1678 2442 1685 2449 ·
1736 2434 1765 2461 δὲ
1782 2434 1875 2469 ἡμέρᾳ

1080 2470 1178 2521 iam;
1196 2483 1258 2512 Λὼτ
1278 2483 1333 2510 ἀπὸ
1356 2470 1492 2518 ὲοδάμων,
1511 2470 1623 2516 ἔϐρεξεν
1641 2470 1714 2507 θεῖον
1733 2479 1781 2505 ἀπ’
1794 2470 1892 2523 οὐρα-ξ

1080 2531 1138 2565 νοῦ,
1170 2530 1217 2558 καὶ
1242 2529 1385 2557 ἀπώλεσεν
1409 2529 1543 2559 ἅπαντας.
1567 2526 1646 2553 Κατὰ
1678 2526 1765 2553 ταῦτα
1798 2525 1874 2551 ἔσται

1082 2579 1099 2614 ὴ
1115 2577 1219 2615 ἡμέρα,
1234 2574 1293 2613 ὲνῇ
1310 2577 1324 2603 6
1341 2576 1404 2606 Υίὺς
1434 2574 1482 2602 τοῦ
1501 2572 1647 2609 ἀνθρώπου
1678 2571 1874 2600 ἀποκαλύπτε-

1081 2633 1138 2652 ται.
1155 2633 1164 2650 I

1122 2679 1131 2696 ι
1150 2669 1218 2697 Τότε
1235 2669 1312 2696 ἔσται
1340 2667 1442 2703 σημεῖα
1458 2667 1488 2693 ὲν
1500 2665 1580 2700 ἡλίῳ,
1617 2664 1728 2699 σελήνῃ,
1759 2663 1805 2689 καὶ
1825 2662 1880 2690 ἇσ-

1084 2725 1169 2753 τροις,
1192 2715 1241 2742 καὶ
1272 2714 1320 2741 ἐπὶ
1344 2713 1395 2747 τῆς
1413 2712 1466 2747 γῆς
1488 2712 1589 2746 συνοχὴ
1618 2710 1703 2737 ἐθνῶν
1717 2711 1746 2736 ἐν
1762 2708 1878 2743 ἀπορίᾳ.

1085 2762 1205 2798 ἡχούσης
1215 2760 1353 2794 θαλάσσης
1364 2760 1412 2785 καὶ
1422 2758 1512 2790 σάλου,
1521 2756 1717 2792 ἀποψυχόντων
1725 2754 1773 2782 ὀινο
1777 2754 1878 2790 ρώπων

1088 2809 1140 2835 άπὸ
1169 2808 1253 2842 ῳόὸου
1282 2805 1327 2832 καὶ
1354 2804 1518 2840 προσδοκίας
1541 2803 1595 2830 τῶν
1620 2801 1814 2839 ἐπερχομένων
1841 2800 1876 2834 τῇ
