2080 3111
255 115 319 146 1181

901 118 1019 150 SACHA
1041 119 1084 150 PA
1090 121 1273 153 "ALLELA.

1809 127 1878 160 1182

251 171 408 208 οἰκουμένῃ.
419 171 452 198 Al.
468 171 522 206 γὰρ
541 171 670 207 δυνάμεις
690 172 745 199 τῶν
766 173 889 209 οὐρανῶν
906 175 1041 210 σαλευθή-

1095 178 1169 205 tione
1182 186 1290 211 eorum,
1306 187 1367 214 quae
1381 179 1577 214 supervenient
1589 181 1717 209 universo
1733 183 1804 210 orbi.
1820 184 1885 212 Nam

251 218 418 250 σονται,καὶ
434 218 495 244 τότε
520 217 631 252 δψονται
658 219 703 244 τον
730 219 795 245 Yle
820 219 868 246 τοῦ
897 221 1042 255 ἀνθρώπου

252 264 400 300 ἐρχόμενον
415 265 445 290 ὲν
458 264 558 300 νεφέλῃ
575 264 645 299 μετὰ
659 265 799 300 δυνάμεως
816 269 863 293 καὶ
877 266 957 302 δόξης
972 268 1040 294 πολ-

251 309 310 346 λῆς.
328 311 481 346 Προσέχετε
497 311 606 342 ἑαυτοῖς
628 312 734 346 μήποτε
753 312 926 347 βαρυνθῶσιν
966 313 1042 349 ὑμῶν

252 356 280 382 αἱ
295 355 405 390 καρδίαι
419 355 447 382 ὲν
460 356 612 391 κραιπάλῃ,
633 357 680 383 καὶ
708 357 789 394 μέθῃ,
814 358 862 384 καὶ
895 358 1043 394 μερίμναις

253 401 405 436 βιωτικαῖς,
427 402 473 428 καὶ
488 402 630 436 αἰφνιδίως
643 404 685 438 ἐφ’
702 404 774 438 ὑμᾶς
803 404 902 440 ἐπιστῇ
917 406 932 440 ἡ
950 405 1043 441 ἡμέρα

252 449 358 484 εκείνη.
388 449 434 480 Ὠς
464 449 549 482 παγίς
575 449 630 484 γὰρ
658 450 835 477 ἐπελεύσεται
865 451 912 477 ἐπὶ
938 451 1044 484 πάντας

252 496 315 526 τοὺς
331 494 503 529 καθημένους
517 495 564 522 ἐπὶ
577 496 723 532 πρόσωπον
740 496 830 531 πάσης
844 496 894 531 τῆς
905 497 966 532 γῆς.
978 506 987 523 ι

291 551 300 566 ι
324 541 409 566 Ὅταν
429 541 461 566 ὲκ
480 541 586 576 νεκρῶν
612 542 778 572 ἀναστῶσιν,
805 541 867 568 οὔτε
897 542 1043 577 γαμοῦσιν,

253 586 315 614 οὕτε
345 587 520 621 γαμίζονται,
552 587 611 614 ἀλλ’
634 588 672 619 ὡς
702 588 814 622 ἄγγελοί
840 589 909 615 εἰσιν
937 590 966 615 ὲν
995 590 1043 616 οὐ·

255 633 339 669 ρανῷ,
354 642 364 658 ι

251 700 254 701 ν
293 690 302 705 ι
323 679 485 715 Λογίζομαι,
502 681 544 707 ὄτι
558 679 608 706 οὐκ
619 679 682 712 ἄξια
695 680 729 706 τὰ
744 681 897 716 παθήματα
919 681 966 708 τοῦ
996 681 1046 709 νῦν

255 725 352 761 καιροῦ
380 726 448 762 πρὸς
469 725 522 761 τὴν
540 725 692 761 μέλλουσαν
713 726 791 758 δόξαν
817 727 1045 762 ἀποκαλυφθῆναι

255 773 295 803 είς
311 772 396 807 ἡμᾶς.
414 772 447 799 Ἡ
463 772 519 808 γὰρ
535 773 741 808 ἀποκαραδοκία
762 773 813 808 τῆς
846 773 963 805 κτίσεως
996 773 1045 809 τὴν

255 818 427 853 ἀποκάλυψιν
440 818 495 845 τῶν
512 818 578 845 υἱῶν
591 818 639 845 τοῦ
651 818 726 845 Θεοῦ
735 819 927 858 ἀπεκδέχεται;
940 829 949 845 ι

295 874 305 891 ι
330 865 462 892 Ἐκάστου
485 865 516 892 τὸ
531 865 611 900 ἔργον
638 866 730 892 ὁποῖόν
756 866 814 893 ἐστι
836 865 868 892 τὸ
889 866 945 902 πῦρ
973 866 1045 893 δοκι-

259 910 351 943 μάσει.
380 909 415 936 El
433 918 506 940 τινος
527 910 557 936 τὸ
579 909 660 946 ἔργον
685 910 774 945 μένει,
791 911 805 937 ὃ
820 911 1043 946 ἐπῳκοδόμησεν,

258 955 353 989 μισθὸν
385 954 510 990 λήψεται.
532 955 565 981 Εἴ
577 963 649 986 τινος
665 955 696 981 τὸ
722 955 803 990 ἔργον
829 957 1042 992 κατακαήσεται,

253 1001 471 1036 ζημιωθήσεται.
499 1000 584 1032 Αὐτὸς
596 1001 625 1027 δὲ
646 1001 811 1037 σωθήσεται,
841 1001 930 1033 οὕτως
954 1002 983 1028 δὲ
1006 1002 1044 1034 ὼς

252 1047 297 1073 (ῖιά
311 1047 408 1082 πυρός.
422 1056 433 1073 ι

292 1101 301 1116 ι
325 1091 419 1123 Οὕτως
444 1092 601 1127 γέγραπται
616 1101 622 1108 ·
643 1092 769 1127 Ἐγένετο
781 1094 799 1120 l6
814 1094 924 1130 πρῶτος
940 1094 1045 1130 ἀνθρωο

254 1145 304 1169 πος
321 1137 360 1169 είς
375 1137 464 1172 ψυχὴν
480 1137 584 1170 ζῶσαν,
600 1138 614 1164 ό
631 1138 748 1174 ἔσχατος
765 1139 851 1176 ’Δδὰμ
866 1141 907 1172 είς
933 1140 1044 1176 πνεῦμα

254 1182 396 1213 ζωοποιόν.
421 1182 491 1209 Ἀλλ’
507 1183 536 1209 οὺ
552 1183 661 1218 πρῶτον
672 1184 703 1212 τὸ
716 1186 905 1220 πνευματικόν
917 1196 923 1202 -
936 1187 950 1212 ὁ
966 1186 1044 1221 πρῶ-

252 1237 298 1260 τος
313 1228 455 1263 ἄνθρωπος
470 1230 502 1255 ὲκ
522 1229 575 1264 γῆς
603 1230 705 1264 χοῖκὺς,
722 1232 736 1258 ό
751 1231 877 1267 δεύτερος
900 1231 1044 1268 ἄνθρωπος

253 1276 267 1301 ὁ
285 1274 386 1310 Κύριος
398 1274 428 1307 ἐξ
447 1275 575 1310 οὐρανοῦ.
594 1273 657 1308 Οἶος
675 1277 689 1303 ό
703 1276 794 1312 χοῐκὸς
819 1277 938 1304 τοιοῦτοι
957 1278 1004 1303 καὶ
1018 1278 1042 1304 οἱ

253 1321 341 1356 χοῖκοί
357 1329 364 1337 ι
377 1321 425 1348 καὶ
442 1318 497 1353 οἷος
510 1322 681 1357 ἐπουράνιος,
697 1322 811 1350 τοιοῦτοι
825 1323 872 1350 καὶ
882 1324 908 1350 ot
922 1324 1043 1358 ἐπουρά-

253 1376 315 1395 νιοι.
337 1368 435 1399 Καθὼς
468 1369 640 1404 ὲφορέσαμεν
666 1369 716 1405 τὴν
741 1370 835 1397 εἰκόνα
859 1370 907 1397 τοῦ
937 1371 1042 1405 χοῖκθῦ,

253 1414 415 1450 φορέσωμεν
430 1415 478 1441 κο.)⁵
494 1415 542 1450 τὴν
567 1416 660 1442 εἰκόνα
679 1415 727 1443 τοῦ
759 1417 935 1452 ἐπουρανίου.
957 1417 1044 1445 Τοῦτό

252 1460 458 1495 φημι,ἀδελφοί
477 1470 539 1496 μου,
556 1462 598 1488 ὃτι
630 1462 699 1495 σὰρξ
723 1462 771 1489 καὶ
801 1460 872 1497 αἷμα
903 1462 1043 1498 βασιλείαν

253 1506 321 1532 Θεοῦ
338 1505 543 1542 κληρονομῆσαι
560 1507 590 1532 οὑ
606 1506 745 1541 δύνανται,
771 1508 834 1535 οὐδὲ
854 1509 870 1543 ή
886 1508 974 1545 φθορά
992 1509 1042 1544 τὴν

252 1553 408 1588 ἀφθαρσίαν
424 1553 601 1589 κληρονομεῖ.
621 1554 688 1581 Ἰδοὺ
707 1556 857 1590 μυστήριον
872 1556 936 1591 ὑμῖν
953 1556 1041 1590 λέγον

252 1600 353 1630 πάντες
384 1598 434 1634 μὲν
448 1600 478 1625 οὗ
495 1599 732 1635 κοιμηθησόμεθα,
763 1602 865 1633 πάντες
876 1602 905 1628 δὲ
923 1602 1045 1638 ἀλλαγη-

253 1644 367 1679 σόμεθα.
391 1645 435 1671 Ἐν
449 1644 553 1680 ἀτόμῳ,
569 1645 598 1671 ὲν
626 1646 692 1680 ῥιπῇ
724 1646 876 1681 ὀφθαλμοῦ,
894 1647 924 1674 ὲν
940 1648 1042 1684 ἐσχάτῃ

253 1691 405 1725 σάλπιγγι·
420 1690 545 1718 σαλπίσει
558 1691 613 1726 γάρ
623 1700 630 1707 ·
647 1692 694 1718 καὶ
710 1693 735 1718 οι
756 1693 849 1727 νεκροὶ
879 1694 1043 1730 ἐγερθήσον-

251 1745 295 1763 ται
311 1736 457 1772 ἄφθαρτοι,
475 1736 522 1762 καὶ
538 1737 620 1771 ἡμεῖς
642 1737 868 1772 ἀλλαγησόμεθα.
882 1739 929 1765 Δεῖ
944 1739 998 1774 γὰρ
1012 1739 1042 1766 τὸ

252 1781 371 1818 φθαρτὸν
385 1781 464 1808 τοῦτο
476 1781 641 1809 ἐνδύσασθαι
653 1782 820 1817 ἀφθαρσίαν,
832 1783 879 1810 καὶ
893 1784 924 1810 τὸ
944 1784 1042 1819 θνητὸν

251 1828 330 1855 τοῦτο
342 1827 480 1854 ἐνδύσεται
493 1827 652 1856 ἀθανασίαν.
662 1829 747 1855 Ὅταν
757 1828 786 1855 δὲ
797 1829 828 1856 τὸ
835 1829 956 1865 φθαρτὸν
962 1830 1042 1858 τοῦτο

251 1875 390 1901 ἐνδύσεται
406 1874 573 1910 ἀφθαρσίαν,
589 1875 637 1902 καὶ
650 1875 681 1901 τὸ
693 1875 790 1910 θνητὸν
806 1875 886 1903 τοῦτο
900 1876 1042 1904 ἐνδύσεται

250 1921 413 1951 ἀθανασίαν.
438 1921 499 1948 τότε
526 1922 672 1957 γενήσεται
684 1923 698 1948 ό
711 1921 789 1956 λόγος
806 1922 820 1948 ὁ
831 1923 1039 1959 γεγραμμένος.

251 1967 397 2002 Κατεπόθη
411 1968 425 1994 ὁ
436 1967 550 1999 θάνατος
561 1969 601 1999 είς
626 1969 710 1999 νῖκος.
736 1968 791 1995 Ποῦ
807 1978 864 2002 σου,
883 1969 994 2001 θάνατε,
1011 1970 1041 1996 τὸ

252 2015 378 2050 κέντρον;
395 2013 446 2040 ποῦ
462 2022 519 2046 σου,
531 2013 593 2049 ᾆδη,
604 2013 635 2040 τὸ
649 2015 739 2047 νϊκο;;
756 2014 786 2041 τὸ
797 2015 911 2050 κέντρον
928 2015 975 2042 τοῦ
990 2015 1040 2043 θα-

251 2061 331 2087 νάτου
357 2061 373 2095 ἡ
404 2060 543 2096 ἀμαρτία;
561 2060 594 2087 Ἦ
611 2060 640 2087 δὲ
657 2059 775 2096 δύναμις
789 2061 839 2096 τῆς
862 2061 1013 2098 ἁμαρτίας,
1026 2064 1040 2090 ό

251 2107 342 2142 νόμος.
353 2116 363 2132 ι

1094 224 1211 253 virtutes
1226 226 1360 253 malorum
1387 228 1582 256 movebuntur.
1607 227 1639 254 Et
1664 233 1730 256 tunc
1757 229 1887 257 videbunt

1094 268 1193 298 Filium
1211 271 1331 298 hominis
1349 272 1501 300 venientem
1525 273 1553 301 in
1580 273 1653 302 nube
1670 281 1732 301 cum
1751 279 1886 310 potestate

1093 320 1120 344 ct
1135 316 1275 351 majestate
1291 316 1385 344 rmrlta.
1402 318 1542 346 Attendite
1559 320 1744 349 auteurvobis
1765 328 1798 348 ue
1815 321 1885 349 forte

1093 367 1241 398 graventur
1255 362 1337 390 corda
1352 367 1443 390 vestra
1459 364 1486 390 in
1504 365 1627 399 crapula,
1646 369 1673 392 et
1692 366 1838 398 ebrietate.
1857 371 1886 394 et

1093 407 1170 435 euris
1186 407 1267 442 hujus
1280 407 1353 440 vitae,
1368 411 1395 435 ct
1409 412 1520 443 repente
1531 410 1707 444 superveniat
1720 411 1748 437 in
1763 418 1812 438 vos
1826 411 1885 438 dies

1093 451 1150 479 illa.
1164 451 1307 487 Tanquam
1323 451 1437 487 laqueus
1453 452 1526 480 enim
1554 455 1728 489 superveniet
1747 455 1776 482 in
1790 463 1885 483 omnes

1094 499 1141 533 qui
1160 497 1255 525 sedent
1274 505 1358 533 super
1370 497 1467 526 faciem
1486 499 1575 526 omnis
1592 503 1682 527 terrae.
1701 509 1710 525 I

1130 542 1216 570 Marc.
1234 551 1281 574 XII.
1296 543 1342 571 ‘25.
1358 559 1392 565 -
1412 554 1421 570 ι
1437 544 1506 572 Cum
1520 553 1535 571 a
1547 545 1663 572 mortuis
1674 547 1885 580 resurrexcriul,

1094 597 1184 624 neque
1199 590 1312 621 nubent,
1330 598 1418 624 neque
1434 591 1583 624 nubentur;
1599 591 1647 619 sed
1664 596 1729 619 sunt
1745 592 1817 619 sicut
1835 600 1885 618 an.

1095 635 1146 670 geli
1167 635 1195 662 in
1212 635 1293 663 cwlo.
1313 645 1321 661 ι

1130 679 1207 707 Rom.
1224 688 1281 713 vm,
1300 680 1343 707 18.
1362 695 1396 700 --
1412 689 1422 706 ι
1444 680 1578 709 Existimo
1589 682 1661 717 quod
1674 690 1727 709 non
1743 687 1807 711 sunt
1818 691 1886 711 con-

1095 726 1185 760 dignae
1196 726 1337 761 passiones
1351 726 1433 761 hujus
1451 727 1581 762 temporis
1590 727 1623 754 ad
1634 727 1753 755 futuram
1769 729 1885 764 gloriam

1096 778 1157 805 qua:
1183 771 1348 798 revelabitur
1374 771 1399 797 in
1420 771 1511 799 nobis.
1529 771 1596 799 Nam
1621 773 1792 807 exspectatio
1807 781 1886 802 crea-

1060 825 1081 853 η
1096 820 1173 848 turre,
1187 816 1380 844 revelationem
1402 817 1520 844 ﬁliorum
1534 817 1580 845 Dei
1597 822 1747 852 exspectat.
1769 828 1777 844 ι

1132 863 1146 889 l
1165 863 1228 890 Cor.
1244 871 1285 895 ιιι,
1300 863 1343 894 l3,
1361 863 1441 890 M.—
1456 873 1465 889 ι
1483 863 1708 899 Uniuscujusque
1722 872 1791 900 opus
1807 866 1887 900 quale

1096 908 1141 938 sit.
1159 908 1230 943 ignis
1242 907 1380 943 probabit.
1409 908 1437 935 Si
1461 908 1541 943 cujus
1565 916 1634 943 opus
1650 909 1794 942 manserit,
1812 910 1885 944 quod

1095 953 1333 987 supersedilicavit,
1349 953 1502 980 mercedem
1525 954 1653 988 accipiet.
1671 953 1700 981 Si
1716 954 1796 988 cujus
1816 962 1886 989 opus

1095 998 1205 1031 arserit,
1221 997 1415 1026 detrimentum
1444 998 1571 1033 accipiet.
1601 998 1660 1034 Ipse
1686 1004 1775 1028 autem
1794 1001 1887 1029 salvus

1094 1046 1148 1073 erit
1168 1055 1175 1074 :
1196 1046 1236 1074 sic
1253 1050 1342 1073 tamen
1357 1046 1435 1080 quasi
1459 1053 1507 1080 per
1523 1046 1623 1081 ignem.
1644 1055 1653 1072 ι

1131 1091 1146 1118 1
1160 1092 1223 1119 Cor.
1238 1100 1282 1125 xv,
1299 1091 1395 1119 44—56.
1406 1107 1442 1111 —
1457 1101 1466 1117 ι
1484 1091 1530 1119 Sic
1552 1092 1687 1127 scriptum
1703 1097 1746 1120 est
1762 1101 1769 1120 :
1787 1091 1887 1121 Factus

1094 1142 1137 1166 est
1148 1139 1254 1173 primus
1270 1138 1351 1165 homo
1365 1137 1392 1164 iu
1404 1138 1527 1165 animam
1545 1138 1680 1166 viventem
1695 1149 1701 1165 :
1720 1138 1887 1167 novissimus

1094 1184 1180 1211 Adam
1203 1183 1229 1210 in
1248 1183 1374 1218 spiritum
1389 1183 1583 1212 viviﬁcantem.
1610 1184 1662 1211 Sed
1689 1192 1742 1212 non
1768 1185 1887 1219 primum

1094 1229 1167 1264 quod
1182 1229 1327 1263 spirituale
1341 1234 1394 1256 est.
1414 1228 1522 1256 Primus
1543 1228 1624 1256 homo
1644 1228 1677 1256 de
1694 1233 1779 1261 terra,
1800 1234 1888 1257 terre-

1093 1282 1170 1301 nus:
1189 1273 1328 1302 secundus
1354 1274 1446 1306 homo,
1470 1274 1601 1301 Dominus
1626 1275 1659 1302 de
1684 1276 1765 1302 caelo.
1793 1275 1887 1308 Qualis

1095 1323 1233 1351 terrenus,
1250 1319 1320 1346 tales
1339 1323 1366 1346 ct
1386 1320 1487 1347 terreni
1507 1328 1513 1346 :
1530 1323 1557 1347 et
1573 1320 1663 1355 qualis
1675 1321 1806 1353 caelestis,
1818 1321 1887 1349 tales

1094 1369 1122 1392 et
1136 1365 1274 1393 caelestes.
1293 1364 1326 1392 Et
1341 1366 1414 1393 sicut
1428 1366 1601 1400 portavimus
1614 1365 1759 1400 imaginem
1773 1366 1886 1398 terreni,

1095 1415 1236 1446 portemus
1255 1415 1282 1439 et
1297 1411 1444 1446 imaginem
1461 1411 1595 1439 crelestis.
1618 1411 1674 1439 Hoc
1688 1412 1761 1444 dico,
1789 1412 1887 1440 fratres

1095 1457 1158 1490 mei,
1174 1457 1238 1492 quia
1263 1464 1328 1484 caro
1354 1461 1381 1484 et
1408 1457 1521 1492 sanguis
1541 1465 1656 1492 regnum
1673 1456 1718 1484 Dei
1747 1457 1887 1492 possidere

1095 1509 1148 1529 non
1162 1506 1286 1537 possunt,
1303 1509 1354 1530 nec
1371 1502 1511 1537 corruptio
1542 1502 1776 1537 incorruptionem
1791 1504 1888 1538 possi—

1094 1548 1150 1575 det.
1176 1547 1245 1575 Ecce
1272 1548 1434 1584 mysterium
1455 1547 1533 1575 vobis
1547 1547 1610 1575 dico
1630 1557 1636 1575 ε
1655 1556 1752 1576 omnes
1776 1549 1886 1584 quidem

1094 1602 1147 1621 non
1165 1593 1346 1628 dormiemus,
1371 1601 1467 1621 onnies
1491 1599 1582 1621 autem
1611 1594 1818 1623 immntabimur
1835 1604 1842 1624 :
1859 1596 1886 1623 in

1094 1645 1243 1672 momento,
1263 1640 1290 1667 in
1309 1641 1364 1668 ictu
1385 1640 1469 1671 oculi,
1488 1640 1514 1666 in
1534 1640 1684 1668 novissima
1698 1641 1764 1669 tuba
1783 1650 1789 1668 :
1806 1646 1887 1668 canet

1093 1684 1168 1711 enim
1185 1685 1249 1711 Iuba
1264 1688 1292 1712 et
1310 1685 1410 1711 mortui
1434 1688 1579 1720 resurgent
1605 1685 1770 1720 incorrupti,
1793 1690 1819 1714 ct
1834 1694 1886 1714 nos

1094 1730 1313 1757 immutabimur.
1329 1729 1443 1764 Oportet
1467 1731 1540 1758 enim
1560 1731 1740 1766 corruptibile
1766 1732 1819 1760 hoc
1843 1731 1886 1759 in-

1093 1776 1177 1803 duere
1189 1776 1437 1810 incorruptionem,
1451 1780 1478 1804 et
1497 1776 1614 1804 mortale
1633 1777 1685 1804 hoc
1704 1777 1820 1805 induere
1835 1778 1887 1805 im-

1093 1821 1298 1849 mortalitatem.
1341 1821 1408 1849 Cum
1435 1827 1524 1850 autem
1555 1822 1733 1858 corruptibile
1763 1824 1814 1850 hoc
1844 1824 1887 1851 in-

1092 1868 1182 1895 duerit
1210 1867 1456 1903 incorruptionem,
1475 1873 1500 1895 et
1527 1868 1643 1896 mortale
1678 1868 1730 1896 hoc
1764 1869 1885 1897 induerit

1093 1913 1339 1945 immortalitatem,
1352 1919 1418 1941 tunc
1435 1914 1480 1941 iict
1494 1921 1585 1942 sermo
1600 1914 1647 1949 qui
1671 1913 1792 1949 scriptus
1804 1915 1885 1951 347

1092 1964 1144 1988 est.
1165 1959 1301 1994 Absorpta
1320 1963 1361 1986 est
1376 1967 1451 1986 mors
1468 1960 1495 1986 in
1521 1959 1644 1987 victoria.
1663 1959 1713 1987 Ubi
1731 1964 1783 1993 est,
1798 1968 1884 1994 mors,

1093 2004 1240 2033 stimulus?
1260 2004 1305 2031 ubi
1318 2008 1372 2036 est,
1389 2012 1474 2036 mors,
1495 2005 1633 2032 victoria?
1649 2006 1784 2034 Stimulus
1793 2012 1884 2036 autem

1093 2051 1189 2078 mortis
1208 2055 1350 2086 peccaturo
1365 2054 1408 2078 est
1422 2059 1429 2078 z
1443 2050 1533 2078 virtus
1551 2060 1616 2081 vero
1626 2052 1745 2089 peccati.
1763 2053 1817 2081 lex.
1837 2063 1846 2080 ι

289 2165 298 2181 ι
314 2155 383 2186 Τοὺς
397 2154 500 2186 πάντας
515 2154 588 2189 ἡμᾶς
603 2154 795 2190 φανερωθῆναι
825 2155 865 2181 δεῖ
882 2155 1038 2190 ἔμπροσθεν

1127 2148 1157 2176 Il
1184 2148 1247 2177 Cor.
1276 2156 1302 2181 ν,
1330 2149 1392 2176 101.
1421 2163 1455 2169 -
1475 2158 1484 2174 ι
1504 2147 1607 2178 Omnes
1632 2158 1683 2179 nos
1711 2151 1883 2179 manifestari

249 2201 297 2227 τοῦ
313 2199 434 2235 βήματος
446 2198 494 2226 τοῦ
506 2200 636 2235 Χριστοῦ,
650 2199 694 2227 ἴνα
708 2200 859 2235 κομίσηται
877 2200 993 2234 ἕκαστος
1003 2201 1038 2228 τά

249 2244 293 2273 διὰ
308 2244 355 2272 τοῦ
373 2243 509 2280 σώματος,
526 2244 599 2272 καθὰ
627 2244 757 2280 ἔπραξεν,
770 2246 826 2272 εἴτε
846 2245 959 2280 ἀγαθὸν,
981 2245 1037 2273 εἴτε

249 2291 361 2326 φαῦλον.
377 2299 387 2316 ι

286 2346 296 2362 ι
315 2337 348 2363 '0
373 2336 427 2371 γὰρ
452 2335 485 2362 ὂν
505 2335 605 2372 σπείρῃ
629 2335 790 2371 ἀνθρωπος;
813 2335 892 2362 τοῦτο
919 2337 966 2363 καὶ
992 2336 1037 2363 θε-

250 2383 330 2418 ρίσει.
345 2391 354 2408 ι

285 2437 295 2453 ι
318 2429 355 2455 Οὐ
371 2428 440 2455 θέλω
453 2427 481 2454 δὲ
513 2428 586 2462 ὑμᾶς
612 2427 730 2462 ἀγνοεῖν,
758 2428 878 2462 ἀδελφοὶ,
899 2429 962 2464 περὶ
981 2429 1036 2456 τῶν

247 2474 468 2509 κεκοιμημένων,
482 2474 526 2500 ἵνα
542 2473 579 2509 μὴ
599 2473 733 2509 λυπῆσθε,
747 2473 837 2506 καθὼς
849 2473 896 2501 καὶ
909 2475 934 2500 οἱ
947 2474 1036 2502 λοιποὶ

247 2521 272 2547 οἱ
290 2520 327 2555 μὴ
342 2519 449 2554 ἔχοντες
462 2520 568 2546 ὲλπίδα.
588 2529 598 2545 ι

286 2576 294 2590 ι
314 2565 381 2600 Περὶ
395 2565 423 2591 δὲ
435 2565 491 2591 τῶν
504 2565 608 2600 χρόνων
627 2565 675 2592 καὶ
700 2565 754 2591 τῶν
780 2565 896 2601 καιρῶν,
915 2565 1035 2600 ἀδελφοὶ,

247 2611 278 2637 οὺ
295 2610 391 2645 χρείαν
406 2609 482 2645 ἔχετε
496 2611 561 2645 ὑμῖν
570 2609 734 2646 γράφεσθαι.
749 2611 832 2637 Αὐτοὶ
845 2611 900 2646 γὰρ
915 2611 1037 2646 ἀκριδῶς

249 2656 348 2687 οἴδατε,
374 2655 415 2683 δτι
440 2656 458 2691 ὴ
478 2655 572 2691 ἡμέρα
591 2656 695 2691 Κυρίου
713 2656 751 2688 ὼς
769 2657 888 2691 κλέπτης
904 2658 933 2684 ὲν
947 2658 1035 2687 νυκτὶ,

247 2701 334 2732 οὕτως
365 2701 485 2737 ἔρχεται.
505 2701 591 2727 Ὅταν
627 2701 681 2736 γὰρ
710 2702 835 2728 εἴπωσιψ
859 2702 962 2738 Εἰρήνη
991 2703 1037 2730 καὶ

247 2748 395 2783 ἀσφάλεια,
420 2747 480 2774 τότε
508 2747 640 2781 αἰφνίδιος
661 2747 754 2779 αὐτοῖς
781 2748 958 2783 ἐπιστήσεται
982 2750 1038 2777 ὄλε-

247 2792 322 2829 θρος.
339 2792 474 2828 ’Ὥσπερὴ
492 2791 556 2818 ὠδὶν
567 2793 601 2827 τῇ
628 2794 656 2819 ὲν
678 2793 774 2828 γαστρὶ
798 2793 907 2830 ἐχούσῃ,
931 2795 977 2822 καὶ
1005 2797 1035 2823 οὐ

251 2839 288 2876 μὴ
305 2839 463 2876 imp-570mm
494 2848 502 2863 ι

1091 2199 1201 2231 oportet
1219 2199 1283 2222 ante
1301 2194 1423 2222 tribunal
1435 2193 1552 2227 Christi,
1568 2200 1598 2223 ut
1617 2196 1718 2224 referat
1734 2197 1883 2231 unusquis-

1091 2251 1144 2278 que
1156 2249 1216 2277 quae
1232 2248 1281 2276 per
1295 2248 1398 2276 corpus
1417 2241 1515 2276 gessit,
1531 2241 1589 2269 sive
1615 2242 1728 2276 bonum,
1753 2243 1811 2270 sive
1827 2251 1885 2270 ma-

1091 2291 1158 2318 lum.
1176 2300 1185 2316 ι

1126 2336 1217 2364 Galat.
1236 2344 1273 2370 νι,
1286 2336 1313 2363 8.
1334 2351 1370 2357 —
1383 2345 1393 2362 ι
1409 2335 1487 2369 Quod
1503 2336 1576 2363 enim
1599 2335 1774 2362 seminaverit
1791 2336 1882 2367 bomn,

1091 2383 1143 2410 hoc
1157 2388 1184 2410 ct
1201 2385 1294 2410 metet.
1308 2390 1318 2406 ι

1127 2431 1141 2456 ι
1159 2427 1249 2455 Theti.
1265 2434 1304 2459 Iv.
1322 2426 1367 2454 12.
1380 2441 1414 2447 -
1438 2436 1448 2452 ι
1467 2425 1537 2454 Nolo
1551 2430 1644 2453 autem
1671 2433 1720 2452 vos
1745 2425 1880 2459 ignorare.

1091 2474 1202 2505 fratres.
1228 2472 1263 2500 de
1286 2472 1506 2503 dormientibus.
1541 2477 1570 2498 ut
1600 2478 1655 2498 non
1682 2470 1883 2499 contristemini

1090 2522 1162 2549 sicut
1177 2523 1204 2547 et
1218 2518 1310 2547 caeteri
1324 2518 1370 2553 qui
1391 2526 1466 2553 sporn
1483 2525 1538 2545 non
1557 2517 1668 2544 habent.
1684 2526 1694 2543 ι

1127 2566 1139 2593 Ι
1159 2565 1250 2593 Theu.
1268 2573 1295 2597 v,
1326 2565 1381 2592 1-5.
1399 2580 1434 2585 -
1453 2575 1461 2590 ι
1480 2564 1515 2591 De
1539 2563 1709 2598 temporibus
1738 2567 1830 2591 autem
1856 2569 1884 2592 et

1091 2612 1248 2645 momentis,
1278 2611 1391 2642 fratres.
1419 2618 1474 2638 non
1500 2609 1643 2645 indigetis,
1674 2613 1702 2635 ut
1729 2610 1882 2639 scribamus

1092 2659 1178 2686 vobis.
1196 2658 1249 2693 Ipsi
1263 2658 1337 2685 enim
1354 2657 1500 2693 diligenter
1509 2657 1596 2688 scitis,
1613 2657 1675 2690 quia
1689 2657 1747 2684 dies
1762 2657 1882 2690 Domini,

1091 2705 1163 2733 sicut
1177 2704 1221 2732 fur
1236 2704 1262 2731 in
1278 2709 1369 2736 nocte,
1384 2704 1421 2731 ita
1439 2703 1536 2731 veniet.
1559 2702 1627 2730 Cum
1650 2704 1726 2731 enim
1743 2703 1862 2731 dixerint
1873 2712 1883 2732 :

1090 2750 1147 2778 Pax
1163 2755 1190 2778 et
1207 2751 1355 2783 securitas,
1372 2754 1438 2777 tunc
1463 2749 1622 2784 repentinus
1638 2749 1680 2777 eis
1708 2748 1882 2785 superveniet

1092 2796 1229 2828 interitus.
1247 2797 1318 2824 sicut
1334 2795 1412 2824 dolor
1425 2795 1533 2823 babenti
1552 2795 1577 2822 in
1591 2800 1680 2829 utero,
1697 2800 1723 2824 ct
1740 2803 1794 2823 non
1812 2795 1879 2823 cﬂu-

1092 2847 1172 2877 gn-nl.
1195 2851 1204 2866 ι
