2078 3115
211 127 279 160 1183

829 125 861 156 S.
880 122 1039 155 JOANNIS
1059 124 1273 156 DAMASCENI

1782 123 1856 158 ΗΜ

245 182 278 210 II
294 182 386 210 Thess.
415 189 451 214 tt,
477 181 551 209 l-il.
575 195 609 201 -—
639 190 648 207 ι
668 180 807 217 Rogamus
831 185 923 208 autem
942 188 996 211 vos,

1093 189 1102 206 ι
1127 181 1291 216 Ἐρωτῶμεν
1304 181 1334 208 δὲ
1348 180 1432 216 ὑμᾶς,
1447 181 1568 215 ἀδελφοὶ,
1587 180 1657 216 ὑπὲρ
1677 181 1728 216 τῆς
1744 190 1850 215 παρου-

210 229 320 261 l'ratres,
342 236 389 264 per
403 227 551 255 adventum
568 226 676 254 Domini
703 227 791 254 nostri
806 226 870 254 Jesu
886 226 1002 258 Christi,

208 279 236 301 et
248 278 371 302 nostram
390 273 631 309 congregationem
649 273 675 301 in
702 274 804 309 ipsum,
820 280 854 300 ne
869 273 925 299 cito
940 279 1002 299 mo-

208 319 328 346 veamini
344 327 358 345 a
371 326 465 350 sensu.
480 326 571 354 neque
591 320 761 351 terreamiui,
782 326 870 353 neque
886 326 935 353 per
947 318 1003 352 spi-

209 365 303 396 ritum,
325 371 413 399 neque
430 372 479 400 per
504 372 671 398 sermonem,
695 372 785 399 neque
800 372 848 399 per
860 364 1003 396 epistolam

208 416 337 445 tanquam
355 418 403 444 per
411 418 462 438 nos
479 411 604 443 missam,
617 411 697 445 quasi
715 411 798 438 instet
814 410 874 438 dies
885 409 1002 437 Domini.

207 455 247 482 Ne
261 456 324 490 quis
341 463 388 482 vos
404 456 518 483 seducat
533 456 588 483 ullo
607 456 688 483 modo
707 465 713 482 :
732 456 862 491 quoniam
883 456 935 483 nisi
958 463 1003 483 ve-

208 502 279 528 nerit
298 501 433 529 discessio
448 502 579 537 primum,
598 507 624 529 et
642 503 779 530 revelatus
805 502 890 529 fuerit
920 501 1002 529 homo

208 546 325 580 peccati,
342 546 415 574 illius
431 546 607 581 perditionis,
620 546 666 581 qui
685 547 850 573 adversatur
869 549 896 573 et
911 545 1000 573 cxtol-

207 592 274 619 litur
291 599 375 626 supra
395 600 475 620 omne
496 592 569 627 quod
589 592 690 619 dicitur
723 591 804 625 Deus,
825 597 873 619 aut
888 591 999 624 colitur,

207 639 244 664 ita
273 641 302 664 ut
330 638 357 664 in
384 639 486 673 templo
517 637 562 665 Dei
582 637 687 671 sedeat,
709 638 858 666 ostendens
877 638 998 672 seipstttn

207 686 336 717 tanquam
352 682 388 710 sit
407 682 489 717 Deus,
506 682 564 710 Non
583 684 719 715 retinetis,
738 684 809 717 quod
828 690 891 710 cum
909 683 998 710 adhuc

204 735 294 754 essem
310 727 464 761 vobiscum,
482 728 538 756 haec
553 729 676 756 dicebam
693 729 789 757 vobis?
805 732 832 756 et
843 736 918 756 nunc
931 728 997 764 quid

205 771 338 804 detineat,
351 772 440 806 scitis,
457 777 486 800 ut
504 774 639 801 reveletur
651 775 677 801 iu
696 778 819 809 tempore
839 782 900 803 suo.
928 773 996 801 Nam

206 818 366 850 mysterium
378 817 435 852 jam
449 823 580 853 operatur
593 819 746 853 iniquitatis
760 828 767 846 :
785 823 890 846 tantum
906 823 935 846 ut
948 819 995 854 qui

205 868 279 890 tenet
292 871 376 896 nunc,
386 863 474 891 donec
490 864 524 892 de
538 864 628 892 medio
640 865 695 893 ﬁat.
710 865 741 892 Et
755 870 820 893 tunc
835 865 1000 893 revelabitur

206 907 251 934 ille
260 908 383 943 iniquus,
393 917 473 944 quem
488 908 618 937 Dominus
626 909 706 937 Jesus
715 910 843 937 Christus
857 911 1002 939 interﬁeiet

205 953 303 987 spiritu
320 954 377 981 oris
391 954 445 987 sui,
469 959 497 981 et
516 955 640 983 destruet
661 956 848 984 illustratione
865 956 1002 985 adventus

205 999 247 1024 sui
263 1006 325 1026 eum
342 999 422 1034 cujus
439 1004 480 1027 est
496 1001 630 1029 adventus
644 1001 795 1029 secundum
812 1003 1001 1037 operationem

205 1043 325 1075 Salame,
349 1044 377 1071 iu
400 1046 474 1072 omni
493 1046 606 1078 virtute,
628 1052 656 1074 et
683 1047 784 1082 signis,
809 1054 835 1075 et
869 1048 1000 1084 prodigiis

204 1089 394 1122 mendacibus,
406 1094 433 1118 et
452 1090 480 1118 in
501 1092 576 1119 omni
592 1091 754 1120 seductioue
781 1092 939 1128 iniquitatis
965 1094 1000 1122 iis

203 1135 249 1168 qui
267 1139 382 1170 pereunt
397 1145 403 1163 :
420 1143 453 1163 eo
466 1137 538 1171 quod
553 1137 707 1165 claritatem
717 1139 838 1167 veritatis
850 1147 904 1167 non
922 1148 1000 1168 rece-

204 1185 316 1215 perunt,
331 1186 361 1209 ut
373 1183 442 1210 salvi
460 1183 567 1211 tierent.
593 1185 655 1212 Ideo
673 1186 762 1213 mittet
779 1186 834 1214 illis
848 1186 920 1214 Deus
931 1195 999 1222 ope-

202 1228 337 1255 rationem
352 1230 466 1262 erroris,
484 1234 513 1257 ut
529 1231 643 1259 credant
659 1232 813 1265 mendacio,
828 1238 857 1260 ut
869 1233 999 1268 judicen-

163 1268 171 1275 ’
201 1278 248 1300 tur
259 1282 355 1303 omnes
370 1276 417 1310 qui
439 1284 494 1304 non
521 1278 699 1306 crediderunt
714 1279 835 1312 veritati,
859 1280 906 1308 sed
930 1287 997 1308 con-

202 1323 349 1347 senserunt
365 1321 516 1356 iniquitati.
534 1331 543 1347 ι

239 1455 321 1483 Hebr.
344 1465 371 1489 Χ,
392 1457 436 1485 50.
452 1472 488 1478 ——
509 1468 518 1485 ι
536 1458 709 1488 Horrendum
740 1467 783 1488 est
819 1462 942 1491 incidere
967 1462 994 1490 in

203 1510 301 1546 manqs
318 1503 364 1530 Dei
381 1503 506 1532 viventis.
525 1513 534 1531 ι

204 1587 207 1589 _
239 1547 267 1573 II
287 1547 360 1575 Petr.
374 1556 415 1580 ut,
432 1549 475 1577 10.
490 1565 520 1570 -
534 1560 543 1576 ι
559 1550 656 1579 Veniet
669 1551 728 1580 dies
739 1552 848 1582 Domini
865 1560 996 1591 tanquam

203 1591 248 1620 fur
265 1593 292 1621 in
311 1598 401 1628 nocte,
420 1596 448 1623 in
466 1603 522 1631 quo
543 1598 606 1624 coeli
630 1606 692 1624 cum
717 1599 820 1634 impetu
836 1602 972 1629 transient
988 1611 995 1630 :

200 1639 336 1666 elementa
354 1647 417 1667 vero
425 1641 518 1669 calore
530 1643 672 1671 solventur
684 1653 691 1672 :
707 1649 780 1673 terra
792 1651 884 1674 autem
898 1652 926 1676 et
936 1657 996 1684 qius:

202 1687 229 1712 in
247 1686 305 1719 ipsa
321 1691 386 1713 sunt
397 1694 492 1722 opera.
508 1694 669 1717 exurentur.
691 1700 699 1716 ι

236 1731 327 1764 Juda',
349 1732 393 1760 Μ.
409 1748 446 1753 -
466 1742 476 1759 ι
496 1733 568 1762 Ecce
588 1736 662 1763 venit
683 1736 816 1766 Dominus
842 1739 868 1766 in
892 1741 994 1767 sanctis

201 1777 324 1805 millibus
347 1779 419 1811 suis,
447 1779 536 1808 facere
559 1781 697 1816 judicium
725 1789 821 1811 contra
844 1792 951 1818 omnes,
968 1791 996 1814 et

202 1830 319 1857 arguere
333 1832 428 1852 omnes
444 1825 545 1861 impios
558 1827 593 1855 de
605 1828 733 1855 omnibus
746 1830 878 1864 operibus
888 1839 993 1865 eorum,

202 1870 304 1904 quibus
317 1871 399 1906 impie
421 1876 549 1907 egerunt.
566 1878 594 1901 et
613 1874 647 1902 tle
663 1875 791 1903 omnibus
812 1876 890 1905 duris
905 1878 995 1907 verbis

201 1923 263 1949 quae
277 1916 359 1943 locuti
374 1921 439 1945 sunt
455 1923 550 1945 contra
566 1927 628 1946 eum
645 1925 813 1955 peccatores.
833 1931 842 1948 ι

237 1961 344 1990 Basilii.
357 1978 393 1983 —
406 1962 446 1992 Ne
458 1973 501 1992 me
512 1966 653 1994 existimes
667 1967 754 1995 instar
771 1969 910 1996 nutricum
925 1977 995 1998 vana

202 2007 252 2033 tibi
268 2009 491 2038 terriculamenta
508 2011 657 2043 intentare,
674 2013 750 2041 velut
763 2014 815 2041 illa:
831 2016 994 2050 pusionibus

202 2053 271 2085 suis,
289 2062 351 2081 cum
376 2056 522 2084 immodice
537 2058 655 2092 plorant,
672 2058 763 2087 facere
779 2065 992 2094 consueverunt,

202 2106 250 2133 per
266 2100 343 2129 ﬁctas
362 2102 534 2130 narrationes
548 2103 640 2131 ﬂetum
662 2112 757 2132 eorum
775 2113 992 2142 compescentes.

202 2144 266 2172 lltcc
279 2146 352 2173 enim
371 2155 425 2175 non
441 2148 540 2176 fabulae
552 2154 626 2181 sunt,
641 2151 688 2178 sed
702 2159 783 2179 verus
804 2160 894 2180 sermo
907 2154 993 2181 multo

1056 227 1116 258 σίας
1144 226 1194 254 τοῦ
1221 228 1324 261 Κυρίου
1339 227 1418 261 ἡμῶν
1436 227 1524 262 Ἰησοῦ
1546 227 1675 263 Χριστοῦ,
1704 227 1750 254 καὶ
1770 228 1849 262 ἡμῶν

1056 273 1268 308 ἐπισυναγωγῆς
1282 273 1326 299 ἐπ’
1342 273 1434 305 αὑτὸν,
1451 274 1490 304 εἰς
1504 273 1535 299 τὸ
1551 273 1587 308 μὴ
1602 268 1849 308 ταχέωςσαλευθῆ-

1055 327 1098 345 ναι
1114 318 1185 353 ὑμᾶς
1194 319 1247 346 ἀπὸ
1257 318 1304 345 τοῦ
1316 319 1389 350 νοός·
1407 319 1475 354 μηδὲ
1486 318 1620 354 θροεῖσθε,
1632 318 1700 353 μηδι
1713 318 1758 345 διὰ
1767 319 1848 345 πνεύε

1057 373 1152 400 ματος,
1185 366 1254 399 μήτε
1277 365 1312 391 δι’
1337 365 1494 399 ἐπιστολῆς,
1515 365 1553 396 ὡς
1579 364 1612 391 δι’
1639 364 1730 400 ήμῶν,
1747 365 1785 396 ὡς
1806 365 1857 391 ὅτε

1054 409 1200 444 ινέστηκεν
1212 410 1228 445 ή
1242 409 1335 445 ἡμέρα
1349 409 1464 445 Κυρίου.
1478 410 1523 445 Μή
1542 418 1584 441 τις
1600 409 1672 444 ὑμᾶς
1685 409 1847 445 ἐξαπατήσῃ

1054 455 1124 481 κατὰ
1138 455 1242 490 μηδένα
1253 455 1368 490 τρόπον,
1394 456 1436 482 ὃτι
1457 455 1505 482 ἐὰν
1524 456 1560 490 μὴ
1577 455 1641 491 ἔλθῃ
1661 456 1678 490 ὴ
1691 455 1848 482 ἀποστασία

1053 501 1173 536 πρῶτον,
1187 502 1233 528 καὶ
1247 502 1429 537 ἀποκαλυφθῇ
1447 503 1461 528 ὁ
1476 501 1620 537 ἅνθρωπος
1633 502 1683 536 τῆς
1697 501 1850 536 ἁμαρτίας,

1051 547 1066 573 ὁ
1081 547 1138 578 υίὸς
1152 548 1201 581 τῆς
1215 547 1363 579 ἀπωλείας,
1380 549 1395 574 ὁ
1412 547 1602 582 ἀντικείμενος
1625 548 1673 574 καὶ
1699 547 1849 582 ὑπεραιρό-

1052 602 1132 628 μενος
1147 594 1194 620 ὲπὶ
1207 594 1296 620 πάντα
1309 594 1456 629 λεγόμενον
1472 594 1555 626 Θεὸν,
1575 593 1591 629 ἢ
1608 593 1743 629 σέΰασμα,
1763 594 1834 620 ὥστε

1051 640 1133 666 αὐτὸν
1150 641 1190 671 εἰς
1205 640 1251 666 τὸν
1266 637 1330 666 ναὸν
1343 640 1391 666 τοῦ
1408 640 1476 666 Θεοῦ
1491 640 1614 671 καθίσαι,
1635 640 1847 666 ἀποδεικνύοντα

1050 686 1156 717 ἑαυτὸν,
1174 686 1216 713 ὅτι
1243 686 1302 712 ἐστὶ
1329 686 1406 717 Θεὸς.
1422 687 1459 713 Οὺ
1482 687 1671 721 μνημονεύετε
1694 687 1736 713 ὅτι
1750 686 1791 713 ἔτι
1807 686 1847 713 ὢν

1050 731 1119 766 πρὸς
1136 732 1219 766 ὑμᾶς,
1234 732 1322 758 ταῦτα
1331 732 1424 766 ἔλεγον
1439 733 1519 766 ὑμῖν;
1543 733 1591 759 καὶ
1612 732 1660 759 νῦν
1681 733 1712 759 τὺ
1730 732 1845 767 κατέχον

1048 779 1148 809 οἴδατε,
1181 779 1222 810 είς
1246 779 1278 804 τὺ
1296 778 1525 814 ἀποκαλυφθῆναι
1557 779 1639 805 αὑτὸν
1655 780 1683 805 ὲν
1702 778 1741 814 τῷ
1760 778 1844 806 αὐτοῦ

1051 824 1140 860 καιρῷ
1174 824 1212 850 Τὸ
1232 825 1287 860 γὰρ
1305 826 1455 860 μυστήριον
1476 825 1525 860 ήδη
1549 825 1701 859 ἐνεργεῖται
1721 824 1772 858 τῆς
1783 825 1845 851 ἀνο-

1056 871 1121 903 μίας
1133 880 1139 886 ·
1155 870 1235 906 μόνον
1247 872 1261 897 ό
1277 871 1400 906 κατέχων
1417 871 1480 906 ἄρτι
1497 871 1550 903 ἕως
1565 871 1600 897 ἐκ
1611 871 1696 906 μέσου
1709 871 1824 906 γένηται
1835 878 1843 886 ⁸

1054 918 1101 943 καὶ
1116 917 1177 944 τότε
1194 916 1454 952 ἀποκαλυφθήσεται
1480 918 1494 943 ὁ
1526 916 1639 952 ἄνομος,
1663 916 1696 944 ὃν
1709 917 1724 942 ὁ
1742 917 1844 952 Κύριος

1059 962 1163 996 Ἰησοῦς
1177 962 1294 996 Χριστὸς
1312 962 1404 989 ἀνελεῖ
1427 962 1466 997 τῷ
1484 962 1621 998 πνεύματι
1636 962 1684 989 τοῦ
1709 963 1844 997 στόματος

1052 1008 1147 1041 αὑτοῦ,
1163 1009 1210 1035 καὶ
1227 1009 1397 1044 καταργήσει
1412 1010 1445 1044 τῇ
1464 1009 1513 1044 τὴν
1527 1008 1675 1044 ἐπιφάνεια
1701 1008 1752 1043 τῆς
1770 1017 1842 1044 παρ-

1051 1054 1145 1085 ουσίας
1159 1053 1258 1080 αὐτοῦ·
1290 1050 1320 1080 οὗ
1344 1055 1418 1080 ἐστιν
1432 1055 1448 1089 ὴ
1464 1055 1603 1089 παρουσία
1626 1054 1687 1081 κατ’
1702 1055 1843 1090 ἐνέργειαν

1049 1099 1097 1126 τοῦ
1109 1099 1227 1131 Σατανᾶ,
1258 1100 1287 1125 ὲν
1319 1099 1394 1135 πάσῃ
1415 1100 1530 1135 δυνάμει
1560 1102 1608 1127 καὶ
1632 1101 1768 1135 σημείοις,
1794 1101 1842 1128 καὶ

1050 1145 1147 1181 τέρασι
1163 1145 1290 1180 ψεύδους,
1313 1146 1359 1172 καὶ
1387 1146 1416 1172 ὲν
1439 1146 1515 1182 πάσῃ
1541 1146 1633 1182 ἀπάτῃ
1662 1146 1771 1179 ἀδικίας
1786 1147 1842 1179 τοῖς

1049 1190 1261 1225 ἀπολλυμένοις,
1293 1190 1353 1218 ἀνθ’
1369 1188 1406 1218 ὧν
1425 1191 1475 1226 τὴν
1499 1191 1611 1225 ἀγάπην
1639 1192 1688 1226 τῆς
1712 1193 1842 1227 ἀληθείας

1049 1237 1098 1262 οὐκ
1112 1236 1248 1269 ἐδέξαντο,
1263 1237 1304 1268 είς
1318 1237 1348 1263 τὸ
1367 1237 1488 1272 σωθῆναι
1502 1237 1613 1269 αὐτούς.
1633 1239 1688 1265 Καὶ
1702 1238 1747 1265 διὰ
1760 1238 1839 1265 τοῦτο

1049 1283 1154 1317 πέμπει
1182 1283 1274 1314 αὐτοῖς
1291 1283 1305 1309 6
1317 1283 1383 1315 Θεὸς
1400 1283 1540 1319 ἐνέργειαν
1559 1284 1673 1318 πλάνης,
1700 1285 1739 1315 εἰς
1754 1285 1783 1311 τὸ
1795 1293 1841 1310 πι-

1049 1329 1160 1355 στεῦσαι
1177 1322 1277 1361 αὐτοὺς
1303 1329 1343 1364 τῷ
1372 1329 1477 1364 ψεύδει,
1496 1329 1540 1356 ἶνα
1566 1329 1681 1365 κριθῶσι
1699 1330 1801 1361 πάντες
1816 1331 1841 1356 οἱ

1049 1374 1086 1410 μὴ
1100 1375 1297 1406 πιστεύσαντες
1313 1377 1346 1411 τῇ
1360 1376 1475 1412 ἀληθείᾳ
1485 1396 1493 1408 ,
1511 1376 1568 1402 ἀλλ’
1585 1375 1782 1411 εὐδοκήσαντες
1806 1376 1838 1410 τῇ

1046 1420 1149 1455 ἀδικίᾳ.
1169 1430 1178 1446 ι

1086 1476 1095 1493 ι
1118 1467 1236 1502 Φοϐερὸν
1249 1467 1279 1494 τδ
1289 1467 1421 1503 ἐμπεσεῖν
1439 1469 1479 1500 είς
1493 1469 1589 1504 χεῖρας
1610 1468 1679 1495 Θεοῦ
1698 1468 1809 1501 ζῶντος.
1827 1477 1836 1494 ι

1086 1565 1096 1582 ι
1118 1556 1197 1589 Ἥξει
1223 1557 1240 1591 ἡ
1272 1557 1365 1593 ἡμέρα
1389 1557 1493 1592 Κυρίου
1508 1557 1545 1589 ὡς
1567 1557 1689 1592 κλέπτης
1702 1558 1732 1584 ὲν
1747 1559 1837 1590 νυκτὶ,

1046 1601 1077 1627 ὲν
1119 1602 1143 1628 οἱ
1157 1602 1268 1637 οὐρανοὶ
1282 1603 1331 1638 μὲν
1350 1602 1474 1638 ῥοιζηδὸν
1484 1602 1708 1637 παρελεύσονται·
1718 1604 1838 1638 στοιχεῖα

1045 1647 1074 1674 δὲ
1106 1648 1284 1683 καυσούμενα
1303 1648 1478 1684 λυθήσονται,
1502 1649 1550 1676 καὶ
1563 1649 1600 1684 γῆ
1614 1649 1708 1676 καὶτὰ
1725 1650 1754 1676 ὲν
1767 1649 1837 1685 αὐτῇ

1045 1693 1115 1730 ἔργα
1130 1694 1347 1728 κατακαήσεται.
1370 1703 1380 1720 ι

1084 1750 1093 1766 ι
1118 1741 1184 1767 Ἰδοὺ
1203 1740 1313 1775 ἔρχεται
1330 1739 1432 1775 Κύριος
1448 1739 1477 1766 ἐν
1491 1738 1621 1775 μυριάσιν
1637 1739 1730 1773 ἁγίαις
1741 1737 1837 1772 αὐτοῦ,

1045 1787 1159 1821 ποιῆσαι
1175 1785 1267 1821 κρίσιν
1285 1784 1358 1812 κατὰ
1387 1785 1499 1812 πάντων
1514 1785 1570 1812 τῶν
1586 1785 1675 1820 ἔργων
1692 1783 1783 1811 αὐτῶν
1798 1780 1837 1811 ὧν

1043 1833 1193 1868 ὴσὲσησαν,
1206 1832 1254 1858 καὶ
1269 1832 1335 1867 περὶ
1349 1832 1460 1859 πάντων
1474 1831 1528 1858 τῶν
1539 1831 1666 1867 σκληρῶν
1683 1830 1782 1865 λόγων,
1799 1827 1838 1858 ὧν

1043 1878 1179 1913 ἐλάλησαν
1196 1879 1257 1905 κατ’
1272 1877 1356 1905 αὑτοῦ
1366 1878 1392 1904 οἱ
1402 1877 1570 1914 ἁμαρτωλοί.
1586 1886 1595 1904 ι

1084 1976 1093 1993 ι
1112 1967 1157 2003 Μή
1193 1975 1227 2002 με
1259 1966 1360 2004 νομίσῃ
1384 1966 1480 2002 ὥσπερ
1502 1967 1613 2003 μητέρα
1637 1967 1700 1994 τινὰ
1721 1967 1835 2002 τροφὸν,

1043 2012 1128 2048 ψευδῆ
1158 2021 1198 2040 σοι
1220 2013 1410 2048 μορμολύκεια
1435 2013 1580 2046 ἐπισείειν,
1607 2013 1703 2048 ὥσπερ
1732 2013 1835 2040 ἐκεῖναι

1044 2061 1132 2086 ποιεῖν
1148 2060 1212 2096 περὶ
1226 2060 1291 2092 τοὺς
1304 2060 1418 2094 νηπίους
1432 2059 1487 2087 τῶν
1502 2059 1607 2087 παίδων
1620 2060 1760 2092 εἰώθασιν,
1771 2060 1836 2086 ὅταν

1044 2105 1182 2142 θρηνῶσιν
1199 2105 1306 2133 ἀτακτα
1319 2107 1366 2132 καὶ
1380 2105 1532 2142 ἀπέραντα,
1551 2106 1599 2133 καὶ
1612 2106 1646 2133 δι’
1660 2105 1836 2133 ἐπιπλάστων

1042 2152 1222 2187 διηγημάτων
1251 2152 1494 2186 κατασιγάζουσιν.
1518 2151 1613 2179 Ταῦτα
1630 2152 1680 2188 μὲν
1690 2152 1721 2179 οὐ
1739 2151 1834 2187 μῦθος,

203 2196 266 2219 ante
282 2194 477 2228 pronuntiatus
500 2196 611 2223 clamat.
634 2197 723 2232 Atque
750 2206 799 2233 pro
813 2204 890 2227 certo
910 2201 991 2233 habe,

1048 2197 1114 2224 ἀλλὰ
1138 2197 1216 2232 λόγος
1243 2197 1363 2233 ἀψευδὴς
1386 2187 1652 2234 προκεκηρυγμένος
1668 2199 1762 2232 φωνεῖ.
1780 2197 1835 2224 Καὶ

202 2243 362 2266 accuratum
388 2247 483 2268 eorum
507 2249 568 2277 qua:
584 2243 703 2278 quisque
729 2243 757 2271 iu
781 2245 838 2272 vita
859 2247 992 2281 gesserit.

202 2291 318 2312 examen
335 2284 403 2312 fore.

239 2329 377 2365 Ejusdem.
392 2332 523 2368 -348
541 2332 599 2361 Non
629 2334 685 2362 illic
711 2339 805 2364 orator
822 2336 918 2369 adest,
939 2346 994 2366 non

202 2375 350 2403 verborum
374 2377 552 2410 lenocinium.
579 2380 651 2414 quod
678 2381 821 2411 veritatem
851 2384 995 2419 subripere

201 2422 287 2457 judici
301 2427 385 2459 queat
400 2433 407 2452 :
422 2432 478 2452 non
493 2425 651 2456 adulatores
659 2429 836 2462 comitantur,
845 2438 900 2458 non
915 2438 992 2466 opes,

204 2477 260 2496 non
280 2470 421 2504 dignitatis
447 2472 545 2501 fastus.
560 2473 670 2502 Vacuus
692 2475 798 2510 amicis,
820 2477 994 2511 adiutoribus

203 2520 231 2542 ct
246 2516 383 2550 patronis,
405 2517 522 2552 quisque
547 2520 669 2549 suﬂ'usus
690 2522 794 2557 pudore
811 2523 992 2558 relinquetur,

204 2565 331 2594 maestus,
347 2563 444 2596 tristis,
467 2565 554 2599 solus,
572 2566 678 2595 ﬁducia:
696 2576 804 2604 expers.
821 2571 993 2607 Quocunque

204 2607 342 2643 quispiam
369 2610 464 2638 oculos
485 2615 662 2647 converterit,
692 2616 852 2650 perspicuas
878 2625 992 2653 operum

205 2658 319 2679 suorum
330 2653 462 2686 imagines
478 2661 581 2684 cernet.
600 2657 667 2685 Nam
680 2660 755 2687 velut
770 2661 865 2689 umbra
879 2669 991 2696 corpus,

205 2696 244 2724 ita
259 2703 368 2732 peccata
387 2707 494 2728 animas
512 2709 674 2738 sequuntur,
692 2707 833 2735 evidentes
848 2708 993 2743 etiigiantia

204 2743 314 2777 species
327 2745 478 2774 actionum.
497 2747 593 2778 Nullus
610 2751 725 2786 proinde
750 2752 806 2780 illic
830 2753 992 2781 inﬁciationi

207 2787 285 2816 locus
305 2795 357 2823 cst,
378 2792 424 2819 sed
441 2801 521 2822 omne
534 2803 564 2822 os
592 2796 735 2831 impudens
757 2799 913 2826 obturatur.
939 2799 993 2828 Res

205 2835 279 2864 enim
299 2836 362 2872 ipsa‘
375 2838 529 2872 singulatim
545 2842 731 2871 testimonium
750 2845 853 2876 dicunt,
867 2853 921 2873 non
933 2846 993 2881 qui-

1047 2243 1101 2270 ἴσθι
1114 2243 1248 2279 ἀκριϐῶς,
1263 2244 1305 2271 ὅτι
1324 2245 1470 2280 γενήσεται
1493 2245 1547 2273 τῶν
1563 2244 1739 2281 βεϐιωμένων
1756 2243 1833 2278 ἔλεγ-

1044 2297 1092 2324 χος
1105 2289 1233 2324 ἀκριῦής.

1080 2337 1137 2363 Οὐκ
1153 2336 1192 2362 ἔνι
1209 2337 1303 2372 ῥήτωρ
1318 2335 1392 2363 ἑκεῖ¹
1408 2336 1459 2363 οὐκ
1472 2336 1512 2364 Evt
1528 2335 1676 2371 πιθανότης
1691 2335 1833 2371 ῥημάτων,

1045 2383 1145 2418 κλέψαι
1162 2383 1300 2419 δυναμένη
1317 2383 1366 2410 τοῦ
1393 2383 1523 2411 δικαστοῦ
1550 2383 1601 2419 τὴν
1613 2383 1744 2419 ἀλήθειαν
1756 2391 1762 2397 ·
1785 2382 1835 2408 οὒκ

1045 2429 1224 2456 ἀκολουθοῦσι
1252 2428 1378 2460 κόλακες.
1405 2429 1437 2456 οὐ
1464 2428 1499 2455 τὰ
1526 2429 1667 2464 χρήματα,
1684 2427 1836 2461 οὐδ’ὅγκος

1044 2473 1218 2510 ἀξιώματος·
1237 2474 1341 2510 ἔρημος
1369 2474 1467 2508 φίλων,
1493 2474 1596 2510 ἔρημος
1617 2473 1735 2509 βοηθῶν,
1751 2475 1835 2500 ἀσυν-

1043 2521 1190 2556 ηγόρητος,
1205 2520 1455 2555 καταισχυνόμενος
1463 2519 1579 2552 ἕκαστος
1591 2519 1834 2554 ἀπολειφθήσεται·

1045 2567 1217 2603 σκυθρωπὸς,
1229 2567 1366 2605 κατηφὴς,
1379 2566 1584 2602 μεμονωμένος.
1594 2566 1833 2602 ἀπαρρησίαστος.

1045 2615 1134 2641 Ὅπου
1162 2614 1195 2642 ἄν
1214 2623 1258 2646 τις
1285 2614 1444 2650 περιαγάγῃ
1472 2613 1520 2640 τὸν
1532 2613 1683 2648 ὀφθαλμὸν,
1709 2613 1836 2648 ἐναργεῖς

1045 2661 1139 2696 ὕψεται
1156 2661 1211 2687 τῶν
1231 2660 1320 2696 ἔργων
1337 2660 1386 2692 τὰς
1398 2660 1518 2691 εἰκόνας.
1534 2660 1640 2695 Ὠσπερ
1650 2659 1706 2694 γὰρ
1723 2659 1785 2685 σκιά
1797 2657 1835 2692 τῷ

1045 2707 1164 2742 σώματι,
1178 2706 1251 2734 οὕτω
1262 2708 1323 2739 ταῖς
1335 2707 1436 2742 ψυχαῖς
1451 2707 1478 2733 αί
1495 2706 1627 2742 ἁμαρτίαι
1653 2705 1833 2741 παρέπονται,

1045 2754 1170 2790 ἐναργεῖς
1187 2754 1237 2786 τὰς
1257 2754 1372 2789 πράξεις
1388 2753 1612 2786 ἐξεικονίζουσαι.
1631 2753 1681 2779 Διὰ
1692 2752 1773 2779 τοῦτο
1786 2753 1835 2778 οὐκ

1045 2801 1121 2826 ἔστιν
1147 2799 1263 2834 ἄρνησις
1285 2800 1360 2826 ἐκεῖ·
1388 2799 1455 2826 ἀλλὰ
1479 2801 1632 2836 φράσσεται
1651 2801 1737 2834 στόμα
1761 2800 1838 2827 ἀναί-

1049 2854 1169 2881 σχυντον.
1208 2845 1282 2871 Absit
1319 2846 1374 2879 73p
1411 2845 1526 2872 ἑκάστου
1559 2846 1767 2881 καταμαρτυρεῖ
1800 2845 1833 2871 τὰ
