2080 3111
223 119 296 152 “89

869 126 989 157 SACRA
1011 127 1243 158 PARALELLA.

1795 130 1863 164 ιιρπ

222 183 292 212 τάδε
307 184 381 220 λέγει
394 184 512 220 Κύριος·
535 184 605 211 Ἁνθ“
622 180 660 211 ὧν
678 183 870 218 ἐξαπέστειλας
883 184 1011 217 ἀγγέλους

1069 185 1182 211 numios
1200 187 1232 212 ad
1245 185 1446 212 consulentium
1468 185 1533 213 Baal
1549 193 1685 218 muscam.
1700 186 1854 217 olendicu-

224 231 338 266 ζητῆσαι
349 231 378 256 ἐν
390 231 429 266 τῷ
441 231 513 256 Βαὰλ
526 231 608 265 μυῖαν
624 230 685 257 θεὸν
704 230 893 266 προσόχθισμα
915 231 1013 257 Ἀκκα-

226 277 290 314 ρὼν,
313 277 362 312 οὐχ
387 276 492 308 οὕτως·
512 277 528 311 ἡ
549 276 627 311 κλίνη
649 276 692 311 ἐφ’
719 273 753 312 ἧς
773 276 873 311 ἀνέϐης
896 277 966 309 ἐκεῖ,
981 276 1011 303 οὐ

225 322 376 359 καταϐήσει
391 322 438 349 ἀπ’
459 321 554 355 αὐτῆς,
569 322 609 348 ὃτι
622 322 731 357 θανάτῳ
743 321 877 357 ἀποθανῇ.
896 331 905 347 ι

258 380 266 393 ι
286 367 411 400 Ἦνοιξεν
432 367 492 394 Ἰὼϐ
516 367 545 394 τὸ
561 367 649 402 στόμα
667 367 760 400 αὑτοῦ,
774 368 822 394 καὶ
838 367 1013 402 καταράσατο

222 415 271 449 τὴν
283 413 388 449 ἡμέραν
403 413 485 439 αὑτοῦ
495 412 734 446 λέγων,“Δπόλοιτο
751 413 767 448 ή
781 412 871 448 ἡμέρα
884 412 976 446 ἐκείνη
984 412 1013 438 ὲν

223 457 251 496 ᾗ,
261 458 338 485 εἷπον
347 459 505 493 ἐγεννήθην,
516 458 561 484 καὶ
572 459 589 493 ἡ
607 458 656 490 νὺξ
666 459 756 493 ἐκείνη
772 460 800 484 ὲν
842 456 930 484 show
946 457 1012 483 Ἰδοὺ

223 506 315 540 ἄρσεν.
334 504 367 530 'li
383 504 431 536 νὺξ
441 503 533 538 ἐκείνη
546 504 589 536 εἴη
606 504 710 535 σκότος,
726 503 774 530 καὶ
796 504 833 539 μὴ
847 504 1012 538 ἀναζητήσει

223 551 308 585 αὐτὴν
321 551 334 576 ό
349 549 449 584 Κύριος
467 550 581 581 ἄνωθεν,
601 550 667 585 μηδὲ
683 550 747 585 ἔλθῃ
761 551 803 576 ἐπ’
812 549 1012 584 αὺτὴνφὲγγος.

230 595 348 630 Ἑκλάϐη
357 595 386 621 δὲ
397 595 483 630 αὐτὴν
500 595 597 626 σκότος
608 595 656 621 καὶ
672 596 735 622 σκιὰ
745 596 872 622 θανάτου.
889 595 1013 622 Ἑπέλϐοι

223 641 268 667 ἐπ’
294 640 380 675 αὐτὴν
402 639 518 674 γνόφος·
537 639 708 674 καταραθείη
725 641 741 675 ἡ
757 641 861 675 ἡμέρα,
875 641 923 666 καὶ
935 641 951 674 ἡ
966 639 1013 673 νὺξ

224 685 325 720 ἐκείνη.
338 685 499 718 Ἐπενέγκει
513 684 597 719 αὐτὴν
612 685 718 716 σκότος,
734 684 771 720 μὴ
786 685 830 720 εἴη
853 685 892 716 εις
907 685 1014 720 ἡμέραν

223 733 298 758 ὲνιαυ
305 731 359 765 τοῦ,
374 732 440 767 μηδὲ
449 731 616 767 ἀριθμηθείη
630 732 669 763 εἰς
679 732 787 767 ἡμέραν
801 732 908 768 μηνῶν·
920 731 1013 767 ἀλλάἠ

224 777 272 809 νὺξ
281 777 372 812 ἐκείνη
385 778 427 811 εἴη
436 777 526 812 ὀδύνη,
543 777 612 812 μηδὲ
622 777 693 804 ἔλθοι
704 777 747 803 ἐπ’
756 777 841 813 αὐτὴν
849 777 1013 813 εὐφροσύνη,

229 822 293 858 μηδὲ
310 822 445 858 χαρμονὴ,
475 822 543 848 ἀλλὰ
556 823 742 857 καταράσεται
757 822 841 858 αὐτὴν
861 823 875 849 ό
888 823 1015 858 καταρώ-

1066 231 1120 256 lum
1142 231 1280 262 Aci-aron,
1297 239 1351 258 non
1368 231 1405 258 ita
1425 231 1491 259 lict:
1507 232 1541 258 de
1555 232 1657 259 lectulo
1672 240 1757 268 super
1770 241 1852 267 quem

1063 276 1226 308 ascendisti,
1248 283 1302 303 non
1331 276 1496 308 dcscendes.
1518 276 1567 304 scd
1581 282 1668 305 morte
1681 277 1823 305 morieris.
1837 285 1856 302 »ι

1097 361 1148 389 Job
1173 371 1214 396 Ill,
1232 363 1256 390 l.
1274 378 1309 383 -—
1335 373 1344 389 ι
1363 363 1478 399 Aperuit
1502 363 1553 392 Job
1571 372 1602 392 os
1619 372 1712 396 suum.
1727 370 1755 393 ct
1767 366 1852 395 male—

1063 405 1134 433 dixit
1149 407 1204 434 diei
1223 415 1289 439 suae,
1306 408 1404 436 dicens
1418 417 1424 435 :
1442 407 1539 436 Pereat
1555 409 1616 437 dies
1629 409 1676 436 illa
1696 410 1722 437 in
1737 418 1791 445 qua
1803 418 1851 437 na-

1065 458 1110 480 tus
1125 460 1198 484 sum.
1216 457 1244 480 ct
1260 462 1313 480 nox
1329 454 1388 486 illa,
1415 454 1443 481 in
1460 462 1513 489 qua
1531 455 1662 483 dixerunt
1677 466 1684 483 ε
1705 456 1794 485 Natus
1808 461 1851 484 est

1065 500 1216 526 masculus.
1230 499 1286 527 Nox
1309 500 1354 527 illa
1372 500 1491 528 tenebrae
1510 501 1559 533 sit,
1584 509 1636 529 nec
1651 503 1774 538 requirat
1789 511 1850 530 cam

1065 544 1197 572 Dominus
1215 546 1346 581 desuper,
1358 554 1448 582 neque
1464 547 1555 574 veniat
1570 555 1655 583 super
1667 556 1728 575 eam
1747 549 1849 577 lumen.

1064 591 1277 625 Apprchcndant
1294 596 1386 619 autem
1408 600 1468 620 eam
1483 593 1603 620 tenebrae
1622 597 1650 620 et
1665 594 1762 621 umbra
1777 602 1852 621 mor~

1065 637 1111 663 tis.
1131 635 1313 672 Superveniat
1334 637 1361 663 in
1388 645 1448 665 eam
1475 638 1574 673 caligo.
1599 639 1779 666 i'llaledicatur
1792 639 1851 666 dies

1064 689 1090 710 et
1107 691 1162 711 nox
1191 683 1250 710 illa.
1279 684 1421 719 Occupent
1446 691 1507 711 eam
1536 684 1668 718 tencbm,
1690 693 1740 712 nec
1766 685 1803 713 sit
1823 686 1850 712 in

1065 730 1136 757 diem
1160 730 1237 763 anni,
1266 738 1318 757 nec
1339 735 1517 766 computetur
1540 731 1611 758 inter
1626 731 1685 759 dies
1700 733 1849 760 mensium.

1066 775 1119 802 Sed
1135 783 1188 802 nox
1206 776 1253 802 illa
1268 775 1349 803 dolor
1366 776 1414 809 sit,
1429 784 1481 804 nec
1497 777 1590 803 veniat
1607 784 1690 811 super
1705 784 1764 804 eam
1783 778 1851 804 lzrti-

1067 820 1114 853 lia,
1130 828 1220 855 neque
1242 821 1392 856 gaudium;
1415 822 1463 849 sed
1480 821 1627 849 maledicat
1645 821 1684 848 illi
1700 822 1749 857 qui
1767 823 1852 850 malc-

225 854 434 903 {LE-V0;-:h[.i-£‘pd.v‘
450 867 569 902 ἐκείνην,
593 868 607 893 ὁ
630 854 742 902 -μέλλων
770 867 801 893 τὸ
819 854 904 902 ⁷μέγα
928 854 1011 903 κῆ-τος

1065 866 1130 894 dicit
1143 854 1209 898 diei,
1226 854 1272 902 qui
1291 871 1403 903 paratus
1428 871 1471 896 est
1487 875 1615 904 magnum
1635 873 1694 896 cete
1709 854 1769 897 ‘sibi
1787 869 1853 896 sub-

223 913 415 948 χειρώτατθαι.
433 913 587 948 Σκοτωθεξη
599 913 633 940 τὰ
657 913 746 948 ἄστρα
765 913 815 948 τῆς
829 913 927 945 νυκτὸς
938 913 1012 940 ὲκεί-

223 967 282 993 νης,
298 959 346 985 καὶ
374 959 413 990 εἰς
446 957 585 993 φωτισμὸν
602 957 640 994 μὴ
655 957 730 993 ἔλθῃ.
747 957 785 993 μὴ
809 958 858 984 ἴδοι
874 958 1013 994 ἑωσφόρον

223 1003 420 1034 ἀνατέλλοντα,
447 1003 489 1029 ὃτι
522 1002 552 1028 οὺ
584 1002 741 1029 συνέκλεισε
780 1003 867 1034 πύλας
896 1003 1014 1039 γαστρὸς

225 1049 328 1084 μητρός
342 1056 403 1083 μου,
420 1047 558 1083 ἀπήλλαξε
575 1048 630 1083 γὰρ
657 1047 690 1075 ἂν
705 1048 785 1075 πόνον
796 1048 851 1076 ἀπὸ
864 1048 1014 1084 ὀφθαλμῶν

225 1103 287 1128 μου.
310 1104 319 1120 ι

262 1148 271 1164 ι
292 1139 393 1174 Εῐησαν
413 1139 437 1166 οἱ
463 1138 555 1175 ἐχθροί
584 1148 654 1175 μου,
677 1139 772 1175 ὥσπερ
796 1139 813 1175 ἡ
837 1140 1014 1176 καταστροφὴ

224 1185 279 1211 τῶν
293 1185 409 1216 ἀσεϐῶν,
423 1185 471 1211 καὶ
484 1187 508 1211 oi
519 1185 728 1221 ἐπανιστάμενοι
738 1194 783 1222 μοι
799 1185 894 1221 ὥσπερ
909 1186 925 1221 ή
937 1186 1014 1213 ἀπώ-

225 1231 286 1257 λεια
299 1231 352 1258 τῶν
365 1231 542 1266 παρανόμων.
557 1240 568 1257 ι

265 1287 273 1302 ι
299 1276 408 1312 Ἡμέρα
420 1277 614 1311 συναντήσεται
637 1276 728 1307 αὐτοῖς
749 1276 854 1308 σκότος,
872 1276 904 1303 τὸ
918 1276 947 1303 δὲ
964 1284 1014 1310 με-

225 1322 376 1358 σημϐρινὸν
394 1322 587 1358 ψηλαφήσεται
600 1319 647 1348 ἶσα
667 1321 754 1348 νυκτί.
775 1321 930 1348 Ἀπόλοιντο
946 1322 972 1348 δὲ
986 1322 1015 1348 ὲν

225 1370 346 1404 πολέμῳ,
364 1368 567 1403 ὲκσιφωνηθεὶη
586 1368 703 1403 αὺτῶνὴ
721 1368 810 1403 ισχὺς.

262 1425 271 1440 ι
290 1416 347 1446 Πᾶς
373 1415 386 1441 ὁ
403 1413 459 1449 βίος
471 1413 589 1446 ἀσεϐοῦς
610 1415 640 1440 ὲν
664 1414 799 1450 φροντίδι’
814 1414 877 1440 ὅταν
889 1414 954 1449 δοκῇ
965 1413 1014 1449 ήδη

223 1459 386 1496 εἰρηνεύειν,
397 1459 458 1495 ἦξει
467 1459 541 1494 αὐτῷ
555 1460 572 1494 ἡ
585 1460 774 1494 καταστροφή,
791 1457 901 1486 Οἶδενέν
915 1459 1014 1494 ἑαυτῷ,

223 1506 265 1533 ὅτι
277 1505 352 1541 μένει
381 1506 420 1536 εἰς
447 1505 558 1539 πτῶμα,
579 1504 684 1540 Ἡμέρα
712 1504 740 1531 δὲ
766 1505 849 1531 αὑτοῦ
865 1505 990 1540 σκοτεινή
1006 1513 1014 1520 ·

223 1551 330 1585 ἀνάγκη
341 1550 369 1577 δὲ
381 1550 461 1576 αὑτὸν
476 1550 523 1576 καὶ
539 1549 627 1584 θλίψις
639 1549 761 1583 καθέξει,
786 1549 880 1586 ὥσπερ
896 1558 1014 1586 στρατη-

223 1593 475 1631 γδςίκριυτοστάτης
495 1593 603 1621 πίπτων
625 1595 667 1620 ὅτι
690 1591 757 1630 ἦρεν
774 1596 868 1630 χεῖρας
893 1595 1013 1622 ἐναντίον

222 1641 270 1668 τοῦ
279 1640 359 1672 Θεοῦ,
373 1639 494 1667 ἐναντίον
522 1640 550 1666 δὲ
568 1641 789 1676 παντοκράτορος
804 1641 1012 1676 ὲτραχηλίασεν.

222 1687 368 1722 Δὺλισθείη
388 1686 416 1713 δὲ
440 1686 481 1718 εις
509 1686 602 1718 πόλεις
627 1687 767 1722 ἐρήμους·
783 1687 899 1713 εῑσὲλθοι
926 1687 954 1714 δὲ
973 1688 1014 1720 εις

222 1732 314 1764 οἴκους
339 1732 493 1766 ἀοικήτους.
528 1732 562 1758 "A
590 1731 618 1757 δὲ
641 1732 741 1758 ἐκεῖνοι
769 1731 904 1767 ἐθέρισαν,
938 1732 1013 1759 ἄλλοι

222 1777 395 1805 ἀποισονταιο
416 1775 480 1802 οὒτε
521 1776 560 1812 μὴ
587 1775 752 1811 πλουτισθῇ,
775 1775 838 1802 οὔτε
867 1776 906 1812 μὴ
933 1777 1012 1813 μείνῃ

222 1823 306 1850 αὑτοῦ
337 1824 373 1850 τὰ
400 1824 567 1859 ὑπάρχοντα.
584 1823 622 1849 Οὐ
653 1822 690 1858 μὴ
715 1822 800 1860 βάλλῃ
826 1824 872 1850 ἐπὶ
897 1823 945 1858 τὴν
961 1825 1013 1858 γῆν

224 1869 314 1903 σκιὰν,
330 1869 389 1896 οὐδὲ
409 1870 446 1905 μὴ
461 1869 569 1905 ἐκφύγῃ
593 1869 624 1895 τὸ
640 1869 748 1900 σκότος.
766 1869 819 1895 Τὸν
836 1869 950 1904 βλαστὸν
965 1869 1013 1896 αὐ-

222 1914 270 1941 τοῦ
283 1914 392 1950 μαράνῃ
408 1914 518 1949 ἄνομος,
533 1912 644 1939 ἐκπέσοι
653 1913 682 1939 δὲ
696 1912 779 1940 αὑτοῦ
794 1913 824 1940 τὸ
838 1913 928 1945 ἄνθος.
940 1913 1012 1940 Κενὰ

223 1959 393 1994 ἀποϐήσεται
404 1957 489 1993 αὐτῷ.
508 1957 540 1985 Ἡ
555 1959 626 1993 τομὴ
642 1957 725 1984 αὑτοῦ
750 1957 803 1993 πρὸ
820 1957 895 1993 ὥρας
907 1958 1012 1994 φθαρή-

224 2014 311 2036 σεται,
325 2005 373 2031 καὶ
387 2005 401 2031 ὁ
415 2004 551 2039 ράδαμνος
571 2003 654 2030 αὑτοῦ
674 2003 706 2030 οὗ
729 2004 768 2040 μὴ
787 2004 924 2040 πυκνάσῃ.
941 2005 1012 2041 Τρυ-

223 2052 320 2088 γηθειη
331 2051 359 2078 δὲ
372 2050 467 2086 ὥσπερ
491 2049 583 2085 ϐμφαξ
601 2050 654 2086 πρὸ
668 2049 743 2086 ὧρας
759 2058 767 2065 ·
783 2050 894 2077 ὲκπέσοι
921 2050 950 2078 δὴ
972 2050 1011 2083 ὡς

224 2099 302 2130 ἄνθος
315 2097 407 2129 ἐλαίας
420 2105 428 2114 ’
451 2097 601 2133 μαρτύριον
617 2097 671 2132 γὰρ
687 2096 801 2128 ἀσεϐοῦς
823 2097 954 2130 θάνατο;.“
967 2098 1011 2126 Ἑν

224 2143 322 2178 γαστρὶ
335 2142 449 2178 λήψεται
475 2141 587 2173 ὀδύνας·
610 2142 779 2177 ἀποϐήσεται
798 2141 873 2178 αὐτῷ
900 2143 976 2177 κενὰ,
992 2145 1010 2180 ἠ

223 2189 250 2215 δὲ
263 2188 351 2216 κοιλια
359 2187 439 2214 αὐτοῦ
457 2186 563 2214 ὑποίσει
577 2187 680 2220 δόλους.
702 2197 711 2214 t

260 2288 268 2304 I
287 2278 346 2310 Φῶς
359 2277 465 2304 ἀσεϐῶν
485 2277 676 2313 σϐεσθήσεται,
701 2278 749 2304 καὶ
766 2277 815 2304 οὐκ
839 2277 1010 2314 ἀποϐήσεται

222 2323 341 2358 αὺτῶνή
356 2322 432 2357 φλόξ.
446 2322 637 2358 Θηρεύσαισαν
653 2321 789 2357 ἐλάχιστοι
801 2322 834 2348 τὰ
854 2323 1010 2359 ὑπάρχοντα

222 2369 322 2396 αὐτῶν.
339 2369 522 2404 Ἐμϐἐϐληται
537 2369 551 2395 ὁ
568 2368 637 2400 ποῦς
649 2367 739 2395 αὐτῶν
754 2369 783 2395 ὲν
799 2368 903 2402 παγίδι,
919 2368 965 2396 καὶ
980 2370 1010 2395 ὲν

221 2415 320 2450 δικτύῳ
334 2414 465 2450 ἐλιχθείη.
476 2414 620 2441 Ἐλθοισαν
628 2413 671 2441 ἐπ’
680 2414 762 2441 αὐτὸν
775 2414 896 2448 παγίδες.
907 2414 1009 2450 Πτῶμα

221 2461 249 2488 δὲ
263 2460 336 2496 αὐτῷ
348 2461 508 2496 έτοίμασται
531 2460 659 2493 ἐξαίσιον.
692 2460 841 2488 Κατέδεται
863 2460 898 2487 τὰ
919 2461 1009 2496 ὡραῖα

221 2507 304 2533 αὑτοῦ
316 2507 428 2538 θάνατος
441 2515 449 2522 ·
464 2507 724 2542 κατασπαρήσονται
739 2506 773 2532 τὰ
789 2507 913 2541 εὐπρεπῆ
925 2506 1007 2533 αὑτοῦ

221 2552 296 2587 θείῳ.
305 2551 498 2579 ’Υποκάτωθεν
508 2551 591 2578 αὑτοῦ
602 2552 630 2578 αἰ
643 2551 715 2586 ῥίζαι
724 2552 755 2587 Et}
761 2552 949 2588 ρανοὴσονται,
961 2552 1010 2579 καὶ

220 2597 361 2625 ὲπάνωθεν
379 2597 460 2625 αὐτοῦ
492 2599 664 2625 ἐπιπεσεῖται
703 2597 832 2632 θερισμὸς
857 2597 950 2624 αὑτοῦ.
972 2597 1009 2624 Τὸ

222 2644 395 2680 μνημόσυνον
421 2643 504 2671 αὐτοῦ
532 2643 659 2670 ἀπόλοιτο
686 2644 717 2669 ἐκ
738 2643 788 2679 τῆς
809 2644 871 2678 γῆς.
897 2643 1008 2680 Ἀπώσῃ

220 2690 301 2718 αὑτὸν
325 2691 357 2716 ἐκ
387 2690 475 2722 φωτὸς
488 2690 527 2720 εἰς
545 2690 654 2722 σκόπος,
675 2689 725 2715 οὐκ
745 2689 821 2716 ἔσται
837 2691 1008 2726 σεσωσμένος

220 2737 260 2768 ei;
270 2736 318 2772 τὴν
331 2736 376 2762 ὑπ’
388 2736 502 2771 οὺρανδν
512 2736 526 2761 ό
542 2733 615 2767 οἶκος
632 2735 726 2765 αὑτοῦ,
744 2735 802 2761 ἀλλ’
813 2737 842 2762 ἑν
855 2736 911 2767 τοῖς
924 2736 1006 2762 αὑτοῦ

219 2781 348 2817 ζήσονται
371 2781 460 2816 ἕτεροι
475 2787 481 2795 ·
507 2777 579 2807 οὖτοὶ
609 2780 677 2806 εἰσιν
692 2778 760 2805 οἶκοι
780 2779 892 2812 ἀδίκων,
903 2778 978 2812 οὗτος
993 2781 1007 2807 ὁ

211 2827 301 2858 «τόπος
311 2827 364 2853 τῶν
379 2826 416 2863 μὴ
437 2827 544 2853 ἰδόντων
562 2826 607 2852 τὸν
623 2825 733 2860 Κύριον.
748 2836 756 2852 ι

1061 912 1159 948 jicerc.
1173 911 1400 940 Obtcnebrentur
1419 912 1506 940 stellae
1530 913 1621 940 noctis
1645 913 1730 945 illius.
1753 921 1803 941 nec
1818 914 1852 940 ad

1065 957 1276 985 illuminandum
1306 958 1442 986 veniant:
1458 965 1510 986 nec
1524 958 1614 986 videat
1630 958 1775 986 luciferum
1791 966 1854 986 sur-

1063 1006 1184 1038 gentem,
1199 1003 1330 1038 quoniam
1347 1011 1402 1032 non
1419 1004 1519 1032 clausit
1528 1009 1623 1039 portas
1637 1005 1743 1033 ventris
1758 1006 1854 1035 matris

1065 1056 1142 1076 mete.
1163 1048 1281 1085 Migrare
1303 1050 1404 1085 quippe
1423 1049 1539 1078 fecisset
1561 1049 1684 1078 laborem
1703 1050 1738 1078 ab
1761 1051 1854 1077 oculis

1064 1100 1145 1121 “1018.
1165 1103 1174 1119 1

1099 1137 1151 1165 Job
1178 1146 1265 1171 xxv",
1286 1139 1315 1166 7.
1330 1148 1397 1165 -λι
1414 1139 1477 1167 Sint
1499 1138 1604 1167 inimici
1629 1139 1682 1167 mei
1700 1139 1773 1167 sicut
1787 1139 1854 1168 sub-

1065 1184 1159 1211 versio
1174 1185 1334 1220 impiorum,
1351 1189 1379 1213 et
1394 1185 1421 1212 in
1443 1193 1487 1213 me
1505 1185 1693 1221 insurgentes,
1715 1191 1745 1213 ut
1761 1185 1854 1221 perdi-

1065 1230 1103 1256 tio
1121 1229 1292 1264 iniquornnt.
1310 1239 1319 1255 ι

1099 1274 1151 1301 Job
1166 1283 1192 1308 ν,
1221 1275 1248 1307 5,
1274 1276 1318 1302 14.
1333 1291 1366 1295 -
1381 1284 1390 1301 ι
1409 1274 1461 1302 Per
1487 1275 1559 1304 diem
1582 1281 1730 1303 occurrent
1758 1277 1799 1305 eis
1814 1281 1855 1304 te-

1065 1320 1166 1353 nebrae,
1182 1326 1210 1348 at
1225 1321 1251 1347 in
1268 1320 1382 1348 meridie
1395 1321 1507 1356 palpent
1521 1322 1600 1356 quasi
1618 1321 1645 1349 in
1667 1326 1759 1350 nocte.
1778 1322 1830 1350 Per
1843 1337 1854 1342 -

1064 1370 1128 1394 eant
1143 1366 1169 1393 in
1190 1367 1261 1394 bello
1278 1376 1284 1394 :
1305 1367 1491 1395 absorbeatur
1507 1375 1604 1397 eorum
1625 1367 1769 1397 fortitudo.
1792 1377 1802 1394 ι

1099 1412 1151 1440 Job
1172 1421 1218 1445 xv,
1240 1412 1336 1440 (ἐι-55.
1357 1427 1379 1431 -
1403 1423 1413 1439 ι
1430 1413 1528 1441 Omnis
1545 1414 1600 1440 vita
1625 1413 1702 1449 impii
1729 1415 1755 1443 in
1775 1422 1853 1443 cura.

1065 1457 1134 1485 Cum
1153 1458 1230 1486 visus
1256 1457 1339 1485 fuerit
1355 1457 1412 1493 jam
1437 1458 1465 1485 in
1488 1466 1555 1493 pace
1581 1466 1671 1494 agere,
1686 1460 1778 1487 veniet
1793 1460 1855 1495 ejus

1067 1501 1222 1529 subversio.
1249 1500 1331 1528 Novit
1358 1502 1385 1528 in
1407 1510 1436 1530 se
1451 1503 1526 1537 quod
1549 1507 1660 1530 maneat
1684 1504 1717 1531 ad
1731 1505 1853 1537 ruinam.

1067 1513 1222 1529 διιυνιπδιυ.
1249 1513 1331 1528 ινυνιι
1358 1513 1385 1528 Ill
1407 1513 1436 1530 SC
1451 1513 1526 1537 quoa
1550 1513 1660 1530 lllillleal
1684 1513 1717 1531 aa
1731 1513 1794 1531 rum
1817 1514 1853 1532 111-

1066 1546 1129 1574 Dics
1150 1550 1242 1573 autem
1267 1546 1328 1580 ejus
1354 1547 1498 1574 lcnebrosa
1517 1556 1524 1574 :
1544 1549 1700 1576 necessitas
1716 1513 1814 1578 ιπηιθέ
1826 1555 1854 1578 et

1065 1592 1209 1619 tribulatio
1234 1591 1324 1626 ipsum
1343 1592 1567 1627 comprehendet,
1594 1594 1667 1621 sicut
1684 1595 1739 1621 dux
1757 1596 1855 1630 praefo-

1064 1641 1125 1665 ctus
1139 1637 1260 1665 cadens:
1278 1637 1410 1672 quaniam
1436 1639 1550 1666 sustulit
1567 1647 1663 1667 manus
1686 1647 1779 1668 coram
1801 1641 1855 1669 Do-

1064 1683 1151 1716 mino,
1169 1687 1197 1710 et
1212 1687 1308 1710 contra
1332 1683 1556 1719 Olnnipotentem
1581 1686 1718 1713 cervicem
1741 1687 1855 1715 indura-

1064 1729 1113 1755 vit.
1135 1728 1246 1756 Habitct
1266 1729 1393 1757 civitates
1409 1729 1552 1758 desertas:
1573 1731 1744 1765 ingrediatur
1755 1733 1854 1763 domos

1063 1774 1244 1802 inltabitalas.
1269 1773 1336 1807 Quae
1358 1781 1424 1802 vero
1446 1775 1690 1808 illimcssuerunt,
1709 1777 1755 1804 alii
1776 1778 1853 1805 aui‘e-

1064 1824 1125 1847 rent
1142 1829 1149 1847 :
1168 1828 1258 1855 neque
1273 1821 1404 1852 ditescat.
1426 1828 1517 1856 neque
1532 1826 1662 1849 maneant
1685 1822 1746 1857 ejus
1762 1823 1852 1853 facul-

1064 1870 1145 1893 tates.
1165 1866 1224 1894 Non
1241 1867 1334 1894 mittat
1357 1867 1384 1894 in
1402 1871 1476 1894 terra
1497 1868 1635 1900 umbram,
1652 1876 1743 1903 neque
1764 1869 1852 1904 fugiat

1063 1911 1200 1939 tenebras.
1221 1911 1337 1939 Germcn
1353 1911 1413 1946 ejus
1436 1911 1586 1940 tabefaciat
1607 1917 1722 1947 ventus;
1738 1913 1852 1942 decidat

1063 1962 1153 1985 autem
1166 1957 1227 1992 ejus
1249 1957 1309 1985 llos.
1328 1956 1423 1984 lnania
1448 1957 1575 1986 accident
1602 1960 1637 1987 ei.
1663 1959 1766 1989 lncisio
1789 1961 1850 1995 ejus

1062 2008 1126 2030 ante
1139 2007 1248 2038 tempus
1263 2007 1469 2038 corrumpetur,
1490 2007 1517 2030 et
1532 2011 1627 2032 ramus
1650 2005 1712 2040 ejus
1730 2013 1784 2033 non
1804 2006 1850 2034 ile.

1062 2048 1144 2076 rcbit.
1164 2048 1351 2076 Vindemietur
1370 2048 1446 2075 velut
1459 2048 1548 2084 prima
1566 2057 1619 2076 uva
1643 2055 1706 2078 ante
1721 2055 1847 2088 tempus:

1061 2095 1171 2122 decidat
1198 2099 1292 2123 autem
1318 2095 1391 2122 sicut
1405 2093 1455 2123 flos
1470 2094 1560 2123 olivae.
1581 2095 1783 2124 Testimonium
1797 2105 1848 2128 au-

1062 2145 1117 2169 tem
1139 2141 1226 2177 impii,
1251 2149 1335 2169 mors.
1351 2140 1382 2169 in
1406 2146 1501 2169 ventre
1523 2142 1614 2178 capiet
1635 2142 1758 2171 dolores.
1777 2143 1850 2172 Eve-

1026 2193 1048 2222 ι)
1063 2187 1140 2214 nient
1168 2186 1192 2214 ci
1218 2194 1287 2214 vana
1305 2195 1312 2214 :
1329 2190 1424 2214 venter
1444 2190 1537 2214 autem
1560 2186 1620 2222 ejus
1632 2188 1782 2216 sustinebit
1800 2189 1851 2217 do-

1061 2233 1114 2261 los.
1131 2243 1141 2260 ι

1096 2279 1147 2307 Job
1178 2287 1258 2312 mn,
1278 2279 1352 2307 6-2].
1368 2289 1427 2306 -ι
1446 2279 1553 2308 Lumen
1575 2279 1722 2315 impiorum
1747 2282 1851 2309 exstin-

1060 2332 1170 2363 guetur,
1186 2331 1214 2355 et
1227 2335 1283 2354 non
1310 2328 1419 2356 eveniet
1439 2335 1536 2356 eorum
1565 2327 1685 2357 ﬂamma.
1706 2327 1851 2356 Venentur

1060 2370 1167 2397 minimi
1193 2369 1342 2397 facultates
1360 2376 1468 2398 eorum.
1494 2370 1661 2397 lmmittatur
1679 2377 1726 2405 pes
1741 2370 1802 2405 ejus
1822 2371 1849 2398 in

1061 2416 1170 2452 laqueo,
1202 2418 1304 2443 ctua
1331 2415 1502 2443 involvatur.
1533 2415 1652 2443 Veniant
1675 2423 1759 2450 super
1787 2423 1848 2444 eum

1060 2462 1160 2496 laquei.
1188 2460 1279 2488 Ruina
1299 2465 1390 2489 autem
1412 2461 1437 2488 ei
1458 2465 1612 2496 praeparata
1637 2465 1680 2488 est
1706 2461 1847 2489 immanis.

1059 2507 1194 2535 Comcdet
1213 2506 1330 2541 pulchra
1344 2505 1404 2541 ejus
1421 2513 1496 2533 mors
1510 2514 1516 2532 ε
1533 2506 1726 2541 dispergenlur
1746 2506 1847 2534 decen-

1059 2555 1097 2580 tia
1114 2553 1173 2588 ejus
1187 2553 1215 2580 in
1231 2553 1376 2587 sulphure.
1392 2551 1525 2579 Deorsum
1549 2551 1655 2579 radices
1679 2551 1740 2586 ejus
1758 2552 1847 2580 sicca-

1060 2599 1173 2630 buntur.
1192 2603 1219 2626 et
1237 2606 1347 2626 sursum
1370 2603 1483 2625 corruet
1508 2598 1607 2625 messis
1625 2597 1696 2632 ejus.
1714 2597 1847 2626 Memoria

1058 2647 1120 2680 ejus
1139 2646 1174 2673 de
1195 2652 1265 2673 terra
1286 2651 1388 2681 pereat.
1416 2645 1538 2681 Expellat
1554 2653 1616 2672 cum
1634 2645 1667 2672 de
1685 2645 1744 2672 luce
1760 2645 1788 2672 in
1805 2650 1846 2672 te-

1059 2691 1171 2719 nebras.
1189 2691 1247 2719 Non
1264 2692 1317 2719 crit
1334 2691 1441 2719 salvata
1460 2691 1486 2718 in
1503 2690 1616 2726 regione
1630 2697 1691 2724 qua:
1710 2690 1762 2718 sub
1775 2690 1847 2718 Melo

1059 2741 1111 2777 est.
1130 2736 1228 2765 domus
1244 2737 1322 2772 ejus;
1338 2737 1385 2764 scd
1402 2738 1428 2764 in
1445 2736 1529 2763 rebus
1545 2736 1606 2771 ejus
1620 2736 1712 2762 vivent
1728 2735 1785 2762 alii.
1800 2735 1847 2763 ila

1059 2787 1123 2808 sunt
1146 2783 1243 2811 domus
1274 2783 1439 2818 injustorum
1462 2793 1469 2811 :
1490 2782 1533 2811 hic
1556 2783 1632 2811 locus
1658 2781 1844 2817 ignorantium

1059 2827 1219 2856 Dominum.
1238 2839 1246 2855 ι
