2080 3111
243 125 310 159 1191

241 228 460 264 cogitationibus
476 228 545 256 suis.
564 236 574 254 ι

278 274 353 301 Ptal.
372 280 410 304 vt,
428 272 470 299 t0.
484 287 519 292 --
533 281 542 298 ι
559 271 770 300 Confundautur
783 277 813 301 et
831 274 1034 302 conturbantur

241 327 340 347 omnes
359 318 464 346 inimici
484 318 548 345 mei.
571 328 580 344 ι

277 366 354 393 Paul.
375 372 472 399 uxtx,
496 365 540 392 15.
557 379 594 386 -υ
607 374 617 391 ε
641 364 854 394 Confundantnr
872 371 900 395 et
917 375 1034 395 conver-

241 415 342 438 tantur
359 411 406 447 qui
422 415 550 447 qttaerunt
567 411 687 439 animam
704 420 803 441 meam.
822 422 832 439 ι

275 457 355 492 351
379 457 453 484 Paul.
473 465 551 489 Lvm,
577 458 608 491 9,
627 457 671 484 12.
696 472 732 478 -
757 467 766 484 ‹
785 458 845 486 Non
868 459 1032 486 miserearis

240 504 370 531 omnibus
392 505 440 540 qui
465 509 619 539 operantur
648 504 836 540 iniquitatem.
855 505 928 533 Deus
954 513 1034 533 mens

240 550 371 578 ostendet
385 550 452 578 mihi
469 558 554 586 super
571 551 701 579 inimicos
717 558 793 579 meos
811 561 818 579 :
834 559 868 580 ne
884 552 1007 579 occidas.
1023 563 1030 576 ι

277 596 356 624 Pa‘al.
374 604 469 629 uvm,
481 596 527 624 22.
545 613 580 617 —
599 606 608 624 ι
625 596 687 624 Fiat
709 605 804 626 mensa
820 605 916 626 eortun
938 606 1031 626 coram

240 641 309 676 ipsis
327 642 355 668 in
370 641 512 676 laqueum.
532 651 542 668 )

276 686 354 715 Paul.
375 687 520 720 Lxxvnt,6
546 703 581 709 —
605 697 614 714 ι
635 687 752 717 Eﬂ‘unde
781 696 866 724 super
890 697 938 718 eos
963 689 1032 717 iram

240 739 317 761 tuam
332 743 340 767 ;
358 735 385 761 in
407 739 504 769 gentes
522 736 568 770 qui
586 739 614 763 te
629 743 684 763 non
704 741 850 764 noverunt.
869 746 879 763 ι

276 779 355 806 Ρδαί.
371 787 478 812 Luxu,
494 780 592 813 14,17.
611 795 647 800 -
664 791 674 807 ι
694 780 766 810 Dens
780 790 870 819 meus,
883 790 954 818 pone
969 783 1033 811 illos

240 831 270 853 ut
287 831 389 857 rotam.
406 827 480 854 sicut
493 827 626 863 stipulam
644 833 707 855 ante
728 827 826 855 faciem
840 829 926 857 venti.
948 828 1034 864 imple

240 871 326 898 facies
342 879 437 899 eorum
452 872 615 907 ignominia,
633 877 661 901 et
677 878 811 908 quzerant.
832 883 841 900 ι

276 918 352 946 Ρδιιί.
382 926 460 950 cvm,
485 919 528 950 ΓΙ,
545 919 591 946 29.
604 935 640 940 —
660 929 669 944 ι
687 919 780 947 Noluit
799 921 1032 955 benedictionem,

240 969 267 990 et
277 964 450 999 elongabitur
460 964 495 991 ab
506 971 549 992 eo.
563 965 718 993 lnduantur
728 965 776 1001 qui
792 966 944 995 detrahunt
953 968 1032 1000 mihi.

241 1008 358 1044 pudore.
374 1018 383 1035 ι

278 1054 353 1082 Psal.
371 1064 398 1087 x,
412 1055 455 1083 15.
474 1071 506 1077 -
523 1066 531 1082 ι
555 1057 672 1085 Contere
686 1057 829 1086 brachium
845 1062 997 1095 peccatoris
1008 1067 1035 1090 et

245 1101 370 1136 maligni.
387 1110 396 1126 ι

278 1148 355 1174 Parit.
372 1155 446 1179 μιν,
463 1148 490 1176 5.
504 1163 539 1168 ——
557 1159 566 1175 ι
580 1148 797 1178 Confundantur
819 1158 917 1179 omnes
940 1151 1036 1188 inique

242 1198 356 1227 agentes
372 1202 557 1229 supervacue.
579 1205 588 1221 Ι

274 1238 340 1265 Osee
362 1247 400 1272 ix,
426 1239 469 1267 14.
487 1255 520 1260 -
537 1249 546 1266 ι
563 1241 600 1267 Da
620 1241 673 1274 eis,
696 1241 821 1275 Domine,
848 1243 957 1271 vulvam
973 1243 1035 1271 sine

241 1285 351 1317 liberis,
363 1291 389 1313 et
406 1285 492 1313 ubera
507 1287 624 1314 arentia.
640 1297 649 1313 ι

260 1327 335 1358 Ἰδιι.
353 1339 394 1364 ιιι,
412 1332 459 1359 24.
475 1347 510 1352 —-
529 1341 538 1358 ι
557 1332 591 1359 Ει
613 1333 666 1360 erit
686 1333 768 1362 vobis
786 1342 837 1369 pro
850 1334 929 1362 suavi
950 1335 1036 1364 odore

242 1378 312 1404 letor
327 1386 335 1404 :
352 1381 379 1405 et
401 1385 452 1413 pro
476 1385 545 1405 zona
567 1379 632 1406 fune
662 1379 784 1414 cinget-is
803 1388 810 1407 :
826 1384 854 1407 et
870 1388 921 1416 pro
935 1385 1035 1408 ornatu

242 1424 342 1459 capitis
359 1432 454 1458 aureo,
472 1424 617 1452 calvitium
631 1429 746 1460 propter
761 1433 845 1462 opera
859 1431 906 1454 tua
925 1436 932 1454 :
947 1432 974 1455 et
986 1435 1035 1462 pro

243 1471 339 1497 tunica
353 1470 461 1497 elavata
475 1478 611 1506 purpura,
630 1471 760 1508 accinges
774 1480 900 1500 saccum.
917 1473 950 1501 Et
962 1474 1035 1502 ﬁlius

240 1519 310 1550 tu;
326 1517 542 1551 pulcherrimus,
559 1525 640 1552 quem
662 1517 767 1554 diligis,
793 1519 886 1555 gladio
905 1520 994 1553 cadet,
1008 1525 1036 1548 et

243 1562 328 1590 fortes
345 1562 429 1590 vestri
452 1562 546 1598 gladio
564 1563 703 1598 peribunt.
729 1564 762 1591 Et
777 1565 945 1601 relinqueris
963 1566 1034 1599 sola,

242 1612 270 1634 et
288 1607 315 1634 in
330 1613 430 1635 terram
446 1609 643 1643 prosterneris.
661 1618 670 1636 ι

279 1697 294 1723 1
310 1696 382 1725 Tim.
396 1705 433 1729 tv,
451 1697 494 1724 M.
509 1712 543 1717 --
555 1707 564 1723 ι
581 1697 737 1726 Alexander
747 1699 864 1727 aerarius
881 1700 966 1727 mttlta
979 1709 1034 1728 ma-

243 1743 269 1770 la
288 1743 354 1770 milii
384 1743 514 1771 ostendit.
539 1743 645 1772 Reddet
666 1744 705 1772 illi
729 1744 863 1773 Dominus
882 1747 1035 1774 secundum

243 1796 327 1824 opera
343 1796 406 1816 sua.
427 1798 436 1814 ι

262 1844 330 1871 ΤΙΤ.
351 1843 432 1871 XVII.
454 1844 540 1881 frDar
561 1845 593 1872 iis
614 1845 788 1881 quiriujuria
806 1847 1018 1881 a/ﬁciuntur:et

402 1879 472 1915 quod
489 1880 553 1913 ipsis
568 1879 643 1913 opem
659 1879 729 1914 ferre
748 1879 877 1916 oportéat.

281 1926 367 1953 Exod.
379 1934 409 1956 ιι,
421 1926 431 1951 1
442 1926 463 1951 l.
476 1940 508 1945 —-
522 1935 530 1951 ι
545 1925 572 1952 ln
590 1925 688 1954 diebus
703 1926 767 1958 illis.
781 1935 843 1954 cum
865 1928 977 1963 grandis
991 1936 1038 1956 es-

246 1977 288 1999 set
307 1972 397 1999 factus
413 1971 534 2007 Moyses,
551 1972 638 1999 exivit
654 1972 686 1998 ad
704 1973 802 2000 fratres
818 1981 886 2001 suos
903 1973 974 2001 ﬁlios
998 1974 1037 2002 ls-

245 2018 312 2046 rael.
340 2017 530 2045 Considerans
551 2022 645 2045 autetn
675 2018 796 2046 laborem
828 2027 936 2052 eorum,
963 2019 1038 2048 videt

243 2063 384 2091 hominem
410 2063 569 2100 Egyptium
592 2064 783 2092 verberantem
815 2062 961 2100 quemdam
985 2064 1037 2093 He-

246 2109 348 2136 braeum
372 2109 406 2136 de
430 2109 567 2136 fratribus
585 2109 643 2137 suis
657 2109 735 2142 .ﬁliis
755 2110 848 2138 Israel.
870 2110 1038 2147 Circumspi-

247 2155 325 2182 ciens
342 2159 434 2182 autem
454 2155 509 2182 huc
525 2159 553 2182 et
570 2155 646 2188 illnc,
662 2155 798 2183 neminem
816 2157 889 2184 videt
906 2166 912 2184 :
929 2162 955 2184 et
973 2165 1037 2192 per-

817 125 848 157 S.
868 126 1027 158 JOANNIS
1048 126 1261 159 DAMASCENI

278 182 354 210 Psat.
381 191 404 210 ν.
422 182 465 209 Η.
488 196 519 202 -
541 190 550 207 ι
566 180 662 208 .ludica
678 180 751 215 illos,
767 180 850 210 Deus.
867 181 1000 209 Decidant
1019 190 1033 209 ιι

1124 192 1134 209 ‹
1152 185 1252 219 Κρῖνον
1264 185 1363 217 αὐτοὺς
1377 185 1391 211 ὁ
1402 185 1469 216 Θεό;
1486 193 1492 200 ·

1810 130 1879 168 1192

1520 185 1738 214 ἁποπεσάτωσαν
1756 187 1810 215 ἀπὸ
1822 189 1876 216 τῶν

1084 230 1246 258 meeum»;
1264 231 1366 259 αὐτῶν,
1382 241 1391 257 ι

1118 284 1128 301 ι
1143 275 1360 312 Αίσχυνθείησαν
1377 297 1384 308 ,
1407 277 1453 303 καὶ
1480 277 1686 314 ταραχθείησαν
1720 280 1822 314 πάντες
1852 283 1877 309 σί

1084 320 1177 357 ἐχθροί
1195 329 1257 356 μου.
1276 332 1286 348 ι

1123 375 1132 392 t
1151 367 1380 404 Δίσχυνϐείησαν,
1399 370 1447 396 καὶ
1475 370 1675 408 ὲντραπείησαν
1696 373 1720 399 οι
1731 372 1876 408 ζητοῦντες

1083 413 1134 448 τὴν
1145 413 1235 450 ψυχήν
1245 423 1309 450 μου.
1327 425 1336 442 ι

1123 467 1132 484 t
1150 458 1196 494 Μὴ
1209 459 1392 496 οίκτειρήσεις
1408 460 1512 493 πάντας
1531 462 1594 494 τοὺς
1609 463 1811 498 ἐργαζομένους
1827 464 1875 500 τὴν

1084 503 1210 539 ἀνομίαν.
1233 505 1263 531 '0
1277 505 1345 538 Θεός
1361 515 1412 542 μου
1425 507 1506 540 δείξει
1521 516 1566 543 μοι
1579 509 1608 535 ὲν
1623 510 1678 541 τοῖς
1690 510 1798 545 ἐχθροῖς
1812 517 1875 545 μου·

1086 551 1124 586 μὴ
1136 551 1312 587 ἀποκτείνῃς.
1328 561 1339 578 ι

1122 605 1132 622 t
1149 595 1320 633 Γενηθήτωὴ
1339 597 1465 633 τράπεζα
1480 598 1570 626 αὐτῶν
1589 599 1705 628 ὲνὼπιον
1727 601 1816 628 αὐτῶν
1835 602 1875 635 εἰς

1086 636 1198 679 παγίδα.
1219 652 1228 669 ι

1123 697 1132 713 ι
1153 688 1267 723 Ἔκχεον
1282 690 1326 716 ἐπ’
1340 689 1439 722 αὐτοὺς
1459 690 1509 726 τὴν
1523 690 1607 727 ὀργήν
1619 699 1677 725 σου,
1691 692 1738 718 ἐπὶ
1751 694 1795 720 λτὰ
1812 693 1876 730 ἔθνη

1086 734 1123 770 μὴ
1139 734 1309 769 γινώσκοντά
1324 743 1364 763 σε.
1383 744 1393 761 ι

1123 789 1133 805 ι
1156 780 1186 806 Ὀ
1200 779 1266 812 Θεός
1279 788 1342 814 μου,
1363 780 1409 807 Θοῦ
1427 781 1527 813 αὐτοὺς
1540 782 1578 814 ὼς
1602 784 1716 819 τροχὸν,
1738 784 1776 816 ὼς
1791 784 1887 812 καλὰ-κ

1086 834 1140 862 μην
1153 826 1224 853 κατὰ
1234 826 1380 861 πρόσωπον
1392 827 1504 862 ἀνέμου.
1521 827 1669 864 Πλήρωσον
1683 829 1718 857 τὰ
1737 831 1874 866 πρόσωπα

1049 869 1070 897 Β
1084 871 1176 899 αὐτῶν
1187 872 1309 906 ἀτιμίας,
1327 873 1374 899 καὶ
1387 872 1562 907 ζητήσουσιν.
1581 883 1590 900 ι

1122 926 1131 943 ι
1150 917 1207 944 Οὐκ
1237 917 1371 954 ἠθέλησεν
1399 919 1541 954 εὐλογίαν,
1576 920 1623 948 καὶ
1649 921 1873 957 μακρυνοήσεται

1084 963 1132 991 ἀπ’
1145 963 1240 991 αὑτοῦ.
1265 964 1487 992 Ἐνδυσάσοωσαν
1497 965 1522 992 οι
1543 965 1762 999 ἐνδιαϐάλλοντές
1784 976 1816 1002 με
1833 969 1876 994 ὲν-

1084 1011 1200 1046 τροπήν.
1223 1020 1232 1036 ι

1122 1067 1132 1083 ι
1151 1057 1300 1094 Σύντριψον
1313 1058 1359 1086 τὸν
1378 1058 1509 1095 βραχίονα
1523 1058 1570 1086 τοῦ
1582 1059 1746 1095 ἁμαρτωλοῦ
1765 1060 1811 1088 καὶ
1826 1069 1875 1090 πο·

1084 1105 1179 1140 νηροῦ.
1198 1114 1207 1130 ι

1124 1160 1133 1177 ι
1154 1150 1384 1186 Αἰσχυνθήτωσαν
1398 1151 1423 1179 οἱ
1438 1150 1603 1188 ἀνομοῦντες
1617 1151 1662 1180 διὰ
1678 1153 1771 1189 κενῆς.
1792 1162 1802 1179 ι

1124 1249 1133 1266 ε
1154 1240 1204 1272 Δὸς
1216 1240 1318 1271 αὐτοῖς,
1337 1238 1435 1275 Κύριε,
1448 1239 1555 1275 μήτραν
1570 1239 1749 1272 ἀτεκνοῦσαν,
1764 1240 1811 1267 καὶ
1824 1249 1875 1276 μαι

1086 1286 1165 1317 «ob;
1180 1285 1288 1321 ξηρούς.
1309 1294 1318 1311 ι

1123 1341 1134 1358 t
1155 1332 1252 1359 Ἔσται
1269 1332 1333 1367 ὑμῖν
1350 1331 1411 1358 ἀντὶ
1433 1331 1523 1367 ὀσμῆς
1547 1331 1639 1367 ἡδείας
1659 1331 1809 1368 κονιορτὸς,
1826 1332 1876 1361 καὶ

1086 1377 1148 1405 ἀντὶ
1161 1376 1250 1412 ζώνης
1266 1376 1375 1412 σχοινίῳ
1393 1376 1480 1412 ζώσῃ,
1497 1377 1545 1404 καὶ
1562 1377 1623 1404 ἀντὶ
1647 1377 1751 1412 κόσμου
1762 1378 1811 1412 τῆς
1828 1386 1876 1404 κεν

1087 1423 1175 1458 φαλῆς
1188 1421 1236 1449 τοῦ
1257 1422 1381 1458 χρυσίου,
1403 1421 1578 1458 φαλάκρωμα
1603 1421 1674 1456 ἕξεις
1690 1422 1733 1449 διὰ
1750 1422 1784 1449 τὰ
1807 1422 1876 1457 ἔργα

1088 1478 1145 1501 σου,
1166 1469 1213 1496 καὶ
1227 1469 1287 1496 ἀντὶ
1304 1468 1417 1504 χιτῶνος
1432 1468 1643 1505 μεσοπορφύρου
1655 1468 1794 1504 περιζώσῃ
1809 1468 1876 1494 σάκ-

1087 1525 1144 1543 κον.
1165 1516 1219 1543 Καὶ
1233 1516 1247 1542 ὁ
1261 1515 1317 1547 υἱός
1330 1524 1377 1541 σου
1389 1516 1403 1541 ὁ
1419 1515 1573 1547 κάλλιστος,
1589 1515 1619 1542 ὃν
1636 1515 1756 1550 ἀγαπᾷς,
1776 1515 1876 1549 μαχαί-

1088 1571 1123 1598 ρᾳ
1138 1562 1273 1593 πεσεῖται,
1291 1560 1339 1588 καὶ
1353 1561 1377 1587 σί
1389 1560 1527 1596 ἰσχύοντες
1537 1559 1615 1596 ἡμῶν
1628 1561 1751 1596 μαχαίρᾳ
1762 1559 1876 1586 πεσοῦν-

1087 1617 1131 1635 ται
1139 1628 1151 1650 ρ
1167 1608 1214 1635 καὶ
1231 1607 1437 1642 καταλειφθήσῃ
1449 1607 1528 1642 μόνη,
1541 1607 1588 1634 καὶ
1599 1607 1639 1638 είς
1653 1607 1703 1641 τὴν
1716 1606 1768 1642 γῆν
1781 1606 1877 1641 ἐδαφι-

1088 1652 1186 1688 σθήσῃ.
1211 1661 1221 1678 ›

1126 1708 1135 1724 ι
1159 1697 1332 1734 Ἀλέξανδρος
1347 1698 1360 1724 ὁ
1376 1697 1494 1734 χαλκεὺς
1511 1697 1598 1725 πολλά
1623 1706 1668 1733 μοι
1689 1697 1762 1724 κακὰ
1780 1697 1877 1724 ἐνεδεί-

1087 1744 1162 1777 ξατο.
1186 1743 1335 1771 ’Λποδώσει
1345 1743 1419 1779 αὺτῷ
1428 1742 1442 1769 ό
1450 1743 1551 1780 Κύριος
1559 1744 1662 1772 κατὰτὰ
1672 1742 1739 1778 ἔργα
1751 1742 1844 1770 αὐτοῦ.
1865 1753 1874 1769 ι

1087 1843 1177 1871 ΤΙΤΛ.
1189 1843 1240 1871 lZ'.
1257 1858 1292 1863 -—-
1305 1843 1375 1877 Περὶ
1387 1842 1592 1887 ἀΰικρυιίένων
1602 1851 1608 1857 ·
1623 1842 1668 1869 ὅτι
1685 1841 1743 1877 χρὴ
1752 1841 1878 1876 ,βοηθεῖν

1428 1887 1540 1910 autem.

1125 1934 1134 1951 ς
1161 1925 1205 1952 Ἐν
1218 1925 1279 1957 ταῖς
1295 1924 1414 1960 ἡμέραις
1434 1924 1555 1955 ἐκείναις
1581 1924 1669 1959 μέγας
1695 1923 1841 1958 γενόμενος
1864 1924 1879 1949 ό

1087 1972 1218 2008 Μωῢσῆς,
1230 1971 1324 2007 ἐξῆλθε
1338 1970 1406 2006 πρὸς
1420 1970 1485 2001 τοὺς
1500 1969 1632 2005 ἀδελφοὺς
1640 1969 1723 1996 αὑτοῦ
1731 1969 1793 2000 τοὺς
1804 1969 1879 2000 υἱοὺς

1095 2018 1203 2054 Ἰσραήλ
1216 2025 1223 2032 ·
1241 2017 1412 2052 κατανοήσας
1436 2016 1464 2043 δὲ
1479 2016 1524 2043 τὸν
1537 2016 1620 2043 πόνον
1635 2015 1725 2042 αὐτῶν
1735 2035 1742 2047 ,
1763 2016 1813 2051 ὁρᾷ
1829 2015 1878 2041 ἇν-

1089 2063 1198 2100 ορωπον
1213 2064 1362 2097 Αίγύπτιον
1377 2063 1514 2089 τύπτοντα
1528 2062 1589 2089 τινὰ
1612 2061 1737 2096 Ἐϐραῖον
1748 2061 1802 2087 τῶν
1812 2061 1877 2087 ἑαυτ

1087 2112 1134 2138 τοῦ
1150 2111 1272 2146 ἀδελφῶν
1284 2110 1338 2138 τῶν
1355 2110 1420 2137 υἱῶν
1439 2109 1558 2145 Ἰσραήλ.
1587 2109 1759 2145 Περιϋλέψας
1774 2108 1802 2135 δὲ
1825 2105 1879 2134 ὧδε

1088 2157 1136 2184 καὶ
1149 2154 1212 2189 ὦδε,
1233 2157 1282 2192 οὐχ
1298 2157 1348 2192 ὁρᾷ
1375 2155 1471 2183 οὐδένα
1483 2165 1490 2171 ·
1518 2155 1566 2183 καὶ
1582 2155 1706 2188 πατάξας
1723 2155 1768 2182 τὸν
1792 2154 1877 2187 Αίγύ·

246 2201 354 2226 ctttiens
367 2199 539 2234 IEgyptium,
553 2198 699 2227 abscondit
711 2208 774 2228 eutn
792 2201 819 2227 in
829 2208 922 2228 arena.
936 2201 1037 2230 Exiens

1090 2213 1179 2237 πτιον,
1195 2204 1314 2239 ἔκρυψεν
1326 2203 1407 2230 αὑτὸν
1423 2203 1452 2229 ὲν
1472 2205 1504 2238 τῇ
1530 2203 1626 2238 ἄμμῳ.
1658 2201 1788 2235 Ἐξελοὼν
1803 2201 1831 2227 δὲ
1843 2202 1878 2236 τῇ

248 2249 341 2272 autem
368 2245 412 2272 die
437 2245 571 2278 secundo,
601 2245 675 2273 videt
708 2247 776 2274 duos
809 2247 885 2275 viros
912 2247 1040 2277 Hebraeos

249 2292 381 2323 rixantes,
394 2297 421 2318 et
437 2291 508 2318 dixit
523 2291 548 2318 ei
565 2291 614 2326 qni
634 2291 755 2320 faciebat
776 2293 905 2328 iniuriam
923 2302 929 2320 :
949 2294 1039 2327 Quare

248 2343 278 2364 tu
292 2338 422 2365 verberas
439 2338 595 2372 proximum
609 2338 621 2365 ?
636 2338 670 2365 At
688 2339 733 2366 ille
744 2337 813 2366 dixit
831 2349 837 2367 :
856 2340 925 2373 Quis
939 2345 965 2368 te
978 2347 1041 2368 con-

249 2384 338 2411 stituit
363 2383 516 2419 principem
540 2388 568 2412 et
588 2384 711 2419 iudicem
731 2379 904 2420 supernos?
925 2385 994 2413 Num
1012 2391 1039 2414 tu

250 2431 290 2457 vis
322 2438 363 2457 me
396 2430 535 2462 occidere,
568 2430 799 2465 quemadmodum
827 2431 954 2460 occidisti
980 2432 1039 2460 lteri

250 2475 544 2511 1E3)“ptium?Timuit
560 2481 653 2503 autem
672 2476 791 2512 Moyses,
805 2481 833 2504 et
851 2476 920 2504 dixit
938 2487 945 2504 τ
961 2478 988 2505 Si
1000 2479 1041 2507 sic

250 2522 428 2551 manifestum
445 2521 547 2549 factum
561 2527 604 2549 est
619 2522 730 2549 verbum
745 2522 818 2549 hoc?
839 2531 848 2547 ι

285 2567 337 2595 Job
369 2576 446 2598 nix.
464 2567 509 2599 ‘12,
527 2568 570 2594 ‘l'l.
590 2582 624 2587 —
643 2576 652 2593 ‹
673 2567 798 2595 Liberavi
827 2575 976 2603 pauperem
1007 2568 1041 2596 de

251 2623 335 2642 manu
363 2613 496 2649 potentis.
523 2613 646 2641 Contrivi
675 2614 765 2642 tnolas
794 2614 952 2649 iniquorum
982 2615 1042 2642 :de

253 2660 353 2687 mediis
368 2664 461 2688 autem
476 2660 606 2688 dentibus
623 2667 718 2687 eorum
735 2659 856 2695 praedam
875 2661 972 2688 evulsi.
992 2670 1001 2686 ι

289 2705 370 2732 Prov.
386 2714 462 2738 ntv,
481 2706 524 2733 Η.
543 2721 578 2726 -—
597 2715 606 2732 ι
627 2705 698 2734 Erue
722 2714 771 2734 eos
788 2707 834 2742 qtti
850 2706 991 2734 ducuntur
1008 2707 1042 2734 ad

253 2755 384 2783 mortem,
403 2757 431 2780 et
445 2752 533 2780 libera
553 2761 601 2780 eos
617 2753 663 2787 qui
687 2753 892 2780 interficiuntur
908 2763 913 2780 :
930 2761 962 2780 ne
978 2760 1043 2788 par-

252 2805 312 2825 cas.
340 2797 418 2830 Quod
443 2799 465 2826 si
491 2798 607 2832 dixeris,
625 2799 684 2826 Non
704 2799 766 2826 novi
789 2807 864 2831 eum,
887 2799 957 2827 scito
970 2798 1043 2834 quod

254 2843 388 2871 Dominus
404 2844 488 2871 corda
503 2846 626 2872 onmium
639 2846 795 2880 cognoscit,
808 2846 855 2880 qui
871 2845 961 2873 :‘ctldit
982 2847 1043 2872 uni.

255 2891 446 2927 cuiqnejtlxla
465 2899 549 2926 opera
565 2900 624 2920 sua.
644 2902 653 2918 ι

1089 2251 1185 2287 ἡμέρᾳ
1202 2252 1235 2286 τῇ
1249 2250 1373 2286 δευτέρᾳ,
1397 2250 1448 2286 ὁρᾷ
1464 2250 1510 2276 δύο
1526 2249 1625 2285 ἄνδρας
1647 2246 1879 2284 διαπληκτιζομέο

1091 2305 1163 2329 νους,
1181 2297 1227 2323 καὶ
1236 2296 1311 2330 λέγει
1323 2296 1361 2331 τῷ
1372 2296 1509 2322 ἀδικοῦντι
1517 2303 1523 2310 '
1533 2296 1582 2322 Διὰ
1596 2295 1621 2321 τί
1629 2295 1742 2326 τύπτεις
1751 2293 1796 2320 τὸν
1809 2293 1881 2329 πλην
1912 2328 1918 2331 Δ

1092 2341 1166 2375 σίονς
1188 2340 1217 2366 '0
1232 2340 1260 2367 δὲ
1277 2338 1337 2367 εἷπε
1349 2349 1356 2355 ε
1371 2340 1418 2372 Τίς
1432 2348 1461 2366 σε
1478 2340 1628 2375 καθέστησε
1641 2339 1758 2375 ἄρχοντα
1773 2339 1819 2366 καὶ
1838 2337 1881 2364 δι-

1091 2386 1195 2422 καστὴν
1219 2386 1262 2420 ἐφ’
1288 2386 1380 2421 ἡμᾶς;
1399 2385 1433 2411 Ἦ
1449 2385 1554 2413 ἀνελεῖν
1573 2394 1608 2420 με
1626 2385 1722 2415 θέλεις,
1735 2384 1763 2410 ὃν
1777 2383 1882 2420 τρόπον

1092 2433 1196 2464 ἀνεῖλες
1218 2433 1281 2468 χθὲς
1294 2434 1339 2460 τὸν
1358 2433 1526 2468 Λίγύπτιον;
1551 2432 1673 2469 ἐφοϐήθη
1698 2432 1727 2459 δὲ
1747 2431 1879 2466 Μωῠσῆς.

1092 2482 1140 2508 καὶ
1165 2478 1243 2508 εἶπεν
1259 2488 1265 2495 ·
1291 2480 1322 2507 Εἰ
1352 2479 1440 2511 οὕτως
1468 2478 1592 2515 ἐμφανὲς
1626 2478 1723 2514 γέγονε
1751 2477 1782 2504 τὸ
1802 2477 1881 2513 ῥῆμα

1092 2525 1171 2554 τοῦτο
1181 2535 1188 2559 ;
1204 2535 1213 2552 ι

1130 2582 1139 2599 ι
1158 2574 1282 2601 Διέσωσα
1295 2573 1402 2607 πτωχὸν
1417 2573 1449 2600 ἐκ
1466 2573 1557 2610 χειρὸς
1569 2573 1712 2601 δυνάστου.
1729 2572 1885 2608 Συνέτριψα

1094 2619 1182 2655 μυλὰς
1199 2620 1311 2651 ἀδίκων,
1324 2620 1357 2647 ἐκ
1374 2620 1400 2647 δὲ
1421 2621 1508 2654 μέσου
1523 2619 1578 2646 τῶν
1592 2619 1707 2646 ὀδόντων
1727 2619 1818 2646 αὐτῶν
1835 2619 1885 2655 ἆρ-

1093 2675 1192 2702 παγμα
1203 2666 1352 2700 ἐξέσπασα.
1374 2676 1383 2692 ι
1558 2702 1560 2705 ι

1133 2723 1142 2739 ι
1168 2713 1262 2740 Ῥῦσαι
1278 2713 1468 2748 ἀπαγομένους
1496 2713 1536 2745 εἰς
1556 2713 1688 2745 θάνατον,
1705 2712 1886 2747 καὶὲκπριοῦ

1095 2760 1295 2795 κτεινομένους,
1325 2759 1362 2794 μὴ
1387 2759 1479 2795 φείσῃ.
1504 2759 1567 2786 Ἐὰν
1588 2759 1616 2785 δὲ
1632 2758 1724 2794 εἴπῃς,
1741 2758 1799 2785 Οὐκ
1827 2757 1888 2786 οἶδα

1093 2806 1198 2838 τοῦτον,
1211 2805 1327 2839 γίνωσκε
1339 2806 1379 2832 ὃτι
1387 2806 1488 2840 Κύριος
1500 2805 1612 2841 καρδίας
1621 2805 1729 2832 πάντων
1739 2804 1887 2839 γινώσκει,

1095 2852 1123 2884 ὃς
1139 2852 1301 2879 ἁπηδίῖωσιν
1317 2852 1424 2887 ἑκάστῳ
1442 2852 1511 2879 κατὰ
1525 2853 1558 2880 τὰ
1569 2852 1637 2887 ἔργα
1651 2851 1744 2879 αὑτοῦ.
1763 2860 1774 2879 ι
