2080 3111
228 124 296 157 1193

855 120 975 152 SACRA
990 120 1222 151 PARALLELA.

1784 118 1852 151 1194

263 190 272 207 1
296 179 435 213 Ἐξέλεσθε
457 178 663 215 διηρπαγμένον
693 178 726 204 ἐκ
747 177 837 213 χειρὸς
856 176 1014 208 ἀδικοῦντος

1099 175 1156 205 Jer.
1171 182 1240 208 xxn,
1254 174 1281 201 5.
1297 185 1332 200 :—
1354 183 1363 200 1
1379 173 1483 209 Eripite
1504 180 1566 202 eum
1589 173 1636 209 qui
1661 173 1802 209 diripitur,
1818 174 1852 202 de

226 225 317 252 αὐτόν.
336 234 346 251 ι
356 249 374 255 ,,

264 279 273 295 1
301 270 421 297 Ἀδικίαν
443 270 492 297 καὶ
514 268 702 304 ταλαιπωρίαν
725 268 876 304 ἀφέλεσθε·
897 268 1012 305 ἐξάρατε

227 314 456 342 καταδυναστείαν
472 315 504 341 ὲκ
519 314 565 340 τοῦ
580 313 645 342 λαοῦ
663 322 723 350 μου,
741 313 815 348 λέγει
832 312 942 349 Κύριος.
966 322 974 338 ι

264 417 274 432 1
296 406 403 440 Ἑξελοῦ
417 406 596 441 ἀδικούμενον
615 406 648 432 ὲκ
668 404 759 440 χειρὸς
785 403 941 436 ἀδικοῦντος
964 405 1014 431 αὺ-

226 453 285 480 τόν.
307 462 318 479 ›
364 470 368 476 ι

264 499 320 529 Πᾶς
332 498 346 524 ὁ
362 497 451 524 πλέων
466 497 549 531 ἐγγύς
563 498 622 524 ἐστι
634 495 681 523 τοῦ
696 496 836 530 ναυαγίου,
853 496 900 522 καὶ
921 495 1015 523 τοσού-

227 552 267 578 τῳ
280 543 391 578 μᾶλλον,
406 543 461 577 ὅσῳ
472 542 651 577 σφοδρότερον
663 541 740 569 πλέει
752 550 758 556 ·
776 541 823 569 καὶ
839 542 892 573 πᾶς
907 542 921 568 ὁ
936 540 1015 576 σῶμα

229 588 432 624 περικείμενος,
456 588 539 622 ἐγγύς
568 589 627 615 ἐστι
642 588 696 615 τῶν
709 588 756 614 τοῦ
771 587 898 622 σώματος
911 587 1014 617 κακῶν,

228 635 276 662 καὶ¹
286 634 407 669 τοσούτῳ
426 634 526 669 μᾶλλον
538 653 546 666 ,
564 634 672 669 ὅσῳπερ
688 633 720 660 ἃν
733 633 820 668 ὀρθῶς
839 631 952 667 βαδίζει,
968 631 1016 658 καὶ

230 680 267 716 μὴ
283 680 376 715 βλέπει
390 680 454 711 τοὺς
471 679 524 715 πρὸ
538 679 621 706 αὐτοῦ
634 678 789 714 κειμένους.
803 678 877 708 Ἕως
896 677 973 708 πλεῖς
988 676 1017 709 ἐξ

227 725 332 761 οὐρίας,
344 724 382 760 τῷ
399 724 563 759 ναυαγοῦντι
580 725 623 756 δὺς
636 725 715 760 χεῖρα
728 731 735 738 ·
752 723 805 755 ἕως
821 720 953 754 εὐεκτεῖς,
970 721 1018 748 καὶ

228 771 366 803 πλουτεῖς,
379 770 419 805 τῷ
433 770 636 798 κακοπαθοῦντι
652 769 795 805 βοήθησον.
811 768 856 803 Μὴ
872 767 1019 803 ἁναμείνῃς

230 817 275 843 ἐπὶ
291 816 404 843 σεαυτοῦ
421 816 526 851 μαθεῖν,
540 817 601 843 ὅσον
621 816 705 843 κακόν
725 816 801 842 ἐστιν
823 813 1017 849 ἀπανθρωπὶα,

231 862 276 888 καὶ
288 858 344 888 οἷον
355 861 454 896 ἀγαθὸν
466 861 608 896 σπλάγχνα
619 862 674 892 τοῖς
684 859 830 896 χρῄζουσιν
843 858 1015 892 ἀνοιγόμενα.
1033 852 1054 881 Β

264 991 408 1028 Χρηστοὺς
429 991 500 1019 εἶναι
526 991 578 1027 χρὴ
603 991 660 1023 τοῖς
675 991 890 1026 προεμπεσοῦσι,
911 990 959 1017 καὶ
978 991 1017 1024 τῷ

230 1038 298 1073 ἐλέῳ
309 1037 427 1065 κτᾶσθαι
442 1037 487 1064 τὸν
499 1037 584 1064 ἔλεον.

272 1127 316 1153 Ἐν
329 1127 389 1158 ταῖς
403 1125 559 1161 ἀλλοτρίαις
572 1126 726 1162 συμφοραῖς
746 1125 780 1152 τὰ
795 1126 883 1152 οίκεία
898 1123 928 1152 εὖ
944 1125 1018 1152 τίθε-

231 1171 293 1198 σθαι
308 1171 372 1206 χρὴ,
386 1170 433 1197 καὶ
456 1170 590 1202 δανείζειν
613 1170 672 1204 Θεῷ
687 1169 732 1196 τὸν
749 1170 824 1197 ἔλεον
841 1170 932 1202 ὲλέους
951 1171 1017 1206 χρῄ-

230 1217 344 1250 ζοντας,
366 1216 414 1244 καὶ
439 1216 476 1252 μὴ
506 1217 687 1251 καταφρονεῖν
703 1215 855 1252 ἀνθρώπων
879 1216 1018 1252 ἄνθρωποι

230 1263 317 1296 ὄντες.

266 1359 312 1395 Μὴ
323 1358 440 1395 γελάσῃς
454 1358 554 1394 πτῶμα
570 1358 617 1384 τοῦ
630 1358 713 1390 πέλας
723 1366 730 1372 ’
747 1358 868 1384 διάϐαινε
887 1357 915 1384 δὲ
929 1358 1018 1392 ἀσφα-

231 1407 295 1439 λῶς,
309 1407 357 1432 ὅςπ-
374 1415 415 1433 σοι
435 1406 562 1441 δύναμις,
577 1404 645 1433 ἀλλὰ
669 1405 716 1432 καὶ
731 1404 803 1431 δίδου
830 1405 909 1440 χεῖρα
932 1404 1019 1439 χαμαὶ

232 1453 362 1488 κειμένῳ.

1063 228 1145 248 manu
1161 221 1221 255 ejus
1237 219 1284 256 qui
1298 219 1371 247 Iaadit
1388 227 1463 247 eum.
1487 229 1497 246 ι

1098 265 1195 293 Ezeclt.
1211 273 1272 298 XLV,
1309 265 1335 292 9.
1360 280 1395 285 —
1423 274 1432 291 1
1456 264 1630 300 Iniquitatem
1649 271 1686 294 ὀι
1714 266 1852 294 miseriam

1064 312 1153 339 tollite
1171 320 1177 340 :
1193 311 1301 339 auferte
1322 319 1532 346 oppresstonem
1553 319 1567 338 a
1583 313 1683 347 popqu
1703 321 1774 347 meo,
1787 314 1854 342 dicit

1066 357 1211 384 Dominus.
1228 366 1237 382 ›

1100 402 1183 430 Eccli.
1200 411 1237 434 tv,
1252 403 1278 429 9.
1292 417 1327 422 -—-
1341 412 1350 428 1
1364 402 1464 430 Libera
1484 411 1558 437 eunt,
1574 404 1622 439 qui
1638 403 1768 439 injuriam
1785 406 1853 440 puti—

1065 452 1120 481 tur,
1134 448 1168 475 de
1187 456 1267 475 manu
1286 448 1496 475 calumniantis.
1513 458 1521 474 ι

1102 493 1173 520 Naz.
1189 493 1236 521 0r.
1255 493 1343 520 I5.—
1358 492 1490 528 Quisquis
1507 495 1626 529 navigat,
1639 494 1782 529 naufragio
1795 503 1855 530 pro-

1066 539 1188 575 pinquus
1208 543 1262 572 est,
1281 547 1313 567 ac
1333 547 1367 567 eo
1383 540 1482 575 magis,
1501 548 1557 576 quo
1580 540 1690 576 navigat
1711 541 1855 568 vcltemen-

1067 586 1123 613 tius
1140 594 1148 612 :
1166 585 1306 613 consimili
1332 585 1417 612 modo
1433 585 1562 620 quisquis
1583 593 1699 620 corpore
1719 586 1857 614 convesti-

1067 637 1111 660 tus
1130 637 1185 664 est,
1205 633 1331 666 corporis
1345 632 1425 659 malis
1440 632 1612 667 propinquus
1625 637 1677 665 est,
1695 640 1784 668 coque
1797 640 1857 660 ma-

1068 679 1122 715 gis,
1137 686 1193 714 quo
1206 679 1309 706 rectior
1323 677 1436 710 incedit,
1450 687 1500 706 nec
1514 686 1561 706 eos
1575 679 1621 714 qui
1636 683 1699 706 ante
1713 681 1856 714 sejacent,

1070 725 1203 752 intuetur.
1225 723 1292 751 Dum
1311 724 1436 751 secundo
1448 728 1530 752 vento
1547 725 1672 759 navigas,
1685 724 1708 751 ei
1723 725 1768 759 qui
1787 733 1858 752 nau-

1071 770 1187 806 fragium
1201 769 1282 805 352
1307 769 1383 803 fecit,
1406 777 1518 797 manum
1543 770 1664 805 porrige.
1687 770 1753 797 Dum
1773 778 1857 798 sanus

1070 822 1112 848 es,
1129 817 1156 841 et
1168 814 1301 849 locuples,
1314 821 1394 849 opem
1411 813 1451 841 fer
1465 814 1574 841 amictu.
1591 813 1648 841 Non
1662 818 1816 850 exspectes,
1828 819 1858 842 ut

1069 868 1100 887 ex
1131 859 1218 894 teipso
1243 859 1347 892 discas,
1375 863 1508 894 quantum
1535 860 1638 887 malum
1665 861 1702 888 sit
1728 861 1858 887 inhuma-

1069 905 1160 938 nitas,
1193 909 1384 940 quantumque
1422 905 1536 938 bonum,
1578 906 1682 933 viscera
1713 906 1858 942 egentibus

1069 951 1141 986 aperi
1148 957 1186 978 re.

1106 997 1243 1031 Beuiguos
1262 1003 1325 1023 esse
1342 1000 1450 1031 oportet
1472 996 1528 1023 illis
1557 996 1606 1031 qui
1626 997 1653 1023 in
1673 996 1859 1024 calamitatem

1067 1042 1124 1076 jam
1152 1042 1321 1074 inciderunt,
1357 1046 1384 1068 et
1415 1042 1635 1070 misericordiam
1664 1042 1860 1070 misericordia

1069 1095 1240 1123 comparare.

1099 1133 1143 1160 Id.
1158 1133 1235 1160 Orat.
1250 1133 1295 1161 20.
1309 1148 1339 1154 --
1357 1133 1386 1160 In
1398 1133 1497 1161 alienis
1509 1133 1711 1162 calamitatibus
1724 1140 1797 1162 recte
1810 1141 1861 1162 nos

1069 1183 1179 1213 oportet
1194 1179 1299 1206 nostris
1318 1178 1402 1206 rebus
1418 1179 1576 1213 consulere,
1592 1184 1620 1207 et
1632 1179 1687 1207 Deo
1701 1179 1860 1208 misericor-

1069 1224 1142 1251 diam
1164 1223 1298 1255 fenerare,
1318 1231 1379 1251 cum
1398 1224 1451 1259 ipsi
1469 1224 1659 1252 misericordia
1676 1232 1745 1259 opus
1759 1224 1860 1252 habea-

1069 1278 1130 1297 mus
1148 1278 1154 1296 :
1171 1277 1222 1297 nec
1236 1269 1364 1297 homines
1382 1277 1564 1305 aspernentur
1584 1275 1631 1297 aut
1645 1278 1697 1306 pro
1712 1270 1798 1298 niliilo
1813 1270 1861 1297 du-

1069 1323 1176 1347 camus,
1189 1315 1302 1350 quando
1317 1315 1368 1351 ipsi
1386 1315 1512 1343 homines
1530 1323 1638 1344 sumus.

1104 1361 1243 1396 Ejusdem.
1267 1376 1302 1381 —
1326 1362 1426 1389 Casum
1457 1362 1572 1390 alterius
1600 1361 1691 1391 ridere
1715 1363 1784 1390 noli.
1805 1362 1860 1391 Sed

1069 1415 1151 1442 quam
1165 1411 1224 1435 tute
1241 1411 1330 1443 poles,
1353 1408 1460 1442 incede,
1483 1412 1566 1444 atque
1593 1408 1669 1436 humi
1688 1409 1789 1444 jacenti
1808 1417 1861 1436 mn.

1070 1461 1135 1480 num
1148 1453 1275 1488 porrige.

255 1520 348 1546 TITA.
368 1519 422 1546 nr.
438 1532 474 1538 —
491 1517 561 1556 ηηρι
583 1516 713 1556 ἀγάπης,
731 1516 780 1543 και
796 1514 929 1550 ειρήνηςι
941 1513 989 1543 καὶ

1091 1519 1158 1547 ΤΙΤ.
1175 1519 1268 1547 XVIII.
1280 1535 1314 1540 -—
1326 1519 1364 1547 De
1383 1521 1524 1553 charilate.
1542 1525 1566 1548 et
1582 1529 1656 1556 pace,
1673 1526 1698 1548 et
1710 1522 1840 1556 pariﬁds.

511 1554 720 1587 εἰρηνοποιῶν.

270 1619 280 1635 1
298 1608 365 1636 Εἷπε
380 1609 497 1650 Νοεμείγ
514 1607 583 1644 πρὸς
600 1606 676 1634 Ῥούθ
687 1614 694 1621 ·
728 1606 794 1634 Ἰδοὺ
814 1606 979 1642 ἀνέστρεψεν
1002 1606 1018 1632 ἡ

235 1655 389 1691 σύννυμφός
405 1663 452 1682 σου
468 1653 537 1690 πρὸς
547 1653 611 1680 λαὸν
622 1652 716 1687 αὐτῆς,
729 1653 775 1679 καὶ
788 1651 856 1688 πρὸς
868 1653 930 1683 τοὺς
943 1651 1020 1684 θεοὺς

179 1696 183 1700 ”
233 1702 328 1736 αὐτῆς,
343 1700 526 1736 turmam.
538 1700 585 1727 καὶ
600 1699 643 1726 σύ.
652 1697 721 1726 Eine
733 1699 761 1725 δὲ
768 1698 845 1725 Ῥούθ
857 1706 864 1714 -
877 1698 923 1734 Μὴ
932 1699 1020 1725 ἀπαν-

233 1745 319 1781 τήσῃς
335 1752 380 1779 μοι
392 1743 438 1771 τοῦ
458 1743 618 1771 καταλιπεῖν
630 1751 670 1775 σε,
685 1743 801 1770 ὅτιὸπου
812 1742 858 1770 ἐὰν
873 1743 1019 1778 πορευθῇς,

235 1791 421 1826 πορεύσομαι·
445 1791 494 1817 καὶ
515 1791 529 1817 ὁ
543 1790 608 1822 λαός
623 1798 682 1824 σου,
695 1790 758 1822 λαός
782 1798 844 1825 μου,
866 1790 939 1817 καὶὸ
954 1789 1020 1822 Θεός

234 1845 292 1870 σου⁷
306 1837 372 1868 Θεός
390 1845 451 1871 μου.
472 1845 482 1862 ι

271 1892 281 1909 1
295 1882 447 1918 Προσέθετο
470 1882 598 1909 Ἰωνάθαν
608 1882 716 1918 ὀμῶσαι
737 1881 776 1917 τῷ
791 1881 884 1913 Δαόὶδ,
898 1881 938 1908 ὅτι
951 1881 1020 1915 ἠγά-

234 1935 320 1964 πησεν
334 1928 351 1963 ἡ
368 1927 441 1963 ψυχὴ
456 1926 617 1961 ἀγαπῶντος
632 1926 724 1954 αὐτόν.
744 1936 754 1953 ι

271 2025 281 2042 ι
306 2017 392 2050 ’Δλγῶ
405 2017 453 2043 ἐπὶ
472 2016 512 2048 σὲ,
525 2016 623 2051 ἀδελφέ
640 2025 690 2052 μου
712 2016 850 2044 ἰωνὰοανη
865 2016 1017 2052 Ὠραιώθης

236 2071 282 2098 μοι
298 2062 414 2100 σφόδρα’
427 2062 626 2099 ἐθαυμαστώθη
635 2063 651 2098 ἠ
661 2063 800 2098 ἀγάπησις
812 2070 859 2090 σου
875 2063 937 2098 ἐμοὶ
949 2063 1020 2097 ὑπὲρ

234 2110 344 2145 ἀγάπης
357 2110 505 2144 γυναικῶν,
525 2118 534 2135 ι

272 2164 282 2182 1
297 2155 418 2191 Ζήτησον
430 2155 552 2191 εἰρήνην,
565 2155 612 2182 καὶ
621 2154 716 2188 δίωξον
730 2155 825 2191 αὑτήν.
848 2165 858 2182 ι

273 2263 282 2280 1
299 2254 330 2280 Οἱ
347 2253 504 2289 βουλόμενοι
519 2254 642 2290 εἰρήνην,
658 2253 902 2288 εὐφρανθήσονται.
922 2263 931 2280 ι

273 2352 283 2368 ‹
302 2342 408 2374 Πάντα,
428 2342 492 2374 τοὺς
508 2342 545 2378 μὴ
557 2342 779 2377 φιλονεικοῦντας
795 2343 911 2379 καλύψει
928 2344 1003 2378 φιλία
1013 2354 1019 2360 -

235 2389 249 2414 ὀ
262 2388 379 2424 ἐλέγχων
391 2389 460 2424 μετὰ
473 2389 641 2424 παρρησίας,
656 2390 833 2425 εἰρηνοποιεϊ.
851 2399 860 2416 ι

274 2485 284 2502 1
299 2477 484 2512 Μακρόθυμος
499 2478 569 2514 ἀνὴρ
580 2479 744 2507 κατασϐέσει
755 2480 860 2517 κρίσεις
873 2490 879 2496 -
895 2482 909 2508 ὁ
919 2481 947 2508 δὲ
959 2482 1022 2509 ἀσε-

236 2519 285 2556 ϐὴς
298 2522 388 2556 ἐγερεῖ
400 2522 510 2556 μᾶλλον.
527 2532 536 2549 ι

274 2574 283 2591 1
302 2566 495 2594 Καλύπτουσιν
510 2567 609 2604 εχθραν
622 2569 698 2604 χείλη
712 2570 814 2598 δίκαια.
834 2579 844 2597 ι

274 2663 284 2682 1
307 2655 450 2690 Κρείσσων
461 2656 556 2692 eum;
569 2656 629 2693 μεθ’
641 2659 736 2694 ἡδονῆς
750 2661 778 2687 ἐν
793 2661 900 2698 εἰρήνῃ,
918 2662 934 2698 ἦ
948 2661 1021 2695 οἶκος

236 2700 345 2738 πλήρης
363 2701 470 2728 πολλῶν
497 2702 608 2737 ἀγαθῶν
623 2704 668 2730 καὶ
682 2704 781 2732 ἀδίκων
795 2706 924 2742 θυμάτων
951 2708 1021 2742 μετὰ

237 2747 335 2783 μάχης.
359 2757 368 2774 ι
971 2746 983 2752 ”

274 2803 283 2819 1
302 2793 392 2830 Θυμδν
407 2794 504 2831 ἀνδρὸς
520 2791 635 2831 πραΰνει
651 2796 778 2832 θεράπων
800 2798 941 2834 φρόνιμος.
956 2809 965 2826 ι

376 2885 513 2915 ΡΑτιιοι.
525 2885 581 2915 Gn.
608 2885 691 2916 XCV.

1106 1607 1176 1635 Ruth
1197 1616 1204 1634 1
1241 1608 1285 1635 I5.
1302 1623 1335 1630 -
1350 1617 1359 1633 1
1376 1606 1450 1636 Dixit
1470 1607 1565 1636 Noemi
1581 1608 1615 1636 ad
1639 1608 1713 1636 Rutb
1733 1616 1740 1636 :
1757 1608 1797 1636 En
1817 1617 1859 1636 rc-

1070 1661 1152 1682 versa
1177 1657 1220 1682 est
1242 1653 1318 1681 socia
1333 1658 1380 1681 tua
1400 1657 1434 1681 ad
1455 1655 1586 1689 popuium
1606 1660 1682 1682 tuum
1700 1660 1726 1682 et
1742 1654 1776 1682 ad
1794 1656 1861 1683 deos

1070 1707 1147 1729 suos.
1161 1700 1311 1728 Revertere
1329 1703 1357 1728 tu
1382 1707 1503 1736 quoque.
1513 1700 1587 1728 Ruth
1605 1709 1671 1729 vero
1686 1701 1756 1729 dixit
1777 1711 1784 1729 τ
1805 1701 1861 1730 Nec

1070 1753 1203 1774 occurras
1219 1746 1286 1773 mihi
1302 1749 1332 1773 ut
1347 1746 1501 1782 relinquam
1519 1750 1546 1774 te
1559 1750 1586 1774 et
1601 1747 1709 1775 abeam.
1722 1747 1860 1781 Quoniam

1071 1800 1238 1828 quocunque
1253 1793 1423 1827 perrexeris,
1448 1800 1561 1828 pergam
1581 1803 1587 1821 :
1606 1797 1634 1821 et
1647 1794 1765 1828 populus
1784 1798 1860 1827 tuus,

1071 1839 1190 1874 populus
1207 1845 1295 1871 meus,
1316 1842 1344 1866 et
1359 1837 1431 1866 Deus
1440 1842 1516 1872 tuus,
1537 1838 1610 1866 Deus
1623 1846 1712 1866 meus.
1729 1848 1739 1865 ι

1107 1882 1120 1910 1
1138 1882 1202 1918 Reg.
1224 1891 1277 1916 xx,
1302 1880 1345 1910 17.
1364 1897 1398 1903 ——
1416 1892 1425 1908 1
1447 1881 1479 1909 Et
1498 1882 1605 1910 addidit
1627 1880 1761 1910 Jonathas
1786 1882 1860 1916 deje-

1071 1936 1134 1956 rare
1151 1928 1248 1961 David,
1265 1936 1298 1956 eo
1313 1928 1386 1963 quod
1408 1927 1537 1963 diligeret
1553 1935 1615 1956 eum
1630 1927 1722 1955 anima
1740 1928 1859 1964 diligen-

1070 1975 1107 2002 tis
1125 1982 1164 2002 se.
1184 1984 1193 1999 ι

1108 2020 1140 2047 II
1159 2020 1220 2056 Reg.
1237 2029 1256 2054 I,
1267 2020 1313 2047 26.
1326 2035 1360 2040 —
1375 2030 1384 2046 1
1405 2019 1489 2048 Doleo
1508 2028 1592 2056 super
1605 2024 1642 2052 te,
1662 2019 1748 2047 frater
1759 2021 1796 2048 mi
1811 2020 1860 2048 .Io-

1071 2067 1166 2094 natlta.
1179 2067 1328 2102 Speciosus
1342 2066 1411 2094 mibi
1425 2074 1487 2095 eras
1501 2066 1590 2094 valde.
1608 2066 1788 2095 Admirabilis
1799 2063 1859 2095 era‘t

1071 2112 1138 2140 mihi
1156 2112 1268 2140 dilectio
1283 2116 1330 2140 tua
1343 2120 1426 2148 super
1437 2120 1561 2140 amorem
1578 2113 1736 2141 mulierum.
1754 2122 1764 2139 ι

1106 2159 1183 2186 Psal.
1200 2167 1296 2192 xxxtn,
1314 2159 1357 2186 Η.
1376 2174 1411 2179 -
1427 2157 1565 2194 1lnquire
1587 2167 1694 2194 pacem,
1717 2163 1745 2187 et
1765 2167 1859 2195 persc-

1038 2197 1061 2227 D
1074 2212 1158 2241 quere
1174 2213 1247 2233 eam.
1263 2214 1273 2230 ι

1106 2251 1184 2278 Prov.
1207 2259 1255 2284 xu,
1277 2252 1323 2279 20.
1341 2267 1376 2271 —
1393 2261 1403 2278 1
1424 2251 1477 2284 Qui
1500 2251 1577 2287 pacis
1604 2251 1702 2279 ineunt
1727 2251 1858 2286 consilia,

1071 2297 1197 2332 sequitur
1212 2305 1260 2325 eos
1279 2298 1423 2332 gaudium.
1441 2307 1450 2324 ι

1108 2341 1187 2368 Prov.
1205 2349 1231 2373 x,
1246 2341 1289 2374 II,
1307 2339 1351 2369 I2.
1366 2356 1403 2361 —
1415 2350 1424 2366 1
1437 2340 1540 2369 Omnes
1556 2349 1605 2370 eos
1618 2342 1664 2377 qui
1683 2342 1858 2370 noluntcon-

1071 2387 1194 2420 tendere,
1212 2387 1303 2423 operit
1329 2387 1462 2416 amicitia.
1482 2387 1536 2422 Qui
1550 2389 1642 2424 arguit
1655 2388 1752 2421 libere,
1764 2388 1859 2423 paciﬁ-

1071 2442 1121 2462 cus
1133 2439 1184 2462 est.
1202 2444 1212 2460 ι

1107 2479 1185 2507 Prov.
1208 2487 1253 2512 xv,
1276 2477 1322 2506 I8.
1337 2493 1371 2500 —
1385 2487 1394 2505 1
1410 2478 1458 2506 Vir
1478 2480 1589 2514 patiens
1603 2479 1760 2516 exstinguet
1774 2480 1857 2509 lites:

1074 2524 1177 2560 impius
1191 2532 1237 2552 eas
1251 2524 1342 2559 potius
1356 2524 1513 2552 suscitabit.
1530 2534 1539 2551 ι

1107 2569 1185 2598 Prov.
1207 2577 1234 2603 ι,
1261 2569 1306 2597 18.
1337 2585 1372 2590 -
1403 2579 1412 2596 1
1441 2569 1578 2605 Operiunt
1604 2571 1764 2600 inimicitias
1786 2571 1859 2600 labia

1071 2617 1155 2652 justa.
1176 2626 1185 2642 ›

1107 2661 1188 2689 Prov.
1203 2669 1271 2692 xvn.
1290 2661 1316 2688 I.
1334 2676 1369 2681 —
1387 2671 1396 2687 1
1412 2660 1508 2689 Melior
1521 2666 1563 2690 est
1577 2663 1700 2691 buccella
1713 2663 1785 2690 sicca
1796 2671 1859 2690 cum

1071 2708 1171 2743 gaudio
1187 2708 1214 2734 in
1230 2715 1306 2742 pace,
1318 2714 1401 2742 quam
1417 2708 1516 2736 domus
1534 2709 1614 2744 plena
1629 2709 1726 2737 multis
1739 2709 1860 2738 victimis

1072 2753 1151 2780 bonis
1167 2757 1193 2780 et
1207 2753 1309 2788 iniquis
1321 2753 1494 2788 cumjurgio.
1511 2763 1520 2779 ι

1109 2797 1188 2825 Pror.
1203 2806 1281 2833 xvnl,
1297 2797 1340 2826 I4.
1351 2814 1384 2830 9
1400 2807 1409 2823 1
1426 2797 1497 2826 Iram
1510 2799 1561 2827 \‘iri
1575 2800 1651 2828 sedat
1663 2799 1784 2829 famulus
1794 2809 1860 2837 [ιι-αα

1073 2843 1152 2870 deus.
1170 2853 1180 2869 ι

1675 2891 1711 2922 38
