2080 3111
209 122 277 155 Ῑίῦὅ

206 230 383 264 exstinguere
405 229 580 259 charitatem,
608 237 656 256 ucc
686 229 798 257 ﬂulnina
827 231 995 258 cont-ludent

208 276 293 303 illam.
312 285 320 302 ι

240 322 322 348 ΖιισΙι.
337 329 393 353 νιιι,
410 320 452 347 ll.
468 336 502 341 —
517 329 527 346 1
547 320 696 349 Veritatem
719 327 745 349 et
761 330 856 358 pacem
880 324 994 359 diligite,

203 369 240 395 ait
258 367 329 394 Deus
348 366 535 400 omnipotens.
556 376 564 392 ι

239 413 305 439 laci.
320 420 365 445 ι,ιι,
380 412 406 438 ’1.
420 425 454 431 --
472 420 481 437 1
495 411 582 444 Quam
596 413 715 446 speciosi
732 421 815 448 super
828 418 935 442 montes
952 423 995 451 pe-

202 459 251 486 des
265 458 511 493 evangelizantium
534 458 617 491 bona,
633 459 757 486 auditum
770 460 858 494 pacis,
876 468 994 496 evange-

202 504 344 531 lizautium
363 503 454 530 bona!
475 513 484 530 ι

239 549 335 576 Ezcclt.
352 557 445 582 xxxiv,
458 550 543 576 9.9.——-
553 559 562 575 1
581 549 729 578 Suscitaho
741 550 780 578 eis
791 551 991 586 plantatiouem

202 596 289 630 pacis,
307 600 335 622 et
348 595 419 622 ultra
439 603 494 622 non
511 596 652 629 peribunt.
669 605 679 621 ι

238 641 321 668 Ecch'.
339 649 403 672 xxv,
417 642 442 667 l.
509 650 516 665 1
543 640 570 667 In
593 641 682 668 tribus
704 641 806 669 decora
829 641 901 669 facta
917 650 989 677 sum,

201 692 228 714 et
241 687 347 714 surrexi
363 687 463 713 decora
479 693 571 713 coram
594 686 649 713 Deo
671 692 697 714 et
716 686 876 715 hominibus
893 697 898 714 :
922 696 990 715 cou-

201 733 293 760 cordia
315 732 442 762 fratrum,
463 735 490 759 et
506 733 629 759 amicitia
647 733 847 767 proximorum,
865 738 891 760 et
911 734 952 761 vir
964 738 990 762 et

199 779 302 805 mulier
318 779 371 806 sibi
389 778 458 805 bene
472 778 688 806 consentientes.
711 788 719 804 ›

235 823 334 850 Matth.
357 832 384 854 ν,
412 823 438 850 9.
459 838 492 843 ——
508 833 516 849 1
539 823 613 851 Beati
640 824 758 858 paciﬁci,
783 825 912 859 quoniam
942 826 988 854 lilii

199 871 246 898 Dei
265 870 451 897 vocabuntur.
469 880 476 894 ι

233 915 306 943 Ibid.
323 916 368 942 44.
381 930 415 936 -
435 925 444 940 1
470 915 581 950 Diligite
592 915 719 943 inimicos
735 921 853 945 vestros.
874 917 987 946 Benedi-

197 961 254 988 cite
268 961 495 988 maledicentibus
513 969 560 987 vos
577 982 582 987 .
597 965 674 988 orate
689 969 737 996 pro
753 963 987 993 calumniantibus

195 1009 223 1032 ct
240 1005 473 1040 persequentibus
493 1012 550 1033 vos.
568 1014 576 1030 ι

231 1049 330 1078 Matth.
355 1058 432 1083 xvut,
452 1050 493 1077 l9.
508 1065 542 1069 ——
559 1059 568 1076 1
587 1051 671 1078 Amen
686 1051 748 1079 dico
763 1053 850 1086 vobis,
870 1054 946 1089 quia,
963 1056 985 1082 si

206 1095 261 1123 duo
277 1105 310 1124 ex
328 1097 404 1124 vobis
424 1097 614 1124 consenserint
634 1106 717 1132 super
735 1104 847 1133 terram,
866 1101 899 1127 dc.
910 1102 985 1128 omni

195 1150 225 1170 re
239 1149 436 1177 quamcunque
455 1142 594 1177 petierint,
612 1144 656 1170 lict
671 1144 725 1172 illis
738 1152 752 1171 a
769 1144 850 1172 Patre
866 1154 927 1174 meo
938 1147 984 1182 qui

196 1187 223 1214 in
239 1188 317 1216 caelis
330 1193 383 1215 cst.
401 1197 411 1214 ι

228 1234 308 1269 353
325 1233 405 1262 Jaan.
423 1242 482 1267 xm,
496 1235 540 1262 54.
561 1250 595 1256 -α
617 1245 626 1261 1
646 1235 805 1264 Mandatum
823 1246 923 1266 uerum
947 1239 983 1266 do

193 1279 283 1312 vobis,
305 1283 334 1306 ut
346 1279 470 1314 diligatis
488 1280 618 1312 invicem,
640 1282 711 1309 sicut
728 1282 812 1310 dilexi
828 1291 895 1311 vos:
911 1289 939 1311 ut
956 1289 983 1311 et

193 1332 243 1352 vos
264 1325 384 1359 diligatis
406 1325 536 1352 invicem.
558 1325 587 1352 lu
615 1327 666 1354 hoc
690 1333 858 1362 cognoscent
873 1336 980 1361 omnes,

193 1370 258 1404 quia
272 1369 406 1405 discipuli
428 1371 480 1397 mei
499 1370 578 1403 estis,
595 1371 618 1398 si
635 1372 812 1400 dilectionem
829 1374 981 1402 habueritis

193 1414 226 1440 ad
249 1413 376 1440 invicem.
399 1423 408 1439 ι

227 1458 307 1486 Joan.
326 1460 436 1493 Χ1ὶ¹,27.
450 1477 482 1480 ——
499 1470 507 1486 1
525 1460 622 1488 Pacem
644 1469 730 1489 meam
750 1463 875 1498 relinquo
892 1465 979 1497 vobis,

191 1513 287 1540 pacem
305 1513 392 1533 meam
411 1506 447 1533 do
462 1506 553 1533 vobis.
580 1516 589 1532 ι

227 1543 308 1578 Ιθηιι.
327 1559 370 1584 xv,
389 1552 414 1580 9.
432 1567 466 1572 —
484 1562 493 1578 1
512 1552 589 1580 Sicut
607 1553 703 1582 dilexit
723 1562 766 1582 me
790 1554 882 1589 Pater,
902 1557 937 1583 ita
954 1563 980 1585 et
995 1545 1014 1571 Ο

190 1604 242 1631 ego
257 1597 339 1625 dilexi
357 1605 414 1625 vos.
432 1597 538 1626 Manete
551 1598 577 1625 in
591 1598 739 1628 dilectione
751 1609 827 1635 mea;
844 1602 979 1638 sicutegu

190 1648 325 1679 praecepta
353 1644 443 1672 Patris
462 1646 514 1673 mei
536 1646 655 1679 servavi,
669 1651 694 1673 et
707 1655 804 1674 maneo
822 1649 848 1675 in
862 1649 922 1684 ejus
939 1650 980 1678 di-

190 1692 318 1719 lectione.
345 1691 401 1718 lloe
426 1696 468 1719 est
487 1697 653 1727 praeceptum
678 1701 781 1726 meum,
808 1700 837 1722 ut
858 1696 979 1731 diligatis

191 1737 321 1767 invicem.
339 1736 505 1764 sicutdilexi
522 1745 581 1764 vos.
600 1737 731 1773 Majorem
749 1739 800 1766 hac
814 1740 977 1769 charitatem

190 1789 271 1809 nemo
287 1782 378 1814 habet,
399 1787 427 1809 ιιι
443 1783 562 1810 animam
581 1791 660 1810 suam
681 1789 764 1819 ponat
781 1785 844 1820 qttis
854 1794 904 1822 pro
915 1787 996 1814 alni?

188 1836 230 1855 ('IS
244 1836 315 1856 SlIIS.
334 1838 342 1854 1

223 1873 288 1900 Luc.
307 1882 332 1906 χ,
351 1874 376 1901 ὕ.
393 1889 428 1894 -—
446 1884 455 1900 1
471 1873 498 1900 Ιιι
519 1882 716 1910 quamcunque
734 1876 847 1903 domum
863 1877 979 1905 intrave-

187 1920 260 1951 ritis,
281 1920 400 1954 primum
423 1919 505 1947 dicite
524 1919 599 1947 :Pax
622 1921 686 1948 huic
707 1922 812 1949 domui.
838 1923 871 1950 Et
885 1924 908 1951 si
923 1924 978 1952 illic

188 1966 271 1992 luerit
282 1966 355 1993 lilius
372 1966 459 2001 pacis,
473 1965 628 2001 requiescet
639 1974 722 2002 super
735 1976 797 1995 eum
813 1976 875 2003 pax.
894 1979 903 1995 ι

222 2011 287 2038 Luc.
305 2020 353 2044 xu,
371 2012 415 2039 58.
434 2028 467 2033 -
484 2022 492 2038 1
509 2012 576 2039 Dum
590 2013 668 2040 vadis
678 2021 739 2041 cum
758 2015 918 2043 adversario
930 2020 977 2043 tuo

187 2058 221 2088 ad
236 2058 425 2093 principemin
443 2059 497 2092 via,
516 2059 550 2086 da
568 2066 691 2094 operam,
710 2068 744 2088 ne
759 2061 829 2089 forte
843 2062 933 2088 trahat
952 2067 977 2090 te

187 2095 219 2130 ad
235 2104 369 2138 judicent,
388 2109 415 2132 ct
429 2104 513 2139 judex
527 2105 618 2132 tradat
633 2110 658 2133 te
672 2107 806 2140 exactori,
823 2112 849 2134 et
864 2113 977 2136 exactor

188 2149 278 2176 mittat
298 2154 323 2177 te
340 2150 366 2176 in
386 2158 538 2178 carcerem.
557 2151 644 2178 Amen
661 2151 723 2179 dico
743 2153 801 2185 tibi,
823 2161 875 2179 nou
901 2155 976 2182 exics

187 2195 258 2228 inde,
277 2195 365 2223 donec
381 2197 562 2224 novissimum
581 2197 717 2224 tuiuutum
739 2199 849 2226 reddas.
870 2210 879 2226 ι

222 2282 298 2310 Rom.
317 2290 366 2315 xu,
385 2283 429 2310 18.
451 2297 485 2303 —-
505 2293 514 2309 1
542 2285 571 2312 Si
594 2284 652 2312 fieri
671 2290 771 2320 potest,
787 2287 858 2322 quod
876 2296 909 2316 ex
926 2297 974 2317 vo-

186 2330 230 2356 bis
244 2334 297 2362 est,
314 2337 376 2356 cum
387 2329 515 2357 omnibus
525 2330 681 2359 hominibus
696 2340 790 2367 pacem
807 2334 971 2363 habentes.»

222 2373 298 2401 Rom.
317 2382 376 2406 xm,
395 2374 421 2402 8.
443 2389 478 2394 ——
495 2385 504 2400 1
520 2375 629 2402 Nemini
659 2377 810 2412 quidquam
838 2379 972 2414 debeatis,

187 2420 239 2447 nisi
262 2426 291 2448 ut
305 2421 420 2449 invicem
443 2421 576 2457 diligatis.
594 2423 672 2456 Nam,
697 2423 756 2452 Non
775 2427 970 2460 mmchabcris,

185 2474 240 2493 non
254 2466 401 2500 l'uraberis,
418 2475 472 2495 nou
490 2468 590 2496 falsum
604 2469 794 2498 testimonium
813 2472 895 2506 dices,
911 2479 938 2500 cl,
951 2474 972 2500 si

185 2513 258 2546 quod
282 2517 324 2540 est
344 2514 415 2540 aliud
440 2514 608 2548 mandatum,
631 2515 657 2542 in
683 2516 735 2543 hoc
762 2517 845 2544 verbo
867 2518 973 2546 instau-

185 2563 279 2590 ratur,
315 2559 342 2586 iu
371 2559 512 2595 diligendo
545 2562 698 2596 proximum
729 2567 804 2590 tuum
833 2564 904 2591 sicut
933 2571 972 2593 tc-

185 2604 285 2638 ipsum.
309 2615 318 2630 ι

221 2651 295 2678 llam.
312 2660 366 2684 xuv,
384 2652 426 2679 19.
444 2667 478 2672 -—
495 2662 503 2678 1
522 2652 589 2686 Quae
606 2654 680 2690 pacis
699 2660 764 2681 sunt
780 2662 926 2690 sectemur,
946 2662 974 2684 et

185 2703 245 2729 qttze
264 2698 452 2726 tndilicalionis
468 2703 531 2726 sunt
552 2700 584 2726 ad
603 2701 732 2728 invicem.
751 2711 760 2727 ι

219 2741 295 2768 Rom.
312 2751 369 2775 λιιι,
387 2746 428 2771 10.
442 2762 475 2765 —
495 2756 503 2771 1
527 2746 643 2773 Dilectio
661 2749 787 2783 proximo
800 2750 900 2777 malum
918 2760 970 2779 uun

184 2791 321 2819 operatur.
332 2787 472 2817 Plenitudo
487 2793 565 2827 legis,
581 2793 701 2822 dilectio.
726 2805 736 2822 ι

221 2830 307 2858 ICor.
318 2834 494 2870 xu,51;xut,
511 2839 523 2864 1
538 2847 635 2874 sqq.—
650 2851 658 2866 1
676 2841 854 2873 ΔλΕιιιυίίιιιιὶιιὶ
867 2846 970 2874 charis-

853 127 1012 159 JOANNIS
1031 130 1243 163 DAMASCENI

247 182 325 211 (31ml.
356 190 415 211 γιιι,
431 183 455 209 7.
472 197 507 201 -—-
525 191 534 207 1
553 182 638 217 Aqua?
664 183 758 210 multa!
783 192 837 211 non
864 190 993 219 poterunt
1011 191 1031 218 Λ

1084 198 1092 213 1
1115 189 1206 225 Ὕδωρ
1223 190 1320 218 πολλὸν
1333 192 1363 219 οὐ
1380 193 1527 228 δυνήσεται
1539 195 1635 223 σϐέσαι
1649 197 1698 234 τὴν
1716 199 1838 236 ἀγάπην,

1048 234 1093 259 καὶ
1109 235 1226 270 ποταμοὶ
1241 237 1271 263 οὐ
1288 237 1485 271 συγκλύζουσιν
1497 240 1593 275 αὐτήν.
1614 251 1623 268 ι

1085 332 1094 348 1
1114 324 1170 359 Τὴν
1197 325 1326 360 ἀλήθειαν
1349 328 1395 354 καὶ
1410 329 1460 363 τὴν
1476 329 1588 366 εἰρήνην
1612 332 1748 369 ἀγαπᾶτε,
1763 335 1838 372 λέγει

1047 369 1068 395 Κ
1074 369 1148 405 (apto;
1168 372 1376 409 παντοκράτωρ.
1400 383 1408 400 ι

1084 425 1092 441 1
1118 415 1161 448 Ὠς
1175 417 1271 452 ὡραῖοι
1287 419 1333 445 ἐπὶ
1348 419 1403 446 τῶν
1421 421 1508 456 ὀρέων
1525 423 1551 449 οἱ
1568 424 1647 457 πόδες
1662 426 1836 462 εὐαγγελιζο-

1047 462 1134 496 μένων
1147 463 1248 497 ἀγαθὰ,
1259 465 1344 500 ἀκοὴν
1359 467 1482 502 εἰρήνης,
1498 469 1750 508 εὐαγγελιζομένων
1764 476 1834 510 ἀγα-

1045 507 1128 534 θάίι

1082 564 1090 579 1
1116 555 1274 591 Ἀναστήσω
1295 557 1388 590 αὐτοῖς
1411 560 1494 593 φυτὸν
1519 561 1651 598 εἰρήνης,
1668 565 1715 592 καὶ
1741 567 1833 594 οὐκέτι

1042 600 1149 628 ἔσονται
1164 601 1357 638 ἀπολλύμενοι.
1380 614 1388 630 ι

1080 656 1090 672 1
1118 646 1160 674 'Ev
1178 649 1267 683 τρισὶν
1282 648 1430 686 ὡραϊσοην,
1446 652 1492 678 καὶ
1507 652 1623 689 ἀνέστην
1638 655 1727 691 ὡραία
1742 659 1832 686 ἔναντι

1041 691 1146 727 Κυρίου
1161 693 1373 737 καὶλὰνορώπων
1384 704 1390 710 ·
1409 697 1522 732 ὁμόνοια
1543 699 1680 734 ἀδελφῶν,
1692 704 1739 730 καὶ
1755 705 1831 738 φιλία

1039 737 1093 763 τῶν
1110 737 1234 773 πλησίον,
1251 740 1298 766 καὶ
1315 740 1384 775 γυνὴ
1397 741 1444 768 καὶ
1456 742 1525 778 ἀνὴρ
1537 744 1644 777 ἑαυτοῖς
1661 737 1830 785 συμπεριφε-

1041 783 1161 818 ρόμενοι.
1184 794 1192 810 ι

1079 838 1087 854 1
1107 829 1243 866 Μακάριοι
1258 831 1434 867 είρηνοποιοὶ,
1460 834 1499 860 ὅτι
1521 835 1569 861 καὶ
1595 837 1671 864 αὐτοὶ
1687 839 1740 866 υἱοὶ
1761 841 1830 869 θεοῦ

1004 867 1024 893 Β
1041 874 1231 910 κληθήσονται..
1257 886 1265 902 ι

1078 932 1087 947 1
1110 923 1247 958 ’Λγαπᾶτε
1273 924 1336 957 τοὺς
1360 925 1475 962 ἐχθροὺς
1490 928 1586 964 ὑμῶν·
1605 930 1741 966 εὐλογεῖτε
1766 935 1832 966 τοίη

1039 969 1250 1004 καταρωμένους
1265 970 1336 1006 ὑμᾶς
1350 980 1356 986 ”
1369 973 1551 1009 προσεύχεσθε
1564 976 1632 1012 ὑπὲρ
1645 978 1699 1006 τῶν
1713 979 1830 1015 ἐπηρεαη

1039 1013 1139 1045 ζόντων
1152 1015 1223 1050 ὑμᾶς
1238 1017 1284 1043 καὶ
1298 1016 1461 1046 διωκόντων.
1484 1017 1494 1046 ι

1077 1069 1085 1085 1
1111 1061 1197 1096 Ἀμὴν
1211 1062 1282 1097 λέγω
1295 1063 1359 1098 ὑμῖν
1370 1085 1377 1097 ,
1393 1065 1433 1091 ὅτι
1449 1067 1496 1094 ἐὰν
1507 1067 1554 1094 δύο
1572 1069 1650 1104 ὑμῶν
1677 1075 1826 1110 συμφωνή-

1039 1114 1121 1132 σωσιν
1136 1106 1182 1133 ἐπὶ
1195 1107 1242 1142 τῆς
1263 1109 1315 1143 γῆς
1327 1129 1335 1141 ,
1354 1110 1418 1145 περὶ
1434 1112 1534 1144 παντὸς
1554 1106 1719 1150 πράγματοξ
1731 1106 1761 1144 οὗ
1779 1106 1826 1146 ὲαν

1037 1153 1214 1188 αἰτήσωνται,
1229 1155 1373 1189 γενήσεται
1393 1156 1483 1188 αὐτοῖς
1497 1159 1572 1194 παρὰ
1586 1160 1634 1187 τοῦ
1655 1162 1760 1198 Πατρός
1774 1173 1826 1199 μου

1036 1199 1082 1226 τοῦ
1108 1201 1136 1226 ἐν
1150 1200 1283 1235 οὐρανοῖς.
1306 1212 1315 1228 ι

1075 1255 1083 1270 1
1110 1246 1235 1282 Ἐντολὴν
1247 1248 1343 1284 καινὴν
1355 1249 1452 1285 δίδωμι
1462 1252 1536 1287 ὑμῖν,
1552 1253 1594 1280 ἵνα
1607 1255 1686 1289 ὑμεῖς
1698 1256 1825 1290 ἀγαπᾶτε

1034 1291 1176 1326 ἀλλήλους.
1192 1294 1282 1325 καθὼς
1296 1295 1430 1330 ἠγάπησα
1446 1298 1527 1333 ὑμᾶς,
1541 1300 1584 1326 ἵνα
1605 1302 1650 1327 καὶ
1667 1301 1743 1337 ὑμεῖς
1755 1304 1824 1337 ἁγα-

1033 1338 1103 1363 πᾶτε
1129 1338 1270 1374 ἀλλήλους.
1305 1340 1348 1366 Ἐν
1365 1343 1452 1377 τούτῳ
1478 1343 1627 1377 γνώσονται
1644 1347 1754 1381 πάντες,
1783 1350 1824 1376 ὅτι

1033 1382 1093 1416 ἐμοὶ
1112 1383 1232 1418 μαθηταί
1249 1385 1322 1416 ἐστε,
1335 1386 1381 1412 ἐὰν
1400 1387 1525 1421 ἀγαπᾶτε
1544 1390 1686 1426 ἀλλήλους.
1706 1403 1714 1418 ι

1069 1479 1078 1495 1
1104 1471 1221 1506 Εἰρήνην
1247 1472 1295 1508 τὴν
1324 1474 1393 1510 ἐμὴν
1419 1477 1519 1513 ἐφίημι
1546 1479 1628 1514 ὑμῖν,
1646 1481 1758 1516 εἰρήνην
1773 1482 1822 1518 τὴν

1032 1516 1100 1552 ἐμὴν
1115 1517 1211 1552 δίδωμι
1224 1519 1298 1554 ὑμῖν.
1319 1529 1328 1546 ι
1689 1551 1692 1553 .

1069 1572 1086 1612 1-
1098 1563 1196 1612 metu;
1216 1565 1345 1601 ἠγάπησε
1375 1576 1408 1602 με
1429 1569 1442 1595 ὁ
1468 1570 1571 1607 Πατὴρ,
1591 1573 1667 1608 κάγὼ
1690 1575 1820 1612 ἠγάπησα

1031 1607 1119 1640 ὑμᾶς·
1139 1609 1247 1654 μείνατε
1263 1611 1292 1637 ἐν
1306 1613 1338 1647 τῇ
1352 1612 1448 1650 ἀγάπῃ
1467 1623 1527 1649 μου,
1545 1617 1636 1649 καθὼς
1647 1607 1706 1654 ἐγὼ.
1715 1607 1764 1652 τὰς
1778 1607 1820 1647 ὲν-

1029 1652 1108 1684 τολὰς
1122 1653 1168 1680 τοῦ
1185 1655 1289 1690 Πατρός
1305 1665 1356 1690 μου
1372 1659 1521 1694 τετήρηκα,
1536 1662 1584 1688 καὶ
1599 1652 1672 1697 μένιιι
1689 1664 1771 1692 αὐτοῦ
1790 1667 1820 1692 ἐν

1029 1700 1061 1734 τῇ
1077 1699 1182 1736 ἀγάπῃ.
1200 1700 1273 1736 Αὕτη
1291 1703 1363 1729 ἐστὶν
1380 1704 1395 1739 ἡ
1409 1704 1502 1741 ἐντολὴ
1516 1708 1531 1741 ή
1549 1707 1612 1744 ἐμὴ,
1638 1709 1681 1735 ἴνα
1694 1711 1820 1745 ἀγαπᾶτε

1029 1745 1172 1779 ἀλλήλους,
1185 1747 1277 1779 καθὼς
1293 1748 1348 1782 ἐγὼ
1363 1750 1495 1786 ἠγάπησα
1511 1753 1593 1788 ὑμᾶς.
1620 1755 1739 1788 Μείζονα
1753 1758 1818 1785 ταύ-

1029 1799 1077 1824 της
1089 1791 1201 1826 ἀγάπην
1215 1794 1302 1825 οὐδεὶς
1318 1794 1385 1830 ἔχει,
1402 1797 1444 1823 ἵνα
1462 1806 1503 1830 τις
1515 1799 1564 1834 τὴν
1579 1799 1667 1836 ψυχὴν
1686 1801 1769 1830 αὐτοῦ
1784 1804 1818 1839 θῇ

1030 1836 1100 1872 ὑπὲρ
1116 1837 1170 1864 τῶν
1186 1839 1270 1871 φίλων
1285 1841 1379 1868 αὑτοῦ.
1400 1852 1407 1866 ι

1067 1891 1075 1907 1
1095 1882 1140 1914 Εἰς
1154 1883 1187 1918 ἣν
1197 1883 1219 1910 δ’
1234 1884 1268 1911 ἂν
1282 1885 1371 1913 οἰκίαν
1387 1887 1514 1924 ἓρχησθε,
1529 1891 1639 1925 πρῶτον
1653 1892 1757 1928 λέγετε,
1771 1894 1816 1922 Et—

1031 1928 1100 1963 ρήνη
1112 1928 1150 1964 τῷ
1172 1930 1240 1966 οἴκῳ
1254 1931 1352 1968 τούτῳ.
1368 1934 1421 1960 Καὶ
1437 1935 1512 1973 ἐὰνῇ
1533 1937 1592 1964 ἐκεῖ
1613 1939 1671 1971 υίὸς
1689 1940 1815 1977 εἰρήνης,

1029 1975 1254 2004 ἑπαναπαύσεται
1266 1977 1309 2005 ἐπ’
1327 1979 1409 2006 αὐτὸν
1423 1981 1439 2017 ἡ
1452 1982 1559 2018 εἰρήνη.
1577 1993 1586 2009 ι

1067 2030 1074 2044 ι
1105 2020 1148 2052 Ὠς
1166 2022 1281 2068 ὑπάγεις
1297 2025 1367 2060 μετὰ
1380 2026 1427 2053 τοῦ
1448 2028 1586 2056 ἀντιδίκου
1612 2039 1659 2058 σου
1687 2033 1755 2068 πρὸς
1769 2033 1817 2070 ἄρ-

1029 2074 1110 2100 χοντα
1126 2068 1155 2094 ἐν
1170 2069 1202 2103 τῇ
1221 2069 1281 2105 ὁδῷ,
1298 2071 1343 2103 δὸς
1363 2072 1496 2107 ἐργασίαν
1510 2075 1684 2112 ἀπηλλάχθαι
1708 2080 1756 2105 ἀπ’
1768 2068 1818 2106 αὖ-

1027 2113 1086 2145 τοῦ,
1097 2114 1209 2160 μήποτε
1227 2118 1369 2153 κατασύρῃ
1386 2127 1416 2144 σε
1444 2121 1512 2155 πρὸς
1531 2122 1576 2148 τὸν
1602 2124 1714 2160 κριτὴν,
1740 2127 1818 2153 καὶὸ

1029 2159 1125 2194 κριτὴς
1137 2161 1250 2196 παραδῴ
1267 2171 1296 2188 σε
1318 2163 1357 2199 τῷ
1371 2165 1516 2202 πράκτορι,
1539 2169 1587 2195 καὶ
1600 2170 1615 2195 ὁ
1631 2171 1764 2207 πράκτωρ
1786 2181 1816 2199 σε

993 2220 1016 2248 D
1030 2205 1113 2254 βάλλῃ
1129 2207 1169 2238 είς
1182 2207 1317 2254 φυλακήν.
1341 2210 1367 2236 Ἀ
1374 2210 1427 2246 μὴν
1446 2211 1517 2246 λέγω
1533 2222 1572 2240 σοι
1584 2223 1590 2229 ·
1605 2216 1635 2241 οὺ
1655 2216 1693 2252 μὴ
1706 2205 1816 2254 ἐξέλθῃς

1028 2250 1145 2284 ἐκεῖθεν,
1161 2252 1213 2284 ἕως
1226 2250 1257 2280 οὗ
1284 2255 1331 2281 καὶ
1344 2255 1375 2282 τὸ
1389 2256 1502 2292 ἔσχατον
1513 2259 1610 2287 λεπτὸν
1628 2262 1744 2297 ἀποδῷς.
1767 2273 1776 2290 ι

1030 2305 1039 2321 1
1058 2297 1089 2322 Ei
1107 2297 1228 2331 δυνατὸν,
1253 2300 1284 2326 τὸ
1300 2301 1330 2332 ἐξ
1348 2302 1436 2336 ὑμῶν,
1455 2305 1524 2339 μετὰ
1539 2307 1648 2334 πάντων
1665 2308 1816 2344 ἀνθρώπων

1026 2342 1220 2378 εἰρηνεύοντες.
1240 2355 1249 2372 ι

1065 2398 1074 2413 1
1091 2390 1181 2425 Μηδὲν
1197 2392 1292 2427 μηδενὶ
1309 2394 1442 2429 ὀφείλετε,
1458 2398 1482 2423 εί
1507 2399 1544 2434 μὴ
1560 2400 1591 2426 τὸ
1611 2401 1721 2439 ἀγαπᾷν
1734 2404 1818 2440 ἀλλή-

1026 2435 1098 2466 λους.
1116 2435 1152 2462 Τὸ
1168 2437 1232 2473 γὰρ,
1257 2439 1293 2465 Οὺ
1315 2442 1473 2478 μοιχεύσῃς,
1487 2445 1516 2470 οὐ
1543 2435 1662 2481 κλέψειε,
1676 2435 1706 2475 οι)
1720 2435 1817 2484 ψευδο-

1028 2483 1226 2532 μαρτυρήσεις,
1243 2486 1291 2513 καὶ
1307 2488 1334 2513 εἴ
1348 2497 1390 2520 τις
1406 2489 1489 2525 ἑτέρα
1505 2491 1580 2520 ἐστὶν
1600 2494 1695 2531 ἐντολὴ
1706 2516 1713 2527 ,
1727 2483 1760 2523 λέν
1775 2498 1816 2532 τῷ

1026 2527 1097 2564 λόγῳ
1108 2529 1194 2564 τούτῳ
1212 2531 1471 2569 ἀνακεφαλαιοῦται,
1489 2537 1518 2563 ἐν
1542 2538 1580 2573 τῷ
1606 2540 1750 2576 ἀγαπῆσαι
1770 2544 1816 2569 τὶν

1026 2573 1141 2608 πλησίον
1155 2584 1202 2601 σου
1219 2575 1256 2608 ὡς
1274 2577 1379 2606 ἑαυτόν.
1403 2588 1411 2605 ι

1063 2671 1071 2687 1
1087 2663 1127 2713 1:1
1140 2664 1189 2713 τής
1201 2667 1314 2702 εἰρήνης
1328 2668 1481 2706 διώκωμεν,
1499 2673 1545 2699 καὶ
1559 2674 1594 2701 τὰ
1606 2674 1656 2710 τῆς
1669 2677 1815 2713 οἰκοδομῆς

1024 2709 1072 2744 τῆς
1085 2709 1124 2741 εἰς
1141 2710 1282 2747 ἀλλήλους.
1299 2724 1308 2740 ι

1063 2765 1071 2781 1
1097 2757 1129 2783 ἸΙ
1157 2759 1249 2795 ἀγάπη
1274 2760 1312 2795 τῷ
1335 2761 1448 2797 πλησίον
1461 2765 1546 2792 κακὸν
1579 2767 1628 2793 οὐκ
1656 2768 1814 2803 ἐργάζεται.

1025 2802 1164 2836 Ηὶ.ήριγιμα
1180 2805 1262 2839 ν’]μου
1278 2807 1293 2839 ἡ
1311 2807 1415 2842 ἀγάπη.
1438 2818 1447 2834 ι

1062 2858 1070 2873 1
1093 2849 1208 2884 Ζηὶοῦτξ
1229 2852 1261 2877 τὰ
1285 2853 1440 2888 χαρίσματα
1456 2856 1489 2882 τὰ
1516 2857 1670 2892 κρείττοναν
1701 2860 1748 2887 καὶ
1773 2859 1816 2886 ἔτι
