2080 3111
220 121 285 154 1197

866 113 986 144 SACRA
1002 112 1232 144 PARALLELA.

1778 113 1846 147 1198

218 176 278 205 καθ’
296 173 449 210 ὑπερϐολὴν
459 172 518 200 ὁδὸν
530 171 593 207 ὑμῖν
609 170 746 205 δείκνυμι.
769 169 832 196 Ἐὰν
846 170 907 200 ταῖς
918 168 1006 203 γλώσ-

1062 172 1131 194 mata
1142 165 1299 195 meliora.Et
1308 165 1396 194 adhuc
1404 166 1623 196 elcellentiorem
1635 168 1704 196 viam
1715 169 1790 197 vobis
1801 171 1847 198 de-

219 230 278 253 σαις
290 220 345 247 τῶν
357 217 507 254 ἀνθρώπων
521 215 605 247 λαλῶ,
619 216 667 242 καὶ
678 215 733 241 τῶν
746 214 882 249 ἀγγέλων,
897 213 1008 248 ἀγάπην

217 267 245 294 δὲ
258 267 295 301 μὴ
309 266 372 301 ἔχω,
388 264 487 298 γέγονα
502 262 601 298 χαλκὸς
615 261 701 296 ἠχῶν,
719 260 736 296 ἢ
752 259 893 295 κύμϐαλον
906 258 1007 286 ἀλαλά-

219 312 274 345 ζον.
302 311 362 337 Κᾶν
388 309 443 344 ἔχω
471 307 650 343 προφητείαν,
678 306 726 332 καὶ
753 305 801 332 ἴδω
820 306 853 332 τά
872 305 1009 340 μυστήρια

219 358 318 390 πάντα,
334 356 382 383 καὶ
397 356 488 382 πᾶσαν
505 354 553 390 τὴν
570 353 688 388 γνῶσιν·
708 352 759 379 κᾶν
776 351 829 386 ἔχω
857 352 946 377 πᾶσαν
960 350 1009 385 τὴν

220 404 322 435 πίστιν,
341 401 411 428 ὥστε
425 401 476 437 ὄρη
493 399 676 436 μεθιστάνειν,
701 398 813 433 ἀγάπην
829 397 858 423 δὲ
883 397 920 432 μὴ
943 396 1006 431 ἔχω,

220 449 296 476 οὐδέν
311 449 386 483 εἰμι’
406 446 458 473 κᾶν
475 445 592 482 ψωμίζῳ
617 445 707 472 πάντα
727 444 761 471 τὰ
780 442 937 478 ὑπάρχοντά
951 451 1006 477 μοι,

220 494 270 521 κᾶν
284 492 397 529 παραδῶ
406 492 437 518 τὸ
451 491 532 527 σῶμά
547 499 609 527 μου,
634 490 677 517 ἵνα
693 489 886 525 καυθήσωμαι,
898 488 1009 524 ἀγάπην

218 542 247 569 δὲ
260 542 290 568 οὐ
306 541 343 576 μὴ
358 539 422 575 ἔχω,
439 538 514 566 οὐδὲν
530 537 699 572 ὠφελοῦμαι.
720 536 752 563 Ἦ
765 536 860 571 ἀγάπη
879 535 910 562 οὺ
923 534 1008 570 ζηλοῖ·

219 587 349 623 ήάγάπη
375 584 560 620 μακροθυμεῖ,
589 583 792 619 χρηστεύεται·
824 582 841 617 ἡ
857 581 952 616 ἀγάπη
979 581 1008 606 οὗ

220 630 435 668 περπερεύεται,
446 630 477 656 οὐ
492 629 649 664 φυσιοῦται,
666 629 716 655 οὐκ
732 627 896 663 ἀσχημονεῖ,
912 626 942 652 οὺ
960 625 1009 660 ζη-

219 679 261 704 τεῖ
272 677 307 704 τὰ
320 676 431 711 ἑαυτῆς.
446 675 540 703 Πάντα
556 674 691 707 πιστεύει,
710 674 800 701 πάντα
813 672 930 704 ἐλπίζει,
943 671 1010 698 πάν-

220 731 253 749 τα
279 722 420 757 ὑπομένει.
445 721 477 747 'H
499 720 592 756 ἀγάπη
615 719 743 747 οὐδέποτε
766 718 905 746 ἐκπίπτει.
926 727 935 743 ι
956 718 1011 744 Καὶ

220 768 318 795 πάλιν·
342 776 351 793 1
373 767 441 794 Νυνὶ
453 766 482 793 δὲ
498 766 573 802 μένει
597 766 699 798 πίστις,
727 764 815 796 ἐλπὶς,
844 763 949 799 ἀγάπη,
977 764 1011 790 τὰ

220 814 281 849 cpia
298 813 386 840 ταῦτα
397 821 404 827 '
418 812 520 848 μείζων
535 813 564 839 δὲ
583 811 684 839 τούτων
697 813 713 848 ὴ
731 811 836 846 ἀγάπη.
854 821 863 836 ι

285 956 377 982 Πάντα
393 954 469 989 ὑμῶν
484 955 512 980 ἐν
527 953 623 989 ἀγάπῃ
634 953 760 988 γινέσθω.
781 962 791 979 ›

259 1054 269 1071 1
287 1045 463 1081 Elpqvat’aste,
477 1044 597 1079 ἀδελφοὶ,
613 1043 659 1070 καὶ
670 1044 685 1069 ὁ
699 1043 766 1075 Θεὸς
779 1043 830 1078 τῆς
841 1042 951 1078 ἀγάπης
963 1041 1010 1069 καὶ

222 1091 333 1126 εἰρήνης
349 1089 425 1116 ἔσται
440 1089 500 1125 μεθ’
518 1089 606 1124 ὑμῶν.
622 1099 631 1115 ι

259 1146 268 1162 1
287 1136 336 1162 Διά
350 1136 400 1171 τῆς
410 1135 520 1170 ἀγάπης
530 1134 669 1161 δουλεύετε
683 1134 819 1169 ἀλλήλοις.
844 1132 873 1160 '0
889 1132 942 1169 γὰρ
958 1133 1012 1164 πᾶς

221 1182 302 1218 νόμος
317 1182 358 1209 ἐνὶ
376 1181 447 1217 λόγῳ
471 1180 661 1216 πεπλήρωται,
672 1181 701 1207 ἐν
719 1180 768 1216 τῷ,
784 1179 951 1214 Ἀγαπήσεις
966 1178 1012 1206 τὸν

223 1228 336 1264 πλησίον
353 1235 399 1254 σου
413 1227 450 1258 ὡς
467 1226 589 1254 σεαυτόν.
611 1235 620 1252 ι

259 1283 268 1300 1
287 1273 398 1300 Γίνεσθε
413 1273 454 1305 είς
468 1272 599 1307 ἀλλήλους
610 1272 735 1308 χρηστοὶ,
751 1271 946 1307 εὔσπλαγχνοι,
961 1280 1012 1307 χα-

223 1320 360 1356 ριζόμενοι
377 1320 493 1352 ἑαυτοῖς,
506 1318 597 1350 καθὼς
612 1319 659 1345 καὶ
671 1319 685 1345 ὁ
696 1318 761 1350 Θεὸς
774 1318 922 1353 ἐχαρίσατο
934 1318 1010 1352 ἡμῖν.

222 1367 333 1393 Γίνεσθε
353 1364 398 1393 οὖν
416 1366 533 1401 μιμηταὶ
544 1364 624 1395 Θεοῦ,
636 1364 673 1396 ὡς
689 1364 772 1390 τέκνα
799 1363 940 1398 ἀγαπητὰ,
964 1363 1012 1389 καὶ

223 1411 400 1447 περιπατεῖτε
415 1412 443 1437 ἐν
457 1411 561 1446 ἀγάπῃ,
576 1409 666 1441 καθὼς
684 1410 730 1436 καὶ
744 1409 758 1435 ὁ
773 1408 891 1445 Χριστὸς
903 1408 1012 1443 ἠγάπη-

223 1467 269 1484 σεν
283 1459 367 1493 ἡμᾶς,
380 1457 426 1484 καὶ
445 1457 602 1492 παρέδωκεν
623 1456 720 1483 ἑαυτὸν
737 1456 807 1491 ὑπὲρ
824 1455 903 1490 ἡμῶν
927 1463 1012 1490 προσ-

223 1504 307 1539 φορὰν
318 1504 365 1530 καὶ
382 1503 477 1530 θυσίαν
490 1503 528 1537 τῷ
543 1502 603 1536 Θεῷ
616 1503 654 1533 είς
670 1501 756 1537 ὀσμὴν
773 1501 897 1532 εὐωδίας.
913 1510 922 1526 ι

261 1602 270 1619 1
291 1593 352 1619 Ἐπὶ
365 1594 432 1620 πᾶσι
456 1593 506 1628 τὴν
523 1593 633 1628 ἀγάπην
651 1592 773 1624 διώκετε,
788 1593 828 1618 ὅτι
845 1592 904 1618 ἐστὶ
920 1591 1011 1618 σύνδε-

224 1647 291 1674 σμος
305 1639 353 1674 τῆς
365 1638 544 1673 τελειότητος.
570 1639 624 1664 Καὶ
647 1639 664 1674 ἡ
681 1639 776 1673 εἰρήνη
797 1637 843 1664 τοῦ
860 1637 927 1664 Θεοῦ
944 1637 1011 1673 βρα-

223 1685 332 1711 ϐεύεται
348 1684 377 1710 ἐν
393 1684 453 1715 ταῖς
468 1683 592 1719 καρδίαις
608 1683 694 1718 ὑμῶν.
718 1692 727 1709 ι

259 1739 270 1756 1
288 1730 407 1765 Εἰρήνην
421 1729 534 1756 διώκετε
551 1728 621 1763 μετά
643 1728 763 1761 πάντων,
789 1728 836 1754 καὶ
862 1727 908 1754 τὸν
932 1728 1010 1761 ἁγια-

225 1775 304 1811 πμδν,
322 1773 352 1802 οὗ
366 1775 450 1810 χωρὶς
461 1774 548 1806 οὐδεὶς
560 1774 655 1810 ὖψεται
673 1773 717 1800 τὸν
729 1773 844 1809 Κύριον.
864 1783 873 1801 ι
994 1777 1011 1789 “

262 1877 272 1894 1
290 1868 404 1904 Καρπὺς
416 1867 591 1904 δικαιοσύνης
618 1868 647 1896 ὲν
673 1868 768 1904 εἰρήνῃ
791 1866 933 1902 σπείρεται
955 1868 1011 1899 τοῖς

223 1914 344 1942 ποιοῦσιν
357 1914 478 1949 ειρήνην.
497 1923 508 1940 ι

261 1971 271 1987 1
291 1962 321 1987 '0
333 1960 447 1995 ἀγαπῶν
461 1960 507 1987 τὸν
523 1959 636 1995 ἀδελφὸν
648 1959 742 1991 αὐτού,
756 1959 792 1988 ,ὲν
815 1958 854 1993 τῷ
872 1958 942 1993 φωτὶ
962 1958 1012 1994 μέ.

223 2017 274 2036 νει.
294 2017 303 2033 ι

262 2061 271 2078 1
296 2052 343 2078 Ἐκ
358 2051 479 2087 καθαρᾶς
495 2051 609 2088 καρδίας
626 2051 763 2085 ἀγαπᾶτε.
789 2059 798 2075 )

260 2107 270 2125 1
298 2098 404 2133 Ἀγάπη
419 2097 552 2124 καλύπτει
565 2097 666 2132 πλῆθος
680 2096 832 2132 ἁμαρτιῶν.
852 2105 861 2122 ι

261 2191 379 2224 «Τέκνα,
401 2191 439 2226 μὴ
467 2188 619 2225 ἀγαπῶμεν
647 2188 729 2224 λόγῳ,
747 2188 814 2224 μηδὲ
840 2187 874 2222 τῇ
887 2185 1006 2222 γλώσσῃ,
1026 2204 1047 2230 D

223 2238 281 2265 ἀλλ’
294 2238 366 2274 ἔργῳ
379 2238 428 2264 καὶ
440 2237 564 2272 ἀληθείᾳ.
579 2235 634 2262 Καὶ
648 2236 677 2262 ὲν
687 2234 773 2269 τούτῳ
788 2233 958 2268 γνωσόμεθα,
968 2233 1009 2259 ὅτι

223 2284 256 2311 ἑκ
267 2283 315 2319 τῆς
332 2283 461 2319 ἀληθείας
480 2283 573 2317 ἐσμέν.
594 2291 603 2307 ι

260 2338 271 2355 1
294 2329 456 2365 Ἀγαπητοί,
473 2328 625 2363 ἀγαπῶμεν
644 2326 784 2362 ἀλλήλους,
805 2327 845 2353 ὅτι
871 2327 887 2360 ἡ
916 2326 1010 2361 ἀγάπη

223 2376 254 2403 ἐκ
270 2375 317 2402 τοῦ
333 2374 400 2401 Θεοῦ
413 2375 501 2401 ἐστιν·
521 2373 569 2400 καὶ¹
589 2373 642 2404 πᾶς
657 2373 671 2399 ὁ
690 2372 817 2407 ἀγαπῶν,
836 2372 868 2398 ἐκ
880 2371 948 2398 Θεοῦ
965 2380 1011 2405 γε-

223 2420 361 2456 γέννηται,
376 2421 423 2447 καὶ
437 2420 566 2454 γινώσκει
577 2420 622 2446 τὸν
633 2417 710 2446 Θεὸν.
734 2419 763 2445 '0
776 2418 813 2453 μὴ
827 2418 950 2452 ἀγαπῶν,
961 2418 1010 2444 οὐκ

223 2466 293 2499 ἔγνω
310 2466 354 2492 τὸν
370 2466 444 2498 θεὸν,
468 2467 509 2493 ὅτι
536 2467 550 2492 ὁ
567 2466 630 2497 Θεὸς
650 2465 744 2500 ἀγάπη
772 2464 841 2491 ὲστί.
861 2463 944 2495 Φόϐος
961 2464 1010 2490 οὐκ

223 2509 297 2535 ἔστιν
313 2510 341 2536 ὲν
358 2511 390 2544 τῇ
403 2512 496 2547 ἀγάπῃ
511 2520 518 2527 ·
537 2513 555 2547 ὴ
567 2514 621 2547 γὰρ
637 2511 727 2538 τελεία
739 2511 833 2545 ἀγάπη
845 2509 897 2542 ἔξω
917 2510 1008 2545 βάλλει

221 2555 268 2581 τὸν
282 2554 375 2588 φόϐον·
390 2556 404 2582 ὁ
415 2556 442 2582 δὲ
457 2556 633 2592 φυδούμενος,
647 2558 676 2583 οὐ
689 2557 838 2584 τελειοῦται
853 2558 882 2583 ὲν
898 2557 931 2591 τῇ
942 2555 1007 2589 ἁγά-

223 2608 271 2635 πη.
282 2600 344 2626 Ἐάν
359 2609 401 2632 τις
414 2601 488 2638 εἴπῃ,
499 2603 540 2628 ὃτι
556 2603 668 2637 ’Λγαπῶ
683 2602 726 2629 τὸν
735 2603 811 2636 Θεὸν,
820 2603 866 2629 καὶ
879 2602 924 2628 τὸν
935 2602 1010 2628 ἁδελ-

223 2645 272 2678 φὸν
287 2645 370 2671 αὖτοῦ
389 2648 474 2681 μισεῖ,
491 2647 610 2682 ψεύστης
623 2648 707 2675 ἐστιν.
730 2647 758 2674 'O
771 2649 824 2683 γὰρ
843 2647 880 2684 μὴ
894 2647 1009 2682 ἀγαπῶν

221 2690 269 2717 τὸν
283 2691 397 2726 ἀδελφὺν
411 2693 506 2725 αὑτοῦ,
525 2693 555 2720 ὃν
566 2694 683 2730 ἑώρακε,
698 2694 743 2722 τὸν
764 2694 830 2721 Θεὸν
846 2694 875 2721 ὃν
889 2695 939 2729 οὐχ
957 2694 1008 2721 ἑώ-

222 2745 302 2771 ρακε,
314 2737 373 2769 πῶς
387 2737 498 2765 δύναται
515 2739 640 2774 ἀγαπᾷνς
664 2749 673 2766 ›

257 2783 341 2809 οὐδέν
357 2783 432 2810 ἐστιν
458 2784 570 2820 ἄμεινον
596 2785 717 2820 εἰρήνης,
742 2786 770 2812 ὲν
786 2782 802 2822 ᾖ
817 2786 871 2818 πᾶς
893 2786 1009 2822 πόλεμος

221 2831 411 2865 ⁴καταργεῖται.

1062 219 1195 241 monstro.
1212 213 1240 241 Si
1253 213 1354 249 linguis
1369 213 1510 241 hominum
1528 214 1626 250 loquar
1636 221 1662 243 et
1674 216 1845 251 angelorum.

1060 259 1220 286 ehatitatem
1238 262 1327 285 autem
1343 266 1396 286 non
1412 259 1536 293 habeam,
1551 260 1641 288 factus
1652 268 1713 288 sum
1724 262 1797 289 velut
1810 269 1847 289 tes

1061 312 1173 337 sonans,
1203 308 1250 331 aut
1274 305 1430 339 cymbalum
1459 306 1589 333 tinniens.
1619 306 1649 333 Et
1676 306 1697 333 si
1723 307 1848 335 habuero

1061 351 1246 387 prophetiam,
1272 357 1298 380 et
1322 353 1443 379 noverim
1469 353 1597 387 mysteria
1621 353 1722 386 onmia,
1747 359 1774 382 et
1793 361 1848 381 om-

1062 406 1121 426 nem
1138 399 1296 432 scientiam,
1309 404 1335 426 et
1350 399 1372 426 si
1387 399 1508 426 imbuero
1526 407 1634 427 onmem
1656 400 1748 433 fidem,
1766 401 1802 428 ita
1818 407 1846 428 ut

1062 448 1170 471 montes
1187 445 1365 477 transferam,
1378 445 1541 472 charitatem
1563 450 1653 473 autem
1672 453 1725 473 non
1744 446 1848 474 habue-

1063 497 1102 522 ro,
1122 490 1191 517 nihil
1203 498 1274 518 sum.
1290 491 1357 518 Etsi
1377 490 1542 519 distribuere
1563 491 1590 519 in
1604 491 1681 520 cibos
1697 499 1793 521 omnes
1806 493 1847 520 fu-

1061 536 1178 563 cultates
1194 544 1288 569 meas,
1302 541 1329 564 et
1347 537 1368 565 si
1382 537 1521 565 tradidero
1534 545 1633 572 corpus
1652 546 1740 566 meum
1761 539 1799 566 ita
1817 543 1848 566 ut

1062 583 1183 616 ardeam,
1197 583 1361 611 charitatem
1374 588 1466 611 autent
1482 592 1535 611 non
1552 584 1685 618 imbuero,
1703 585 1770 611 nihil
1781 585 1848 612 mihi

1062 629 1183 663 prodest.
1201 627 1329 657 Charitas
1346 637 1401 656 non
1426 630 1570 657 annulatur
1587 640 1594 657 :
1609 630 1731 658 charitas
1747 631 1851 666 patiens

1062 679 1113 707 est,
1133 674 1251 710 benigna
1271 679 1324 702 est.
1339 675 1470 703 Charitas
1488 683 1542 702 non
1557 676 1612 711 agit
1627 684 1781 711 perperam,
1797 685 1849 703 non

1063 720 1184 754 inﬂatur,
1207 728 1260 748 non
1294 725 1335 749 est
1356 721 1511 754 ambitiosa,
1533 729 1587 748 non
1607 722 1704 756 qmerit
1718 729 1777 756 quac
1801 730 1849 749 sua

1062 770 1138 793 sunt.
1152 766 1247 793 Omnia
1264 767 1362 800 credit,
1378 768 1468 794 omnia
1487 773 1590 802 sperat,
1614 768 1704 795 omnia
1721 768 1850 795 sustinet.

1064 812 1192 840 Charitas
1207 821 1346 847 nunquam
1370 813 1482 840 excidit.
1501 824 1510 838 ι
1535 813 1568 841 Et
1592 822 1699 841 rursum
1721 822 1727 840 :
1747 823 1755 839 1
1774 813 1850 840 Nune

1065 863 1156 887 autem
1170 865 1290 892 manent,
1309 860 1383 892 fides,
1405 868 1478 894 spes,
1495 860 1626 892 Charitas,
1646 861 1698 887 tria
1714 861 1780 887 haec.
1795 860 1851 887 illa-

1059 905 1103 940 jor
1118 910 1209 933 autem
1226 906 1323 932 horum
1339 909 1380 933 est
1399 906 1531 933 charilas.
1556 916 1565 933 ›
1672 942 1675 945 γ

1097 953 1111 979 1
1129 953 1189 981 Cor.
1216 961 1272 987 xvi,
1300 954 1390 980 M.—-
1404 962 1413 978 1
1431 954 1528 981 Omnia
1547 959 1638 981 vestra
1662 955 1689 981 in
1717 953 1852 981 Cllﬂl'ilulc

1062 999 1209 1062 “aii'dor.
1232 1043 1291 1068 xm,
1309 1035 1351 1062 Η.
1369 1050 1399 1054 -
1415 1044 1423 1060 1
1445 1035 1543 1062 Pacem
1563 1036 1671 1068 habete,
1697 1036 1808 1070 fratres,
1825 1042 1852 1064 et

1064 1080 1133 1108 Deus
1149 1080 1304 1108 dilcCtionis
1319 1085 1345 1108 et
1357 1081 1433 1115 pacis
1448 1081 1500 1108 erit
1514 1080 1665 1108 vobiscum.
1689 1091 1697 1106 ι

1099 1125 1188 1153 Galat.
1207 1134 1233 1159 v,
1252 1127 1294 1154 15.
1306 1136 1357 1164 -ῖι
1372 1126 1422 1153 ναι·
1441 1126 1603 1154 eharitatem
1622 1128 1735 1162 spiritus
1751 1129 1851 1156 servite

1063 1173 1190 1200 invicem.
1208 1173 1303 1201 Omnis
1323 1174 1394 1200 enim
1413 1173 1455 1199 lex
1475 1180 1530 1200 uno
1546 1180 1672 1200 sermone
1699 1174 1826 1208 impletur
1846 1180 1852 1201 ι

1065 1218 1165 1253 Diliges
1180 1219 1334 1253 proximum
1352 1223 1427 1245 tuum
1442 1218 1514 1245 sicut.
1527 1219 1655 1252 teipsum.
1679 1228 1689 1245 ι

1100 1264 1194 1298 ΕρΙιίιις.
1210 1265 1302 1297 ιν,52;
1320 1271 1346 1295 v,
1363 1265 1387 1291 1.
1402 1278 1434 1283 —
1452 1274 1460 1289 1
1474 1264 1565 1291 Estote
1590 1264 1707 1291 invicem
1728 1266 1850 1301 benigni,

1064 1309 1270 1342 misericordes,
1301 1309 1435 1335 donantes
1461 1308 1683 1344 vobismetipsis,
1719 1310 1791 1336 εἱ‹·ιιι
1824 1316 1851 1337 et

1064 1355 1135 1383 Deus
1149 1355 1262 1382 donavit
1273 1355 1362 1382 nobis.
1379 1354 1475 1382 Estote
1490 1363 1554 1390 ergo
1565 1356 1716 1382 imitatores
1733 1357 1779 1383 nui
1795 1357 1852 1383 sic—

1064 1407 1093 1429 ut
1118 1401 1165 1428 filii
1188 1401 1362 1433 charissimi,
1402 1406 1429 1429 et
1453 1401 1590 1428 ambulate
1620 1401 1702 1438 354
1729 1403 1754 1428 in
1785 1402 1851 1429 dile-

1065 1448 1164 1481 ctione,
1183 1447 1253 1475 sicut
1269 1451 1297 1473 et
1310 1446 1435 1474 Christus
1450 1446 1547 1473 dilexit
1563 1451 1662 1478 nos,et
1676 1447 1789 1474 tradidit
1806 1455 1851 1474 εε-

1065 1494 1208 1528 metipsum
1227 1500 1275 1528 pro
1292 1492 1372 1519 nobis
1389 1492 1554 1520 oblationem
1575 1496 1601 1519 et
1620 1492 1784 1520 sacrificium
1797 1493 1851 1520 Deo

1063 1540 1090 1566 in
1114 1539 1227 1565 odorem
1244 1537 1399 1565 suavitatis.
1417 1547 1426 1562 ι
1795 1531 1807 1548 ⁸

1098 1582 1346 1616 Coloss.nt,M.—
1362 1592 1371 1607 1
1388 1582 1477 1617 Super
1489 1583 1578 1609 omnia
1589 1583 1848 1611 autemcharitatem

1062 1630 1216 1663 sectamini,
1234 1629 1298 1664 quia
1315 1634 1356 1656 est
1376 1628 1512 1655 vinculum
1540 1629 1728 1664 perfectionis.
1748 1629 1780 1656 Et
1796 1637 1849 1665 pax

1062 1679 1107 1705 Dei
1124 1677 1244 1704 exsultat
1260 1677 1286 1702 in
1302 1675 1432 1702 cordibus
1445 1674 1555 1703 vestris.
1576 1683 1585 1701 ι

1098 1723 1180 1750 llebr.
1199 1730 1248 1754 χιι,
1266 1721 1310 1748 it.
1327 1734 1361 1741 ρ
1381 1729 1390 1746 1
1409 1719 1507 1747 Pacem
1532 1721 1676 1755 sequimini
1701 1730 1762 1750 cum
1789 1731 1850 1750 om-

1061 1770 1154 1804 nibus,
1183 1774 1210 1797 et
1233 1766 1462 1801 sanctimoniam,
1491 1767 1550 1794 sine
1570 1774 1624 1802 qua
1646 1775 1727 1796 nemo
1747 1769 1850 1797 videbit.

1062 1818 1156 1846 Deum.
1173 1826 1182 1843 ›

1096 1867 1157 1894 Juc.
1173 1867 1313 1900 ΠΙ,18.--
1327 1875 1336 1892 1
1350 1865 1466 1893 Fructus
1481 1863 1596 1898 iustitiae
1611 1865 1637 1892 in
1654 1872 1719 1900 pace
1732 1866 1850 1894 semina-

1061 1919 1106 1941 tur
1121 1913 1286 1941 facientibus
1300 1920 1404 1947 pacem.
1424 1921 1432 1937 ι

1097 1958 1112 1985 I
1127 1958 1210 1986 Jaun.
1225 1966 1254 1989 II,
1272 1958 1316 1984 10.
1330 1973 1366 1978 »-
1383 1968 1391 1983 1
1411 1958 1461 1990 Qui
1483 1959 1697 1994 diligitfratrem
1715 1966 1806 1992 suum,
1821 1959 1848 1986 in

1061 2005 1164 2032 lumine
1177 2008 1277 2031 manet.
1298 2013 1306 2029 ι

1100 2050 1112 2077 ι
1135 2050 1204 2077 Tim.
1222 2059 1241 2082 i,
1258 2050 1285 2077 5.
1303 2066 1338 2071 —
1356 2059 1364 2076 ι
1387 2050 1425 2077 Ex
1445 2058 1512 2083 puro
1530 2051 1613 2078 corde
1628 2051 1743 2087 diligite.
1765 2060 1776 2077 ι

1099 2096 1111 2122 l
1127 2096 1200 2122 Patr.
1213 2103 1250 2128 tv,
1263 2095 1289 2121 8.
1301 2111 1335 2116 —
1357 2105 1365 2120 1
1381 2095 1507 2123 Charitas
1532 2097 1621 2131 operit.
1647 2097 1848 2124 multitudinem

1062 2146 1245 2178 peccatortuu.
1272 2151 1280 2166 ι

1100 2187 1113 2214 I
1130 2187 1211 2215 Joun.
1230 2195 1272 2221 III,
1288 2187 1332 2215 18.
1348 2202 1381 2209 -—
1401 2198 1409 2214 1
1424 2188 1526 2222 Filioli,
1551 2197 1604 2217 non
1625 2190 1773 2225 diligamus
1787 2198 1848 2218 ver-

1063 2233 1107 2266 bo,
1122 2241 1214 2274 neque
1231 2233 1335 2269 lingua,
1349 2234 1398 2262 sed
1415 2242 1497 2270 opere
1512 2239 1539 2263 et
1556 2237 1679 2265 veritate.
1698 2236 1731 2264 Et
1747 2237 1775 2264 in
1795 2238 1848 2265 hoc

1062 2279 1191 2312 sciemus,
1208 2280 1282 2314 quod
1296 2287 1328 2307 ex
1343 2281 1458 2308 veritate
1474 2289 1581 2309 sumus.
1598 2291 1607 2308 ι

1097 2324 1112 2351 Ι
1129 2324 1209 2352 Joan.
1235 2333 1272 2359 Iv,
1291 2325 1319 2358 7,
1341 2326 1385 2359 18,
1403 2327 1496 2354 20.--
1515 2338 1524 2354 1
1550 2329 1724 2363 Charissimi,
1754 2330 1850 2365 diligao

1063 2378 1123 2399 mus
1140 2370 1254 2398 invicem
1274 2380 1280 2398 :
1299 2371 1361 2406 quia
1384 2372 1505 2401 Charitas
1524 2381 1557 2401 ex
1571 2374 1627 2402 Deo
1639 2380 1691 2408 est,
1714 2380 1741 2402 et
1759 2377 1850 2404 omnis

1062 2417 1110 2451 qui
1125 2417 1224 2452 diligit,
1244 2424 1277 2444 ex
1300 2417 1354 2445 Deo
1373 2423 1454 2446 natus
1471 2423 1523 2452 est,
1546 2426 1573 2448 et
1593 2422 1735 2457 cognoscit
1749 2421 1848 2451 Deum.

1062 2461 1114 2494 Qui
1128 2470 1180 2489 non
1196 2462 1295 2496 diligit,
1312 2470 1368 2490 non
1386 2464 1463 2491 novit
1477 2464 1572 2497 Deum,
1587 2466 1653 2500 quia
1672 2466 1744 2494 Deus
1756 2467 1849 2495 chari-

1063 2512 1105 2535 tas
1120 2512 1172 2535 est.
1187 2506 1282 2534 Timor
1295 2515 1351 2534 non
1367 2512 1410 2536 est
1423 2509 1451 2536 in
1468 2510 1611 2538 charitate.
1625 2510 1751 2540 Perfecta
1775 2514 1848 2540 enim

1061 2555 1182 2582 Charitas
1197 2554 1271 2581 foras
1283 2554 1364 2582 mittit
1378 2555 1515 2584 timerent.
1530 2556 1580 2590 Qui
1591 2562 1681 2586 autem
1698 2559 1783 2591 timet.
1796 2568 1849 2587 non

1061 2607 1103 2629 est
1116 2602 1254 2636 perfectus
1271 2602 1299 2629 in
1313 2602 1459 2630 eharitate.
1482 2603 1512 2631 Si
1527 2604 1588 2638 quis
1601 2604 1704 2633 dixerit
1718 2607 1848 2640 quoniam

1061 2648 1150 2683 Diligo
1176 2648 1273 2682 Deum,
1303 2654 1331 2677 ct
1348 2648 1460 2677 fratrem
1488 2651 1554 2683 odit,
1579 2652 1696 2679 mendax
1718 2658 1771 2681 est.
1796 2653 1849 2687 Qui

1060 2695 1132 2723 enim
1151 2704 1203 2723 non
1217 2696 1304 2731 diligit
1323 2695 1435 2723 fratrem
1459 2705 1538 2724 suum
1557 2705 1636 2733 quem
1655 2699 1738 2731 videt,
1761 2699 1847 2728 Deum

1061 2750 1141 2777 quem
1156 2750 1210 2769 non
1233 2742 1315 2776 videt,
1331 2744 1469 2778 quomodo
1483 2743 1597 2779 diligere
1615 2746 1726 2779 potest?
1746 2755 1756 2772 ι

1096 2787 1127 2815 S.
1147 2785 1246 2823 Ignatii
1261 2788 1310 2823 Ep.
1323 2789 1357 2816 ad
1379 2788 1475 2823 Epltes.
1499 2790 1624 2824 iulerpol.
1641 2806 1677 2812 —
1693 2791 1761 2819 Pace
1779 2791 1849 2820 nihil

1061 2839 1104 2862 est
1120 2835 1309 2869 praestantius,
1329 2835 1354 2862 in
1371 2842 1424 2871 qua
1437 2835 1537 2862 bellum
1554 2843 1635 2863 omne
1649 2836 1784 2865 aboletur.
