2074 3115
233 102 298 135 Ηῗθ

230 204 295 238 quid
311 210 529 230 commemorare
549 203 648 228 attinet
669 202 700 228 ad
718 209 797 229 veros
825 203 895 230 ﬁlios
919 203 1015 238 pacis?

231 250 303 276 Nihil
321 249 393 276 cnim
412 248 564 275 Christiani
583 248 704 275 hominis
725 248 793 275 adeo
810 249 946 282 proprium
964 254 1015 279 est.

231 301 260 323 ut
286 293 467 322 conciliandze
494 293 553 328 paci
574 293 686 321 studere
716 302 722 321 :
746 294 964 328 quandoquidem
981 294 1017 321 ob

231 342 302 369 hanc
317 347 424 375 quoque
437 347 550 367 causam
565 339 691 366 Christus
706 339 847 374 praemium
862 339 941 366 nobis
957 339 1015 375 pol-

230 388 322 414 licitus
334 391 385 413 cst.

267 432 337 460 Naz.
352 441 391 459 or.
410 431 453 458 ιε.
469 446 502 451 ——
517 430 570 458 Deo
595 439 628 458 ac
650 431 752 458 divinis
771 431 855 459 rebus
868 431 1014 466 propinqui

229 485 303 512 sunt,
324 480 483 515 quicunque
505 478 579 513 pacis
601 478 703 505 bonum
728 479 876 512 amplexari
899 486 1016 506 cernun-

229 531 283 558 Lur,
300 533 331 552 ac
348 525 497 556 contrario,
524 531 572 551 seu
590 523 718 556 dissidio,
743 523 843 552 inienSt
866 528 947 559 atque
972 525 1014 550 in-

229 572 289 598 I'esti
309 575 382 598 sunt.

265 616 346 651 Nyxs.
361 624 400 643 or.
418 616 445 648 7,
461 615 498 642 De
511 615 603 642 beati-1.
621 630 655 634 —
667 614 901 647 Quemadmodum
918 615 1013 641 oborta

227 664 346 691 sanitate
372 662 483 688 morbus
507 661 540 688 de
563 661 653 687 medio
684 661 797 693 tollitur,
820 668 852 687 ac
875 661 935 687 luce
955 669 1015 688 sese

227 713 366 741 cxerente,
394 708 474 735 nulla:
500 712 649 742 supersum
673 707 811 734 tenebrat:
827 707 867 734 sic
890 707 934 734 ubi
962 715 1013 742 pax

227 755 329 788 illuxit,
350 755 414 780 vitia
433 753 536 786 omnia,
557 760 618 788 qua:
638 761 669 780 ex
685 753 824 780 contrario
848 753 1014 787 conﬂantur,

227 803 406 827 evanescunt.
425 798 521 826 Omnis
537 799 670 825 malorum
688 802 798 826 caterva
812 797 910 826 affectu
924 798 1015 825 chari-

228 847 292 873 tatis
306 846 501 880 exstinguitur.

261 891 405 917 Cltaritate
413 895 436 916 et
451 897 516 924 pace
525 889 592 916 nihil
605 888 747 916 sublimius
763 887 900 923 Scriptura
911 888 1015 915 statuit.

262 936 398 971 C/irysost.
415 935 544 969 Derprof.
567 935 646 968 episc.
662 934 733 961 hom.
750 942 792 966 Ill,
809 933 848 961 De
865 938 930 961 stat.
943 949 978 954 -—-
991 933 1015 961 Is

227 981 377 1008 aumatium
397 989 454 1008 mos
474 985 527 1014 est,
543 984 572 1007 ut
587 987 683 1007 eorum
703 987 773 1014 quos
786 983 891 1012 amant,
908 980 1016 1014 negotia

226 1028 317 1054 omnia
332 1035 380 1062 per
391 1035 420 1055 se
432 1026 527 1054 centici
544 1026 639 1059 velint,
651 1033 702 1054 nec
716 1033 763 1053 eos
779 1026 883 1060 absque
894 1033 923 1054 se
934 1026 1017 1061 quid-

226 1081 310 1109 quam
324 1074 413 1101 facere
431 1073 472 1100 vel
486 1073 573 1107 loqui.

262 1120 358 1155 Ejusd.
372 1120 443 1149 hom.
456 1120 482 1146 in
496 1119 590 1154 parab.
601 1119 688 1146 decem
700 1119 756 1146 mil.
767 1120 815 1146 (al.
828 1134 854 1140 —
865 1119 1015 1147 Charitatis

226 1172 324 1194 natura
337 1167 492 1194 satietatem
502 1165 604 1193 nullam
615 1165 739 1200 agnoscit
751 1175 756 1192 :
768 1166 835 1200 quin
850 1166 939 1200 potius
951 1166 1013 1192 dum

225 1214 280 1241 illis
298 1221 368 1248 quos
386 1213 488 1240 charos
504 1211 598 1242 habet,
617 1218 725 1245 semper
747 1210 859 1243 fruitur,
885 1211 911 1237 in
930 1210 1013 1244 majo-

226 1267 283 1286 rem
305 1259 440 1286 llammam
464 1258 594 1292 assurgit.
609 1257 686 1289 Quod
707 1265 766 1283 cum
780 1257 908 1284 alumnus
927 1257 1014 1292 ipsius

225 1304 326 1331 Paulus
339 1308 511 1338 compertum
529 1303 653 1335 haberet,
667 1301 773 1329 aiebat:
793 1311 801 1326 ι
818 1301 924 1328 Nemini
937 1302 1013 1336 quid-

224 1356 307 1384 quam
328 1348 462 1381 debeatis,
493 1347 545 1374 nisi
573 1351 601 1373 ut
622 1347 740 1373 invicem
769 1346 900 1380 diligatis.
922 1356 930 1372 ι
955 1347 1012 1384 lloc

224 1395 297 1421 enim
323 1393 445 1420 debitum
472 1400 579 1426 semper
610 1392 720 1426 quidem
744 1392 889 1425 penditur;
917 1400 1011 1420 verum

225 1441 339 1468 onmino
362 1448 414 1466 non
437 1439 613 1474 persolvitur.
643 1438 699 1465 lloe
720 1438 801 1465 modo
819 1439 952 1473 optimum
970 1444 1012 1466 est

223 1491 251 1513 et
267 1487 348 1513 laude
368 1485 479 1520 dignum
495 1489 626 1519 perpetuo
644 1484 794 1511 debitorem
815 1491 888 1511 esse.
903 1483 1008 1511 Etenim
1024 1499 1047 1527 Ο

225 1529 314 1560 ιιιιίῒῐο
330 1531 454 1567 pecuniis
474 1531 572 1565 agitur,
591 1538 640 1558 eos
664 1530 810 1558 laudamus
822 1530 867 1565 qui
880 1531 946 1558 nihil
964 1533 1010 1558 de-

223 1579 305 1606 beant
319 1585 399 1611 ;cutn
415 1581 504 1604 autem
518 1576 551 1603 de
565 1576 710 1607 charitate.
723 1577 817 1603 beatos
827 1576 934 1603 demum
949 1578 1011 1604 illos

222 1624 415 1658 praedicamus,
429 1622 475 1657 qui
492 1629 602 1656 semper
615 1621 717 1648 debent
736 1631 742 1647 :
759 1626 786 1649 et
804 1622 876 1656 quod
892 1623 949 1650 illic
967 1623 1009 1649 in-

222 1670 290 1704 grati
302 1668 395 1700 animi,
409 1668 454 1694 hic
465 1666 545 1702 355
555 1667 624 1700 grati
637 1672 662 1693 ct
673 1667 948 1702 probiargumentum
959 1673 1010 1700 est,

222 1716 353 1742 nimirum
370 1721 512 1748 utinquam
530 1713 673 1740 charitatis
683 1713 804 1740 debitqu
820 1714 974 1741 exsolvere.

258 1760 354 1795 Ejtud.
370 1760 402 1786 de
414 1767 472 1795 gen.
497 1759 548 1793 fer.
560 1763 679 1793 pauperi.
696 1774 730 1778 —
745 1757 795 1792 Qui
814 1766 905 1794 pacem
922 1759 1010 1786 omni—

222 1809 273 1835 bus
297 1811 436 1842 preeatur,
459 1806 483 1832 is
503 1805 740 1840 perturbationum
772 1805 873 1832 bellum
903 1805 1009 1840 abegit;

221 1858 362 1890 peccatum
394 1857 471 1887 pllla,
504 1858 696 1886 ρει-νοιειιιιιιιι
735 1850 935 1886 cogitationum
965 1856 1008 1878 ιιι-

221 1900 347 1931 multum,
369 1897 529 1934 procellam,
559 1897 669 1929 ﬂuctus,
699 1896 870 1932 hiememque
903 1897 1009 1932 cupidi-

221 1950 321 1977 tatum,
350 1949 375 1972 et
405 1943 625 1979 tranquilliorem
650 1943 749 1977 quovis
777 1946 856 1976 portu
887 1942 1008 1969 aninnnu

221 1991 357 2024 reddidit;
376 1990 464 2025 utqui
488 1997 583 2024 pacem
616 1989 751 2016 bonorum
772 1988 893 2015 omnium
910 1996 1010 2023 paren-

221 2046 275 2065 tem
301 2044 529 2072 communemque
552 2036 699 2067 nutricem,
717 2035 743 2062 in
764 2035 869 2069 piormn
884 2035 931 2069 qui
949 2042 1008 2062 eam

221 2083 406 2119 susceperint,
422 2083 542 2110 animum
562 2082 646 2109 multo
663 2081 754 2109 studio
775 2081 918 2108 invexerit.

257 2128 397 2164 Ejusdem,
416 2128 448 2155 de
473 2127 570 2154 clmrit.
586 2142 618 2147 -—
632 2126 712 2153 Velut
735 2133 821 2160 neque
841 2126 931 2152 anima
949 2126 1009 2153 sine

829 103 859 131 ὃ.
871 102 1040 132 ἮΊᾹΝΝῐδ
1059 103 1273 135 ΠΧΜᾸΞΟΕΝῘ

265 156 350 184 Basil.
365 164 396 183 ea:
413 155 551 192 Epistolis.
569 155 748 187 w'Q-tantum
763 155 913 183 sit~houmu
930 157 1015 192 paris,
1034 160 1053 187 Λ

1788 112 1856 145 1200

1106 160 1187 186 "030v
1207 161 1265 187 ἐστὶ
1277 161 1307 187 τὸ
1322 161 1370 196 τῆς
1395 163 1506 198 slpﬁvq;
1524 163 1635 198 ἀγαθὴν,
1659 165 1685 191 τί
1700 167 1752 201 χρὴ
1766 167 1855 202 λέγειν

1072 206 1136 241 πρὸς
1163 207 1262 241 ἄνδρας
1289 209 1361 239 υἱοὺς
1386 209 1436 243 τῆς
1450 210 1577 245 εἰρήνης,
1594 211 1676 237 Οἱδὲν
1697 212 1752 248 γὰρ
1769 213 1855 247 οὕτως

1070 253 1132 278 ἱῖιιν
1151 254 1324 288 Χριστιανοῦ,
1341 255 1378 285 ὡς
1398 255 1428 281 τὸ
1444 256 1634 291 εἰρηνοποιεῖν,
1657 259 1724 285 διότι
1741 260 1786 286 καὶ
1810 262 1856 287 τὸν

1067 300 1110 325 ἐπ’
1131 300 1216 335 αὐτὴν
1239 300 1334 335 μισθὸν
1350 302 1415 336 ἡμῖν
1433 302 1446 328 ὁ
1462 302 1565 338 Κύριος
1581 304 1774 340 ἐπηγγείλατο.

1101 427 1168 454 θεοῦ
1184 428 1230 454 καὶ
1246 428 1300 455 τῶν
1316 429 1397 456 θείων
1420 431 1514 465 ἐγγὺς,
1544 431 1601 457 ὅσοι
1619 432 1649 458 τὸ
1672 433 1722 467 τῆς
1744 434 1855 469 εἰρήνης

1066 473 1167 507 ἀγαοὺν
1184 474 1370 508 ἀσπαζόμενοι
1384 475 1536 509 φαίνονται,
1558 477 1606 503 καὶ
1620 477 1659 512 τῷ
1678 479 1802 514 ἐναντίῳ,
1821 483 1854 516 τῇ

1067 520 1160 546 στάσει
1176 520 1404 555 ἀπεχοραίνονται
1418 521 1464 547 καὶ
1480 521 1712 558 δυσχεραίνουσιν.

1103 611 1206 646 Ὥσπερ
1224 609 1317 646 ὑγείας
1344 612 1538 648 ἐπιλαϐούσης,
1553 614 1631 646 νόσος
1651 615 1854 650 ὲξαφανίζεται,

1065 657 1111 684 καὶ
1125 658 1214 691 φωτὸς
1226 659 1377 692 φαίνοντος,
1392 660 1440 695 οὐχ
1458 660 1635 687 ὑπολείπεται
1647 662 1753 695 σκότος,
1769 664 1854 696 οὕτως

1065 703 1111 729 καὶ
1126 704 1175 738 τῆς
1203 704 1314 739 εἰρήνης
1328 704 1517 741 ἐπιφανείσης,
1544 707 1637 735 λύεται
1660 709 1749 736 πάντα
1772 710 1806 736 τὰ
1823 711 1855 737 ὲκ

1065 750 1111 776 τοῦ
1128 750 1250 777 ἐναντίου
1266 754 1451 787 συνιστάμενα
1464 753 1549 788 πάθη.
1569 755 1645 781 ﬂaua
1661 756 1677 790 ἡ
1693 755 1748 782 τῶν
1763 757 1854 783 κακῶν

1067 796 1151 832 ἀγέλη
1167 798 1199 832 τῇ
1216 798 1374 834 ἀγαπητικῇ
1387 799 1506 826 διαθέσει
1527 800 1730 836 ὲξαφανίζεται,

1104 882 1158 918 Τῆς
1168 883 1277 920 ἀγάπης
1285 885 1387 921 καὶτῆς
1397 887 1510 923 εἰρήνης
1523 888 1598 916 οὐδὲν
1610 890 1746 926 ἀνώτερον
1753 891 1852 927 τίθησι.

1103 929 1231 956 Τοιοῦτον
1245 931 1299 957 τῶν
1313 932 1485 966 ἀγαπώντων
1497 933 1527 960 τὸ
1542 934 1617 966 ἔθος
1645 936 1734 963 πάντα
1749 938 1784 963 τά
1800 939 1855 965 τῶν

1067 974 1258 1009 ἀγαπωμένων
1275 976 1424 1011 πράγματα
1436 977 1470 1003 δι’
1491 978 1581 1005 αὐτῶν
1598 979 1727 1007 ἀνύεσθαι
1747 981 1855 1016 βούλον-

1066 1029 1121 1090 ρέιι,
1139 1020 1184 1047 καὶ
1199 1021 1282 1056 μηδὲν
1293 1022 1375 1058 χωρὶς
1390 1023 1481 1050 αὐτῶν
1493 1024 1624 1057 ἐκείνους,
1647 1026 1684 1062 μὴ
1702 1029 1799 1062 ποιεῖν,
1816 1030 1853 1064 μὴ

1067 1073 1080 1090 ι.
1098 1073 1165 1090 γειν.

1067 1073 1165 1099 λεγειν.

1107 1112 1137 1138 Ἣ
1157 1113 1207 1148 τῆς
1226 1114 1337 1150 ἀγάπης
1357 1115 1439 1149 φύσις
1463 1116 1543 1152 κόρον
1561 1118 1611 1144 οὐκ
1631 1116 1713 1152 οἶδεν,
1728 1120 1786 1147 ἀλλ’
1810 1122 1853 1148 ἀεὶ

1065 1158 1119 1185 τῶν
1136 1159 1326 1195 ἀγαπωμένων
1338 1161 1521 1196 ἀπολαύουσα,
1537 1164 1605 1199 προς
1619 1165 1728 1199 μείζονα
1745 1167 1853 1202 αἴρεται

1065 1203 1161 1238 φλόγα.
1178 1204 1232 1231 Καὶ
1255 1204 1334 1231 τοῦτο
1347 1205 1474 1241 ὁταύτης
1495 1207 1629 1243 τρόφιμος
1652 1209 1730 1241 εἰδὼς
1748 1211 1852 1243 Παῦλος

1065 1249 1157 1284 ἔλεγεν
1171 1258 1178 1264 ⁸
1200 1259 1208 1276 ι
1229 1251 1332 1285 Μηδενὶ
1355 1251 1438 1287 μηδὲν
1452 1252 1584 1286 ὀφείλετε,
1600 1255 1626 1280 εί
1641 1255 1678 1290 μὴ
1692 1256 1721 1282 τὸ
1742 1257 1852 1292 ἀγαπᾷν

1063 1295 1204 1330 ἀλλήλους.
1220 1305 1228 1321 ι
1241 1296 1326 1323 Τοῦτο
1337 1297 1391 1332 γὰρ
1402 1297 1432 1323 τὺ
1443 1297 1553 1334 ὕφλημα
1565 1299 1607 1326 ἀεὶ
1623 1300 1674 1336 μὲν
1686 1303 1853 1329 numam:-

1063 1350 1118 1375 ται,
1139 1342 1266 1369 οὐδέποτε
1287 1343 1314 1370 δὲ
1329 1343 1493 1372 ἀποδίδοται.
1518 1346 1649 1373 Ἐνταῦθα
1673 1347 1704 1374 τὸ
1720 1348 1852 1384 διηνεκῶς

1065 1387 1158 1422 ὀφλεῖν
1185 1388 1267 1415 καλὸν
1293 1389 1470 1416 καῖ’ὲπαίνων
1486 1390 1571 1423 ἀξιον.
1596 1392 1656 1419 Ἐπὶ
1669 1393 1719 1428 μὲν
1731 1394 1785 1431 γὰρ
1795 1395 1850 1422 τῶν

1063 1435 1222 1470 χρημάτων,
1239 1435 1303 1466 τοὺς
1320 1435 1402 1469 μηδὲν
1422 1436 1579 1470 ὀφείλοντας
1600 1439 1776 1475 ἐπαινοῦμεν,
1804 1441 1851 1467 ἐπὶ

1061 1480 1089 1506 δὲ
1105 1480 1153 1516 τῆς
1167 1481 1287 1516 ἀγάπης,
1301 1484 1363 1514 τοὺς
1378 1483 1509 1518 διηνεκῶς
1525 1484 1681 1518 ὀφείλοντας
1697 1487 1850 1522 μακαρίζο-

1065 1536 1115 1562 μεν
1125 1535 1132 1542 '
1145 1528 1192 1554 καὶ
1205 1528 1273 1564 ὅπερ
1287 1529 1483 1564 ἀγνωμοσύνης
1497 1530 1565 1562 ἐκεῖ,
1579 1530 1657 1557 τοῦτο
1674 1531 1790 1559 ἐνταῦθα
1803 1534 1850 1560 εὑ-

1063 1573 1240 1609 γνωμοσύνης
1251 1575 1364 1609 σημεῖόν
1377 1577 1445 1608 ἐστι,
1457 1576 1487 1602 τὸ
1504 1575 1638 1611 μηδέποτε
1651 1576 1805 1605 διαλύεσθαι
1820 1579 1850 1606 τδ

1061 1619 1111 1654 τῆς
1127 1620 1237 1655 ἀγάπης
1251 1620 1318 1656 δρλη
1324 1631 1371 1656 μοι.

1102 1760 1130 1787 Ὀ
1147 1761 1334 1796 ἐπευξάμενος
1351 1763 1463 1798 εἰρήνην
1479 1763 1576 1797 ἅπασι,
1594 1766 1641 1792 τὸν
1661 1766 1781 1802 πόλεμον
1797 1777 1849 1794 πα-

1062 1806 1116 1833 θῶν
1132 1806 1272 1840 ἐξέϐαλεν,
1289 1808 1338 1843 τὴν
1346 1809 1486 1844 ἁμαρτίαν
1504 1810 1559 1836 τῶν
1573 1811 1683 1839 ἀτόπων
1694 1812 1846 1848 λογισμῶν,

1061 1852 1111 1887 τὴν
1123 1854 1245 1888 ταραχὴν
1257 1853 1311 1880 τῶν
1325 1853 1488 1889 ἐπιθυμιῶν,
1506 1856 1555 1891 τὴν
1568 1855 1662 1891 ζάλην,
1676 1856 1711 1883 τά
1725 1858 1846 1893 κύματα,

1060 1896 1105 1922 τὸν
1118 1896 1250 1932 χειμῶνα,
1260 1897 1306 1923 καὶ
1317 1897 1427 1933 λιμένος
1440 1899 1603 1935 εὐδιωτέραν
1614 1901 1662 1935 τὴν
1681 1901 1769 1937 ψυχὴν
1784 1911 1848 1929 κατ-

1061 1941 1204 1974 εσκεύασε,
1222 1942 1272 1977 τὴν
1291 1943 1398 1977 μητέρα
1418 1942 1464 1969 καὶ
1485 1943 1578 1978 κοινὴν
1592 1944 1692 1979 τροφὸν
1709 1945 1764 1971 τῶν
1778 1945 1847 1979 ἀγα-

1061 1987 1115 2014 θῶν
1141 1988 1267 2015 ἁπάντων
1293 1989 1416 2024 εἰρήνην,
1439 1989 1509 2023 μετὰ
1530 1989 1630 2025 πολλῆς
1658 1991 1708 2026 τῆς
1728 1991 1848 2026 σπουδῆς

1060 2035 1099 2066 εἰς
1110 2034 1160 2070 τὴν
1184 2034 1273 2071 ψυχὴν
1289 2035 1344 2062 τῶν
1365 2035 1520 2071 δεξαμένων
1536 2036 1586 2071 τὴν
1609 2037 1723 2072 εἰρήνην
1742 2037 1847 2064 πιστῶν

1060 2081 1226 2115 εἰσαγαγών.

1095 2127 1201 2162 ’Ὥσπερ
1213 2127 1285 2163 ψυχὴ
1296 2127 1361 2154 ἄνευ
1374 2128 1499 2163 σώματος
1510 2129 1653 2164 ἄνθρωπος
1668 2129 1698 2155 οὐ
1711 2128 1846 2162 καλεῖται,

220 2182 348 2210 corpore,
376 2181 465 2209 neque
489 2181 590 2209 corpus
610 2173 670 2200 sine
702 2173 803 2205 anima,
824 2171 940 2199 hominis
959 2179 1009 2198 no-

1062 2173 1115 2200 οὐδ⁹
1129 2171 1162 2200 αὖ
1179 2173 1258 2208 σῶμα
1283 2174 1346 2201 ἀνευ
1364 2174 1464 2210 ψυχῆς,
1487 2175 1573 2207 οὕτως
1589 2176 1648 2202 οὐδὲ
1668 2176 1763 2211 ἀγάπη
1778 2175 1847 2211 πρὺς

221 2229 282 2249 men
298 2221 414 2252 obtinet,
429 2219 470 2247 sic
482 2227 533 2246 nec
546 2219 669 2246 eharitas
677 2225 741 2253 erga
759 2218 856 2250 Deum,
872 2217 924 2244 nisi
939 2217 1006 2244 cha-

219 2268 328 2296 ritatem
353 2273 420 2302 erga
445 2265 600 2300 proximum
617 2264 745 2292 comitem
760 2263 870 2294 habeat,
886 2262 1007 2290 charitas

219 2313 334 2342 dicenda
351 2313 414 2340 erit.
432 2310 488 2338 Nec
512 2318 610 2338 rursus
624 2309 745 2337 cbaritas
761 2316 825 2344 erga
840 2309 1007 2344 proximum,

219 2359 364 2388 charitatis
389 2365 489 2386 nomen
506 2357 576 2384 tueri
608 2356 706 2391 possit,
724 2355 778 2383 nisi
800 2355 922 2382 cbaritas
943 2362 1007 2390 erga

219 2407 303 2434 Deum
335 2403 494 2432 accesserit.
524 2401 709 2436 Quamobrem
734 2400 857 2436 perfecta
885 2400 1008 2428 charitas

219 2460 281 2480 raro
291 2450 407 2480 inveniri
425 2454 524 2486 potest.
797 2439 811 2445 ⁷

253 2498 350 2533 Ejusd.
364 2511 400 2519 —-
420 2496 583 2530 Quicunque
603 2497 687 2529 igitur
712 2493 746 2521 de
770 2493 862 2527 Patre,
879 2496 905 2520 et
926 2491 1007 2527 Filio,

218 2548 245 2572 et
262 2543 366 2580 Spiritu
389 2546 488 2570 sancto
514 2544 590 2568 recte
605 2542 738 2571 sentiunt,
754 2546 786 2566 ac
801 2542 931 2573 praeterea
946 2545 1007 2565 inu-

218 2597 292 2619 tuam
315 2591 386 2618 inter
414 2597 443 2617 se
459 2588 636 2616 dilectionem
661 2590 785 2618 servant,
810 2586 837 2612 hi
857 2585 1007 2620 perfectam

218 2637 381 2664 charitatem
413 2635 527 2662 habent.
555 2633 684 2661 Charitas
714 2631 822 2659 Patrem
848 2631 1006 2662 conﬁtetur,

218 2681 316 2708 Filium
348 2681 456 2713 adorat,
472 2679 604 2714 Spiritum
631 2682 757 2706 sanctum
776 2676 920 2713 gloriﬁcal.
937 2676 1009 2703 Cha-

219 2726 287 2753 ritas
311 2725 454 2753 Trinitatis
468 2724 644 2752 concordiam
672 2731 725 2750 non
746 2723 862 2750 dirimit.
877 2722 1008 2750 Charitas

219 2771 377 2806 angelorum
402 2772 506 2799 sodalis
520 2775 572 2802 est,
590 2770 812 2805 patriarcharum
826 2769 1005 2801 collaetanea,

219 2816 410 2849 prophetarum
428 2817 643 2850 contubernalis,
673 2815 832 2843 certaminis
851 2821 1003 2851 martyrum

1059 2219 1137 2250 Θεὸν,
1156 2220 1205 2246 ἐὰν
1221 2219 1258 2256 μὴ
1273 2219 1322 2256 ἔχῃ
1343 2220 1491 2248 ἀκόλουθον
1509 2222 1557 2248 καὶ
1571 2221 1622 2257 τὴν
1635 2221 1702 2257 πρὸς
1717 2222 1762 2248 τὸν
1776 2222 1847 2256 πλη-

1060 2267 1117 2293 σίον
1131 2266 1252 2302 ἀγάπην,
1276 2267 1307 2293 οὐ
1326 2268 1456 2302 τυγχάνει
1481 2269 1593 2302 ἀγάπη·
1609 2268 1664 2295 οὐδ’
1678 2266 1711 2295 αὖ
1732 2267 1813 2294 πάλιν
1829 2269 1846 2303 ὴ

1060 2313 1129 2347 πρὸς
1140 2312 1186 2339 τὸν
1203 2313 1318 2349 πλησίον
1334 2314 1440 2349 ἀγάπη,
1452 2313 1499 2341 ὲάν
1512 2314 1550 2350 μὴ
1561 2314 1611 2350 ἔχῃ
1626 2315 1676 2350 τὴν
1689 2314 1757 2348 πρὸς
1769 2313 1846 2346 Θεὸν,

1060 2355 1090 2381 οὐ
1107 2356 1229 2383 καλεῖται
1243 2357 1349 2393 ἀγάπη.
1362 2358 1408 2384 Διὸ
1421 2358 1534 2386 σπάνιον
1549 2358 1623 2386 ἔστιν
1638 2359 1728 2394 εὑρεῖν
1739 2358 1847 2386 τελείαν

1060 2402 1182 2438 ἀγάπην.

1096 2491 1174 2517 ’Ὀςοι
1189 2490 1279 2517 τοίνυν
1305 2491 1454 2526 ὀρθοδόξως
1483 2492 1612 2527 φρονοῦσι
1644 2493 1708 2529 περὶ
1729 2493 1846 2529 Πατρδς,

1059 2536 1107 2563 καὶ
1122 2535 1198 2568 Υἱοῦ,
1213 2536 1261 2563 καὶ
1279 2536 1357 2570 ἁγίου
1376 2537 1545 2572 Πνεύματος,
1561 2539 1608 2565 καὶ
1623 2539 1674 2574 τὴν
1699 2540 1739 2571 εἱς
1763 2539 1847 2575 ἀλλή-

1059 2583 1120 2613 λους
1132 2582 1310 2616 φυλάττουσιν
1325 2583 1447 2617 ἀγάπην,
1456 2580 1529 2610 οὗτοι
1545 2584 1691 2620 κέκτηνται
1702 2585 1733 2611 τὸ
1743 2585 1848 2612 τέλειον

1059 2629 1109 2664 τῆς
1124 2629 1244 2662 ἀγάπης.
1268 2629 1375 2664 Ἀγάπη
1392 2629 1502 2665 Πατέρα
1523 2630 1659 2665 ὁμολογεῖ,
1677 2631 1740 2657 Υἱὺν
1761 2639 1848 2665 πρω-

1059 2676 1147 2707 κυνεῖ,
1164 2675 1210 2702 καὶ
1226 2675 1257 2702 τὸ
1276 2675 1354 2709 ἅγιον
1369 2668 1481 2711 Πνεῦμα
1500 2676 1646 2710 δοξολογεῖ.
1671 2676 1776 2713 Ἆγάπη
1797 2678 1848 2713 τὴν

1060 2722 1219 2756 συμφωνίαν
1232 2722 1281 2756 τῆς
1293 2721 1408 2757 Τριὰδος
1419 2722 1449 2748 οὐ
1463 2721 1574 2758 διαιρεῖ.
1598 2723 1703 2758 Ἀγάπη
1722 2723 1848 2757 ἀγγέλων

1060 2767 1185 2802 σύμϐιος,
1199 2768 1325 2803 πατέρων
1349 2769 1506 2804 σύντροφος,
1528 2769 1675 2806 προφητῶν
1700 2770 1847 2805 σύσκηνος,

1062 2814 1208 2850 μαρτύρων
1230 2815 1370 2847 σύνειολος,
1395 2815 1551 2843 ἀποστόλων
1566 2816 1706 2850 σύγχορος,
1727 2815 1844 2845 Ἐκκλη-
