2074 3115
199 155 259 188 1201

824 158 941 187 SMIRA
961 157 1180 186 PARALLELA

1754 154 1820 185 1202

197 220 258 244 σιας
272 212 430 246 σύνδεσμος.
452 211 559 246 ’Δγάπη
577 211 696 246 πόλεμον
712 212 763 238 οὐκ
785 210 867 244 οἶδεν,
886 212 982 248 ἐχθρὸν

1044 219 1138 241 :omcs.
1164 211 1351 245 apostolorum
1376 210 1452 237 chori
1467 210 1551 241 socia,
1572 210 1709 237 vinculum
1729 210 1820 240 Eccle.

196 258 245 284 οὐκ
270 257 337 291 ἔχει,
350 257 463 291 εἰρήνην
484 257 641 292 πρεσϐεύει.
658 257 763 293 ’Δγάπη
783 259 911 291 φονικοὺς
936 258 982 284 θυ-

198 303 266 338 μοὺς
288 302 414 338 πραΰνει,
435 303 561 336 λογικοὺς
584 303 666 334 λαοὺς
692 303 831 338 σεμνύνει.
872 304 980 339 ’Λγάπη

197 350 226 376 ὲν
246 345 287 383 τῷ
303 348 399 383 κόσμῳ
426 348 463 384 μὴ
482 348 617 383 χωροῦσα,
640 349 686 375 καὶ
701 349 730 375 ἐν
753 351 867 384 ταπεινῇ
884 350 984 386 καρδίᾳ

196 391 374 419 κατοικοῦσι.
393 392 501 427 Ἀγάπη
528 393 636 427 μέλιτος
658 393 705 419 καὶ
725 393 859 427 γάλακτος
881 395 982 428 γλυκυη

196 437 274 472 τέρα,
289 437 305 472 ἡ
321 437 456 473 μὴμόνον
471 439 499 464 ὲν
522 437 561 472 τῷ
583 439 697 472 στόματι
716 438 749 465 τὸ
764 439 849 472 γλυκὺ
874 439 982 474 ἔχουσα,

197 482 265 509 ἀλλὰ
285 484 314 509 ὲν
347 482 385 518 τῷ
407 482 484 518 βάθει
508 483 558 518 τῆς
582 483 696 518 καρδίας
717 484 746 510 τὸ
762 484 810 518 ἡδὺ
840 484 983 519 κέκτηται.

205 529 312 563 ’Δγάπη
333 529 350 563 ἡ
378 528 487 555 πάντων
503 529 624 564 ἁρμογὴ,
641 529 674 556 δι’
704 527 738 566 ἧς
766 530 914 565 συνέστηκε
936 531 984 565 μὲν

198 574 233 600 τὰ
249 574 370 607 ἐπίγεια,
394 573 470 606 αὔξει
486 575 514 601 δὲ
529 574 564 601 τὰ
587 575 709 610 οὐράνια.
726 575 843 610 Ἀγάπη.
867 576 901 602 δι’
917 576 949 611 ἢν
972 577 986 603 ὁ

198 619 266 650 Θεὸς
276 619 322 646 τὸν
336 619 434 646 ἑαυτοῦ
447 620 512 646 Υἱὸν
522 619 682 647 ἀπέστειλεν
690 621 729 652 εἰς
743 621 789 647 τὸν
804 622 906 657 κόσμον
917 622 986 657 ὑπὲρ

200 665 296 699 ἡμῶν·
313 664 384 692 ὥστε
399 665 446 692 τὸν
463 665 527 692 Υίδν
542 666 625 693 αὐτοῦ
651 667 697 693 τὸν
725 667 858 702 μονογενῆ
885 667 986 694 ἔδωκεν

200 710 241 741 εἰς
258 709 303 736 τὸν
318 710 421 746 κόσμον
435 711 506 746 ὑπὲρ
533 711 622 746 ήμῶν.
650 712 757 747 ’Μάπη
775 713 809 739 τὰ
828 712 913 748 ζεύγη
933 713 987 740 τῶν

200 755 324 791 ἀρότρων
339 756 500 791 ὀμοφρόνως
519 756 559 792 τῷ
578 757 649 793 ξύλῳ
661 757 708 784 τοῦ
728 759 846 794 σταυροῦ
871 759 988 791 ὑπέζευ-

201 801 260 833 ξεν·
275 801 414 833 κινδύνους
433 802 462 828 δὲ
476 803 547 830 κατὰ
559 804 610 838 γῆν
627 803 673 830 καὶ
685 804 823 832 Θάλασσαν
841 806 987 840 ὑπομένειν

202 846 330 880 ἐδίδαξεν.
366 847 471 883 ’Λγάπη
505 848 647 885 μάρτυρας
677 850 794 881 τελειοῖ,
821 851 988 884 ἀποστόλους

204 893 341 926 στεφανοῖ.
357 880 471 928 Ἀγαπη,
479 880 568 925 ἄλλον,
581 880 617 925 di;
631 880 727 922 ἑαυτὸν
741 896 802 931 ὁρᾷ,
816 896 867 922 καὶ
880 897 914 923 τὰ
934 880 988 924 τδια
1005 880 1025 907 Β

203 937 281 963 κοινὰ
298 937 381 964 πᾶσιν
400 938 520 972 ἡγεῖται.
541 939 647 974 ’Δγάπη
662 939 711 974 τὴν
729 940 833 967 ἔνδειαν
853 941 900 968 τοῦ
921 942 989 977 πλη-

205 981 262 1008 σίον
276 982 413 1018 μέριμναν
429 984 498 1010 ιδίαν
511 984 629 1019 τίθησιν.
649 986 755 1021 Ἀγάπη
777 987 870 1022 κοινὴν
884 988 988 1023 τράπε-

205 1027 255 1060 ζαν
270 1029 351 1055 πᾶσιν
367 1029 438 1064 ἱστᾷ,
452 1030 570 1065 πλουσίῳ
585 1039 614 1056 τε
630 1031 677 1056 καὶ
691 1031 799 1067 πένητι,
815 1033 889 1068 σοφῷ
897 1042 926 1059 τε
942 1035 989 1061 καὶ

207 1074 312 1109 ἰδιώτῃ.
330 1075 437 1110 Ἀγάπη
452 1076 502 1111 τὴν
523 1077 750 1112 πεπικρασμένην
775 1078 864 1113 ψυχὴν
877 1079 990 1113 γλυκαί-

206 1128 257 1152 νει,
272 1121 320 1155 τὴν
330 1121 514 1157 τεθλιμμένην
525 1122 682 1158 θεραπεύει,
695 1123 744 1158 τὴν
753 1127 990 1162 τεταπεινωμένην

209 1165 370 1193 ἀναθάλλειν
395 1169 475 1195 ποιεῖ.
505 1169 610 1205 Ἀγάπη
631 1170 761 1198 ἄσϐεστον
783 1171 912 1206 λαμπάδα
941 1173 991 1207 τῆς

209 1211 357 1246 παρθενίας
374 1213 528 1249 περιφέρει,
543 1216 663 1248 καὶτοὺς
681 1217 763 1249 ἰδίους
780 1218 990 1253 περιεργάζεται

209 1257 338 1292 ζητοῦσα.
358 1259 465 1295 Ἀγάπη
486 1261 535 1292 τὰς
549 1262 598 1296 τῆς
615 1262 753 1296 βασιλείας
777 1263 861 1298 θύρας
876 1264 990 1298 ἀνοίγει,

209 1301 330 1334 καὶτοὺς
347 1303 376 1329 ἐν
392 1303 484 1339 σεμνῷ
499 1306 581 1341 γάμῳ
598 1306 722 1341 βιοῦντας
741 1308 871 1335 εἰσελθεῖν
890 1310 920 1334 οὐ
938 1317 992 1334 κω-

208 1347 276 1374 λύει.
296 1348 402 1384 Ἀγάπη
417 1350 467 1385 τὴν
484 1350 671 1386 ἐλεημοσύνην
691 1352 772 1386 φιλεῖ,
790 1353 837 1379 καὶ
855 1352 893 1388 τῷ
907 1353 994 1380 ταῦτα

208 1394 324 1428 γεωργῷ
351 1395 499 1430 στεφάνους
526 1398 691 1432 χρυσαυγείς
715 1397 866 1433 ἑτοιμάζει.
886 1399 992 1434 ’Λγάπη

210 1439 402 1474 ὑπερηφάνους
415 1442 464 1468 οὐκ
477 1439 558 1474 οἶδεν,
573 1444 717 1475 ταπεινοὺς
735 1444 764 1470 δὲ
779 1444 893 1477 δοξάζει.
912 1445 994 1478 Ἀγά-

211 1494 248 1520 πη
270 1486 433 1520 κακολογίαν
449 1487 556 1521 φεύγει,
573 1488 697 1522 εὐλογίαν
709 1489 738 1515 δὲ
752 1489 870 1524 στέργει.
887 1490 994 1525 ’Λγάπη

210 1531 295 1566 ἄνδρα
324 1532 370 1558 καὶ
398 1535 516 1566 γυναῖκα
546 1534 627 1568 γάμῳ
656 1535 842 1568 συναφθέντας
872 1537 995 1570 ὁμονοεῖν

212 1576 401 1611 συμϐουλεύει,
420 1578 584 1612 χωρίζεσθαι
604 1579 632 1605 δὲ
649 1579 696 1606 ἀπ’
726 1580 847 1615 ἀλλήλων
870 1581 995 1608 οὐδέποτε

212 1621 294 1648 θέλει.
313 1622 419 1658 ’Δγάπη
442 1623 504 1655 τοὺς
526 1624 648 1659 πατέρας
665 1625 752 1659 φιλεῖν
769 1628 802 1652 τὰ
825 1626 908 1652 τέκνα
929 1636 996 1662 προυε

212 1667 355 1702 τρέπεται,
373 1668 421 1695 καὶ
435 1668 469 1695 τὰ
483 1669 565 1695 τέκνα
578 1669 713 1696 δουλεύειν
727 1670 765 1702 ὡς
780 1671 926 1703 δεσπόταις
941 1674 997 1704 τοῖς

213 1712 347 1746 γονεῦσιν.
358 1714 463 1748 Ἀγάπη
479 1715 542 1746 τοὺς
552 1715 683 1746 δεσπότας
695 1715 842 1750 ἐλεήμονας
851 1715 998 1753 εἶναιπρὸς

213 1758 276 1788 τοὺς
287 1757 396 1790 οῑκέτας
407 1759 571 1793 παρακαλεῖ,
588 1760 635 1788 καὶ
650 1761 711 1792 τοὺς
729 1761 837 1794 οἰκέτας
851 1763 997 1798 ὑπουργεῖν

214 1804 271 1834 τοῖς
287 1803 434 1836 δεσπόταις
445 1804 547 1837 ἀδόλως
558 1807 696 1842 παραινεῖ.

251 1948 396 1984 Πολλαχῶς
406 1950 501 1986 ἀγάπη
513 1953 623 1984 νοεῖται,
637 1953 681 1980 διὰ
695 1954 860 1989 πραότητος,
871 1955 916 1982 διὰ
932 1963 1000 1990 χρη-

217 1993 355 2026 στότητος,
373 1995 407 2021 δι’
425 1996 573 2032 ὑπομονῆς,
588 1997 632 2026 διὰ
654 1998 786 2032 ἀφθονίας
806 1999 852 2026 καὶ
869 1999 996 2035 ἀζηλὶας,

216 2039 250 2064 δι’
265 2039 476 2074 ἀμνησικακίας.
502 2042 662 2079 ’Δμέριστός
681 2044 755 2071 ἐστιν
775 2046 804 2072 ὲν
819 2046 899 2078 πᾶσι,
922 2046 1000 2074 ἀδιά-

218 2092 310 2118 κριτος
325 2087 483 2122 κοινωνικὴ.
617 2092 625 2096 ‘

1035 258 1090 284 site.
1121 257 1251 283 Charitas
1276 256 1375 283 hellum
1407 256 1505 285 nescit,
1523 255 1603 282 hoste
1619 261 1706 287 caret,
1726 264 1818 290 pacem

1034 303 1175 330 conciliat.
1202 302 1328 329 Charitas
1351 300 1473 327 furentes
1494 301 1521 327 in
1535 301 1635 328 cazdcm
1652 302 1758 328 animos
1772 302 1822 327 mi-

1034 349 1115 382 tigat,
1131 347 1237 374 ratione
1257 346 1386 381 praeditos
1413 346 1528 380 populos
1552 351 1677 372 exornat.
1696 345 1821 373 Charitas

1035 393 1112 427 cujus
1136 400 1222 427 capax
1237 399 1291 419 non
1311 396 1354 419 est
1366 391 1495 422 mundus,
1507 391 1533 417 in
1550 391 1645 417 humili
1667 391 1749 418 corde
1764 391 1816 418 do-

1036 439 1167 466 micilium
1179 437 1272 465 habet.
1285 436 1411 464 Charitas
1433 436 1511 463 melle
1525 437 1622 471 quovis
1633 441 1659 463 ct
1673 437 1742 464 lacte
1759 436 1821 463 dul—

1036 486 1097 512 cior
1113 489 1154 512 cst
1170 493 1176 510 :
1194 483 1331 517 siquidem
1359 483 1405 510 illa
1434 490 1489 509 non
1507 483 1533 509 in
1553 490 1600 509 ore
1612 482 1711 513 solum.
1728 491 1821 508 verum

1037 531 1121 557 ctiam
1139 530 1165 556 in
1182 529 1280 556 intimo
1299 532 1410 564 pectore
1435 527 1606 555 dulcedinem
1620 528 1712 554 habet.
1728 526 1824 554 Chari-

1036 580 1078 604 lils
1103 575 1228 602 omnium
1262 581 1353 601 rerum
1380 581 1527 609 ςοιιιριιεοε
1549 578 1590 600 ρει
1610 583 1616 600 ζ
1634 581 1682 607 per
1701 581 1782 608 quam
1798 579 1824 600 Cl

1036 625 1145 648 terrena
1170 620 1324 652 cohaerent,~
1347 619 1509 646 etcmlestia
1537 616 1734 645 incrementum
1753 619 1826 645 acci-

1037 667 1128 702 piunt.
1151 665 1279 693 Charitas
1305 665 1364 700 ipsa
1391 669 1444 697 est,
1477 664 1512 691 ob
1528 672 1611 699 quam
1641 665 1711 691 Deus
1725 664 1822 690 Filium

1038 720 1118 740 suum
1136 711 1212 739 misit
1229 712 1257 738 in
1280 711 1411 738 mundum
1428 719 1434 736 ε
1451 711 1489 737 ita
1504 714 1533 737 ut
1551 709 1648 736 Filium
1666 718 1745 737 sutlm
1765 702 1824 736 ιιίιί-

1039 759 1162 793 genitum
1187 758 1214 784 in
1242 758 1373 784 mundum
1401 765 1451 792 pro
1473 757 1552 784 nobis
1566 757 1682 784 dederit.
1698 755 1825 783 Charitas

1039 804 1122 832 aratri
1135 804 1201 839 juga
1218 804 1308 831 crucis
1334 803 1408 839 ligno
1421 803 1567 831 concordia
1596 802 1723 837 subjecit,
1741 807 1768 830 et
1779 811 1826 837 pc-

1039 850 1127 878 ricula
1143 854 1218 877 terra
1233 850 1358 884 marique
1383 849 1478 877 subire
1495 849 1599 876 docuit.
1614 848 1823 876 Charitasmar.

1040 901 1113 932 tyrcs
1134 896 1253 931 perficit,
1266 903 1369 923 corona
1399 896 1510 923 redimit
1532 896 1684 931 apostolos.
1701 895 1827 922 Charitas

1040 943 1197 978 proximum
1225 942 1301 969 velut
1328 942 1449 977 seipsqu
1470 945 1628 973 contuetur,
1657 949 1688 968 ac
1716 949 1834 976 propria.

1041 995 1172 1024 tanquam
1201 989 1333 1016 omnibus
1345 987 1503 1015 comnmnia
1531 987 1684 1014 existimat.
1702 987 1827 1013 Charitas

1040 1040 1191 1070 egestatem
1229 1034 1346 1069 proximi
1372 1033 1567 1061 sollicitudinis
1592 1041 1647 1059 sua:
1667 1032 1745 1059 [incili
1773 1035 1829 1058 sta-

1042 1082 1106 1108 tuit.
1124 1081 1253 1108 Charitas
1265 1087 1439 1107 communem
1455 1078 1587 1106 omnibus
1601 1085 1726 1106 mensam
1736 1077 1829 1112 ponit;

1042 1128 1095 1155 hoc
1124 1131 1177 1159 est,
1204 1130 1260 1153 tam
1295 1126 1384 1156 diviti,
1401 1133 1483 1160 quam
1507 1125 1632 1160 pauperi,
1649 1127 1703 1150 tam
1733 1123 1826 1153 docto,

1041 1180 1122 1208 quam
1138 1172 1259 1199 indocto.
1274 1171 1400 1198 Charitas
1432 1170 1621 1197 exacerbatum
1638 1170 1759 1196 animum
1776 1168 1827 1194 mi-

1043 1219 1118 1253 tigat.
1147 1225 1308 1252 oppressum
1330 1217 1438 1249 dclinit,
1457 1216 1592 1251 dcjcctum
1611 1215 1702 1249 erigit,
1716 1222 1748 1241 ac
1759 1215 1829 1241 vire-

1043 1269 1165 1292 scentcm
1189 1263 1287 1291 reddit.
1314 1263 1442 1291 Charitas
1473 1262 1723 1296 inexstinguibilem
1747 1260 1830 1295 virgi-

1044 1309 1137 1336 nitatis
1163 1308 1316 1344 lampadem
1346 1308 1551 1342 circumgestat,
1566 1315 1597 1334 ac
1612 1313 1719 1333 summo
1739 1305 1830 1332 studio

1044 1354 1181 1389 conquirit
1215 1361 1290 1382 suos.
1318 1353 1445 1381 Charitas
1478 1352 1553 1388 regni
1584 1357 1677 1387 portas
1692 1350 1789 1385 aperit,
1804 1353 1831 1376 et

1044 1409 1092 1428 cos
1116 1401 1164 1432 qui
1194 1401 1310 1428 honesto
1338 1399 1480 1427 connubio
1503 1399 1610 1430 vivunt,
1633 1398 1758 1432 ingressu
1775 1404 1829 1423 non

1046 1451 1130 1474 arcet.
1160 1447 1288 1475 Charitas
1313 1446 1516 1481 elecmosynam
1545 1448 1628 1476 amat,
1644 1448 1671 1470 et
1687 1443 1832 1469 rutilantes

1047 1501 1115 1521 auro
1143 1500 1261 1521 coronas
1286 1500 1336 1520 suo
1361 1491 1459 1519 cultori
1478 1494 1565 1525 parat.
1592 1489 1720 1517 Charitas
1744 1487 1833 1515 nescit

1010 1548 1033 1579 ο
1048 1538 1194 1574 superbos,
1219 1538 1338 1565 humiles
1364 1537 1493 1563 honorat.
1512 1535 1639 1562 Charitas
1664 1533 1832 1561 maledicen-

1048 1583 1113 1610 tiam
1142 1583 1221 1617 fugit,
1252 1581 1478 1610 benedicentiam
1495 1580 1679 1614 amplexatur.
1701 1578 1832 1605 Charitas

1047 1629 1135 1656 virum
1164 1633 1191 1656 et
1205 1629 1346 1655 mulierem
1363 1626 1494 1655 connubii
1518 1632 1589 1652 nexu
1620 1624 1763 1659 copulatus
1782 1621 1831 1648 ad-

1049 1677 1141 1700 monet
1166 1679 1196 1700 ut
1211 1672 1391 1700 concordiam
1407 1671 1510 1702 colant,
1527 1677 1578 1697 nec
1593 1669 1649 1696 vult
1665 1668 1700 1695 ab
1715 1667 1832 1694 invicem

1048 1718 1166 1754 seiungi.
1186 1718 1313 1746 Charitas
1326 1721 1429 1753 patres,
1441 1720 1471 1744 ut
1485 1719 1576 1743 ament
1593 1714 1673 1745 ﬁlios,
1689 1714 1813 1740 hortatur
1826 1721 1832 1739 :

1049 1764 1119 1792 filios
1132 1769 1232 1797 autem,
1247 1763 1547 1799 utpatribustanquam
1564 1759 1683 1788 dominis
1699 1759 1832 1786 serviant.

1049 1810 1176 1838 Charitas
1195 1810 1324 1838 dominos
1352 1813 1430 1845 rogat
1452 1812 1481 1835 ul
1509 1807 1606 1834 faciles
1622 1813 1652 1834 se
1673 1809 1702 1833 et
1730 1805 1835 1832 miseri-

1049 1856 1145 1883 cordes
1178 1855 1288 1883 famulis
1305 1856 1447 1891 praebeant
1465 1864 1471 1881 :
1491 1861 1522 1881 ac
1551 1860 1649 1880 rursus
1664 1858 1759 1880 servos
1775 1858 1834 1877 mo-

1051 1905 1097 1928 net
1121 1905 1151 1928 ut
1166 1901 1240 1929 heris
1255 1902 1314 1929 suis
1333 1902 1394 1928 sine
1409 1900 1473 1928 fuco
1486 1907 1517 1926 ac
1532 1899 1628 1926 fraude
1645 1897 1778 1925 serviant.

1083 1947 1165 1982 356
1173 1947 1256 1973 Clem.
1274 1947 1351 1974 Alex.
1367 1954 1385 1972 ιι
1399 1947 1499 1973 Strom.
1511 1959 1544 1964 —
1561 1944 1653 1971 Multis
1665 1942 1755 1970 modis
1768 1942 1835 1968 cha-

1050 1993 1117 2019 ritas
1126 1992 1302 2027 perspicitur,
1316 1992 1444 2018 nimirum
1461 1998 1508 2026 per
1525 1990 1677 2021 lenitatem,
1696 1996 1744 2023 per
1758 1987 1835 2014 heni-

1050 2038 1194 2072 gnitatem,
1213 2045 1261 2071 per
1277 2037 1447 2072 patientiam,
1460 2043 1508 2071 per
1520 2035 1603 2062 animi
1615 2033 1785 2062 affectionem
1801 2033 1836 2059 ab

1050 2083 1124 2109 omni
1152 2082 1237 2110 livore
1267 2087 1294 2110 et
1310 2082 1413 2109 invidia
1447 2081 1572 2112 liberam,
1602 2087 1650 2114 per
1666 2078 1835 2106 oblivionem

1051 2129 1225 2163 iniuriarum.
1245 2128 1365 2163 Simplex
1390 2131 1432 2155 est
1454 2127 1482 2154 in
1499 2126 1637 2158 omnibus,
1654 2128 1682 2153 et
1699 2124 1759 2152 sine
1779 2123 1837 2150 dis-

1051 2175 1166 2202 crimine
1179 2175 1372 2203 communicat.

253 2211 358 2245 Τρισσὰ
372 2212 430 2248 είδη
457 2214 548 2248 φιλίας
574 2215 768 2251 διδασκόμεθα,
785 2218 832 2244 καὶ
855 2218 957 2245 τούτων
973 2219 993 2246 τὶ

1092 2220 1163 2247 Ibid.
1176 2236 1211 2241 -
1228 2221 1293 2247 Tria
1323 2227 1385 2247 esse
1400 2218 1528 2245 amicitiae
1542 2224 1645 2252 genera
1661 2215 1810 2243 didicimus
1828 2223 1834 2240 :

220 2256 269 2290 μὲν
288 2258 395 2292 πρῶτον
412 2260 459 2286 κα)¹
478 2260 601 2295 ἄριστον,
617 2262 646 2288 τὸ
672 2264 731 2290 κατ’
756 2264 857 2300 ἀρετήν
871 2272 878 2280 ⁸
898 2266 1000 2301 στερῤὲι

218 2302 300 2338 γὰρὴ
316 2304 347 2330 ὲκ
363 2304 443 2339 λόγου
465 2306 574 2343 ἀγάπηι
593 2307 623 2334 τὸ
638 2307 666 2334 δὲ
689 2309 815 2344 δεύτερον
833 2311 880 2337 καὶ
908 2311 1001 2346 μέσον,

218 2346 248 2372 τὸ
263 2349 323 2374 κατ’
338 2349 455 2385 ἀμοιϐήν
466 2359 472 2366 ·
485 2353 642 2378 κοινωνικὸν
652 2353 742 2387 τοῦτο,
754 2354 800 2380 καὶ
815 2355 1001 2389 μεταδοτικὺν,

219 2393 267 2420 καὶ
285 2394 415 2429 βιωφελές
425 2405 432 2411 ·
453 2397 530 2433 κοινὴ
543 2398 597 2433 γὰρ
614 2399 630 2433 ἡ
643 2398 804 2434 εὐχάριστος
818 2399 902 2434 φιλία.
922 2400 959 2426 Τὸ
974 2401 1002 2427 δὲ

220 2437 335 2465 ὕστατον
347 2441 394 2466 καὶ
410 2442 510 2476 τρίτον,
534 2443 615 2478 ἡμεῖς
631 2443 680 2478 μὲν
699 2444 729 2470 τὸ
743 2445 775 2470 ἐκ
791 2444 934 2479 συνηθείας
949 2454 1002 2479 φα-

223 2483 282 2518 μὲν,
297 2486 321 2511 οι
340 2485 368 2512 δὲ
381 2486 510 2522 Ἔλληνές
533 2497 611 2523 φασι,
635 2489 665 2515 τὸ
688 2489 750 2516 καθ’
772 2490 869 2525 ἡδονὴν
887 2492 1002 2526 τρεπτὸν

221 2532 268 2558 καὶ
285 2532 462 2568 μετάῦλητον.
480 2534 584 2562 οὐκοῦν
601 2535 618 2570 ἡ
637 2535 688 2570 μέν
710 2535 751 2568 τίς
778 2537 836 2563 ἐστι
858 2537 1002 2572 φιλοσόφου

221 2578 308 2612 φιλία,
325 2580 341 2613 ή
355 2578 383 2605 δὲ
401 2580 556 2615 ἀνθρώπου,
569 2582 585 2616 ἠ
600 2581 629 2608 δὲ
644 2581 725 2614 ζώου.

1056 2274 1173 2301 quorum
1206 2266 1324 2300 primum
1352 2270 1379 2292 et
1412 2262 1671 2299 prastantissimum
1693 2261 1720 2288 in
1735 2260 1838 2287 virtute

1056 2313 1174 2348 positum
1192 2317 1243 2339 est.
1259 2311 1351 2338 Firma
1367 2311 1466 2345 quippe
1489 2309 1600 2336 dilectio
1617 2311 1672 2338 est,
1692 2313 1775 2341 quam
1791 2312 1837 2331 ra-

1056 2359 1095 2385 tio
1121 2358 1261 2384 conciliat.
1280 2357 1438 2384 Secundum
1463 2359 1489 2383 et
1507 2354 1640 2385 medium,
1657 2352 1683 2379 iu
1697 2359 1730 2378 co
1747 2358 1837 2377 versa-

1057 2408 1111 2436 tur,
1129 2408 1159 2430 ιιι
1175 2403 1246 2430 inter
1264 2411 1314 2430 nos
1343 2402 1466 2429 vicissim
1487 2399 1732 2428 communicemus.
1751 2397 1839 2430 Atque

1058 2450 1110 2476 hoc
1137 2456 1247 2484 quoque
1273 2448 1385 2475 liberale
1397 2452 1451 2479 est.
1466 2446 1629 2475 benelicum,
1645 2447 1728 2477 atque
1745 2442 1778 2468 ad
1797 2441 1839 2467 vi-

1056 2501 1110 2522 tam
1129 2495 1258 2522 tuendam
1268 2495 1346 2522 utile.
1363 2493 1525 2520 Communis
1539 2491 1640 2526 quippe
1653 2493 1696 2517 est
1707 2489 1837 2520 amicitia,

1057 2541 1255 2568 beneficiorum
1270 2547 1384 2567 utentur.
1399 2538 1526 2566 Tertium
1543 2545 1574 2564 ac
1594 2540 1775 2570 postremum,
1789 2540 1839 2560 nos

1058 2587 1168 2621 quidem
1188 2586 1216 2613 id
1230 2586 1303 2621 quod
1319 2583 1521 2613 consuetudine
1545 2580 1730 2611 contrahitur,
1746 2578 1839 2613 appel-

222 2629 310 2656 lamus
328 2636 334 2654 :
352 2628 468 2662 gentiles
484 2636 548 2655 vero
571 2629 598 2656 id
615 2629 688 2663 quod
706 2629 866 2657 delectabile
894 2633 946 2661 est,
982 2629 1084 2658 ﬂuxum
1123 2637 1150 2659 et
1186 2632 1327 2659 mutabile.
1357 2630 1492 2663 Quocirca
1523 2628 1609 2663 prima
1636 2627 1682 2653 illa
1720 2624 1840 2652 amicitia

221 2675 377 2711 philosophi
392 2677 444 2706 est,
465 2674 549 2702 altera
564 2675 695 2706 hominis,
706 2675 788 2702 tertia
803 2675 887 2702 bruti.

256 2725 295 2753 Τὺ
322 2724 433 2759 ἀγαπᾷν
455 2724 519 2755 τοὺς
534 2724 657 2759 ἐχθροὺς,
675 2724 725 2750 οὐκ
745 2724 855 2759 ἀγαπᾷν
876 2725 906 2750 τὸ
923 2724 1006 2751 κακὸν

222 2775 307 2809 λέγει,
321 2772 381 2800 οὐδὲ
396 2772 533 2804 ἀσέὃειαν,
553 2771 614 2797 οὐδὲ
628 2770 761 2806 μοιχείαν,
780 2771 796 2805 ἢ
813 2771 925 2805 κλοπὴν,
939 2771 1006 2797 ἀλλὰ

223 2821 268 2849 τὸν
284 2820 415 2854 κλέπτην,
431 2820 477 2846 καὶ
491 2818 536 2845 τὸν
555 2817 663 2854 μοιχόν·
685 2817 714 2843 οὑ
730 2817 790 2843 καθ’
810 2817 824 2842 ὃ
845 2817 1005 2852 ἁμαρτάνει,

224 2866 272 2894 καὶ
286 2867 318 2901 τῇ
334 2866 399 2901 ποιᾷ
421 2864 545 2901 ὲνεργείᾳ
566 2863 674 2900 μολύνει
700 2862 748 2897 τὴν
764 2861 907 2898 ἀνθρώπου
924 2869 1007 2896 προσ-

1096 2723 1233 2758 Ejusdem,
1250 2722 1296 2749 lib.
1318 2729 1355 2748 tv.
1372 2719 1476 2746 —l)um
1491 2718 1632 2753 Scriptura
1646 2722 1738 2743 amare
1749 2714 1841 2741 inimi-

1060 2777 1108 2796 cos
1136 2768 1222 2803 jubet,
1249 2775 1303 2794 non
1336 2768 1386 2793 hoc
1405 2765 1473 2798 vult,
1497 2768 1526 2791 ut
1543 2763 1645 2790 malum
1661 2768 1795 2791 amemus,
1812 2764 1842 2786 ut

1061 2815 1239 2849 impietatem,
1266 2818 1295 2841 ut
1315 2813 1492 2843 adulterium,
1524 2814 1572 2837 aut
1600 2809 1721 2840 furtum;
1739 2807 1787 2834 sed
1812 2810 1842 2832 ut
1864 2823 1869 2826 -

1061 2861 1152 2889 furem
1176 2863 1203 2886 et
1219 2859 1373 2886 adulterum
1391 2865 1468 2885 :non
1499 2861 1636 2892 quatenus
1658 2857 1762 2889 peccat,
1776 2852 1842 2879 etin
