2074 3115
252 153 318 188 1203

840 161 872 192 S.
889 161 1047 191 JOANNIS
1067 160 1281 190 DAMASCENI

1807 159 1875 192 1204

249 217 343 251 uliquo
376 217 480 243 scelere
511 215 633 244 hominis
663 224 829 252 conspurcat
857 227 968 250 nomen,
993 227 1029 246 set

1090 218 1215 253 ηγορεαν,
1231 217 1293 244 καθ’
1313 217 1326 243 ὃ
1350 217 1378 243 δὲ
1394 217 1537 252 ἄνθρωπός
1551 218 1620 249 ἔστι,
1635 218 1681 244 καὶ
1699 217 1778 253 ἔργον
1795 219 1872 246 Θεοῦ.

249 266 385 295 quatenus
396 260 478 287 homo
491 265 544 293 cst,
565 266 590 288 ct
607 270 677 296 opus
689 263 747 290 Dei.
764 263 911 292 Enimvero
923 272 1037 299 peccare

249 307 322 333 actio
337 310 388 339 est,
406 313 461 333 non
492 306 649 334 substantia
669 317 675 334 :
692 316 742 335 nee
765 310 882 344 proinde
903 318 973 345 opus
990 310 1036 338 Dei

249 352 341 378 fuerit.

286 397 421 432 Ejusdem.
438 414 469 419 —
491 399 636 435 Nunquam
656 401 697 428 vir
720 402 864 436 gnosticus
881 408 907 430 et
923 404 1035 438 sapiens

249 449 377 478 acceptas
392 445 509 480 injurias
535 447 669 474 memoria
702 448 818 479 tenebit,
838 456 888 476 nec
902 450 1034 484 cuiquam

248 490 436 523 succensebit,
463 491 573 520 etiamsi
585 492 649 520 odio
676 494 759 528 digna
779 495 845 525 sint,
867 502 929 529 qua:
946 496 973 522 in
995 495 1036 530 ip-

248 544 308 563 sum
340 537 536 565 admittuntur.
551 537 617 565 Nam
650 540 812 567 Creatorem
826 540 938 575 quidem
956 541 1032 572 colit,

246 581 309 608 vitae
323 589 389 609 vero
404 584 509 610 socium
527 588 611 616 amat,
638 592 756 620 eumque
773 585 807 613 ob
819 586 1032 621 iiiscitiani,qua

247 627 362 660 laborat,
379 629 600 662 eommiseratur,
618 636 644 658 et
656 639 706 665 pro
721 639 754 658 eo
774 640 868 666 preces
881 632 977 660 fundit.

282 672 401 708 Evagrii.
417 689 450 695 --
465 674 593 703 Charitas
613 676 652 704 ira
668 677 790 704 calentes
805 681 897 712 partes
909 678 996 706 sedat.

278 760 407 788 Charitas
437 761 577 789 hominem
613 762 640 788 in
671 767 726 789 tres
754 764 885 797 personas
911 763 1030 791 dividit:

244 813 360 839 quarum
392 814 447 833 una
476 807 553 834 illum
581 815 661 842 quem
687 814 770 838 amat,
799 812 914 843 propter
945 808 1029 836 Deum

244 854 318 876 amat
332 858 339 882 ;
356 851 452 884 altera,
471 852 535 886 quia
549 851 627 879 dives
640 852 686 879 illc
700 855 751 885 est,
766 852 918 887 accipiendi
934 860 1029 880 mune-

244 897 283 924 ris
301 904 402 924 causa:
421 897 511 928 tertia,
531 897 684 925 allectionis
708 902 787 925 testu.
803 898 892 933 Atque
905 898 951 926 illa
967 899 1029 934 qui-

243 940 305 968 dem
338 948 407 976 pure
429 947 455 969 et
471 942 580 969 sincere
608 949 670 969 eum
688 941 792 973 laudat.
817 949 898 976 quem
914 941 1004 977 diligit
1021 950 1027 967 :

243 989 341 1022 altera,
367 989 402 1016 ob
422 990 566 1016 avaritiam
586 997 592 1015 :
616 993 765 1024 postrema,
794 989 1028 1024 voluptatisergo.

279 1035 408 1062 Philonis.
424 1035 538 1067 —[‘ax.
567 1035 719 1070 quamlibet
744 1036 887 1066 damnosa,
907 1035 1030 1062 bellota-

243 1089 304 1108 men
318 1086 361 1109 est
376 1081 481 1108 utilior.

295 1136 363 1164 Tl'l'.
381 1136 454 1164 XIX.
470 1153 504 1157 -—
522 1137 557 1164 De
567 1138 676 1164 veritate
686 1143 710 1164 et
727 1138 876 1165 testimonio
895 1137 975 1165 ﬁdeli.

278 1207 366 1234 Exod.
382 1215 463 1240 nm,
474 1207 534 1233 1.-
549 1217 558 1232 ι
578 1206 635 1233 Non
650 1207 931 1241 assentierisinjusto,
947 1209 976 1233 ut
990 1205 1028 1234 sis

241 1253 322 1281 testis
338 1252 468 1287 iniustus.
490 1261 499 1278 ι

279 1297 356 1324 Deut.
370 1305 423 1328 xu,
441 1297 474 1323 15
497 1312 529 1316 »-
551 1307 559 1322 ‹
578 1295 634 1323 Sub
660 1296 768 1324 duobus
792 1296 832 1324 vel
852 1295 939 1323 tribus
953 1297 1029 1324 testi-

242 1345 293 1371 bus
308 1343 451 1374 morietur.
468 1342 515 1377 qui
533 1343 676 1369 morietur.
693 1341 753 1369 Non
765 1341 848 1369 stabit
863 1341 941 1369 testis
958 1349 1029 1370 unus

242 1394 271 1417 ut
286 1389 477 1417 testimonium
508 1388 640 1415 adversus
654 1388 793 1414 hominem
811 1387 886 1415 dicat
902 1387 935 1415 de
954 1388 1028 1415 omni

241 1432 368 1465 crimine,
380 1437 406 1459 et
420 1432 454 1459 de
465 1431 538 1458 omni
556 1435 680 1466 peccato.
697 1441 706 1457 ν
967 1457 970 1459 .

276 1476 327 1504 Job
362 1471 527 1507 vnnJrK—
545 1485 553 1501 ι
573 1475 610 1503 Os
621 1483 715 1503 verum
731 1475 890 1511 implebitur
918 1477 987 1510 risu,
1002 1481 1029 1504 et

241 1523 313 1551 labia
326 1522 386 1558 ejus
398 1522 583 1549 exsultabunt.
598 1532 606 1547 ι

276 1567 354 1594 Psal.
383 1575 458 1598 xxiv.
478 1567 564 1594 10.-—
579 1577 588 1592 ε
608 1566 748 1595 Universae
772 1567 822 1594 viae
850 1566 958 1594 Domini
975 1568 1026 1594 mi-
1040 1551 1063 1583 ο

240 1611 391 1640 sericordia
416 1615 440 1639 et
458 1612 570 1644 veritas,
602 1611 808 1647 requirentibus
832 1615 1026 1641 testamentum

240 1659 328 1694 eius.»

274 1703 351 1733 Psal.
375 1711 443 1736 xxx,
469 1703 563 1730 23.—
580 1713 589 1730 ‹
612 1703 761 1731 Veritatem
790 1704 912 1739 requiret
933 1705 1026 1733 Domi-

238 1759 301 1779 nus.
318 1761 327 1777 Ι

273 1796 350 1825 Paul.
377 1797 527 1830 cvvtu,43.
541 1812 575 1817 ——
605 1806 613 1822 ι
626 1796 660 1823 Et
675 1803 710 1823 ne
723 1795 834 1823 auferas
849 1795 883 1823 de
899 1804 947 1823 ore
964 1804 1026 1823 meo

237 1843 352 1871 verbum
384 1843 510 1871 veritatis
539 1849 759 1878 usquequaque:
782 1841 846 1877 quia
867 1841 895 1869 in
914 1842 1025 1876 iudieiis

237 1889 295 1917 tuis
307 1890 512 1924 superspcravi.
532 1899 541 1916 ι

271 1935 354 1963 Prov.
372 1944 430 1968 vui,
445 1936 472 1963 8.
489 1951 523 1956 —
536 1946 545 1962 ι
558 1936 624 1964 Cum
641 1935 748 1971 iustitia
766 1941 830 1964 sunt
839 1937 931 1963 omnia
941 1937 1026 1964 verba

236 1983 293 2010 oris
309 1982 361 2010 mei
379 1992 386 2010 :
411 1990 466 2010 non
478 1986 521 2011 est
537 1982 565 2010 in
580 1983 620 2010 eis
636 1989 749 2018 pravum
767 1982 842 2018 quid,
863 1989 951 2017 neque
962 1989 1024 2020 per-

236 2036 346 2057 versum
352 2049 358 2055 .
376 2038 385 2054 ι

270 2075 352 2104 Prov.
370 2084 426 2108 xiv,
437 2077 482 2107 22,
493 2076 538 2103 25.
551 2085 602 2102 -‹
620 2075 839 2104 Misericordiam
853 2076 1023 2111 etjudieium

236 2123 374 2150 labrieant
388 2123 463 2150 boni.
479 2122 617 2151 Liberata
631 2123 712 2150 malis
729 2122 808 2150 testis
824 2122 924 2151 ﬁdelis.
940 2131 949 2149 ι

272 2168 352 2197 Prov.
366 2177 423 2199 xxx,
438 2169 464 2196 5.
478 2184 512 2188 —
534 2179 543 2194 ‹
558 2167 814 2202 Facerejustitiam,
830 2172 859 2195 et
868 2176 932 2196 vera
946 2169 1021 2204 loqui

235 2215 323 2248 magis
337 2214 424 2248 placet
440 2213 505 2246 Deo,
524 2222 606 2249 quam
625 2214 796 2241 victimarum
813 2215 937 2250 sanguis.
957 2224 967 2240 ι

270 2259 338 2287 Mal.
357 2267 386 2292 ιι,
403 2260 430 2287 6.
446 2274 481 2280 —
496 2269 505 2285 ι
527 2259 580 2287 Lex
596 2260 720 2287 veritatis
738 2264 798 2288 erat
811 2260 838 2287 in
855 2268 903 2288 ore
913 2268 1019 2293 eorum,

235 2309 262 2333 et
273 2305 408 2340 iniquitas
421 2313 474 2332 non
488 2310 529 2333 est
541 2305 649 2333 inventa
663 2306 690 2332 in
709 2306 789 2333 labiis
804 2305 937 2339 ipsorum.
956 2315 965 2333 ι

269 2351 350 2387 357
375 2351 458 2379 Zach.
483 2360 540 2385 vin,
564 2352 609 2379 16.
631 2362 686 2379 -‹
704 2352 860 2386 Loquimini
877 2353 1019 2380 veritatem

234 2398 428 2433 unusquisque
442 2407 503 2426 cum
526 2400 651 2433 proximo
675 2408 742 2432 suo;
766 2400 911 2427 veritatem
931 2403 959 2427 et
974 2407 1020 2434 pa-

233 2452 305 2475 cem,
317 2444 385 2472 dicit
401 2445 534 2472 Dominus
547 2445 731 2481 omnipotens.
748 2455 758 2472 ι

269 2489 320 2516 III
334 2489 414 2517 Esdr.
430 2498 467 2523 Iv,
486 2490 530 2518 39.
550 2506 583 2512 -
598 2501 607 2518 ι
623 2491 681 2519 Non
713 2495 755 2519 est
782 2490 853 2525 apud
876 2490 1018 2520 veritatem

233 2537 359 2572 accipere
375 2545 518 2572 personas.
529 2548 538 2563 ι

268 2582 333 2616 Sap.
346 2591 382 2614 vi,
398 2583 443 2610 24.
457 2598 484 2603 —-
503 2593 512 2609 ‹
528 2583 587 2611 Non
604 2586 748 2619 praeteribo
763 2587 916 2620 veritatem,
932 2593 1019 2621 neque

233 2636 296 2655 cum
309 2628 414 2656 invidia
427 2629 587 2657 tabcscente
602 2631 653 2658 iter
665 2631 771 2659 habebo
790 2640 796 2658 :
811 2633 941 2668 quoniam
956 2632 1020 2659 huic

233 2674 301 2700 nihil
316 2682 462 2702 commune
478 2679 519 2702 est
537 2682 600 2702 cum
622 2678 767 2712 sapientia.
785 2688 794 2704 ›

268 2719 353 2747 Εεσίί.
374 2729 411 2752 ιν,
427 2721 472 2752 23,
486 2721 531 2748 27.
545 2737 581 2742 —
600 2733 610 2748 ‹
633 2723 692 2750 Νοη
709 2725 884 2752 contradicas
897 2724 1016 2752 veritati.

231 2762 273 2790 Ne
294 2765 413 2799 accipias
442 2774 590 2800 personam
616 2769 747 2803 potentis.
774 2769 869 2804 Usque
898 2769 931 2796 ad
949 2777 1019 2796 mor-

194 2806 201 2814 '
233 2814 287 2835 tem
307 2815 380 2836 certa
394 2813 574 2845 projustitia,
591 2819 616 2841 ct
635 2815 767 2842 Dominus
788 2815 860 2843 licus
888 2815 1019 2850 pugnabit

234 2861 282 2887 ι’ΐο
298 2858 332 2878 l0.
349 2863 359 2877 ι

1095 264 1204 298 Ἀμέλει
1233 264 1264 289 τὸ
1280 262 1449 296 ἁμαρτάνειν
1475 263 1601 298 ἐνεργείᾳ
1627 264 1733 297 νεῖται,
1751 264 1797 290 καὶ
1825 265 1874 291 οὐκ

1087 310 1183 345 οὐσίᾳ·
1199 310 1239 336 διὸ
1255 309 1314 336 οὐδὲ
1330 309 1411 344 ἔργον
1426 309 1505 336 Θεοῦ.

1123 399 1166 437 Οὐ.
1181 400 1384 435 μνησικακήσει
1403 400 1418 426 ὸ
1432 400 1582 434 γνωστικός
1603 408 1678 427 ποτε.
1695 398 1734 427 Οὐ
1753 400 1873 434 χαλεπα-

1086 447 1128 472 νεῖ
1141 446 1240 478 οὺδενὶ,
1256 445 1307 472 κᾶν
1334 445 1430 480 μίσους
1448 445 1511 478 ἀξια
1539 446 1671 481 τυγχάνῃ,
1696 445 1739 480 ἐφ’
1755 443 1796 477 οἷς
1814 445 1872 472 δια-

1086 491 1247 527 πράττεται.
1265 491 1343 518 Σέϐει
1363 491 1412 526 μὲν
1429 492 1483 526 γὰρ
1499 491 1545 518 τὸν
1573 491 1701 526 Ποιητὴν,
1722 491 1818 526 ἀγαπᾷ.
1843 491 1872 517 δὲ

1085 535 1132 562 τὸν
1147 536 1277 562 κοινωνὸν
1291 536 1338 562 τοῦ
1351 535 1420 570 βίον,
1435 535 1578 571 οἰκτείρων
1592 536 1640 563 καὶ
1655 536 1873 571 ὑπερευχόμενος

1085 582 1168 609 αὑτοῦ
1187 582 1231 609 διὰ
1246 582 1295 617 τὴν
1309 582 1340 616 ἀγ
1347 591 1431 609 νοιαν.

1128 677 1236 712 Ἀγάπη
1252 678 1286 704 τὰ
1317 677 1471 712 φλεγόμενα
1488 676 1572 712 μόρια
1598 675 1646 702 τοῦ
1673 675 1760 710 Θυμοῦ
1789 674 1871 710 θερα-

1084 722 1188 749 πεὺειν.

1123 769 1156 796 Ἦ
1170 769 1264 804 ἀγάπη
1279 768 1325 795 τὸν
1335 768 1478 804 ἄνθρωπον
1494 767 1535 799 εἰς
1549 767 1611 803 τρία
1627 766 1767 802 μερίζεται
1784 765 1867 800 πρόσ-

1082 823 1144 841 ωπα
1154 823 1160 829 ·
1177 815 1191 841 ὁ
1214 815 1264 849 μὲν
1276 813 1319 840 διὰ
1340 813 1407 840 Θεὸν
1435 813 1540 849 ἀγαπᾷ,
1555 813 1584 839 ὃν
1595 812 1688 848 ἀγαπᾷ
1701 820 1708 826 ·
1733 811 1747 837 ὑ
1766 811 1793 837 δὲ
1806 811 1868 838 ἐπεὶ

1086 860 1213 892 πλούσιός
1228 861 1297 892 ἐστι,
1313 859 1393 894 χάριν
1405 860 1513 895 λήψεως
1527 858 1638 895 δώρωνι
1651 859 1665 884 ὸ
1683 857 1711 884 δὲ
1724 856 1866 892 ἐμπαθῶς.

1081 907 1136 933 Καὶ
1153 907 1166 933 ὁ
1183 906 1233 941 μὲν
1250 905 1408 941 εἰλικρινῶς
1430 905 1536 938 δοξάζει
1559 904 1589 931 ὃν
1611 904 1716 939 ἀγαπᾷ.
1739 904 1754 929 ὁ
1772 903 1799 929 δὲ
1825 901 1870 929 διὰ

1082 952 1249 985 πλεονεξίαν,
1265 953 1279 979 ὁ
1292 952 1320 978 δὲ
1335 952 1416 987 χάριν
1430 951 1536 987 ἡδονῆς.

1117 1028 1227 1064 εἶίρήνη,
1247 1026 1326 1064 κᾶνῇ
1350 1027 1451 1062 σφόδρα.
1476 1026 1633 1062 ἐπιζήμιος,
1659 1025 1867 1060 λυσιτελεστέρα

1079 1075 1138 1102 ἐστὶ
1152 1074 1280 1107 πολέμου.

1098 1130 1188 1156 ΤΙΤΛ.
1214 1128 1264 1156 ΙΘ’.
1283 1143 1318 1149 -
1339 1128 1407 1163 Περὶ
1438 1127 1582 1167 ἀληθείας
1610 1127 1659 1154 καί
1684 1126 1848 1162 μαρτιιρίσς

1415 1170 1539 1196 πιστης.

1119 1221 1128 1237 ι
1149 1211 1187 1238 Οὐ
1202 1210 1398 1246 συγκαταῦήσῃ
1414 1209 1483 1244 μετά
1495 1208 1540 1236 τοῦ
1552 1208 1644 1236 ἀδίκου
1657 1207 1782 1243 γενέσθαι
1798 1206 1867 1242 μάρ-

1079 1267 1127 1290 τυς
1141 1258 1244 1289 ἄδικος.
1255 1268 1264 1283 ι
1699 1282 1702 1284 .

1118 1314 1128 1329 ε
1150 1303 1212 1330 Ἐπὶ
1226 1304 1287 1330 δυσὶ
1302 1303 1436 1338 μάρτυσιν
1448 1303 1465 1337 ἢ
1482 1302 1570 1337 τρισὶν
1585 1300 1761 1328 ἀποθανεῖται
1774 1299 1788 1325 ὁ
1798 1299 1865 1325 ἀπο·

1079 1349 1214 1384 Θνήσκων.
1224 1349 1281 1376 Οὐκ
1291 1349 1406 1383 ὲμμενεῖ
1426 1348 1531 1383 μάρτυς
1544 1344 1595 1379 εἷς,
1610 1345 1782 1381 μαρτυρῆσαι
1794 1343 1866 1370 κατὰ

1079 1394 1238 1430 ἀνθρώπου,
1253 1394 1324 1421 κατά
1339 1394 1430 1425 πάσας
1446 1393 1545 1425 αἰτίας,
1559 1394 1606 1420 καὶ
1620 1391 1690 1418 κατὰ
1706 1391 1761 1417 πᾶν
1775 1390 1865 1424 ἀμάρ-

1157 1461 1163 1466 .
1181 1450 1190 1466 ι

1078 1449 1290 1521 intumis-10tva
1306 1486 1394 1520 στόμα
1416 1484 1639 1520 ἐμπλησθήσεται
1661 1482 1788 1516 γέλωτος,
1817 1480 1864 1507 καὶ

1079 1533 1115 1560 τὰ
1131 1532 1209 1568 χείλη
1225 1532 1306 1559 αὺτοῦ
1321 1531 1526 1565 ἀγαλλιάσεται.
1545 1539 1554 1555 ι

1117 1587 1125 1603 ι
1143 1578 1231 1604 Πᾶσαι
1259 1578 1287 1603 αἱ
1303 1577 1358 1603 ὁδοὶ
1374 1575 1477 1611 Κυρίου
1501 1575 1576 1606 ἔλεος
1598 1574 1646 1601 καὶ
1670 1573 1794 1609 ἀλήθεια,
1807 1573 1862 1602 τοῖς

1078 1622 1222 1657 ὲκζητοῦσι
1235 1622 1285 1658 τὴν
1300 1622 1434 1657 διαθήκην
1447 1621 1542 1648 αὐτοῦ.
1560 1630 1569 1647 ι

1115 1722 1125 1738 ι
1144 1713 1284 1748 Ἀλήθειαν
1299 1712 1447 1747 ὲκζητήσει
1460 1711 1572 1747 Κύριος.
1585 1720 1594 1737 ι

1116 1809 1125 1825 α
1139 1799 1186 1835 Μὴ
1201 1799 1331 1834 περιέλῃς
1346 1798 1379 1824 ἐκ
1402 1797 1448 1823 τοῦ
1467 1796 1600 1832 στόματός
1625 1805 1676 1832 μου
1692 1797 1771 1831 λόγον
1793 1796 1861 1833 ἁλη.

1079 1845 1155 1876 θείας
1170 1845 1224 1876 ἕως
1241 1843 1354 1879 σφόδρα,
1372 1844 1413 1870 ὅτι
1431 1843 1478 1869 ἐπὶ
1494 1844 1550 1874 τοῖς
1571 1842 1691 1878 κρίμασί
1710 1851 1756 1868 σου
1776 1843 1860 1877 ὑπερ-

1077 1891 1189 1927 ήλπισα.
1209 1899 1218 1917 ι

1114 1945 1124 1962 ι
1139 1935 1218 1962 Μετά
1241 1933 1415 1969 δικαιοσύνης
1439 1933 1529 1960 πάντα.
1545 1934 1579 1960 τὰ
1608 1933 1718 1968 ῥήματα.
1733 1932 1780 1958 τοῦ
1797 1932 1860 1958 πό-

1077 1980 1162 2017 ματός
1178 1988 1245 2016 pou“
1257 1979 1333 2007 οὐδὲν
1355 1979 1385 2006 ὲν
1399 1979 1491 2010 αὐτοῖς
1503 1977 1621 2011 σκολιὸν,
1644 1978 1704 2004 οὐδὲ
1720 1985 1857 2013 στραγγα-

1076 2026 1180 2058 λιῶδες.
1198 2035 1208 2052 ι

1113 2082 1122 2098 1
1141 2072 1236 2099 Ἔλεον
1250 2072 1296 2098 καὶ
1313 2071 1442 2106 ἀλήθειαν
1454 2070 1643 2098 τεκταίνουσιν
1655 2069 1762 2104 ἀγαθοί.
1781 2068 1858 2095 Ῥύε-

1074 2127 1119 2146 ται
1130 2119 1162 2145 ὲκ
1177 2117 1272 2145 κακῶν
1288 2117 1393 2152 μάρτυς
1407 2116 1512 2147 πιστός.
1529 2125 1538 2142 ι

1112 2173 1121 2190 ι
1139 2163 1230 2190 Ποιεῖν
1243 2161 1335 2189 δίκαια
1351 2161 1399 2188 καὶ
1414 2160 1568 2196 ἀληθεύειν,
1578 2159 1682 2194 ἀρεστὰ
1698 2158 1773 2192 παρά
1785 2158 1855 2194 Θεῷ,

1038 2217 1060 2245 ι)
1075 2210 1090 2245 ἢ
1110 2209 1212 2236 Θυσιῶν
1227 2206 1308 2243 αἷμα.
1323 2217 1332 2234 ι

1115 2265 1124 2282 ε
1139 2255 1230 2290 Νόμος
1245 2254 1375 2290 ἀληθείας
1391 2251 1425 2288 ἦν
1442 2253 1470 2279 ἐν
1494 2251 1534 2287 τῷ
1562 2251 1676 2287 στόματι
1690 2250 1790 2284 αὐτῶν,
1810 2249 1858 2276 καὶ

1073 2301 1165 2329 ἀδικία
1180 2301 1230 2336 οὺχ
1240 2299 1338 2335 εὑρέθη
1352 2299 1381 2325 ὲν
1396 2298 1512 2333 χείλεσιν
1528 2297 1629 2326 αὐτῶν.
1646 2306 1656 2323 ι

1113 2358 1124 2374 ι
1138 2347 1253 2375 Λαλεῖτε
1267 2345 1395 2380 ἀλήθειαν
1408 2344 1522 2375 ἕκαστος
1536 2343 1605 2378 μετά
1620 2342 1667 2369 τοῦ
1682 2336 1792 2376 πλησίον
1806 2341 1856 2367 αὑ-

1068 2393 1136 2419 .τοῦ’
1164 2391 1214 2426 τὴν
1228 2389 1357 2425 ἀλήθειαν
1373 2388 1420 2415 καὶ
1447 2388 1496 2423 τὴν
1511 2387 1632 2423 είρήνην,
1655 2385 1728 2421 λέγει
1756 2384 1856 2420 Κύριος

1072 2436 1280 2471 παντοκράτωρ.
1298 2444 1307 2460 ι

1110 2493 1119 2509 ι
1141 2484 1198 2510 Οὐκ
1223 2481 1282 2508 ἔστι
1305 2480 1381 2515 παρά
1404 2481 1436 2515 τῇ
1461 2479 1574 2514 ἀληθείᾳ
1596 2477 1746 2513 λαμϐάνειν
1773 2475 1857 2512 πρόσο

1070 2538 1143 2557 ωπα.
1160 2538 1169 2555 )

1107 2583 1116 2600 ι
1133 2574 1170 2601 Οὐ
1195 2572 1232 2609 μὴ
1249 2571 1408 2608 παροδεύσω
1419 2571 1468 2607 τὴν
1484 2563 1622 2606 ἀλήθειαν,
1640 2568 1703 2595 οὔτε
1723 2566 1777 2603 μὴν
1792 2566 1856 2601 $06-

1070 2629 1108 2654 νῳ
1126 2619 1255 2654 τετηκότι
1271 2617 1438 2645 συνοδεύσω·
1460 2617 1500 2643 ὅτι
1522 2612 1599 2647 οὗτος
1616 2615 1645 2640 οὺ
1669 2613 1792 2640 κοινωνεῖ
1815 2620 1856 2638 σο-

1071 2666 1130 2701 φίᾳ.
1152 2675 1161 2690 ι

1110 2725 1119 2742 ι
1137 2716 1183 2751 Μὴ
1208 2714 1330 2748 ἀντίλεγε
1346 2715 1379 2748 τῇ
1399 2713 1514 2748 ἀληθείᾳ
1525 2722 1532 2728 -
1551 2713 1588 2748 μὴ
1605 2711 1691 2746 λάϐῃς
1708 2711 1857 2745 πρόσωπον

1069 2762 1211 2788 δυνάστου.
1238 2760 1310 2791 Ἐως
1337 2759 1452 2786 θανάτου
1470 2758 1603 2792 ἀγώνισαι
1627 2756 1691 2791 περὶ
1713 2756 1762 2790 τῆς
1787 2754 1856 2791 ἀλη-

1071 2807 1154 2838 θείας,
1170 2807 1216 2833 καὶ
1232 2807 1245 2832 ὁ
1257 2805 1357 2841 Κύριος
1369 2804 1457 2835 ὸθεὺς
1474 2803 1622 2838 πολεμήσει
1635 2801 1705 2836 ὑπὲρ
1720 2800 1777 2832 σοῦ.
1795 2809 1804 2827 ι
