2074 3115
236 166 303 198 1205

271 232 280 248 ι
299 220 414 248 Πετεινὰ
435 219 502 255 πρὸς
519 218 553 244 τὰ
573 219 654 253 ὅμοια
674 216 812 248 καταλύει,
832 215 879 242 καὶ
905 213 1019 249 ἀλήθεια
1035 214 1057 242 Λ

233 268 301 304 πρὸς
313 267 376 298 τοὺς
391 265 593 302 ἐργαζομένους
611 264 696 298 αὐτὴν
710 262 852 298 ἐπανήξει.
870 271 878 287 ι

253 345 256 351 Δ
271 365 281 381 ι
299 355 357 386 Πᾶς
370 356 384 381 ὁ
412 354 503 390 φαῦλα
524 355 664 390 πράσσων,
683 355 757 389 μισεί
767 354 797 380 τὸ
823 353 891 387 φῶς,
907 354 954 379 καὶ
968 353 1018 379 οὐκ

232 402 341 437 ἔρχεται
355 401 423 436 πρὸς
439 401 469 428 τὸ
495 401 563 435 φῶς,
583 401 627 426 ἵνα
644 400 680 435 μὴ
698 400 813 435 ἐλεγχθῇ
830 400 864 426 τὰ
882 399 950 434 ἔργα
970 400 1018 425 αὺ-

230 447 288 475 τοῦ,
307 448 335 474 '0
349 447 377 474 δὲ
390 447 474 474 ποιῶν
485 447 535 482 τὴν
547 447 687 482 ἀλήθειαν,
699 446 808 482 ἔρχεται
825 446 893 481 πρὸς
903 446 932 472 τὸ
948 446 1016 480 φῶς,

231 494 274 520 ἵνα
293 494 437 529 φανερωθῇ
465 493 499 520 τὰ
527 493 596 528 ἔργα
619 493 718 525 αὑτοῦ,
748 494 790 520 ὅτι
815 494 843 519 ὲν
857 492 917 528 Θεῷ
942 494 1017 519 ἐστιν

230 539 412 576 εἰργασμένα.
431 549 440 566 ι

267 595 276 611 ι
301 585 480 620 Ἀποθέμενοι
496 586 528 612 τὸ
538 584 647 620 ψεῦδος,
671 585 774 612 λαλεῖτε
795 586 926 621 ἀλήθειαν
950 585 1015 612 ’ἐκα-

229 640 291 663 στος
312 631 382 666 μετὰ
406 631 453 658 τοῦ
479 631 595 667 πλησίον
618 631 767 664 αὐτοῦ,ὄτι
794 631 876 667 ἐσμὲν
893 631 1015 666 ἀλλήλων

230 677 310 712 μέλη.
329 687 338 702 ι

266 731 275 748 ι
294 723 413 755 Μείζονα
436 723 537 758 ταύτης
552 724 602 750 οὐκ
624 722 678 758 ἔχω
697 723 797 758 χαρὰν,
810 723 852 750 ἵνα
875 722 967 750 ἀκούω
981 723 1014 749 τὰ

228 768 283 804 ἐμὰ
298 769 381 796 τέκνα
395 770 423 796 ὲν
441 770 557 805 ἀληθείᾳ
570 770 786 805 περιπατοῦντα.
807 780 815 795 ι

261 855 298 882 Τὸ
313 856 459 893 κράτιστον
472 856 526 883 τῶν
539 857 649 892 ἀγαθῶν
662 858 678 893 ἡ
692 857 817 892 ἀλήθεια.

260 951 433 988 Δυσθήρατὸς
457 955 531 981 ἐστιν
547 955 561 980 ὁ
579 956 626 990 τῆς
651 955 780 991 ἀληθείας
806 956 895 990 λόγος,
914 957 1011 993 ῥᾳδίως

224 997 373 1033 δυνάμενος
388 999 519 1033 ἐκφυγεῖν
532 1000 595 1031 τοὺς
610 1000 647 1035 μὴ
666 1001 860 1036 προσέχοντας.

259 1083 385 1112 Τοιοῦτόν
398 1094 425 1112 τι
447 1086 462 1120 ἡ
476 1086 583 1121 ἀλογία,
600 1087 647 1114 καὶ
674 1088 704 1114 τὺ
732 1088 800 1124 πρὸς
815 1090 864 1124 τὴν
879 1090 1009 1125 ἀλήθειαν

223 1129 429 1164 ἀπομάχεσθαι,
446 1131 483 1163 ὡς
502 1132 569 1167 μηδὲ
598 1135 815 1170 περιπίπτοντας
831 1136 930 1168 αὐτοὺς
946 1137 1009 1163 ἐαυ-

222 1175 288 1207 τοῖς,
306 1175 321 1210 ἢ
340 1178 419 1209 νοεῖν,
435 1177 450 1212 ἥ
467 1178 654 1213 αἰσχύνεσθαι.

257 1262 394 1298 Οὑδεμιᾱς
409 1265 495 1293 δεῖται
512 1266 639 1302 βοηθείας
662 1269 742 1305 ήτῆς
768 1271 897 1306 ἀληθείας
919 1273 1005 1307 ἰσχὺς.

220 1309 289 1336 ἀλλὰ
309 1310 360 1336 κᾶν
374 1311 489 1346 μυρίους
513 1312 561 1349 ἔχῃ
586 1315 650 1347 τοὺς
677 1316 839 1353 σόεννύντρις
863 1317 956 1353 αὐτὴν,
975 1319 1006 1345 οὐ

221 1354 302 1388 μόνον
315 1355 364 1381 οὐκ
377 1356 547 1390 ἀφανίζεται,
562 1359 629 1386 ἀλλὰ
653 1359 699 1386 καὶ
709 1361 744 1386 δι’
763 1362 853 1388 αὐτῶν
867 1362 922 1388 τῶν
938 1363 1006 1398 ἐπη-

220 1399 328 1433 ρεάζειν
352 1401 565 1437 ἐπιχειρούντων
587 1404 755 1440 φαιδροτέρα
772 1405 869 1439 ἄνεισι,
892 1406 947 1432 τῶν
961 1415 1006 1432 κο-

219 1445 342 1472 πτόντων
359 1446 473 1479 ἑαυτοὺς
487 1449 678 1484 καταγελῶσα.

251 1530 320 1557 Οὔτε
334 1531 364 1557 τὸ
379 1532 437 1566 φῶς
452 1533 527 1561 ἔσται
556 1537 650 1567 σκότος
668 1537 745 1570 ποτὲ,
762 1538 814 1570 ἕως
830 1538 863 1565 ἂν
923 1539 980 1573 φῶς
993 1548 1000 1556 ⁸
1016 1553 1038 1582 C

217 1575 279 1602 οὔτε
303 1577 320 1611 ἡ
335 1577 388 1603 τῶν
406 1581 472 1614 παρ’
487 1581 553 1614 ἡμῖν
579 1582 751 1616 πραγμάτων
772 1575 1004 1619 ἀλήθειανδιελεγ-

217 1620 493 1658 χθήσεται.Ἀλήθεια
508 1626 562 1660 γάρ
573 1626 697 1658 ὲστι,καὶ
712 1627 814 1663 ταύτης
830 1629 1002 1664 ἰσχυρότερον

216 1665 304 1693 οὐδέν.

249 1711 306 1743 Πᾶς
319 1712 333 1738 ὁ
346 1713 495 1748 δυνάμενος
510 1716 600 1749 λέγειν
621 1717 669 1751 τὴν
684 1717 827 1754 ἀλήθειαν,
841 1720 887 1746 καὶ
905 1720 942 1756 μὴ
959 1721 1002 1748 λέ-

214 1766 281 1791 γων,
299 1759 459 1795 κριθήσεται
475 1762 527 1788 ὑπὸ
543 1762 588 1789 τοῦ
605 1763 683 1790 Θεοῦ.

250 1847 358 1874 Βέλτιον
374 1847 448 1875 λίθον
464 1849 557 1883 βαλεῖν
572 1850 644 1886 εικῆ,
660 1851 676 1886 ἢ
694 1852 781 1886 λόγον.
806 1852 888 1881 Λάλει
913 1855 931 1882 ἃ.
947 1855 998 1888 δεῖ,

213 1891 259 1918 καὶ
274 1892 318 1918 ὅτε
336 1892 385 1925 δεῖ,
405 1894 451 1919 καὶ
472 1895 521 1920 οὐκ
545 1895 673 1927 ἁκούσεις
685 1896 704 1924 ἃ.
731 1897 768 1933 μὴ
780 1897 830 1926 δεῖ.
847 1899 932 1935 Σιγᾷν
947 1901 998 1937 τὴν

212 1936 341 1972 ἀλήθειαν
354 1939 454 1975 χρυσόν
469 1941 527 1967 ἐστι
541 1941 667 1969 θάπτειν.

210 2079 300 2118 'l‘lTA_.
314 2080 359 2118 K’1
373 2095 408 2100 —
422 2081 490 2115 Περὶ
501 2081 678 2118 ἀρχομένων
689 2090 697 2098 ⁸
721 2082 765 2118 ὅτι
787 2084 995 2118 ἐξομοιοῦνται

244 2114 305 2155 τοῖς
324 2114 383 2141 τῶν
397 2114 588 2155 aptarat)»;fo
605 2117 702 2152 ἤθεσι,
725 2117 784 2145 κᾶν
798 2114 992 2155 ἰδ’χρηστοὶ,

243 2149 302 2175 κᾶν
316 2159 347 2176 τε
357 2151 502 2185 μοχθηρῶ
521 2149 687 2186 ὑπάρχωσι.

246 2216 254 2232 ‹
271 2204 337 2232 Εἴπε
354 2206 456 2234 Γεδεὼν
467 2207 536 2243 πρὸς
550 2208 596 2235 τὸν
606 2209 680 2236 λαόν·
695 2209 794 2242 Καθὼς
807 2210 887 2243 ποιῶ,
904 2211 990 2246 οὕτως
1006 2221 1029 2250 ι)

207 2253 348 2287 ποιήσατε.
365 2252 475 2279 Σαλπιῶ
500 2254 528 2280 ἐν
543 2255 576 2289 τῇ
604 2255 750 2291 κερατίνη,
777 2256 825 2282 καὶ
851 2257 991 2285 σαλπιεῖτε

207 2298 297 2332 κύκλῳ
312 2298 360 2333 τῆς
374 2298 562 2334 παρεμϐολῆς.
584 2309 593 2326 ι

243 2386 252 2402 ι
271 2376 386 2404 Ἔλαϐεν
407 2377 550 2414 Ἀϐιμέλεχ
564 2379 613 2415 τὴν
627 2380 733 2416 ἀξίνην,
750 2383 797 2409 καὶ
813 2383 909 2418 ἔκοψεν
924 2384 989 2412 κλά-

205 2422 265 2453 δους
282 2423 379 2455 ξύλων,
395 2424 441 2451 καὶ
467 2424 565 2460 ἔθηκεν
587 2426 634 2453 ἐπὶ
659 2427 713 2454 τῶν
727 2428 810 2463 ὤμων
826 2430 918 2462 αὑτοῦ,
943 2432 990 2458 καὶ

205 2464 265 2493 εἷπε
282 2467 320 2502 τῷ
334 2467 390 2503 λαῷ
404 2469 443 2504 τῷ
462 2470 520 2504 μετ’
535 2470 629 2498 αὑτοῦ·
642 2472 673 2498 Ὂ
690 2472 779 2500 οἴδατε
798 2474 928 2503 ποιοῦντά
944 2485 987 2512 με,

205 2513 348 2548 ποιήσατε.
363 2523 372 2539 ›

243 2569 252 2585 ι
271 2561 349 2587 Κατὰ
365 2560 411 2587 τὸν
428 2562 524 2598 κριτὴν
546 2563 593 2589 τοῦ
610 2563 684 2597 λαοῦ,
708 2565 794 2598 οὕτως
818 2568 865 2594 καὶ
879 2570 903 2596 οἱ
932 2569 986 2597 λει-

203 2606 312 2640 τουργοὶ
338 2606 439 2633 αὐτοῦ’
460 2609 508 2634 καὶ
530 2609 600 2636 κατὰ
621 2610 666 2636 τὸν
695 2611 846 2647 ἡγούμενον
867 2615 916 2650 τῆς
940 2617 988 2643 πό‹

203 2651 282 2684 λεως,
299 2652 399 2684 πάντες
415 2654 439 2679 οί
451 2654 642 2687 κατοικοῦντες
658 2657 686 2684 ἐν
698 2659 777 2694 αὐτῇ.
794 2669 803 2685 ι

239 2698 310 2734 Πρὸς
324 2698 355 2725 τὸ
370 2698 424 2725 τῶν
438 2700 610 2733 κρατούντων
625 2699 691 2737 ἦθος
715 2704 881 2734 πλάττεσθαι
899 2710 985 2744 πέφυ-

203 2753 250 2772 κεν
276 2745 314 2777 ὡς
328 2745 360 2772 τὰ
384 2746 470 2772 πολλὰ
488 2746 518 2772 τὸ
539 2746 700 2782 ἀρχόμενον,
716 2750 797 2777 Ὥστε
819 2753 906 2781 ὁποῖοί
921 2765 985 2783 ποτε

203 2790 236 2816 ἂν
251 2793 275 2817 ot
290 2792 398 2826 ἄγοντες
416 2789 477 2825 ὦσι,
487 2795 609 2822 τοιοῦτον
624 2796 730 2833 ἀνάγκη
749 2799 794 2826 καὶ
807 2800 837 2827 τὺ
851 2802 985 2836 ἀγόμενον

203 2832 261 2863 ιῖνα
266 2845 272 2862 ι
277 2853 283 2862 .

878 157 995 188 SACRA
1016 156 1058 186 PA
1066 155 1246 185 RALLELA.

1794 151 1862 183 19.06

1109 210 1192 237 Eccli.
1209 217 1293 240 xxvu,
1316 209 1391 235 l0.—-
1406 217 1414 234 ι
1428 207 1556 235 Volatilia
1573 207 1605 234 ad
1622 207 1664 234 sui
1677 207 1776 234 similia
1794 215 1860 235 eon-

1073 257 1183 283 veniunt
1200 265 1206 282 :
1223 259 1250 282 et
1276 256 1376 282 veritas
1401 255 1434 281 ad
1452 262 1499 282 eos
1520 255 1567 289 qui
1590 257 1739 289 operantur
1772 254 1860 287 illam,

1071 305 1236 329 revertetur.
1258 310 1267 326 ι

1105 347 1186 374 Joan.
1201 355 1241 380 III,
1253 346 1300 374 20.
1317 362 1352 367 —
1367 356 1375 372 ι
1398 345 1494 373 Omnis
1520 345 1565 380 qui
1583 345 1655 372 male
1664 345 1729 380 agit,
1745 344 1802 373 odit
1817 345 1859 372 lu-

1069 400 1139 425 cem,
1156 396 1253 419 etnon
1278 392 1354 419 venit
1385 392 1419 419 ad
1444 391 1543 422 lucem,
1568 395 1596 418 ut
1624 398 1679 418 non
1707 395 1859 426 arguantur

1069 446 1151 473 opera
1184 439 1256 473 ejus.
1283 438 1336 471 Qui
1365 442 1456 465 autem
1473 437 1539 464 facit
1567 437 1718 470 veritatem,
1734 437 1807 466 venit
1825 438 1858 466 ad

1069 484 1167 516 lucem,
1187 484 1456 513 ut‘manilestentur
1486 492 1569 519 opera
1587 484 1657 519 ejus,
1679 485 1743 519 quia
1757 486 1784 512 in
1801 485 1856 513 Deo

1069 535 1134 558 sunt
1149 530 1230 558 facta.
1248 540 1257 556 ι

1102 575 1197 609 ΕρΙιεε.
1208 585 1244 608 tv,
1258 577 1346 603 9.5.—-
1361 587 1371 602 ι
1387 577 1558 612 Deponentes
1572 579 1756 612 mendacium,
1769 579 1858 615 loqui-

1067 620 1134 647 mini
1165 621 1308 648 veritatem
1333 623 1526 658 unusquisque
1546 631 1609 651 cunt
1639 624 1767 659 proximo
1795 631 1855 656 suo,

1066 667 1195 700 quoniant
1212 674 1310 694 sumus
1325 667 1444 694 invicem
1456 668 1590 695 membra.
1610 678 1619 694 ι

1102 712 1148 739 III
1162 712 1242 740 Joan.
1261 721 1287 740 v.
1301 713 1327 740 lt.
1337 727 1372 732 —
1384 722 1393 738 ι
1409 712 1539 748 Majorem
1556 713 1607 741 hac
1622 714 1742 741 laetitiam
1756 713 1854 744 habeo,

1065 754 1147 795 quatit
1175 766 1203 788 ut
1233 761 1340 788 audiant
1373 761 1443 788 ﬁlios
1475 769 1551 789 nteos
1579 761 1605 788 in
1627 762 1742 789 veritate
1758 761 1854 787 ambu-

1065 809 1132 835 lare.
1155 817 1165 833 ι

1148 854 1230 881 Ιίαδίί.
1248 855 1555 882 —Przestantissimum
1582 854 1703 881 omnittm
1717 854 1850 880 bonorum

1064 904 1107 927 est
1124 900 1235 927 veritas.

1101 945 1196 980 Ejttsd.
1222 946 1293 972 hom.
1307 946 1354 972 itu
1370 947 1482 973 Attende
1498 947 1544 972 tibi
1560 947 1621 981 ipsi.
1632 946 1775 981 t—Captu
1784 945 1852 973 dim-

1061 990 1121 1017 cilis
1136 995 1177 1018 est
1193 999 1284 1018 sermo
1302 991 1436 1024 veritatis,
1455 992 1543 1026 utqui
1562 992 1642 1019 facile
1661 999 1710 1020 eos
1731 992 1852 1026 effugere

1062 1039 1156 1070 queat,
1174 1036 1221 1071 qui
1234 1036 1354 1063 anintum
1371 1044 1427 1064 non
1445 1037 1514 1064 satis
1530 1037 1686 1064 attendunt.

1098 1082 1126 1109 S.
1140 1081 1217 1117 (ἕως.
1230 1082 1366 1111 Nazianz.
1381 1099 1415 1104 —-
1429 1081 1572 1118 Ejusmodi
1600 1084 1732 1119 quiddam
1750 1088 1791 1111 est
1806 1093 1850 1111 ve-

1060 1128 1165 1160 eordia,
1183 1128 1336 1164 ittituntque
1363 1129 1498 1158 adversus
1526 1129 1671 1157 veritatem
1690 1134 1847 1163 certamen;

1061 1177 1090 1199 ιιι
1101 1180 1165 1199 cuttt
1180 1173 1288 1208 ipsimet
1304 1181 1398 1201 secum
1417 1179 1552 1209 pugnent,
1571 1173 1598 1202 id
1616 1180 1706 1202 tamen
1723 1182 1774 1202 nec
1786 1183 1848 1202 sett-

1060 1218 1140 1250 tiant,
1155 1225 1204 1245 nec
1231 1218 1407 1245 erubescant.

1094 1263 1268 1298 Cltrysosl.—
1279 1264 1406 1291 Veritatis
1416 1265 1501 1292 robur
1512 1265 1614 1292 nullam
1627 1273 1704 1300 opem
1716 1266 1846 1300 requirit:

1058 1308 1104 1336 sed
1122 1310 1247 1343 quamvis
1275 1310 1412 1337 innumeri
1442 1311 1508 1340 sint.
1526 1311 1571 1345 qui
1590 1319 1649 1338 eam
1672 1311 1847 1346 exstinguere

1058 1355 1217 1387 moliatttur,
1235 1355 1303 1383 adeo
1315 1360 1405 1383 tamen
1436 1364 1489 1384 non
1512 1357 1708 1391 exstinguitur,
1723 1360 1754 1384 ut
1764 1357 1846 1384 etiam

1057 1407 1105 1434 per
1134 1401 1196 1428 illos
1213 1401 1258 1436 qui
1278 1401 1365 1436 ipsam
1388 1410 1486 1430 vexare
1504 1407 1654 1434 conantur,
1675 1403 1847 1437 splendidior

1056 1443 1191 1475 exsistat,
1218 1444 1348 1472 deridens
1377 1445 1442 1473 illos
1467 1446 1513 1481 qui
1548 1454 1609 1474 sese
1636 1447 1739 1474 frustra
1759 1449 1846 1475 conii-

1056 1487 1141 1515 ciunt.

1094 1534 1123 1561 S.
1137 1534 1247 1562 Justini.
1261 1550 1294 1556 —
1309 1536 1364 1564 Nec
1378 1537 1423 1564 lux
1435 1545 1557 1573 unquam
1575 1539 1664 1575 caligo
1679 1540 1743 1574 erit,
1759 1549 1844 1576 quatt-

1055 1578 1102 1605 diu
1119 1579 1163 1606 lux
1182 1580 1263 1607 fuerit
1279 1590 1285 1607 :
1299 1588 1352 1609 nec
1379 1590 1471 1609 rerum
1488 1588 1647 1611 nostrarum
1665 1587 1765 1614 veritas
1783 1587 1843 1615 falsi

1056 1632 1175 1660 unquam
1185 1627 1374 1656 convincetur.
1385 1627 1495 1657 Veritas
1510 1630 1610 1665 quippe
1627 1636 1680 1664 est,
1701 1640 1755 1667 qua
1771 1632 1839 1660 nihil

1053 1678 1114 1698 esse
1125 1671 1223 1699 fortius
1240 1673 1337 1707 possit.

1090 1716 1235 1750 Ejusdem,
1266 1718 1340 1746 Dial.
1360 1728 1420 1747 cum
1447 1721 1546 1757 Tryplt.
1568 1729 1640 1757 part.
1666 1733 1694 1752 ιι.
1715 1726 1842 1760 —Qnis-

1052 1762 1114 1796 quis
1126 1770 1187 1790 cum
1205 1763 1347 1792 veritatem
1361 1766 1452 1794 dicere
1483 1772 1576 1803 queat,
1593 1777 1653 1797 eam
1678 1772 1807 1805 suhticet,
1826 1783 1840 1801 a

1053 1807 1107 1835 Deo
1128 1809 1368 1838 eondemnabitur.
1778 1825 1779 1828 η

1086 1853 1233 1889 Evagr.-—
1256 1855 1371 1884 Prmstat
1399 1858 1515 1892 lapidein
1543 1859 1682 1888 incassum
1717 1864 1836 1895 mittere,

1049 1906 1132 1933 quant
1161 1908 1329 1929 sermonem.
1347 1902 1471 1939 Loquere
1492 1913 1552 1940 quae
1565 1911 1687 1941 oportet;
1718 1913 1744 1936 et
1774 1918 1837 1937 cunt

1049 1949 1158 1979 oportet
1176 1954 1228 1974 :ac
1250 1955 1305 1975 non
1333 1949 1430 1977 audies
1458 1958 1518 1985 quae
1544 1960 1598 1979 non
1622 1959 1740 1988 oportet.
1760 1953 1836 1982 Veri-

1048 1993 1131 2017 tatem
1160 1990 1250 2023 silere,
1281 1992 1351 2019 idem
1372 1998 1414 2020 est
1434 1995 1508 2029 quod
1539 2005 1635 2025 aurum
1661 1999 1744 2027 humo
1771 2008 1837 2028 con-

1047 2035 1121 2063 dere.

1047 2091 1122 2137 Tl'l‘:
1306 2135 1310 2137 ἓ
1322 2095 1435 2135 subd-itis
1445 2105 1460 2137 λ
1473 2098 1542 2137 quati
1558 2099 1658 2137 subditi
1687 2101 1835 2137 principum

1099 2135 1182 2155 mores
1203 2129 1355 2162 imitamur,
1371 2131 1424 2158 sive
1441 2133 1460 2159 ii
1477 2129 1547 2167 boui,
1566 2134 1619 2162 sive
1635 2129 1701 2163 mal't'
1715 2129 1780 2166 sint:

1077 2203 1170 2232 Judic.
1187 2212 1234 2237 vtt,
1256 2205 1299 2233 18.
1320 2221 1354 2227 -—
1374 2217 1383 2232 ι
1405 2207 1476 2235 Dixit
1491 2209 1599 2237 Gedeon
1617 2211 1650 2238 ad
1675 2213 1826 2247 populum.

1043 2249 1122 2282 Quod
1146 2258 1189 2278 tne
1213 2251 1340 2280 videritis
1365 2253 1467 2286 facere,
1491 2255 1583 2283 facite.
1605 2257 1720 2290 Quando
1735 2267 1832 2295 perso—

1042 2295 1132 2323 nuerit
1153 2297 1218 2324 tuba
1231 2297 1258 2324 in
1280 2305 1362 2326 manu
1383 2307 1455 2332 mea,
1473 2309 1522 2329 vos
1540 2309 1650 2338 quoque
1663 2312 1710 2340 per
1728 2306 1832 2334 circui-

1041 2343 1099 2367 tum
1116 2345 1272 2370 castrorum
1286 2343 1404 2379 clangite
1417 2349 1443 2373 et
1458 2353 1614 2381 personate.
1638 2359 1647 2375 ›

1077 2386 1167 2415 Judic.
1179 2388 1265 2420 tx,48.
1277 2404 1309 2408 —
1321 2398 1330 2414 ι
1345 2390 1514 2424 Abimelech,
1525 2399 1631 2428 arrepta
1641 2398 1744 2428 securi,
1757 2404 1827 2431 prte-

1040 2431 1108 2459 cidit
1136 2441 1227 2461 ramos
1259 2435 1378 2467 arbOris,
1400 2442 1427 2464 et
1459 2438 1590 2472 imposuit
1613 2439 1735 2469 humeris
1757 2444 1826 2477 suis,

1039 2477 1162 2513 dixitque
1176 2481 1277 2514 populo
1289 2482 1337 2516 qui
1353 2489 1415 2510 cum
1434 2483 1493 2518 ipso
1504 2488 1564 2512 erat
1579 2485 1675 2518 :Quod
1692 2495 1734 2516 me
1750 2488 1827 2518 vidc-

1040 2524 1075 2552 tis
1088 2524 1190 2557 facere,
1207 2526 1299 2554 facite.
1319 2537 1328 2553 ι

1070 2570 1155 2598 Eccli.
1169 2580 1195 2603 ιι,
1210 2572 1236 2598 Ξ.
1250 2588 1282 2593 -
1302 2582 1311 2598 ι
1331 2572 1487 2602 Secundum
1512 2576 1633 2610 judicent
1659 2579 1761 2612 populi,
1785 2581 1825 2609 sic

1038 2622 1064 2646 et
1077 2618 1195 2646 utinistri
1210 2619 1270 2654 ejus
1287 2630 1293 2648 :
1306 2625 1333 2648 et
1345 2622 1435 2656 qualis
1447 2626 1487 2650 est
1502 2627 1594 2651 rector
1611 2625 1742 2659 civitatis,
1759 2628 1825 2655 tales

1038 2670 1064 2693 et
1083 2666 1266 2696 inhabitantes
1281 2668 1309 2695 itt
1328 2676 1370 2696 ea.
1391 2679 1400 2695 ι

1072 2711 1102 2740 S.
1121 2712 1206 2740 Basil.
1219 2714 1247 2740 in
1261 2713 1318 2742 Isa.
1332 2730 1365 2735 —-
1376 2715 1416 2741 Ad
1431 2716 1586 2751 principum
1606 2725 1696 2746 mores
1710 2727 1770 2747 sese
1795 2725 1824 2748 ut

1038 2757 1183 2793 pluritttuttt
1197 2759 1322 2795 efﬁngere
1330 2760 1412 2796 358
1428 2763 1517 2789 solent
1533 2762 1549 2789 ii
1574 2763 1619 2798 qui
1638 2764 1689 2791 sub
1700 2764 1822 2799 ipsorum

1038 2804 1152 2838 imperio
1167 2811 1240 2833 sunt.
1258 2806 1295 2834 Ac
1309 2808 1423 2842 proinde
1434 2809 1528 2843 quales
1547 2809 1631 2837 duces
1655 2811 1820 2838 exstiterint

1038 2849 1108 2877 tales
1125 2858 1171 2878 eos
1198 2852 1242 2886 qui
1268 2852 1301 2879 ab
1328 2853 1382 2881 illis
1396 2854 1595 2889 gubernantur,
1623 2863 1684 2884 esse
1710 2864 1822 2885 necesse

1037 2900 1087 2922 CSl.
