2074 3115
233 137 243 169 1
248 139 300 170 209

854 135 973 165 SACRA
992 135 1213 166 PARALLEIA

1789 133 1858 167 1210

266 194 337 225 Τοὺς
354 193 407 220 ὑπὸ
431 187 564 227 βασιλέως
588 191 844 227 χειροτονουμένους
863 191 1011 226 ἄρχοντας,

1105 190 1243 226 Chrysost.
1260 190 1520 226 —Prael'ectos,qui
1539 190 1574 218 ab
1585 190 1855 226 imperatorecrean-

230 240 283 267 κᾶν
296 239 409 275 πονηροὶ
422 235 499 272 ὦσιν,
516 238 611 274 ἕτερον
626 237 773 265 δεδοικέναι
787 237 852 273 χρὴ,
866 237 897 264 οὐ
907 236 952 264 διὰ
967 236 1017 272 τὴν

230 285 362 320 πονηρίαν
374 283 610 320 καταφρονοῦντες
625 283 726 315 αὐτῶν,
739 283 807 310 ἀλλὰ
823 282 867 310 διὰ
877 282 927 319 τὴν
939 281 1017 315 ἀξίαν

229 331 277 357 τοῦ
292 330 531 366 χειροτονήσαντος
550 328 766 364 δυσωπούμενοι.

264 419 368 450 Πάντες
382 419 406 446 οἱ
419 418 551 454 ἄρχεσθαι
569 417 662 450 κακῶς
682 417 883 453 μεμαθηκότες,
903 418 950 444 καὶ
964 417 1015 454 ἄρ-

227 474 287 502 χειν
295 466 426 499 εἴσονται,
442 464 624 500 παρελθόντες
639 465 679 496 είς
695 464 822 498 ἐξουσίαν
834 464 929 491 αὑτοῦ.

268 555 298 582 '0
314 553 408 590 μαθὼν
421 553 564 589 ἄρχεσθαι,
589 553 637 580 καὶ
652 552 747 588 ἄρχειν
771 551 852 582 εὐθὺς
869 549 1012 586 μανθάνει.

227 602 364 637 οὐδὲγὰρ
388 602 412 628 el
437 601 529 636 πάσης
554 600 607 635 γῆς
635 600 684 627 καὶ
706 599 842 634 θαλάττης
865 598 897 624 τὸ
913 597 1014 633 κράτος

225 648 354 683 ἀνάψοιτό
372 656 427 681 τις,
451 647 542 683 ἄρχων
565 647 598 673 ἂν
611 646 653 682 εῐη
675 645 743 681 πρὸς
764 645 904 681 ἀλήθειαν,
920 645 945 671 εἰ
975 642 1013 679 μὴ

225 694 306 729 μάθοι
322 692 370 720 καὶ
385 692 597 728 προπαιδευθείη
612 692 643 718 τὸ
657 692 799 727 ἄρχεσθαι.

260 739 296 766 Τὸ
312 738 512 766 ὑποτάττεσθαι
530 739 588 770 τοῖς
612 738 777 774 κρείττοσιν,
801 736 1017 772 ὠφελιμώτατον’

224 784 359 820 ἀνθρώπῳ
369 792 376 799 ·
390 784 508 820 χαλεποῦ
524 784 600 816 όντος
611 785 642 811 τὸ
662 784 762 811 εἰδέναι
786 783 929 819 ἄρχεσθαι,
954 791 1011 810 κιν-

224 830 329 857 δυνεύει
344 830 433 866 πολλῷ
447 829 636 866 χαλεπώτερον
649 830 680 857 τὸ
701 830 795 865 ἄρχειν
811 828 973 864 ἀνθρώπων.

226 928 315 957 ῙἹΤΛ.
327 929 499 964 KB’.—Hspl
511 928 667 990 ἀναρχίὲις,
677 927 742 963 ἤτοι
750 928 827 955 λαοῦ
834 927 877 962 μὴ
887 927 1012 963 ἔχοντος

548 972 619 990 :tom
637 972 685 990 να.

548 972 685 998 τιθέμενα.

261 1030 270 1047 ι
290 1021 416 1056 Ποιήσεις
440 1021 504 1052 τοὺς
530 1020 691 1056 ἀνθρώπους
710 1021 748 1052 ὡς
771 1021 834 1052 τοὺς
852 1019 947 1056 ἰχθύας
961 1022 1013 1057 τῆς

224 1067 372 1102 θαλάσσης,
385 1067 434 1094 καὶ
444 1066 482 1099 ὼς
490 1067 524 1093 τὰ
533 1066 637 1102 ἑρπετὰ
649 1066 700 1093 οὐκ
711 1066 808 1101 ἔχοντα
824 1057 985 1101 ἡγούμενον.
999 1075 1007 1091 ι

261 1123 270 1139 ι
307 1112 410 1140 Ἐλθὼν
433 1114 447 1139 ὸ
483 1113 599 1149 Ἰησοῦς.
633 1110 702 1139 εἶδεν
729 1112 807 1147 ὄχλον
839 1112 932 1145 πολὺν⁷
962 1113 1010 1139 καὶ

224 1159 428 1195 ἐσπλαγχνίσθη
448 1159 492 1186 ἐπ’
518 1160 631 1192 αὐτοῖς,
662 1159 702 1185 ὅτι
729 1156 800 1194 ἦσαν
825 1158 863 1190 ὡς
886 1157 1012 1193 πρόϐατα

224 1205 369 1240 ἀποίμενα.
389 1215 399 1231 ι

259 1252 295 1278 Τό
303 1260 332 1278 τε
345 1251 473 1287 ἄναρχον,
486 1251 602 1279 ἄτακτον
615 1259 622 1267 ³
631 1251 661 1277 τὸ
673 1250 838 1286 πολύαρχον,
851 1250 1011 1282 στασιῶδες,

225 1297 271 1323 καὶ
284 1297 369 1328 οὕτως
383 1297 511 1332 ἄναρχον,
527 1296 574 1324 καὶ
585 1296 673 1328 οὕτως
696 1296 824 1323 ἄτακτον.
842 1296 889 1327 Εἰς
914 1295 1012 1323 ταύτὸν

224 1342 278 1378 γὰρ
292 1343 435 1378 ἀμφότερα
451 1342 539 1378 φέρει,
566 1341 615 1377 τὴν
631 1341 757 1374 ἀταξίαν,
783 1342 823 1373 είς
842 1341 871 1368 δὲ
888 1340 1008 1368 ἔκλυσιν.

230 1387 342 1420 ’Δταξία
356 1387 410 1424 γὰρ
427 1388 525 1424 μελέτη
541 1387 656 1419 λύσεως.

1069 241 1124 269 tur,
1140 236 1249 264 tametsi
1266 235 1350 271 359
1376 236 1495 271 improbi
1524 240 1599 270 sunt,
1630 240 1752 264 metuere
1763 239 1857 264 tamen

1067 282 1211 315 debemus,
1228 289 1278 309 nec
1293 289 1341 310 eos
1356 282 1499 317 aspernari
1515 287 1626 317 propter
1643 281 1856 317 improbitatem,

1072 328 1120 356 sed
1135 332 1249 363 propter
1266 327 1328 363 ejus
1344 334 1359 354 a
1374 334 1428 363 quo
1444 328 1587 356 constituti
1602 331 1677 360 sunt,
1696 325 1855 362 digmlalem

1067 374 1200 402 revereri.

1100 419 1221 454 Iosephi.
1236 433 1271 440 —-
1282 418 1384 447 Omnes
1399 419 1446 454 qui
1462 418 1581 446 subesse
1598 422 1625 446 et
1639 425 1739 453 parere
1751 417 1856 446 didice-

1066 469 1140 499 runt,
1156 469 1230 492 recte
1246 472 1357 500 quoque
1371 465 1462 493 scient
1474 461 1622 499 imperare,
1641 463 1689 491 ubi
1704 463 1856 492 auctorita-

1066 516 1120 539 tem
1135 511 1316 540 obtinuerint.

1102 558 1207 585 Philan.
1217 573 1251 578 —
1259 558 1311 591 Qui
1318 557 1432 586 subesse
1440 556 1545 590 didicit,
1554 556 1615 584 aliis
1622 562 1729 591 quoque
1739 561 1855 590 praeesse

1065 604 1267 639 quamprimum
1291 603 1370 631 sciet.
1391 602 1486 638 Neque
1503 603 1576 630 enim
1593 602 1615 629 si
1636 602 1698 637 quis
1721 601 1856 628 universas

1064 653 1144 676 terra:
1153 653 1179 676 et
1194 648 1278 677 maris
1296 648 1442 683 imperium
1454 647 1621 682 susceperit,
1636 654 1699 674 vere
1711 650 1856 681 propterea

1063 694 1190 730 princeps
1206 694 1298 727 fuerit,
1318 693 1372 721 nisi
1385 693 1463 728 prius
1476 693 1558 721 etiam
1574 699 1670 727 parere
1682 691 1822 719 didicerit.

1099 740 1129 767 S.
1145 739 1256 776 (ἕτερον.
1288 739 1427 767 Nazianz.
1450 754 1486 759 —
1507 738 1666 766 Potioribus
1697 737 1855 771 subiectam

1062 793 1123 814 esse
1133 794 1177 814 res
1190 786 1317 822 perutilis
1328 790 1381 813 est.
1395 785 1463 813 Cum
1476 784 1582 812 homini
1595 791 1677 819 grave
1689 783 1733 815 sit,
1746 783 1769 810 si
1785 782 1855 810 sciat

1063 838 1093 859 se
1110 832 1162 859 sub
1182 835 1320 867 potestate
1334 839 1407 864 esse,
1434 835 1493 858 tum
1515 831 1595 866 longe
1611 829 1698 865 magis
1715 827 1854 864 periclita-

1024 865 1046 892 Β
1061 883 1115 910 tur,
1128 878 1150 905 si
1167 865 1327 906 hominibus
1342 878 1469 913 imperet.

1062 933 1130 962 TIT.
1143 933 1226 962 XXII.
1238 949 1273 955 —
1291 934 1328 962 De
1343 934 1471 961 anarohia
1483 953 1491 966 ,
1511 933 1563 960 sive
1588 932 1619 960 de
1635 931 1732 967 populo
1747 930 1792 965 qui
1806 938 1854 964 pa-

1364 973 1435 996 store
1448 973 1548 995 careat.

1100 1025 1202 1054 Habac.
1218 1033 1240 1059 ι,
1258 1026 1302 1053 Η.
1319 1041 1354 1046 -
1369 1034 1379 1052 ι
1397 1024 1493 1053 Facies
1523 1024 1651 1052 homines
1668 1024 1747 1058 quasi
1762 1023 1854 1059 pisces

1062 1071 1157 1103 maris,
1171 1071 1287 1106 etquasi
1303 1070 1411 1106 reptilia
1427 1078 1481 1097 non
1497 1070 1626 1097 habentia
1641 1069 1750 1096 ducem.
1768 1078 1777 1094 ι

1098 1116 1197 1144 Matth.
1215 1125 1254 1150 ιτ,
1280 1117 1375 1144 56.-
1391 1126 1400 1143 ι
1418 1117 1486 1144 Cum
1517 1116 1637 1144 venisset
1663 1114 1757 1146 Jesus,
1786 1114 1855 1142 vidit

1062 1162 1170 1189 turbam
1197 1169 1322 1197 magnam
1335 1181 1343 1193 ,
1359 1165 1387 1189 et
1416 1161 1548 1188 misertus
1567 1163 1608 1188 est
1624 1159 1675 1192 cis,
1691 1159 1754 1194 quia
1773 1161 1855 1186 erant

1061 1207 1133 1234 sicut
1147 1214 1213 1234 oves
1227 1214 1282 1234 non
1299 1207 1429 1234 habentes
1446 1211 1592 1241 pastorem.
1613 1215 1622 1231 ι

1096 1251 1126 1279 S.
1143 1252 1252 1286 (ἔνθουν.
1270 1251 1406 1279 Nazianz.
1418 1257 1488 1279 orat.
1498 1252 1544 1279 55.
1559 1266 1589 1271 -
1606 1250 1684 1284 Quod
1701 1249 1761 1278 sine
1776 1250 1854 1284 prin-

1062 1298 1123 1333 cipe
1138 1302 1191 1330 est,
1205 1298 1302 1326 ordine
1314 1303 1408 1326 caret:
1425 1298 1499 1333 quod
1513 1301 1604 1325 autem
1625 1297 1727 1324 multos
1749 1296 1853 1331 princi-

1064 1350 1113 1378 pes
1127 1343 1209 1370 habet
1222 1362 1230 1375 ,
1247 1342 1373 1370 dissidiis
1389 1339 1540 1370 obnoxium
1564 1346 1616 1374 est,
1646 1341 1769 1376 adeoque
1791 1348 1854 1368 cum

1059 1389 1259 1425 principatus,
1293 1392 1351 1415 tum
1378 1388 1483 1416 ordinis
1512 1395 1621 1423 expers.
1648 1387 1749 1415 Eodem
1781 1386 1869 1414 enimr

224 1439 371 1468 utrumque
397 1433 504 1465 tendit,
534 1432 567 1460 ad
592 1431 829 1467 perturbationem
853 1433 1004 1466 nimirum,
1032 1434 1157 1468 quinimo
1171 1433 1204 1462 ad
1221 1433 1440 1462 dissolutionem.
1459 1432 1526 1460 Nam
1557 1432 1731 1468 perturbatio
1765 1432 1856 1460 disso'

224 1480 336 1507 lutionis
347 1478 543 1506 commentatio
553 1482 606 1506 est.

263 1527 296 1553 Ἦ
310 1526 359 1561 μὲν
371 1525 469 1565 ἀταξία
478 1504 611 1560 ἀναρχίας
622 1526 681 1552 ἐστὶ
692 1525 838 1561 γνώρισμα
848 1534 856 1542 ·
869 1527 886 1562 ἠ
900 1526 928 1553 δὲ
939 1527 1011 1561 τάξις

1087 1525 1235 1552 ἈιΙιηιιηε.
1260 1538 1296 1544 --
1323 1523 1436 1551 Ordinis
1463 1522 1636 1558 perturbatio
1662 1504 1866 1557 argumentum‘
1907 1533 1923 1552 :2
1964 1539 1966 1541 ι

223 1572 268 1600 τὸν
284 1571 483 1608 ἡγεμονεύοντα
496 1570 641 1598 δείκνυσιν.

260 1659 346 1686 Ἔνθα
359 1659 396 1696 μή
410 1659 484 1686 ἑστιν
510 1659 612 1694 ἄρχων,
624 1659 683 1685 ὲκεῖ
697 1659 806 1691 πάντως
823 1659 922 1693 ἀταξία
934 1661 1009 1696 γίνε-

198 1744 210 1749 ‘
223 1700 428 1748 ratL/‘Avapxiat
449 1704 549 1738 μᾶλλον
564 1704 612 1730 καὶ
623 1703 728 1737 στάσις,
739 1704 769 1736 ἐξ
784 1705 920 1739 ἰσοτιμίας
936 1706 1013 1733 ἀντι-

213 1749 432 1787 ἧῖᾶρεξαγομένη
448 1749 609 1786 πολυαρχία.

258 1836 293 1864 Ὦ
308 1838 378 1865 πόσα
392 1838 439 1865 καὶ
457 1838 540 1874 ἡλίκα
550 1838 624 1866 κακὰ
643 1839 673 1871 ἐξ
688 1839 820 1880 αναρχίας
835 1838 949 1873 φύεταιι
963 1838 1012 1866 Λί-

226 1885 285 1920 μδς,
301 1885 427 1920 πόλεμος,
441 1885 555 1921 δῃώσεις
569 1886 687 1921 χωρίων,
697 1886 826 1921 στέρησις
842 1886 1006 1922 χρημάτων,

224 1929 382 1964 ἀπαγωγαὶ,
400 1929 425 1956 οἱ
445 1930 510 1965 περὶ
522 1929 643 1962 δουλείας
658 1931 705 1958 καὶ
719 1930 836 1958 θανάτου
849 1931 938 1966 φόόοι.

278 2042 369 2069 ΤΙΤΛ.
390 2041 497 2070 KI".—-—
510 2041 579 2076 Περὶ
595 2042 732 2076 ἀκηδίας,
751 2042 798 2070 καὶ
816 2044 954 2078 ἀθυμίας.

263 2106 272 2123 ι
291 2097 348 2123 Ἵνα
363 2097 389 2123 τί
405 2097 555 2132 περίλυπος
570 2094 632 2133 εἶ,ή
646 2097 718 2134 ψυχή
732 2107 798 2134 μους
811 2099 853 2126 ἴνα
867 2099 894 2126 τί
911 2108 1010 2126 συντα-

227 2143 335 2178 ράσσεις
350 2151 384 2178 με
397 2151 404 2175 ;
423 2151 432 2169 ι

1064 1573 1116 1602 est,
1135 1568 1272 1596 neminem
1286 1575 1348 1595 esse
1369 1568 1416 1602 qui
1434 1570 1520 1602 regat.
1534 1566 1608 1594 Ordo
1623 1571 1714 1594 autem
1727 1566 1854 1594 modera-

1063 1618 1150 1641 torem
1164 1613 1276 1642 indicat.

1098 1660 1209 1694 Dionys.
1224 1673 1259 1678 —
1277 1657 1329 1685 Ubi
1343 1665 1398 1685 non
1415 1662 1457 1685 est
1469 1657 1608 1692 princeps,
1629 1656 1668 1683 ibi
1683 1656 1762 1690 plane
1778 1655 1854 1683 ordi-

1061 1707 1106 1734 nis
1122 1704 1294 1741 pcrthrbatio
1309 1709 1361 1732 est.
1388 1703 1536 1731 Multorum
1555 1702 1686 1738 regimen,
1700 1701 1744 1729 ubi
1758 1708 1853 1729 omnes

1062 1753 1166 1780 honore
1186 1755 1252 1779 sunt
1265 1750 1396 1786 aequales.
1413 1748 1557 1785 potestatis
1573 1747 1693 1775 sublatio
1712 1750 1738 1774 et
1752 1746 1853 1774 solutio

1062 1798 1155 1833 potius
1170 1800 1223 1824 est.

1100 1843 1208 1870 Philan.
1221 1856 1254 1862 --
1272 1841 1293 1869 Ο
1306 1845 1372 1876 quot
1388 1847 1525 1875 quamque
1550 1838 1643 1874 gravia
1660 1837 1731 1864 mala
1748 1837 1852 1864 exstin-

1061 1893 1107 1917 cto
1131 1889 1284 1924 principatu
1313 1887 1481 1914 nascuntur!
1504 1884 1611 1917 Fames,
1629 1883 1742 1914 bellum,
1761 1883 1851 1917 regio-

1061 1943 1125 1963 num
1147 1924 1351 1970 p0pula'tiones,
1368 1940 1453 1968 opum
1473 1931 1646 1966 creptioues,
1660 1928 1851 1960 abductiones,

1060 1980 1202 2009 servitutis
1217 1985 1244 2007 et
1260 1978 1356 2006 mortis
1371 1982 1470 2005 metus.

1097 2046 1164 2075 TIT.
1181 2045 1277 2074 XXIII.
1296 2060 1327 2066 —
1340 2045 1377 2072 De
1392 2044 1495 2076 acedia,
1511 2048 1536 2070 et
1549 2042 1696 2078 defectione
1713 2041 1806 2068 animi.

1096 2103 1171 2131 Psal.
1185 2100 1238 2137 xtl,
1256 2102 1282 2130 6.
1295 2118 1331 2123 —
1348 2112 1358 2128 ‹
1374 2102 1464 2135 Quare
1477 2099 1563 2128 tristis
1574 2107 1615 2132 es,
1633 2098 1724 2126 anima
1737 2104 1807 2131 mea,
1823 2101 1850 2124 ct

1061 2157 1147 2185 quare.
1159 2149 1308 2176 conturbas
1320 2148 1379 2175 me?
1396 2157 1405 2174 ι

264 2196 274 2212 ι
297 2188 342 2214 Ἐν
361 2187 398 2223 τῷ
411 2187 559 2223 ἀκηδιᾶσαι
575 2188 624 2225 τὴν
648 2189 762 2225 καρδίαν
781 2198 833 2225 μου
857 2190 886 2216 ἐν
909 2190 1007 2226 πέτρᾳ,

1097 2195 1173 2222 Psal.
1187 2203 1232 2227 ιι,
1251 2196 1278 2222 5.
1290 2209 1325 2215 -
1339 2203 1348 2220 ι
1365 2193 1432 2221 Cum
1447 2192 1605 2220 anxiaretur
1620 2194 1647 2219 et
1662 2190 1790 2218 deﬁceret
1803 2196 1850 2217 cor

226 2233 336 2268 ὕψωσάς
352 2242 395 2268 με.
414 2242 424 2260 ι

266 2289 276 2305 ι
293 2279 485 2315 Ἦδολέσχησα,
495 2280 542 2307 καὶ
555 2280 743 2316 ὠλιγοψύχησε
756 2280 786 2307 τὸ
797 2280 905 2316 πνεῦμά
920 2289 981 2315 μου.
999 2289 1008 2305 ι

267 2385 276 2402 ι
301 2376 462 2409 Ἐνύσταξεν
479 2377 496 2412 ἡ
513 2376 584 2412 ψυχή
601 2385 652 2412 μου
678 2376 732 2403 ἀπὸ
753 2375 877 2411 ὰκηδίας,
897 2374 1012 2410 βεὸαἷω-

228 2422 273 2449 σόν
290 2431 322 2458 με
336 2423 364 2449 ὲν
386 2424 441 2454 τοῖς
455 2423 543 2456 λόγοις
562 2431 619 2449 σου.
640 2422 757 2458 Ἀθυμία
776 2421 893 2457 κατέσχε
911 2430 944 2458 με
958 2422 1012 2448 ἀπὸ

227 2467 397 2503 ἁμαρτωλῶν
407 2467 460 2494 τῶν
471 2468 764 2503 ὲγκαταλιμπανόντων
776 2468 821 2495 τὸν
831 2468 912 2502 νόμον
924 2476 981 2494 σου.
1000 2477 1009 2493 ι

265 2522 276 2538 ‹
299 2512 448 2548 Ὶσχύσατε,
465 2515 554 2548 χεῖρες
566 2513 717 2548 ἀνειμέναι,
730 2514 776 2540 καὶ
793 2513 893 2548 γόνατα
920 2522 1008 2548 παρα-

227 2556 372 2591 λελυμὲνα.
404 2557 562 2592 Ὶσχύσατε,
587 2558 625 2594 μὴ
649 2558 787 2593 φοϐεῖσθε.
824 2558 890 2586 Ἰδοὺ
914 2559 928 2585 ὁ
947 2558 1013 2590 Θεὸς

227 2601 316 2638 ἡμῶν.
335 2611 345 2627 ι

265 2655 276 2673 ι
297 2647 361 2674 Ἰδοὺ
374 2647 389 2673 ὁ
405 2647 506 2683 Κύριος
520 2648 598 2683 ἡμῶν
612 2649 682 2684 μετὰ
701 2649 792 2684 ἰσχύος
807 2650 927 2686 ἔρχεται.
948 2660 956 2676 ι

266 2745 276 2762 ε
300 2736 365 2763 Ἰδοὺ
380 2736 394 2763 ὁ
408 2735 505 2771 μισθδς
533 2737 592 2771 μετ’
612 2737 706 2770 αὐτοῦ,
726 2738 772 2764 καὶ
789 2739 819 2765 τὸ
833 2739 914 2774 ἔργον
929 2740 1011 2768 αύτοῦ

227 2781 344 2811 ἐνώπιον
355 2782 447 2809 αὐτοῦ.
466 2790 476 2808 ι

266 2826 383 2865 «Κύριε
396 2828 605 2868 ςαντοκράτορ,
625 2830 639 2855 ό
659 2829 724 2860 Θεὸς
743 2829 865 2866 Ἱσραὴλ,’
888 2831 959 2866 ψυχὴ
984 2833 1012 2859 έν

1063 2250 1155 2269 meum
1175 2242 1201 2268 in
1216 2246 1304 2276 petra,
1321 2239 1448 2268 exallasti
1462 2247 1514 2267 me.
1532 2248 1541 2265 ι

1098 2288 1171 2315 Ρεαι.
1183 2295 1274 2319 Lxxvi,
1292 2286 1319 2314 9.
1344 2301 1379 2306 -—
1400 2295 1409 2311 ι
1425 2285 1599 2312 Exercitatus
1614 2291 1686 2316 sum,
1711 2286 1738 2311 et
1751 2281 1850 2310 defecit

1061 2334 1176 2368 spiritus
1191 2340 1278 2360 meus.
1297 2341 1306 2357 ι

1098 2377 1327 2410 Ρδίιί.(;ινιιι,28,
1340 2377 1421 2404 55,—
1433 2386 1442 2402 ι
1455 2375 1712 2403 Dormitawtanima
1723 2379 1781 2399 mea
1794 2379 1850 2406 prie

1062 2424 1142 2451 taedio
1159 2433 1165 2451 :
1182 2423 1315 2451 confirma
1337 2431 1379 2450 me
1391 2423 1417 2450 in
1433 2422 1527 2450 verbis
1545 2422 1612 2448 tuis.
1625 2419 1744 2447 Deiectio
1761 2418 1849 2445 tenuit

1063 2478 1106 2498 me
1119 2478 1166 2505 pro
1177 2469 1369 2504 peccatoribus
1380 2467 1635 2501 derelinquentibus
1648 2466 1733 2500 legem
1745 2468 1846 2491 tuam.»

1098 2513 1156 2541 Isa.
1171 2522 1254 2545 xxxv,
1269 2514 1294 2540 5.
1304 2528 1339 2533 -
1354 2523 1362 2538 ι
1373 2512 1580 2544 Coul'ortamini,
1593 2518 1689 2538 manus
1698 2509 1846 2540 dissolutas,

1057 2562 1090 2585 ‘et
1104 2566 1192 2594 genua
1219 2558 1330 2585 debilia.
1347 2557 1559 2589 Confertamini,
1584 2561 1610 2584 et
1631 2556 1714 2583 nolite
1739 2555 1846 2582 timere.

1063 2603 1133 2631 Ecce
1149 2604 1220 2631 Deus
1232 2607 1336 2631 noster.
1357 2613 1366 2629 ι

1098 2649 1155 2678 lsa.
1173 2658 1218 2681 XL,
1236 2650 1278 2677 10.
1292 2664 1325 2669 --
1343 2659 1351 2674 ι
1367 2649 1437 2676 Ecce
1451 2648 1585 2676 Dominus
1605 2651 1700 2675 noster
1715 2655 1776 2675 cum
1794 2647 1848 2672 vir-

1063 2698 1121 2721 tute
1134 2694 1235 2722 vcnict.
1255 2703 1264 2720 ι

1100 2739 1156 2766 Im.
1172 2748 1240 2771 un,
1259 2740 1300 2766 li.
1318 2755 1351 2759 ——~
1366 2748 1375 2765 ι
1396 2738 1464 2766 Ecce
1484 2746 1589 2767 merces
1606 2746 1668 2766 cum
1680 2745 1723 2770 eo.
1739 2741 1766 2766 ct
1779 2745 1846 2774 opus

1064 2785 1124 2819 cjus
1137 2793 1229 2812 coram
1242 2785 1299 2812 illo.
1321 2795 1330 2810 ι

1100 2830 1206 2858 ΒανιιεΙι
1219 2839 1260 2864 ιιι,
1289 2831 1313 2864 1,
1325 2831 1351 2860 2,
1370 2839 1424 2857 -ι
1446 2830 1558 2859 Domine
1568 2830 1757 2866 omnipotens,
1774 2828 1845 2857 Deus
