2083 3114
207 126 272 159 1211

803 128 833 158 S.
848 127 999 159 JOANMS
1032 126 1245 156 DAMASCENI

1768 121 1835 154 1212

204 180 299 212 lsrael,
317 179 407 207 anima
425 180 451 207 in
463 180 621 215 gemitibus,
634 184 661 208 et
682 181 797 215 spiritus
816 181 842 208 in
856 181 986 216 angustiis

1048 182 1214 215 ῖτεναγμοῑς,
1241 180 1289 207 καὶ
1309 179 1418 215 πνεῦμα
1441 179 1562 214 ἀκηόιῶν
1587 179 1738 214 ἔκέκραξαν
1761 181 1829 216 πρὸς

205 227 324 256 clamant
339 228 371 254 ad
401 227 574 260 tc,Dominc,
600 227 674 260 audi,
697 227 819 260 Domine,
846 227 989 259 miserere,

205 273 269 308 quia
285 272 357 300 Deus
372 280 402 300 es
415 272 586 300 misericors.
609 282 618 298 ι
672 302 675 307 η

241 317 325 345 Hebr.
340 325 389 349 xu,
404 317 447 344 l2.
465 332 500 337 —-
518 327 527 343 ι
546 317 656 346 Solutas
677 325 786 350 manus,
800 321 827 344 et
845 318 934 345 soluta
946 324 991 352 ge-

205 370 259 390 nua
272 362 379 396 erigite,
391 366 419 389 ct
432 367 521 389 rectas
539 362 621 397 360
635 363 692 389 vias
707 362 794 389 facile
814 362 931 397 pedibus
945 369 992 389 ve-

205 408 280 440 stris,
294 412 323 435 ut
338 415 394 435 non
405 407 520 435 claudus
533 411 619 439 erret,
636 407 723 443 magis
738 411 830 435 autem
842 411 966 435 sanetur.
979 416 987 432 ι

239 495 327 524 Βαδίί.
340 495 378 523 De
398 495 479 530 fame.
494 494 664 523 —Tristitia
683 495 769 522 nimia
782 494 887 530 peccati
902 501 991 533 causa

205 540 334 568 eliicitur.

239 586 336 620 Ejusd.
352 587 429 621 epist.
445 586 471 613 9.
485 585 552 620 Rup.
569 600 603 606 —
619 585 726 613 Similis
741 593 802 613 sum
821 585 876 613 illis
891 584 938 620 qui
957 584 992 611 ob

204 631 376 659 insolentiam
391 631 551 665 navigandi,
567 631 593 657 in
611 630 681 657 mari
696 630 796 657 misere
813 629 991 662 aﬁlictantur,

203 680 230 704 et
248 683 350 704 nausea
376 676 522 703 deficiunt.
546 676 587 702 llli
608 675 682 703 enim
704 675 896 710 magnitudine
913 676 991 702 navis

203 721 311 752 ol'lensi,
338 725 470 755 tanquam
502 728 534 748 ea
562 721 702 756 ingentem
720 720 789 755 ipsis
809 719 990 754 jactationem

203 766 373 797 aﬂ'erat,etsi
391 765 419 792 in
442 766 563 793 lembum
594 766 636 793 vel
657 766 774 793 acatiutn
802 765 990 800 migraverint,

202 812 306 847 ubique
334 815 424 838 tamen
453 815 601 843 nauseant,
633 808 703 839 etin
727 817 836 839 summa
854 810 991 837 anxietate

1045 226 1075 253 σέ
1087 234 1093 241 ·
1112 225 1207 259 Κύριε,
1220 227 1346 260 ἄκουσον,
1363 226 1588 262 Κύριε,ἐλέησον,
1599 226 1639 252 ὅτι
1651 226 1664 252 ὁ
1680 226 1744 258 Θεὸς
1755 227 1828 262 ὲλεή-

1045 280 1103 307 μων
1119 269 1154 298 εἴ.
1172 281 1181 297 ι

1081 327 1091 343 ι
1109 318 1165 349 Τὰς
1181 318 1348 353 παρειμένας
1369 319 1472 353 χεῖρας,
1489 318 1535 344 καὶ
1561 317 1594 343 τὰ
1620 316 1829 352 παραλελυμένα

1044 363 1144 398 γόνατα
1166 363 1349 399 ἀνορθώσατε,
1365 364 1412 390 καὶ
1434 363 1544 398 τροχιὰς
1560 363 1643 398 ὀρθὰς
1659 364 1761 388 ποιεῖτε
1773 364 1828 394 τοῖς

1044 408 1123 435 ποσὶν
1150 409 1238 442 ὑμῶν,
1263 409 1306 435 ἵνα
1334 409 1372 444 μὴ
1386 409 1417 435 τὸ
1440 409 1525 444 χωλὸν
1552 409 1688 444 ἐκτραπῇ,
1719 409 1780 444 ἰαθῇ
1802 409 1829 435 δὲ

1044 453 1155 487 μᾶλλον.
1175 463 1184 480 ι
1715 488 1717 490 μ

1085 498 1117 524 Ἦ
1132 499 1172 530 εἰς
1184 498 1252 532 ἄγαν
1269 499 1405 534 κατήφεια
1421 499 1525 533 γίνεται
1535 499 1582 534 τῆς
1596 498 1733 534 ἁμαρτίας
1745 498 1828 526 αἰτία.

1083 587 1194 622 Ὅμοιύς
1210 587 1268 622 εἰμι
1283 588 1339 619 τοῖς
1357 588 1386 614 ὲν
1408 587 1543 624 θαλάσσῃ,
1561 587 1615 614 ὑπὸ
1633 587 1682 622 τῆς
1701 587 1772 614 κατὰ
1786 587 1829 614 τὸν

1045 632 1128 658 πλοῦν
1143 632 1270 668 ἀπειρίας
1289 632 1485 667 ἀπολλυμένοις
1510 633 1558 658 καὶ
1582 632 1743 659 ναυτιῶσιν·
1756 632 1780 658 οἴ
1792 632 1830 667 τῷ

1046 677 1157 712 μεγέθει
1181 677 1228 704 τοῦ
1252 678 1345 704 πλοίου
1363 678 1594 714 δυσχεραίνουσιν,
1620 679 1658 710 ὡς
1675 679 1758 705 πολὺν
1784 679 1830 704 τὸν

1045 723 1126 750 σάλον
1142 723 1334 760 παρεχομένῳ,
1350 725 1478 752 κάκεῖθεν
1493 725 1541 751 ὲπ¹ι
1553 725 1600 751 τὸν
1619 724 1719 759 λέμϐον
1738 724 1827 750 καὶτὸ

1044 770 1157 797 ἀκάτιον
1191 770 1411 806 μεταϐαίνοντες,
1442 769 1581 805 πανταχοῦ
1609 769 1750 802 ναυτιῶσι,
1781 770 1827 795 καὶ

1046 815 1183 850 πανταχοῦ
1213 816 1364 851 ἀποροῦσι·
1393 816 1611 851 συμμετέρχεται
1633 815 1688 850 γὰρ
1711 815 1830 849 αὐτοῖςεὴ

203 860 350 885 versantur
368 864 376 882 :
396 863 459 883 cum
480 856 515 883 iis
540 855 676 890 siquidem
696 855 779 882 simul
809 854 935 882 molestia
962 862 993 881 ac

1048 860 1127 895 ἀηδία
1142 861 1188 887 καὶ
1201 862 1217 896 ἡ
1231 861 1307 896 χολή.
1321 861 1447 888 Τοιοῦτον
1457 861 1546 888 καὶτὸ
1558 861 1703 896 ἡμέτερον.
1720 860 1760 886 Τὰ
1778 859 1832 894 γὰρ

202 902 267 930 bilis
285 901 443 928 adveniunt.
459 899 623 935 Hujusmodi
640 900 769 935 quiddam
796 900 877 926 nobis
894 907 994 927 usuve-

203 948 262 975 nire
279 947 358 974 solet.
378 947 551 974 Domesticas
565 946 638 973 enim
660 945 745 972 animi
772 945 996 980 perturbationes

203 993 397 1020 sienobiscum
412 990 653 1024 circumfer-imus,
674 995 705 1018 ut
724 991 828 1025 ubique
852 991 950 1018 iisdem
968 991 995 1018 in

203 1038 370 1065 tumultibus
388 1045 543 1065 versemur.

238 1082 267 1110 S.
281 1083 418 1117 Chrysost.
432 1082 479 1108 lib.
495 1089 525 1108 ιιι
538 1080 574 1108 De
592 1080 702 1108 Provid.
715 1096 750 1101 —
761 1081 903 1108 Diabolica
920 1082 994 1108 omni

203 1128 363 1161 operatione
380 1127 567 1162 perniciosior
584 1131 627 1155 est
647 1127 797 1155 immodica
818 1127 946 1155 mceror-is
969 1131 996 1154 et

204 1173 304 1200 acedize
332 1172 515 1208 magnitudo;
535 1172 762 1212 quandoquidem
791 1180 863 1208 quos
887 1172 994 1200 dmmou

205 1223 324 1253 superat,
341 1226 388 1254 per
401 1225 547 1246 mmrorcin
570 1222 694 1252 superat.
709 1218 785 1250 Quod
804 1218 826 1245 si
849 1225 994 1245 maerorem

204 1265 360 1297 sustuleris,
376 1264 444 1291 nihil
462 1271 577 1299 prorsus
589 1264 654 1290 mali
672 1267 720 1290 aut
733 1263 904 1290 incommodi
917 1263 996 1290 exin-

204 1309 238 1336 de
251 1309 301 1336 tibi
323 1309 480 1344 continget.

241 1353 377 1388 Ejusdem.
392 1369 426 1374 -—
443 1353 576 1380 Mmrcndi
590 1357 697 1388 tempus
708 1357 762 1383 est.
775 1360 829 1380 non
850 1361 912 1380 cum
925 1353 996 1379 male

206 1399 349 1432 allicimur,
363 1398 411 1426 sed
427 1406 489 1426 cum
507 1399 577 1425 male
593 1399 713 1433 agimus.

241 1445 366 1472 Cassiani
386 1444 475 1472 abbat.
492 1444 528 1471 De
541 1445 698 1479 cogitation.
722 1459 757 1464 —
777 1444 931 1479 Unicuique
945 1448 994 1471 no-'

207 1496 294 1518 strum
316 1494 457 1518 certamen
480 1490 652 1525 propositum
673 1494 717 1517 cst
741 1489 875 1517 adversus
895 1490 994 1517 aceditr

207 1535 347 1570 spiritum,
370 1535 418 1571 qui
448 1543 510 1563 eum
529 1536 631 1570 spiritu
650 1536 780 1563 mteroris
803 1536 994 1571 conjungitur,

206 1583 286 1617 eique
302 1582 465 1616 opitulatur.
481 1581 568 1608 Atrox
582 1585 609 1609 et
628 1589 761 1616 perquam
774 1582 866 1616 gravis
881 1586 924 1609 est
938 1582 994 1609 daa-

206 1637 271 1656 mon
292 1629 355 1661 iste,
387 1631 574 1662 perpetuoque
598 1628 671 1655 bello
697 1628 846 1656 monachos
868 1628 994 1656 lacessit.

207 1674 258 1707 Qui
272 1673 382 1709 quidem
396 1680 459 1700 cum
473 1673 541 1700 hora
556 1677 633 1700 sexta
646 1674 672 1700 in
685 1674 849 1701 monachum
866 1670 996 1709 impetum

208 1719 302 1752 faciat,
329 1718 354 1746 ci
376 1719 537 1753 languorem
564 1723 648 1754 atque
665 1719 811 1747 horrorem
834 1724 919 1752 creat,
937 1720 998 1747 etii—

208 1764 311 1798 citque,
341 1767 370 1790 ut
400 1767 427 1791 et
442 1763 534 1791 locum
550 1771 612 1790 eum
634 1764 662 1790 in
676 1772 730 1798 quo
747 1764 832 1798 degit,
853 1767 880 1791 et
898 1764 997 1791 tratrcs

207 1810 376 1845 quibuscum
405 1809 469 1836 vitm
495 1810 724 1837 consuetudinem
759 1810 852 1841 habet,
882 1813 998 1844 etopus

208 1861 300 1886 cuine,
316 1854 530 1888 divinarumque
543 1853 750 1888 Scripturarum
769 1854 912 1881 lectionem
932 1855 997 1882 ode-

209 1900 246 1926 rit
261 1904 287 1927 ct
303 1905 457 1927 aversetur.
476 1899 548 1932 Quin
564 1904 590 1927 et
607 1900 657 1935 ipsi
676 1900 870 1935 cogitationem
894 1900 999 1927 immit-

209 1947 251 1978 tit,
270 1950 299 1971 nt
316 1945 371 1972 alio
384 1945 482 1980 migret
498 1955 504 1972 :
529 1945 582 1973 nisi
607 1946 681 1973 enim
697 1946 753 1973 alio
773 1953 804 1973 se
824 1946 975 1973 contulerit
989 1966 997 1978 ,

210 1991 291 2017 inane
307 1990 359 2026 ipsi
376 1995 404 2018 et
432 1994 542 2025 tempus
562 1999 644 2019 otnne
670 1996 696 2018 et
717 1991 840 2018 laborem
860 1991 928 2019 fore.
958 1992 998 2018 Ad

209 2035 278 2068 haec,
296 2036 394 2063 famem
409 2036 492 2063 etiam
512 2037 552 2064 illi
573 2041 678 2064 tantam
700 2037 753 2065 sub
777 2037 918 2064 meridiem
935 2037 999 2072 inji-

209 2082 257 2114 cit,
273 2087 373 2117 quanta
393 2090 443 2110 nec
457 2091 489 2110 ex
507 2083 636 2110 triduano
648 2083 766 2118 jejunio,
784 2091 873 2118 neque
891 2091 925 2110 ex
940 2083 1000 2110 lon-

209 2128 322 2162 gissima
349 2128 404 2160 via,
431 2136 521 2162 neque
537 2136 570 2155 ex
588 2128 755 2162 gravissimo
777 2129 873 2155 labore
888 2128 998 2156 contin-

1048 906 1140 933 ἔνοικοι
1165 907 1239 941 πάθη
1264 907 1478 942 περιφέροντες,
1507 905 1645 942 πανταχοῦ
1681 904 1750 940 μετὰ
1778 904 1832 930 τῶν

1048 952 1149 987 ὁμοίων
1165 951 1287 988 θορύϐων
1303 953 1396 988 ἐσμέν.

1083 1085 1176 1120 Πάσης
1202 1085 1364 1120 δαιμονικῆς
1382 1084 1523 1119 ἐνεργείας
1539 1083 1731 1119 βλαϐερωτέρα
1748 1083 1765 1118 ἡ
1781 1083 1832 1117 τῆς

1047 1130 1166 1164 ἀθυμίας
1181 1131 1227 1156 καὶ
1239 1130 1352 1164 ἀκηδίας
1369 1129 1506 1165 ὑπερϐολή
1520 1137 1527 1144 ·
1544 1130 1605 1155 ἐπεὶ
1623 1129 1669 1155 καὶ
1685 1128 1789 1163 δαίμων
1803 1129 1833 1154 ἐν

1046 1174 1087 1207 οἷς
1105 1177 1138 1202 ἂν
1152 1176 1250 1210 κρατῇ,
1265 1175 1299 1201 δι’
1314 1175 1432 1210 ἀθυμίας
1448 1176 1552 1210 κρατεῖ.
1573 1174 1632 1202 Κᾶν
1658 1174 1761 1208 ταύτην
1780 1173 1832 1208 ἀφ-

1047 1221 1202 1257 έλῃς,οὐδέν
1214 1229 1254 1248 σοι
1266 1221 1331 1256 παρ’
1341 1221 1446 1263 ἐκείνου
1456 1221 1601 1256 γενήσεται
1613 1220 1697 1247 κακὸν
1708 1220 1724 1255 ἢ
1734 1219 1830 1246 δεινόν.

1081 1352 1185 1387 Καιρὸς
1197 1351 1326 1386 ἀθυμίας,
1339 1352 1388 1388 οὐχ
1401 1353 1467 1380 ὅταν
1484 1352 1634 1387 πάσχωμεν
1651 1352 1756 1385 κακῶς,
1775 1352 1832 1379 ἀλλ’

1008 1416 1011 1419 λ
1046 1399 1109 1425 ὅταν
1121 1399 1227 1434 δρῶμεν
1239 1398 1341 1430 κακῶς.

1087 1443 1217 1470 Ἑκάστου
1241 1447 1253 1462 ¹³
1267 1443 1345 1478 ἡμῶν
1360 1443 1435 1476 ἀγών
1449 1445 1507 1470 ἐστι
1523 1444 1592 1470 κατά
1615 1444 1662 1470 τοῦ
1680 1444 1834 1478 πνεύματος

1046 1489 1094 1524 τῆς
1112 1489 1238 1524 ἀκηόίας,
1263 1489 1477 1523 συνεζευγμένου
1508 1489 1555 1515 καὶ
1581 1489 1777 1524 συνεργοῦντος
1794 1489 1835 1524 τῷ

1049 1535 1184 1570 πνεύματι
1211 1535 1258 1570 τῆς
1278 1535 1377 1570 λύττης.
1401 1535 1491 1567 Δεινὸς
1517 1532 1594 1567 οὗτος
1608 1536 1655 1562 καὶ
1684 1535 1834 1571 βαρύτατος

1046 1581 1160 1615 δαίμων,
1182 1580 1229 1607 καὶ
1245 1582 1300 1612 τοῖς
1318 1581 1447 1616 μοναχοῖς
1464 1581 1507 1607 ἀεὶ
1523 1581 1649 1615 πολεμῶν
1660 1591 1667 1597 ·
1684 1582 1758 1612 ὅστις
1773 1581 1834 1608 καθ’

1047 1627 1121 1662 ὥραν
1137 1626 1220 1662 ἕκτην
1232 1626 1373 1653 ἐπιπίπτει
1387 1626 1426 1661 τῷ
1444 1626 1563 1661 μοναχῷ,
1578 1626 1687 1652 ἀτονίαν
1705 1627 1752 1658 καὶ
1776 1626 1835 1662 φρί-

1048 1681 1099 1707 κην
1112 1671 1185 1707 αὐτῷ
1198 1671 1329 1706 ἐμποιῶν,
1345 1671 1391 1697 καὶ
1404 1672 1483 1706 μῖσος
1495 1671 1690 1706 ἐργαζόμενον,
1707 1672 1754 1697 καὶ
1766 1671 1834 1706 πρὸς

1048 1718 1129 1744 αὐτὸν
1153 1717 1198 1744 τὸν
1222 1717 1315 1749 τόπον,
1347 1717 1394 1743 καὶ
1422 1717 1490 1751 προς
1511 1718 1574 1748 τοὺς
1599 1717 1834 1752 συνδιατρίὸοντας

1049 1763 1189 1797 ἀδελφοὺς,
1205 1763 1252 1789 καὶ
1270 1762 1338 1798 πρὸς
1358 1763 1448 1789 πᾶσαν
1467 1762 1612 1797 ἐργασίαν,
1629 1762 1676 1789 καὶ
1701 1763 1770 1798 πρὸς
1785 1763 1818 1788 αὐ

1049 1810 1097 1845 τὴν
1114 1809 1168 1836 τῶν
1189 1809 1270 1836 θείων
1293 1809 1409 1844 Γραφῶν
1422 1809 1471 1843 τὴν
1497 1810 1661 1843 ἀνάγνωσιν,
1690 1808 1835 1835 ὑποϐαλὼν

1050 1855 1124 1890 αὐτῷ
1146 1855 1195 1881 καὶ
1217 1855 1365 1890 λογισμοὺς
1393 1853 1580 1889 μεταϐάσεως,
1604 1854 1642 1886 ὡς
1660 1855 1684 1880 εἰ
1699 1854 1736 1890 μὴ
1753 1863 1837 1890 μετα-

1051 1902 1135 1937 στήσῃ
1157 1901 1252 1928 ἑαυτὸν
1276 1900 1343 1935 πρὸς
1368 1900 1477 1935 ἑτέρους
1499 1899 1609 1931 τόπους,
1628 1900 1741 1934 μάταιος
1762 1900 1836 1935 αὐτῷ

1050 1948 1104 1978 πᾶς
1119 1948 1133 1973 ὁ
1150 1946 1253 1981 χρόνος,
1270 1946 1317 1972 καὶ
1338 1946 1352 1972 ὁ
1367 1946 1447 1976 πόνος
1467 1945 1623 1979 γενήσεται.
1639 1939 1712 1979 ῐῘρὺς
1728 1944 1836 1976 τούτοις

1049 1994 1116 2019 πᾶσι
1133 1993 1180 2019 καὶ
1198 1993 1291 2018 πεῖναν
1320 1991 1394 2026 αὐτῷ
1423 1990 1544 2025 ἐντίθησι
1564 1991 1629 2026 περὶ
1651 1990 1725 2026 ὤραν
1741 1990 1834 2025 ἕκτην,

1050 2039 1092 2065 οἵα
1108 2038 1182 2073 αὐτῷ
1195 2039 1245 2064 οὐκ
1265 2038 1298 2064 ἂν
1321 2036 1419 2071 συνὲὃη
1443 2038 1476 2063 ὲκ
1491 2036 1643 2072 τριημέρου
1670 2035 1805 2070 νηστείας,
1819 2036 1835 2070 ἢ

1051 2084 1228 2119 μακροτάτης
1250 2082 1323 2115 ὁδοῦ,
1341 2083 1356 2117 ἢ
1374 2083 1527 2118 βαρυτάτου
1544 2083 1640 2110 κόπου.
1658 2083 1774 2108 Ἔπειτα
1791 2082 1837 2108 λο-

1049 2130 1165 2165 γισμοὺς
1181 2128 1255 2164 αὐτῷ
1269 2128 1410 2163 ἐμϐάλλει,
1422 2128 1460 2160 ὡς
1474 2128 1564 2155 οὐδενὶ
1586 2128 1658 2164 ἄλλῳ
1683 2129 1777 2164 τρόπῳ
1792 2127 1836 2154 διί-

210 2180 274 2208 gcre
302 2174 449 2208 potuisset.
474 2173 652 2201 Postmodum
674 2174 745 2200 hanc
761 2174 785 2201 ei
801 2174 995 2209 cegitationem

1049 2175 1160 2210 νὴσεται
1174 2175 1224 2209 τῆς
1239 2175 1316 2200 νόσου
1329 2173 1433 2208 ταύτης
1449 2173 1497 2200 καὶ
1508 2173 1554 2200 τοῦ
1570 2169 1671 2209 βάρους
1696 2172 1834 2200 ἀπαλλάτ-

210 2220 344 2254 suggerit,
362 2219 417 2246 alio
435 2225 516 2254 pacto
530 2219 586 2246 ﬁeri
598 2227 652 2246 non
674 2227 755 2253 posse
775 2225 805 2246 ut
832 2220 885 2246 hoc
902 2221 998 2248 morbo

209 2268 238 2290 et
260 2264 388 2291 molestia
408 2264 553 2296 liberetur,
571 2264 625 2291 nisi
653 2264 813 2298 frequenter
830 2265 999 2300 egrediatur,

211 2314 294 2344 atque
310 2309 346 2337 ad
364 2309 477 2342 fratres,
496 2310 538 2337 vcl
555 2310 681 2345 cujusvis
699 2311 838 2343 utilitatis,
855 2311 900 2338 vel
914 2319 1000 2346 :egro-

210 2360 302 2383 tantes
320 2355 458 2383 invisendi
473 2356 576 2388 colore,
594 2364 624 2384 se
640 2356 778 2384 conferat.
800 2356 851 2384 Ubi
864 2361 955 2384 autem
972 2357 999 2384 in

210 2401 254 2429 his
270 2402 352 2430 rebus
377 2409 440 2430 eum
469 2402 594 2437 decipere
621 2411 675 2430 non
691 2407 793 2438 potest,
813 2407 870 2430 tum
889 2403 998 2430 demum

212 2446 405 2474 vehementius
429 2450 457 2474 et
472 2447 593 2475 validius
617 2447 708 2482 ipsum
726 2448 866 2483 exagitat;
886 2449 940 2475 nisi
955 2449 999 2476 ille

214 2499 261 2527 per
278 2494 430 2521 orationem
447 2497 475 2521 et
492 2494 687 2521 abstinentiam
705 2494 740 2521 ab
759 2494 834 2522 omni
854 2501 926 2521 vano
941 2501 999 2521 ser-

212 2546 303 2570 mone,
315 2546 364 2573 per
374 2539 530 2566 divinarum
549 2539 759 2574 Scripturarum
781 2539 997 2572 meditationem,

213 2592 321 2611 necnon
349 2593 398 2620 per
417 2585 577 2620 patientiam
595 2585 622 2612 in
640 2585 856 2619 tentationibus,
877 2593 939 2613 sese
954 2586 1003 2614 ob-

214 2630 343 2657 ﬁrinarit.
364 2631 420 2659 Nisi
439 2631 573 2665 ejusmodi
590 2632 676 2659 armis
697 2637 805 2666 septum
818 2636 845 2659 et
861 2632 996 2659 munitum

216 2676 371 2710 olfenderit,
396 2678 450 2705 tela
477 2685 528 2705 sua
555 2677 661 2706 ittequ
683 2677 881 2712 ilajaculatur,
899 2683 928 2704 nt
949 2685 996 2704 va-

1047 2220 1154 2251 τεσθαι,
1181 2220 1205 2245 εἰ
1234 2218 1270 2254 μὴ
1291 2219 1334 2245 διὰ
1361 2218 1408 2244 τοῦ
1439 2218 1599 2253 ἐξέρχεσθαι
1627 2218 1758 2253 συνεχῶς,
1789 2217 1836 2243 καὶ

1049 2263 1234 2298 παραϐάλλειν
1248 2263 1372 2297 ἀδελφοῖς
1391 2263 1472 2298 χάριν
1498 2262 1643 2297 ὡφελείας,
1661 2263 1708 2289 καὶ
1725 2262 1835 2289 ἐπισκέ-

1048 2311 1121 2346 ψεως
1136 2310 1330 2337 ἀσθενούντων.
1343 2309 1430 2336 Ὅταν
1445 2309 1492 2336 οὖν
1513 2309 1550 2344 μὴ
1568 2309 1669 2344 δυνηθῇ
1692 2309 1720 2334 ἐν
1730 2308 1836 2340 τούτοις

1049 2356 1132 2383 αὑτὸν
1147 2355 1299 2390 ἀπατῆσαι,
1318 2355 1496 2391 σφοδρότερος
1513 2355 1574 2380 κατ’
1597 2353 1681 2380 αὐτοῦ
1701 2355 1747 2380 καὶ
1763 2355 1835 2389 ἰσχυ-

1054 2403 1165 2438 ρότερος
1184 2401 1299 2435 γίνεται,
1316 2402 1340 2427 εἰ
1363 2401 1400 2436 μὴ
1428 2401 1472 2427 διὰ
1488 2401 1641 2436 προσευχῆς
1659 2400 1706 2427 καὶ
1731 2400 1836 2434 ἀποχῆς

1052 2448 1225 2484 ἁργολογίας,
1242 2447 1289 2473 καὶ
1304 2446 1418 2481 μελέτης
1433 2446 1486 2472 τῶν
1502 2446 1582 2471 θείων
1598 2445 1706 2478 λογίων,
1728 2445 1774 2471 καὶ
1788 2446 1836 2479 τῆς

1053 2493 1082 2519 ὲν
1097 2494 1152 2524 τοῖς
1168 2493 1329 2527 πειρασμοῖς
1345 2491 1494 2526 ὑπομονῆς.
1517 2490 1579 2517 Ἐὰν
1593 2489 1647 2524 γὰρ
1673 2489 1710 2524 μὴ
1732 2488 1837 2521 τούτοις

1052 2540 1110 2570 τοῖς
1121 2539 1214 2569 ὅπλοις
1229 2537 1432 2573 ἠσφαλισμένον
1445 2536 1525 2562 αὐτὸν
1536 2535 1614 2570 εὕρῃ,
1635 2533 1837 2567 κατατοξεύσας

1050 2585 1106 2615 τοῖς
1121 2583 1221 2610 ἑαυτοῦ
1235 2583 1351 2618 βέλεσιν,
1361 2583 1478 2609 ἄστατον
1493 2580 1573 2606 αὐτὸν
1589 2580 1772 2610 ἀναδείκνυσι,
1791 2577 1836 2604 καὶ

1053 2629 1154 2665 ρεμϐὸν
1165 2627 1302 2658 ἀποτελεῖ,
1320 2627 1367 2653 καὶ
1384 2625 1516 2662 ῥᾴθυμον,
1537 2624 1583 2650 καὶ
1595 2623 1706 2658 ἀεργὸν,
1723 2622 1771 2648 καὶ
1787 2629 1837 2655 μο-

1053 2676 1186 2710 νασςήρια
1211 2672 1405 2709 περιέρχεσθαι
1432 2669 1650 2706 παρασκευάζει,
1666 2668 1714 2695 καὶ
1730 2667 1836 2697 οὐδενὸς

857 2745 898 2772 VA
905 2743 972 2771 ili/13
995 2742 1139 2770 LECTIUN
1145 2741 1195 2768 ES.

252 2789 428 2824 “Lrgrndum
441 2791 529 2824 potius
550 2792 658 2821 Ἕκτος.
684 2791 729 2817 Sic
754 2792 780 2817 in
799 2795 871 2817 textu
893 2791 999 2822 Latino,
1017 2789 1126 2816 Sextum
1142 2788 1216 2815 nubts
1230 2793 1360 2824 rgrtnnwn
1374 2791 1421 2824 est.
1443 2785 1499 2812 Hoc
1508 2783 1637 2824 Cassiani
1651 2780 1834 2824 Colla't‘ilqnum

219 2814 780 2863 ειυᾶ·ἰἧὲ›”(λιῖέεὲῦέξιῖἓιιδ”ᾖὸξέιιιῇἶιιιῶ
797 2814 1095 2858 ίιυὲὶὶὶιιῖῗιΐζ’δέὑιιι
1112 2814 1230 2858 Upriuin
1242 2823 1269 2850 S.
1280 2822 1422 2849 Athanasii
1438 2829 1514 2848 ιιυιω
1525 2818 1665 2851 editionis,
1677 2825 1703 2852 ιι.
1720 2814 1781 2842 33‘-
