2083 3114
262 135 328 168 1913
904 135 1022 166 SACRA
1041 109 1282 166 PARALLELA:
1820 134 1888 168 12M

257 192 338 218 ἄλλου
353 189 517 226 φροντίζειν,
531 189 555 215 εί
575 189 612 224 μή
634 197 684 215 που
702 188 781 215 πότοι
795 188 926 222 γίνονται.
944 186 1046 213 Λοιπὸν
1061 189 1079 216 Α

1064 189 1083 216 Α
1096 194 1174 221 gum,
1195 193 1222 214 et
1252 187 1420 221 instabilem,
1447 193 1474 215 et
1492 189 1636 217 socordem
1665 189 1772 222 reddat,
1793 191 1886 226 slcque

256 240 288 265 ὲκ
302 236 399 264 τούτου
428 236 475 262 καὶ
492 237 532 267 εἰς
560 237 681 273 κοσμικὰ
700 235 782 262 αὐτὸν
808 235 962 270 πράγματα
973 234 1043 260 ἐνδε-

1094 231 1205 264 aliiciat.
1230 237 1261 259 ιιι
1286 234 1454 261 monasteria
1470 235 1681 267 circumeundo.
1710 236 1779 263 nihil
1802 238 1885 272 quld-

257 285 331 319 σμεῖ,
346 283 383 315 ὡς
400 282 433 309 ἂν
450 281 532 309 αὑτὸν
550 281 597 308 καὶ
611 280 695 308 αὐτοῦ
717 281 765 308 τοῦ
793 279 938 316 μοναδικοῦ
954 280 1043 313 ἐπαγ-

1093 285 1175 312 quam
1193 279 1267 306 aliud
1286 284 1376 313 curet,
1402 280 1454 307 nisi
1474 281 1518 308 ubi
1540 281 1666 308 convivia
1693 282 1879 310 celebrentur.

255 329 388 364 γέλματος
405 328 517 359 τελείως
529 327 660 364 ἐκϐάλλῃ.
675 327 784 363 Ταύτην
797 327 846 362 τὴν
866 328 944 353 νόσον
961 325 1043 361 βαρυ-

1093 323 1163 351 Tum
1188 325 1317 360 deinceps
1344 326 1439 353 mundi
1457 335 1568 362 quoque
1584 328 1716 362 negotiis,
1737 335 1785 355 ccu
1808 328 1884 355 nexi-

254 376 339 410 τάτην
357 373 441 402 οὖσαν
456 376 469 401 ὁ
485 374 556 406 θεῖος
587 373 750 406 Ἀπόστολος
766 373 881 409 γράφων
906 371 1042 399 Θεσσαλο-

1092 368 1145 396 bus
1175 369 1343 404 quibusdam
1370 378 1432 398 eum
1459 372 1613 406 astringit,
1645 372 1736 407 quoad
1757 373 1792 399 ab
1808 373 1883 407 ipso-

254 420 370 452 νικεῦσι,
384 421 447 447 τάδε
457 419 524 455 φησί
536 429 543 436 ·
559 429 568 446 ι
585 420 816 455 Παραγγέλλομεν
831 419 906 454 ὑμῖν,
919 418 1040 452 ἀδελφοὶ,

1093 418 1158 448 met,
1175 415 1250 450 quod
1272 416 1415 451 professus
1432 422 1473 444 est
1490 437 1497 448 ,
1515 418 1671 445 monastico
1694 419 1821 446 instituto
1837 426 1884 454 pe-

254 468 283 494 ὲν
293 468 406 503 ὀνόματι
419 467 466 494 τοῦ
479 466 582 502 Κυρίου
600 465 679 501 ήμῶν
704 465 792 500 Ἰησοῦ
810 464 941 500 Χριστοῦ,
962 463 1040 490 στέλ-

1091 460 1168 488 nitus
1184 461 1288 496 ejiciat.
1306 461 1386 490 Hunc
1402 463 1542 498 morbum,
1569 464 1763 499 gravissimum
1790 466 1882 500 plane,

254 514 348 540 λεσοαι
362 513 435 548 ὑμᾶς
451 512 505 539 ἀπὸ
522 512 622 544 παντὸς
645 511 760 547 ἀδελφοῦ
776 511 902 542 ἀτάκτως
921 518 1041 546 περιπα-

1092 505 1120 534 in
1134 505 1258 542 Epistula
1274 508 1308 535 ad
1326 507 1597 538 Thessalonicenses
1612 510 1724 538 divinus
1733 511 1882 546 ApOstolus

252 558 374 591 τοῦντος.
391 558 475 585 Αὐτοὶ
489 559 577 585 οἴδατε
593 558 652 589 πῶς
665 557 705 584 δεῖ
723 556 867 593 μιμεῖσθαι
880 557 964 591 ἡμᾶς.
982 557 1040 582 Δω-

1093 553 1137 582 his
1145 555 1237 583 verbis
1250 555 1380 584 describit
1401 565 1408 584 ε
1424 567 1433 583 ι
1451 558 1652 587 Denuntiamus
1663 559 1751 592 vobis,
1771 559 1881 593 fratres,

254 605 320 641 ρεὰν
334 605 417 640 ἄρτον
434 605 484 631 οὐκ
495 605 634 640 ἐφάγομεν
650 604 727 639 παρά
739 611 821 636 τινος,
839 602 898 630 ἀλλ’
913 603 942 629 ὲν
963 601 1040 637 κόπῳ

1093 599 1122 627 in
1148 601 1260 629 nomine
1276 601 1397 630 .Domini
1426 604 1514 630 nostri
1535 603 1601 631 Jesu
1625 604 1750 637 Christi,
1766 611 1796 632 ut
1817 606 1883 632 sub-

252 654 300 681 καὶ
314 653 407 689 μόχθῳ
423 651 603 688 ἐργαζόμενοι
619 651 716 683 νυκτὸς
725 651 773 677 καὶ
791 650 909 686 ἡμέρας,
930 649 998 684 πρὸς
1009 648 1039 675 τὸ

1092 645 1211 673 trahatis
1237 654 1285 674 vos
1303 648 1337 674 ab
1352 648 1428 675 omni
1448 648 1534 676 fratre
1558 649 1717 677 ambulante
1739 651 1882 678 inordina-

253 699 290 735 μὴ
305 699 471 734 ἐπιὸαρῆσαί
484 706 546 725 τινα
558 697 645 733 ὑμῶν.
659 697 714 732 οὐχ
729 697 827 724 ὅτιούκ
843 695 942 731 ἔχομεν
957 694 1040 727 ἐξου-

1093 694 1129 718 te.
1148 691 1202 726 lpsi
1214 692 1293 720 scitis
1308 693 1448 728 quomodo
1469 698 1597 729 oporteat
1621 703 1671 722 nos
1683 696 1796 723 imitari.
1815 696 1882 724 Gra-

252 744 323 777 σίαν,
350 743 408 770 ἀλλ’
433 743 478 770 ἵνα
499 743 614 775 ἑαυτοὺς
640 742 725 769 τύπον
741 741 833 777 δῶμεν
852 741 917 776 ὑμῖν
941 740 981 772 εἰς
1009 739 1040 766 τὸ

1093 736 1129 764 tis
1151 737 1258 765 nullius
1275 746 1375 773 panem
1399 740 1639 780 manducavimus.
1660 739 1712 768 Sed
1732 741 1758 767 in
1791 742 1881 769 labore

252 790 396 825 μιμεῖσθαι
409 790 493 825 ἡμᾶς.
506 789 560 816 Καὶ
574 789 630 825 γὰρ
641 789 685 815 ᾶτε
695 789 770 824 ἥμην
781 787 849 823 πρὸς
865 787 949 822 ὑμᾶς,
960 786 1040 812 τοῦτο

1092 787 1118 811 et
1138 791 1260 812 aerumna
1273 805 1280 817 ,
1302 790 1385 813 nocte
1400 790 1427 814 et
1451 786 1496 814 die
1517 791 1664 822 operanles
1685 787 1811 814 manibus
1834 795 1870 814 no

250 835 477 872 παρηγγέλλομεν
493 836 567 871 ὑμῖν,
583 836 624 862 ὅτι
636 835 663 862 εί
676 844 718 866 τις
732 834 762 861 οὑ
775 834 849 861 θέλει
859 832 1038 884 ἐργάζε-σοαι,
1056 861 1072 888 Β

1056 861 1075 888 Β
1093 832 1170 865 stris,
1185 832 1265 868 361
1283 841 1318 861 ne
1332 841 1497 870 quemquam
1516 842 1706 869 gravaremus.
1725 834 1783 862 Non
1800 835 1878 869 quasi

251 882 319 917 μηδέ
331 882 455 909 ἐσθιέτω,
475 881 628 916 Ἦκούομεν
645 881 700 917 γάρ
725 889 802 912 τινας
816 878 1039 916 περιπατοῦντας
1056 878 1073 888 ”

1057 878 1075 888 "
1091 881 1256 912 potestatem
1269 887 1324 906 non
1346 880 1526 908 habuerimus
1542 890 1548 908 :
1574 882 1622 908 sed
1640 886 1670 908 ut
1693 881 1879 916 nosmelipsos

249 929 278 955 ἐν
292 928 357 964 ὑμῖν
376 928 513 960 ἀτάκτως,
534 927 617 962 μηδὲν
641 925 854 962 ἐργαζομένους.
876 923 1038 958 Παραγγέλ-

1090 924 1204 951 fortnam
1232 925 1418 959 praeberemus
1443 927 1523 954 vobis
1557 927 1590 954 ad
1621 926 1785 954 imitandum
1817 934 1878 954 nos.

247 974 332 1007 λομεν
346 971 393 1001 οὗν
406 974 479 1009 ὑμᾶς
498 974 526 1001 ἐν
540 973 635 1009 Κυρίῳ
656 971 744 1008 Ἰησοῦ
759 971 882 1007 Χριστῷ,
899 970 946 998 ἴνα
968 969 1037 1005 μετὰ

1088 968 1197 997 Etenim
1218 977 1281 997 cum
1298 979 1389 999 essem
1411 972 1483 1006 apud
1501 979 1559 1005 vos,
1575 973 1627 999 hoc
1649 972 1878 1000 denuntiabamus

249 1020 366 1054 ἡσυχίας
383 1018 564 1054 ἐργαζόμενοι
586 1019 632 1045 τὸν
655 1017 751 1044 ἑαυτοῦ
776 1017 858 1053 ἄρτον
873 1016 1009 1043 ἐσθίωσιν.
1024 1025 1034 1040 ι
1055 1031 1057 1035 ι

1088 1015 1179 1046 vobis,
1196 1016 1267 1049 quod
1284 1016 1309 1043 si
1333 1016 1397 1051 quis
1415 1025 1468 1044 non
1484 1018 1542 1044 vult
1559 1017 1679 1052 operari,
1692 1024 1747 1043 non
1763 1017 1879 1044 mandu-

254 1065 403 1096 Ἀτάκτους
417 1065 472 1100 γὰρ
487 1066 500 1091 ὁ
524 1064 685 1095 Ἀπόστολος
695 1063 774 1090 καλεῖ
792 1062 855 1094 τοὺς
871 1062 908 1098 μὴ
923 1061 1038 1097 ἐργαζο-

1087 1064 1141 1088 cet.
1157 1061 1324 1090 Audivimus
1340 1063 1413 1090 enim
1430 1064 1565 1098 quosdam
1587 1064 1659 1091 inter
1673 1071 1721 1091 vos
1737 1063 1878 1091 ambulare

248 1109 356 1144 μένους.
377 1109 407 1136 ’0
428 1109 481 1144 γὰρ
494 1109 624 1140 ἄτακτος,
644 1109 691 1135 καὶ
717 1107 871 1143 ἀνευλαὸὴς
892 1107 1035 1142 τυγχάνει,

1087 1106 1262 1141 inordinate,
1282 1108 1351 1135 nihil
1382 1113 1537 1143 operantes.
1567 1109 1770 1137 Denuntiamus
1794 1110 1878 1144 igitur

247 1155 294 1182 καὶ
310 1154 448 1190 προπετὴς
463 1154 528 1190 περὶ
538 1154 629 1188 λόγον,
642 1154 690 1181 καὶ
703 1154 744 1185 εἰς
765 1153 900 1188 λοιδορίαν
925 1153 1035 1188 πρόχει-

1087 1151 1164 1180 vobis
1180 1152 1207 1179 in
1224 1152 1339 1181 Domino
1353 1153 1419 1181 Jesu
1434 1153 1557 1187 Christo,
1576 1159 1674 1182 utcum
1689 1155 1799 1181 silentio
1812 1162 1877 1189 ope-

248 1209 304 1235 ρος,
319 1201 365 1228 καὶ
378 1201 546 1236 είςὴσυχιαν
560 1199 760 1235 ἀνεπιτήδειος,
780 1198 829 1225 καὶ
851 1199 901 1233 τῆς
918 1198 1035 1234 ἀκηδίας

1087 1201 1195 1228 rantes.
1207 1205 1305 1231 panem
1326 1206 1407 1226 suum
1432 1199 1612 1226 manducent.
1629 1209 1639 1226 ›
1657 1198 1704 1235 (II
1720 1199 1811 1227 Thess.
1830 1207 1871 1234 ιιι,

245 1245 349 1276 δοῦλος.
363 1245 552 1281 Παραγγέλλει
562 1242 609 1272 οὖν
621 1244 781 1271 στέλλεσθαι
792 1243 839 1270 ἀπ’
850 1243 945 1274 αὑτοῦ,
953 1251 1034 1269 τουτ-

1086 1241 1173 1278 6-12.)
1202 1243 1373 1272 inordinatos
1392 1245 1466 1272 enim
1487 1246 1636 1280 Apostolus
1665 1253 1712 1273 eos
1725 1249 1814 1279 vocat,
1829 1247 1874 1281 qui

245 1290 321 1317 ἐστιν
345 1289 527 1325 ἀφορίζεσθαι
539 1291 576 1322 ὠς
586 1290 641 1317 ἀπὸ
651 1289 782 1325 λοιμικῆς
793 1289 882 1316 νόσου.
898 1296 908 1314 ‹
923 1289 1034 1324 Δωρεὰν

1086 1288 1153 1315 nulli
1173 1289 1249 1324 operi
1275 1290 1447 1318 incumbunt.
1467 1291 1536 1318 Nam
1564 1290 1611 1325 qui
1630 1290 1805 1319 inordinatus
1820 1295 1873 1324 est,

245 1337 327 1371 ἄρτον
342 1337 391 1364 οὑκ
406 1337 546 1371 ἐφάγομεν
564 1336 642 1371 παρά
659 1344 742 1367 τινος,
763 1334 832 1362 ἀλλὰ
845 1335 874 1361 ὲν
887 1334 965 1369 κόπῳ
986 1333 1034 1360 καὶ

1085 1341 1182 1369 parum
1209 1343 1339 1363 reverens
1355 1341 1397 1363 est
1419 1341 1446 1363 et
1471 1337 1700 1371 circumspectus.
1728 1341 1810 1372 atque
1840 1337 1874 1364 ad

245 1381 338 1416 μόχθῳ
352 1381 450 1412 νυκτὸς
464 1380 511 1407 καὶ
528 1380 636 1415 ἡμέρας
650 1379 843 1414 ἐργαζόμενοι,
863 1377 932 1414 πρὸς
946 1377 976 1404 τὸ
995 1377 1032 1412 μὴ

1085 1379 1251 1414 loquendum
1263 1388 1376 1416 procax,
1390 1386 1418 1409 et
1432 1382 1466 1410 ad
1481 1382 1702 1410 maledicendum
1719 1382 1872 1418 promptus.

244 1426 411 1462 ἐπιϐαρῆσαί
424 1434 495 1458 τινα.
515 1434 525 1451 ι
549 1425 578 1452 '0
591 1425 752 1457 διδάσκαλος
766 1425 821 1452 τῶν
833 1424 928 1457 ἐθνῶν,
946 1424 960 1450 ό
981 1425 1032 1458 κῆ-

1084 1425 1117 1452 ad
1134 1426 1284 1454 solitariam
1294 1428 1379 1455 vitam
1396 1427 1516 1463 ineptus,
1531 1433 1558 1456 et
1575 1428 1677 1464 acedia;
1695 1430 1872 1464 mancipium.

244 1472 294 1508 ρυξ
308 1472 356 1499 τοῦ
371 1472 550 1507 Εὗαγγελίου,
578 1471 592 1497 ὁ
610 1471 759 1506 μετάρσιος
772 1470 825 1502 ἕως
839 1469 934 1505 τρίτου
948 1469 1032 1504 οὐρα-

1084 1470 1217 1504 Quocirca
1242 1473 1366 1507 praecipit
1382 1477 1410 1500 ut
1424 1473 1457 1500 ab
1474 1481 1508 1501 eo
1527 1474 1627 1509 reliqui
1652 1482 1681 1502 se
1700 1475 1872 1508 subtraham,

243 1518 300 1551 νοῦ,
312 1521 325 1546 ὁ
336 1519 423 1552 λέγων
435 1518 481 1545 τὸν
492 1517 593 1552 Κύριον
605 1516 819 1552 προστεταχέναι
832 1517 888 1548 τοῖς
899 1515 930 1542 τὸ
943 1515 1031 1548 Εὑαγ-
1045 1522 1065 1553 C

1050 1522 1068 1553 [ζ
1084 1516 1137 1544 hoc
1151 1522 1204 1550 est,
1220 1523 1350 1552 tanquam
1367 1527 1381 1546 a
1396 1520 1531 1554 pestifero
1546 1521 1643 1548 morbo
1659 1528 1689 1548 se
1705 1527 1872 1549 removeanl.

243 1565 333 1599 γέλιον
347 1563 580 1598 καταγγέλλουσιν
594 1562 627 1588 ἐκ
639 1561 686 1589 τοῦ
712 1561 877 1595 Εὑαγγελίου
895 1560 954 1596 ζῇν,
970 1559 1030 1586 εἶτα

1085 1573 1094 1589 ι
1113 1563 1207 1591 Gratis
1226 1564 1329 1592 nullius
1341 1572 1440 1599 panem
1462 1565 1701 1598 manducavimus,
1714 1566 1812 1601 inquit,
1825 1567 1872 1593 sed

243 1610 410 1646 σαφέστερον
427 1609 560 1636 δεικνύων
574 1607 625 1644 τὴν
639 1607 805 1642 τικτομένην
824 1606 928 1642 βλάϐην
943 1615 951 1622 ·
975 1606 1030 1633 ἀπὸ

1081 1608 1108 1636 in
1130 1609 1224 1636 labore
1235 1614 1262 1636 et
1287 1617 1422 1641 aerumna,
1441 1614 1520 1638 nocte
1548 1615 1575 1638 et
1591 1610 1634 1638 die
1656 1616 1812 1645 operantes,
1839 1620 1872 1639 ne

241 1657 295 1691 γὰρ
309 1655 410 1690 ἀργίας
423 1654 581 1690 περιεργία,
606 1653 654 1681 καὶ
668 1653 722 1680 ἀπὸ
742 1653 902 1689 περιεργίας
917 1652 1028 1685 ἀταξία,

1081 1662 1249 1689 quemquam
1279 1662 1470 1690 gravaremus.
1487 1664 1497 1681 ι
1517 1655 1579 1683 Hmc
1603 1657 1727 1691 gentium
1757 1657 1871 1690 doctor;

241 1703 290 1730 καὶ
305 1703 358 1729 ἀπὸ
379 1702 502 1734 ἀταξίας,
530 1701 605 1727 πᾶσα
630 1698 732 1727 κακία·
758 1708 767 1724 ι
796 1698 830 1725 Ei
846 1707 890 1730 τις
912 1698 943 1724 οὐ
957 1697 1028 1724 θέλει

1081 1700 1139 1728 hac
1153 1700 1198 1727 ille
1214 1699 1355 1736 Evangelii
1375 1708 1475 1735 praeco,
1488 1701 1533 1728 ille
1548 1701 1594 1736 qui
1606 1701 1638 1728 ad
1651 1701 1757 1729 tertium
1772 1703 1869 1730 coelum

207 1766 209 1769 -
241 1748 418 1784 ἐργάζεσθαι,
434 1748 501 1783 μηδέ
511 1746 636 1774 ἐσθιέτω.
653 1756 663 1773 ι
680 1745 717 1773 Οὐ
742 1745 822 1781 μόνον
836 1744 891 1780 γὰρ
903 1744 953 1779 τῆς
967 1744 1029 1771 ἐαυ-

1079 1746 1207 1774 sublatus
1227 1745 1290 1778 fuit,
1308 1745 1356 1781 qui
1374 1746 1414 1773 ait
1432 1746 1577 1774 Dominum
1592 1747 1756 1782 prince-pisse
1774 1747 1809 1775 iis
1823 1747 1869 1782 qui

241 1795 294 1822 τῶν
308 1794 403 1829 χρείας
418 1794 511 1820 ἕνεκεν
530 1792 705 1828 ἐργάζονται,
718 1791 786 1819 ἀλλὰ
804 1792 852 1817 καὶ
867 1790 966 1823 ξένοις,
980 1790 1028 1817 καὶ

1079 1791 1230 1826 praedicant
1255 1792 1447 1827 Evangelium,
1464 1795 1494 1820 ut
1517 1792 1551 1820 de
1579 1791 1730 1828 Evangelio
1744 1793 1871 1821 viverent

211 1830 213 1832 >
241 1841 368 1874 πτωχοῖς,
385 1839 433 1865 καὶ
452 1839 507 1869 τοῖς
529 1839 560 1864 ὲν
581 1837 718 1871 φυλακαῖς
733 1837 764 1863 ἐκ
781 1836 829 1863 τοῦ
857 1835 923 1862 ἰδίου
943 1835 1026 1870 ἔργου

1078 1837 1106 1872 (Ι
1121 1837 1183 1865 Cor.
1201 1846 1238 1871 Ix,
1250 1838 1305 1873 Η).
1321 1838 1422 1866 Deinde
1439 1839 1561 1874 apertius
1573 1839 1720 1866 ostendens
1736 1843 1869 1873 quantum

239 1884 329 1912 αὐτῶν
358 1883 571 1919 ἐπιχορηγοῦσι,
610 1883 784 1914 πιστεύοντες
813 1882 863 1917 τὴν
895 1881 1023 1916 τοιαύτην

1078 1882 1233 1909 detrimenti
1251 1882 1357 1910 desidia
1374 1883 1461 1918 pariat
1478 1883 1624 1919 (siquidem
1639 1890 1675 1917 ex
1694 1883 1801 1911 desidia
1820 1891 1868 1910 cu-

239 1930 363 1956 ιὺποιῖαν
380 1929 475 1955 ουσίαν
490 1928 570 1963 ἁγίαν
586 1928 787 1962 εὐπρόσδεκτον
814 1927 854 1962 τῷ
870 1926 931 1962 Θεῷ
953 1927 1027 1962 γίνε-

1077 1928 1190 1956 riositas
1207 1929 1308 1960 oritur,
1323 1936 1356 1956 ex
1383 1929 1546 1956 curiositate
1563 1929 1736 1963 perturbatio
1750 1929 1866 1960 ordinis.

240 1976 312 2002 σθαι.
325 1974 381 2001 Καὶ
392 1974 473 2001 τοῦτο
486 1974 514 2000 δέ
530 1973 656 2007 λέγουσιν
672 1974 697 2000 oi.
711 1973 846 2008 Πατὲρες,
862 1972 903 1999 ὅτι
915 1974 928 1999 ὀ
942 1973 1026 2008 ἐργα-

1079 1978 1106 2001 et
1130 1982 1163 2001 ex
1182 1974 1290 2001 ordinis
1310 1976 1517 2009 perturbatione
1539 1975 1643 2002 nullum
1665 1982 1721 2002 non
1738 1975 1801 2002 mali
1821 1983 1867 2010 εο-

238 2020 351 2056 ζόμενος
365 2020 405 2047 ἑνὶ
417 2020 523 2055 δαίμονι
537 2018 666 2050 πολλάκις
678 2018 804 2053 πολεμεῖ,
825 2018 873 2044 καὶ
885 2018 931 2044 ὑπ’
940 2017 1025 2044 αὑτοῦ

1077 2020 1138 2054 nus)
1156 2029 1162 2046 :
1183 2028 1192 2044 ‹
1206 2018 1235 2046 Si
1251 2019 1326 2054 quis,
1338 2019 1438 2054 inquit,
1452 2027 1507 2047 non
1517 2021 1575 2047 vult
1591 2019 1713 2054 operari,
1726 2027 1782 2047 non
1794 2027 1868 2047 man-

238 2066 376 2094 Θλίὸεται·
405 2066 419 2093 ὁ
444 2065 472 2092 δὲ
507 2064 607 2100 ἀεργὸς
643 2064 696 2091 ὑπὸ
727 2063 835 2099 μυρίων
861 2064 1026 2099 πνευμάτων

1076 2065 1169 2092 ducet.
1191 2074 1201 2091 ›
1216 2064 1274 2092 .Von
1297 2065 1387 2092 solum
1415 2066 1488 2093 enim
1510 2066 1684 2094 necessitatis
1700 2074 1757 2093 sua:
1784 2073 1866 2093 causa

237 2112 477 2148 αἰχμαλωτίζεται.
487 2112 558 2138 -Ὀ
572 2109 737 2145 ἀκηδιαστὴς
750 2110 824 2144 μισεῖ
835 2108 884 2144 μὲν
901 2109 935 2136 τὰ
956 2117 1026 2144 παρ-

1076 2115 1238 2146 operantur,
1256 2111 1304 2138 sed
1332 2111 1415 2138 etiam
1435 2116 1463 2139 ut
1486 2112 1649 2147 peregrinis.
1669 2112 1773 2148 egenis,
1790 2117 1817 2139 et
1834 2113 1865 2140 iis

236 2158 310 2191 όντα,
330 2157 457 2193 ἐπιθυμεῖ
472 2157 500 2184 δὲ
513 2157 547 2183 τὰ
565 2155 602 2192 μὴ
618 2155 751 2191 παρόντα.

1079 2157 1126 2192 qui
1157 2157 1184 2184 in
1208 2158 1366 2185 carceribus
1391 2163 1466 2190 sunt,
1490 2166 1522 2186 ex
1538 2166 1588 2187 suo
1621 2159 1715 2186 labore
1732 2159 1867 2187 submini-

237 2209 346 2233 strent:
374 2205 427 2231 hoc
453 2206 627 2237 reputantes,
652 2201 788 2236 ejusmodi
813 2202 1023 2230 beneﬁcentiam
1045 2203 1210 2231 sacriﬁcium
1230 2205 1355 2230 sanctum
1395 2209 1421 2232 et
1442 2203 1497 2232 Deo
1522 2210 1663 2239 acceptum
1691 2206 1759 2233 lieri.
1794 2206 1866 2240 Quin

236 2249 305 2277 illud
318 2255 427 2284 quoque
440 2247 536 2275 Patres
552 2247 639 2279 aiunt.
653 2254 714 2274 eum
736 2248 783 2281 qui
800 2248 941 2276 laboribus
961 2256 1023 2277 sese
1042 2253 1163 2282 exercet,
1174 2249 1208 2277 ab
1221 2257 1276 2276 uno
1289 2250 1449 2285 plerumque
1462 2250 1585 2278 daimone
1599 2252 1750 2286 oppugnari
1774 2256 1801 2279 et
1819 2261 1866 2279 ve-

236 2297 317 2324 xari:
344 2296 420 2323 illum
447 2303 514 2322 vero
540 2295 586 2329 qui
605 2295 640 2322 ab
664 2295 736 2322 omni
754 2302 835 2329 opere
855 2296 985 2325 abstinet.
1015 2304 1030 2324 a
1046 2297 1185 2324 sexcentis
1203 2297 1348 2332 spiritibus
1365 2299 1503 2333 captivum
1540 2299 1622 2326 trahi.
1640 2314 1672 2319 —
1696 2300 1747 2333 Qui
1771 2300 1865 2328 accdia

244 2342 361 2374 laborat,
370 2341 515 2377 praesentia
528 2341 638 2376 quidem
654 2340 723 2374 odit,
736 2341 862 2369 absentia
883 2349 947 2370 vero
962 2343 1141 2378 concupiscit.

269 2400 359 2427 TITA.
376 2398 546 2436 ΚΔἏέΠεζρὶ
560 2399 704 2436 ἄφρονος,
718 2400 767 2427 ml
782 2400 922 2436 ἀνοήτου,
939 2403 988 2428 καὶ
1041 2391 1062 2418 D
1081 2399 1091 2425 Ί

1041 2391 1062 2418 D
1081 2399 1148 2427 TlT.
1169 2399 1264 2428 XXIV.
1278 2416 1313 2421 ——-
1335 2402 1372 2428 De
1400 2402 1510 2434 insano,
1546 2405 1668 2434 tecm-de,
1693 2403 1816 2436 imperito
1839 2407 1862 2430 et

433 2435 627 2466 ἀπαιδεύτου,
646 2435 695 2462 καί
720 2435 828 2469 μωροῦ.

691 2436 695 2461 i
720 2435 828 2469 μωροῦ.
1428 2437 1513 2471 fatuo.

272 2490 281 2507 ι
306 2479 431 2516 Ἑώρακα
445 2480 566 2514 ἄφρονας
586 2479 663 2514 ῥίζας
685 2479 842 2514 βάλλοντας,
863 2480 922 2507 ἀλλ’
942 2481 1023 2513 εὐθὺς

1109 2480 1160 2508 Job
1176 2490 1202 2514 v,
1217 2482 1244 2509 5.
1256 2497 1292 2503 —
1308 2491 1316 2507 ι
1332 2482 1393 2510 Vidi
1415 2483 1525 2511 insanos
1545 2485 1688 2511 mittentes
1707 2483 1822 2516 radices,
1836 2488 1863 2511 et

235 2525 251 2561 ἡ
265 2526 354 2553 δίαιτα
371 2524 460 2552 αὐτῶν
469 2525 587 2560 ἐϐρώθη.
595 2534 604 2550 ι

1074 2527 1166 2553 statim
1179 2532 1372 2563 consumptum
1389 2535 1431 2556 est
1448 2530 1604 2558 institutum
1623 2537 1728 2557 eorum.
1747 2539 1756 2556 ι
1847 2518 1850 2523 ’

271 2580 281 2596 ι
295 2571 405 2605 Ἀτιμοι
422 2570 469 2597 καὶ
482 2570 707 2605 πεφαυλισμένοι,
726 2571 826 2603 ἐνδεεῖς
836 2571 936 2604 παντὸς
951 2572 1020 2605 ἁγα-

1111 2571 1159 2599 Job
1179 2581 1243 2606 xxx,
1259 2575 1285 2601 4.
1308 2591 1342 2595 ——
1361 2585 1370 2601 (
1390 2575 1548 2603 lnhonorati
1578 2580 1605 2603 et
1618 2576 1836 2611 contemptibiles
1852 2596 1859 2608 .

233 2616 292 2649 eos,
303 2617 327 2643 οι
343 2616 372 2643 δὲ
382 2615 460 2651 ῥίζας
470 2616 557 2649 ξύλων
568 2616 727 2652 ἐμασσῶντο
745 2617 799 2644 ἀπὸ
828 2617 908 2652 λιμοῦ
934 2617 1019 2652 μεγά-

1073 2622 1184 2653 egentes
1211 2620 1284 2646 omni
1312 2621 1395 2654 bono,
1417 2622 1464 2655 qui
1488 2621 1595 2649 radices
1621 2623 1702 2649 etiam
1732 2622 1858 2653 arborum

232 2663 290 2691 λου.
308 2673 320 2690 ι

1074 2664 1239 2692 mandebant
1256 2673 1311 2699 pne
1326 2665 1396 2693 fame
1408 2675 1516 2701 magna.
1534 2677 1541 2692 ι

269 2719 280 2738 ι
297 2710 452 2738 Ἀπώλοντο
465 2710 541 2746 παρὰ
554 2710 584 2737 τὺ
596 2709 633 2745 μὴ
648 2709 720 2745 ἔχειν
734 2710 832 2742 αὐτοὺς
844 2710 950 2745 σοφίαν.
971 2720 979 2736 ι

1107 2707 1157 2734 Job
1174 2717 1211 2740 iv,
1225 2709 1269 2736 21.
1282 2726 1315 2731 -
1333 2721 1342 2736 ι
1363 2711 1514 2744 l’cricrunt,
1535 2720 1566 2739 co
1578 2711 1648 2747 quod
1664 2720 1717 2739 non
1729 2711 1859 2749 haberent

255 2775 258 2780 .
1071 2760 1243 2787 sapientiam.
1264 2765 1273 2781 ι

269 2808 282 2828 I
296 2800 379 2831 Εὶπεν
393 2801 487 2837 ἄφρων
501 2801 531 2828 ἐν
555 2800 653 2837 καρδίᾳ
666 2800 748 2828 αὑτοῦ
760 2809 766 2815 ·
781 2801 837 2828 Οὐκ
854 2801 910 2827 ἔστι
924 2801 996 2832 Θεὸς.
1006 2810 1014 2825 ι

1110 2799 1186 2826 Ρδαί.
1207 2809 1267 2834 xm,
1288 2802 1377 2828 l.—¢
1399 2802 1470 2829 l)i.\it
1485 2804 1614 2839 insipiens
1636 2804 1660 2831 in
1682 2803 1763 2831 corde
1784 2811 1833 2830 suo
1854 2813 1857 2830 :

1071 2844 1130 2872 Non
1151 2849 1192 2872 est
1210 2847 1289 2875 Deus.
1308 2857 1316 2874 ι
