2074 3115
260 99 326 133 121‘.)

841 95 871 125 S.
890 94 1050 125 JOANNIS
1071 93 1283 124 DAMASCENI

1817 93 1883 125 1220

292 155 371 183 Prov.
400 162 457 186 xm,
474 155 501 187 t3.
516 165 551 173 ——
572 161 581 177 ι
598 151 709 184 Quanto
729 155 853 185 tempore
878 149 1044 176 innocentes

1133 155 1141 172 ι
1157 146 1240 172 Ὅσον
1257 145 1352 181 χρόνον
1371 145 1478 181 ἔχονται
1504 145 1603 173 ἄκακοι
1623 145 1672 181 τῆς
1699 145 1883 183 δικαιοσύνης,

256 199 578 234 adhaerescemjustitiar,
596 206 653 226 non
667 196 883 225 confundantur.
906 205 915 221 ι

291 249 370 275 Prov.
388 254 443 279 inv,
458 246 485 273 2.
504 259 540 265 —-
559 255 568 270 ι
588 243 640 277 Qui
662 243 787 270 ambulat
801 246 887 274 recte,
901 242 979 269 timet
990 240 1044 267 Do-

257 296 373 322 minum.
387 302 396 319 ι

291 341 371 367 Prov.
404 345 455 370 xu,
471 337 514 365 l3.
526 351 561 357 —
578 345 587 362 ι
612 335 665 369 Qui
681 334 796 370 respicit.
826 334 917 370 plane,
936 331 1043 360 miscri-

256 386 376 414 cordiam
386 388 582 420 consequetur.
597 392 606 409 I

291 431 369 458 Prov.
380 439 418 464 XI,
429 431 475 462 ‘20,
491 430 537 457 25.
548 444 581 449 —-
599 437 608 454 α
626 428 736 462 Accepti
746 431 810 455 sunt
825 427 938 454 Domino
950 433 1045 454 omnes

256 478 428 505 immaculati
446 477 474 504 in
489 477 531 504 via
545 483 606 504 sua.
621 474 770 502 Benedicta
787 478 830 501 est
845 473 938 500 omnis
953 473 1045 500 anima

256 524 385 558 simplex.
404 533 414 549 ι
994 547 1000 553 κ

291 569 370 597 Prov.
398 577 453 601 xiv,
483 567 526 595 15.
541 582 574 588 -
588 575 598 592 ι
616 566 753 595 lnnocens
774 565 865 593 credit
890 564 967 592 omni
982 571 1044 592 ver-

257 616 302 643 llo.
322 625 330 641 ι

292 660 372 688 Prov.
406 669 437 693 ιι,
461 661 506 687 21.
537 674 570 679 -
593 669 602 685 ‹
624 659 738 694 Beuigni
771 662 852 686 erunt
877 657 1046 684 habitatores

257 713 337 735 terra:
353 716 360 740 ;
378 707 541 734 innocentes
557 713 621 734 vero
651 706 853 740 permancbuut
872 704 898 731 in
911 711 960 737 ca;
979 703 1045 738 quia

255 753 325 780 recti
341 753 506 780 habitabunt
519 753 546 779 in
563 759 604 779 ea.
627 761 637 778 ι

295 797 379 824 Βοδίι.
394 799 421 824 in
439 798 522 831 print,
540 797 619 824 Prov.
637 810 671 816 —
691 795 797 830 Duplici
814 795 895 822 modo
909 795 1042 822 innocen-

1097 193 1146 219 οὐκ
1166 192 1406 227 αἱσχυνθήσονται.
1423 202 1432 218 ι

1133 246 1142 263 ι
1153 237 1182 264 '0
1195 236 1378 272 πορευόμενος
1397 237 1496 272 ὀρθῶς,
1509 236 1632 271 φοϐεῖται
1647 238 1692 264 τὸν
1706 236 1818 273 Κύριον.
1836 245 1847 264 ι

1134 340 1143 357 ι
1154 331 1184 358 '0
1195 331 1300 367 βλέπων
1314 331 1385 362 λεῖα,
1403 331 1591 367 ἐλεηθήσεται.
1607 342 1616 358 ι

1134 431 1144 447 ι
1164 421 1330 456 Προπδεκτοὶ
1347 422 1442 458 Κυρίῳ
1450 423 1551 455 πάντες
1562 423 1673 460 ἄμωμοι
1682 423 1711 452 ὲν
1718 423 1771 460 ὀδῷ
1782 424 1882 454 αὐτῶν.

1096 468 1177 504 Ψυχὴ
1191 467 1371 505 εὐλογημένη,
1387 470 1462 496 πᾶσα
1479 471 1563 506 ἁπλῆ.
1591 480 1600 497 ι

1136 567 1145 582 ι
1165 557 1285 588 ’Ἄκακός
1299 559 1422 584 πιστεύει
1437 558 1518 584 παντὶ
1530 557 1611 594 λόγῳ.
1626 568 1636 585 ι

1136 657 1145 672 ι
1166 647 1286 682 Χρηστοὶ
1297 646 1404 674 ἔσονται
1419 647 1561 682 οἰκήτορες
1575 646 1642 682 γῆς’
1653 646 1752 674 ἄκακοι
1768 647 1796 674 δὲ
1813 648 1882 675 ὐπο-

1096 693 1289 728 λειφθήσονται
1304 693 1333 719 ὲν
1356 692 1437 728 αὐτῇ,
1460 693 1500 719 ὅτι
1521 692 1610 724 εὖθεῖς
1626 693 1884 729 κατασκηνώσουσιν

1097 740 1126 766 ἐν
1142 739 1221 774 αὐτῇ.
1242 748 1252 765 ι

1133 794 1236 826 Διττῶς
1248 793 1361 829 νοοῦμεν
1378 793 1428 828 τὴν
1443 793 1572 821 ἀκακίαν.
1584 794 1618 820 Ἢ
1633 794 1687 829 γὰρ
1701 792 1752 826 τὴν
1765 794 1821 821 ἀπὸ
1836 794 1884 829 τῆς

257 842 321 869 tiam
338 842 529 877 intelligimus.
552 841 606 868 Aut
620 841 694 868 cnim
702 840 817 868 rationis
833 848 884 874 ope
900 847 914 866 a
932 843 1046 875 peccato

1098 841 1237 876 ἁμαρτίας
1255 839 1431 875 ἀλλοτρίωσιν
1446 839 1570 875 λογισμῷ
1586 839 1822 875 κατορθουμὲνην,
1838 841 1885 867 καὶ

257 895 307 914 nos
321 887 479 919 avertendo,
494 891 520 913 et
532 894 579 920 per
599 886 706 920 longam
732 885 817 912 animi
844 885 1044 916 attentionem,

258 937 285 960 ct
308 933 442 960 virtutum
463 931 598 964 studium,
629 931 713 958 veluti
733 930 826 958 radice
850 931 970 965 quadam
988 930 1046 957 vitii

256 979 369 1012 excisa;
390 983 436 1005 aut
448 978 508 1012 ejus
521 979 548 1005 iu
577 982 663 1004 totum
684 982 810 1011 expertes
822 976 898 1008 facti,
913 977 1046 1004 innocen-

257 1030 296 1052 tes
318 1024 498 1058 appellantur.
525 1024 564 1050 Ac
599 1030 715 1050 rursum
730 1023 888 1050 innocentia
914 1026 966 1055 est,
1000 1022 1047 1049 ubi

258 1070 381 1097 nondum
396 1069 513 1097 collecta
530 1070 595 1096 mali
614 1068 788 1103 experientia
805 1073 869 1101 est;
890 1076 952 1095 cum
969 1067 1045 1096 vide-

257 1117 322 1144 licet
345 1116 484 1149 nonnulli,
512 1116 674 1150 plerumque
689 1115 724 1142 ob
746 1115 898 1149 juvenilem
926 1118 1045 1147 aetatem,

257 1162 298 1189 vel
315 1161 427 1196 aliquod
448 1162 510 1188 vita:
532 1161 700 1192 institutum,
718 1160 848 1187 vitiorum
864 1159 1046 1194 quorumdam

256 1207 369 1234 minime
384 1206 535 1242 periculum
545 1205 680 1233 fecerunt.
693 1204 726 1233 V.
739 1214 794 1240 ειη,
808 1213 875 1241 puer
889 1205 1045 1240 superbiant:

257 1253 356 1285 nescit,
372 1253 428 1280 doli
444 1257 471 1280 et
486 1252 592 1279 fraudis
618 1257 661 1279 est
682 1252 806 1286 ignarus.
839 1251 910 1278 Sunt
938 1258 1045 1282 rursus,

256 1299 303 1334 qui
315 1305 378 1325 cum
391 1298 450 1325 ruri
463 1297 573 1333 degant,
590 1301 753 1324 mercatura:
766 1298 900 1324 versutias
914 1301 940 1324 et
953 1296 1046 1324 torcu-

258 1351 303 1371 ses
320 1343 540 1371 conﬂictationes
563 1343 705 1378 ignorant.
723 1341 804 1370 Tales
821 1350 904 1377 porro
923 1342 1045 1369 dicimus

258 1391 421 1417 innocentes
442 1396 520 1415 :non
547 1389 620 1423 quod
648 1388 812 1416 inductione
845 1388 929 1414 animi
944 1395 959 1414 a
980 1388 1046 1416 vitio

258 1435 433 1468 remotisint,
446 1434 494 1463 sed
505 1435 570 1470 quia
595 1435 718 1462 nomium
740 1435 807 1469 ipsis
826 1434 942 1461 vitiosas
961 1434 1045 1461 animi

256 1481 438 1517 cogitationes
467 1480 585 1515 contigit
610 1480 743 1515 experiri.
769 1479 850 1507 Certa
866 1487 949 1514 porro
964 1480 1045 1507 inno-

257 1527 346 1555 centis
366 1526 486 1553 hominis
513 1529 578 1553 nota
593 1526 620 1552 in
639 1533 746 1553 morum
762 1525 940 1560 simplicitate
955 1525 1044 1560 posita

257 1578 311 1601 ρει.

292 1617 477 1651 Ε]ιιδιίειιι,ἱιι
511 1615 692 1643 Ilexaent.-—
724 1615 874 1643 Veritatem
908 1615 1045 1643 sinceram

256 1663 466 1699 persequimini,
500 1663 721 1698 simplicitatem.
762 1662 917 1696 justitiam.
949 1661 1046 1689 Justus

258 1710 318 1737 sine
349 1709 414 1736 fuco
437 1713 492 1742 est,
510 1713 538 1736 ct
559 1709 644 1736 veluti
657 1708 752 1736 Jaeob.
767 1708 903 1741 Quocirca
922 1708 1046 1736 habitare

257 1755 325 1783 facit
343 1756 425 1782 unius
440 1756 526 1783 moris
542 1755 570 1782 in
586 1755 679 1782 domo.

295 1800 389 1837 Ejusd.
416 1808 448 1828 ea:
473 1808 534 1827 can.
551 1799 644 1827 Const.
674 1813 711 1819 —
741 1798 899 1834 Simplicem
928 1805 1010 1835 atque
1030 1808 1045 1828 ιι

256 1848 319 1875 dolo
335 1847 454 1874 alienum
475 1854 578 1876 mores.
594 1852 693 1872 arcana
714 1845 810 1871 anima:
821 1845 900 1873 facile
917 1847 1044 1881 produnt.

293 1890 364 1919 Naz.
392 1895 463 1918 orat.
483 1891 495 1917 'l
517 1889 595 1918 Cant.
616 1888 722 1916 Julian.
736 1902 773 1908 -—
787 1889 887 1916 Parum
906 1895 987 1918 cauta
1003 1895 1056 1919 est-

256 1938 419 1973 sirrplicitas
432 1957 439 1970 ,
455 1936 648 1970 interdumque
661 1935 815 1971 benignitas
833 1936 970 1964 imbecilla
985 1941 1043 1964 est:

256 1992 289 2012 ac
308 1983 406 2011 vitium
433 1982 544 2010 minimc
577 1981 747 2017 suspicatur,
769 1983 817 2017 qui
832 1982 902 2010 libcr
917 1987 986 2010 esta
1005 1984 1046 2010 vi-

257 2031 306 2058 tio.
747 2020 749 2026 ’

293 2075 371 2104 Orat.
383 2075 411 2102 in
420 2074 450 2102 S.
463 2074 599 2102 Athan.—
610 2074 661 2107 Qui
675 2074 708 2101 ad
715 2074 811 2102 vitium
824 2082 978 2109 propensus
989 2082 1044 2102 non

255 2126 310 2153 est,
327 2129 377 2149 nec
388 2122 420 2148 ad
434 2121 633 2155 suspicandum
643 2124 687 2147 est
704 2121 848 2155 proclivis.

290 2165 372 2202 364
387 2165 470 2201 Cyril.
491 2172 522 2191 ex
536 2165 582 2192 lib.
596 2173 629 2192 xv
645 2165 719 2192 Serv.
734 2165 762 2191 in
780 2165 867 2198 spirit.
884 2180 919 2186 σ-
934 2166 1045 2201 Simpli-
1060 2180 1081 2207 υ

256 2211 327 2238 citas
354 2217 463 2237 summo
480 2209 554 2245 apud
574 2210 660 2238 Deum
681 2210 708 2237 in
723 2210 813 2245 pretio
825 2214 878 2237 cst.
896 2211 1043 2239 (lalliditas

256 2257 340 2289 enim,
355 2256 406 2285 etsi
422 2255 521 2283 divinae
543 2256 596 2290 legi
613 2256 808 2283 consentaneis
821 2258 968 2285 conatibus
982 2266 1045 2293 pro-

255 2301 346 2329 banda
360 2304 412 2334 est,
433 2308 576 2336 nunquam
592 2305 683 2328 tamen
709 2301 743 2328 ad
755 2302 920 2330 suavitatem
933 2304 1042 2331 virtutis

256 2346 436 2375 contribuere
452 2346 592 2374 censenda
609 2345 704 2374 fuerit.

256 2413 323 2442 TIT.
339 2413 434 2441 XXVI.
448 2427 481 2436 α-
493 2412 532 2440 De
541 2417 707 2450 paupertate.
722 2419 746 2442 et
757 2415 922 2450 suﬁcientia,
937 2421 963 2444 et
983 2418 1044 2445 vim

553 2448 718 2483 frugalitate.

289 2505 366 2534 Paul.
384 2513 480 2538 xxxvi,
497 2505 542 2533 16.
557 2520 590 2526 -
608 2515 618 2532 ‹
634 2506 731 2534 Melius
747 2511 789 2535 cst
801 2508 939 2536 modicum
953 2509 1041 2544 justo,

255 2560 336 2588 super
347 2551 456 2580 divitias
467 2555 641 2587 peccatorum
650 2554 763 2581 multas.
783 2563 792 2579 ι

289 2599 367 2626 Prov.
386 2606 432 2631 xv,
451 2598 495 2630 16,
511 2598 555 2627 17.
572 2615 608 2620 -
624 2609 632 2625 ι
647 2600 743 2628 Melius
756 2605 798 2628 est
808 2601 896 2636 excipi
911 2609 972 2628 cum
985 2602 1042 2630 ole-

257 2644 331 2671 ribus
343 2644 377 2672 ad
389 2645 536 2672 amicitiam
548 2650 575 2672 et
584 2645 710 2679 gratiam,
719 2654 801 2681 quam
814 2648 897 2674 multa
908 2648 1045 2682 genimina

258 2689 334 2716 vituli
353 2697 415 2717 cum
445 2691 520 2719 odio.
537 2691 634 2719 Melius
649 2696 692 2720 est
707 2700 803 2727 parum
826 2694 952 2729 accipere
980 2702 1042 2722 cum

255 2732 373 2766 iustitia,
387 2743 470 2770 quam
483 2737 567 2764 multa
583 2743 658 2771 parta
673 2739 917 2773 cuminiquitate.»

294 2777 370 2804 Prov.
389 2787 452 2811 n'u,
470 2781 532 2807 1.-
547 2790 556 2807 ι
573 2781 666 2809 Melior
683 2787 723 2810 est
739 2783 859 2811 buccella
870 2792 930 2811 cum
941 2786 1040 2819 gaudio

1095 886 1141 914 διὰ
1153 887 1263 922 μακρᾶς
1280 886 1429 921 προσοχῆς,
1439 886 1486 912 καὶ
1501 885 1617 921 μελέτης
1629 885 1684 913 τῶν
1700 885 1820 919 ἀγαθῶν,
1847 887 1885 913 ot-

1096 935 1151 959 ονεὶ
1165 931 1244 968 ῥίζαν
1263 932 1313 965 τῆς
1325 932 1425 963 κακίας
1440 931 1633 967 ὲκτέμνοντες·
1661 931 1678 967 ἢ
1704 930 1774 958 κατὰ
1790 931 1886 967 στέρη-

1098 987 1140 1005 σιν
1152 978 1238 1012 αὑτῆς
1252 977 1371 1013 παντελῆ
1387 977 1436 1014 τὴν
1454 977 1501 1004 τοῦ
1519 978 1624 1006 ἀκάκου
1643 979 1830 1015 προσηγορίαν
1841 980 1885 1006 δε-

1097 1024 1210 1060 χόμεθα.
1225 1024 1280 1050 Καὶ
1293 1024 1374 1051 πάλιν
1387 1024 1490 1051 ἀκακία
1502 1024 1576 1051 ἐστὶν
1591 1025 1607 1060 ἡ
1626 1025 1709 1060 μήπω
1727 1024 1773 1052 τοῦ
1796 1025 1883 1052 κακοῦ

1097 1068 1236 1104 ἐμπειρία,
1253 1068 1297 1095 διὰ
1312 1068 1427 1104 νεότητα
1439 1068 1581 1102 πολλάκις,
1597 1069 1613 1105 ἦ
1630 1069 1688 1104 βίου
1704 1069 1776 1102 τινὸς
1786 1070 1885 1106 ἐπιτή-

1096 1114 1197 1146 δευσιν,
1211 1113 1332 1150 ἀπείρως
1341 1114 1422 1141 τινῶν
1437 1114 1505 1150 πρός
1519 1123 1597 1147 τινας
1623 1116 1724 1148 κακίας
1748 1115 1886 1151 διακειμέ-

1097 1168 1161 1191 νων,
1176 1157 1261 1186 οἴονὸ
1278 1161 1343 1191 παῖς
1354 1160 1404 1186 οὐκ
1432 1157 1503 1187 οἶδεν
1528 1160 1727 1196 ὑπερηφανίαν,
1752 1161 1803 1188 οὐκ
1830 1159 1884 1188 οἶδε

1095 1204 1185 1237 δόλον,
1215 1204 1435 1241 ἢρᾳδιουργίαν.
1461 1206 1545 1233 Πάλιν
1575 1206 1629 1233 είσί
1662 1215 1735 1238 τινες
1759 1206 1821 1236 τῶν,
1837 1206 1886 1241 τὴν

1096 1250 1238 1286 ἀγροικίαν
1248 1251 1402 1285 οἰκούντων,
1415 1253 1464 1279 οὐκ
1477 1251 1576 1284 εἰδότες
1589 1252 1637 1285 τὰς
1652 1253 1804 1289 ἐμπορικὰς
1819 1261 1886 1279 κακι

1096 1296 1219 1332 ουργίας,
1233 1296 1294 1324 οὐδὲ
1308 1297 1358 1329 τὰς
1382 1298 1412 1324 ὲν
1435 1297 1602 1334 δικαστηρίῳ
1624 1298 1773 1330 διαπλοκάς
1786 1305 1793 1313 ·
1821 1298 1886 1329 τοὺς

1098 1340 1236 1373 τοιούτους
1272 1342 1393 1374 ἀκάκους
1423 1342 1549 1378 λέγομεν,
1577 1344 1627 1379 οὐχ
1643 1343 1681 1376 ὡς
1700 1345 1731 1371 ὲκ
1755 1344 1882 1380 πρωιρὲι

1098 1395 1166 1418 σεως
1180 1387 1279 1419 κακίας
1293 1389 1525 1424 κεχωρισμένους,
1538 1390 1596 1416 ἀλλ’
1605 1390 1643 1422 ὡς
1664 1390 1750 1425 μήπω
1771 1390 1812 1422 είς
1824 1390 1886 1426 στεῖ-

1097 1441 1147 1468 ραν
1158 1433 1207 1466 τῆς
1221 1435 1343 1470 πονηρᾶς
1368 1434 1452 1467 ἕξεως
1476 1436 1654 1471 ἀφιγμένους.
1681 1436 1886 1472 Χαρακτηρίζει

1096 1475 1141 1504 οὖν
1153 1478 1198 1505 τὸν
1217 1479 1348 1515 ἄκακονή
1366 1480 1488 1515 ἁπλότης
1505 1481 1551 1508 τοῦ
1577 1480 1671 1516 ἧθους.

1131 1618 1250 1645 Διώκετε
1267 1618 1396 1654 ἀλήθειαν
1414 1619 1561 1655 εἰλικρινῆ,
1576 1620 1727 1655 ἁπλότητα,
1750 1619 1886 1648 δικαιοσύ-

1097 1673 1154 1700 νην.
1174 1665 1330 1697 Ἀπλαστος
1347 1666 1361 1692 ὀ
1385 1666 1499 1698 δίκαιος,
1513 1666 1604 1698 ὁποῖος
1624 1666 1722 1694 Ἰακώϐ
1736 1676 1743 1683 ·
1755 1667 1799 1695 διὰ
1807 1668 1886 1695 τοῦτο

1097 1712 1247 1744 κατοικίζει
1265 1712 1449 1748 μονοτρόπους
1460 1714 1489 1740 ὲν
1505 1713 1583 1749 οῐκῳ.

1133 1799 1184 1826 Τὸν
1214 1800 1316 1846 ἁπλοῦν
1347 1801 1394 1828 καὶ
1412 1801 1505 1828 ἄδολον
1522 1801 1640 1834 εὐκόλως
1668 1801 1826 1838 ἐξαγορεύει
1850 1802 1885 1829 τὰ

1096 1846 1238 1882 ἁπόρῤητα
1251 1847 1300 1881 τῆς
1312 1847 1410 1883 ψυχῆς.

1124 1892 1306 1926 ¹Ἀφύλαικτον
1327 1895 1343 1929 ἡ
1372 1894 1509 1927 ἁπλότης..
1524 1894 1570 1921 καὶ
1596 1895 1665 1930 μετὰ
1677 1895 1724 1921 τοῦ
1740 1894 1840 1931 σαθροῦ
1854 1895 1885 1921 τὸ

1096 1938 1296 1974 φιλάνθρωπον,
1330 1940 1378 1967 καὶ
1405 1941 1504 1976 ἥκιστα
1518 1941 1618 1968 κακίαν
1637 1941 1771 1977 ὑφορᾶται
1786 1942 1817 1968 τὸ
1834 1949 1885 1968 κα-

1096 1984 1157 2016 κίας
1171 1985 1324 2022 ἐλεύθερον.

1131 2072 1167 2098 Τὸ
1182 2073 1222 2104 είς
1237 2073 1337 2100 κακίαν
1351 2073 1400 2109 οὐχ
1424 2074 1532 2110 ἕτοιμον
1547 2074 1608 2101 οὐδὲ
1626 2075 1666 2106 είς
1693 2075 1820 2102 ὑπόνοιαν
1836 2076 1882 2102 εὖ·

1113 2117 1188 2143 ερὲς.

1113 2125 1124 2142 ε
1147 2125 1159 2143 s
1180 2135 1188 2143 .

1094 2125 1110 2151 χ
1129 2125 1300 2198 ξ1ῗάττλότης
1310 2163 1387 2198 τιμία
1401 2164 1476 2199 παρά
1490 2164 1560 2199 Θεῷ.
1573 2165 1609 2191 Τὸ
1635 2165 1689 2201 γὰρ
1719 2167 1881 2201 πανουργδν,

1096 2210 1120 2235 εἰ
1136 2209 1184 2235 καὶ
1195 2209 1288 2236 δεκτὺν
1305 2210 1396 2242 ἐντοῖς
1410 2210 1479 2237 κατὰ
1495 2210 1562 2238 Θεὸν
1587 2212 1801 2248 σπουδάσμασιν,
1825 2213 1875 2239 ἀλλ

1095 2254 1221 2290 οὐδαμῶς
1232 2255 1271 2287 είς
1285 2255 1386 2291 ἀρετῆς
1395 2256 1509 2283 εὐωδίαν
1526 2257 1736 2295 καταλογισοείη
1751 2258 1828 2286 ποτέ.

1097 2422 1273 2455 ΤΙΤΛ.Κ(Ῑ’.
1309 2421 1436 2460 —-_IIspl
1452 2423 1675 2460 ᾀκζημοςζύνης,
1703 2423 1754 2451 καί
1777 2425 1887 2460 αὐταρ-

1316 2457 1408 2490 κείας,
1424 2458 1473 2484 καί
1487 2457 1662 2492 umbem.

1134 2521 1142 2538 ι
1161 2513 1296 2548 Κρείσσον
1312 2513 1402 2547 ὀλίγον
1416 2513 1455 2549 τῷ
1468 2513 1575 2549 δικαίῳ,
1600 2514 1670 2550 ὑπὲρ
1690 2515 1806 2544 πλοῦτον
1830 2517 1888 2544 τῶν

1096 2558 1264 2594 ἁμαρτωλῶν
1281 2559 1373 2585 πολύν.
1386 2568 1396 2585 ι

1134 2614 1143 2630 ι
1165 2605 1306 2640 Κρείσσων
1319 2604 1447 2640 ξενισμδς
1465 2607 1533 2641 μετὰ
1545 2606 1669 2642 λαχάνων
1696 2609 1765 2644 πρὸς
1792 2610 1889 2644 φιλίαν

1096 2650 1142 2677 καὶ
1156 2651 1246 2685 χάριν,
1258 2651 1275 2686 ἢ
1294 2651 1444 2686 παράθεσις
1457 2652 1565 2687 μόχθων
1583 2654 1651 2688 μετά
1666 2654 1775 2690 ἔχθρας.
1787 2656 1891 2691 Κρείο-

1096 2704 1149 2722 σων
1160 2696 1258 2729 ὀλίγων
1272 2696 1354 2731 λῆψις
1366 2697 1436 2731 μετὰ
1450 2697 1636 2734 δικαιοσύνης,
1652 2700 1668 2734 ἦ
1687 2701 1772 2728 πολλὰ
1787 2703 1891 2739 γεννή-

1096 2749 1168 2775 ματα
1187 2742 1255 2775 μετὰ
1271 2741 1384 2773 ἀδικίας.
1399 2751 1408 2768 ι

1133 2797 1141 2812 ι
1157 2788 1298 2823 Κρείσσων
1315 2789 1409 2824 ψωμὺς
1425 2790 1484 2825 μεθ’
1500 2791 1595 2826 ἡδονῆς
1608 2792 1637 2818 ἑν
1652 2793 1748 2828 εἰρήνῃ
1760 2815 1768 2826 ,
1785 2794 1801 2830 ἦ
1814 2792 1894 2826 οἶκος
