2074 3115
218 117 284 150 1221

853 125 971 155 SACRA
990 125 1218 159 PARALLELA.

1764 136 1832 170 1222

218 173 322 200 πολλῶν
344 173 464 208 ἀγαθῶν,
493 175 539 202 καὶ
568 175 668 203 ἀδίκων
682 177 830 212 χρημάτων
852 179 920 212 μετὰ
946 179 984 213 μά

1055 178 1080 205 in
1100 187 1177 213 pace,
1192 189 1274 216 quam
1294 182 1392 211 domus
1421 185 1567 213 multorum
1586 186 1771 222 bonorum,et
1788 199 1834 226 pe-

217 228 276 254 χης.
299 229 307 245 1

255 273 264 289 ι
279 263 397 291 Πλοῦτον
418 265 465 291 καὶ
484 265 578 292 πενίαν
595 266 631 302 μή
648 275 694 302 μοι
708 267 771 302 δῷς,
788 268 884 302 Κύριε,
900 268 998 294 σύντα-

216 311 260 343 ξον
270 311 298 338 δέ
314 320 359 347 μοι
373 312 407 338 τὰ
421 311 525 345 δέοντα,
536 314 626 340 καὶτὰ
640 314 775 349 αὐτάρκη,
795 314 838 341 ἶνα
862 313 899 349 μὴ
930 313 998 348 πλη‹

216 348 299 388 desk,
325 356 425 392 ψευδὴς
451 358 584 394 γένωμαι,
608 359 656 386 καὶ
682 348 773 386 diem;
790 359 837 391 Τίς
853 368 886 394 με
898 360 963 394 ὁρᾷ;
981 359 996 394 ἦ

215 405 353 440 πενηοεὶς,
366 405 467 440 κλέψω,
484 407 530 433 καλ¹
543 407 635 442 ὁμόσω
652 407 683 433 τὺ
697 406 782 442 ὄνομα
792 406 839 433 τοῦ
854 406 932 434 Θεοῦ.
951 416 959 432 1

252 505 261 520 ι
279 494 345 521 Μέλι
356 493 452 529 εὑρὼν,
465 493 536 529 φάγε
556 494 585 521 τὺ
605 493 707 528 ἱκανὸν,
734 494 840 530 μήποτε
869 493 998 528 πλησθεὶς

214 540 357 576 ἐξεμέσῃς.
380 539 496 566 Ἑσθίειν
508 539 569 575 μέλι
588 540 655 566 πολὺ
665 540 695 566 οὐ
708 540 800 567 καλόν.

251 640 260 657 ε
278 632 413 667 Κρεῖσσον
430 631 565 666 πλήρωμα
578 631 676 666 δρακὺς
709 631 777 665 μετὰ
805 632 994 663 ἀναπαύσεως,

213 677 281 712 ὑπὲρ
296 676 488 712 πλήρωμαδύο
499 676 606 711 δρακῶν
619 678 648 703 ὲν
662 676 762 712 μόχθῳ,
778 686 786 702 1

248 731 257 746 ι
274 721 334 756 Ζωὴ
346 720 510 756 αὐταρκείας
524 721 640 756 ἐργάτου
650 722 875 757 γλυκανοὴσεται.
895 731 903 746 1

250 817 260 833 ι
281 807 382 839 Ὕπνος
400 807 494 841 ὑγείας
508 807 554 834 ἐπὶ
566 808 666 843 ἐντέρῳ
681 808 792 843 μετρίῳ.
808 818 816 834 1

247 917 255 932 ι
274 907 320 942 Μὴ
335 907 472 942 κτήσησθε
490 906 600 942 χρυσὸν,
617 907 684 943 μηδὲ
696 907 826 943 ἄργυρον,
845 907 911 942 μηδὲ
928 907 990 941 χαλ-

209 952 255 978 κὸν
270 953 309 983 είς
323 952 371 983 τὰς
383 951 470 983 ζώνας
490 952 575 987 ὑμῶν,
594 952 630 987 μὴ
652 953 742 988 πήραν
758 954 797 984 είς
828 953 896 986 ὁδὸν,
924 953 990 988 μηδὲ

207 997 253 1023 δύο
262 998 390 1032 χιτῶνας,
407 997 474 1031 μηδὲ
486 997 655 1033 ὑποδήματα,
674 999 741 1033 μηδὲ
756 999 878 1033 ρἁδους.
899 999 990 1032 ’Ἀξιος

207 1043 260 1078 γὰρ
276 1043 290 1069 ὁ
303 1043 421 1078 ἐργάτης
440 1043 489 1078 τῆς
501 1043 604 1079 τροφῆς
615 1043 697 1070 αὐτοῦ
714 1045 798 1071 ἐστιν.
816 1053 824 1070 1

244 1142 253 1158 ι
273 1133 326 1159 Τοῦ
337 1133 365 1160 δὲ
382 1133 500 1169 πλήθους
513 1134 567 1161 τῶν
578 1134 779 1161 πιστευσάντων
794 1132 828 1171 ἦν
847 1136 863 1170 ἡ
892 1136 989 1171 καρδία

207 1179 253 1206 καὶ
267 1180 284 1214 ἡ
299 1179 372 1214 ψυχὴ
388 1180 437 1214 μία
448 1187 454 1193 ·
470 1180 516 1206 καὶ
532 1179 618 1211 οὐδείς
631 1189 656 1206 τι
673 1179 727 1207 τῶν
747 1181 922 1216 ὑπαρχόντων
934 1181 989 1208 ἕλει

206 1233 253 1259 γεν
272 1225 336 1251 ἴδιον
347 1223 427 1259 εἶναι,
439 1224 496 1252 ἀλλ’
508 1222 541 1260 ἦν
557 1226 648 1257 αὐτοῖς
665 1226 753 1253 πάντα
771 1227 856 1254 κοινά.
872 1236 881 1252 1

243 1326 252 1342 ι
276 1316 419 1352 Ἀργυρίου
438 1316 454 1352 ἢ
467 1317 576 1352 χρυσίου
591 1317 607 1352 ἦ
623 1318 769 1353 ἱματισμοῦ
779 1318 882 1350 οὐδενος
892 1319 985 1345 ἐπεθύ-

207 1369 290 1396 μησα.
304 1362 386 1388 Αὐτοὶ
399 1362 558 1396 γινώσκετε,
577 1363 616 1388 ὅτι
642 1365 700 1393 ταῖς
725 1363 830 1398 χρείαις
851 1372 913 1398 μου,
942 1364 988 1390 καὶ

205 1410 258 1441 τοῖς
277 1407 335 1436 οὖσι
348 1409 405 1444 μετ’
419 1408 486 1444 ἐμοῦ
501 1409 676 1444 ὑπηρέτησαν
688 1410 715 1436 αἱ
730 1411 818 1445 χεῖρες
832 1406 921 1437 αὗται.
941 1420 950 1436 1

242 1507 251 1524 ι
275 1497 345 1531 Ἐγὼ
360 1498 414 1534 γὰρ
430 1497 531 1533 ἔμαθον
545 1497 574 1524 ὲν
589 1496 629 1530 οἷς
649 1498 718 1533 εἰμι,
732 1498 877 1534 αὐτάρκης
906 1496 985 1525 εἶναι.
1001 1521 1022 1551 C

203 1542 268 1569 Οἶδα
281 1543 337 1578 ἐγὼ
357 1545 402 1570 καὶ
414 1543 619 1575 ταπεινοῦσθαι,
635 1541 692 1570 οἴδα
709 1545 756 1571 καὶ
767 1545 940 1580 περισσεύειν
959 1546 987 1571 ἐν

204 1590 294 1621 παντὶ,
311 1589 358 1615 καὶ
383 1590 411 1615 ἐν
439 1590 524 1615 πᾶσι·
552 1588 695 1624 μεμύημαι
727 1589 772 1616 καὶ
797 1589 986 1625 χορτάζεσθαι,

204 1634 251 1660 καὶ
262 1634 366 1668 πεινᾷν,
378 1633 425 1660 καὶ
439 1633 619 1668 περισσεύειν,
635 1634 682 1659 καὶ
696 1634 876 1668 ὑστερεῖσθαι.
895 1634 987 1660 Πάντα

205 1680 289 1715 ἰσχύω
302 1680 330 1706 ἐν
344 1679 383 1714 τῷ
396 1679 588 1714 ἐνδυναμοῦντί
605 1688 638 1714 με
650 1679 769 1715 Χριστῷ.
787 1689 797 1706 1

240 1780 248 1796 ι
277 1771 452 1805 Ἀρκοὺμενοι
467 1769 522 1800 τοῖς
546 1767 680 1803 παροῦσιν
691 1777 698 1784 ·
712 1768 791 1800 αὐτὸς
817 1768 870 1804 γὰρ
889 1767 962 1795 εἶπεν
978 1777 984 1785 ·

201 1817 238 1843 Οὑ
255 1816 291 1851 μή
308 1824 337 1841 σε
352 1815 417 1846 ἀνῶ,
435 1814 488 1840 οὐδ’
504 1813 535 1840 οὐ
553 1814 590 1849 μή
606 1822 635 1839 σε
653 1813 837 1848 ἐγκαταλίπω,
856 1823 865 1839 )

238 1871 247 1887 ι
265 1860 369 1896 Μηκέτι
386 1859 536 1896 ὑδροπότει,
551 1859 608 1885 ἀλλ’
619 1859 683 1894 οἴνῳ
703 1858 785 1894 ὀλίγῳ
796 1859 853 1894 χρῶ
875 1859 918 1886 διὰ
941 1859 984 1886 τὸν

202 1907 334 1942 στὸμαχόν
349 1914 405 1937 σου,
419 1905 465 1933 ut
481 1906 529 1936 τὰς
545 1905 650 1936 πυκνάς
675 1913 721 1931 σου
734 1905 883 1936 ἀσθενείας.
903 1914 912 1929 1

238 2005 246 2021 ι
263 1996 341 2023 Ἔστι
362 1995 495 2031 πορισμὺς
513 1995 599 2031 μέγας
616 1996 632 2031 ἡ
647 1995 772 2022 εὐσέϐεια
794 1995 863 2031 μετὰ
884 1996 985 2032 αὐταρ-

199 2043 286 2073 κείας.
300 2043 382 2069 Οὐδὲν
395 2043 448 2077 γὰρ
459 2043 657 2078 εἰσηνέγκαμεν
669 2043 709 2074 είς
733 2042 779 2068 τὸν
807 2043 919 2078 κόσμον,
937 2043 985 2077 δῆ-

199 2088 242 2114 λον
267 2088 306 2114 ὅτι
335 2087 393 2114 οὑδὲ
423 2087 574 2121 ἐξενεγκεῖν
601 2095 626 2113 τι
653 2087 799 2121 δυνάμεθα.
818 2087 945 2122 Ἔχοντες
956 2087 984 2114 δὲ

198 2133 344 2169 διατροφὰς
374 2133 420 2160 καὶ
450 2133 647 2168 σκεπάσματα,
677 2133 783 2164 τούτοις
807 2133 984 2168 ἁρκεσθησώα

201 2180 281 2215 μεθα.
299 2189 307 2205 1

235 2227 291 2253 Οὐκ
306 2225 420 2261 εὖχομαι
433 2225 566 2256 πλουτεῖν,
582 2224 642 2252 οὔτε
656 2224 768 2260 ἔραμαι,
781 2225 850 2253 ἀλλά
866 2235 914 2261 μοι
939 2226 981 2261 εἴη

199 2272 255 2307 ζωὴ
272 2270 325 2298 ἀπὸ
337 2271 390 2298 τῶν
400 2270 497 2304 ὀλίγων
512 2270 594 2305 μηδὲν
610 2270 697 2304 ἔχοντι
708 2271 824 2297 muco-Nl.

233 2317 360 2353 Μεγάλην
372 2316 417 2352 ἔχε
428 2317 476 2352 τὴν
490 2316 578 2351 ψυχὴν
593 2324 599 2331 '
610 2317 694 2350 τοῖχον,
706 2316 733 2341 δὲ
749 2316 842 2350 μικροὶ
858 2317 904 2343 καὶ
923 2316 983 2350 μεί-

197 2365 258 2396 ζους
273 2364 322 2400 τὴν
331 2363 415 2399 αὐτὴν
429 2363 523 2398 χρείαν
538 2362 710 2398 παρέχονται.

239 2453 270 2479 '[I
283 2452 457 2488 οἰκονομοῦσα
471 2453 500 2479 τὸ
516 2453 583 2484 ζῶον
604 2453 727 2487 δύναμις,
745 2453 909 2488 αὐτάρκειαν
929 2452 980 2488 μὲν

197 2498 243 2524 καὶ
263 2497 386 2532 λιτότητα
406 2497 503 2533 ῥᾳδίως
517 2498 724 2532 κατειργάσατο,
742 2499 788 2524 καὶ
809 2499 929 2534 ῲκείωσε
942 2499 979 2534 τῷ

196 2543 354 2578 τρεφομένῳ
366 2551 373 2557 ί
385 2543 556 2569 πολυτέλειαν
570 2543 598 2570 δὲ
611 2544 657 2570 καὶ
682 2543 816 2570 ποικιλίαν
830 2544 979 2581 βρωμάτων

197 2588 400 2624 παραλαϐοῦσα,
418 2586 477 2614 εἶτα
506 2590 640 2624 ἀντισχεῖν
670 2590 737 2625 illi;
761 2590 790 2616 τὸ
820 2591 906 2626 πέρας
929 2591 978 2618 οὑκ

197 2634 376 2669 ἐξαρκέσασα,
410 2634 456 2660 τὰ¹
485 2635 592 2662 ποικίλα
621 2635 686 2670 γένη
723 2636 776 2662 τῶν
819 2639 978 2673 νοσημάτων

196 2680 332 2716 ἐποίησεν,

1052 225 1197 252 cluliarlnn
1211 227 1377 262 injustarnm
1391 238 1453 258 cum
1468 232 1569 267 iurgio.
1584 241 1592 258 1

1089 271 1171 300 l’rov.
1199 281 1260 306 xxx,
1282 275 1309 302 8.
1325 290 1359 295 -—
1377 285 1386 301 ι
1407 276 1519 305 Divitias
1544 282 1570 305 et
1596 284 1785 314 paupertatem
1799 288 1834 309 ne

1050 317 1160 346 dederis
1191 319 1268 353 mihi,
1284 321 1332 348 sed
1362 323 1503 350 constitue
1519 324 1586 350 mihi
1601 332 1662 359 quae
1677 327 1834 354 necessaria

1049 368 1114 391 sunt
1140 367 1168 391 et
1182 365 1369 400 sufﬁcientia;
1398 376 1432 395 nc
1463 368 1535 396 forte
1565 370 1690 402 satiatus,
1715 373 1833 400 mendax

1050 408 1122 441 (iant,
1149 414 1176 437 et
1193 410 1282 438 dicam
1301 421 1307 438 :
1328 412 1395 444 Quis
1414 421 1456 440 me
1472 413 1567 441 videt?
1581 414 1742 450 Etegestate
1755 424 1832 445 com~

1048 454 1155 488 pulsus,
1174 455 1258 488 furer,
1272 462 1299 484 et
1313 458 1428 492 pejcrem
1441 466 1540 486 nomen
1558 459 1617 487 Dei.
1644 469 1654 485 1

1082 499 1161 527 Prov.
1180 509 1242 533 xxv,
1273 501 1317 533 ili,
1331 502 1376 529 27.
1394 517 1429 522 -
1443 512 1452 528 ι
1474 503 1524 530 Mel
1549 504 1702 539 reperiens,
1720 506 1834 534 comede

1047 550 1181 577 quantum
1210 546 1278 573 satis
1293 550 1353 579 est;
1372 554 1406 574 ne
1425 546 1496 575 forte
1525 549 1655 581 satiatus,
1667 557 1778 577 evomas
1798 551 1832 577 il-

1046 589 1102 616 lud.
1118 588 1266 617 Comedere
1281 592 1395 618 multum
1415 593 1501 620 mellis
1517 601 1569 620 non
1585 598 1626 622 est
1641 595 1753 623 bonum.
1768 605 1778 621 1

1078 634 1163 661 Ecclc.
1174 635 1265 667 Iv,6.—
1280 645 1288 660 ι
1302 635 1568 672 Meliurcstpugillus
1578 647 1649 667 unus
1657 631 1831 676 cumrequie.

1045 688 1126 716 quam
1143 681 1287 716 plcnitude
1302 683 1419 710 duorum
1439 685 1605 719 pugillorurn
1619 694 1682 713 cum
1697 688 1799 715 labore.
1819 698 1828 714 1

1081 726 1164 754 Eccli.
1195 736 1238 759 xi.,
1270 728 1395 756 18.--ι
1416 729 1475 757 Vita
1507 730 1676 759 suﬂicientia:
1710 734 1830 768 operarii

1045 772 1265 800 (-(mdulcabitnr.
1291 782 1298 798 ι
1551 798 1552 802 η

1082 816 1166 844 Ecch'.
1194 826 1270 849 xxxi,
1288 818 1333 845 ‘20.
1349 834 1384 839 —
1400 829 1409 845 ι
1429 819 1548 849 Somnus
1564 822 1690 850 sanitatis
1716 822 1743 850 in
1761 823 1830 851 inte-

1045 862 1117 888 stino
1132 870 1226 896 parco.
1242 872 1251 888 1

1080 906 1176 933 Mali/1.
1191 916 1217 940 x,
1231 908 1257 935 9.
1274 923 1307 928 ——
1325 918 1333 934 ι
1353 908 1443 937 Nolite
1457 911 1606 945 possidere,
1619 919 1707 946 neque
1719 920 1829 946 aurum,

1045 960 1132 986 neque
1144 957 1297 987 argentum,
1319 962 1407 989 neque
1422 955 1567 989 pecuniam
1585 956 1612 982 in
1626 956 1703 984 zonis
1718 958 1828 989 vestris,

1044 1005 1097 1024 non
1129 1005 1220 1032 peram
1252 999 1279 1026 in
1299 1000 1353 1032 via,
1371 1008 1461 1035 neque
1493 1001 1562 1029 duas
1593 1003 1711 1034 tunicas,
1741 1011 1830 1037 neque

1043 1043 1238 1075 calreamenta,
1267 1052 1356 1079 neque
1371 1046 1471 1081 virgas.
1490 1046 1591 1082 Dignus
1619 1051 1661 1075 est
1675 1048 1747 1075 enim
1764 1056 1829 1083 ope-

1045 1088 1137 1115 rarius
1151 1089 1212 1115 cibo
1225 1096 1288 1116 suo.
1309 1099 1318 1115 1

1079 1133 1140 1159 Act.
1157 1141 1193 1165 tv,
1209 1134 1254 1160 52.
1269 1149 1302 1155 —
1323 1144 1332 1160 ι
1348 1134 1532 1163 Multitudinis
1549 1139 1640 1163 autem
1655 1135 1826 1164 credentium

1041 1184 1102 1205 crat
1115 1186 1162 1206 cor
1176 1187 1259 1205 unum
1273 1183 1300 1206 et
1313 1174 1404 1206 anima
1434 1188 1499 1213 una,
1513 1188 1563 1208 nec
1574 1181 1718 1216 quisquam
1731 1190 1826 1209 corum

1041 1232 1103 1258 qua:
1118 1224 1288 1259 possidebat,
1318 1225 1424 1260 aliquid
1448 1234 1529 1254 suum
1544 1234 1606 1255 esse
1625 1227 1733 1256 dicebat
1753 1236 1760 1254 :
1778 1227 1826 1255 sed

1042 1273 1121 1296 erant
1134 1270 1186 1296 illis
1204 1271 1295 1297 omnia
1311 1272 1479 1298 communia.
1497 1281 1505 1298 1

1076 1314 1135 1342 Act.
1148 1323 1193 1347 xx,
1205 1315 1251 1343 55.
1268 1331 1303 1335 —-
1318 1325 1327 1340 ι
1342 1317 1504 1351 Argentum,
1518 1322 1543 1345 et
1559 1326 1669 1349 aurum,
1683 1323 1709 1346 et
1724 1324 1825 1347 vestem

1041 1361 1143 1388 nullius
1155 1361 1308 1396 concupivi.
1327 1361 1379 1396 ipsi
1407 1363 1485 1390 scitis
1501 1364 1629 1398 quoniam
1661 1365 1693 1391 ad
1714 1372 1745 1392 ca
1765 1373 1826 1399 qua:

1041 1407 1105 1433 mihi
1138 1415 1206 1442 opus
1225 1412 1315 1438 erant,
1339 1413 1366 1435 et
1395 1409 1437 1436 his
1456 1417 1561 1436 mecum
1580 1415 1668 1442 erant,
1685 1411 1825 1438 ministra-

1042 1458 1138 1479 \'t.‘l‘lll|l.
1154 1460 1251 1480 manus
1270 1453 1339 1480 istm.
1357 1463 1366 1478 1

1078 1497 1192 1532 Philipp.
1224 1505 1283 1530 un,
1303 1500 1343 1531 n,
1375 1499 1489 1526 12.—i
1512 1500 1565 1535 Ego
1591 1502 1663 1528 enim
1695 1501 1779 1530 didici
1797 1504 1825 1530 in

1039 1545 1138 1578 quibus
1152 1551 1225 1576 sum,
1240 1545 1378 1573 sulliciens
1392 1553 1463 1572 esse.
1483 1545 1546 1573 Scio
1557 1554 1607 1581 ego
1620 1553 1647 1574 et
1658 1548 1795 1575 humiliari
1815 1557 1822 1574 :

1038 1589 1096 1615 St‘io
1124 1588 1308 1616 etabundare
1332 1592 1339 1623 (
1358 1589 1459 1624 ubique
1478 1595 1504 1617 et
1534 1592 1663 1619 omnibus
1679 1593 1823 1621 institutus

1037 1633 1119 1667 sum)
1136 1639 1163 1660 et
1176 1634 1284 1665 satiari,
1301 1638 1326 1661 et
1341 1636 1459 1667 esurire,
1483 1641 1510 1663 cl.
1528 1637 1678 1670 abundare,
1697 1641 1723 1665 et
1736 1647 1822 1674 penu-

1037 1678 1105 1704 riam
1122 1678 1188 1712 pati.
1202 1677 1301 1705 Omnia
1315 1686 1426 1714 possum
1444 1680 1471 1707 in
1488 1688 1522 1709 eo
1539 1681 1587 1716 qui
1607 1689 1648 1710 me
1674 1683 1821 1715 confortat,

1036 1723 1155 1750 Christo.
1174 1733 1183 1750 1

1074 1770 1152 1797 Ilebr.
1178 1778 1237 1802 xm,
1254 1771 1280 1798 5.
1297 1787 1330 1793 ——
1348 1781 1357 1797 ι
1390 1772 1518 1800 Contenti
1544 1774 1736 1808 prmscntibus.
1762 1775 1822 1811 Ipse

1036 1816 1107 1843 enim
1124 1816 1211 1843 dixit:
1230 1816 1289 1843 Non
1301 1821 1327 1845 le
1341 1817 1477 1849 deseram,
1490 1825 1539 1846 nec
1553 1822 1579 1846 te
1591 1819 1780 1854 derelinquam
1794 1831 1818 1847 ,1

1073 1860 1088 1887 Ι
1109 1861 1176 1889 Tim.
1193 1870 1218 1896 ν,
1235 1861 1280 1890 25.
1296 1877 1331 1884 ——
1348 1872 1356 1889 ι
1371 1862 1432 1890 Noli
1451 1871 1549 1899 aquam
1577 1864 1682 1896 bibere,
1700 1864 1747 1892 sed
1762 1873 1821 1893 Ino--

1036 1907 1097 1933 dico
1108 1907 1173 1934 vino
1187 1912 1263 1936 utere
1286 1913 1396 1944 propter
1411 1910 1595 1942 stomachum,
1623 1913 1650 1938 et
1660 1909 1821 1946 frequentes

1036 1955 1098 1979 tuas
1119 1952 1316 1980 inﬁrmitates.)

1071 1997 1082 2023 1
1099 1997 1168 2023 Tim.
1186 2005 1221 2029 vi,
1234 1998 1261 2023 ti.
1279 2012 1313 2016 —
1330 2005 1340 2022 ι
1363 1997 1413 2024 Est
1425 2000 1515 2024 autem
1539 2004 1656 2032 magnus
1685 2003 1820 2034 qumstus,

1036 2043 1122 2078 pietas
1129 2050 1191 2070 cuni
1203 2042 1374 2070 sufﬁcientia.
1382 2042 1455 2069 Nihil
1468 2043 1609 2071 intulimus
1622 2044 1648 2071 in
1665 2045 1795 2072 mundum
1812 2055 1821 2078 ;

1035 2088 1106 2116 haud
1125 2088 1237 2115 dubium
1258 2087 1331 2123 quod
1366 2095 1417 2115 nec
1443 2089 1550 2116 auferre
1575 2089 1639 2123 quid
1660 2097 1820 2124 possumus.

1021 2134 1174 2174 _Habentes
1201 2134 1284 2169 igitur
1298 2133 1428 2161 alimenta
1444 2137 1471 2162 et
1495 2134 1669 2167 vestimenta,
1689 2135 1731 2163 his
1750 2143 1817 2163 cort-

1035 2181 1103 2207 tcnti
1120 2180 1216 2208 simus.
1235 2189 1244 2206 1

1069 2225 1155 2252 Βαεὶί.
1173 2225 1274 2252 -Νοιι
1289 2232 1353 2261 opto
1369 2226 1445 2253 dives
1460 2224 1530 2258 fieri,
1546 2233 1598 2252 nec
1612 2224 1820 2259 desidero,’scd

1035 2278 1120 2306 parvo
1131 2271 1231 2301 vivere.
1252 2272 1322 2299 nihil
1333 2272 1397 2298 mali
1414 2271 1548 2298 tolerans.

1070 2315 1166 2352 Ejmd.
1201 2317 1282 2345 Orat.
1301 2317 1344 2345 ad.
1362 2318 1437 2346 diuit.
1451 2333 1485 2337 —
1500 2316 1553 2344 Fac
1573 2325 1701 2353 magnum
1717 2317 1822 2345 habeas

1035 2364 1166 2390 animum.
1194 2362 1316 2390 Parietes
1344 2369 1434 2392 autem
1449 2371 1498 2392 seu
1525 2363 1613 2399 parvi,
1641 2372 1688 2392 seu
1717 2366 1821 2401 magni,

1034 2408 1160 2436 eumdem
1175 2408 1276 2435 habent
1290 2416 1380 2436 usum.

1068 2452 1148 2488 365
1173 2452 1270 2486 Ejusd.
1291 2454 1385 2481 oraLi
1408 2453 1447 2481 De
1463 2454 1575 2487 jeium‘o.
1591 2468 1626 2475 —
1640 2453 1689 2482 Vis
1712 2462 1744 2482 ea
1765 2463 1818 2490 qua

1032 2498 1180 2526 animantis
1194 2499 1248 2526 vita
1263 2498 1449 2534 dispensatur,
1468 2500 1638 2527 moderatum
1658 2504 1685 2527 et
1705 2508 1818 2535 parcum

1032 2543 1124 2571 cibum
1141 2543 1221 2570 facile
1244 2543 1364 2576 coniicit,
1381 2547 1408 2571 et
1433 2543 1461 2570 in
1476 2543 1537 2578 ejus
1551 2543 1624 2578 quod
1638 2543 1731 2575 alitur,
1753 2543 1818 2570 sub.

1031 2590 1160 2618 stantiam
1177 2590 1268 2617 vertit.
1287 2589 1339 2617 Ubi
1359 2593 1449 2617 autem
1473 2589 1614 2624 profusam
1634 2593 1662 2616 et
1688 2589 1818 2623 multipli-

1033 2644 1091 2664 cem
1104 2635 1227 2663 ciborum
1244 2636 1352 2672 copiam
1372 2636 1489 2670 accepit,
1508 2643 1568 2663 cum
1592 2634 1709 2662 subinde
1731 2634 1817 2661 imbe-

1032 2682 1121 2709 cillior
1138 2682 1174 2709 sit
1189 2689 1270 2716 quam
1296 2685 1325 2708 ut
1344 2689 1404 2708 eam
1435 2681 1514 2716 plene
1528 2687 1700 2715 concoquere
1717 2679 1816 2710 valeat,

1030 2727 1105 2754 varia
1120 2727 1276 2754 morborum
1292 2734 1390 2762 genera
1405 2730 1537 2762 procreat.

829 2770 942 2798 VARle
964 2774 977 2799 l
986 2772 1161 2799 ICIZTIONES.

229 2820 245 2839 ιτ
263 2813 357 2843 Βίὶίίιιε
371 2815 416 2851 hic
432 2822 527 2851 versus
544 2814 642 2851 dunsa
662 2814 762 2851 Sinope
776 2819 905 2848 acceptos
917 2816 984 2843 dicit
999 2826 1005 2848 ;
1029 2817 1054 2843 in
1077 2817 1146 2851 Rup.
1164 2826 1227 2844 ιντο
1239 2818 1380 2850 inscriplin
1398 2817 1539 2850 fragmenti
1562 2817 1616 2843 ha‘c
1633 2821 1675 2843 est
1692 2826 1697 2843 :
1717 2817 1810 2844 Βασιλι

195 2850 230 2881 ιέί
244 2850 296 2878 ἀπὸ
309 2849 447 2884 Θεόγνιδος
462 2857 468 2864 ·
483 2849 570 2876 Βαείί.
589 2849 654 2876 ιιι-[ιιι
669 2857 700 2876 rx
723 2849 868 2883 'l'lreuguidc
879 2859 888 2877 :
902 2856 927 2878 ct
945 2860 987 2878 tce

1041 2849 1154 2885 pridem.
1174 2853 1238 2879 Vide
1256 2849 1356 2880 Honiil.
1376 2853 1411 2880 De
1426 2852 1526 2888 legend.
1547 2851 1637 2886 gentil.
1655 2851 1701 2878 lib.
