  <div class='ocr_page' id='page_1' title='image "/cluster/home/n/w/nwhite01/storage/ocr_20150623/95/njp.32101077772844/619.png"; bbox 0 0 2074 3115; ppageno 0'>
   <div class='ocr_carea' id='block_1_1' title="bbox 270 117 338 150">
    <p class='ocr_par' dir='ltr' id='par_1_1' title="bbox 270 117 338 150">
     <span class='ocr_line' id='line_1_1' title="bbox 270 117 338 150; baseline -0.015 0"><span class='ocrx_word' id='word_1_1' title='bbox 270 117 338 150; x_wconf 63' lang='grc'><strong>12123</strong></span> 
     </span>
    </p>
   </div>
   <div class='ocr_carea' id='block_1_2' title="bbox 854 110 1301 142">
    <p class='ocr_par' dir='ltr' id='par_1_2' title="bbox 854 110 1301 142">
     <span class='ocr_line' id='line_1_2' title="bbox 854 110 1301 142; baseline 0.004 -2"><span class='ocrx_word' id='word_1_2' title='bbox 854 111 884 140; x_wconf 82' lang='grc'><strong>5.</strong></span> <span class='ocrx_word' id='word_1_3' title='bbox 904 110 1063 141; x_wconf 79' lang='lat' dir='ltr'><strong>JOANNIS</strong></span> <span class='ocrx_word' id='word_1_4' title='bbox 1084 110 1301 142; x_wconf 64' lang='lat' dir='ltr'><strong>DAMASCENI</strong></span> 
     </span>
    </p>
   </div>
   <div class='ocr_carea' id='block_1_3' title="bbox 1829 114 1896 146">
    <p class='ocr_par' dir='ltr' id='par_1_3' title="bbox 1829 114 1896 146">
     <span class='ocr_line' id='line_1_3' title="bbox 1829 114 1896 146; baseline 0 0"><span class='ocrx_word' id='word_1_5' title='bbox 1829 114 1896 146; x_wconf 66' lang='grc'><strong>1221</strong></span> 
     </span>
    </p>
   </div>
   <div class='ocr_carea' id='block_1_4' title="bbox 301 168 1059 208">
    <p class='ocr_par' dir='ltr' id='par_1_4' title="bbox 301 168 1056 203">
     <span class='ocr_line' id='line_1_4' title="bbox 301 168 1056 203; baseline -0.013 1"><span class='ocrx_word' id='word_1_6' title='bbox 301 176 344 203; x_wconf 69' lang='lat' dir='ltr'><strong>E1</strong></span> <span class='ocrx_word' id='word_1_7' title='bbox 358 181 453 203; x_wconf 84' lang='lat' dir='ltr'><strong>canon.</strong></span> <span class='ocrx_word' id='word_1_8' title='bbox 469 172 561 200; x_wconf 73' lang='lat' dir='ltr'><strong>Const.</strong></span> <span class='ocrx_word' id='word_1_9' title='bbox 576 186 609 192; x_wconf 93' lang='lat'><strong><em>—</em></strong></span> <span class='ocrx_word' id='word_1_10' title='bbox 621 170 733 198; x_wconf 82' lang='lat' dir='ltr'><strong>Abusus</strong></span> <span class='ocrx_word' id='word_1_11' title='bbox 748 173 792 198; x_wconf 87' lang='lat' dir='ltr'><strong>est</strong></span> <span class='ocrx_word' id='word_1_12' title='bbox 821 168 894 196; x_wconf 76' lang='lat' dir='ltr'><strong>facta</strong></span> <span class='ocrx_word' id='word_1_13' title='bbox 916 168 988 195; x_wconf 86' lang='lat' dir='ltr'><strong>ultra</strong></span> <span class='ocrx_word' id='word_1_14' title='bbox 1009 175 1056 195; x_wconf 87' lang='lat' dir='ltr'><strong>ne-</strong></span> 
     </span>
    </p>
   </div>
   <div class='ocr_carea' id='block_1_5' title="bbox 1108 168 1897 208">
    <p class='ocr_par' dir='ltr' id='par_1_5' title="bbox 1145 170 1897 208">
     <span class='ocr_line' id='line_1_5' title="bbox 1145 170 1897 208; baseline 0.004 -11"><span class='ocrx_word' id='word_1_15' title='bbox 1145 170 1323 206; x_wconf 85' lang='grc' dir='ltr'>Παράχρησίς</span> <span class='ocrx_word' id='word_1_16' title='bbox 1348 171 1422 199; x_wconf 69' lang='grc' dir='ltr'>ἑστιν</span> <span class='ocrx_word' id='word_1_17' title='bbox 1438 172 1455 207; x_wconf 85' lang='grc' dir='ltr'><strong>ἡ</strong></span> <span class='ocrx_word' id='word_1_18' title='bbox 1474 171 1543 207; x_wconf 82' lang='grc' dir='ltr'><strong>ὑπὲρ</strong></span> <span class='ocrx_word' id='word_1_19' title='bbox 1573 171 1623 207; x_wconf 79' lang='grc' dir='ltr'>τὴν</span> <span class='ocrx_word' id='word_1_20' title='bbox 1653 171 1747 208; x_wconf 80' lang='grc' dir='ltr'><strong>χρείαν</strong></span> <span class='ocrx_word' id='word_1_21' title='bbox 1777 172 1897 208; x_wconf 78' lang='grc' dir='ltr'><strong>δαπάνη.</strong></span> 
     </span>
    </p>
   </div>
   <div class='ocr_carea' id='block_1_6' title="bbox 267 214 1056 254">
    <p class='ocr_par' dir='ltr' id='par_1_6' title="bbox 267 214 1056 254">
     <span class='ocr_line' id='line_1_6' title="bbox 267 214 1056 254; baseline -0.014 -3"><span class='ocrx_word' id='word_1_22' title='bbox 267 223 424 251; x_wconf 84' lang='lat' dir='ltr'><strong>cessitatem</strong></span> <span class='ocrx_word' id='word_1_23' title='bbox 443 221 578 254; x_wconf 87' lang='lat' dir='ltr'><strong>impensa.</strong></span> <span class='ocrx_word' id='word_1_24' title='bbox 605 216 644 244; x_wconf 87' lang='lat' dir='ltr'><strong>Eo</strong></span> <span class='ocrx_word' id='word_1_25' title='bbox 668 216 784 244; x_wconf 89' lang='lat' dir='ltr'><strong>vestium</strong></span> <span class='ocrx_word' id='word_1_26' title='bbox 815 223 883 242; x_wconf 88' lang='lat' dir='ltr'><strong>usus</strong></span> <span class='ocrx_word' id='word_1_27' title='bbox 910 214 1009 247; x_wconf 86' lang='lat' dir='ltr'><strong>tendit,</strong></span> <span class='ocrx_word' id='word_1_28' title='bbox 1025 218 1056 240; x_wconf 86' lang='lat' dir='ltr'><strong>ut</strong></span> 
     </span>
    </p>
   </div>
   <div class='ocr_carea' id='block_1_7' title="bbox 268 258 1056 301">
    <p class='ocr_par' dir='ltr' id='par_1_7' title="bbox 268 258 1056 301">
     <span class='ocr_line' id='line_1_7' title="bbox 268 258 1056 301; baseline -0.014 -5"><span class='ocrx_word' id='word_1_29' title='bbox 268 274 378 296; x_wconf 86' lang='lat' dir='ltr'><strong>carnem</strong></span> <span class='ocrx_word' id='word_1_30' title='bbox 390 268 523 301; x_wconf 81' lang='lat' dir='ltr'><strong>quantum</strong></span> <span class='ocrx_word' id='word_1_31' title='bbox 539 263 573 290; x_wconf 87' lang='lat' dir='ltr'><strong>ad</strong></span> <span class='ocrx_word' id='word_1_32' title='bbox 593 261 738 296; x_wconf 74' lang='lat' dir='ltr'><strong>frigoriset</strong></span> <span class='ocrx_word' id='word_1_33' title='bbox 751 264 835 288; x_wconf 85' lang='lat' dir='ltr'><strong>aestus</strong></span> <span class='ocrx_word' id='word_1_34' title='bbox 846 259 962 295; x_wconf 73' lang='lat' dir='ltr'><strong>injurias</strong></span> <span class='ocrx_word' id='word_1_35' title='bbox 989 258 1056 286; x_wconf 87' lang='lat' dir='ltr'><strong>satis</strong></span> 
     </span>
    </p>
   </div>
   <div class='ocr_carea' id='block_1_8' title="bbox 268 304 1057 348">
    <p class='ocr_par' dir='ltr' id='par_1_8' title="bbox 268 304 1057 348">
     <span class='ocr_line' id='line_1_8' title="bbox 268 304 1057 348; baseline -0.013 -6"><span class='ocrx_word' id='word_1_36' title='bbox 268 315 315 348; x_wconf 89' lang='lat' dir='ltr'><strong>sit,</strong></span> <span class='ocrx_word' id='word_1_37' title='bbox 333 313 504 346; x_wconf 71' lang='lat' dir='ltr'><strong>obtegamus.</strong></span> <span class='ocrx_word' id='word_1_38' title='bbox 533 308 614 336; x_wconf 84' lang='lat' dir='ltr'><strong>Hunc</strong></span> <span class='ocrx_word' id='word_1_39' title='bbox 636 315 701 335; x_wconf 84' lang='lat' dir='ltr'><strong>vero</strong></span> <span class='ocrx_word' id='word_1_40' title='bbox 727 310 863 340; x_wconf 73' lang='lat' dir='ltr'><strong>susceptae</strong></span> <span class='ocrx_word' id='word_1_41' title='bbox 886 304 1057 340; x_wconf 75' lang='lat' dir='ltr'><strong>paupertatis</strong></span> 
     </span>
    </p>
   </div>
   <div class='ocr_carea' id='block_1_9' title="bbox 269 350 1057 389">
    <p class='ocr_par' dir='ltr' id='par_1_9' title="bbox 269 350 1057 389">
     <span class='ocr_line' id='line_1_9' title="bbox 269 350 1057 389; baseline -0.013 -2"><span class='ocrx_word' id='word_1_42' title='bbox 269 359 380 387; x_wconf 89' lang='lat' dir='ltr'><strong>modum</strong></span> <span class='ocrx_word' id='word_1_43' title='bbox 398 357 529 384; x_wconf 88' lang='lat' dir='ltr'><strong>Dominus</strong></span> <span class='ocrx_word' id='word_1_44' title='bbox 549 353 729 389; x_wconf 68' lang='lat' dir='ltr'><strong>praescripsit,</strong></span> <span class='ocrx_word' id='word_1_45' title='bbox 756 357 785 379; x_wconf 92' lang='lat' dir='ltr'><strong>ut</strong></span> <span class='ocrx_word' id='word_1_46' title='bbox 806 351 839 379; x_wconf 91' lang='lat' dir='ltr'><strong>ad</strong></span> <span class='ocrx_word' id='word_1_47' title='bbox 857 351 965 378; x_wconf 88' lang='lat' dir='ltr'><strong>unicam</strong></span> <span class='ocrx_word' id='word_1_48' title='bbox 982 350 1057 378; x_wconf 90' lang='lat' dir='ltr'><strong>tuni-</strong></span> 
     </span>
    </p>
   </div>
   <div class='ocr_carea' id='block_1_10' title="bbox 269 400 856 437">
    <p class='ocr_par' dir='ltr' id='par_1_10' title="bbox 269 400 856 437">
     <span class='ocr_line' id='line_1_10' title="bbox 269 400 856 437; baseline -0.014 -4"><span class='ocrx_word' id='word_1_49' title='bbox 269 413 328 433; x_wconf 91' lang='lat' dir='ltr'><strong>cam</strong></span> <span class='ocrx_word' id='word_1_50' title='bbox 342 411 439 432; x_wconf 89' lang='lat' dir='ltr'><strong>omnes</strong></span> <span class='ocrx_word' id='word_1_51' title='bbox 455 403 590 437; x_wconf 78' lang='lat' dir='ltr'><strong>cujusque</strong></span> <span class='ocrx_word' id='word_1_52' title='bbox 603 408 669 436; x_wconf 87' lang='lat' dir='ltr'><strong>opes</strong></span> <span class='ocrx_word' id='word_1_53' title='bbox 685 400 856 434; x_wconf 73' lang='lat' dir='ltr'><strong>redigantur.</strong></span> 
     </span>
    </p>
   </div>
   <div class='ocr_carea' id='block_1_11' title="bbox 304 442 1058 479">
    <p class='ocr_par' dir='ltr' id='par_1_11' title="bbox 304 442 1058 479">
     <span class='ocr_line' id='line_1_11' title="bbox 304 442 1058 479; baseline -0.013 0"><span class='ocrx_word' id='word_1_54' title='bbox 304 451 376 479; x_wconf 64' lang='lat' dir='ltr'><strong>Nux.</strong></span> <span class='ocrx_word' id='word_1_55' title='bbox 398 451 476 478; x_wconf 77' lang='lat' dir='ltr'><strong>Orat.</strong></span> <span class='ocrx_word' id='word_1_56' title='bbox 490 449 550 476; x_wconf 83' lang='lat' dir='ltr'><strong>adv.</strong></span> <span class='ocrx_word' id='word_1_57' title='bbox 567 446 662 474; x_wconf 81' lang='lat' dir='ltr'><strong>Arion.</strong></span> <span class='ocrx_word' id='word_1_58' title='bbox 686 460 721 465; x_wconf 89' lang='lat'><strong>—-</strong></span> <span class='ocrx_word' id='word_1_59' title='bbox 747 444 820 471; x_wconf 85' lang='lat' dir='ltr'><strong>Nihil</strong></span> <span class='ocrx_word' id='word_1_60' title='bbox 845 451 878 471; x_wconf 78' lang='lat' dir='ltr'><strong>ex</strong></span> <span class='ocrx_word' id='word_1_61' title='bbox 901 443 956 470; x_wconf 83' lang='lat' dir='ltr'><strong>illis</strong></span> <span class='ocrx_word' id='word_1_62' title='bbox 977 442 1058 470; x_wconf 84' lang='lat' dir='ltr'><strong>rebus</strong></span> 
     </span>
    </p>
   </div>
   <div class='ocr_carea' id='block_1_12' title="bbox 268 489 1058 533">
    <p class='ocr_par' dir='ltr' id='par_1_12' title="bbox 268 489 1058 533">
     <span class='ocr_line' id='line_1_12' title="bbox 268 489 1058 533; baseline -0.015 -5"><span class='ocrx_word' id='word_1_63' title='bbox 268 492 422 531; x_wconf 69' lang='lat' dir='ltr'><strong>laudamus,</strong></span> <span class='ocrx_word' id='word_1_64' title='bbox 438 505 498 533; x_wconf 69' lang='lat' dir='ltr'><strong>quae</strong></span> <span class='ocrx_word' id='word_1_65' title='bbox 513 499 658 531; x_wconf 81' lang='lat' dir='ltr'><strong>postquam</strong></span> <span class='ocrx_word' id='word_1_66' title='bbox 669 494 696 521; x_wconf 94' lang='lat' dir='ltr'><strong>in</strong></span> <span class='ocrx_word' id='word_1_67' title='bbox 708 493 803 520; x_wconf 83' lang='lat' dir='ltr'><strong>fauces</strong></span> <span class='ocrx_word' id='word_1_68' title='bbox 818 491 988 519; x_wconf 64' lang='lat' dir='ltr'><strong>transmissae.</strong></span> <span class='ocrx_word' id='word_1_69' title='bbox 1001 489 1058 517; x_wconf 81' lang='lat' dir='ltr'><strong>fue-</strong></span> 
     </span>
    </p>
   </div>
   <div class='ocr_carea' id='block_1_13' title="bbox 268 535 1059 580">
    <p class='ocr_par' dir='ltr' id='par_1_13' title="bbox 268 535 1059 580">
     <span class='ocr_line' id='line_1_13' title="bbox 268 535 1059 580; baseline -0.016 -6"><span class='ocrx_word' id='word_1_70' title='bbox 268 550 344 578; x_wconf 84' lang='lat' dir='ltr'><strong>runt,</strong></span> <span class='ocrx_word' id='word_1_71' title='bbox 360 545 419 580; x_wconf 83' lang='lat' dir='ltr'><strong>pari</strong></span> <span class='ocrx_word' id='word_1_72' title='bbox 438 543 568 577; x_wconf 84' lang='lat' dir='ltr'><strong>deinceps</strong></span> <span class='ocrx_word' id='word_1_73' title='bbox 583 541 688 568; x_wconf 86' lang='lat' dir='ltr'><strong>honore</strong></span> <span class='ocrx_word' id='word_1_74' title='bbox 711 542 787 571; x_wconf 89' lang='lat' dir='ltr'><strong>sunt,</strong></span> <span class='ocrx_word' id='word_1_75' title='bbox 809 538 863 565; x_wconf 91' lang='lat' dir='ltr'><strong>imo</strong></span> <span class='ocrx_word' id='word_1_76' title='bbox 883 536 975 571; x_wconf 88' lang='lat' dir='ltr'><strong>potius</strong></span> <span class='ocrx_word' id='word_1_77' title='bbox 990 535 1059 562; x_wconf 77' lang='lat' dir='ltr'><strong>viles</strong></span> 
     </span>
    </p>
   </div>
   <div class='ocr_carea' id='block_1_14' title="bbox 268 585 1059 627">
    <p class='ocr_par' dir='ltr' id='par_1_14' title="bbox 268 585 1059 627">
     <span class='ocr_line' id='line_1_14' title="bbox 268 585 1059 627; baseline -0.015 -7"><span class='ocrx_word' id='word_1_78' title='bbox 268 599 296 620; x_wconf 88' lang='lat' dir='ltr'><strong>et</strong></span> <span class='ocrx_word' id='word_1_79' title='bbox 311 591 465 627; x_wconf 72' lang='lat' dir='ltr'><strong>ejiciendae.</strong></span> <span class='ocrx_word' id='word_1_80' title='bbox 485 589 587 617; x_wconf 80' lang='lat' dir='ltr'><strong>Verum</strong></span> <span class='ocrx_word' id='word_1_81' title='bbox 615 586 779 622; x_wconf 83' lang='lat' dir='ltr'><strong>simpliciter</strong></span> <span class='ocrx_word' id='word_1_82' title='bbox 808 585 876 612; x_wconf 89' lang='lat' dir='ltr'><strong>adeo</strong></span> <span class='ocrx_word' id='word_1_83' title='bbox 896 586 924 611; x_wconf 87' lang='lat' dir='ltr'><strong>et</strong></span> <span class='ocrx_word' id='word_1_84' title='bbox 940 590 972 610; x_wconf 78' lang='lat' dir='ltr'><strong>ex</strong></span> <span class='ocrx_word' id='word_1_85' title='bbox 991 586 1059 609; x_wconf 90' lang='lat' dir='ltr'><strong>tem-</strong></span> 
     </span>
    </p>
   </div>
   <div class='ocr_carea' id='block_1_15' title="bbox 268 628 1060 674">
    <p class='ocr_par' dir='ltr' id='par_1_15' title="bbox 268 628 1060 674">
     <span class='ocr_line' id='line_1_15' title="bbox 268 628 1060 674; baseline -0.015 -8"><span class='ocrx_word' id='word_1_86' title='bbox 268 646 335 674; x_wconf 89' lang='lat' dir='ltr'><strong>pore</strong></span> <span class='ocrx_word' id='word_1_87' title='bbox 350 637 478 668; x_wconf 84' lang='lat' dir='ltr'><strong>vivimus,</strong></span> <span class='ocrx_word' id='word_1_88' title='bbox 493 640 521 662; x_wconf 89' lang='lat' dir='ltr'><strong>ut</strong></span> <span class='ocrx_word' id='word_1_89' title='bbox 537 640 635 669; x_wconf 86' lang='lat' dir='ltr'><strong>parum</strong></span> <span class='ocrx_word' id='word_1_90' title='bbox 649 633 721 659; x_wconf 91' lang='lat' dir='ltr'><strong>inter</strong></span> <span class='ocrx_word' id='word_1_91' title='bbox 737 638 789 658; x_wconf 90' lang='lat' dir='ltr'><strong>nos</strong></span> <span class='ocrx_word' id='word_1_92' title='bbox 809 634 835 657; x_wconf 88' lang='lat' dir='ltr'><strong>et</strong></span> <span class='ocrx_word' id='word_1_93' title='bbox 854 628 957 657; x_wconf 81' lang='lat' dir='ltr'><strong>bestias</strong></span> <span class='ocrx_word' id='word_1_94' title='bbox 974 628 1060 655; x_wconf 90' lang='lat' dir='ltr'><strong>inter-</strong></span> 
     </span>
    </p>
   </div>
   <div class='ocr_carea' id='block_1_16' title="bbox 269 673 1059 718">
    <p class='ocr_par' dir='ltr' id='par_1_16' title="bbox 269 673 1059 718">
     <span class='ocr_line' id='line_1_16' title="bbox 269 673 1059 718; baseline -0.014 -8"><span class='ocrx_word' id='word_1_95' title='bbox 269 673 315 716; x_wconf 81' lang='lat' dir='ltr'><strong>sit,</strong></span> <span class='ocrx_word' id='word_1_96' title='bbox 332 682 432 718; x_wconf 87' lang='lat' dir='ltr'><strong>quibus</strong></span> <span class='ocrx_word' id='word_1_97' title='bbox 450 680 527 708; x_wconf 90' lang='lat' dir='ltr'><strong>nullo</strong></span> <span class='ocrx_word' id='word_1_98' title='bbox 544 678 636 710; x_wconf 89' lang='lat' dir='ltr'><strong>modo,</strong></span> <span class='ocrx_word' id='word_1_99' title='bbox 653 676 764 705; x_wconf 85' lang='lat' dir='ltr'><strong>nullavc</strong></span> <span class='ocrx_word' id='word_1_100' title='bbox 776 679 834 703; x_wconf 90' lang='lat' dir='ltr'><strong>arte</strong></span> <span class='ocrx_word' id='word_1_101' title='bbox 846 678 957 709; x_wconf 86' lang='lat' dir='ltr'><strong>paratus</strong></span> <span class='ocrx_word' id='word_1_102' title='bbox 970 673 1059 700; x_wconf 86' lang='lat' dir='ltr'><strong>victus</strong></span> 
     </span>
    </p>
   </div>
   <div class='ocr_carea' id='block_1_17' title="bbox 268 731 322 757">
    <p class='ocr_par' dir='ltr' id='par_1_17' title="bbox 268 731 322 757">
     <span class='ocr_line' id='line_1_17' title="bbox 268 731 322 757; baseline -0.019 -1"><span class='ocrx_word' id='word_1_103' title='bbox 268 731 322 757; x_wconf 89' lang='lat' dir='ltr'><strong>est.</strong></span> 
     </span>
    </p>
   </div>
   <div class='ocr_carea' id='block_1_18' title="bbox 572 768 750 796">
    <p class='ocr_par' dir='ltr' id='par_1_18' title="bbox 572 768 750 796">
     <span class='ocr_line' id='line_1_18' title="bbox 572 768 750 796; baseline -0.011 0"><span class='ocrx_word' id='word_1_104' title='bbox 572 768 614 796; x_wconf 75' lang='lat' dir='ltr'><strong>Ea;</strong></span> <span class='ocrx_word' id='word_1_105' title='bbox 637 772 750 795; x_wconf 71' lang='lat' dir='ltr'><strong>sentem.</strong></span> 
     </span>
    </p>
   </div>
   <div class='ocr_carea' id='block_1_19' title="bbox 303 811 974 852">
    <p class='ocr_par' dir='ltr' id='par_1_19' title="bbox 303 811 974 852">
     <span class='ocr_line' id='line_1_19' title="bbox 303 811 974 852; baseline -0.009 -6"><span class='ocrx_word' id='word_1_106' title='bbox 303 820 421 847; x_wconf 75' lang='lat' dir='ltr'><strong>Honesta</strong></span> <span class='ocrx_word' id='word_1_107' title='bbox 433 821 574 852; x_wconf 79' lang='lat' dir='ltr'><strong>paupertas</strong></span> <span class='ocrx_word' id='word_1_108' title='bbox 587 814 707 852; x_wconf 55' lang='lat' dir='ltr'><strong>omnibus</strong></span> <span class='ocrx_word' id='word_1_109' title='bbox 723 813 820 852; x_wconf 58' lang='lat' dir='ltr'><strong>opibus</strong></span> <span class='ocrx_word' id='word_1_110' title='bbox 831 811 974 840; x_wconf 74' lang='lat' dir='ltr'><strong>antecellit.</strong></span> 
     </span>
    </p>
   </div>
   <div class='ocr_carea' id='block_1_20' title="bbox 304 848 929 887">
    <p class='ocr_par' dir='ltr' id='par_1_20' title="bbox 304 848 929 887">
     <span class='ocr_line' id='line_1_20' title="bbox 304 848 929 887; baseline -0.011 -6"><span class='ocrx_word' id='word_1_111' title='bbox 304 853 389 881; x_wconf 81' lang='lat' dir='ltr'><strong>Graue</strong></span> <span class='ocrx_word' id='word_1_112' title='bbox 400 848 439 880; x_wconf 71' lang='lat' dir='ltr'><strong>est</strong></span> <span class='ocrx_word' id='word_1_113' title='bbox 449 848 522 887; x_wconf 76' lang='lat' dir='ltr'><strong>egere</strong></span> <span class='ocrx_word' id='word_1_114' title='bbox 534 858 543 877; x_wconf 92' lang='lat'><strong><em>:</em></strong></span> <span class='ocrx_word' id='word_1_115' title='bbox 556 855 582 877; x_wconf 86' lang='lat' dir='ltr'><strong>at</strong></span> <span class='ocrx_word' id='word_1_116' title='bbox 594 850 700 885; x_wconf 77' lang='lat' dir='ltr'><strong>gravius</strong></span> <span class='ocrx_word' id='word_1_117' title='bbox 714 849 784 875; x_wconf 90' lang='lat' dir='ltr'><strong>male</strong></span> <span class='ocrx_word' id='word_1_118' title='bbox 794 848 929 875; x_wconf 76' lang='lat' dir='ltr'><strong>ditescere.</strong></span> 
     </span>
    </p>
   </div>
   <div class='ocr_carea' id='block_1_21' title="bbox 302 903 1058 945">
    <p class='ocr_par' dir='ltr' id='par_1_21' title="bbox 302 903 1058 945">
     <span class='ocr_line' id='line_1_21' title="bbox 302 903 1058 945; baseline -0.011 -8"><span class='ocrx_word' id='word_1_119' title='bbox 302 911 383 945; x_wconf 68' lang='lat' dir='ltr'><strong>Nysa.</strong></span> <span class='ocrx_word' id='word_1_120' title='bbox 401 917 478 936; x_wconf 63' lang='lat' dir='ltr'><strong>term.</strong></span> <span class='ocrx_word' id='word_1_121' title='bbox 496 908 513 935; x_wconf 80' lang='lat'><strong>5</strong></span> <span class='ocrx_word' id='word_1_122' title='bbox 527 908 553 934; x_wconf 81' lang='lat' dir='ltr'><strong>in</strong></span> <span class='ocrx_word' id='word_1_123' title='bbox 572 907 649 934; x_wconf 80' lang='lat' dir='ltr'><strong>Orat.</strong></span> <span class='ocrx_word' id='word_1_124' title='bbox 669 905 744 933; x_wconf 87' lang='lat' dir='ltr'><strong>Dom.</strong></span> <span class='ocrx_word' id='word_1_125' title='bbox 759 919 795 924; x_wconf 84' lang='lat'><strong>-</strong></span> <span class='ocrx_word' id='word_1_126' title='bbox 810 903 986 932; x_wconf 88' lang='lat' dir='ltr'><strong>Condimenti</strong></span> <span class='ocrx_word' id='word_1_127' title='bbox 998 903 1058 930; x_wconf 91' lang='lat' dir='ltr'><strong>loco</strong></span> 
     </span>
    </p>
   </div>
   <div class='ocr_carea' id='block_1_22' title="bbox 268 950 1059 986">
    <p class='ocr_par' dir='ltr' id='par_1_22' title="bbox 268 950 1059 986">
     <span class='ocr_line' id='line_1_22' title="bbox 268 950 1059 986; baseline -0.01 -2"><span class='ocrx_word' id='word_1_128' title='bbox 268 955 317 986; x_wconf 88' lang='lat' dir='ltr'><strong>tibi</strong></span> <span class='ocrx_word' id='word_1_129' title='bbox 331 956 367 983; x_wconf 85' lang='lat' dir='ltr'><strong>sit</strong></span> <span class='ocrx_word' id='word_1_130' title='bbox 383 955 501 984; x_wconf 87' lang='lat' dir='ltr'><strong>esuries,</strong></span> <span class='ocrx_word' id='word_1_131' title='bbox 529 957 559 980; x_wconf 92' lang='lat' dir='ltr'><strong>ut</strong></span> <span class='ocrx_word' id='word_1_132' title='bbox 581 960 631 980; x_wconf 89' lang='lat' dir='ltr'><strong>nec</strong></span> <span class='ocrx_word' id='word_1_133' title='bbox 651 952 825 979; x_wconf 83' lang='lat' dir='ltr'><strong>saturitatem</strong></span> <span class='ocrx_word' id='word_1_134' title='bbox 847 950 964 985; x_wconf 86' lang='lat' dir='ltr'><strong>adjicias</strong></span> <span class='ocrx_word' id='word_1_135' title='bbox 983 954 1059 977; x_wconf 79' lang='lat' dir='ltr'><strong>satu-</strong></span> 
     </span>
    </p>
   </div>
   <div class='ocr_carea' id='block_1_23' title="bbox 269 997 882 1034">
    <p class='ocr_par' dir='ltr' id='par_1_23' title="bbox 269 997 882 1034">
     <span class='ocr_line' id='line_1_23' title="bbox 269 997 882 1034; baseline -0.01 -6"><span class='ocrx_word' id='word_1_136' title='bbox 269 1001 355 1032; x_wconf 85' lang='lat' dir='ltr'><strong>ritati,</strong></span> <span class='ocrx_word' id='word_1_137' title='bbox 369 1008 420 1028; x_wconf 89' lang='lat' dir='ltr'><strong>nec</strong></span> <span class='ocrx_word' id='word_1_138' title='bbox 437 999 548 1034; x_wconf 79' lang='lat' dir='ltr'><strong>crapula</strong></span> <span class='ocrx_word' id='word_1_139' title='bbox 564 997 702 1026; x_wconf 86' lang='lat' dir='ltr'><strong>obtundas</strong></span> <span class='ocrx_word' id='word_1_140' title='bbox 718 997 882 1032; x_wconf 87' lang='lat' dir='ltr'><strong>appetitum.</strong></span> 
     </span>
    </p>
   </div>
   <div class='ocr_carea' id='block_1_24' title="bbox 305 1038 1059 1076">
    <p class='ocr_par' dir='ltr' id='par_1_24' title="bbox 305 1038 1059 1076">
     <span class='ocr_line' id='line_1_24' title="bbox 305 1038 1059 1076; baseline -0.009 -4"><span class='ocrx_word' id='word_1_141' title='bbox 305 1044 377 1072; x_wconf 82' lang='lat' dir='ltr'><strong>Ibid.</strong></span> <span class='ocrx_word' id='word_1_142' title='bbox 391 1043 490 1076; x_wconf 89' lang='lat' dir='ltr'><strong>-—Qui</strong></span> <span class='ocrx_word' id='word_1_143' title='bbox 511 1043 583 1070; x_wconf 88' lang='lat' dir='ltr'><strong>diem</strong></span> <span class='ocrx_word' id='word_1_144' title='bbox 609 1041 658 1069; x_wconf 89' lang='lat' dir='ltr'><strong>tibi</strong></span> <span class='ocrx_word' id='word_1_145' title='bbox 680 1040 737 1074; x_wconf 92' lang='lat' dir='ltr'><strong>dat,</strong></span> <span class='ocrx_word' id='word_1_146' title='bbox 756 1047 788 1068; x_wconf 81' lang='lat' dir='ltr'><strong>ea</strong></span> <span class='ocrx_word' id='word_1_147' title='bbox 812 1047 922 1075; x_wconf 84' lang='lat' dir='ltr'><strong>quoque</strong></span> <span class='ocrx_word' id='word_1_148' title='bbox 946 1045 1006 1075; x_wconf 64' lang='lat' dir='ltr'><strong>qua!</strong></span> <span class='ocrx_word' id='word_1_149' title='bbox 1031 1038 1059 1066; x_wconf 90' lang='lat' dir='ltr'><strong>in</strong></span> 
     </span>
    </p>
   </div>
   <div class='ocr_carea' id='block_1_25' title="bbox 268 1088 943 1125">
    <p class='ocr_par' dir='ltr' id='par_1_25' title="bbox 268 1088 943 1125">
     <span class='ocr_line' id='line_1_25' title="bbox 268 1088 943 1125; baseline -0.013 -6"><span class='ocrx_word' id='word_1_150' title='bbox 268 1091 341 1120; x_wconf 88' lang='lat' dir='ltr'><strong>diem</strong></span> <span class='ocrx_word' id='word_1_151' title='bbox 359 1097 429 1125; x_wconf 86' lang='lat' dir='ltr'><strong>opus</strong></span> <span class='ocrx_word' id='word_1_152' title='bbox 446 1093 522 1121; x_wconf 87' lang='lat' dir='ltr'><strong>sunt,</strong></span> <span class='ocrx_word' id='word_1_153' title='bbox 537 1088 623 1115; x_wconf 83' lang='lat' dir='ltr'><strong>dabit.</strong></span> <span class='ocrx_word' id='word_1_154' title='bbox 941 1096 943 1098; x_wconf 93' lang='lat'><strong><em>-</em></strong></span> 
     </span>
    </p>
   </div>
   <div class='ocr_carea' id='block_1_26' title="bbox 304 1130 1061 1172">
    <p class='ocr_par' dir='ltr' id='par_1_26' title="bbox 304 1130 1061 1172">
     <span class='ocr_line' id='line_1_26' title="bbox 304 1130 1061 1172; baseline -0.009 -8"><span class='ocrx_word' id='word_1_155' title='bbox 304 1134 494 1172; x_wconf 56' lang='lat' dir='ltr'><strong>ChrysostJ—</strong></span> <span class='ocrx_word' id='word_1_156' title='bbox 506 1135 597 1162; x_wconf 84' lang='lat' dir='ltr'><strong>Pauca</strong></span> <span class='ocrx_word' id='word_1_157' title='bbox 614 1137 686 1161; x_wconf 90' lang='lat' dir='ltr'><strong>recte</strong></span> <span class='ocrx_word' id='word_1_158' title='bbox 702 1132 805 1160; x_wconf 88' lang='lat' dir='ltr'><strong>habere</strong></span> <span class='ocrx_word' id='word_1_159' title='bbox 823 1130 910 1158; x_wconf 90' lang='lat' dir='ltr'><strong>multo</strong></span> <span class='ocrx_word' id='word_1_160' title='bbox 926 1135 1061 1166; x_wconf 56' lang='lat' dir='ltr'><strong>praestau-</strong></span> 
     </span>
    </p>
   </div>
   <div class='ocr_carea' id='block_1_27' title="bbox 269 1176 1063 1218">
    <p class='ocr_par' dir='ltr' id='par_1_27' title="bbox 269 1176 1063 1218">
     <span class='ocr_line' id='line_1_27' title="bbox 269 1176 1063 1218; baseline -0.009 -8"><span class='ocrx_word' id='word_1_161' title='bbox 269 1183 334 1215; x_wconf 88' lang='lat' dir='ltr'><strong>tius,</strong></span> <span class='ocrx_word' id='word_1_162' title='bbox 348 1190 429 1218; x_wconf 87' lang='lat' dir='ltr'><strong>quam</strong></span> <span class='ocrx_word' id='word_1_163' title='bbox 444 1181 529 1208; x_wconf 84' lang='lat' dir='ltr'><strong>multa</strong></span> <span class='ocrx_word' id='word_1_164' title='bbox 544 1180 688 1207; x_wconf 83' lang='lat' dir='ltr'><strong>scelerate.</strong></span> <span class='ocrx_word' id='word_1_165' title='bbox 709 1177 864 1213; x_wconf 71' lang='lat' dir='ltr'><strong>Frugalitas</strong></span> <span class='ocrx_word' id='word_1_166' title='bbox 879 1176 988 1204; x_wconf 86' lang='lat' dir='ltr'><strong>assidue</strong></span> <span class='ocrx_word' id='word_1_167' title='bbox 1002 1183 1063 1204; x_wconf 85' lang='lat' dir='ltr'><strong>ver-</strong></span> 
     </span>
    </p>
   </div>
   <div class='ocr_carea' id='block_1_28' title="bbox 269 1221 1062 1261">
    <p class='ocr_par' dir='ltr' id='par_1_28' title="bbox 269 1221 1062 1261">
     <span class='ocr_line' id='line_1_28' title="bbox 269 1221 1062 1261; baseline -0.008 -6"><span class='ocrx_word' id='word_1_168' title='bbox 269 1231 346 1261; x_wconf 85' lang='lat' dir='ltr'><strong>sata,</strong></span> <span class='ocrx_word' id='word_1_169' title='bbox 364 1227 410 1254; x_wconf 90' lang='lat' dir='ltr'><strong>ubi</strong></span> <span class='ocrx_word' id='word_1_170' title='bbox 431 1225 539 1261; x_wconf 81' lang='lat' dir='ltr'><strong>longius</strong></span> <span class='ocrx_word' id='word_1_171' title='bbox 559 1223 735 1260; x_wconf 87' lang='lat' dir='ltr'><strong>processerit,</strong></span> <span class='ocrx_word' id='word_1_172' title='bbox 759 1221 880 1249; x_wconf 88' lang='lat' dir='ltr'><strong>libidinis</strong></span> <span class='ocrx_word' id='word_1_173' title='bbox 901 1221 1062 1256; x_wconf 75' lang='lat' dir='ltr'><strong>disciplinas</strong></span> 
     </span>
    </p>
   </div>
   <div class='ocr_carea' id='block_1_29' title="bbox 269 1273 350 1300">
    <p class='ocr_par' dir='ltr' id='par_1_29' title="bbox 269 1273 350 1300">
     <span class='ocr_line' id='line_1_29' title="bbox 269 1273 350 1300; baseline -0.012 0"><span class='ocrx_word' id='word_1_174' title='bbox 269 1273 350 1300; x_wconf 86' lang='lat' dir='ltr'><strong>delet.</strong></span> 
     </span>
    </p>
   </div>
   <div class='ocr_carea' id='block_1_30' title="bbox 305 1312 1060 1348">
    <p class='ocr_par' dir='ltr' id='par_1_30' title="bbox 305 1312 1060 1348">
     <span class='ocr_line' id='line_1_30' title="bbox 305 1312 1060 1348; baseline -0.007 -5"><span class='ocrx_word' id='word_1_175' title='bbox 305 1315 374 1344; x_wconf 78' lang='lat' dir='ltr'><strong>Nili.</strong></span> <span class='ocrx_word' id='word_1_176' title='bbox 397 1329 433 1337; x_wconf 78' lang='grc' dir='ltr'>-ι</span> <span class='ocrx_word' id='word_1_177' title='bbox 449 1315 526 1344; x_wconf 85' lang='lat' dir='ltr'><strong>Cibis</strong></span> <span class='ocrx_word' id='word_1_178' title='bbox 556 1319 633 1342; x_wconf 89' lang='lat' dir='ltr'><strong>utere</strong></span> <span class='ocrx_word' id='word_1_179' title='bbox 659 1321 716 1341; x_wconf 91' lang='lat' dir='ltr'><strong>non</strong></span> <span class='ocrx_word' id='word_1_180' title='bbox 740 1318 797 1341; x_wconf 84' lang='lat' dir='ltr'><strong>tam</strong></span> <span class='ocrx_word' id='word_1_181' title='bbox 823 1312 955 1348; x_wconf 76' lang='lat' dir='ltr'><strong>iucundis</strong></span> <span class='ocrx_word' id='word_1_182' title='bbox 978 1319 1060 1348; x_wconf 80' lang='lat' dir='ltr'><strong>quam</strong></span> 
     </span>
    </p>
   </div>
   <div class='ocr_carea' id='block_1_31' title="bbox 269 1362 394 1390">
    <p class='ocr_par' dir='ltr' id='par_1_31' title="bbox 269 1362 394 1390">
     <span class='ocr_line' id='line_1_31' title="bbox 269 1362 394 1390; baseline 0 0"><span class='ocrx_word' id='word_1_183' title='bbox 269 1362 394 1390; x_wconf 81' lang='lat' dir='ltr'><strong>utilibus.</strong></span> 
     </span>
    </p>
   </div>
   <div class='ocr_carea' id='block_1_32' title="bbox 304 1404 1061 1443">
    <p class='ocr_par' dir='ltr' id='par_1_32' title="bbox 304 1404 1061 1443">
     <span class='ocr_line' id='line_1_32' title="bbox 304 1404 1061 1443; baseline -0.005 -8"><span class='ocrx_word' id='word_1_184' title='bbox 304 1408 423 1443; x_wconf 81' lang='lat' dir='ltr'><strong>Evagrii.</strong></span> <span class='ocrx_word' id='word_1_185' title='bbox 435 1421 471 1427; x_wconf 87' lang='lat'><strong>-—</strong></span> <span class='ocrx_word' id='word_1_186' title='bbox 481 1406 529 1434; x_wconf 87' lang='lat' dir='ltr'><strong>Vir</strong></span> <span class='ocrx_word' id='word_1_187' title='bbox 542 1406 683 1434; x_wconf 85' lang='lat' dir='ltr'><strong>studiosus</strong></span> <span class='ocrx_word' id='word_1_188' title='bbox 695 1405 805 1432; x_wconf 85' lang='lat' dir='ltr'><strong>virtutis</strong></span> <span class='ocrx_word' id='word_1_189' title='bbox 814 1404 911 1440; x_wconf 84' lang='lat' dir='ltr'><strong>paucis</strong></span> <span class='ocrx_word' id='word_1_190' title='bbox 924 1404 1061 1439; x_wconf 76' lang='lat' dir='ltr'><strong>indigens.</strong></span> 
     </span>
    </p>
   </div>
   <div class='ocr_carea' id='block_1_33' title="bbox 269 1451 1063 1485">
    <p class='ocr_par' dir='ltr' id='par_1_33' title="bbox 269 1451 1063 1485">
     <span class='ocr_line' id='line_1_33' title="bbox 269 1451 1063 1485; baseline -0.006 -2"><span class='ocrx_word' id='word_1_191' title='bbox 269 1456 297 1483; x_wconf 88' lang='lat' dir='ltr'><strong>in</strong></span> <span class='ocrx_word' id='word_1_192' title='bbox 317 1454 439 1483; x_wconf 88' lang='lat' dir='ltr'><strong>conﬁnio</strong></span> <span class='ocrx_word' id='word_1_193' title='bbox 461 1453 589 1480; x_wconf 85' lang='lat' dir='ltr'><strong>mortalis</strong></span> <span class='ocrx_word' id='word_1_194' title='bbox 604 1457 631 1480; x_wconf 88' lang='lat' dir='ltr'><strong>et</strong></span> <span class='ocrx_word' id='word_1_195' title='bbox 646 1451 809 1480; x_wconf 86' lang='lat' dir='ltr'><strong>immortalis</strong></span> <span class='ocrx_word' id='word_1_196' title='bbox 831 1455 935 1479; x_wconf 62' lang='lat' dir='ltr'><strong>natura</strong></span> <span class='ocrx_word' id='word_1_197' title='bbox 950 1455 1010 1485; x_wconf 80' lang='lat' dir='ltr'><strong>est;</strong></span> <span class='ocrx_word' id='word_1_198' title='bbox 1035 1455 1063 1478; x_wconf 89' lang='lat' dir='ltr'><strong>ut</strong></span> 
     </span>
    </p>
   </div>
   <div class='ocr_carea' id='block_1_34' title="bbox 269 1498 1062 1537">
    <p class='ocr_par' dir='ltr' id='par_1_34' title="bbox 269 1498 1062 1537">
     <span class='ocr_line' id='line_1_34' title="bbox 269 1498 1062 1537; baseline -0.006 -7"><span class='ocrx_word' id='word_1_199' title='bbox 269 1509 358 1537; x_wconf 88' lang='lat' dir='ltr'><strong>neque</strong></span> <span class='ocrx_word' id='word_1_200' title='bbox 384 1501 420 1528; x_wconf 91' lang='lat' dir='ltr'><strong>ob</strong></span> <span class='ocrx_word' id='word_1_201' title='bbox 452 1499 570 1527; x_wconf 88' lang='lat' dir='ltr'><strong>mortale</strong></span> <span class='ocrx_word' id='word_1_202' title='bbox 600 1505 704 1536; x_wconf 78' lang='lat' dir='ltr'><strong>corpus</strong></span> <span class='ocrx_word' id='word_1_203' title='bbox 731 1501 830 1533; x_wconf 77' lang='lat' dir='ltr'><strong>egeat,</strong></span> <span class='ocrx_word' id='word_1_204' title='bbox 855 1505 943 1532; x_wconf 88' lang='lat' dir='ltr'><strong>neque</strong></span> <span class='ocrx_word' id='word_1_205' title='bbox 967 1498 1062 1525; x_wconf 92' lang='lat' dir='ltr'><strong>multis</strong></span> 
     </span>
    </p>
   </div>
   <div class='ocr_carea' id='block_1_35' title="bbox 269 1542 1062 1582">
    <p class='ocr_par' dir='ltr' id='par_1_35' title="bbox 269 1542 1062 1582">
     <span class='ocr_line' id='line_1_35' title="bbox 269 1542 1062 1582; baseline -0.006 -8"><span class='ocrx_word' id='word_1_206' title='bbox 269 1554 338 1582; x_wconf 78' lang='lat' dir='ltr'><strong>Opus</strong></span> <span class='ocrx_word' id='word_1_207' title='bbox 357 1545 456 1573; x_wconf 86' lang='lat' dir='ltr'><strong>habeat</strong></span> <span class='ocrx_word' id='word_1_208' title='bbox 469 1548 582 1579; x_wconf 79' lang='lat' dir='ltr'><strong>propter</strong></span> <span class='ocrx_word' id='word_1_209' title='bbox 596 1544 717 1571; x_wconf 85' lang='lat' dir='ltr'><strong>animum</strong></span> <span class='ocrx_word' id='word_1_210' title='bbox 744 1542 960 1570; x_wconf 86' lang='lat' dir='ltr'><strong>immortalitatis</strong></span> <span class='ocrx_word' id='word_1_211' title='bbox 985 1544 1062 1578; x_wconf 88' lang='lat' dir='ltr'><strong>cupi-</strong></span> 
     </span>
    </p>
   </div>
   <div class='ocr_carea' id='block_1_36' title="bbox 268 1593 346 1620">
    <p class='ocr_par' dir='ltr' id='par_1_36' title="bbox 268 1593 346 1620">
     <span class='ocr_line' id='line_1_36' title="bbox 268 1593 346 1620; baseline -0.013 0"><span class='ocrx_word' id='word_1_212' title='bbox 268 1593 346 1620; x_wconf 89' lang='lat' dir='ltr'><strong>dum.</strong></span> 
     </span>
    </p>
   </div>
   <div class='ocr_carea' id='block_1_37' title="bbox 269 1658 1060 1693">
    <p class='ocr_par' dir='ltr' id='par_1_37' title="bbox 269 1658 1060 1693">
     <span class='ocr_line' id='line_1_37' title="bbox 269 1658 1060 1693; baseline -0.001 -6"><span class='ocrx_word' id='word_1_213' title='bbox 269 1660 336 1687; x_wconf 88' lang='lat' dir='ltr'><strong>TlT.</strong></span> <span class='ocrx_word' id='word_1_214' title='bbox 359 1659 465 1687; x_wconf 70' lang='lat' dir='ltr'><strong>XXVII.</strong></span> <span class='ocrx_word' id='word_1_215' title='bbox 482 1674 515 1679; x_wconf 95' lang='lat'><strong>—</strong></span> <span class='ocrx_word' id='word_1_216' title='bbox 534 1658 572 1686; x_wconf 76' lang='lat' dir='ltr'><strong>De</strong></span> <span class='ocrx_word' id='word_1_217' title='bbox 587 1659 736 1693; x_wconf 77' lang='lat' dir='ltr'><strong>deceptione</strong></span> <span class='ocrx_word' id='word_1_218' title='bbox 755 1662 826 1685; x_wconf 81' lang='lat' dir='ltr'><strong>certo</strong></span> <span class='ocrx_word' id='word_1_219' title='bbox 840 1658 951 1685; x_wconf 75' lang='lat' dir='ltr'><strong>consilio</strong></span> <span class='ocrx_word' id='word_1_220' title='bbox 963 1658 1036 1692; x_wconf 77' lang='lat' dir='ltr'><strong>facta</strong></span> <span class='ocrx_word' id='word_1_221' title='bbox 1051 1667 1060 1686; x_wconf 67' lang='grc' dir='ltr'><strong><em>ς</em></strong></span> 
     </span>
    </p>
   </div>
   <div class='ocr_carea' id='block_1_38' title="bbox 302 1693 1061 1757">
    <p class='ocr_par' dir='ltr' id='par_1_38' title="bbox 302 1693 1061 1757">
     <span class='ocr_line' id='line_1_38' title="bbox 302 1693 1061 1756; baseline -0.001 -34"><span class='ocrx_word' id='word_1_222' title='bbox 302 1695 422 1756; x_wconf 55' lang='lat' dir='ltr'><strong>quodqne</strong></span> <span class='ocrx_word' id='word_1_223' title='bbox 444 1703 486 1728; x_wconf 85' lang='lat' dir='ltr'><strong>ea,</strong></span> <span class='ocrx_word' id='word_1_224' title='bbox 505 1703 565 1721; x_wconf 84' lang='lat' dir='ltr'><strong>cum</strong></span> <span class='ocrx_word' id='word_1_225' title='bbox 580 1694 640 1722; x_wconf 81' lang='lat' dir='ltr'><strong>dolo</strong></span> <span class='ocrx_word' id='word_1_226' title='bbox 661 1697 745 1726; x_wconf 81' lang='lat' dir='ltr'><strong>caret,</strong></span> <span class='ocrx_word' id='word_1_227' title='bbox 768 1693 872 1720; x_wconf 84' lang='lat' dir='ltr'><strong>laudem</strong></span> <span class='ocrx_word' id='word_1_228' title='bbox 892 1694 995 1720; x_wconf 83' lang='lat' dir='ltr'><strong>auctori</strong></span> <span class='ocrx_word' id='word_1_229' title='bbox 1013 1702 1061 1721; x_wconf 75' lang='lat' dir='ltr'><strong>suo</strong></span> 
     </span>
     <span class='ocr_line' id='line_1_39' title="bbox 303 1734 436 1757; baseline -0.008 0"><span class='ocrx_word' id='word_1_230' title='bbox 303 1738 378 1757; x_wconf 69' lang='lat' dir='ltr'><strong>conc:</strong></span> <span class='ocrx_word' id='word_1_231' title='bbox 392 1734 436 1757; x_wconf 78' lang='lat' dir='ltr'><strong>iet.</strong></span> 
     </span>
    </p>
   </div>
   <div class='ocr_carea' id='block_1_39' title="bbox 304 1783 1061 1818">
    <p class='ocr_par' dir='ltr' id='par_1_39' title="bbox 304 1783 1061 1818">
     <span class='ocr_line' id='line_1_40' title="bbox 304 1783 1061 1818; baseline -0.003 -4"><span class='ocrx_word' id='word_1_232' title='bbox 304 1786 369 1814; x_wconf 87' lang='lat' dir='ltr'><strong>Gen.</strong></span> <span class='ocrx_word' id='word_1_233' title='bbox 393 1794 478 1818; x_wconf 80' lang='lat' dir='ltr'><strong>xxvu,</strong></span> <span class='ocrx_word' id='word_1_234' title='bbox 499 1786 574 1813; x_wconf 77' lang='lat' dir='ltr'><strong>6-H.</strong></span> <span class='ocrx_word' id='word_1_235' title='bbox 590 1801 624 1806; x_wconf 92' lang='lat'>—</span> <span class='ocrx_word' id='word_1_236' title='bbox 643 1794 653 1811; x_wconf 86' lang='grc'><strong><em>‹</em></strong></span> <span class='ocrx_word' id='word_1_237' title='bbox 673 1785 747 1812; x_wconf 77' lang='lat' dir='ltr'><strong>Dixit</strong></span> <span class='ocrx_word' id='word_1_238' title='bbox 775 1785 898 1812; x_wconf 78' lang='lat' dir='ltr'><strong>Rebecca</strong></span> <span class='ocrx_word' id='word_1_239' title='bbox 918 1784 951 1811; x_wconf 88' lang='lat' dir='ltr'><strong>ad</strong></span> <span class='ocrx_word' id='word_1_240' title='bbox 974 1783 1061 1812; x_wconf 83' lang='lat' dir='ltr'><strong>Jacob</strong></span> 
     </span>
    </p>
   </div>
   <div class='ocr_carea' id='block_1_40' title="bbox 1110 215 1898 254">
    <p class='ocr_par' dir='ltr' id='par_1_40' title="bbox 1110 215 1898 254">
     <span class='ocr_line' id='line_1_41' title="bbox 1110 215 1898 254; baseline 0.003 -11"><span class='ocrx_word' id='word_1_241' title='bbox 1110 216 1214 248; x_wconf 80' lang='grc' dir='ltr'><strong>Σκοπὸς</strong></span> <span class='ocrx_word' id='word_1_242' title='bbox 1239 216 1352 253; x_wconf 81' lang='grc' dir='ltr'>ἐσθῆτος</span> <span class='ocrx_word' id='word_1_243' title='bbox 1377 217 1418 249; x_wconf 84' lang='grc' dir='ltr'><strong>είς</strong></span> <span class='ocrx_word' id='word_1_244' title='bbox 1445 216 1576 253; x_wconf 80' lang='grc' dir='ltr'><strong>κάλυμμα</strong></span> <span class='ocrx_word' id='word_1_245' title='bbox 1607 215 1676 244; x_wconf 78' lang='grc' dir='ltr'>εἶναι</span> <span class='ocrx_word' id='word_1_246' title='bbox 1709 218 1809 254; x_wconf 72' lang='grc' dir='ltr'>σαρκὸς</span> <span class='ocrx_word' id='word_1_247' title='bbox 1828 219 1898 254; x_wconf 73' lang='grc' dir='ltr'>πρὸς</span> 
     </span>
    </p>
   </div>
   <div class='ocr_carea' id='block_1_41' title="bbox 1109 262 1897 301">
    <p class='ocr_par' dir='ltr' id='par_1_41' title="bbox 1109 262 1897 301">
     <span class='ocr_line' id='line_1_42' title="bbox 1109 262 1897 301; baseline 0.005 -13"><span class='ocrx_word' id='word_1_248' title='bbox 1109 263 1232 298; x_wconf 83' lang='grc' dir='ltr'>χειμῶνα</span> <span class='ocrx_word' id='word_1_249' title='bbox 1246 263 1293 289; x_wconf 68' lang='grc' dir='ltr'>καὶ</span> <span class='ocrx_word' id='word_1_250' title='bbox 1306 263 1384 298; x_wconf 81' lang='grc' dir='ltr'><strong>θέρος</strong></span> <span class='ocrx_word' id='word_1_251' title='bbox 1396 262 1541 299; x_wconf 75' lang='grc' dir='ltr'>αὔταρκες.</span> <span class='ocrx_word' id='word_1_252' title='bbox 1565 263 1772 299; x_wconf 83' lang='grc' dir='ltr'>Ἀκτημοσύνην</span> <span class='ocrx_word' id='word_1_253' title='bbox 1787 265 1897 301; x_wconf 76' lang='grc' dir='ltr'>ἐκείνην</span> 
     </span>
    </p>
   </div>
   <div class='ocr_carea' id='block_1_42' title="bbox 1109 307 1897 346">
    <p class='ocr_par' dir='ltr' id='par_1_42' title="bbox 1109 307 1897 346">
     <span class='ocr_line' id='line_1_43' title="bbox 1109 307 1897 346; baseline 0.004 -12"><span class='ocrx_word' id='word_1_254' title='bbox 1109 307 1162 342; x_wconf 72' lang='grc' dir='ltr'><strong>ἔφη</strong></span> <span class='ocrx_word' id='word_1_255' title='bbox 1176 308 1190 334; x_wconf 82' lang='grc' dir='ltr'>ὁ</span> <span class='ocrx_word' id='word_1_256' title='bbox 1209 308 1311 343; x_wconf 82' lang='grc' dir='ltr'>Κύριος</span> <span class='ocrx_word' id='word_1_257' title='bbox 1322 308 1352 334; x_wconf 79' lang='grc' dir='ltr'>τὸ</span> <span class='ocrx_word' id='word_1_258' title='bbox 1367 307 1465 343; x_wconf 81' lang='grc' dir='ltr'><strong>μέτρον</strong></span> <span class='ocrx_word' id='word_1_259' title='bbox 1481 307 1560 340; x_wconf 75' lang='grc' dir='ltr'>εἶναι,</span> <span class='ocrx_word' id='word_1_260' title='bbox 1576 308 1646 335; x_wconf 85' lang='grc' dir='ltr'>ὥστε</span> <span class='ocrx_word' id='word_1_261' title='bbox 1661 309 1701 340; x_wconf 85' lang='grc' dir='ltr'><strong>είς</strong></span> <span class='ocrx_word' id='word_1_262' title='bbox 1718 309 1764 336; x_wconf 82' lang='grc' dir='ltr'>τὸν</span> <span class='ocrx_word' id='word_1_263' title='bbox 1784 309 1897 346; x_wconf 76' lang='grc' dir='ltr'>ἔσχατον</span> 
     </span>
    </p>
   </div>
   <div class='ocr_carea' id='block_1_43' title="bbox 1109 354 1815 391">
    <p class='ocr_par' dir='ltr' id='par_1_43' title="bbox 1109 354 1815 391">
     <span class='ocr_line' id='line_1_44' title="bbox 1109 354 1815 391; baseline 0.003 -10"><span class='ocrx_word' id='word_1_264' title='bbox 1109 354 1210 390; x_wconf 83' lang='grc' dir='ltr'>χιτῶνα</span> <span class='ocrx_word' id='word_1_265' title='bbox 1226 354 1309 382; x_wconf 84' lang='grc' dir='ltr'>αὐτοῦ</span> <span class='ocrx_word' id='word_1_266' title='bbox 1322 355 1437 382; x_wconf 74' lang='grc' dir='ltr'>ἕκαστον</span> <span class='ocrx_word' id='word_1_267' title='bbox 1452 355 1626 390; x_wconf 81' lang='grc' dir='ltr'><strong>περιεστάναι</strong></span> <span class='ocrx_word' id='word_1_268' title='bbox 1641 356 1691 391; x_wconf 87' lang='grc' dir='ltr'><strong>τὴν</strong></span> <span class='ocrx_word' id='word_1_269' title='bbox 1707 356 1815 391; x_wconf 83' lang='grc' dir='ltr'>κτῆσιν.</span> 
     </span>
    </p>
   </div>
   <div class='ocr_carea' id='block_1_44' title="bbox 1146 443 1898 480">
    <p class='ocr_par' dir='ltr' id='par_1_44' title="bbox 1146 443 1898 480">
     <span class='ocr_line' id='line_1_45' title="bbox 1146 443 1898 480; baseline 0.001 -9"><span class='ocrx_word' id='word_1_270' title='bbox 1146 444 1204 471; x_wconf 79' lang='grc' dir='ltr'>Οὐκ</span> <span class='ocrx_word' id='word_1_271' title='bbox 1228 443 1393 479; x_wconf 78' lang='grc' dir='ltr'>ἐπαινοῦμέν</span> <span class='ocrx_word' id='word_1_272' title='bbox 1414 453 1440 471; x_wconf 86' lang='grc' dir='ltr'><strong>τι</strong></span> <span class='ocrx_word' id='word_1_273' title='bbox 1460 443 1513 471; x_wconf 81' lang='grc' dir='ltr'><strong>τῶν</strong></span> <span class='ocrx_word' id='word_1_274' title='bbox 1537 443 1606 479; x_wconf 84' lang='grc' dir='ltr'>μετὰ</span> <span class='ocrx_word' id='word_1_275' title='bbox 1628 444 1673 471; x_wconf 79' lang='grc' dir='ltr'>τὸν</span> <span class='ocrx_word' id='word_1_276' title='bbox 1692 444 1790 480; x_wconf 82' lang='grc' dir='ltr'>λαιμὸν</span> <span class='ocrx_word' id='word_1_277' title='bbox 1806 445 1898 480; x_wconf 80' lang='grc' dir='ltr'>ὁμοτί-</span> 
     </span>
    </p>
   </div>
   <div class='ocr_carea' id='block_1_45' title="bbox 1113 490 1897 526">
    <p class='ocr_par' dir='ltr' id='par_1_45' title="bbox 1113 490 1897 526">
     <span class='ocr_line' id='line_1_46' title="bbox 1113 490 1897 526; baseline 0.001 -9"><span class='ocrx_word' id='word_1_278' title='bbox 1113 499 1182 526; x_wconf 89' lang='grc' dir='ltr'><strong>μων,</strong></span> <span class='ocrx_word' id='word_1_279' title='bbox 1197 490 1297 525; x_wconf 85' lang='grc' dir='ltr'>μᾶλλον</span> <span class='ocrx_word' id='word_1_280' title='bbox 1308 490 1336 516; x_wconf 80' lang='grc' dir='ltr'>δὲ</span> <span class='ocrx_word' id='word_1_281' title='bbox 1349 490 1466 525; x_wconf 84' lang='grc' dir='ltr'>ἀτίμων,</span> <span class='ocrx_word' id='word_1_282' title='bbox 1482 490 1582 525; x_wconf 82' lang='grc' dir='ltr'>ὁμοίως</span> <span class='ocrx_word' id='word_1_283' title='bbox 1592 490 1637 517; x_wconf 76' lang='grc' dir='ltr'>καὶ</span> <span class='ocrx_word' id='word_1_284' title='bbox 1649 490 1821 526; x_wconf 84' lang='grc' dir='ltr'>ἀποϐλήτων·</span> <span class='ocrx_word' id='word_1_285' title='bbox 1830 491 1897 518; x_wconf 79' lang='grc' dir='ltr'>ἀλλὰ</span> 
     </span>
    </p>
   </div>
   <div class='ocr_carea' id='block_1_46' title="bbox 1112 534 1897 571">
    <p class='ocr_par' dir='ltr' id='par_1_46' title="bbox 1112 534 1897 571">
     <span class='ocr_line' id='line_1_47' title="bbox 1112 534 1897 571; baseline 0 -9"><span class='ocrx_word' id='word_1_286' title='bbox 1112 536 1203 571; x_wconf 78' lang='grc' dir='ltr'>ζῶμεν</span> <span class='ocrx_word' id='word_1_287' title='bbox 1219 535 1306 567; x_wconf 77' lang='grc' dir='ltr'>οὕτως</span> <span class='ocrx_word' id='word_1_288' title='bbox 1321 535 1413 567; x_wconf 82' lang='grc' dir='ltr'>ἁπλῶς</span> <span class='ocrx_word' id='word_1_289' title='bbox 1429 535 1475 562; x_wconf 74' lang='grc' dir='ltr'>καὶ</span> <span class='ocrx_word' id='word_1_290' title='bbox 1492 534 1614 570; x_wconf 81' lang='grc' dir='ltr'>σχεδίως,</span> <span class='ocrx_word' id='word_1_291' title='bbox 1629 535 1675 562; x_wconf 78' lang='grc' dir='ltr'>καὶ</span> <span class='ocrx_word' id='word_1_292' title='bbox 1695 535 1792 571; x_wconf 81' lang='grc' dir='ltr'>μικρόν</span> <span class='ocrx_word' id='word_1_293' title='bbox 1803 543 1829 562; x_wconf 86' lang='grc' dir='ltr'><strong>τι</strong></span> <span class='ocrx_word' id='word_1_294' title='bbox 1843 534 1897 562; x_wconf 85' lang='grc' dir='ltr'><strong>τῶν</strong></span> 
     </span>
    </p>
   </div>
   <div class='ocr_carea' id='block_1_47' title="bbox 1112 579 1898 617">
    <p class='ocr_par' dir='ltr' id='par_1_47' title="bbox 1112 579 1898 617">
     <span class='ocr_line' id='line_1_48' title="bbox 1112 579 1898 617; baseline -0.003 -8"><span class='ocrx_word' id='word_1_295' title='bbox 1112 582 1224 617; x_wconf 82' lang='grc' dir='ltr'>θηρίων,</span> <span class='ocrx_word' id='word_1_296' title='bbox 1237 579 1278 614; x_wconf 76' lang='grc' dir='ltr'>οἷς</span> <span class='ocrx_word' id='word_1_297' title='bbox 1296 583 1311 608; x_wconf 81' lang='grc' dir='ltr'><strong>ὁ</strong></span> <span class='ocrx_word' id='word_1_298' title='bbox 1331 581 1388 617; x_wconf 82' lang='grc' dir='ltr'>βίος</span> <span class='ocrx_word' id='word_1_299' title='bbox 1411 581 1526 613; x_wconf 72' lang='grc' dir='ltr'>ἄσκευος</span> <span class='ocrx_word' id='word_1_300' title='bbox 1543 582 1589 608; x_wconf 70' lang='grc' dir='ltr'>καὶ</span> <span class='ocrx_word' id='word_1_301' title='bbox 1603 581 1818 617; x_wconf 79' lang='grc' dir='ltr'>ἀνεπιτήδευτος,</span> <span class='ocrx_word' id='word_1_302' title='bbox 1838 580 1898 608; x_wconf 90' lang='grc' dir='ltr'>δια-</span> 
     </span>
    </p>
   </div>
   <div class='ocr_carea' id='block_1_48' title="bbox 1113 629 1250 665">
    <p class='ocr_par' dir='ltr' id='par_1_48' title="bbox 1113 629 1250 665">
     <span class='ocr_line' id='line_1_49' title="bbox 1113 629 1250 665; baseline -0.007 -9"><span class='ocrx_word' id='word_1_303' title='bbox 1113 629 1146 664; x_wconf 81' lang='grc' dir='ltr'><strong>φέ</strong></span> <span class='ocrx_word' id='word_1_304' title='bbox 1150 637 1250 665; x_wconf 79' lang='grc' dir='ltr'>ροντες.</span> 
     </span>
    </p>
   </div>
   <div class='ocr_carea' id='block_1_49' title="bbox 1149 807 1897 844">
    <p class='ocr_par' dir='ltr' id='par_1_49' title="bbox 1149 807 1897 844">
     <span class='ocr_line' id='line_1_50' title="bbox 1149 807 1897 844; baseline -0.003 -7"><span class='ocrx_word' id='word_1_305' title='bbox 1149 810 1305 844; x_wconf 83' lang='grc' dir='ltr'>Κρείσσων</span> <span class='ocrx_word' id='word_1_306' title='bbox 1322 808 1410 843; x_wconf 78' lang='grc' dir='ltr'>πενίη</span> <span class='ocrx_word' id='word_1_307' title='bbox 1423 807 1563 841; x_wconf 77' lang='grc' dir='ltr'>ἐπαινετὴ</span> <span class='ocrx_word' id='word_1_308' title='bbox 1577 808 1725 844; x_wconf 18' lang='grc' dir='ltr'>γπλούτοιρ</span> <span class='ocrx_word' id='word_1_309' title='bbox 1740 807 1897 844; x_wconf 59' lang='grc' dir='ltr'>κακίστου.</span> 
     </span>
    </p>
   </div>
   <div class='ocr_carea' id='block_1_50' title="bbox 1078 842 1858 879">
    <p class='ocr_par' dir='ltr' id='par_1_50' title="bbox 1078 842 1858 879">
     <span class='ocr_line' id='line_1_51' title="bbox 1078 842 1858 879; baseline -0.004 -7"><span class='ocrx_word' id='word_1_310' title='bbox 1078 852 1098 879; x_wconf 76' lang='grc' dir='ltr'><strong>Β</strong></span> <span class='ocrx_word' id='word_1_311' title='bbox 1147 842 1251 872; x_wconf 73' lang='grc' dir='ltr'>Δεινὸν</span> <span class='ocrx_word' id='word_1_312' title='bbox 1261 844 1426 876; x_wconf 81' lang='grc' dir='ltr'>πείνεσθαι,</span> <span class='ocrx_word' id='word_1_313' title='bbox 1443 844 1544 878; x_wconf 80' lang='grc' dir='ltr'>χεῖρον</span> <span class='ocrx_word' id='word_1_314' title='bbox 1556 843 1583 870; x_wconf 77' lang='grc' dir='ltr'>δ’</span> <span class='ocrx_word' id='word_1_315' title='bbox 1596 842 1734 877; x_wconf 75' lang='grc' dir='ltr'><strong>εὐπορεῖν</strong></span> <span class='ocrx_word' id='word_1_316' title='bbox 1747 842 1858 875; x_wconf 83' lang='grc' dir='ltr'>κακῶς.</span> 
     </span>
    </p>
   </div>
   <div class='ocr_carea' id='block_1_51' title="bbox 1147 899 1897 937">
    <p class='ocr_par' dir='ltr' id='par_1_51' title="bbox 1147 899 1897 937">
     <span class='ocr_line' id='line_1_52' title="bbox 1147 899 1897 937; baseline -0.003 -9"><span class='ocrx_word' id='word_1_317' title='bbox 1147 902 1231 937; x_wconf 74' lang='grc' dir='ltr'>Ὀψον</span> <span class='ocrx_word' id='word_1_318' title='bbox 1249 910 1289 928; x_wconf 83' lang='grc' dir='ltr'><strong>σοι</strong></span> <span class='ocrx_word' id='word_1_319' title='bbox 1305 900 1427 935; x_wconf 85' lang='grc' dir='ltr'>γένεσθω</span> <span class='ocrx_word' id='word_1_320' title='bbox 1442 902 1459 936; x_wconf 91' lang='grc' dir='ltr'><strong>ἡ</strong></span> <span class='ocrx_word' id='word_1_321' title='bbox 1474 900 1573 933; x_wconf 76' lang='grc' dir='ltr'>ἔνδεια,</span> <span class='ocrx_word' id='word_1_322' title='bbox 1589 900 1636 928; x_wconf 77' lang='grc' dir='ltr'>καὶ</span> <span class='ocrx_word' id='word_1_323' title='bbox 1656 899 1688 927; x_wconf 70' lang='grc' dir='ltr'>τὸ</span> <span class='ocrx_word' id='word_1_324' title='bbox 1707 899 1744 935; x_wconf 80' lang='grc' dir='ltr'>μὴ</span> <span class='ocrx_word' id='word_1_325' title='bbox 1759 899 1897 926; x_wconf 70' lang='grc' dir='ltr'>ἐπιϐαλεῖν</span> 
     </span>
    </p>
   </div>
   <div class='ocr_carea' id='block_1_52' title="bbox 1109 944 1898 982">
    <p class='ocr_par' dir='ltr' id='par_1_52' title="bbox 1109 944 1898 982">
     <span class='ocr_line' id='line_1_53' title="bbox 1109 944 1898 982; baseline -0.004 -8"><span class='ocrx_word' id='word_1_326' title='bbox 1109 947 1189 982; x_wconf 82' lang='grc' dir='ltr'>κόρον</span> <span class='ocrx_word' id='word_1_327' title='bbox 1210 946 1248 982; x_wconf 87' lang='grc' dir='ltr'>τῷ</span> <span class='ocrx_word' id='word_1_328' title='bbox 1271 946 1355 982; x_wconf 84' lang='grc' dir='ltr'>κόρῳ,</span> <span class='ocrx_word' id='word_1_329' title='bbox 1376 946 1443 982; x_wconf 81' lang='grc' dir='ltr'>μηδὲ</span> <span class='ocrx_word' id='word_1_330' title='bbox 1465 945 1611 982; x_wconf 82' lang='grc' dir='ltr'>ἀμϐλύνειν</span> <span class='ocrx_word' id='word_1_331' title='bbox 1636 946 1669 981; x_wconf 78' lang='grc' dir='ltr'>τῇ</span> <span class='ocrx_word' id='word_1_332' title='bbox 1693 945 1832 980; x_wconf 84' lang='grc' dir='ltr'>κραιπάλῃ</span> <span class='ocrx_word' id='word_1_333' title='bbox 1848 944 1898 980; x_wconf 88' lang='grc' dir='ltr'>τὴν</span> 
     </span>
    </p>
   </div>
   <div class='ocr_carea' id='block_1_53' title="bbox 1109 993 1208 1020">
    <p class='ocr_par' dir='ltr' id='par_1_53' title="bbox 1109 993 1208 1020">
     <span class='ocr_line' id='line_1_54' title="bbox 1109 993 1208 1020; baseline -0.01 0"><span class='ocrx_word' id='word_1_334' title='bbox 1109 993 1208 1020; x_wconf 76' lang='grc' dir='ltr'>δοξξιν.</span> 
     </span>
    </p>
   </div>
   <div class='ocr_carea' id='block_1_54' title="bbox 1126 993 1899 1074">
    <p class='ocr_par' dir='ltr' id='par_1_54' title="bbox 1126 993 1899 1074">
     <span class='ocr_line' id='line_1_55' title="bbox 1126 993 1899 1074; baseline -0.005 -9"><span class='ocrx_word' id='word_1_335' title='bbox 1126 993 1182 1065; x_wconf 49' lang='lat'><strong>9:3</strong></span> <span class='ocrx_word' id='word_1_336' title='bbox 1189 1003 1240 1074; x_wconf 45' lang='grc' dir='ltr'>τὴν</span> <span class='ocrx_word' id='word_1_337' title='bbox 1251 1037 1358 1074; x_wconf 82' lang='grc' dir='ltr'>ἡμέραν</span> <span class='ocrx_word' id='word_1_338' title='bbox 1381 1037 1480 1071; x_wconf 80' lang='grc' dir='ltr'>διδοὺς,</span> <span class='ocrx_word' id='word_1_339' title='bbox 1495 1036 1542 1064; x_wconf 74' lang='grc' dir='ltr'>καὶ</span> <span class='ocrx_word' id='word_1_340' title='bbox 1557 1038 1592 1064; x_wconf 69' lang='grc' dir='ltr'>τὰ</span> <span class='ocrx_word' id='word_1_341' title='bbox 1608 1037 1648 1068; x_wconf 73' lang='grc' dir='ltr'>εἰς</span> <span class='ocrx_word' id='word_1_342' title='bbox 1664 1035 1713 1070; x_wconf 83' lang='grc' dir='ltr'><strong>τὴν</strong></span> <span class='ocrx_word' id='word_1_343' title='bbox 1735 1035 1841 1070; x_wconf 83' lang='grc' dir='ltr'>ἡμέραν</span> <span class='ocrx_word' id='word_1_344' title='bbox 1857 1043 1899 1062; x_wconf 89' lang='grc' dir='ltr'><strong>σοι</strong></span> 
     </span>
    </p>
   </div>
   <div class='ocr_carea' id='block_1_55' title="bbox 1110 1083 1201 1111">
    <p class='ocr_par' dir='ltr' id='par_1_55' title="bbox 1110 1083 1201 1111">
     <span class='ocr_line' id='line_1_56' title="bbox 1110 1083 1201 1111; baseline 0 0"><span class='ocrx_word' id='word_1_345' title='bbox 1110 1083 1201 1111; x_wconf 87' lang='grc' dir='ltr'>δώσει.</span> 
     </span>
    </p>
   </div>
   <div class='ocr_carea' id='block_1_56' title="bbox 1147 1125 1899 1166">
    <p class='ocr_par' dir='ltr' id='par_1_56' title="bbox 1147 1125 1899 1166">
     <span class='ocr_line' id='line_1_57' title="bbox 1147 1125 1899 1166; baseline -0.008 -8"><span class='ocrx_word' id='word_1_346' title='bbox 1147 1130 1183 1158; x_wconf 82' lang='grc' dir='ltr'><strong>Τὸ</strong></span> <span class='ocrx_word' id='word_1_347' title='bbox 1198 1130 1288 1163; x_wconf 86' lang='grc' dir='ltr'>καλῶς</span> <span class='ocrx_word' id='word_1_348' title='bbox 1300 1129 1372 1166; x_wconf 79' lang='grc' dir='ltr'>ἔχειν</span> <span class='ocrx_word' id='word_1_349' title='bbox 1385 1129 1473 1164; x_wconf 82' lang='grc' dir='ltr'>ὀλίγα,</span> <span class='ocrx_word' id='word_1_350' title='bbox 1489 1128 1556 1156; x_wconf 81' lang='grc' dir='ltr'>πολὺ</span> <span class='ocrx_word' id='word_1_351' title='bbox 1572 1127 1733 1163; x_wconf 88' lang='grc' dir='ltr'>τιμιώτερον</span> <span class='ocrx_word' id='word_1_352' title='bbox 1744 1125 1791 1154; x_wconf 79' lang='grc' dir='ltr'><strong>τοῦ</strong></span> <span class='ocrx_word' id='word_1_353' title='bbox 1806 1125 1899 1158; x_wconf 86' lang='grc' dir='ltr'>κακῶς</span> 
     </span>
    </p>
   </div>
   <div class='ocr_carea' id='block_1_57' title="bbox 1112 1172 1899 1211">
    <p class='ocr_par' dir='ltr' id='par_1_57' title="bbox 1112 1172 1899 1211">
     <span class='ocr_line' id='line_1_58' title="bbox 1112 1172 1899 1211; baseline -0.008 -8"><span class='ocrx_word' id='word_1_354' title='bbox 1112 1176 1184 1211; x_wconf 71' lang='grc' dir='ltr'>[χειν</span> <span class='ocrx_word' id='word_1_355' title='bbox 1198 1175 1294 1203; x_wconf 89' lang='grc' dir='ltr'>πολλά.</span> <span class='ocrx_word' id='word_1_356' title='bbox 1303 1175 1336 1202; x_wconf 85' lang='grc' dir='ltr'><strong>Ἦ</strong></span> <span class='ocrx_word' id='word_1_357' title='bbox 1349 1175 1460 1209; x_wconf 82' lang='grc' dir='ltr'>εὐτελὴς</span> <span class='ocrx_word' id='word_1_358' title='bbox 1473 1174 1563 1201; x_wconf 80' lang='grc' dir='ltr'>δίαιτα</span> <span class='ocrx_word' id='word_1_359' title='bbox 1575 1172 1731 1208; x_wconf 84' lang='grc' dir='ltr'>κυλιομένη,</span> <span class='ocrx_word' id='word_1_360' title='bbox 1741 1172 1788 1199; x_wconf 71' lang='grc' dir='ltr'><strong>καὶ</strong></span> <span class='ocrx_word' id='word_1_361' title='bbox 1799 1172 1899 1207; x_wconf 85' lang='grc' dir='ltr'>προκό-</span> 
     </span>
    </p>
   </div>
   <div class='ocr_carea' id='block_1_58' title="bbox 1113 1217 1888 1254">
    <p class='ocr_par' dir='ltr' id='par_1_58' title="bbox 1113 1217 1888 1254">
     <span class='ocr_line' id='line_1_59' title="bbox 1113 1217 1888 1254; baseline -0.008 -5"><span class='ocrx_word' id='word_1_362' title='bbox 1113 1230 1228 1254; x_wconf 82' lang='grc' dir='ltr'>πτουσα,</span> <span class='ocrx_word' id='word_1_363' title='bbox 1237 1222 1283 1248; x_wconf 79' lang='grc' dir='ltr'><strong>ἐπὶ</strong></span> <span class='ocrx_word' id='word_1_364' title='bbox 1291 1221 1358 1248; x_wconf 77' lang='grc' dir='ltr'>πολὺ</span> <span class='ocrx_word' id='word_1_365' title='bbox 1370 1219 1498 1248; x_wconf 80' lang='grc' dir='ltr'>καταλύει</span> <span class='ocrx_word' id='word_1_366' title='bbox 1507 1221 1542 1246; x_wconf 84' lang='grc' dir='ltr'>τὰ</span> <span class='ocrx_word' id='word_1_367' title='bbox 1547 1219 1597 1254; x_wconf 82' lang='grc' dir='ltr'>τῆς</span> <span class='ocrx_word' id='word_1_368' title='bbox 1605 1218 1732 1254; x_wconf 79' lang='grc' dir='ltr'>πορνείας</span> <span class='ocrx_word' id='word_1_369' title='bbox 1741 1217 1888 1253; x_wconf 84' lang='grc' dir='ltr'>μαθήματα</span> 
     </span>
    </p>
   </div>
   <div class='ocr_carea' id='block_1_59' title="bbox 1148 1305 1895 1346">
    <p class='ocr_par' dir='ltr' id='par_1_59' title="bbox 1148 1305 1895 1346">
     <span class='ocr_line' id='line_1_60' title="bbox 1148 1305 1895 1346; baseline -0.008 -8"><span class='ocrx_word' id='word_1_370' title='bbox 1148 1311 1247 1342; x_wconf 86' lang='grc' dir='ltr'>Σιτίοις</span> <span class='ocrx_word' id='word_1_371' title='bbox 1269 1310 1339 1346; x_wconf 84' lang='grc' dir='ltr'>χρῶ,</span> <span class='ocrx_word' id='word_1_372' title='bbox 1364 1309 1403 1345; x_wconf 84' lang='grc' dir='ltr'>μὴ</span> <span class='ocrx_word' id='word_1_373' title='bbox 1428 1310 1485 1341; x_wconf 80' lang='grc' dir='ltr'>τοῖς</span> <span class='ocrx_word' id='word_1_374' title='bbox 1504 1308 1604 1344; x_wconf 87' lang='grc' dir='ltr'>ἡδέσιν,</span> <span class='ocrx_word' id='word_1_375' title='bbox 1632 1307 1700 1335; x_wconf 85' lang='grc' dir='ltr'><strong>ἀλλά</strong></span> <span class='ocrx_word' id='word_1_376' title='bbox 1721 1308 1777 1338; x_wconf 78' lang='grc' dir='ltr'>τοῖς</span> <span class='ocrx_word' id='word_1_377' title='bbox 1801 1305 1895 1341; x_wconf 73' lang='grc' dir='ltr'>ὠφελί-</span> 
     </span>
    </p>
   </div>
   <div class='ocr_carea' id='block_1_60' title="bbox 1135 1366 1185 1384">
    <p class='ocr_par' dir='ltr' id='par_1_60' title="bbox 1135 1366 1185 1384">
     <span class='ocr_line' id='line_1_61' title="bbox 1135 1366 1185 1384; baseline 0 0"><span class='ocrx_word' id='word_1_378' title='bbox 1135 1366 1185 1384; x_wconf 74' lang='grc' dir='ltr'>οιε.</span> 
     </span>
    </p>
   </div>
   <div class='ocr_carea' id='block_1_61' title="bbox 1114 1366 1899 1436">
    <p class='ocr_par' dir='ltr' id='par_1_61' title="bbox 1114 1366 1899 1436">
     <span class='ocr_line' id='line_1_62' title="bbox 1135 1366 1185 1384; baseline 0 0"><span class='ocrx_word' id='word_1_379' title='bbox 1135 1366 1149 1384; x_wconf 89' lang='grc' dir='ltr'><strong>ο</strong></span> <span class='ocrx_word' id='word_1_380' title='bbox 1178 1375 1185 1384; x_wconf 95' lang='grc'>.</span> 
     </span>
     <span class='ocr_line' id='line_1_63' title="bbox 1114 1366 1899 1436; baseline -0.009 -5"><span class='ocrx_word' id='word_1_381' title='bbox 1114 1366 1134 1393; x_wconf 75' lang='grc' dir='ltr'><strong>μ</strong></span> <span class='ocrx_word' id='word_1_382' title='bbox 1209 1402 1354 1434; x_wconf 75' lang='grc' dir='ltr'>σπουδαῖος</span> <span class='ocrx_word' id='word_1_383' title='bbox 1383 1400 1532 1436; x_wconf 76' lang='grc' dir='ltr'>ὀλιγοδεὴς,</span> <span class='ocrx_word' id='word_1_384' title='bbox 1560 1399 1695 1427; x_wconf 82' lang='grc' dir='ltr'>ἀθανάτου</span> <span class='ocrx_word' id='word_1_385' title='bbox 1721 1399 1768 1426; x_wconf 80' lang='grc' dir='ltr'><strong>καὶ</strong></span> <span class='ocrx_word' id='word_1_386' title='bbox 1800 1397 1899 1434; x_wconf 84' lang='grc' dir='ltr'><strong>θνητῆς</strong></span> 
     </span>
    </p>
   </div>
   <div class='ocr_carea' id='block_1_62' title="bbox 1113 1445 1899 1485">
    <p class='ocr_par' dir='ltr' id='par_1_62' title="bbox 1113 1445 1899 1485">
     <span class='ocr_line' id='line_1_64' title="bbox 1113 1445 1899 1485; baseline -0.006 -9"><span class='ocrx_word' id='word_1_387' title='bbox 1113 1449 1222 1485; x_wconf 82' lang='grc' dir='ltr'>φύσεως</span> <span class='ocrx_word' id='word_1_388' title='bbox 1237 1448 1377 1485; x_wconf 80' lang='grc' dir='ltr'><strong>μεθόριος·</strong></span> <span class='ocrx_word' id='word_1_389' title='bbox 1395 1448 1426 1474; x_wconf 86' lang='grc' dir='ltr'><strong>τὺ</strong></span> <span class='ocrx_word' id='word_1_390' title='bbox 1449 1447 1499 1482; x_wconf 84' lang='grc' dir='ltr'>μὲν</span> <span class='ocrx_word' id='word_1_391' title='bbox 1515 1446 1619 1478; x_wconf 63' lang='lat' dir='ltr'><strong>emtas;</strong></span> <span class='ocrx_word' id='word_1_392' title='bbox 1642 1446 1721 1481; x_wconf 72' lang='grc' dir='ltr'>ἔχων,</span> <span class='ocrx_word' id='word_1_393' title='bbox 1746 1445 1790 1472; x_wconf 82' lang='grc' dir='ltr'><strong>διὰ</strong></span> <span class='ocrx_word' id='word_1_394' title='bbox 1820 1445 1899 1480; x_wconf 87' lang='grc' dir='ltr'>σῶμα</span> 
     </span>
    </p>
   </div>
   <div class='ocr_carea' id='block_1_63' title="bbox 1114 1491 1899 1532">
    <p class='ocr_par' dir='ltr' id='par_1_63' title="bbox 1114 1491 1899 1532">
     <span class='ocr_line' id='line_1_65' title="bbox 1114 1491 1899 1532; baseline -0.005 -10"><span class='ocrx_word' id='word_1_395' title='bbox 1114 1496 1220 1531; x_wconf 78' lang='grc' dir='ltr'>θνητὸν,</span> <span class='ocrx_word' id='word_1_396' title='bbox 1235 1495 1266 1522; x_wconf 78' lang='grc' dir='ltr'>τὸ</span> <span class='ocrx_word' id='word_1_397' title='bbox 1289 1494 1319 1522; x_wconf 78' lang='grc' dir='ltr'>δὲ</span> <span class='ocrx_word' id='word_1_398' title='bbox 1343 1495 1381 1530; x_wconf 84' lang='grc' dir='ltr'>μὴ</span> <span class='ocrx_word' id='word_1_399' title='bbox 1404 1493 1542 1532; x_wconf 65' lang='grc' dir='ltr'>πολυδεὲς,</span> <span class='ocrx_word' id='word_1_400' title='bbox 1566 1492 1611 1521; x_wconf 85' lang='grc' dir='ltr'><strong>διὰ</strong></span> <span class='ocrx_word' id='word_1_401' title='bbox 1637 1491 1726 1528; x_wconf 84' lang='grc' dir='ltr'>ψυχὴν</span> <span class='ocrx_word' id='word_1_402' title='bbox 1752 1491 1899 1528; x_wconf 75' lang='grc' dir='ltr'>ἐφιεμένην</span> 
     </span>
    </p>
   </div>
   <div class='ocr_carea' id='block_1_64' title="bbox 1112 1540 1271 1574">
    <p class='ocr_par' dir='ltr' id='par_1_64' title="bbox 1112 1540 1271 1574">
     <span class='ocr_line' id='line_1_66' title="bbox 1112 1540 1271 1574; baseline -0.006 -5"><span class='ocrx_word' id='word_1_403' title='bbox 1112 1540 1271 1574; x_wconf 77' lang='grc' dir='ltr'>ἀθανασίας.</span> 
     </span>
    </p>
   </div>
   <div class='ocr_carea' id='block_1_65' title="bbox 1111 1665 1898 1702">
    <p class='ocr_par' dir='ltr' id='par_1_65' title="bbox 1111 1665 1898 1702">
     <span class='ocr_line' id='line_1_67' title="bbox 1111 1665 1898 1702; baseline -0.005 -7"><span class='ocrx_word' id='word_1_404' title='bbox 1111 1668 1200 1696; x_wconf 87' lang='grc' dir='ltr'><strong>ΤΙΤΔ.</strong></span> <span class='ocrx_word' id='word_1_405' title='bbox 1216 1667 1387 1702; x_wconf 77' lang='grc' dir='ltr'><strong>ΚΖ’.-Περὶ</strong></span> <span class='ocrx_word' id='word_1_406' title='bbox 1403 1665 1519 1700; x_wconf 76' lang='grc' dir='ltr'>ἀπάτης</span> <span class='ocrx_word' id='word_1_407' title='bbox 1531 1667 1594 1694; x_wconf 80' lang='grc' dir='ltr'>κατ’</span> <span class='ocrx_word' id='word_1_408' title='bbox 1606 1665 1778 1700; x_wconf 76' lang='grc' dir='ltr'>οΙκονομΙαν</span> <span class='ocrx_word' id='word_1_409' title='bbox 1799 1673 1898 1700; x_wconf 77' lang='grc' dir='ltr'>γινομ-</span> 
     </span>
    </p>
   </div>
   <div class='ocr_carea' id='block_1_66' title="bbox 1145 1701 1899 1738">
    <p class='ocr_par' dir='ltr' id='par_1_66' title="bbox 1145 1701 1899 1738">
     <span class='ocr_line' id='line_1_68' title="bbox 1145 1701 1899 1738; baseline -0.004 -7"><span class='ocrx_word' id='word_1_410' title='bbox 1145 1705 1220 1738; x_wconf 75' lang='grc' dir='ltr'>ένης</span> <span class='ocrx_word' id='word_1_411' title='bbox 1235 1703 1284 1730; x_wconf 73' lang='grc' dir='ltr'><strong>καί</strong></span> <span class='ocrx_word' id='word_1_412' title='bbox 1308 1701 1464 1738; x_wconf 26' lang='grc' dir='ltr'>ὅτινάπάτη</span> <span class='ocrx_word' id='word_1_413' title='bbox 1481 1702 1573 1729; x_wconf 73' lang='grc' dir='ltr'>δόλου</span> <span class='ocrx_word' id='word_1_414' title='bbox 1588 1701 1763 1736; x_wconf 82' lang='grc' dir='ltr'>ἀμοιροῦσα,</span> <span class='ocrx_word' id='word_1_415' title='bbox 1776 1702 1899 1728; x_wconf 75' lang='grc' dir='ltr'>ἔπαινον</span> 
     </span>
    </p>
   </div>
   <div class='ocr_carea' id='block_1_67' title="bbox 1146 1737 1522 1772">
    <p class='ocr_par' dir='ltr' id='par_1_67' title="bbox 1146 1737 1522 1772">
     <span class='ocr_line' id='line_1_69' title="bbox 1146 1737 1522 1772; baseline -0.005 -7"><span class='ocrx_word' id='word_1_416' title='bbox 1146 1738 1288 1772; x_wconf 78' lang='grc' dir='ltr'>προξενεῖ</span> <span class='ocrx_word' id='word_1_417' title='bbox 1301 1738 1341 1770; x_wconf 83' lang='grc' dir='ltr'>τῷ</span> <span class='ocrx_word' id='word_1_418' title='bbox 1357 1737 1522 1772; x_wconf 79' lang='grc' dir='ltr'>δεδρακότι.</span> 
     </span>
    </p>
   </div>
   <div class='ocr_carea' id='block_1_68' title="bbox 1148 1781 1897 1818">
    <p class='ocr_par' dir='ltr' id='par_1_68' title="bbox 1148 1781 1897 1818">
     <span class='ocr_line' id='line_1_70' title="bbox 1148 1781 1897 1818; baseline 0 -10"><span class='ocrx_word' id='word_1_419' title='bbox 1148 1792 1158 1808; x_wconf 75' lang='grc' dir='ltr'><strong>ι</strong></span> <span class='ocrx_word' id='word_1_420' title='bbox 1180 1781 1248 1810; x_wconf 86' lang='grc' dir='ltr'>Εἷπε</span> <span class='ocrx_word' id='word_1_421' title='bbox 1270 1783 1402 1809; x_wconf 84' lang='grc' dir='ltr'>Ῥεϐέκκα</span> <span class='ocrx_word' id='word_1_422' title='bbox 1417 1782 1486 1818; x_wconf 80' lang='grc' dir='ltr'>πρὸς</span> <span class='ocrx_word' id='word_1_423' title='bbox 1507 1782 1604 1809; x_wconf 80' lang='grc' dir='ltr'>Ἰακὼϐ</span> <span class='ocrx_word' id='word_1_424' title='bbox 1617 1781 1662 1809; x_wconf 79' lang='grc' dir='ltr'><strong>τὸν</strong></span> <span class='ocrx_word' id='word_1_425' title='bbox 1674 1781 1733 1809; x_wconf 82' lang='grc' dir='ltr'>υἱὸν</span> <span class='ocrx_word' id='word_1_426' title='bbox 1752 1782 1837 1817; x_wconf 83' lang='grc' dir='ltr'>αὐτῆς</span> <span class='ocrx_word' id='word_1_427' title='bbox 1851 1781 1897 1809; x_wconf 78' lang='grc' dir='ltr'><strong>τὸν</strong></span> 
     </span>
    </p>
   </div>
   <div class='ocr_carea' id='block_1_69' title="bbox 268 1829 1059 1866">
    <p class='ocr_par' dir='ltr' id='par_1_69' title="bbox 268 1830 1059 1866">
     <span class='ocr_line' id='line_1_71' title="bbox 268 1830 1059 1866; baseline -0.004 -6"><span class='ocrx_word' id='word_1_428' title='bbox 268 1831 354 1860; x_wconf 89' lang='lat' dir='ltr'><strong>ﬁlium</strong></span> <span class='ocrx_word' id='word_1_429' title='bbox 366 1840 446 1860; x_wconf 89' lang='lat' dir='ltr'><strong>suum</strong></span> <span class='ocrx_word' id='word_1_430' title='bbox 464 1831 626 1866; x_wconf 75' lang='lat' dir='ltr'><strong>iuniorem:</strong></span> <span class='ocrx_word' id='word_1_431' title='bbox 645 1830 715 1858; x_wconf 84' lang='lat' dir='ltr'><strong>Ecce</strong></span> <span class='ocrx_word' id='word_1_432' title='bbox 736 1831 827 1858; x_wconf 84' lang='lat' dir='ltr'><strong>audivi</strong></span> <span class='ocrx_word' id='word_1_433' title='bbox 852 1834 957 1865; x_wconf 86' lang='lat' dir='ltr'><strong>patrem</strong></span> <span class='ocrx_word' id='word_1_434' title='bbox 983 1835 1059 1857; x_wconf 92' lang='lat' dir='ltr'><strong>tuum</strong></span> 
     </span>
    </p>
   </div>
   <div class='ocr_carea' id='block_1_70' title="bbox 1108 1829 1897 1866">
    <p class='ocr_par' dir='ltr' id='par_1_70' title="bbox 1110 1829 1897 1866">
     <span class='ocr_line' id='line_1_72' title="bbox 1110 1829 1897 1866; baseline -0.004 -8"><span class='ocrx_word' id='word_1_435' title='bbox 1110 1830 1260 1866; x_wconf 87' lang='grc' dir='ltr'>νεώτερον·</span> <span class='ocrx_word' id='word_1_436' title='bbox 1283 1831 1349 1858; x_wconf 87' lang='grc' dir='ltr'>Ἰδοὺ</span> <span class='ocrx_word' id='word_1_437' title='bbox 1375 1830 1430 1864; x_wconf 81' lang='grc' dir='ltr'>ἐγὼ</span> <span class='ocrx_word' id='word_1_438' title='bbox 1451 1831 1555 1866; x_wconf 76' lang='grc' dir='ltr'>ἥκουσα</span> <span class='ocrx_word' id='word_1_439' title='bbox 1578 1830 1722 1862; x_wconf 77' lang='grc' dir='ltr'>λαλοῦντος</span> <span class='ocrx_word' id='word_1_440' title='bbox 1733 1829 1781 1856; x_wconf 84' lang='grc' dir='ltr'>τοῦ</span> <span class='ocrx_word' id='word_1_441' title='bbox 1797 1829 1897 1865; x_wconf 76' lang='grc' dir='ltr'>πατρός</span> 
     </span>
    </p>
   </div>
   <div class='ocr_carea' id='block_1_71' title="bbox 268 1875 1059 1917">
    <p class='ocr_par' dir='ltr' id='par_1_71' title="bbox 268 1876 1058 1917">
     <span class='ocr_line' id='line_1_73' title="bbox 268 1876 1058 1917; baseline -0.003 -12"><span class='ocrx_word' id='word_1_442' title='bbox 268 1878 427 1913; x_wconf 82' lang='lat' dir='ltr'><strong>loquentem</strong></span> <span class='ocrx_word' id='word_1_443' title='bbox 445 1878 479 1905; x_wconf 92' lang='lat' dir='ltr'><strong>ad</strong></span> <span class='ocrx_word' id='word_1_444' title='bbox 497 1876 570 1905; x_wconf 84' lang='lat' dir='ltr'><strong>Esau</strong></span> <span class='ocrx_word' id='word_1_445' title='bbox 591 1877 702 1904; x_wconf 80' lang='lat' dir='ltr'><strong>fratrem</strong></span> <span class='ocrx_word' id='word_1_446' title='bbox 719 1880 809 1908; x_wconf 86' lang='lat' dir='ltr'><strong>tuum,</strong></span> <span class='ocrx_word' id='word_1_447' title='bbox 821 1881 847 1904; x_wconf 91' lang='lat' dir='ltr'><strong>et</strong></span> <span class='ocrx_word' id='word_1_448' title='bbox 859 1876 996 1917; x_wconf 80' lang='lat' dir='ltr'><strong>dicentem</strong></span> <span class='ocrx_word' id='word_1_449' title='bbox 1012 1877 1035 1903; x_wconf 88' lang='lat' dir='ltr'><strong>ei</strong></span> <span class='ocrx_word' id='word_1_450' title='bbox 1051 1885 1058 1903; x_wconf 88' lang='lat'>:</span> 
     </span>
    </p>
   </div>
   <div class='ocr_carea' id='block_1_72' title="bbox 1108 1875 1895 1917">
    <p class='ocr_par' dir='ltr' id='par_1_72' title="bbox 1111 1875 1895 1912">
     <span class='ocr_line' id='line_1_74' title="bbox 1111 1875 1895 1912; baseline 0 -9"><span class='ocrx_word' id='word_1_451' title='bbox 1111 1885 1158 1904; x_wconf 89' lang='grc' dir='ltr'><strong>σου</strong></span> <span class='ocrx_word' id='word_1_452' title='bbox 1172 1877 1242 1912; x_wconf 86' lang='grc' dir='ltr'>πρὸς</span> <span class='ocrx_word' id='word_1_453' title='bbox 1259 1877 1345 1904; x_wconf 81' lang='grc' dir='ltr'><strong>Ἦσαῦ</strong></span> <span class='ocrx_word' id='word_1_454' title='bbox 1358 1877 1404 1904; x_wconf 71' lang='grc' dir='ltr'>τὸν</span> <span class='ocrx_word' id='word_1_455' title='bbox 1417 1876 1531 1912; x_wconf 81' lang='grc' dir='ltr'>ἀδελφόν</span> <span class='ocrx_word' id='word_1_456' title='bbox 1552 1885 1609 1909; x_wconf 83' lang='grc' dir='ltr'>σου,</span> <span class='ocrx_word' id='word_1_457' title='bbox 1621 1876 1746 1911; x_wconf 81' lang='grc' dir='ltr'>λέγοντος</span> <span class='ocrx_word' id='word_1_458' title='bbox 1757 1885 1764 1893; x_wconf 88' lang='grc'>·</span> <span class='ocrx_word' id='word_1_459' title='bbox 1782 1875 1895 1910; x_wconf 85' lang='grc' dir='ltr'>Ἔνεγκέ</span> 
     </span>
    </p>
   </div>
   <div class='ocr_carea' id='block_1_73' title="bbox 268 1918 1059 1959">
    <p class='ocr_par' dir='ltr' id='par_1_73' title="bbox 268 1922 1059 1955">
     <span class='ocr_line' id='line_1_75' title="bbox 268 1922 1059 1955; baseline -0.004 -3"><span class='ocrx_word' id='word_1_460' title='bbox 268 1924 344 1952; x_wconf 75' lang='lat' dir='ltr'><strong>Aﬁ&#39;er</strong></span> <span class='ocrx_word' id='word_1_461' title='bbox 353 1923 419 1951; x_wconf 87' lang='lat' dir='ltr'><strong>mihi</strong></span> <span class='ocrx_word' id='word_1_462' title='bbox 433 1923 615 1955; x_wconf 81' lang='lat' dir='ltr'><strong>venationem,</strong></span> <span class='ocrx_word' id='word_1_463' title='bbox 638 1927 666 1950; x_wconf 90' lang='lat' dir='ltr'><strong>et</strong></span> <span class='ocrx_word' id='word_1_464' title='bbox 683 1922 725 1949; x_wconf 82' lang='lat' dir='ltr'><strong>lac</strong></span> <span class='ocrx_word' id='word_1_465' title='bbox 737 1922 803 1949; x_wconf 91' lang='lat' dir='ltr'><strong>mihi</strong></span> <span class='ocrx_word' id='word_1_466' title='bbox 820 1922 926 1955; x_wconf 89' lang='lat' dir='ltr'><strong>edulia;</strong></span> <span class='ocrx_word' id='word_1_467' title='bbox 941 1926 968 1950; x_wconf 89' lang='lat' dir='ltr'><strong>et</strong></span> <span class='ocrx_word' id='word_1_468' title='bbox 982 1930 1059 1949; x_wconf 89' lang='lat' dir='ltr'><strong>man-</strong></span> 
     </span>
    </p>
   </div>
   <div class='ocr_carea' id='block_1_74' title="bbox 1108 1918 1896 1959">
    <p class='ocr_par' dir='ltr' id='par_1_74' title="bbox 1112 1918 1896 1959">
     <span class='ocr_line' id='line_1_76' title="bbox 1112 1918 1896 1959; baseline -0.001 -9"><span class='ocrx_word' id='word_1_469' title='bbox 1112 1932 1157 1958; x_wconf 90' lang='grc' dir='ltr'><strong>μοι</strong></span> <span class='ocrx_word' id='word_1_470' title='bbox 1176 1923 1273 1959; x_wconf 81' lang='grc' dir='ltr'>θήραν,</span> <span class='ocrx_word' id='word_1_471' title='bbox 1289 1924 1336 1950; x_wconf 71' lang='grc' dir='ltr'>καὶ</span> <span class='ocrx_word' id='word_1_472' title='bbox 1353 1923 1466 1958; x_wconf 81' lang='grc' dir='ltr'>ποίησόν</span> <span class='ocrx_word' id='word_1_473' title='bbox 1483 1932 1527 1959; x_wconf 90' lang='grc' dir='ltr'><strong>μοι</strong></span> <span class='ocrx_word' id='word_1_474' title='bbox 1553 1918 1688 1958; x_wconf 76' lang='grc' dir='ltr'>ἐδέσματα</span> <span class='ocrx_word' id='word_1_475' title='bbox 1699 1931 1706 1939; x_wconf 84' lang='grc'><em>’</em></span> <span class='ocrx_word' id='word_1_476' title='bbox 1735 1923 1781 1950; x_wconf 77' lang='grc' dir='ltr'>καὶ</span> <span class='ocrx_word' id='word_1_477' title='bbox 1805 1922 1896 1958; x_wconf 78' lang='grc' dir='ltr'>φαγὼν</span> 
     </span>
    </p>
   </div>
   <div class='ocr_carea' id='block_1_75' title="bbox 268 1967 1059 2005">
    <p class='ocr_par' dir='ltr' id='par_1_75' title="bbox 268 1967 1059 2003">
     <span class='ocr_line' id='line_1_77' title="bbox 268 1967 1059 2003; baseline -0.004 -6"><span class='ocrx_word' id='word_1_478' title='bbox 268 1970 374 1998; x_wconf 89' lang='lat' dir='ltr'><strong>ducans</strong></span> <span class='ocrx_word' id='word_1_479' title='bbox 388 1969 548 1997; x_wconf 87' lang='lat' dir='ltr'><strong>benedicam</strong></span> <span class='ocrx_word' id='word_1_480' title='bbox 565 1968 614 1996; x_wconf 88' lang='lat' dir='ltr'><strong>tibi</strong></span> <span class='ocrx_word' id='word_1_481' title='bbox 635 1975 727 1996; x_wconf 88' lang='lat' dir='ltr'><strong>coram</strong></span> <span class='ocrx_word' id='word_1_482' title='bbox 757 1967 883 2000; x_wconf 89' lang='lat' dir='ltr'><strong>Domino,</strong></span> <span class='ocrx_word' id='word_1_483' title='bbox 900 1967 1059 2003; x_wconf 81' lang='lat' dir='ltr'><strong>priusquam</strong></span> 
     </span>
    </p>
   </div>
   <div class='ocr_carea' id='block_1_76' title="bbox 1108 1967 1893 2005">
    <p class='ocr_par' dir='ltr' id='par_1_76' title="bbox 1110 1968 1893 2005">
     <span class='ocr_line' id='line_1_78' title="bbox 1110 1968 1893 2005; baseline 0.001 -11"><span class='ocrx_word' id='word_1_484' title='bbox 1110 1968 1251 2002; x_wconf 81' lang='grc' dir='ltr'>εὐλογήσω</span> <span class='ocrx_word' id='word_1_485' title='bbox 1267 1977 1296 1995; x_wconf 82' lang='grc' dir='ltr'><strong>σε</strong></span> <span class='ocrx_word' id='word_1_486' title='bbox 1308 1968 1430 1996; x_wconf 71' lang='grc' dir='ltr'>ἐναντίον</span> <span class='ocrx_word' id='word_1_487' title='bbox 1445 1969 1549 2005; x_wconf 85' lang='grc' dir='ltr'>Κυρίου</span> <span class='ocrx_word' id='word_1_488' title='bbox 1564 1969 1618 2004; x_wconf 80' lang='grc' dir='ltr'><strong>πρὸ</strong></span> <span class='ocrx_word' id='word_1_489' title='bbox 1630 1969 1677 1995; x_wconf 80' lang='grc' dir='ltr'>τοῦ</span> <span class='ocrx_word' id='word_1_490' title='bbox 1694 1969 1838 1996; x_wconf 83' lang='grc' dir='ltr'>ἀποθανεῖν</span> <span class='ocrx_word' id='word_1_491' title='bbox 1850 1977 1893 2003; x_wconf 79' lang='grc' dir='ltr'>με.</span> 
     </span>
    </p>
   </div>
   <div class='ocr_carea' id='block_1_77' title="bbox 269 2012 1059 2050">
    <p class='ocr_par' dir='ltr' id='par_1_77' title="bbox 269 2012 1059 2049">
     <span class='ocr_line' id='line_1_79' title="bbox 269 2012 1059 2049; baseline -0.003 -7"><span class='ocrx_word' id='word_1_492' title='bbox 269 2014 380 2042; x_wconf 90' lang='lat' dir='ltr'><strong>moriar.</strong></span> <span class='ocrx_word' id='word_1_493' title='bbox 393 2013 473 2041; x_wconf 84' lang='lat' dir='ltr'><strong>Nunc</strong></span> <span class='ocrx_word' id='word_1_494' title='bbox 487 2021 564 2049; x_wconf 69' lang='lat' dir='ltr'><strong>ergo,</strong></span> <span class='ocrx_word' id='word_1_495' title='bbox 583 2013 619 2040; x_wconf 89' lang='lat' dir='ltr'><strong>ﬁli</strong></span> <span class='ocrx_word' id='word_1_496' title='bbox 633 2013 679 2046; x_wconf 87' lang='lat' dir='ltr'><strong>mi,</strong></span> <span class='ocrx_word' id='word_1_497' title='bbox 696 2012 759 2040; x_wconf 85' lang='lat' dir='ltr'><strong>audi</strong></span> <span class='ocrx_word' id='word_1_498' title='bbox 773 2020 816 2040; x_wconf 92' lang='lat' dir='ltr'><strong>me</strong></span> <span class='ocrx_word' id='word_1_499' title='bbox 831 2013 984 2041; x_wconf 85' lang='lat' dir='ltr'><strong>secundum</strong></span> <span class='ocrx_word' id='word_1_500' title='bbox 999 2020 1059 2048; x_wconf 68' lang='lat' dir='ltr'><strong>qua!</strong></span> 
     </span>
    </p>
   </div>
   <div class='ocr_carea' id='block_1_78' title="bbox 1108 2012 1895 2050">
    <p class='ocr_par' dir='ltr' id='par_1_78' title="bbox 1110 2014 1895 2050">
     <span class='ocr_line' id='line_1_80' title="bbox 1110 2014 1895 2050; baseline 0 -10"><span class='ocrx_word' id='word_1_501' title='bbox 1110 2014 1167 2041; x_wconf 79' lang='grc' dir='ltr'><strong>Νῦν</strong></span> <span class='ocrx_word' id='word_1_502' title='bbox 1180 2014 1238 2048; x_wconf 79' lang='grc' dir='ltr'>οὖν,</span> <span class='ocrx_word' id='word_1_503' title='bbox 1256 2015 1308 2047; x_wconf 76' lang='grc' dir='ltr'>υἱὲ,</span> <span class='ocrx_word' id='word_1_504' title='bbox 1323 2015 1437 2042; x_wconf 78' lang='grc' dir='ltr'>ἄκουσόν</span> <span class='ocrx_word' id='word_1_505' title='bbox 1456 2024 1517 2050; x_wconf 87' lang='grc' dir='ltr'>μου,</span> <span class='ocrx_word' id='word_1_506' title='bbox 1538 2015 1610 2042; x_wconf 81' lang='grc' dir='ltr'>καθὰ</span> <span class='ocrx_word' id='word_1_507' title='bbox 1628 2014 1684 2050; x_wconf 79' lang='grc' dir='ltr'><strong>ἐγώ</strong></span> <span class='ocrx_word' id='word_1_508' title='bbox 1707 2023 1749 2042; x_wconf 90' lang='grc' dir='ltr'><strong>σοι</strong></span> <span class='ocrx_word' id='word_1_509' title='bbox 1776 2014 1895 2041; x_wconf 81' lang='grc' dir='ltr'>ἐντέλλο-</span> 
     </span>
    </p>
   </div>
   <div class='ocr_carea' id='block_1_79' title="bbox 268 2058 1059 2097">
    <p class='ocr_par' dir='ltr' id='par_1_79' title="bbox 268 2058 1059 2096">
     <span class='ocr_line' id='line_1_81' title="bbox 268 2058 1059 2096; baseline -0.003 -9"><span class='ocrx_word' id='word_1_510' title='bbox 268 2060 400 2096; x_wconf 70' lang='lat' dir='ltr'><strong>praecipio</strong></span> <span class='ocrx_word' id='word_1_511' title='bbox 418 2060 480 2093; x_wconf 90' lang='lat' dir='ltr'><strong>tibi,</strong></span> <span class='ocrx_word' id='word_1_512' title='bbox 497 2064 524 2087; x_wconf 90' lang='lat' dir='ltr'><strong>et</strong></span> <span class='ocrx_word' id='word_1_513' title='bbox 542 2067 660 2095; x_wconf 78' lang='lat' dir='ltr'><strong>pergens</strong></span> <span class='ocrx_word' id='word_1_514' title='bbox 691 2059 724 2086; x_wconf 87' lang='lat' dir='ltr'><strong>ad</strong></span> <span class='ocrx_word' id='word_1_515' title='bbox 749 2065 860 2093; x_wconf 80' lang='lat' dir='ltr'><strong>pecora,</strong></span> <span class='ocrx_word' id='word_1_516' title='bbox 882 2059 976 2093; x_wconf 79' lang='lat' dir='ltr'><strong>accipe</strong></span> <span class='ocrx_word' id='word_1_517' title='bbox 992 2058 1059 2085; x_wconf 85' lang='lat' dir='ltr'><strong>mihi</strong></span> 
     </span>
    </p>
   </div>
   <div class='ocr_carea' id='block_1_80' title="bbox 1108 2058 1895 2097">
    <p class='ocr_par' dir='ltr' id='par_1_80' title="bbox 1112 2061 1895 2097">
     <span class='ocr_line' id='line_1_82' title="bbox 1112 2061 1895 2097; baseline 0.001 -10"><span class='ocrx_word' id='word_1_518' title='bbox 1112 2069 1173 2095; x_wconf 85' lang='grc' dir='ltr'>μαι,</span> <span class='ocrx_word' id='word_1_519' title='bbox 1184 2062 1232 2087; x_wconf 75' lang='grc' dir='ltr'><strong>καὶ</strong></span> <span class='ocrx_word' id='word_1_520' title='bbox 1242 2061 1388 2096; x_wconf 74' lang='grc' dir='ltr'>πορευθεὶς</span> <span class='ocrx_word' id='word_1_521' title='bbox 1397 2062 1436 2093; x_wconf 81' lang='grc' dir='ltr'><strong>είς</strong></span> <span class='ocrx_word' id='word_1_522' title='bbox 1449 2061 1484 2088; x_wconf 86' lang='grc' dir='ltr'>τὰ</span> <span class='ocrx_word' id='word_1_523' title='bbox 1500 2061 1634 2097; x_wconf 84' lang='grc' dir='ltr'>πρόϐατα,</span> <span class='ocrx_word' id='word_1_524' title='bbox 1651 2061 1716 2088; x_wconf 82' lang='grc' dir='ltr'>λάϐε</span> <span class='ocrx_word' id='word_1_525' title='bbox 1735 2070 1779 2096; x_wconf 86' lang='grc' dir='ltr'><strong>μοι</strong></span> <span class='ocrx_word' id='word_1_526' title='bbox 1792 2061 1895 2088; x_wconf 78' lang='grc' dir='ltr'>ὲκεῖθεν</span> 
     </span>
    </p>
   </div>
   <div class='ocr_carea' id='block_1_81' title="bbox 268 2103 1059 2143">
    <p class='ocr_par' dir='ltr' id='par_1_81' title="bbox 268 2103 1059 2139">
     <span class='ocr_line' id='line_1_83' title="bbox 268 2103 1059 2139; baseline -0.003 -5"><span class='ocrx_word' id='word_1_527' title='bbox 268 2106 332 2134; x_wconf 90' lang='lat' dir='ltr'><strong>inde</strong></span> <span class='ocrx_word' id='word_1_528' title='bbox 345 2107 415 2134; x_wconf 88' lang='lat' dir='ltr'><strong>duos</strong></span> <span class='ocrx_word' id='word_1_529' title='bbox 431 2105 523 2133; x_wconf 67' lang='lat' dir='ltr'><strong>bardos</strong></span> <span class='ocrx_word' id='word_1_530' title='bbox 541 2110 651 2133; x_wconf 87' lang='lat' dir='ltr'><strong>teneros</strong></span> <span class='ocrx_word' id='word_1_531' title='bbox 663 2108 690 2132; x_wconf 91' lang='lat' dir='ltr'><strong>et</strong></span> <span class='ocrx_word' id='word_1_532' title='bbox 711 2105 842 2139; x_wconf 87' lang='lat' dir='ltr'><strong>optimos,</strong></span> <span class='ocrx_word' id='word_1_533' title='bbox 857 2107 884 2131; x_wconf 87' lang='lat' dir='ltr'><strong>et</strong></span> <span class='ocrx_word' id='word_1_534' title='bbox 899 2103 997 2131; x_wconf 81' lang='lat' dir='ltr'><strong>faciam</strong></span> <span class='ocrx_word' id='word_1_535' title='bbox 1012 2111 1059 2132; x_wconf 89' lang='lat' dir='ltr'><strong>eos</strong></span> 
     </span>
    </p>
   </div>
   <div class='ocr_carea' id='block_1_82' title="bbox 1108 2103 1896 2143">
    <p class='ocr_par' dir='ltr' id='par_1_82' title="bbox 1109 2106 1896 2143">
     <span class='ocr_line' id='line_1_84' title="bbox 1109 2106 1896 2143; baseline 0.001 -10"><span class='ocrx_word' id='word_1_536' title='bbox 1109 2106 1156 2133; x_wconf 88' lang='grc' dir='ltr'>δύο</span> <span class='ocrx_word' id='word_1_537' title='bbox 1170 2106 1280 2142; x_wconf 70' lang='grc' dir='ltr'>ἐρίφους</span> <span class='ocrx_word' id='word_1_538' title='bbox 1299 2107 1419 2139; x_wconf 79' lang='grc' dir='ltr'>ἁπαλοὺς</span> <span class='ocrx_word' id='word_1_539' title='bbox 1429 2107 1474 2135; x_wconf 76' lang='grc' dir='ltr'>καὶ</span> <span class='ocrx_word' id='word_1_540' title='bbox 1490 2107 1599 2141; x_wconf 81' lang='grc' dir='ltr'>καλοὺς,</span> <span class='ocrx_word' id='word_1_541' title='bbox 1618 2108 1663 2135; x_wconf 81' lang='grc' dir='ltr'>καὶ</span> <span class='ocrx_word' id='word_1_542' title='bbox 1677 2108 1780 2143; x_wconf 85' lang='grc' dir='ltr'>ποιήσω</span> <span class='ocrx_word' id='word_1_543' title='bbox 1798 2108 1896 2139; x_wconf 80' lang='grc' dir='ltr'>αὐτοὺς</span> 
     </span>
    </p>
   </div>
   <div class='ocr_carea' id='block_1_83' title="bbox 267 2149 1059 2189">
    <p class='ocr_par' dir='ltr' id='par_1_83' title="bbox 267 2149 1057 2186">
     <span class='ocr_line' id='line_1_85' title="bbox 267 2149 1057 2186; baseline -0.004 -8"><span class='ocrx_word' id='word_1_544' title='bbox 267 2151 359 2178; x_wconf 83' lang='lat' dir='ltr'><strong>edulia</strong></span> <span class='ocrx_word' id='word_1_545' title='bbox 377 2151 446 2186; x_wconf 81' lang='lat' dir='ltr'><strong>patri</strong></span> <span class='ocrx_word' id='word_1_546' title='bbox 463 2155 522 2182; x_wconf 89' lang='lat' dir='ltr'><strong>tuo,</strong></span> <span class='ocrx_word' id='word_1_547' title='bbox 537 2154 564 2177; x_wconf 90' lang='lat' dir='ltr'><strong>et</strong></span> <span class='ocrx_word' id='word_1_548' title='bbox 583 2149 780 2183; x_wconf 85' lang='lat' dir='ltr'><strong>manducabit;</strong></span> <span class='ocrx_word' id='word_1_549' title='bbox 797 2153 827 2176; x_wconf 88' lang='lat' dir='ltr'><strong>ut</strong></span> <span class='ocrx_word' id='word_1_550' title='bbox 845 2149 990 2176; x_wconf 87' lang='lat' dir='ltr'><strong>benedicat</strong></span> <span class='ocrx_word' id='word_1_551' title='bbox 1009 2149 1057 2176; x_wconf 89' lang='lat' dir='ltr'><strong>tibi</strong></span> 
     </span>
    </p>
   </div>
   <div class='ocr_carea' id='block_1_84' title="bbox 1108 2149 1895 2189">
    <p class='ocr_par' dir='ltr' id='par_1_84' title="bbox 1110 2151 1895 2189">
     <span class='ocr_line' id='line_1_86' title="bbox 1110 2151 1895 2189; baseline 0.003 -11"><span class='ocrx_word' id='word_1_552' title='bbox 1110 2151 1246 2187; x_wconf 77' lang='grc' dir='ltr'>ἐδέσματα</span> <span class='ocrx_word' id='word_1_553' title='bbox 1258 2152 1297 2187; x_wconf 87' lang='grc' dir='ltr'>τῷ</span> <span class='ocrx_word' id='word_1_554' title='bbox 1307 2152 1389 2188; x_wconf 88' lang='grc' dir='ltr'>πατρί</span> <span class='ocrx_word' id='word_1_555' title='bbox 1401 2161 1460 2185; x_wconf 84' lang='grc' dir='ltr'>σου,</span> <span class='ocrx_word' id='word_1_556' title='bbox 1471 2153 1517 2180; x_wconf 83' lang='grc' dir='ltr'>καὶ</span> <span class='ocrx_word' id='word_1_557' title='bbox 1533 2153 1659 2188; x_wconf 78' lang='grc' dir='ltr'>φάγεται,</span> <span class='ocrx_word' id='word_1_558' title='bbox 1671 2153 1746 2185; x_wconf 76' lang='grc' dir='ltr'>ὅπως</span> <span class='ocrx_word' id='word_1_559' title='bbox 1762 2153 1895 2189; x_wconf 78' lang='grc' dir='ltr'>εὐλογήσῃ</span> 
     </span>
    </p>
   </div>
   <div class='ocr_carea' id='block_1_85' title="bbox 270 2193 1059 2233">
    <p class='ocr_par' dir='ltr' id='par_1_85' title="bbox 270 2193 1059 2230">
     <span class='ocr_line' id='line_1_87' title="bbox 270 2193 1059 2230; baseline 0 -8"><span class='ocrx_word' id='word_1_560' title='bbox 270 2199 346 2230; x_wconf 87' lang='lat' dir='ltr'><strong>pater</strong></span> <span class='ocrx_word' id='word_1_561' title='bbox 360 2199 424 2222; x_wconf 88' lang='lat' dir='ltr'><strong>tuus</strong></span> <span class='ocrx_word' id='word_1_562' title='bbox 440 2195 602 2230; x_wconf 87' lang='lat' dir='ltr'><strong>priusquam</strong></span> <span class='ocrx_word' id='word_1_563' title='bbox 620 2194 764 2221; x_wconf 87' lang='lat' dir='ltr'><strong>moriatur.</strong></span> <span class='ocrx_word' id='word_1_564' title='bbox 781 2193 855 2221; x_wconf 86' lang='lat' dir='ltr'><strong>Dixit</strong></span> <span class='ocrx_word' id='word_1_565' title='bbox 869 2199 959 2222; x_wconf 84' lang='lat' dir='ltr'><strong>autem</strong></span> <span class='ocrx_word' id='word_1_566' title='bbox 974 2193 1059 2222; x_wconf 83' lang='lat' dir='ltr'><strong>Jacob</strong></span> 
     </span>
    </p>
   </div>
   <div class='ocr_carea' id='block_1_86' title="bbox 1108 2193 1897 2233">
    <p class='ocr_par' dir='ltr' id='par_1_86' title="bbox 1114 2197 1897 2233">
     <span class='ocr_line' id='line_1_88' title="bbox 1114 2197 1897 2233; baseline 0.001 -9"><span class='ocrx_word' id='word_1_567' title='bbox 1114 2205 1143 2224; x_wconf 82' lang='grc' dir='ltr'><strong>σε</strong></span> <span class='ocrx_word' id='word_1_568' title='bbox 1156 2198 1169 2223; x_wconf 80' lang='grc' dir='ltr'>ὁ</span> <span class='ocrx_word' id='word_1_569' title='bbox 1184 2198 1274 2233; x_wconf 88' lang='grc' dir='ltr'>πατήρ</span> <span class='ocrx_word' id='word_1_570' title='bbox 1287 2206 1333 2225; x_wconf 89' lang='grc' dir='ltr'><strong>σου</strong></span> <span class='ocrx_word' id='word_1_571' title='bbox 1344 2198 1397 2233; x_wconf 73' lang='grc' dir='ltr'>πρὸ</span> <span class='ocrx_word' id='word_1_572' title='bbox 1406 2198 1452 2225; x_wconf 82' lang='grc' dir='ltr'>τοῦ</span> <span class='ocrx_word' id='word_1_573' title='bbox 1464 2199 1546 2225; x_wconf 79' lang='grc' dir='ltr'>αὐτὸν</span> <span class='ocrx_word' id='word_1_574' title='bbox 1556 2198 1710 2227; x_wconf 82' lang='grc' dir='ltr'>ἀποθανεῖν.</span> <span class='ocrx_word' id='word_1_575' title='bbox 1722 2197 1789 2226; x_wconf 83' lang='grc' dir='ltr'>Εἷπε</span> <span class='ocrx_word' id='word_1_576' title='bbox 1803 2199 1831 2225; x_wconf 87' lang='grc' dir='ltr'>δὲ</span> <span class='ocrx_word' id='word_1_577' title='bbox 1845 2199 1897 2225; x_wconf 83' lang='grc' dir='ltr'><strong>Ἰα-</strong></span> 
     </span>
    </p>
   </div>
   <div class='ocr_carea' id='block_1_87' title="bbox 270 2238 1059 2280">
    <p class='ocr_par' dir='ltr' id='par_1_87' title="bbox 270 2238 1059 2276">
     <span class='ocr_line' id='line_1_89' title="bbox 270 2238 1059 2276; baseline 0.001 -9"><span class='ocrx_word' id='word_1_578' title='bbox 270 2241 303 2267; x_wconf 81' lang='lat' dir='ltr'><strong>ad</strong></span> <span class='ocrx_word' id='word_1_579' title='bbox 322 2241 473 2268; x_wconf 82' lang='lat' dir='ltr'><strong>Rebeccam</strong></span> <span class='ocrx_word' id='word_1_580' title='bbox 509 2243 623 2267; x_wconf 88' lang='lat' dir='ltr'><strong>matrem</strong></span> <span class='ocrx_word' id='word_1_581' title='bbox 638 2246 715 2266; x_wconf 87' lang='lat' dir='ltr'><strong>suam</strong></span> <span class='ocrx_word' id='word_1_582' title='bbox 731 2248 738 2266; x_wconf 87' lang='lat'><strong>:</strong></span> <span class='ocrx_word' id='word_1_583' title='bbox 757 2238 806 2266; x_wconf 86' lang='lat' dir='ltr'><strong>Est</strong></span> <span class='ocrx_word' id='word_1_584' title='bbox 829 2239 913 2267; x_wconf 83' lang='lat' dir='ltr'><strong>frater</strong></span> <span class='ocrx_word' id='word_1_585' title='bbox 927 2248 1004 2267; x_wconf 85' lang='lat' dir='ltr'><strong>meus</strong></span> <span class='ocrx_word' id='word_1_586' title='bbox 1017 2241 1059 2276; x_wconf 90' lang='lat' dir='ltr'><strong>pi-</strong></span> 
     </span>
    </p>
   </div>
   <div class='ocr_carea' id='block_1_88' title="bbox 1108 2238 1896 2280">
    <p class='ocr_par' dir='ltr' id='par_1_88' title="bbox 1113 2242 1896 2280">
     <span class='ocr_line' id='line_1_90' title="bbox 1113 2242 1896 2280; baseline 0.003 -11"><span class='ocrx_word' id='word_1_587' title='bbox 1113 2242 1170 2270; x_wconf 87' lang='grc' dir='ltr'><strong>κὼϐ</strong></span> <span class='ocrx_word' id='word_1_588' title='bbox 1183 2243 1249 2278; x_wconf 82' lang='grc' dir='ltr'>πρὸς</span> <span class='ocrx_word' id='word_1_589' title='bbox 1260 2243 1410 2271; x_wconf 85' lang='grc' dir='ltr'>Ῥεϐέκκαν</span> <span class='ocrx_word' id='word_1_590' title='bbox 1421 2244 1470 2280; x_wconf 81' lang='grc' dir='ltr'>τὴν</span> <span class='ocrx_word' id='word_1_591' title='bbox 1480 2244 1586 2280; x_wconf 83' lang='grc' dir='ltr'>μητέρα</span> <span class='ocrx_word' id='word_1_592' title='bbox 1594 2244 1685 2271; x_wconf 80' lang='grc' dir='ltr'>αὑτοῦ·</span> <span class='ocrx_word' id='word_1_593' title='bbox 1693 2245 1787 2271; x_wconf 83' lang='grc' dir='ltr'>Ἔστιν</span> <span class='ocrx_word' id='word_1_594' title='bbox 1797 2246 1810 2271; x_wconf 78' lang='grc' dir='ltr'><strong>ὁ</strong></span> <span class='ocrx_word' id='word_1_595' title='bbox 1820 2244 1896 2271; x_wconf 56' lang='lat' dir='ltr'><strong>38s).-</strong></span> 
     </span>
    </p>
   </div>
   <div class='ocr_carea' id='block_1_89' title="bbox 270 2284 1059 2326">
    <p class='ocr_par' dir='ltr' id='par_1_89' title="bbox 270 2284 1059 2321">
     <span class='ocr_line' id='line_1_91' title="bbox 270 2284 1059 2321; baseline 0 -8"><span class='ocrx_word' id='word_1_596' title='bbox 270 2287 429 2321; x_wconf 81' lang='lat' dir='ltr'><strong>losus;ego</strong></span> <span class='ocrx_word' id='word_1_597' title='bbox 442 2289 533 2313; x_wconf 85' lang='lat' dir='ltr'><strong>autem</strong></span> <span class='ocrx_word' id='word_1_598' title='bbox 553 2286 597 2313; x_wconf 88' lang='lat' dir='ltr'><strong>vir</strong></span> <span class='ocrx_word' id='word_1_599' title='bbox 617 2285 696 2313; x_wconf 86' lang='lat' dir='ltr'><strong>lenis.</strong></span> <span class='ocrx_word' id='word_1_600' title='bbox 720 2284 759 2313; x_wconf 88' lang='lat' dir='ltr'><strong>Ne</strong></span> <span class='ocrx_word' id='word_1_601' title='bbox 788 2285 858 2313; x_wconf 79' lang='lat' dir='ltr'><strong>forte</strong></span> <span class='ocrx_word' id='word_1_602' title='bbox 873 2286 1059 2314; x_wconf 85' lang='lat' dir='ltr'><strong>attrectaverit</strong></span> 
     </span>
    </p>
   </div>
   <div class='ocr_carea' id='block_1_90' title="bbox 1108 2284 1896 2326">
    <p class='ocr_par' dir='ltr' id='par_1_90' title="bbox 1111 2288 1896 2326">
     <span class='ocr_line' id='line_1_92' title="bbox 1111 2288 1896 2326; baseline 0.001 -11"><span class='ocrx_word' id='word_1_603' title='bbox 1111 2288 1160 2322; x_wconf 80' lang='grc' dir='ltr'>φύς</span> <span class='ocrx_word' id='word_1_604' title='bbox 1185 2297 1236 2324; x_wconf 82' lang='grc' dir='ltr'><strong>μου</strong></span> <span class='ocrx_word' id='word_1_605' title='bbox 1251 2289 1321 2325; x_wconf 84' lang='grc' dir='ltr'>ἀνὴρ</span> <span class='ocrx_word' id='word_1_606' title='bbox 1342 2289 1434 2321; x_wconf 86' lang='grc' dir='ltr'>δασὺς,</span> <span class='ocrx_word' id='word_1_607' title='bbox 1458 2289 1513 2324; x_wconf 74' lang='grc' dir='ltr'>ἐγὼ</span> <span class='ocrx_word' id='word_1_608' title='bbox 1538 2289 1567 2316; x_wconf 77' lang='grc' dir='ltr'>δὲ</span> <span class='ocrx_word' id='word_1_609' title='bbox 1593 2289 1663 2325; x_wconf 85' lang='grc' dir='ltr'>ἀνὴρ</span> <span class='ocrx_word' id='word_1_610' title='bbox 1686 2290 1766 2322; x_wconf 83' lang='grc' dir='ltr'>λεῖος.</span> <span class='ocrx_word' id='word_1_611' title='bbox 1783 2291 1896 2326; x_wconf 77' lang='grc' dir='ltr'>Μήποτε</span> 
     </span>
    </p>
   </div>
   <div class='ocr_carea' id='block_1_91' title="bbox 269 2332 1059 2372">
    <p class='ocr_par' dir='ltr' id='par_1_91' title="bbox 269 2332 1059 2367">
     <span class='ocr_line' id='line_1_93' title="bbox 269 2332 1059 2367; baseline -0.001 -7"><span class='ocrx_word' id='word_1_612' title='bbox 269 2340 312 2360; x_wconf 91' lang='lat' dir='ltr'><strong>me</strong></span> <span class='ocrx_word' id='word_1_613' title='bbox 327 2336 406 2367; x_wconf 84' lang='lat' dir='ltr'><strong>pater</strong></span> <span class='ocrx_word' id='word_1_614' title='bbox 423 2339 511 2364; x_wconf 82' lang='lat' dir='ltr'><strong>meus,</strong></span> <span class='ocrx_word' id='word_1_615' title='bbox 528 2335 555 2359; x_wconf 89' lang='lat' dir='ltr'><strong>et</strong></span> <span class='ocrx_word' id='word_1_616' title='bbox 570 2339 617 2359; x_wconf 89' lang='lat' dir='ltr'><strong>ero</strong></span> <span class='ocrx_word' id='word_1_617' title='bbox 629 2332 657 2359; x_wconf 90' lang='lat' dir='ltr'><strong>in</strong></span> <span class='ocrx_word' id='word_1_618' title='bbox 675 2336 826 2366; x_wconf 87' lang='lat' dir='ltr'><strong>conspectu</strong></span> <span class='ocrx_word' id='word_1_619' title='bbox 852 2332 911 2366; x_wconf 83' lang='lat' dir='ltr'><strong>ejus</strong></span> <span class='ocrx_word' id='word_1_620' title='bbox 930 2336 960 2359; x_wconf 88' lang='lat' dir='ltr'><strong>ut</strong></span> <span class='ocrx_word' id='word_1_621' title='bbox 980 2339 1059 2367; x_wconf 78' lang='lat' dir='ltr'><strong>sper-</strong></span> 
     </span>
    </p>
   </div>
   <div class='ocr_carea' id='block_1_92' title="bbox 1108 2332 1897 2372">
    <p class='ocr_par' dir='ltr' id='par_1_92' title="bbox 1110 2333 1897 2372">
     <span class='ocr_line' id='line_1_94' title="bbox 1110 2333 1897 2372; baseline 0.003 -12"><span class='ocrx_word' id='word_1_622' title='bbox 1110 2333 1261 2372; x_wconf 82' lang='grc' dir='ltr'>ψηλαφήσῃ</span> <span class='ocrx_word' id='word_1_623' title='bbox 1288 2343 1322 2371; x_wconf 87' lang='grc' dir='ltr'><strong>με</strong></span> <span class='ocrx_word' id='word_1_624' title='bbox 1344 2336 1358 2361; x_wconf 82' lang='grc'>6</span> <span class='ocrx_word' id='word_1_625' title='bbox 1383 2335 1474 2371; x_wconf 81' lang='grc' dir='ltr'>πατήρ</span> <span class='ocrx_word' id='word_1_626' title='bbox 1501 2344 1561 2371; x_wconf 88' lang='grc' dir='ltr'>μου,</span> <span class='ocrx_word' id='word_1_627' title='bbox 1587 2336 1635 2362; x_wconf 79' lang='grc' dir='ltr'>καὶ</span> <span class='ocrx_word' id='word_1_628' title='bbox 1659 2335 1757 2371; x_wconf 73' lang='grc' dir='ltr'>ἔσομαι</span> <span class='ocrx_word' id='word_1_629' title='bbox 1776 2336 1897 2362; x_wconf 73' lang='grc' dir='ltr'>ἐναντίον</span> 
     </span>
    </p>
   </div>
   <div class='ocr_carea' id='block_1_93' title="bbox 269 2377 1059 2417">
    <p class='ocr_par' dir='ltr' id='par_1_93' title="bbox 269 2377 1057 2412">
     <span class='ocr_line' id='line_1_95' title="bbox 269 2377 1057 2412; baseline -0.001 -7"><span class='ocrx_word' id='word_1_630' title='bbox 269 2386 337 2405; x_wconf 86' lang='lat' dir='ltr'><strong>ncus</strong></span> <span class='ocrx_word' id='word_1_631' title='bbox 350 2387 356 2405; x_wconf 93' lang='lat'>:</span> <span class='ocrx_word' id='word_1_632' title='bbox 374 2382 401 2406; x_wconf 86' lang='lat' dir='ltr'><strong>et</strong></span> <span class='ocrx_word' id='word_1_633' title='bbox 416 2377 544 2404; x_wconf 82' lang='lat' dir='ltr'><strong>inducam</strong></span> <span class='ocrx_word' id='word_1_634' title='bbox 561 2384 643 2412; x_wconf 90' lang='lat' dir='ltr'><strong>super</strong></span> <span class='ocrx_word' id='word_1_635' title='bbox 657 2384 700 2404; x_wconf 89' lang='lat' dir='ltr'><strong>me</strong></span> <span class='ocrx_word' id='word_1_636' title='bbox 714 2377 946 2408; x_wconf 78' lang='lat' dir='ltr'><strong>maledictionem,</strong></span> <span class='ocrx_word' id='word_1_637' title='bbox 964 2381 991 2404; x_wconf 88' lang='lat' dir='ltr'><strong>et</strong></span> <span class='ocrx_word' id='word_1_638' title='bbox 1002 2383 1057 2405; x_wconf 88' lang='lat' dir='ltr'><strong>non</strong></span> 
     </span>
    </p>
   </div>
   <div class='ocr_carea' id='block_1_94' title="bbox 1108 2377 1897 2417">
    <p class='ocr_par' dir='ltr' id='par_1_94' title="bbox 1110 2379 1897 2417">
     <span class='ocr_line' id='line_1_96' title="bbox 1110 2379 1897 2417; baseline 0.003 -11"><span class='ocrx_word' id='word_1_639' title='bbox 1110 2379 1193 2407; x_wconf 82' lang='grc' dir='ltr'>αὑτοῦ</span> <span class='ocrx_word' id='word_1_640' title='bbox 1209 2381 1248 2412; x_wconf 87' lang='grc' dir='ltr'>ὡς</span> <span class='ocrx_word' id='word_1_641' title='bbox 1263 2381 1458 2417; x_wconf 84' lang='grc' dir='ltr'>καταφρονῶν·</span> <span class='ocrx_word' id='word_1_642' title='bbox 1473 2382 1519 2408; x_wconf 85' lang='grc' dir='ltr'><strong>καὶ</strong></span> <span class='ocrx_word' id='word_1_643' title='bbox 1536 2381 1628 2415; x_wconf 77' lang='grc' dir='ltr'>ἐπάξω</span> <span class='ocrx_word' id='word_1_644' title='bbox 1640 2381 1682 2407; x_wconf 76' lang='grc' dir='ltr'><strong>ἐπ’</strong></span> <span class='ocrx_word' id='word_1_645' title='bbox 1693 2381 1811 2417; x_wconf 82' lang='grc' dir='ltr'>ἐμαυτὸν</span> <span class='ocrx_word' id='word_1_646' title='bbox 1829 2388 1897 2408; x_wconf 64' lang='grc' dir='ltr'>κατι</span> 
     </span>
    </p>
   </div>
   <div class='ocr_carea' id='block_1_95' title="bbox 268 2421 1059 2463">
    <p class='ocr_par' dir='ltr' id='par_1_95' title="bbox 268 2421 1058 2453">
     <span class='ocr_line' id='line_1_97' title="bbox 268 2421 1058 2453; baseline -0.006 0"><span class='ocrx_word' id='word_1_647' title='bbox 268 2424 497 2452; x_wconf 85' lang='lat' dir='ltr'><strong>benediclionem.</strong></span> <span class='ocrx_word' id='word_1_648' title='bbox 510 2423 583 2450; x_wconf 82' lang='lat' dir='ltr'><strong>Dixit</strong></span> <span class='ocrx_word' id='word_1_649' title='bbox 598 2426 688 2450; x_wconf 91' lang='lat' dir='ltr'><strong>autem</strong></span> <span class='ocrx_word' id='word_1_650' title='bbox 703 2427 789 2450; x_wconf 91' lang='lat' dir='ltr'><strong>mater</strong></span> <span class='ocrx_word' id='word_1_651' title='bbox 802 2431 808 2449; x_wconf 91' lang='lat'><strong>:</strong></span> <span class='ocrx_word' id='word_1_652' title='bbox 827 2422 855 2448; x_wconf 90' lang='lat' dir='ltr'><strong>In</strong></span> <span class='ocrx_word' id='word_1_653' title='bbox 871 2429 913 2449; x_wconf 93' lang='lat' dir='ltr'><strong>me</strong></span> <span class='ocrx_word' id='word_1_654' title='bbox 930 2423 966 2449; x_wconf 87' lang='lat' dir='ltr'><strong>sit</strong></span> <span class='ocrx_word' id='word_1_655' title='bbox 975 2421 1058 2453; x_wconf 79' lang='lat' dir='ltr'><strong>male-,</strong></span> 
     </span>
    </p>
   </div>
   <div class='ocr_carea' id='block_1_96' title="bbox 1108 2421 1896 2463">
    <p class='ocr_par' dir='ltr' id='par_1_96' title="bbox 1110 2424 1896 2463">
     <span class='ocr_line' id='line_1_98' title="bbox 1110 2424 1896 2463; baseline 0 -10"><span class='ocrx_word' id='word_1_656' title='bbox 1110 2425 1191 2461; x_wconf 80' lang='grc' dir='ltr'>άραν,</span> <span class='ocrx_word' id='word_1_657' title='bbox 1207 2426 1255 2453; x_wconf 77' lang='grc' dir='ltr'>καὶ</span> <span class='ocrx_word' id='word_1_658' title='bbox 1281 2427 1332 2454; x_wconf 77' lang='grc' dir='ltr'>οὐκ</span> <span class='ocrx_word' id='word_1_659' title='bbox 1358 2426 1494 2462; x_wconf 78' lang='grc' dir='ltr'>εὐλογίαν.</span> <span class='ocrx_word' id='word_1_660' title='bbox 1512 2424 1579 2454; x_wconf 65' lang='lat' dir='ltr'><strong>Eine</strong></span> <span class='ocrx_word' id='word_1_661' title='bbox 1597 2427 1624 2454; x_wconf 79' lang='grc' dir='ltr'>δὲ</span> <span class='ocrx_word' id='word_1_662' title='bbox 1641 2428 1733 2463; x_wconf 81' lang='grc' dir='ltr'>μήτηρ</span> <span class='ocrx_word' id='word_1_663' title='bbox 1744 2434 1751 2442; x_wconf 88' lang='grc'><strong>·</strong></span> <span class='ocrx_word' id='word_1_664' title='bbox 1774 2428 1832 2454; x_wconf 83' lang='grc' dir='ltr'><strong>Ἐπ’</strong></span> <span class='ocrx_word' id='word_1_665' title='bbox 1845 2427 1896 2463; x_wconf 72' lang='grc' dir='ltr'><strong>ἐμὲ</strong></span> 
     </span>
    </p>
   </div>
   <div class='ocr_carea' id='block_1_97' title="bbox 267 2466 1059 2508">
    <p class='ocr_par' dir='ltr' id='par_1_97' title="bbox 267 2466 1058 2502">
     <span class='ocr_line' id='line_1_99' title="bbox 267 2466 1058 2502; baseline -0.003 -5"><span class='ocrx_word' id='word_1_666' title='bbox 267 2471 352 2498; x_wconf 89' lang='lat' dir='ltr'><strong>dictio</strong></span> <span class='ocrx_word' id='word_1_667' title='bbox 380 2473 443 2502; x_wconf 86' lang='lat' dir='ltr'><strong>tua,</strong></span> <span class='ocrx_word' id='word_1_668' title='bbox 460 2469 515 2502; x_wconf 83' lang='lat' dir='ltr'><strong>ﬁli;</strong></span> <span class='ocrx_word' id='word_1_669' title='bbox 531 2469 619 2496; x_wconf 91' lang='lat' dir='ltr'><strong>solum</strong></span> <span class='ocrx_word' id='word_1_670' title='bbox 634 2468 715 2495; x_wconf 87' lang='lat' dir='ltr'><strong>obedi</strong></span> <span class='ocrx_word' id='word_1_671' title='bbox 726 2467 785 2495; x_wconf 87' lang='lat' dir='ltr'><strong>voci</strong></span> <span class='ocrx_word' id='word_1_672' title='bbox 802 2474 877 2494; x_wconf 82' lang='lat' dir='ltr'><strong>meae.</strong></span> <span class='ocrx_word' id='word_1_673' title='bbox 900 2466 934 2493; x_wconf 86' lang='lat' dir='ltr'><strong>Et</strong></span> <span class='ocrx_word' id='word_1_674' title='bbox 957 2466 1058 2495; x_wconf 83' lang='lat' dir='ltr'><strong>vadens</strong></span> 
     </span>
    </p>
   </div>
   <div class='ocr_carea' id='block_1_98' title="bbox 1108 2466 1897 2508">
    <p class='ocr_par' dir='ltr' id='par_1_98' title="bbox 1110 2471 1897 2508">
     <span class='ocr_line' id='line_1_100' title="bbox 1110 2471 1897 2508; baseline 0.003 -11"><span class='ocrx_word' id='word_1_675' title='bbox 1110 2471 1128 2506; x_wconf 85' lang='grc' dir='ltr'><strong>ἡ</strong></span> <span class='ocrx_word' id='word_1_676' title='bbox 1140 2471 1247 2507; x_wconf 82' lang='grc' dir='ltr'>κατάρα</span> <span class='ocrx_word' id='word_1_677' title='bbox 1267 2479 1324 2505; x_wconf 82' lang='grc' dir='ltr'>σου,</span> <span class='ocrx_word' id='word_1_678' title='bbox 1339 2471 1435 2498; x_wconf 83' lang='grc' dir='ltr'>τέκνον</span> <span class='ocrx_word' id='word_1_679' title='bbox 1446 2479 1453 2486; x_wconf 92' lang='grc'><strong>·</strong></span> <span class='ocrx_word' id='word_1_680' title='bbox 1477 2471 1557 2506; x_wconf 88' lang='grc' dir='ltr'>μόνον</span> <span class='ocrx_word' id='word_1_681' title='bbox 1570 2471 1724 2499; x_wconf 83' lang='grc' dir='ltr'>ὑπάκουσον</span> <span class='ocrx_word' id='word_1_682' title='bbox 1741 2471 1793 2507; x_wconf 83' lang='grc' dir='ltr'>τῆς</span> <span class='ocrx_word' id='word_1_683' title='bbox 1805 2472 1897 2508; x_wconf 72' lang='grc' dir='ltr'>φωνῆς</span> 
     </span>
    </p>
   </div>
   <div class='ocr_carea' id='block_1_99' title="bbox 268 2512 1059 2552">
    <p class='ocr_par' dir='ltr' id='par_1_99' title="bbox 268 2512 1055 2550">
     <span class='ocr_line' id='line_1_101' title="bbox 268 2512 1055 2550; baseline -0.003 -7"><span class='ocrx_word' id='word_1_684' title='bbox 268 2516 360 2544; x_wconf 76' lang='lat' dir='ltr'><strong>attulit</strong></span> <span class='ocrx_word' id='word_1_685' title='bbox 377 2516 457 2542; x_wconf 84' lang='lat' dir='ltr'><strong>matri</strong></span> <span class='ocrx_word' id='word_1_686' title='bbox 469 2522 537 2542; x_wconf 67' lang='lat' dir='ltr'><strong>sum.</strong></span> <span class='ocrx_word' id='word_1_687' title='bbox 547 2515 724 2550; x_wconf 87' lang='lat' dir='ltr'><strong>Etaccipiens</strong></span> <span class='ocrx_word' id='word_1_688' title='bbox 739 2514 860 2541; x_wconf 81' lang='lat' dir='ltr'><strong>Rebecca</strong></span> <span class='ocrx_word' id='word_1_689' title='bbox 874 2513 971 2540; x_wconf 87' lang='lat' dir='ltr'><strong>stolam</strong></span> <span class='ocrx_word' id='word_1_690' title='bbox 984 2512 1055 2541; x_wconf 85' lang='lat' dir='ltr'><strong>Esau</strong></span> 
     </span>
    </p>
   </div>
   <div class='ocr_carea' id='block_1_100' title="bbox 1108 2512 1896 2552">
    <p class='ocr_par' dir='ltr' id='par_1_100' title="bbox 1112 2516 1896 2552">
     <span class='ocr_line' id='line_1_102' title="bbox 1112 2516 1896 2552; baseline 0.003 -10"><span class='ocrx_word' id='word_1_691' title='bbox 1112 2524 1174 2551; x_wconf 86' lang='grc' dir='ltr'>μου.</span> <span class='ocrx_word' id='word_1_692' title='bbox 1198 2516 1252 2543; x_wconf 81' lang='grc' dir='ltr'><strong>Καὶ</strong></span> <span class='ocrx_word' id='word_1_693' title='bbox 1272 2516 1416 2552; x_wconf 81' lang='grc' dir='ltr'>πορευθεὶς</span> <span class='ocrx_word' id='word_1_694' title='bbox 1441 2516 1536 2551; x_wconf 81' lang='grc' dir='ltr'>ἔνεγκε</span> <span class='ocrx_word' id='word_1_695' title='bbox 1560 2518 1594 2552; x_wconf 80' lang='grc' dir='ltr'>τῇ</span> <span class='ocrx_word' id='word_1_696' title='bbox 1619 2517 1703 2552; x_wconf 81' lang='grc' dir='ltr'>μητρὶ</span> <span class='ocrx_word' id='word_1_697' title='bbox 1731 2518 1832 2544; x_wconf 77' lang='grc' dir='ltr'>αὐτοῦ’</span> <span class='ocrx_word' id='word_1_698' title='bbox 1849 2519 1896 2544; x_wconf 80' lang='grc' dir='ltr'>καὶ</span> 
     </span>
    </p>
   </div>
   <div class='ocr_carea' id='block_1_101' title="bbox 267 2558 1059 2598">
    <p class='ocr_par' dir='ltr' id='par_1_101' title="bbox 267 2558 1056 2595">
     <span class='ocr_line' id='line_1_103' title="bbox 267 2558 1056 2595; baseline -0.005 -6"><span class='ocrx_word' id='word_1_699' title='bbox 267 2562 315 2589; x_wconf 89' lang='lat' dir='ltr'><strong>ﬁlii</strong></span> <span class='ocrx_word' id='word_1_700' title='bbox 336 2561 379 2589; x_wconf 90' lang='lat' dir='ltr'><strong>sui</strong></span> <span class='ocrx_word' id='word_1_701' title='bbox 406 2561 524 2589; x_wconf 84' lang='lat' dir='ltr'><strong>senioris</strong></span> <span class='ocrx_word' id='word_1_702' title='bbox 538 2560 691 2595; x_wconf 84' lang='lat' dir='ltr'><strong>pulchram,</strong></span> <span class='ocrx_word' id='word_1_703' title='bbox 715 2567 776 2594; x_wconf 69' lang='lat' dir='ltr'><strong>quae</strong></span> <span class='ocrx_word' id='word_1_704' title='bbox 799 2562 858 2585; x_wconf 88' lang='lat' dir='ltr'><strong>erat</strong></span> <span class='ocrx_word' id='word_1_705' title='bbox 876 2559 948 2593; x_wconf 88' lang='lat' dir='ltr'><strong>apud</strong></span> <span class='ocrx_word' id='word_1_706' title='bbox 969 2558 1056 2594; x_wconf 89' lang='lat' dir='ltr'><strong>ipsam</strong></span> 
     </span>
    </p>
   </div>
   <div class='ocr_carea' id='block_1_102' title="bbox 1108 2558 1897 2598">
    <p class='ocr_par' dir='ltr' id='par_1_102' title="bbox 1109 2561 1897 2598">
     <span class='ocr_line' id='line_1_104' title="bbox 1109 2561 1897 2598; baseline 0.003 -10"><span class='ocrx_word' id='word_1_707' title='bbox 1109 2561 1228 2590; x_wconf 83' lang='grc' dir='ltr'>λαϐοῦσα</span> <span class='ocrx_word' id='word_1_708' title='bbox 1247 2562 1380 2589; x_wconf 84' lang='grc' dir='ltr'>Ῥεϐέκκα</span> <span class='ocrx_word' id='word_1_709' title='bbox 1391 2562 1440 2598; x_wconf 83' lang='grc' dir='ltr'>τὴν</span> <span class='ocrx_word' id='word_1_710' title='bbox 1457 2563 1553 2598; x_wconf 83' lang='grc' dir='ltr'>στολὴν</span> <span class='ocrx_word' id='word_1_711' title='bbox 1573 2563 1658 2590; x_wconf 86' lang='grc' dir='ltr'><strong>Ἡσαῦ</strong></span> <span class='ocrx_word' id='word_1_712' title='bbox 1675 2563 1722 2590; x_wconf 84' lang='grc' dir='ltr'>τοῦ</span> <span class='ocrx_word' id='word_1_713' title='bbox 1735 2564 1793 2590; x_wconf 71' lang='grc' dir='ltr'>υἱοῦ</span> <span class='ocrx_word' id='word_1_714' title='bbox 1811 2563 1897 2598; x_wconf 82' lang='grc' dir='ltr'>αὐτῆς</span> 
     </span>
    </p>
   </div>
   <div class='ocr_carea' id='block_1_103' title="bbox 267 2604 1059 2645">
    <p class='ocr_par' dir='ltr' id='par_1_103' title="bbox 267 2604 1059 2640">
     <span class='ocr_line' id='line_1_105' title="bbox 267 2604 1059 2640; baseline -0.005 -5"><span class='ocrx_word' id='word_1_715' title='bbox 267 2608 352 2640; x_wconf 89' lang='lat' dir='ltr'><strong>domi,</strong></span> <span class='ocrx_word' id='word_1_716' title='bbox 368 2607 457 2634; x_wconf 85' lang='lat' dir='ltr'><strong>induit</strong></span> <span class='ocrx_word' id='word_1_717' title='bbox 467 2605 551 2633; x_wconf 85' lang='lat' dir='ltr'><strong>Jacob</strong></span> <span class='ocrx_word' id='word_1_718' title='bbox 566 2606 650 2632; x_wconf 85' lang='lat' dir='ltr'><strong>lilium</strong></span> <span class='ocrx_word' id='word_1_719' title='bbox 670 2605 905 2639; x_wconf 87' lang='lat' dir='ltr'><strong>suumjuuiorem,</strong></span> <span class='ocrx_word' id='word_1_720' title='bbox 928 2608 956 2631; x_wconf 88' lang='lat' dir='ltr'><strong>et</strong></span> <span class='ocrx_word' id='word_1_721' title='bbox 976 2604 1059 2639; x_wconf 89' lang='lat' dir='ltr'><strong>pelles</strong></span> 
     </span>
    </p>
   </div>
   <div class='ocr_carea' id='block_1_104' title="bbox 1108 2604 1897 2645">
    <p class='ocr_par' dir='ltr' id='par_1_104' title="bbox 1108 2607 1897 2645">
     <span class='ocr_line' id='line_1_106' title="bbox 1108 2607 1897 2645; baseline 0.003 -11"><span class='ocrx_word' id='word_1_722' title='bbox 1108 2607 1155 2634; x_wconf 80' lang='grc' dir='ltr'>τοῦ</span> <span class='ocrx_word' id='word_1_723' title='bbox 1179 2608 1367 2644; x_wconf 78' lang='grc' dir='ltr'>πρεσϐυτέρου</span> <span class='ocrx_word' id='word_1_724' title='bbox 1391 2609 1442 2644; x_wconf 89' lang='grc' dir='ltr'><strong>τὴν</strong></span> <span class='ocrx_word' id='word_1_725' title='bbox 1465 2609 1560 2644; x_wconf 82' lang='grc' dir='ltr'>καλὴν,</span> <span class='ocrx_word' id='word_1_726' title='bbox 1575 2609 1592 2644; x_wconf 86' lang='grc' dir='ltr'><strong>ἡ</strong></span> <span class='ocrx_word' id='word_1_727' title='bbox 1616 2607 1649 2645; x_wconf 86' lang='grc' dir='ltr'>ἦν</span> <span class='ocrx_word' id='word_1_728' title='bbox 1675 2611 1740 2645; x_wconf 81' lang='grc' dir='ltr'>παρ’</span> <span class='ocrx_word' id='word_1_729' title='bbox 1762 2610 1847 2645; x_wconf 77' lang='grc' dir='ltr'>αὐτὴν</span> <span class='ocrx_word' id='word_1_730' title='bbox 1866 2611 1897 2636; x_wconf 78' lang='grc' dir='ltr'>ὲν</span> 
     </span>
    </p>
   </div>
   <div class='ocr_carea' id='block_1_105' title="bbox 268 2650 1059 2691">
    <p class='ocr_par' dir='ltr' id='par_1_105' title="bbox 268 2650 1059 2686">
     <span class='ocr_line' id='line_1_107' title="bbox 268 2650 1059 2686; baseline -0.004 -7"><span class='ocrx_word' id='word_1_731' title='bbox 268 2653 409 2679; x_wconf 61' lang='lat' dir='ltr'><strong>haedorum</strong></span> <span class='ocrx_word' id='word_1_732' title='bbox 428 2653 629 2686; x_wconf 88' lang='lat' dir='ltr'><strong>circumposuit</strong></span> <span class='ocrx_word' id='word_1_733' title='bbox 658 2650 761 2677; x_wconf 85' lang='lat' dir='ltr'><strong>circum</strong></span> <span class='ocrx_word' id='word_1_734' title='bbox 791 2650 902 2676; x_wconf 83' lang='lat' dir='ltr'><strong>brachia</strong></span> <span class='ocrx_word' id='word_1_735' title='bbox 931 2650 1002 2684; x_wconf 81' lang='lat' dir='ltr'><strong>ejus,</strong></span> <span class='ocrx_word' id='word_1_736' title='bbox 1032 2654 1059 2677; x_wconf 90' lang='lat' dir='ltr'><strong>et</strong></span> 
     </span>
    </p>
   </div>
   <div class='ocr_carea' id='block_1_106' title="bbox 1108 2650 1898 2691">
    <p class='ocr_par' dir='ltr' id='par_1_106' title="bbox 1108 2650 1898 2691">
     <span class='ocr_line' id='line_1_108' title="bbox 1108 2650 1898 2691; baseline 0.004 -12"><span class='ocrx_word' id='word_1_737' title='bbox 1108 2652 1147 2688; x_wconf 85' lang='grc' dir='ltr'>τῷ</span> <span class='ocrx_word' id='word_1_738' title='bbox 1161 2650 1237 2689; x_wconf 68' lang='grc' dir='ltr'>οἴκῳ,</span> <span class='ocrx_word' id='word_1_739' title='bbox 1251 2653 1359 2680; x_wconf 71' lang='grc' dir='ltr'>ἐνέδυσε</span> <span class='ocrx_word' id='word_1_740' title='bbox 1383 2654 1480 2681; x_wconf 82' lang='grc' dir='ltr'>Ἰακὼϐ</span> <span class='ocrx_word' id='word_1_741' title='bbox 1496 2655 1542 2681; x_wconf 75' lang='grc' dir='ltr'><strong>τὸν</strong></span> <span class='ocrx_word' id='word_1_742' title='bbox 1559 2655 1616 2681; x_wconf 84' lang='grc' dir='ltr'>υίὸν</span> <span class='ocrx_word' id='word_1_743' title='bbox 1633 2656 1717 2691; x_wconf 83' lang='grc' dir='ltr'>αὐτῆς</span> <span class='ocrx_word' id='word_1_744' title='bbox 1735 2656 1781 2682; x_wconf 78' lang='grc' dir='ltr'><strong>τὸν</strong></span> <span class='ocrx_word' id='word_1_745' title='bbox 1796 2656 1898 2682; x_wconf 71' lang='lat' dir='ltr'><strong>verb-.5—</strong></span> 
     </span>
    </p>
   </div>
   <div class='ocr_carea' id='block_1_107' title="bbox 269 2694 1059 2737">
    <p class='ocr_par' dir='ltr' id='par_1_107' title="bbox 269 2694 1058 2730">
     <span class='ocr_line' id='line_1_109' title="bbox 269 2694 1058 2730; baseline 0 -8"><span class='ocrx_word' id='word_1_746' title='bbox 269 2704 351 2730; x_wconf 83' lang='lat' dir='ltr'><strong>supcr</strong></span> <span class='ocrx_word' id='word_1_747' title='bbox 375 2697 447 2724; x_wconf 89' lang='lat' dir='ltr'><strong>nuda</strong></span> <span class='ocrx_word' id='word_1_748' title='bbox 470 2697 533 2724; x_wconf 91' lang='lat' dir='ltr'><strong>colli</strong></span> <span class='ocrx_word' id='word_1_749' title='bbox 564 2696 687 2730; x_wconf 82' lang='lat' dir='ltr'><strong>cjus;et</strong></span> <span class='ocrx_word' id='word_1_750' title='bbox 699 2694 773 2722; x_wconf 86' lang='lat' dir='ltr'><strong>dedit</strong></span> <span class='ocrx_word' id='word_1_751' title='bbox 804 2702 883 2722; x_wconf 85' lang='lat' dir='ltr'><strong>escas</strong></span> <span class='ocrx_word' id='word_1_752' title='bbox 910 2694 937 2721; x_wconf 89' lang='lat' dir='ltr'><strong>in</strong></span> <span class='ocrx_word' id='word_1_753' title='bbox 958 2702 1058 2722; x_wconf 88' lang='lat' dir='ltr'><strong>manus</strong></span> 
     </span>
    </p>
   </div>
   <div class='ocr_carea' id='block_1_108' title="bbox 1108 2694 1899 2737">
    <p class='ocr_par' dir='ltr' id='par_1_108' title="bbox 1110 2697 1899 2737">
     <span class='ocr_line' id='line_1_110' title="bbox 1110 2697 1899 2737; baseline 0.005 -14"><span class='ocrx_word' id='word_1_754' title='bbox 1110 2705 1166 2730; x_wconf 83' lang='lat' dir='ltr'><strong>oov,</strong></span> <span class='ocrx_word' id='word_1_755' title='bbox 1184 2697 1282 2724; x_wconf 80' lang='grc' dir='ltr'>καὶτὰ</span> <span class='ocrx_word' id='word_1_756' title='bbox 1300 2698 1421 2734; x_wconf 85' lang='grc' dir='ltr'>δέρματα</span> <span class='ocrx_word' id='word_1_757' title='bbox 1453 2699 1508 2726; x_wconf 79' lang='grc' dir='ltr'>τῶν</span> <span class='ocrx_word' id='word_1_758' title='bbox 1535 2700 1636 2735; x_wconf 72' lang='grc' dir='ltr'>ἐρίφων</span> <span class='ocrx_word' id='word_1_759' title='bbox 1659 2701 1806 2736; x_wconf 78' lang='grc' dir='ltr'>περιέθηκε</span> <span class='ocrx_word' id='word_1_760' title='bbox 1832 2701 1899 2737; x_wconf 70' lang='grc' dir='ltr'>περὶ</span> 
     </span>
    </p>
   </div>
   <div class='ocr_carea' id='block_1_109' title="bbox 268 2740 1059 2785">
    <p class='ocr_par' dir='ltr' id='par_1_109' title="bbox 268 2740 898 2778">
     <span class='ocr_line' id='line_1_111' title="bbox 268 2740 898 2778; baseline 0.002 -11"><span class='ocrx_word' id='word_1_761' title='bbox 268 2740 353 2768; x_wconf 75' lang='lat' dir='ltr'><strong>Jac-ob</strong></span> <span class='ocrx_word' id='word_1_762' title='bbox 367 2743 413 2769; x_wconf 86' lang='lat' dir='ltr'><strong>lilii</strong></span> <span class='ocrx_word' id='word_1_763' title='bbox 438 2744 492 2775; x_wconf 85' lang='lat' dir='ltr'><strong>sui,</strong></span> <span class='ocrx_word' id='word_1_764' title='bbox 517 2750 586 2778; x_wconf 89' lang='lat' dir='ltr'><strong>quas</strong></span> <span class='ocrx_word' id='word_1_765' title='bbox 602 2743 694 2770; x_wconf 87' lang='lat' dir='ltr'><strong>intulit</strong></span> <span class='ocrx_word' id='word_1_766' title='bbox 712 2743 783 2777; x_wconf 88' lang='lat' dir='ltr'><strong>patri</strong></span> <span class='ocrx_word' id='word_1_767' title='bbox 807 2750 868 2769; x_wconf 90' lang='lat' dir='ltr'><strong>suo.</strong></span> <span class='ocrx_word' id='word_1_768' title='bbox 888 2751 898 2767; x_wconf 71' lang='grc' dir='ltr'><strong>ι</strong></span> 
     </span>
    </p>
   </div>
   <div class='ocr_carea' id='block_1_110' title="bbox 1108 2740 1898 2785">
    <p class='ocr_par' dir='ltr' id='par_1_110' title="bbox 1108 2744 1898 2785">
     <span class='ocr_line' id='line_1_112' title="bbox 1108 2744 1898 2785; baseline 0.009 -16"><span class='ocrx_word' id='word_1_769' title='bbox 1108 2744 1171 2775; x_wconf 74' lang='grc' dir='ltr'>τοὺς</span> <span class='ocrx_word' id='word_1_770' title='bbox 1186 2744 1331 2780; x_wconf 83' lang='grc' dir='ltr'>βραχίονας</span> <span class='ocrx_word' id='word_1_771' title='bbox 1346 2746 1439 2780; x_wconf 80' lang='grc' dir='ltr'>αὑτοῦ,</span> <span class='ocrx_word' id='word_1_772' title='bbox 1461 2747 1508 2774; x_wconf 75' lang='grc' dir='ltr'>καὶ</span> <span class='ocrx_word' id='word_1_773' title='bbox 1525 2748 1571 2775; x_wconf 74' lang='grc' dir='ltr'><strong>ἐπὶ</strong></span> <span class='ocrx_word' id='word_1_774' title='bbox 1592 2748 1627 2775; x_wconf 79' lang='grc' dir='ltr'>τὰ</span> <span class='ocrx_word' id='word_1_775' title='bbox 1652 2749 1743 2784; x_wconf 79' lang='grc' dir='ltr'>γυμνὰ</span> <span class='ocrx_word' id='word_1_776' title='bbox 1766 2749 1813 2776; x_wconf 80' lang='grc' dir='ltr'>τοῦ</span> <span class='ocrx_word' id='word_1_777' title='bbox 1828 2758 1898 2785; x_wconf 82' lang='grc' dir='ltr'>τρα-</span> 
     </span>
    </p>
   </div>
   <div class='ocr_carea' id='block_1_111' title="bbox 270 2786 1898 2832">
    <p class='ocr_par' dir='ltr' id='par_1_111' title="bbox 270 2786 1898 2832">
     <span class='ocr_line' id='line_1_113' title="bbox 270 2786 1898 2832; baseline 0.007 -20"><span class='ocrx_word' id='word_1_778' title='bbox 270 2786 352 2832; x_wconf 54' lang='grc' dir='ltr'>χὴλου</span> <span class='ocrx_word' id='word_1_779' title='bbox 370 2789 463 2818; x_wconf 70' lang='grc' dir='ltr'>αὐτοῦ.</span> <span class='ocrx_word' id='word_1_780' title='bbox 485 2789 532 2816; x_wconf 70' lang='grc' dir='ltr'>καὶ</span> <span class='ocrx_word' id='word_1_781' title='bbox 545 2789 627 2816; x_wconf 75' lang='grc' dir='ltr'>ἔδωκε</span> <span class='ocrx_word' id='word_1_782' title='bbox 642 2789 676 2816; x_wconf 75' lang='grc' dir='ltr'><strong>τὰ</strong></span> <span class='ocrx_word' id='word_1_783' title='bbox 691 2789 825 2824; x_wconf 75' lang='grc' dir='ltr'>ἐδέσματα</span> <span class='ocrx_word' id='word_1_784' title='bbox 844 2790 884 2821; x_wconf 85' lang='grc' dir='ltr'><strong>εἰς</strong></span> <span class='ocrx_word' id='word_1_785' title='bbox 896 2789 944 2821; x_wconf 70' lang='grc' dir='ltr'><strong>τὰς</strong></span> <span class='ocrx_word' id='word_1_786' title='bbox 962 2790 1057 2824; x_wconf 87' lang='grc' dir='ltr'>χεῖρας</span> <span class='ocrx_word' id='word_1_787' title='bbox 1082 2789 1180 2817; x_wconf 84' lang='grc' dir='ltr'>Ἰακὼϐ</span> <span class='ocrx_word' id='word_1_788' title='bbox 1193 2791 1240 2818; x_wconf 84' lang='grc' dir='ltr'><strong>τοῦ</strong></span> <span class='ocrx_word' id='word_1_789' title='bbox 1257 2793 1315 2820; x_wconf 82' lang='grc' dir='ltr'>υἱοῦ</span> <span class='ocrx_word' id='word_1_790' title='bbox 1338 2794 1435 2830; x_wconf 79' lang='grc' dir='ltr'>αὐτῆς.</span> <span class='ocrx_word' id='word_1_791' title='bbox 1460 2794 1507 2822; x_wconf 78' lang='grc' dir='ltr'>καὶ</span> <span class='ocrx_word' id='word_1_792' title='bbox 1529 2795 1688 2830; x_wconf 69' lang='grc' dir='ltr'>εἰσήνεγγςιε</span> <span class='ocrx_word' id='word_1_793' title='bbox 1728 2795 1767 2830; x_wconf 85' lang='grc' dir='ltr'>τῷ</span> <span class='ocrx_word' id='word_1_794' title='bbox 1808 2795 1898 2832; x_wconf 79' lang='grc' dir='ltr'>πατρὶ</span> 
     </span>
    </p>
   </div>
   <div class='ocr_carea' id='block_1_112' title="bbox 269 2831 393 2857">
    <p class='ocr_par' dir='ltr' id='par_1_112' title="bbox 269 2831 393 2857">
     <span class='ocr_line' id='line_1_114' title="bbox 269 2831 393 2857; baseline 0.016 -2"><span class='ocrx_word' id='word_1_795' title='bbox 269 2831 364 2857; x_wconf 68' lang='grc' dir='ltr'>αὑτοῦ.</span> <span class='ocrx_word' id='word_1_796' title='bbox 384 2841 393 2857; x_wconf 71' lang='grc' dir='ltr'><strong>ι</strong></span> 
     </span>
    </p>
   </div>
   <div class='ocr_carea' id='block_1_113' title="bbox 1514 2861 1521 2878">
    <p class='ocr_par' dir='ltr' id='par_1_113' title="bbox 1514 2861 1521 2878">
     <span class='ocr_line' id='line_1_115' title="bbox 1514 2861 1521 2878; baseline 0 0"><span class='ocrx_word' id='word_1_797' title='bbox 1514 2861 1521 2878; x_wconf 98' lang='grc' dir='ltr'><em>Ι</em></span> 
     </span>
    </p>
   </div>
  </div>
