2074 3115
243 91 311 125 1227

831 83 862 113 S.
876 79 1036 113 JOANNIS
1056 78 1274 112 DAMASCENI

1799 76 1875 121 ms

242 148 422 185 quoadusque
463 142 565 171 reversi
599 144 702 173 erunt,
738 139 785 175 qui
826 140 1030 174 persequuntur

1084 135 1193 185 ὀρεινὴν
1207 137 1408 185 ἀπέλθατεχμὴ
1430 140 1632 175 συναντήσωοιν
1647 143 1671 170 οι
1689 144 1872 173 καταδιώκον-

243 203 303 223 νος.
324 204 334 221 l

279 285 292 311 1
310 283 374 318 Reg.
390 288 444 312 im,
467 279 490 306 ι.
505 293 538 299 -
557 287 566 305 ι
584 278 658 305 Dixit
678 276 810 304 Dominus
834 275 868 303 ad
892 274 1004 303 Samuel
1022 283 1030 302 :

245 330 329 365 Imple
358 335 445 356 cornu
469 330 548 353 tuum
575 324 652 356 oleo,
681 328 708 350 et
734 321 809 353 veni.
830 321 939 348 mittam
957 324 984 347 te
1003 318 1031 346 in

244 376 381 404 Bethleem
405 373 438 401 ad
460 371 553 403 Jessw,
576 369 656 406 367
679 369 744 404 quia
766 367 822 394 vidi
849 366 878 394 in
894 366 959 394 ﬁliis
971 366 1031 401 ejus

245 421 311 448 mihi
342 427 445 455 regem.
461 417 495 445 Et
509 416 578 444 dixit
598 415 711 443 Samuel
733 423 740 441 :
761 412 906 446 Quomodo
924 411 990 439 ibo?
1004 417 1033 439 et

244 466 336 494 audiet
353 464 429 498 Saul,
445 468 473 492 et
490 461 634 491 interﬁciet
653 468 707 488 me.
723 459 756 487 Et
781 458 851 487 dixit
871 457 1005 485 Dominus
1023 466 1030 484 :

247 511 461 539 Vitulamhoum
479 516 545 544 cape
559 508 586 535 in
598 514 681 535 manu
696 509 754 538 tua,
770 509 796 532 et
808 503 884 532 dices
901 514 907 531 :
930 503 971 530 Ad
989 510 1032 531 sa-

244 557 425 586 criﬁcandum
451 555 569 584 Domino
589 553 682 582 venio.
712 553 746 581 Et
771 551 882 579 vocabis
906 550 990 578 Jessre
1004 553 1032 577 et

245 603 318 630 ﬁlios
329 602 389 637 ejus
421 600 455 628 ad
476 598 656 630 sacriﬁcium,
682 602 709 625 et
732 604 820 632 unges
841 602 1032 631 quemcunque

243 649 339 676 dixero
352 646 414 674 tibi.
425 645 459 672 Et
475 644 539 672 fecit
553 642 664 671 Samuel
678 642 770 671 omnia
793 648 854 676 quae
867 641 978 669 locutus
991 644 1032 669 est

243 693 376 720 Dominus
388 691 423 719 ei.
440 699 450 717 )

277 738 369 766 Schol.
382 737 450 765 Hinc
468 735 602 765 discimus
618 734 755 762 interdum
769 736 845 761 certo
856 733 973 761 consilio
989 732 1034 760 ad-

242 784 427 814 ministranda
441 791 503 812 esse
524 782 648 817 negotia,
669 787 720 808 nec
743 786 850 815 semper
865 777 1031 806 auctoritate
1045 802 1070 834 Β

242 838 268 861 ct
283 831 428 868 potestatis
443 828 626 865 amplitudine
642 826 786 855 utendum.
803 824 1030 860 Quandoquidem

245 878 328 910 Deus,
354 877 400 912 qui
423 875 468 903 vel
493 881 620 902 sermone
642 873 702 901 solo
731 880 776 900 res
801 878 897 899 omnes
919 874 991 898 tenet
1006 875 1033 898 et

244 923 325 959 regit,
341 927 368 950 et
389 921 514 948 funditus
539 919 650 947 Saulem
675 918 855 952 exstinguere
876 921 903 944 et
917 917 944 943 in
960 916 1032 943 nihi-

243 969 300 996 lum
319 967 446 1002 redigere
473 968 592 997 poterat,
618 962 765 998 imperavit
789 961 911 995 Samuel,
926 965 956 989 ut
973 966 1032 989 arte

244 1014 365 1050 quadam
385 1010 622 1048 percontationem
638 1009 699 1044 ejus
719 1008 855 1036 eluderet.

279 1059 294 1087 1
308 1058 371 1094 Reg.
387 1065 445 1090 ςιχ,
470 1056 562 1084 ιε-ιι.
583 1069 617 1076 -ι
635 1064 645 1081 ι
672 1054 846 1082 Descendere
872 1053 938 1080 facit
966 1052 1032 1081 Mel-

243 1105 304 1133 chol
321 1103 405 1132 David
432 1110 482 1138 per
497 1101 664 1130 fenestram:
693 1105 720 1128 et
743 1099 826 1134 fugit,
844 1103 872 1127 et
896 1099 1031 1131 salvatur,

245 1149 277 1178 Et
293 1149 400 1185 accepit
427 1147 547 1176 Melchol
575 1145 750 1181 eenotaphia,
774 1148 801 1173 et
827 1144 921 1180 posuit
950 1152 1033 1180 super

245 1198 345 1225 lectum
359 1216 367 1229 ,
382 1199 409 1223 et
423 1194 504 1230 jecur
524 1200 685 1228 caprarum,
702 1195 728 1219 et
745 1191 896 1226 stragulum
918 1190 1032 1226 capillo-

244 1250 304 1270 rum
314 1241 406 1278 posuit
421 1240 454 1268 ad
469 1243 552 1275 caput
565 1239 636 1274 ejus,
649 1242 677 1266 et
688 1237 798 1272 operuit
812 1243 845 1264 ea
856 1237 1031 1264 vestimento.

245 1286 278 1313 Et
295 1286 373 1314 misit
390 1285 457 1312 Saul
487 1283 602 1311 nuntios
619 1282 653 1309 ad
683 1281 847 1317 capiendum
874 1280 979 1308 David:
1006 1285 1033 1309 et

245 1331 314 1359 dixit
329 1330 456 1364 Melehol,
470 1329 550 1356 illum
568 1332 715 1364 aegrotare.
737 1337 746 1354 ν
828 1326 830 1329 ’

248 1376 250 1379 ’
282 1375 506 1404 Basilii—Neu
537 1375 564 1402 in
593 1374 673 1402 hellis
691 1374 783 1408 modo,
817 1375 866 1403 sed
895 1374 976 1402 etiam
1004 1375 1031 1401 in

246 1430 323 1458 pace.
350 1422 490 1457 ingentem
515 1424 592 1448 astus
615 1420 765 1448 utilitatem
783 1423 810 1448 et
836 1419 1031 1448 necessitatem

1081 191 1126 214 τες
1136 183 1219 218 ὑμᾶς,
1233 184 1280 210 καὶ
1295 184 1465 221 κρυϐήσεσθε
1480 186 1539 213 ἐκεῖ
1552 188 1626 223 τρεῖς
1641 188 1823 224 ἠμέρας,ἒως
1837 192 1872 221 ἀν

1082 229 1288 264 ἀναστρέψωσιν
1302 231 1328 257 οῑ
1345 231 1572 266 καταδιώκοντες.
1590 243 1601 261 ι

1120 285 1129 301 ι
1147 274 1215 303 Εἷπε
1232 277 1335 312 Κύριος
1361 278 1429 313 πρὸς
1445 279 1591 316 Σιιμουήλ⁸
1608 281 1716 317 Πλῆσον
1731 283 1762 310 ἰδ
1787 283 1870 320 κέρας

1082 329 1128 348 σου
1144 321 1246 353 ἐλαίου,
1281 323 1327 349 καὶ
1349 323 1430 359 δεῦρο
1453 326 1606 353 ἀποστείλω
1633 336 1664 354 σε
1687 329 1728 360 εἱς
1746 329 1869 366 Βηθλεὲμ

1082 366 1150 402 πρὸς
1173 366 1283 400 Ἰεσσαὶ,
1307 367 1347 394 ὅτι
1374 368 1487 404 ἑώρακα
1501 370 1530 397 ὲν
1546 372 1603 403 τοῖς
1619 372 1688 404 υἱοῖς
1712 373 1796 401 αὑτοῦ
1811 376 1871 410 ἐμοὶ

1081 412 1122 444 είς
1137 412 1260 448 βασιλέα.
1275 414 1330 440 Kal.
1350 413 1412 442 εἶπε
1429 416 1566 452 Σαμουὴλ,
1584 418 1648 450 Πῶς
1662 421 1810 455 πορευθῶ;
1826 424 1872 450 καὶ

1082 459 1228 487 ἀκούσεται
1245 460 1341 493 Σαοὺλ,
1359 461 1405 488 καὶ
1425 462 1571 490 ἀποκτενεῖ
1589 473 1634 500 με.
1656 466 1712 493 Καὶ
1733 466 1796 495 εἷπε
1815 469 1871 495 Κύ-

1083 513 1155 541 ριος·
1172 505 1294 541 Δάμαλιν
1308 506 1378 541 βοῶν
1394 507 1461 535 λάϐε
1476 509 1505 535 ἐν
1516 510 1548 545 τῇ
1567 510 1640 546 χειρί
1653 519 1711 545 σου,
1723 513 1770 540 καὶ
1787 515 1871 549 ἐρεῖς.

1081 550 1166 577 Θῦσαι
1183 551 1224 586 τῷ
1235 552 1329 587 Κυρίῳ
1342 552 1411 588 ἥκω.
1429 553 1484 580 Καὶ
1499 554 1625 588 καλέσεις
1644 557 1691 584 τὸν
1713 557 1810 586 Ἰεσσαὶ
1824 560 1872 586 καὶ

1081 596 1144 629 τοὺς
1156 597 1230 630 υἱοὺς
1244 598 1325 625 αὐτοῦ
1347 599 1387 629 εἰς
1409 599 1459 635 τὴν
1474 599 1580 634 θυσίαν,
1603 602 1652 629 καὶ
1670 603 1774 639 χρίσεις
1789 605 1818 632 ὃν
1838 606 1871 632 ἃν

1082 643 1151 670 εἴπω
1169 652 1220 671 σοι.
1247 644 1303 671 Kal
1327 645 1454 681 ἐποίησεν
1477 647 1491 673 ὁ
1514 647 1652 684 Σαμουὴλ,
1670 649 1721 676 ὅσα
1739 650 1871 686 ἐλάλησεν

1082 689 1156 724 αὐτῷ
1168 689 1279 725 Κύριος.
1304 699 1314 716 ›

1118 735 1255 769 Σχόλιον.
1279 735 1418 764 Ἐντεῦθεν
1435 737 1617 775 διδασκόμεθα
1629 740 1659 767 ὲν
1671 741 1754 774 ἐνίοις
1767 743 1870 770 οἰκονο-

1086 781 1146 815 μεῖν
1160 781 1255 816 χρείαν
1274 779 1344 809 εἷναι
1360 783 1395 809 τά
1410 784 1571 820 πράγματα,
1585 785 1632 812 καὶ
1652 787 1691 822 τῷ
1713 787 1799 823 ὄγκῳ,
1824 790 1871 816 καὶ

1082 825 1121 860 τῷ
1145 826 1256 861 μεγέθει
1270 827 1320 861 τῆς
1337 826 1460 860 ἐξουσίας
1479 829 1640 865 κεχρῆσθαι.
1667 831 1697 858 '0
1718 831 1773 868 γὰρ
1792 833 1870 865 Θεὸς,

1083 872 1097 898 ὁ
1111 871 1183 906 λόγῳ
1204 872 1313 899 πάντων
1329 873 1450 908 κρατῶν,
1479 874 1526 901 καὶ
1551 875 1698 911 δυνάμενος
1714 877 1759 904 τὸν
1784 878 1871 905 Σαοὺλ

1083 917 1167 952 ἄρδην
1182 918 1324 953 ἀφανίσαι,
1339 919 1386 946 καὶ
1401 920 1441 951 εις
1456 919 1487 946 τδ
1502 920 1677 957 ἀνύπαρκτον
1690 924 1869 960 καταστῆσαι,

1083 963 1210 999 ἐνέτρεψε
1235 963 1275 1000 τῷ
1297 964 1425 1001 Σαμουὴλ
1445 966 1550 1002 μεθόδῳ
1577 967 1632 994 τινὶ
1647 969 1872 1005 ἀποκρούσασθαι

1083 1010 1131 1046 τὴν
1146 1010 1192 1037 ὑπ’
1207 1010 1289 1037 αὐτοῦ
1306 1011 1456 1048 γενομένην
1473 1012 1579 1040 πεῦσιν.

1121 1064 1130 1080 ι
1150 1056 1273 1098 Κατάγει
1288 1055 1404 1092 Μελχὼλ
1423 1056 1469 1084 τὸν
1483 1057 1566 1084 Δαϐὶδ
1574 1057 1619 1085 διά
1629 1059 1678 1095 τῆς
1693 1059 1810 1096 θυρίδος,
1823 1061 1871 1088 καὶ

1083 1099 1193 1136 ἔφυγεν,
1210 1102 1256 1128 καὶ
1270 1101 1396 1134 σώζεται.
1417 1102 1473 1129 Καὶ
1487 1102 1567 1130 ἔλασε
1590 1104 1707 1140 Μελχὼλ
1733 1106 1768 1133 τά
1793 1114 1871 1133 κενο-

1083 1146 1178 1181 τάφια,
1192 1147 1239 1174 καὶ
1254 1147 1352 1182 ἔθηκεν
1365 1148 1411 1175 ἐπὶ
1421 1149 1470 1184 τὴν
1484 1149 1590 1185 κλίνην,
1608 1151 1655 1177 καὶ
1674 1148 1751 1187 ἦπαρ
1772 1152 1870 1186 αἰγῶν,

1083 1193 1130 1220 καὶ
1147 1193 1348 1229 στρογγύλωμα
1367 1194 1480 1229 τριχῶν,
1502 1195 1549 1223 καὶ
1562 1195 1645 1232 ἔθηκε
1664 1198 1734 1233 πρὸς
1750 1199 1871 1233 κεφαλῆς

1083 1239 1176 1272 αὑτοῦ,
1205 1240 1252 1266 καὶ
1278 1239 1414 1275 ἐκάλυψεν
1432 1240 1503 1268 αὐτὰ
1520 1241 1637 1277 ἱματίῳ·
1660 1243 1708 1269 καὶ
1729 1243 1870 1270 ἀπέστειλε

1084 1283 1170 1310 Σαοὺλ
1185 1283 1318 1318 ἀγγέλους
1332 1284 1425 1312 λαϐεῖν
1441 1285 1486 1314 τδν
1501 1285 1599 1312 Δαδίδ·
1616 1287 1665 1314 καὶ
1681 1285 1742 1314 εἶπε
1756 1287 1872 1323 Μελχὼλ

1083 1328 1248 1364 ἐνοχλεῖσθαι
1258 1330 1349 1357 αὐτόν.
1372 1339 1381 1356 ι

1122 1376 1178 1403 Οὐκ
1193 1376 1223 1403 ὲν
1236 1378 1291 1408 τοῖς
1308 1377 1438 1413 πολέμοις
1452 1377 1544 1413 μόνον,
1555 1378 1627 1406 ἀλλὰ
1650 1379 1698 1406 καὶ
1722 1379 1752 1406 ὲν
1776 1379 1872 1416 εἰρήνῃ

1083 1421 1184 1457 πολλὴν
1209 1423 1257 1449 καὶ
1275 1423 1428 1457 ἀναγκαίαν
1455 1423 1531 1460 εὕροι
1554 1432 1598 1457 τις
1621 1424 1673 1460 τῆς
1695 1425 1803 1461 ἀπάτης
1822 1427 1872 1460 τὴν

245 1476 308 1497 esse
324 1467 464 1504 quispiam
487 1466 607 1500 reperiat
622 1474 629 1492 :
657 1472 709 1494 nec
724 1465 815 1493 solum
839 1467 868 1493 in
885 1472 976 1493 rerum
994 1466 1032 1493 ci.

1085 1468 1189 1504 χρείαν,
1204 1468 1251 1495 καὶ
1265 1468 1296 1495 οὐ
1314 1469 1382 1504 πρὸς
1405 1468 1440 1496 τὰ
1463 1469 1512 1504 τῆς
1528 1470 1633 1502 πόλεως
1657 1470 1807 1506 πράγματα
1824 1470 1872 1506 μό-

246 1516 341 1543 vilium
357 1513 609 1545 administratione,
628 1519 725 1540 verum
738 1508 820 1540 etiam
836 1511 910 1540 domi
922 1520 954 1540 ac
973 1512 1032 1547 pri-

246 1561 341 1594 vatim,
366 1560 426 1587 viro
451 1565 515 1594 erga
538 1565 664 1590 uxorem,
681 1562 709 1585 et
732 1557 811 1586 uxori
836 1565 902 1592 erga
927 1557 1031 1590 virum,

247 1614 353 1635 necnon
372 1605 444 1641 patri
460 1612 526 1639 erga
544 1604 641 1636 ﬁlium,
664 1607 691 1631 et
705 1603 794 1630 amico
815 1611 880 1638 erga
900 1603 1032 1637 amicum,

246 1653 314 1688 quin
330 1656 358 1679 et
374 1651 422 1678 ﬁlii
437 1658 503 1685 erga
519 1654 673 1685 parentem.
689 1648 830 1684 Siquidem
855 1648 910 1676 ﬁlia
941 1648 1033 1677 Saulis

247 1706 302 1726 non
324 1697 377 1724 alia
404 1701 512 1723 ratione
531 1696 620 1722 virum
636 1702 670 1721 ex
686 1692 761 1721 illius
786 1693 915 1721 inanibus
936 1700 1034 1722 eruere

248 1743 348 1779 potuit,
362 1742 416 1770 nisi
434 1746 539 1777 patrem
562 1740 691 1768 fallendo.
721 1739 793 1773 Quin
819 1739 906 1775 ipsius
922 1746 1034 1775 quoque

248 1790 334 1818 frater
364 1789 453 1817 eidem
477 1795 559 1824 quem
590 1787 638 1814 illa
668 1791 839 1818 servaverat,
866 1786 1033 1821 periclitanti

247 1836 365 1865 salutem
391 1834 489 1863 afferre
518 1840 629 1861 rursum
657 1832 781 1867 cupiens;
809 1831 905 1859 iisdem
933 1831 1033 1866 quibus

246 1891 327 1911 soror
345 1882 429 1910 armis
449 1888 516 1909 usus
538 1883 591 1907 est.
622 1877 719 1913 Magna
738 1877 811 1905 enim
826 1877 870 1905 vis
886 1877 953 1905 artis
968 1881 1010 1905 est
1025 1887 1032 1905 :

247 1927 314 1956 illud
328 1926 410 1954 modo
423 1929 563 1958 caveatur,
578 1931 613 1951 ne
626 1922 794 1951 veteratorie
809 1925 837 1950 et
855 1921 1034 1950 fraudulento

247 1974 341 2002 animo
356 1972 534 2000 adhibeatur.

286 2019 427 2053 Theologi.
439 2033 475 2038 —
493 2015 650 2044 Fraudibus
665 2017 684 2044 ii
706 2021 801 2043 omnes
813 2018 921 2052 patent,
937 2014 983 2048 qui
1000 2013 1035 2041 ad

248 2067 417 2100 voluptatem
435 2061 565 2099 propensi
585 2065 659 2089 sunt.

285 2111 415 2138 Philonis.
436 2123 471 2131 —-
493 2107 554 2135 Non
582 2107 673 2135 omnis
699 2106 780 2133 dolus
808 2106 916 2141 culpari
941 2107 1033 2135 debet.

248 2157 316 2185 Nam
340 2160 367 2184 et
390 2155 438 2191 qui
460 2157 545 2181 noctu
562 2152 694 2180 excubias
719 2156 815 2187 agunt.
835 2152 900 2180 dum
913 2153 1036 2181 latrones

250 2203 374 2238 capiunt,
391 2205 419 2229 et
434 2199 551 2228 militum
573 2198 708 2234 praefecti,
726 2199 821 2227 hostes
834 2199 1036 2235 aggrediendo,

249 2252 325 2276 recte
337 2253 419 2282 agere
438 2248 608 2273 censentur:
634 2244 816 2279 eamdemque
829 2245 965 2272 rationem
986 2245 1037 2272 ha-

250 2293 325 2325 bent,
349 2298 410 2327 qum
427 2293 625 2325 stratagemata
649 2292 797 2322 vocantur,
824 2293 851 2317 et
869 2289 1037 2318 athletarum

249 2337 480 2366 concertationes.
496 2335 604 2364 Etenim
618 2335 647 2363 in
661 2335 704 2364 his
716 2335 858 2371 proprium
875 2336 928 2364 sibi
945 2336 1036 2364 locum

250 2382 375 2417 deceptio
389 2381 519 2409 vindicat.

251 2438 318 2466 Tl'l'.
340 2437 459 2477 XXVlll.
476 2436 719 2477 -τυςιίεραιοηςι
738 2438 860 2477 responsi
883 2440 1034 2470 sequestro;

286 2473 408 2509 quodque
416 2473 442 2509 is
457 2473 503 2507 qui
531 2470 610 2498 nihili
622 2470 711 2509 pendit
735 2471 862 2505 legatum,
887 2479 946 2498 eum
962 2479 977 2497 ιι
989 2479 1040 2506 quo

289 2506 385 2536 {uissus
401 2507 445 2535 ille
463 2506 512 2538 est,
534 2506 687 2534 contemnit.

289 2565 368 2593 Prov.
384 2569 448 2596 xxv,
466 2562 508 2590 15.
522 2578 556 2583 -
569 2570 579 2588 ι
599 2561 678 2589 Sicut
700 2562 791 2589 exitus
807 2560 878 2589 nivis
905 2569 934 2589 in
952 2569 1042 2590 messe

238 2613 388 2642 .adversus
403 2613 500 2638 aestum
525 2608 661 2645 prodest:
687 2608 727 2635 sic
747 2608 864 2636 nuntius
891 2608 981 2636 ﬁdelis
1008 2608 1042 2635 iis

253 2658 302 2694 qui
320 2665 350 2685 se
372 2657 519 2684 miserunt.
544 2655 651 2682 Animis
677 2654 750 2682 enim
775 2659 870 2682 eorum
900 2655 948 2689 qui
979 2655 1039 2690 ipso

255 2707 382 2735 utuntur,
400 2701 521 2737 prodest.
542 2710 552 2728 ι

290 2748 370 2775 Prov.
386 2755 461 2780 xxvt,
473 2747 500 2775 6.
514 2762 549 2768 —-
562 2756 571 2773 ι
585 2746 624 2774 Ex
640 2747 698 2774 suis
707 2747 758 2774 viis
775 2747 828 2774 sibi
841 2746 893 2782 ipsi
906 2746 1037 2782 probrum

254 2794 382 2834 acquirit.
390 2793 437 2828 qui
446 2793 613 2827 perstultum
623 2793 749 2822 nuntium
759 2799 911 2821 sermonem
921 2793 1014 2819 mittit.
1030 2801 1039 2818 -ι

1084 1522 1140 1546 νον,
1153 1514 1222 1541 ἀλλά
1240 1515 1287 1548 καὶ
1304 1515 1332 1542 ὲν
1348 1514 1432 1551 οἰκίᾳ,
1446 1515 1516 1551 πρὸς
1536 1517 1653 1550 γυναῖκα
1668 1516 1707 1551 τῷ
1722 1517 1809 1552 ἀνδρὶ,
1825 1517 1873 1543 καὶ

1084 1559 1152 1595 πρὸς
1165 1559 1248 1595 ἀνδρα
1263 1560 1383 1594 γυναικὶ,
1400 1560 1447 1587 καὶ
1472 1560 1555 1596 πατρὶ
1569 1561 1637 1596 πρὸς
1656 1560 1724 1593 υἱὸν,
1740 1561 1786 1588 καὶ
1804 1561 1872 1596 πρὸς

1084 1605 1161 1640 φίλον
1174 1605 1254 1641 φίλῳ,
1268 1605 1319 1641 ’ήδη
1335 1605 1363 1632 δὲ
1377 1605 1424 1632 καὶ
1441 1605 1509 1640 πρδς
1521 1606 1626 1641 πατέρα
1638 1606 1727 1634 παισί.
1743 1606 1799 1633 Καὶ
1817 1605 1872 1641 γὰρ

1083 1651 1138 1678 τῶν
1156 1650 1204 1678 τοῦ
1228 1651 1314 1678 Σαοὺλ
1328 1651 1437 1686 χειρῶν,
1453 1652 1470 1687 ὴ
1495 1651 1542 1678 τοῦ
1571 1651 1658 1678 Σαοὺλ
1681 1651 1805 1687 θυγάτηρ
1821 1652 1871 1678 οὐκ

1086 1696 1195 1731 ἴσχυσεν
1218 1695 1320 1731 ἑτέρως
1335 1696 1475 1728 ἐξελέσθαι
1485 1696 1530 1724 τὸν
1543 1697 1637 1732 ἄνδρα,
1652 1697 1710 1724 ἀλλ’
1726 1698 1742 1732 ἢ
1761 1697 1829 1732 μετά
1841 1698 1871 1724 τὺ

1085 1741 1321 1777 παραλογίσασθαι
1341 1742 1386 1768 τὸν
1407 1741 1525 1778 πατέρα.
1539 1742 1594 1769 Καὶ
1605 1743 1622 1769 ό
1634 1742 1738 1778 ταύτης
1749 1742 1779 1768 δὲ
1793 1741 1870 1769 ἀδελ-

1085 1785 1143 1820 φὸς,
1165 1786 1210 1813 τὸν
1222 1787 1268 1813 ὑπ’
1283 1786 1391 1822 ἐκείνης
1412 1787 1580 1815 διασωθέντα
1597 1787 1683 1815 σῶσαι
1699 1787 1868 1823 βουλόμενος.

1085 1831 1274 1859 κινδυνεύοντα
1299 1832 1379 1858 πάλιν
1402 1833 1460 1865 τοῖς
1487 1833 1578 1865 αὐτοῖς
1603 1833 1695 1865 ὅπλοις
1725 1834 1870 1869 ἐχρήσατο,

1084 1873 1181 1912 οἷσπερ
1200 1877 1248 1904 καὶ
1264 1877 1281 1912 ἡ
1293 1878 1372 1912 γυνή.
1389 1877 1460 1904 Πολὺ
1480 1877 1535 1913 γὰρ
1558 1878 1574 1913 ἡ
1591 1878 1641 1913 τῆς
1656 1878 1768 1913 ἀπάτης
1784 1878 1870 1912 ἰσχὺς,

1086 1923 1167 1957 μόνον
1190 1922 1229 1958 μὴ
1254 1922 1322 1958 μετὰ
1353 1923 1464 1959 δολερᾶς
1489 1924 1668 1959 προσαγέσθω
1700 1923 1750 1959 τῆς
1776 1932 1870 1959 προαι-

1086 1968 1198 2004 ρέσεως.

1122 2012 1240 2040 Εὒκολον
1262 2013 1329 2049 πρὸς
1345 2013 1454 2048 ἀπάτην
1466 2013 1496 2040 τὺ
1509 2012 1577 2048 πρὸς
1589 2013 1686 2049 ἡδονὴν
1701 2013 1783 2042 ἀπαν.

1124 2101 1160 2128 Οὐ
1182 2103 1235 2133 πᾶς
1251 2102 1325 2134 δόλος
1352 2102 1475 2134 ὑπαίτιός
1503 2102 1593 2129 ἐστιν·
1611 2101 1672 2129 ἐπεὶ
1699 2102 1747 2129 καὶ
1773 2102 1875 2137 λῃστὰς

1089 2147 1300 2182 νυκτοφύλακες,
1318 2147 1365 2174 καὶ
1381 2147 1526 2183 πολεμίους
1539 2147 1696 2184 στρατηγοὶ,
1713 2146 1760 2178 οὓς
1775 2147 1876 2178 ἀδόλως

1089 2192 1230 2219 συλλαϐεῖν
1253 2193 1303 2220 οὐκ
1328 2192 1411 2226 ἐστιν,
1439 2192 1626 2228 ἐνεδρεύοντες
1656 2191 1806 2228 κατορθοῦν
1834 2192 1877 2218 δο-

1089 2239 1178 2272 κοῦσι,
1195 2239 1241 2266 καὶ
1255 2239 1289 2265 τὰ
1307 2239 1440 2274 λεγόμενα
1451 2239 1663 2275 στρατηγήματα
1682 2238 1803 2265 τοιοῦτον
1819 2238 1877 2273 ἔχει

1088 2285 1177 2319 λόγον,
1195 2286 1242 2312 καὶ
1264 2286 1298 2312 τὰ
1313 2286 1369 2312 τῶν
1393 2285 1517 2321 ἀθλητῶν
1534 2285 1724 2321 ἀγωνίσματα.
1745 2285 1799 2312 Καὶ
1821 2284 1879 2319 γάρ

1091 2332 1136 2359 ἐπὶ
1148 2332 1251 2359 τούτων
1265 2332 1281 2367 ἡ
1292 2332 1384 2367 ἀπάτη
1397 2332 1552 2367 νενόμισται
1569 2332 1645 2359 ἴδιον.

1091 2413 1180 2461 ’i‘lTA.
1197 2434 1265 2461 KH'.
1281 2449 1315 2455 —
1330 2434 1398 2467 Περὶ
1409 2434 1620 2467 ἄγγέλλοντος,
1633 2433 1682 2460 καὶ
1696 2432 1881 2467 μεσάἴοιτος

1127 2470 1288 2503 ἀπόκριογ·
1305 2469 1365 2503 (sic)
1377 2469 1426 2495 καὶ
1443 2467 1487 2495 ὅτι
1501 2469 1517 2494 ὁ
1530 2469 1584 2494 τὸν
1601 2468 1754 2495 σταλέντα
1773 2467 1881 2499 ἐξουθ-

1126 2504 1213 2537 ενῶν,
1231 2504 1282 2531 τοῦ
1297 2504 1471 2538 πέμψαντος
1489 2503 1670 2537 περιφρονεῖ.

1130 2570 1139 2585 ι
1154 2560 1258 2595 ’Ὠσπερ
1272 2558 1359 2591 ἔξοδος
1373 2558 1460 2593 χιόνος
1470 2559 1498 2584 ἐν
1509 2557 1607 2593 ἀμητῷ
1620 2557 1691 2585 κατὰ
1702 2558 1796 2593 καῦμα
1810 2559 1882 2592 ὡφε-

1092 2606 1143 2638 λεῖ,
1158 2605 1244 2637 οὕτως
1260 2604 1375 2639 ἄγγελος
1389 2603 1485 2634 πιστὸς
1500 2603 1698 2630 ἀποστείλαντα
1712 2603 1805 2630 αὐτόν.
1822 2603 1869 2629 ’Ξύ

1093 2652 1143 2687 χὰς
1155 2651 1208 2688 γὰρ
1225 2651 1278 2677 τῶν
1291 2651 1365 2686 αὐτῷ
1378 2649 1526 2685 χρωμένων
1538 2649 1648 2683 ὠφελεῖ.
1670 2658 1678 2674 ι

1132 2753 1140 2770 ι
1163 2744 1209 2770 Ἐκ
1221 2743 1273 2769 τῶν
1283 2741 1379 2768 ἑαυτοῦ
1396 2741 1464 2767 ὁδῶν
1478 2741 1578 2772 ὄνειδος
1591 2740 1772 2776 περιποιεῖται
1785 2739 1800 2765 ὁ
1810 2737 1872 2765 ἀπο

1096 2790 1211 2816 στέλλων
1226 2789 1258 2815 δι’
1274 2788 1388 2822 ἀγγέλου
1397 2787 1512 2823 ἄφρονος
1526 2786 1613 2820 λόγον.
1637 2795 1647 2812 ›
