2074 3115
231 110 299 145 i229
625 144 629 145 ν
658 141 662 144 ,
871 110 987 141 SACRA
1010 111 1019 139 l

1070 108 1236 138 iALLELA.
1787 106 1855 140 1230

299 169 329 194 '0
342 159 485 202 δεχόμενος
505 166 585 201 υμᾶς,
602 161 653 201 ἐμὲ
666 165 772 200 δέχεται
782 173 790 181 ο
804 165 852 191 καὶ
873 166 887 192 ὁ
904 165 955 199 ἐμὲ
968 165 1011 192 δε-

1101 173 1200 201 Matth.
1217 181 1245 206 x,
1265 172 1310 200 40.
1324 187 1359 193 --
1377 181 1386 199 ι
1401 172 1454 206 Qui
1472 179 1521 201 vos
1536 170 1648 207 recipit,
1674 178 1719 200 me
1735 171 1854 208 recipit:
1905 156 1913 214 ξ

229 214 352 250 χὸμενος,
363 213 469 247 δέχεται
483 212 528 239 τὸν
539 212 737 239 ἀποστείλαντά
749 220 793 246 με.
814 220 822 237 ι

267 261 299 286 ’Λ
311 259 439 294 πρέσϐεις
451 258 627 293 ὑπομένουσι,
640 257 687 284 ἐπὶ
696 257 760 289 τοὺς
771 256 934 292 πέμψαντας
945 256 1016 291 λαμ.-

228 307 304 333 ϐἀνει
323 306 373 342 τὴν
389 305 538 342 ἀναφοράν.

1066 223 1093 247 et
1107 219 1155 254 qui
1173 226 1215 246 me
1231 218 1341 253 recipit,
1362 219 1529 253 rccipiteum
1542 218 1588 253 qui
1605 225 1648 246 me
1665 218 1753 246 misit.
1771 227 1782 245 ι

1101 264 1244 300 Anonymi.
1256 264 1369 298 -—Quae
1390 265 1472 300 legati
1492 265 1650 300 patiuntur,
1668 265 1727 292 haec
1745 264 1774 292 in
1790 265 1856 293 illos

1066 316 1081 336 a
1097 310 1199 345 quibus
1212 309 1289 338 missi
1307 313 1382 342 sunt,
1400 309 1566 337 redundant.

1065 366 1148 401 368
1170 365 1237 393 TlT.
1253 365 1348 393 XXIX.
1366 381 1399 386 —
1431 365 1469 393 De
1493 367 1620 401 ingratis,
1642 372 1667 394 et
1693 369 1857 396 immemori-

1325 402 1372 427 bus
1391 400 1591 435 beneficiorum.

1100 444 1116 472 ι
1133 443 1192 480 Reg.
1212 452 1277 478 xxv,
1291 444 1337 471 25.
1353 459 1387 464 —
1403 454 1413 470 ι
1430 443 1524 472 Mense
1535 444 1655 480 septimo
1672 445 1856 474 venitlsmael

1066 487 1139 515 lilius
1154 487 1299 515 Nathania‘.
1316 487 1350 515 de
1381 488 1488 516 semine
1514 495 1623 523 regum,
1647 491 1675 516 et
1689 489 1784 516 decem
1802 490 1855 517 viri

1065 537 1128 558 cum
1151 538 1196 564 eo,
1224 535 1252 559 et
1279 537 1475 566 percusserunt
1502 532 1658 565 Godoliam,
1682 537 1710 561 et
1732 538 1857 561 mortuus

1066 582 1108 605 est
1125 587 1132 605 :
1149 577 1261 612 insuper
1275 583 1303 605 et
1316 577 1426 606 Iudaeos
1440 582 1467 606 et
1477 578 1620 607 Chaldaeos
1635 579 1684 615 qui
1703 585 1856 608 erantcum

1065 629 1099 650 eo
1114 622 1142 650 in
1158 622 1294 658 Masipha.
1315 632 1326 649 ‹
1573 637 1577 641 -

1104 669 1194 698 Schol.
1220 669 1245 698 ls
1260 677 1323 698 cum
1351 669 1432 697 tidem
1458 671 1623 704 accepisset,
1647 670 1718 699 nihil
1738 678 1768 699 se
1793 679 1857 707 per-

1066 722 1215 750 pessurum
1231 716 1306 748 mali,
1328 723 1490 751 sponsorem
1510 716 1662 744 interemit.

1103 761 1135 788 ll
1151 761 1244 789 Paral.
1269 770 1343 794 xnv,
1358 762 1455 790 20-25.
1467 777 1504 782 —
1517 770 1528 788 ι
1547 761 1668 797 Spiritus
1686 762 1794 792 Domini
1813 763 1858 791 in-

258 361 349 389 TITA.
361 360 426 389 xe'.
446 362 516 396 Περὶ
537 361 790 405 ἁτηωμονούντων
817 359 867 387 καί
883 359 986 395 ἀχαρι-

525 404 689 424 στουντων.

266 454 276 470 ι
299 443 345 479 Τῷ
358 442 423 478 μηνὶ
434 442 474 478 τῷ
491 443 597 478 ἑϐδόμῳ
618 440 700 477 ἦλθεν
722 441 834 477 Ἰσμαὴλ
849 442 907 473 υἱὸς
920 441 1014 468 Ναθα-

229 491 286 517 νίου
301 491 333 516 ἐκ
344 488 391 516 τοῦ
403 489 560 524 σπέρματος
579 488 633 515 τῶν
646 487 790 523 βασιλέων,
812 487 860 514 καὶ
880 487 947 514 δέκα
966 487 1015 514 ἄν·

233 536 290 572 ερες
319 535 378 570 μετ’
393 534 486 568 αὑτοῦ,
503 534 552 561 καὶ
575 534 714 567 ἐπάταξαν
739 534 785 561 τὸν
809 533 944 566 Γοδολίαν,
968 532 1015 560 καὶ

233 581 364 607 ἀπέθανεν
373 588 380 595 ·
394 579 441 606 καὶ
455 580 518 612 τοὺς
539 579 693 611 Ἰουδαίους,
708 579 756 606 καὶ
775 580 838 611 τοὺς
850 579 1014 612 Χαλδαίους,

227 625 254 652 οἳ
272 623 344 660 ἦσαν
361 626 418 661 μετ’
432 624 514 652 αὐτοῦ
531 625 570 656 είς
583 624 708 659 Μασιιρά.
730 633 739 650 ι

265 670 355 705 Σχόλ.
371 667 455 702 Οὗτος
466 670 545 704 λόγον
560 669 650 697 λαϐὼν
661 668 805 701 ἀπαθείας,
817 669 862 696 τὸν
878 669 1016 697 δεδωκότα

229 716 328 743 ἀνεῖλε.

268 773 277 789 ι
305 762 418 798 Πνεῦμα
440 762 542 799 Κυρίου
564 762 671 789 ἐνέδυσε
691 762 737 789 τὸν
761 762 891 798 ’Δζαρίιιν
909 763 955 789 τὸν
969 763 1015 790 τοῦ

235 809 326 836 Ἰωδαὲ
341 809 386 836 τὸν
417 809 504 844 ἱερέα,
523 808 570 835 καὶ
585 809 684 843 ἀνέστη
701 809 793 836 ἐπάνω
807 809 854 836 τοῦ
874 809 952 843 λαοῦ,
967 809 1016 836 καὶ

1070 806 1126 834 duit
1138 807 1297 834 Zachariam
1316 807 1403 834 lilium
1420 807 1522 835 Joiadte
1538 807 1722 841 sacerdotem,
1739 812 1767 835 et
1780 809 1857 836 stetit

231 852 307 881 εἶπεν
321 863 328 870 ν
343 854 411 880 Τάδε
438 841 512 888 λέγει
529 853 648 888 Κύριος·
719 841 950 889 παραπορεύεσοε
966 853 1016 885 τὰς

1070 852 1096 879 in
1110 857 1260 888 conspectu
1286 853 1392 888 populi,
1417 857 1444 880 et
1462 853 1501 880 ait
1518 862 1526 881 :
1546 852 1612 880 Haec
1637 852 1705 880 dicit
1720 853 1854 881 Dominus

228 899 337 930 ἐντολὰς
349 899 396 925 τοῦ
414 899 517 935 Κυρίου
531 908 538 932 ;
552 900 600 927 καὶ
614 900 663 926 οὐκ
679 899 892 934 εὐοδωθήσεσθε,
913 899 954 926 ὃτι
969 900 1017 933 ὲγ-

1070 898 1141 926 Deus
1157 905 1164 924 :
1183 897 1274 931 Quare
1291 899 1515 934 transgredimini
1532 901 1703 934 praeceptum
1727 898 1857 926 Domini?

230 944 390 972 κατελίπετε
405 945 450 971 τὸν
465 944 578 980 Κύριον.
590 945 643 971 Καὶ
657 944 847 980 ἐλιθοϐόλησαν
862 945 896 971 δι’
907 945 1018 980 ἐντολῆς

1070 947 1096 971 et
1110 950 1167 971 non
1190 943 1353 979 proﬁciatis,
1384 943 1449 979 quia
1478 943 1670 979 dereliquislis
1697 943 1856 971 Dominum.

238 991 312 1022 Ἰωὰς
332 990 380 1017 τοῦ
393 990 524 1026 βασιλέως
541 992 569 1018 ὲν
589 991 657 1027 αὐλῇ
676 991 751 1018 οἴκου
770 991 883 1026 Κυρίου.
902 991 955 1018 Καὶ
968 991 1018 1018 οὐκ

1070 989 1102 1017 Ει
1118 990 1224 1025 lapides
1236 990 1262 1017 in
1279 998 1342 1017 eum
1358 990 1497 1017 miserunt
1515 989 1595 1024 juxta
1621 990 1768 1025 imperium
1783 989 1857 1025 regis

232 1037 353 1072 ἐμνήσθη
376 1036 452 1068 Ὶωὰς
477 1036 524 1063 τοῦ
551 1036 653 1069 έλέους,
674 1033 704 1064 οὖ
725 1036 836 1071 εποίησε
860 1036 918 1072 μετ’
934 1036 1017 1064 αὐτοῦ

1070 1034 1132 1063 loas
1149 1035 1177 1062 in
1203 1036 1275 1062 atrio
1301 1035 1401 1064 domus
1428 1035 1549 1063 Domini.
1565 1035 1597 1063 Et
1617 1043 1673 1063 non
1693 1035 1858 1064 recordatus

239 1083 327 1109 ἰωδαὲ
349 1083 363 1109 ὁ
388 1082 480 1118 πατὴρ
516 1082 609 1114 αὑτοῦ,
638 1082 686 1110 καὶ
710 1082 865 1110 ἐθανάτωσε
892 1083 939 1109 τὸν
961 1083 1018 1110 υἱὸν

1070 1085 1111 1108 est
1136 1080 1203 1109 Joas
1233 1081 1432 1109 misericordia
1457 1089 1540 1117 quam
1575 1081 1680 1110 faccrat
1704 1089 1768 1109 cum
1796 1082 1858 1117 ipso

231 1127 324 1155 αὐτοῦ.
339 1127 393 1154 Καὶ
407 1127 446 1158 ὡς
460 1127 643 1162 ἀπέθνησκεν,
656 1125 732 1154 εἴπεν
742 1136 749 1142 ·
765 1127 830 1154 Ἶδοι
844 1127 956 1162 Κύριος,
974 1128 1019 1154 καὶ

1070 1125 1162 1153 Joiada
1188 1131 1265 1161 pater
1283 1126 1367 1160 illius,
1394 1130 1421 1154 et
1452 1126 1591 1155 interfecit
1614 1126 1701 1154 tilium
1718 1127 1790 1162 ejus.
1805 1126 1857 1160 Qui

233 1172 363 1208 κρινάτω.
393 1172 448 1198 Καὶ
476 1171 587 1206 ἐγένετο
611 1173 681 1208 μετὰ
706 1173 841 1205 ἐνιαυτὸν,
858 1173 942 1208 ἀνέϐη
974 1174 1018 1199 ἐπ’

233 1217 313 1244 αὺτδν
327 1217 442 1252 δύναμις
469 1216 580 1253 Συρίας,
603 1217 651 1244 καὶ
675 1217 721 1244 ἐπὶ
754 1218 943 1254 Ἰερουσαλὴμ,
972 1219 1019 1245 καὶ

235 1263 396 1299 κατέφθειρε
406 1264 521 1295 πάντας.
543 1273 552 1290 ι

1069 1221 1123 1244 eet.
1148 1216 1181 1243 Et
1208 1216 1367 1244 iactum‘est
1384 1219 1448 1252 post
1471 1223 1587 1250 annum,
1606 1217 1732 1244 ascendit
1752 1216 1780 1243 in
1795 1224 1858 1244 eum

1070 1263 1209 1290 exercitus
1224 1262 1323 1299 Syriae,
1340 1267 1367 1290 et
1387 1263 1416 1290 in
1436 1261 1602 1294 Jerusalem.
1628 1266 1656 1290 et
1673 1267 1789 1290 cunctos
1815 1270 1860 1290 oc-

1070 1308 1208 1336 ciderunt.
1228 1317 1239 1335 ι

1107 1353 1180 1381 Paul.
1203 1362 1298 1388 xxxiv,
1323 1353 1367 1381 12.
1381 1368 1417 1374 ——
1432 1362 1442 1380 ι
1468 1352 1670 1381 Retribuerunt
1700 1353 1769 1381 mihi
1785 1353 1859 1381 mala

1071 1406 1121 1433 pro
1139 1399 1231 1431 bonis.
1246 1403 1273 1427 et
1284 1399 1471 1432 sterilitatem,
1489 1407 1499 1424 ι
1517 1403 1570 1427 etc.

1105 1445 1180 1472 Psal.
1192 1453 1269 1478 cvm,
1286 1445 1314 1472 4.
1327 1459 1364 1466 -
1378 1453 1388 1470 ι
1406 1445 1460 1472 Pro
1472 1451 1506 1472 eo
1529 1450 1560 1472 ut
1573 1453 1618 1473 me
1634 1445 1793 1481 diligerent,
1813 1444 1862 1472 de-

1014 1514 1017 1523 ,
1035 1490 1218 1532 c‘trahebant
1235 1490 1311 1517 milii.
1334 1499 1343 1515 I

275 1544 284 1560 ι
305 1536 353 1566 ’ος
362 1534 507 1561 ἀποδίδωσι
525 1533 600 1560 κακὰ
620 1533 681 1560 ἀντὶ
695 1533 817 1568 ἀγαθῶν,
837 1534 888 1562 οὐκ
909 1534 1019 1570 ἑνεχθή-

1108 1535 1187 1562 Prov.
1205 1542 1273 1566 xvu,
1301 1534 1343 1561 l5.
1360 1547 1394 1554 -—
1407 1542 1417 1559 ε
1437 1533 1489 1565 Qui
1504 1533 1635 1570 retribuit
1657 1535 1729 1561 mala
1743 1543 1794 1570 pro
1813 1536 1862 1564 bo-

238 1589 316 1607 σεται
330 1579 404 1607 κακὰ
419 1580 452 1607 ὲκ
464 1579 513 1606 τοῦ
528 1579 604 1605 οῐκου
619 1579 712 1607 αὐτοῦ.
730 1589 740 1605 ι

1075 1582 1131 1614 nis,
1146 1588 1202 1607 non
1221 1579 1384 1606 auferuntur
1404 1579 1475 1605 mala
1488 1578 1522 1605 de
1535 1578 1620 1606 domo
1636 1578 1709 1614 ejus.
1725 1589 1736 1606 ι

276 1635 286 1652 ι
306 1625 529 1661 Ἀκουε,οὺρανὲ,
540 1626 588 1651 καὶ
598 1625 734 1659 ὲνωτίζου,
744 1626 790 1661 γῆ,
799 1627 840 1654 ὅτι
851 1627 953 1661 Κύριος
963 1627 1019 1654 ἐλά.

1107 1626 1162 1653 laa.
1180 1633 1200 1657 ι,
1215 1625 1240 1652 l.
1256 1638 1291 1644 —
1302 1633 1312 1649 ι
1333 1622 1415 1656 Audi,
1435 1622 1548 1655 cmlum,
1564 1627 1592 1650 et
1609 1624 1746 1656 ausculta,
1776 1628 1862 1666 terra.

238 1671 330 1706 λησεν·
349 1671 429 1702 Υῑοὺς
440 1670 583 1705 ἐγέννησα,
597 1669 645 1696 καὶ
658 1669 763 1704 ῦψωσα,
779 1670 856 1697 αὑτοὶ
866 1671 894 1697 δέ
915 1680 949 1706 με
958 1671 1019 1706 nos.

1075 1671 1139 1707 quia
1156 1670 1288 1697 Dominus
1304 1669 1414 1696 locutus
1431 1672 1485 1695 est.
1497 1667 1586 1696 Filios
1601 1669 1721 1697 enutrivi
1736 1673 1763 1697 et
1783 1671 1862 1698 exat-

237 1726 334 1753 τησαν.
352 1726 361 1743 ι

1074 1716 1129 1743 tavi
1144 1725 1151 1744 :
1167 1716 1220 1750 ipsi
1235 1719 1327 1742 autem
1344 1717 1509 1749 spreverunt
1525 1721 1579 1742 me.
1596 1724 1606 1741 ι

276 1772 286 1789 σ
308 1762 469 1798 Ἀχαρίστου
488 1762 566 1794 ἐλπὶς
588 1762 626 1794 ὡς
642 1761 782 1797 χειμέριος
797 1762 886 1799 πάχνη
908 1763 1019 1799 τακήσε-

1110 1762 1174 1796 Sap.
1193 1769 1249 1794 ινι,
1265 1761 1311 1788 29.
1327 1776 1361 1781 —
1377 1769 1387 1785 ε
1402 1760 1506 1796 ingrati
1536 1767 1600 1795 spes
1625 1763 1756 1796 tanquam
1775 1761 1864 1790 hiber-

239 1817 292 1840 ται,
309 1808 357 1835 καὶ
371 1808 501 1843 ρυήςεται
518 1807 556 1839 ὡς
571 1807 644 1843 ὕδωρ
653 1808 798 1843 ἄχρηστον.
819 1817 828 1834 ι

1075 1808 1147 1836 nalis
1163 1807 1261 1843 pruina
1278 1807 1412 1839 tabescet,
1433 1810 1461 1834 et
1482 1805 1548 1834 liuet
1571 1809 1703 1842 tanquam
1722 1814 1794 1842 aqua
1820 1808 1863 1835 in-

1075 1854 1161 1882 utilis.
1185 1863 1195 1880 ι

1107 1900 1192 1927 Eccli.
1209 1907 1286 1932 xm,
1299 1899 1344 1932 16,
1359 1898 1405 1926 52.
1420 1913 1456 1919 —
1473 1906 1486 1925 ι.
1500 1898 1580 1925 Bona
1595 1899 1770 1934 ﬁdeiussoris
1784 1907 1862 1928 ever-

1075 1950 1113 1974 tet
1127 1951 1279 1982 peccator:
1302 1949 1329 1973 et
1356 1944 1485 1980 ingratus
1508 1945 1538 1972 in
1565 1949 1659 1973 mente
1684 1946 1862 1981 derelinquet

1074 2001 1137 2022 cum
1152 2001 1167 2020 a
1188 2000 1243 2028 quo
1257 1992 1390 2020 liberatus
1405 1996 1457 2020 est.
1483 1991 1688 2027 Hospitaberis,
1705 1997 1733 2020 et
1751 2000 1860 2028 pasces,

1074 2044 1102 2067 et
1117 2039 1227 2074 potabis
1239 2038 1381 2073 ingratos;
1394 2042 1421 2065 et
1435 2041 1532 2073 postea
1546 2044 1640 2065 amara
1655 2038 1761 2066 audies.
1778 2048 1788 2063 ι

270 2095 282 2108 ¹¹
291 2090 391 2122 Δεινὺν,
398 2089 441 2117 τὺν
448 2089 661 2124 εὐεργετηθέντα
671 2089 718 2116 καὶ
731 2090 792 2122 ταῖς
804 2090 946 2125 μεγίσταις
957 2091 1019 2118 ὑπό-

1109 2093 1214 2122 Basilii.
1233 2092 1364 2121 —Grave
1389 2097 1433 2122 est
1444 2100 1508 2121 eum
1531 2092 1581 2128 qui
1598 2092 1741 2122 beneﬁciis
1759 2093 1862 2122 obstri-

239 2142 327 2168 χρεων
343 2133 447 2168 χάρισι,
462 2133 530 2169 πρὸς
549 2134 588 2170 τῷ
609 2135 759 2170 ἀχαρίστῳ,
774 2135 814 2162 ἔτι
832 2136 880 2163 καὶ
907 2135 1019 2172 ὕϐρεως,

1075 2143 1137 2168 ctus
1152 2143 1205 2173 est,
1216 2144 1241 2167 et
1259 2139 1410 2176 gratiarum
1422 2139 1605 2166 maximarum
1620 2146 1695 2172 reus,
1708 2147 1764 2168 non
1780 2141 1864 2168 modo

239 2167 291 2204 is»
311 2167 422 2212 ἀτιμίας
447 2167 591 2214 καταρξαι.
616 2167 706 2206 Aetia?»
727 2167 776 2215 ειέν
790 2188 796 2195 ·
820 2181 888 2208 ἀλλὰ
909 2167 948 2217 τῷ
965 2167 1019 2209 «tot;

1076 2186 1214 2221 ingratum
1234 2193 1306 2218 esse,
1325 2192 1420 2213 verum
1441 2185 1525 2212 etiam
1550 2185 1735 2213 contumelias
1751 2189 1779 2213 et
1798 2193 1861 2221 pro-

239 2222 313 2249 οὖντι
329 2222 421 2258 μεῖςὸν
435 2224 494 2250 ἐστι
508 2225 602 2258 κακὸν,
621 2225 637 2262 ἢ
653 2226 691 2260 τῷ
707 2226 848 2261 πάσχοντι.
870 2227 1019 2263 Ὑπερϐολῆ

1076 2231 1136 2264 bra,
1154 2231 1315 2266 rependere.
1331 2230 1433 2264 Grave,
1457 2231 1582 2266 inquam,
1610 2230 1684 2258 istud
1700 2234 1759 2259 est:
1780 2235 1809 2258 at
1823 2231 1863 2258 l'a-

240 2267 319 2294 τοῦτό
328 2276 359 2302 γε
374 2268 581 2305 ἀγνωμοσύνης,
597 2271 647 2306 τὴν
661 2271 868 2307 φιλανθρωπίαν
882 2273 929 2300 τοῦ
945 2274 1019 2309 εὐερ-

1075 2275 1161 2302 cienti
1179 2275 1290 2310 gravius
1311 2275 1413 2303 malum
1437 2279 1490 2307 est,
1512 2282 1594 2310 quam
1615 2275 1743 2310 patienti.
1759 2276 1863 2311 ingrati

240 2312 320 2346 γέτου
332 2313 459 2349 ἀφορμὴν
474 2315 636 2350 ἀχαριστίας
652 2316 797 2342 ποιεῖσθαι.

1076 2321 1149 2348 ultra
1164 2321 1275 2357 modum
1293 2320 1378 2348 animi
1395 2325 1446 2353 est,
1463 2328 1495 2348 ex
1515 2320 1720 2349 benemerentis
1740 2321 1865 2348 humani-

1076 2369 1132 2399 tate
1145 2367 1246 2401 ingrati
1264 2366 1349 2393 animi
1361 2373 1461 2393 noxam
1476 2366 1598 2394 trahere.

272 1362 282 1378 ‹
307 1352 533 1380 Ἀνταπεδίδοσᾶν
556 1361 602 1388 μοι
624 1351 730 1388 πονηρά
747 1352 809 1380 ἀντὶ
835 1351 957 1387 ἀγαθῶν,
972 1352 1020 1380 καὶ

235 1398 373 1426 ἀτεκνίαν.
394 1408 404 1424 ι
507 1438 516 1440 ᾉ

273 1452 283 1469 ι
304 1443 377 1470 Ἀντὶ
388 1443 446 1476 τοῦ,
470 1443 591 1479 ’Δγαπᾷν
607 1452 640 1479 με
657 1443 808 1471 ὲνδιέϐαλύν
823 1452 868 1480 με.
888 1453 897 1470 ι

278 1906 287 1922 ι
314 1894 415 1930 Ἀγαθὰ
429 1895 528 1930 ὲγγῦου
550 1895 697 1931 ἀνατρέψει
713 1895 885 1931 ἁμαρτωλὸς,
899 1897 947 1924 καὶ
959 1897 1025 1932 ἀχά-

240 1950 330 1976 ριστος
350 1942 378 1967 ἐν
397 1940 500 1976 διανοίᾳ
522 1940 713 1975 ἐγκαταλείψει
733 1941 897 1976 ῥυσάμενον.
920 1942 1024 1975 Ξενιεϊς

237 1987 287 2013 οιαὶ
307 1987 410 2018 ποτιείς
422 1986 579 2022 ἀχάριστον,
595 1987 642 2013 καὶ
664 1987 732 2022 πρὸς
755 1988 801 2014 ἐπὶ
824 1988 912 2023 τούτῳ
937 1989 1024 2024 πικρά

239 2032 378 2064 ἀκούσεις.
398 2041 407 2058 ι

277 2413 288 2428 ³
306 2410 430 2447 Ὀρῶμεν
445 2412 557 2444 πολλοὺς
572 2413 626 2440 τῶν
639 2412 790 2449 ἀνθρώπων
807 2414 874 2449 μετὰ
887 2409 936 2447 ea;
948 2416 1025 2452 εὐερ-

240 2455 345 2490 γεσίας,
358 2457 484 2492 καθάπερ
494 2459 678 2494 ἀνδραπόδων,
688 2460 759 2486 οὓτω
771 2463 819 2486 καὶ
838 2461 1024 2496 περιορῶντας

241 2502 295 2528 τῶν
316 2502 563 2539 εὐεργετησάντων,
579 2505 626 2532 καὶ
650 2506 699 2536 τὰς
721 2506 825 2541 ὀφρύας
847 2507 1025 2540 ἀνασπῶντας

242 2547 301 2574 κατ’
321 2548 421 2576 αὐτῶν.

1112 2420 1248 2456 C/irysost.
1260 2437 1294 2441 —
1305 2421 1404 2449 Multos
1420 2421 1546 2450 homines
1569 2421 1707 2455 videmus.
1722 2422 1768 2457 qui
1786 2426 1863 2456 post-

1076 2474 1158 2502 quam
1179 2466 1267 2494 ali'ecti
1291 2467 1432 2494 beneﬁciis
1454 2467 1567 2500 fuerint,
1592 2467 1656 2495 illos
1673 2475 1688 2495 τι
1706 2469 1808 2503 quibus
1831 2476 1863 2496 ea

1077 2513 1245 2547 acceperint,
1283 2512 1397 2547 perinde
1429 2520 1461 2540 ac
1492 2513 1642 2549 mancipia,
1673 2518 1863 2548 contemnant.

1077 2557 1270 2592 adducantque
1284 2557 1418 2586 adversus
1435 2557 1496 2585 illos
1511 2558 1704 2593 supercilium.

1115 2613 1194 2648 Greg.
1207 2613 1319 2641 Tltaum.
1335 2614 1423 2642 Laud.
1447 2615 1522 2650 Ung.
1533 2615 1666 2644 —Grave
1680 2617 1746 2644 mihi
1764 2618 1863 2652 ingrati

1079 2660 1274 2688 animivitium
1300 2661 1428 2689 videtur:
1455 2669 1548 2697 grave,
1580 2663 1706 2696 inuuam,
1731 2671 1763 2692 ac
1784 2665 1863 2699 plane

1079 2706 1286 2739 gravissimum.

276 2604 368 2631 Δεινόν
388 2613 433 2640 μοι
452 2607 469 2641 ὴ
489 2607 635 2644 ἀχαριστία
647 2610 859 2645 καταφαίνεται”
872 2611 959 2640 δεινόν
978 2621 1025 2648 μοι

243 2649 290 2675 καὶ
310 2649 463 2678 πάνδεινον.

280 2796 293 2812 τ
306 2792 442 2823 Antonius
457 2794 566 2824 Melissa
581 2796 633 2825 hoc
647 2797 861 2828 tribuitBasilio.
899 2805 910 2820 ι
927 2801 985 2828 Hoc
999 2801 1090 2830 itidem
1109 2810 1124 2830 a
1136 2803 1245 2832 Melissa
1259 2804 1302 2833 bis
1318 2805 1515 2841 Chrysostomo
1533 2805 1671 2836 tribuitur.

1069 1178 1131 1199 cum
1153 1175 1317 1204 moreretur,
1344 1170 1416 1198 dixit
1431 1179 1440 1198 :
1461 1170 1561 1199 Videat
1579 1171 1724 1204 Dominus,
1744 1175 1770 1198 et
1782 1163 1894 1206 jmli-v’.
