2074 3115
27 1100 169 1216 ν,ιῖ

328 147 394 174 ΤΙΤ.
407 146 490 174 XXX.
505 160 537 166 -—-
554 145 593 172 De
609 146 684 172 rebus
700 145 919 180 impossibilibus.

265 193 314 221 Joh
330 201 376 220 vm
391 213 400 226 ,
426 192 470 219 ll.
486 206 520 211 ——
539 199 549 216 ι
567 190 698 226 Nunquid
715 191 805 219 virere
827 194 919 227 potest
943 191 1013 219 scir-

228 247 280 274 pus
302 239 363 266 sine
389 236 479 271 aqua?
501 238 550 262 aut
568 239 677 263 crescet
699 235 829 264 butomus
851 236 913 264 sine
935 240 1012 271 potu,

227 285 318 312 adhuc
331 284 470 312 exsistens
485 283 513 309 in
530 282 642 310 radice?
659 292 669 308 ι
705 308 708 311 .

260 327 312 354 Job
325 334 352 354 rx
365 346 373 358 ,
389 325 436 353 26.
450 341 485 346 -—
498 335 507 352 ‹
528 325 558 354 Si
574 330 617 354 est
639 326 756 354 navibus
771 326 916 362 vestigium
934 327 1014 355 itine-

226 374 277 405 ris,
293 377 340 399 aut
357 371 457 407 aquilae
470 371 603 404 volantis,
620 372 771 407 quaerentis
790 372 906 399 escam?
922 381 931 398 ›

260 419 339 446 Prov.
354 426 420 451 xxx,
430 418 458 451 4,
473 417 627 452 18,19.-ι
641 417 709 450 Quis
721 417 901 453 congregabit
915 421 1013 445 ventos

225 465 253 492 in
270 464 357 492 sinu?
373 464 438 499 quis
450 464 616 499 compressit
640 470 750 491 omnem
766 471 868 499 aquam
886 464 914 491 in
931 464 1015 492 vesti-

225 512 338 538 mento?
361 510 424 545 quis
449 510 537 538 tenuit
560 509 654 537 omnia
675 514 799 537 extrema
825 510 924 537 terrae?
949 510 1014 537 Tria

225 562 291 585 sunt
301 557 424 584 diﬂicilia
436 557 504 584 mihi
518 556 660 584 intellectu
670 575 678 589 ,
693 556 776 591 369
789 560 816 584 et
826 560 954 591 quartum
968 563 1014 591 pe-

225 603 299 630 nitus
314 602 412 637 ignoro
427 611 433 629 :
454 601 575 636 Vestigia
594 601 694 636 aquila:
716 601 746 628 in
757 601 846 633 coelo,
861 601 934 629 viam
954 609 1014 630 ser-

224 646 314 680 pentis
328 652 411 680 super
427 648 543 680 petram,
559 646 672 673 semitas
686 645 766 673 navis
780 645 914 674 sulcantis
928 653 1013 679 mare,

224 696 252 720 et
265 692 336 719 viam
350 691 403 719 viri
417 691 445 718 in
457 690 655 719 adolescentia.
673 701 683 718 ›
721 710 723 713 -

258 737 340 764 Amos
359 744 406 769 Ill,
423 736 485 764 5-6.
497 745 552 762 -‹
568 735 597 764 Si
610 736 788 765 ambulabunt
801 737 856 765 duo
866 737 947 766 simul
960 745 1016 765 om-

224 784 298 815 nino.
311 783 364 810 nisi
375 782 553 818 cognoverint
566 782 616 810 se?
628 782 657 810 Si
669 781 825 818 egredietur
837 784 881 811 leo
895 783 929 811 de
942 783 1013 811 saltu

821 93 851 122 S.
872 93 1030 124 JOANNIS
1049 91 1264 124 DAMASCENI

1791 91 1858 124 1232

1121 147 1212 174 ΤΙΤΛ.
1233 147 1274 174 Λ’,
1289 161 1324 167 ο-
1339 147 1410 181 Περι
1424 146 1580 174 ἀδυνάτων
1596 145 1785 181 πραγμάτων.

1104 201 1113 218 ι
1130 193 1176 228 Μὴ
1189 192 1282 220 θάλλει
1292 192 1426 228 πάπειρος
1440 193 1506 220 ἄνευ
1521 191 1617 224 ὓδατος
1630 200 1637 225 ;
1652 192 1669 227 ἢ
1684 192 1857 228 ὑψωθήσεται

1066 237 1196 272 βούτομος
1207 237 1270 265 ἄνευ
1283 238 1378 273 ποτοῦ,
1393 239 1434 266 ἔτι
1452 239 1491 266 ὢν
1504 238 1550 265 ἐπὶ
1569 239 1667 274 ρίζης;
1685 247 1695 264 ι

1102 331 1112 347 ‹
1129 322 1161 348 Εἰ
1182 321 1240 348 ἔστι
1256 321 1351 350 ναυσὶν
1377 324 1450 358 ῐχνος
1470 321 1531 349 ὁδοῦ
1543 341 1551 355 ,
1566 322 1582 358 ἢ
1596 322 1676 349 ἀετοῦ
1693 324 1854 360 πετομένου,

1066 367 1211 403 ζητοῦντος
1227 366 1329 404 βορρᾶν
1343 377 1351 402 ;
1370 377 1380 394 ι

1104 423 1113 440 ι
1134 414 1182 445 Τίς
1205 416 1358 450 συνήγαγεν
1380 413 1498 450 ἀνόμους
1520 415 1550 442 ὲν
1584 414 1699 451 κόλπῳ;
1724 416 1770 448 τίς
1792 425 1856 443 συν-

1066 459 1161 494 έτριψε
1188 459 1218 486 τὸ
1244 460 1298 486 πᾶν
1322 459 1393 496 ὕδωρ
1409 460 1526 495 ίματίῳ;
1541 460 1585 493 τίς
1598 461 1734 496 ἐκράτησε
1747 461 1857 488 πάντων

1065 503 1158 539 ἄκρων
1173 504 1223 538 τῆς
1238 503 1307 539 γῆς;
1322 504 1391 539 Τρία
1404 504 1480 531 ἐστὶν
1490 502 1610 532 ἀδύνατά
1625 514 1671 540 μοι
1686 505 1792 541 νοῆσαι,
1809 505 1857 532 καὶ

1065 549 1097 575 τὸ
1108 549 1238 584 τέταρτον
1254 550 1304 576 οὐκ
1320 549 1504 584 ὲπιγινώσκω,
1521 550 1581 586 ἴχνη
1599 550 1680 578 ἀετοῦ
1692 551 1854 587 πετομένου,

1065 595 1113 622 καὶ
1128 595 1186 621 ὁδὸν
1199 595 1288 630 δφεως
1302 595 1349 622 ἐπὶ
1363 595 1478 629 πέτρας,
1499 596 1547 623 καὶ
1561 596 1673 632 τρίϐους
1685 597 1748 632 νηὸς
1763 605 1856 624 ποντο-

1067 640 1215 676 negatio-1);,
1235 641 1282 668 καὶ
1295 641 1353 668 ὁδὸν
1367 641 1463 676 ἀνδρὸς
1482 642 1510 668 ὲν
1531 641 1648 677 νεότητι.
1665 651 1675 668 ›

1104 739 1113 756 ι
1129 730 1160 757 El
1175 730 1361 765 πορεύσονται
1383 730 1431 757 δύο
1453 731 1499 758 ἐπὶ
1512 728 1545 758 τδ
1558 731 1625 759 αὐτὸ
1653 727 1782 765 καθόλου,
1805 732 1854 759 ἐὰν

1068 775 1106 811 μὴ
1125 775 1296 811 γνωρίσωσιν
1322 776 1437 808 ἑαυτούς
1453 776 1504 809 ;Εί
1523 775 1696 809 ἐξελεύσεται
1726 777 1796 804 λέων
1821 778 1855 804 ἐκ

224 837 274 857 suo
294 828 414 864 praedam
433 836 487 856 non
508 827 634 856 habens?
656 828 685 856 Si
703 828 779 856 dabit
797 829 906 858 catulus
925 829 1012 857 leonis

1065 822 1112 850 τοῦ
1127 822 1232 858 δρυμοῦ
1247 821 1341 855 αὑτοῦ,
1359 822 1446 857 Θήραν
1464 822 1516 849 οὐκ
1527 821 1597 858 ἔχων
1610 831 1618 855 ;
1639 823 1663 849 εί
1677 822 1759 851 δώσει
1789 822 1855 849 σκύ-

225 883 319 903 vocem
336 882 413 903 suam
430 874 464 902 de
481 874 565 902 cubili
582 881 633 902 suo
644 875 774 907 omnino,
789 875 844 903 nisi
856 875 958 911 aliquid
974 883 1015 903 ra-

224 920 334 955 puerit?
345 920 374 948 Si
387 919 468 947 cadet
483 918 542 947 avis
557 927 640 955 super
654 924 754 947 terram
767 920 827 948 sine
838 921 962 957 aucupe?
983 921 1011 949 Si

223 967 375 1002 deponatur
392 965 507 1001 laqueus
527 972 610 1001 super
629 968 730 993 terram
744 985 752 998 ,
770 967 823 994 nisi
842 967 945 1002 aliquid
965 975 1012 1002 ap-

223 1011 428 1048 prehendatur?
442 1010 470 1039 Si
484 1011 593 1046 elanget
606 1011 672 1039 tuba
685 1011 712 1039 in
727 1011 839 1040 civitate
849 1031 856 1044 ,
876 1017 903 1040 et
926 1019 1014 1048 popu-

224 1060 266 1086 lus
292 1066 346 1086 non
372 1057 501 1085 timebit?
520 1057 555 1085 Et
569 1057 621 1085 erit
635 1057 742 1086 malitia
757 1057 785 1085 in
802 1058 913 1086 civitate
930 1066 1013 1093 quam

197 1103 358 1140 ,l)ominus
373 1109 427 1130 non
442 1101 528 1130 fecit?
543 1111 554 1129 ι

172 1138 219 1196 ‘h
260 1159 268 1174 ε
284 1148 416 1184 Nunquid
428 1147 627 1184 gloriﬁcabitur
638 1148 746 1177 securis
759 1149 818 1177 sine
829 1153 941 1177 secante
951 1169 958 1183 ,
975 1149 1014 1177 ita

224 1199 253 1221 ut
271 1199 380 1222 secetur
395 1194 422 1221 in
439 1194 492 1222 ea?
510 1198 557 1221 aut
572 1193 742 1222 exaltabitur
756 1202 834 1223 serra
849 1194 908 1223 sine
922 1202 956 1222 eo
967 1194 1014 1230 qui

225 1241 314 1268 trahat
326 1241 337 1267 2
350 1250 359 1266 ι

257 1285 357 1313 Jerem.
380 1293 415 1318 τ,
441 1285 533 1313 15.-
550 1294 559 1311 ι
574 1285 602 1313 Si
630 1285 745 1313 mutabit
767 1284 895 1320 Ethiops
916 1285 1014 1321 pellem

223 1338 301 1359 suam
312 1351 319 1362 ,
331 1334 358 1358 et
373 1331 476 1366 pardus
491 1330 639 1359 varietates
653 1338 718 1360 suas
728 1351 736 1363 ,
750 1339 799 1359 vos
813 1339 920 1366 quoque
936 1335 1013 1367 pote-

223 1377 285 1404 ritis
298 1375 459 1404 benefacere
469 1396 477 1410 ,
492 1383 556 1404 cum
571 1375 727 1404 didiceritis
744 1377 825 1403 mala.
842 1386 851 1403 ι

259 1421 344 1448 Eccli.
365 1430 392 1455 ι,
411 1421 439 1447 2.
454 1435 490 1440 —
506 1430 516 1447 ι
532 1420 651 1448 Arenam
674 1421 776 1454 maris,
797 1426 824 1449 et
847 1426 937 1457 guttas
954 1423 1014 1458 plu—

223 1468 288 1501 viae,
303 1470 330 1495 et
346 1467 405 1495 dies
418 1466 511 1494 saeculi
536 1467 599 1502 quis
626 1466 805 1495 numerabit?
830 1467 1012 1496 Altitudinem

223 1513 286 1541 οωιί
297 1533 304 1546 ,
319 1517 346 1541 et
363 1512 535 1540 latitudinem
550 1516 647 1545 teme,
664 1516 690 1540 et
703 1511 850 1547 abyssum,
864 1515 891 1540 et
904 1514 1013 1548 sapien-

224 1559 289 1586 tiam
302 1558 366 1594 quis
379 1550 576 1593 investigabit?
588 1567 598 1584 ι

257 1603 356 1631 ΜαιιΙι.
377 1611 404 1636 ν,
423 1603 467 1630 14.
481 1618 515 1623 -
529 1613 539 1629 ‹
557 1602 618 1631 Νοιι
643 1606 734 1638 potest
756 1603 854 1632 civitas
881 1603 1014 1632 abscondi

223 1655 308 1683 supra
324 1652 445 1676 montem
460 1647 560 1683 posita.
580 1657 590 1674 ι

259 1691 358 1719 Matth.
369 1701 395 1719 vr
405 1713 413 1725 ,
429 1692 481 1726 24,
496 1692 545 1727 25,
562 1692 609 1720 27.
626 1708 661 1714 ——
674 1702 683 1720 ι
702 1693 787 1722 Nemo
799 1699 890 1730 potest
905 1695 1013 1724 duobus

222 1737 342 1765 dominis
355 1738 469 1766 servire.
484 1738 539 1766 Aut
554 1739 626 1766 enim
641 1747 726 1767 unum
744 1739 807 1768 odio
830 1740 942 1768 habebit
954 1761 962 1772 ,
987 1744 1014 1768 et

223 1782 340 1811 alterum
354 1783 467 1819 diliget:
482 1788 530 1811 aut
546 1792 630 1812 unum
654 1785 822 1820 sustinebit,
847 1790 874 1813 et
897 1786 1013 1813 alterum

189 1838 195 1841 ί
228 1833 397 1858 contemnet.
413 1828 473 1857 Non
488 1831 602 1865 potestis
616 1830 670 1858 Deo
684 1831 788 1859 servire
802 1836 829 1859 et
842 1831 1016 1865 Mammonte,

231 1875 300 1908 Quis
315 1879 438 1903 vestrum
453 1876 579 1911 cogitans
592 1879 682 1912 potest
697 1876 817 1912 adjicere
832 1876 866 1904 ad
880 1879 1017 1919 staturam

170 1932 172 1936 -
230 1928 309 1949 suam
323 1920 449 1949 cubitum
462 1922 569 1950 unum?
583 1931 594 1948 ι

265 1966 365 1994 Matth.
385 1974 440 2001 vn,
460 1967 503 1996 16.
517 1982 554 1989 -—-
566 1977 577 1994 ι
593 1967 722 2003 Nunquid
733 1968 867 2005 colligunt
881 1968 915 1997 de
929 1969 1018 2005 spinis

227 2020 312 2045 uvas,
328 2016 376 2039 aut
391 2012 426 2040 de
439 2013 550 2041 tribulis
565 2012 727 2042 ﬁcusiNon
743 2019 834 2050 potest
849 2015 932 2043 arbor
945 2017 1017 2042 bona

220 2059 324 2086 fructus
338 2058 425 2086 malos
447 2058 556 2093 facere,
583 2067 672 2096 neque
695 2061 780 2089 arbor
805 2061 879 2089 mala
907 2060 1015 2090 fructus

227 2105 314 2132 bonos
331 2103 430 2133 lacere.
446 2114 455 2131 ι

166 2119 171 2132 ι
227 2111 314 2132 nouos
331 2111 430 2133 Iacere.
446 2114 455 2131 ι

255 2148 354 2180 ΜαιιΙι.
373 2158 390 2177 x
399 2170 406 2184 ,
421 2149 467 2177 24.
476 2164 512 2170 —-
522 2159 532 2176 ι
545 2150 606 2178 Non
617 2155 660 2180 est
670 2151 822 2186 discipulus
833 2159 917 2186 supra
932 2152 1012 2188 magi-

1067 2111 1191 2135 καρπους
1202 2111 1300 2134 καλους
1309 2111 1406 2129 ποιειν.
1419 2112 1428 2129 ι

1105 2155 1115 2173 ε
1131 2147 1189 2173 Οὐκ
1205 2147 1263 2174 ἐστι
1276 2147 1402 2184 μαθητής
1417 2148 1487 2184 ὑπὲρ
1501 2148 1547 2176 τὸν
1575 2145 1734 2178 διδάσκαλον
1757 2148 1839 2178 αὐτοῦ

220 2201 309 2224 strum
323 2203 403 2224 suum
414 2216 422 2230 ,
435 2204 524 2232 neque
539 2204 636 2225 servus
646 2205 730 2233 supra
744 2197 886 2226 dominum
899 2206 990 2226 suum.
999 2208 1007 2224 ι

1065 2191 1125 2219 οὐδὲ
1143 2192 1236 2224 δοῦλος
1251 2193 1323 2228 ὑπὲρ
1337 2194 1384 2220 τὸν
1395 2194 1500 2230 Κύριον
1511 2194 1625 2230 αὐτοῦ.)

256 2240 321 2285 Eua.
337 2248 388 2268 νιιι
399 2261 407 2274 ,
424 2242 468 2269 l'l.
480 2257 514 2262 ——
527 2251 536 2268 ‹
549 2241 624 2270 Nihil
641 2247 684 2271 est
706 2246 848 2279 opertum,
868 2244 941 2280 quod
957 2251 1010 2273 non

221 2287 366 2320 reveletur,
386 2294 475 2322 neque
501 2287 714 2322 absconditum,
735 2289 809 2324 quod
831 2296 886 2316 non
908 2296 1010 2325 cogno-

221 2337 324 2368 scatur,
339 2337 367 2361 et
384 2333 410 2361 in
423 2334 512 2369 palam
527 2334 629 2362 veniat.
646 2344 656 2360 ι

256 2378 354 2406 Matth.
376 2387 414 2407 xu
425 2399 432 2413 ,
453 2379 498 2407 54.
513 2394 548 2400 -
564 2389 573 2405 ι
587 2379 735 2416 Progenies
749 2381 903 2416 viperarum
915 2401 923 2415 ,
939 2388 1009 2417 quo-

220 2425 301 2453 modo
318 2424 432 2460 potestis
445 2424 517 2452 bona
533 2424 627 2460 loqui,
645 2432 706 2452 cum
724 2425 786 2453 sitis
802 2425 909 2453 mali?»

256 2470 355 2498 Matth.
377 2478 440 2503 xui,
461 2470 505 2498 57.
520 2485 555 2490 —
570 2479 579 2496 ι
596 2470 655 2498 Non
673 2475 714 2499 est
733 2471 866 2506 propheta
883 2471 941 2499 sine
957 2471 1008 2499 ho-

220 2524 304 2548 nore,
322 2516 376 2544 nisi
392 2517 418 2544 in
435 2517 523 2551 patria
540 2523 589 2544 sua
602 2520 629 2544 et
645 2516 673 2544 in
688 2516 769 2544 domo
783 2524 842 2545 sua.
856 2525 866 2542 )

255 2560 356 2589 llatth.
376 2568 462 2595 uix,
479 2560 575 2589 23-26.
605 2577 641 2582 —-
664 2561 772 2596 «Quam
797 2562 906 2590 didicile
932 2562 1008 2591 dives

221 2607 334 2635 intrabit
349 2607 378 2635 in
393 2614 507 2642 regnum
523 2607 654 2636 ccelorum
671 2608 677 2635 l
703 2607 806 2635 lterum
821 2608 884 2636 dico
908 2608 986 2636 vobis
1001 2617 1008 2636 :

222 2651 341 2680 Facilius
367 2656 410 2680 est
434 2652 569 2680 camelum
593 2653 698 2682 intrare
716 2661 766 2689 per
785 2653 909 2682 foramen
927 2662 1007 2687 acus.

221 2704 304 2732 quam
317 2698 428 2726 divitem
439 2699 544 2727 intrare
555 2699 582 2727 in
594 2707 707 2735 regnum
722 2699 778 2728 Dei.
792 2700 871 2735 Apud
885 2699 1009 2728 homines

222 2742 274 2769 hoc
291 2742 459 2777 impossibile
475 2749 537 2774 est:
551 2746 622 2780 apud
634 2745 719 2774 Deum
734 2751 823 2775 autem
836 2747 927 2775 omnia
944 2750 1009 2775 sunt

222 2788 372 2823 possibilia.
387 2792 409 2815 »1
505 2812 506 2815 η
540 2811 544 2815 .
567 2804 580 2816 ν
596 2796 599 2798 ·
616 2805 624 2816 ι
957 2790 1002 2814 .⁴·⁷

1066 877 1132 904 μνος
1145 868 1238 903 φωνὴν
1258 868 1341 895 αὑτοῦ
1358 869 1390 895 ἐκ
1400 870 1450 904 τῆς
1473 868 1594 904 μάνδρας
1616 868 1699 895 αὑτοῦ
1725 868 1853 901 καθόλου,

1066 915 1113 941 ὲὰν
1129 914 1167 950 μὴ
1183 914 1296 950 ἁρπάσῃ
1306 923 1350 947 τις
1363 914 1389 940 εἰ
1405 915 1528 941 πεσεῖται
1547 914 1641 949 ὄρνεον
1665 913 1713 940 ἐπὶ
1737 915 1787 949 τὴν
1801 915 1855 949 γῆν

1066 959 1131 986 ἄνευ
1160 959 1277 993 ίξευτοῦ;
1291 960 1315 986 εί
1331 959 1517 996 σχασθήσεται
1544 959 1628 994 παγὶς
1653 959 1701 986 ἐπὶ
1726 960 1776 995 τῆς
1802 960 1855 994 γῆς

1064 1004 1129 1032 ἄνευ
1144 1004 1192 1031 τοῦ
1209 1004 1353 1031 συλλαϐεῖν
1368 1013 1395 1031 τι
1410 1013 1418 1038 ;
1435 1006 1459 1031 εί
1476 1005 1597 1040 φωνήσει
1630 1004 1746 1039 σάλπιγξ
1761 1005 1790 1031 ὲν
1804 1005 1854 1031 πό-

1065 1051 1117 1083 λει,
1149 1052 1197 1079 καὶ¹
1223 1051 1288 1084 λαὸς
1310 1052 1341 1078 οὐ
1368 1051 1571 1088 πτοηθήσεταιις
1592 1052 1640 1079 καὶ
1666 1052 1741 1079 ἔσται
1769 1051 1854 1079 κακία

1068 1097 1098 1123 ὲν
1115 1096 1203 1130 πόλει,
1214 1097 1247 1133 ἢν
1262 1097 1364 1133 Κύριος
1379 1097 1429 1124 οὐκ
1443 1098 1591 1133 ὲποίησεν;
1611 1107 1621 1124 ι

1104 1152 1114 1169 ι
1132 1143 1178 1178 Μὴ
1196 1142 1392 1179 δοξασθήσεται
1425 1143 1504 1178 ἀξίνη
1530 1144 1594 1171 ἄνευ
1621 1143 1669 1170 τοῦ
1695 1144 1852 1175 κόπτοντος,

1065 1187 1136 1215 ὥστε
1150 1188 1262 1216 κόπτειν
1275 1189 1305 1216 ὲν
1323 1191 1392 1225 αὐτῇ
1406 1198 1413 1223 ;
1434 1190 1451 1226 ἢ
1467 1190 1642 1226 ὑψωθήσεται
1669 1191 1757 1227 πρίων
1787 1192 1853 1220 ἄνευ

1064 1233 1112 1261 τοῦ
1132 1233 1258 1266 ἕλκοντος
1269 1235 1368 1268 αὑτόν;
1385 1244 1395 1262 ι

1105 1289 1114 1306 ‹
1129 1280 1161 1307 El
1180 1279 1400 1315 ἀλλάξειΔιθίοψ
1411 1280 1442 1307 τὸ
1454 1281 1543 1317 δέρμα
1565 1282 1659 1316 αὑτοῦ,
1676 1283 1724 1310 καὶ
1748 1284 1852 1319 πάρδα-

1064 1325 1106 1357 λις
1117 1325 1153 1352 τὰ
1168 1325 1336 1361 ποικίλματα
1360 1327 1457 1362 αὐτῆς,
1483 1328 1531 1354 καὶ
1552 1328 1633 1363 ὑμεῖς
1655 1328 1803 1364 δυνήσεσθε
1821 1327 1852 1357 εὖ

1067 1371 1190 1406 ποιῆσαι,
1204 1372 1396 1407 μεμαθηκότες
1412 1372 1495 1401 κακά.
1508 1382 1517 1399 ι

1102 1426 1112 1443 ί
1137 1417 1247 1453 Ἀμμον
1273 1417 1436 1452 θαλασσῶν,
1460 1420 1507 1445 καὶ
1532 1419 1666 1454 σταγόνας
1688 1420 1778 1452 ὑετοῦ,
1804 1420 1853 1447 καὶ

1066 1462 1176 1498 ἡμέρας
1197 1463 1296 1501 αίῶνος
1322 1464 1365 1495 τίς
1387 1464 1585 1500 ἐξαριθμήσει;
1611 1466 1698 1500 ’Υψος
1723 1466 1851 1502 οὐρανοῦ,

1067 1508 1114 1536 καὶ
1129 1508 1230 1541 πλάτος
1253 1509 1316 1544 γῆς,
1333 1509 1381 1537 καὶ
1396 1509 1526 1543 ἄϐυσσον,
1547 1512 1596 1538 καὶ
1618 1512 1716 1546 σοφίαν
1737 1513 1779 1544 τις
1806 1511 1850 1545 εξ-

1069 1554 1184 1590 ιχνιάσει
1196 1562 1203 1588 ;
1214 1564 1224 1580 1

1106 1601 1165 1627 ιΟὺ
1178 1594 1287 1627 δύναται
1309 1600 1385 1633 πόλις
1414 1601 1550 1636 κρυϐἰναι
1570 1602 1663 1631 ἐπάνω
1690 1603 1771 1639 ὅρους
1794 1613 1852 1631 κειι

1069 1647 1147 1682 μένη.
1161 1657 1170 1672 ι

1105 1700 1115 1717 ι
1129 1691 1222 1723 Οὐδεὶς
1251 1692 1365 1719 δύναται
1378 1692 1440 1720 δυσὶ
1463 1693 1570 1728 κυρίοις
1591 1693 1736 1721 δουλεύειν.
1752 1695 1787 1721 ’Ἡ
1798 1695 1852 1730 γὰρ

1067 1736 1113 1763 τὸν
1127 1736 1176 1763 ἕνα
1191 1737 1312 1772 μισήσει,
1341 1738 1388 1764 καὶ
1410 1738 1455 1764 τὸν
1470 1738 1564 1773 ἕτερον
1587 1739 1742 1774 ἀγαπήσει·
1761 1741 1777 1776 ἥ
1793 1741 1852 1772 ἐνὸς

1067 1780 1218 1814 ἀνθέξεται,
1233 1781 1280 1808 καὶ
1296 1781 1342 1809 τοῦ
1356 1783 1449 1818 ἑτέρου
1461 1784 1673 1819 καταφρονήσει.
1688 1785 1725 1810 Οὐ
1737 1785 1852 1812 δύνασθε

1067 1826 1127 1861 Θεῷ
1137 1825 1274 1853 δουλεύειν
1289 1826 1337 1852 καὶ
1347 1827 1507 1862 Μαμμωνᾷ,
1520 1828 1567 1859 Τίς
1577 1827 1607 1860 ἐξ
1620 1828 1697 1863 ὑμῶν
1710 1831 1852 1866 μεριμνῶν

1067 1871 1181 1899 δύναται
1201 1871 1361 1906 προσθεῖναι
1384 1873 1502 1908 suum»;
1527 1873 1635 1908 ἡλικίαν
1652 1874 1735 1901 αὑτοῦ
1764 1876 1852 1911 πῆχυν

1067 1916 1132 1951 Eva;
1145 1926 1154 1943 ι

1073 1995 1077 1999 _
1106 1972 1115 1988 ι
1131 1962 1177 1998 Μή
1189 1971 1217 1990 τι
1230 1963 1404 1998 συλλέγουσιν
1431 1963 1486 1992 ἀπὸ
1513 1964 1641 1993 ἀκανθῶν
1669 1966 1849 2005 σταφυλὴν,ἣ

1067 2009 1122 2036 ἀπὸ
1131 2009 1262 2045 τριὸόλων
1278 2010 1364 2043 σῦκα,
1389 2010 1483 2042 Οὕτως
1497 2011 1527 2037 οὐ
1543 2011 1653 2039 δύναται
1663 2013 1770 2048 δένδρον
1782 2014 1846 2047 ἀγα-

1068 2054 1113 2082 θὸν
1128 2056 1252 2090 καρποὺς
1268 2057 1404 2092 πονηροὺς
1419 2057 1516 2091 ποιεῖν,
1530 2057 1591 2085 οὐδὲ
1607 2058 1712 2093 δένδρον
1750 2059 1852 2094 σαπρὸν

1067 2101 1191 2135 καρποὺς
1202 2102 1300 2134 καλοὺς
1309 2104 1406 2129 ποιεῖν.
1419 2112 1428 2129 ι

1103 2248 1111 2264 ι
1132 2238 1214 2265 Οὐδέν
1246 2239 1305 2265 ἔστι
1337 2240 1614 2275 συγκεκαλυμμένον,
1638 2241 1652 2266 ὃ
1672 2241 1722 2268 οὐκ
1747 2242 1844 2269 ἀποκα-

1061 2284 1241 2320 λυφθήσεται,
1262 2286 1310 2312 καὶ
1323 2286 1459 2320 κρυπτὸν,
1473 2286 1487 2312 ὃ
1497 2287 1527 2312 οὐ
1538 2287 1738 2322 γνωσθήσεται,
1753 2289 1798 2315 καὶ
1808 2289 1847 2320 εἰς

1061 2331 1178 2367 φανερὸν
1192 2332 1268 2369 ἔλθῃ.
1281 2343 1290 2359 ι

1100 2387 1109 2404 ε
1130 2377 1291 2413 Γεννήματα
1303 2378 1426 2414 ἐχιδνῶν,
1441 2377 1501 2410 πῶς
1515 2378 1630 2406 δύνασθε
1644 2378 1735 2413 ἀγαθὰ
1747 2379 1847 2412 λαλεῖν,

1062 2425 1176 2460 πονηροὶ
1192 2425 1284 2457 ὄντες
1297 2435 1306 2450 ι

1099 2481 1108 2497 ι
1125 2471 1184 2498 Οὐκ
1199 2470 1257 2498 ἔστι
1274 2472 1419 2507 προφήτης
1436 2471 1545 2507 ἄτιμος,
1561 2472 1636 2508 εἰμὴ
1653 2472 1724 2508 ἐντῇ
1738 2472 1846 2508 πατρῐδι

1061 2515 1155 2548 αὐτοῦ,
1171 2516 1218 2543 καί
1233 2516 1262 2543 ἐν
1278 2517 1311 2552 τῇ
1327 2517 1402 2552 οἰκίᾳ
1417 2517 1511 2544 αὑτοῦ.
1523 2527 1534 2543 ι

1099 2572 1108 2588 ι
1125 2561 1188 2594 Πῶς
1217 2562 1356 2595 δυσκόλως
1377 2563 1505 2595 πλούσιος
1529 2564 1716 2593 εἰσελεύσεται
1731 2568 1770 2599 εἰς
1798 2567 1847 2601 τὴν

1063 2608 1203 2644 βασιλείαν
1223 2608 1279 2635 τῶν
1303 2608 1437 2644 οὐρανῶνι
1464 2609 1550 2637 Πάλιν
1574 2610 1648 2645 λέγω
1665 2613 1731 2647 ὑμῖν
1745 2621 1752 2628 ·
1765 2613 1844 2640 Εὐκο-

1062 2653 1185 2690 πώτερόν
1213 2655 1273 2681 ἐστι
1305 2654 1429 2690 κάμηλον
1454 2655 1499 2683 διὰ
1525 2658 1706 2693 τρυπήματος
1737 2658 1848 2693 ῥαφίδος

1060 2699 1185 2733 διελθεῖν,
1201 2699 1217 2735 ἦ
1231 2699 1358 2726 πλούσιον
1369 2701 1409 2732 είς
1424 2701 1474 2737 τὴν
1492 2701 1633 2737 βασιλείαν
1647 2704 1695 2730 τοῦ
1707 2703 1773 2730 Θεοῦ
1791 2705 1848 2729 εἱσ-

1061 2745 1158 2773 ελθεῖν.
1174 2745 1255 2782 Παρὰ
1272 2745 1426 2782 ἀνθρώποις
1440 2747 1519 2775 τοῦτο
1535 2748 1667 2776 ἀδύνατόν
1687 2750 1746 2776 ἐστι
1773 2758 1807 2776 πα
1815 2750 1848 2784 ρὰ

1060 2793 1087 2819 δὲ
1099 2792 1158 2828 Θεῷ
1177 2793 1265 2821 πάντα
1279 2793 1388 2821 δυνατά,
1401 2803 1410 2820 ι
