2074 3115
251 154 322 187 1233

289 220 297 235 ι
313 209 380 235 Θεὸν
394 208 482 240 οὐδεὶς
494 207 601 245 ἑώρακε
620 208 741 236 πώποτε.
753 217 762 234 ι

288 264 298 280 ι
317 252 401 281 Εῐπεν
417 253 432 280 6
446 254 551 289 Ἰησοῦς
561 253 601 289 τῷ
614 253 762 289 Νικοδήμῳ
772 261 779 268 ·
796 251 880 288 ’Δμὴν
895 251 967 286 λέγω
985 260 1036 286 σοι,

248 300 297 329 ἑὰν
312 300 350 336 μή
367 308 411 331 τις
425 299 544 335 γεννηθῇ
570 299 693 333 ἄνωθεν,
710 299 742 325 οὐ
759 297 871 326 δύναται
897 298 962 326 ίδεῖν
987 298 1049 336 τὴν.

250 345 390 380 βασιλείαν
404 344 452 372 τοῦ
468 343 549 371 Θεοῦ.
564 344 648 379 Λέγει
662 343 730 380 πρὸς
755 342 1035 378 αὐτδνόΝικόδημος·

248 391 312 423 Πῶς
333 391 445 418 δύναται
471 389 616 426 ἄνθρωπος
632 389 798 425 γεννηθῆναι
813 389 903 425 γέρων
921 389 958 415 ὢν
973 397 980 421 ;
998 388 1036 424 μὴ

248 436 360 464 δύναται
374 436 506 464 εἰσελθεῖν
519 437 560 468 είς
579 436 629 472 τὴν
642 436 747 464 κοιλίαν
763 436 814 471 τῆς
830 435 935 471 μητρὸς
953 434 1036 461 αὑτοῦ

248 481 396 517 δεύτερον,
421 483 470 510 καὶ
507 481 672 517 γεννηθῆναι
695 490 703 515 ;
729 480 880 516 Ἀπεκρίθη
909 480 1034 515 Ἰησοῦς·

255 527 352 563 Ἀμὴν,
364 527 440 563 ἀμὴν
451 527 524 562 λέγω
536 536 590 560 σοι,
602 527 651 555 ἐὰν
669 528 707 564 μή
714 536 757 559 τις
770 527 888 562 γεννηθῇ
897 526 927 559 ὲξ
941 527 1037 558 ὓδατος

249 572 296 600 καὶ
310 572 484 607 Πνεύματος,
496 573 527 600 οὐ
538 573 651 601 δύναται
677 572 809 600 εἰσελθεῖν
835 573 877 602 εἰς
892 573 943 608 τὴν
961 572 1036 608 βασις

247 615 325 643 λείαν
338 616 386 644 τοῦ
403 616 482 644 Θεοῦ.
495 626 505 644 ι

283 672 331 698 Δεῖ
345 672 396 708 τὴν
409 673 499 708 ψυχὴν
511 673 607 709 ἄρχειν
624 673 674 709 μὲν
693 673 749 700 τῶν
772 672 879 705 παθῶν,
899 672 1036 699 δουλεύειν

248 716 277 743 δὲ
293 717 332 752 τῷ
349 717 418 753 Θεῷ.
439 718 594 753 ’Δμήχανον
620 719 676 754 γὰρ
706 719 801 755 αὐτὴν,
832 719 880 746 καὶ
906 718 960 745 ὑπὸ
986 719 1037 754 τῆς

250 763 388 797 ἁμαρτίας
418 763 621 798 βασιλεύεσθαι,
646 765 696 799 καὶ
720 765 773 792 ὑπὸ
801 765 868 792 Θεοῦ
883 774 889 782 ’
908 765 977 792 ἀλλὰ
997 766 1038 792 δεῖ

249 808 350 840 κακίας
379 808 430 844 μὲν
455 809 631 846 ιπικρατεϊν,
649 810 688 846 τῷ
700 811 825 848 Δεσπότῃ
837 811 866 838 δὲ
881 811 937 839 τῶν
968 811 1036 838 ὅλων

250 854 445 889 ὑποτετάχθαι.

292 952 445 988 Ἀμήχανον
458 954 517 981 ἐστι
538 956 711 991 χωρητικοὺς
740 956 815 992 ἡμᾶς
834 956 962 990 γενέσθαι
989 956 1039 991 τῆς

251 998 328 1030 θείας
355 999 476 1035 χάριτος,
496 1000 534 1036 μὴ
548 1001 584 1028 τὰ
596 1002 651 1029 ἀπὸ
680 1003 782 1035 κακίας
805 1003 880 1038 πάθη
901 1011 1040 1038 προκατα-

252 1044 351 1078 σχόντα
379 1045 430 1077 τὰς
450 1046 542 1082 ψυχὰς
567 1047 647 1082 ἡμῶν
674 1048 856 1082 ἐξελάσαντας
874 1057 880 1064 ·
907 1049 976 1076 ἀλλὰ
992 1049 1040 1077 καὶ

252 1090 362 1123 ἀγγεῖον
393 1092 669 1129 προκατειλημμένον
704 1094 757 1121 ὑπό
787 1103 861 1126 τινος
890 1094 1038 1128 δυσωδίας,

252 1135 277 1161 εί
292 1135 329 1170 μὴ
342 1136 492 1174 ὲκπλυσθῇ,
502 1138 534 1165 οὺ
547 1139 585 1174 μὴ
597 1138 709 1175 δέξηται
724 1139 770 1166 τοῦ
792 1140 878 1177 μύρου
892 1139 941 1176 τὴν
960 1140 1039 1175 eme.

253 1181 327 1218 MV-

295 1236 448 1272 Ἀμήχανον
467 1238 589 1274 ἅψασθαι
613 1239 661 1266 τοῦ
687 1240 808 1275 ἀγαθοῦ,
830 1241 868 1277 μὴ
883 1241 1040 1268 ἀποστάντα

252 1280 398 1317 πρότερον,
413 1282 462 1309 καὶ
475 1283 644 1311 ἔκνεύσαντα
659 1283 707 1311 τοῦ
719 1284 815 1311 κακοῦ.

289 1377 395 1414 Ὥσπερ
407 1379 538 1408 ἀδύνατον
555 1382 709 1418 ὑπερϐῆναι
717 1383 767 1419 τὴν
776 1383 873 1410 ἑαυτοῦ
884 1383 974 1416 σκιὰν,
993 1384 1042 1410 καὶ

253 1423 292 1458 τῷ
309 1423 371 1452 λίαν
386 1425 558 1462 ἐπειγομένῳ
574 1427 683 1462 (φθάνει
698 1429 753 1465 γὰρ
767 1429 812 1456 ἀεὶ
826 1429 964 1462 τοσοῦτον,
978 1430 1041 1456 ὅσον

254 1468 523 1506 καταλαμὸάνεται)·
551 1472 569 1506 ἢ
594 1473 652 1504 τοῖς
672 1473 784 1508 ὁρατοῖς
813 1474 964 1509 πλησιάσαι
991 1474 1041 1509 τὴν

254 1512 326 1547 ww,
339 1514 402 1549 δίχα
409 1515 457 1541 τοῦ
468 1516 497 1542 ἐν
517 1516 593 1551 μέσῳ
605 1518 703 1552 φωτὸς,
716 1519 763 1546 καὶ
776 1519 870 1554 ἀέρος·
884 1519 900 1556 ἢ
912 1520 966 1546 τῶν
980 1519 1043 1547 ύδάδ

252 1567 308 1587 των
333 1559 386 1594 ἔξω
408 1560 459 1594 τὴν
483 1562 585 1599 νυκτὴν
613 1563 694 1598 φύσιν
723 1564 912 1594 διολισθαίνειν
930 1573 938 1581 ·
955 1565 1078 1604 οὕτωςε

254 1604 397 1639 ἀμήχανον
407 1607 464 1637 τοῖς
472 1607 501 1636 ὲν
515 1606 622 1643 σώματι
636 1609 699 1644 δίχα
710 1609 765 1637 τῶν
775 1611 939 1646 σωματικῶν
951 1611 1040 1647 πάντη

254 1649 383 1686 γενέσθαι
404 1651 474 1686 μετὰ
487 1652 543 1680 τῶν
559 1654 722 1689 νοουμένων.

296 1789 452 1824 ’Λμήχανον
474 1790 662 1828 συνυπάρχειν
690 1794 741 1828 τὴν
756 1795 824 1830 πρὸς
843 1796 946 1831 κόσμον
974 1800 1042 1832 ἁγά-

255 1843 309 1869 πην
321 1836 354 1870 τῇ
372 1836 441 1870 πρὸς
465 1836 512 1863 τὸν
539 1837 606 1865 Θεὸν
632 1839 736 1876 ἀγάπῃ,
757 1841 795 1872 ὡς
810 1842 952 1877 ἀμήχανον
978 1851 1042 1872 συν-ι»

255 1880 390 1914 υπάρχειν
401 1880 529 1916 ἀλλήλοις
543 1882 601 1917 φῶς
616 1884 663 1911 καὶ
679 1884 786 1918 σκότος.

255 1948 347 1975 ΤΙΤΛ.
359 1948 422 1975 AA'.
431 1951 546 1990 -μερί
554 1951 667 1990 ργίων,
676 1952 728 1990 καὶ
738 1954 981 1990 μακμριζομένων
995 1955 1041 1990 ἐφ’

452 1982 496 2018 οῖς
511 1982 614 2020 δρῶιὲθ
635 1982 684 2014 καὶ
703 1982 780 2023 ὺθέὲρ
790 1982 842 2016 Et}.

291 2059 301 2075 ι
326 2050 392 2076 Ἀπὸ
402 2049 456 2079 τῶν
468 2050 555 2084 άγίων
568 2051 769 2091 φοϐηθήσεσθε.
783 2063 792 2080 ι

291 2105 300 2120 ‹
320 2095 466 2131 Μακάριος
480 2097 512 2123 σὺ
526 2097 646 2133 Ἰσραήλ.
662 2098 710 2130 Τίς
727 2099 821 2135 ὅμοιός
837 2109 892 2130 σοι·
913 2101 977 2134 λαὸς
991 2109 1042 2129 σω-

254 2141 368 2176 ζόμενος
383 2142 436 2169 ὑπὸ
448 2142 564 2178 Κυρίου.
573 2152 582 2170 t

318 2187 462 2223 Μακάριος
477 2188 631 2225 ἄνθρωπος,
647 2190 676 2217 ὃν
688 2190 785 2226 ἤλεγξε
795 2191 907 2228 Κύριος.
925 2202 933 2219 ι

292 2273 459 2309 «Μακάριος
489 2273 576 2310 ἀνὴρ,
602 2275 631 2307 ὃς
659 2275 710 2302 οὐκ
735 2276 872 2312 ἐπορεύθη
900 2278 929 2304 ἐν
958 2278 1040 2315 βουλῇ

253 2319 368 2352 ἀσεϐῶν,
386 2320 433 2346 καὶ
443 2320 471 2348 ὲν
485 2320 536 2356 ὀδῷ
550 2321 721 2358 ἁμαρτωλῶν
735 2323 785 2350 οὐκ
801 2322 875 2360 ἔστη.
891 2333 901 2350 ι

293 2374 301 2390 ι
318 2365 480 2400 Θαυμαστὸς
490 2367 504 2392 ὁ
517 2366 585 2398 Θεὸς
602 2367 632 2393 ὲν
644 2367 702 2399 τοῖς
714 2367 802 2402 ἁγίοις
816 2368 910 2399 αὐτοῦ.
922 2379 931 2395 ι

292 2418 302 2434 ι
318 2411 456 2445 Μακάριοι
479 2411 578 2443 πάντες
602 2413 626 2439 οἱ
649 2412 840 2445 κατοικοῦντες
865 2414 894 2441 ἐν
920 2415 960 2450 τῷ
976 2416 1043 2452 οἴκῳ

256 2462 313 2487 σου,
329 2456 369 2487 είς
383 2457 446 2488 τοὺς
455 2457 556 2490 αίῶνας
572 2458 710 2487 αίνέσουσί
720 2467 761 2486 σε.
777 2469 787 2487 ι

293 2509 302 2526 ‹
316 2501 460 2537 Μακάριος
477 2503 654 2539 ὁᾶνθρωπος,
672 2505 701 2532 ὃν
717 2505 751 2532 ἂν
768 2506 928 2543 παιδεύσῃς,
943 2507 1042 2543 Κύριε,

255 2547 303 2573 καὶ
319 2547 404 2574 ὲκτοῦ
419 2548 502 2583 νόμου
514 2558 561 2576 σου
575 2549 692 2584 διδάξεις
706 2551 798 2579 αὐτόν.
816 2561 826 2579 ι

292 2602 302 2618 ι
319 2593 459 2629 Μακάριοι
468 2595 493 2621 οἱ
504 2595 688 2634 φυλάσσοντες
715 2597 816 2635 κρίσιν,
842 2599 889 2626 καὶ
904 2599 1043 2633 ποιοῦντες

255 2639 431 2675 δικαιοσύνην
448 2641 477 2667 ἐν
488 2643 568 2670 παντὶ
585 2642 683 2679 καιρῷ.
696 2652 706 2669 ι

294 2696 302 2711 ι
322 2686 466 2722 Μακάριος
488 2687 558 2723 ἀνὴρ
583 2689 597 2715 ὁ
619 2689 786 2725 φοϐούμενος
808 2692 854 2719 τδν
875 2693 994 2729 Κύριον,
1014 2694 1043 2722 ἐν

255 2734 315 2764 τοῖς
332 2733 452 2766 ἐντολαῖς
467 2734 549 2761 αὐτοῦ
566 2735 676 2770 θελήσει
691 2737 803 2773 σφόδρα.
819 2747 828 2764 t

887 150 1005 181 SACRA
1021 150 1252 180 PARALLELA.
1683 196 1687 200 .

1051 208 1075 236 Α
1121 204 1203 232 Joan.
1223 212 1248 238 I,
1268 204 1311 231 18.
1323 219 1357 224 -
1374 214 1382 230 ι
1399 204 1484 233 Deum
1501 213 1582 234 nemo
1598 207 1667 234 vidit
1682 199 1830 242 unquam.»

1809 149 1873 182 1934

1125 249 1207 278 Jaan.
1223 258 1251 278 ιιι
1263 270 1270 282 ,
1284 250 1342 278 3-5.
1355 266 1390 271 —
1404 261 1414 277 ι
1429 251 1503 280 Dixit
1522 252 1603 281 Jesus
1625 252 1774 280 Nicodemo
1791 261 1798 280 :
1815 251 1879 279 Nisi.

1091 295 1152 331 quis
1171 299 1252 323 natus
1271 295 1356 324 fuerit
1377 296 1507 332 desuper,
1538 306 1594 325 non
1617 301 1706 334 potest
1719 297 1813 325 videre
1828 305 1872 324 re-

1090 347 1173 376 gnum
1188 340 1247 368 Dei.
1261 339 1333 368 Dixit
1347 341 1382 368 ad
1394 348 1457 369 eum
1471 341 1637 371 Nicodemus
1651 353 1659 370 :
1671 342 1812 376 Quomodo
1826 349 1876 377 po-
1923 374 1926 376 γ

1090 389 1145 414 test
1159 385 1241 413 homo
1257 386 1333 414 nasci
1344 405 1352 419 .
1368 394 1431 414 cum
1445 386 1482 414 sit
1498 394 1580 415 senex
1593 388 1605 415 τ
1618 388 1660 415 An
1673 392 1763 423 potest
1774 387 1875 414 iterato

1090 431 1205 460 introire
1217 432 1244 459 in
1256 435 1377 460 ventrem
1390 433 1486 460 matris
1501 441 1567 467 suae,
1578 437 1606 461 et
1618 434 1712 461 nasci?
1724 433 1876 469 Respondit

1089 477 1188 505 Jesus:
1202 477 1288 505 Amen
1299 497 1306 510 ,
1323 485 1401 506 amen
1413 479 1474 506 dico
1489 479 1537 507 tibi
1551 489 1557 507 :
1574 478 1634 507 Nisi
1645 479 1708 514 quis
1721 482 1831 506 renatus
1842 486 1875 506 ex

1090 529 1160 558 aqua
1170 526 1198 551 et
1209 522 1312 559 Spiritu
1323 544 1330 557 ,
1342 531 1395 552 non
1406 528 1496 560 potest
1504 525 1610 554 intrare
1627 525 1655 553 in
1671 532 1785 561 regnum
1797 525 1872 553 Dein

1126 663 1214 690 Basil.
1232 663 1261 690 in
1282 663 1353 698 μιαί.
1368 671 1387 691 ι.
1400 678 1435 684 —
1450 663 1564 699 Oportet
1587 664 1708 692 animam
1732 663 1876 691 alectibus

1089 708 1201 743 quidem
1221 708 1374 744 imperare,
1389 709 1445 737 Deo
1458 713 1549 738 autem
1565 709 1680 738 servire.
1695 709 1790 745 Neque
1804 709 1876 736 enim

1091 754 1149 782 ﬁeri
1165 758 1273 790 potest,
1296 758 1327 782 ut
1349 755 1409 790 ipsa
1431 755 1513 783 simul
1529 759 1556 784 et
1575 759 1720 791 peccatum
1741 758 1768 783 et
1791 754 1877 782 Deum

1090 806 1169 835 rcges
1182 800 1290 828 habeat.
1306 800 1389 836 37o
1402 800 1503 829 Verum
1525 807 1636 829 necesse
1657 805 1715 833 est,
1730 805 1762 828 ut
1778 800 1875 827 vitium

1090 846 1200 881 quidem
1214 846 1247 874 ad
1265 847 1389 875 ordinem
1404 847 1524 882 redigat,
1538 854 1599 875 sese
1609 854 1675 875 vero
1688 845 1809 874 omnium
1824 844 1879 873 Do.

1055 883 1077 911 Β
1091 890 1166 918 mino
1181 890 1321 926 subjiciat.
1853 906 1868 913 η

1125 946 1264 983 Ejusdem.
1275 962 1312 968 —
1323 947 1396 976 Fieri
1415 955 1587 983 nequaquam
1605 951 1707 983 potest,
1727 951 1758 974 ut
1775 954 1825 975 nos
1835 946 1864 974 di

1090 992 1162 1020 vina;
1178 993 1274 1028 gratiae
1287 1000 1404 1028 capaces
1422 993 1582 1026 eﬂiciamur,
1600 993 1653 1021 nisi
1671 993 1747 1028 prius
1763 996 1874 1019 contra-

1089 1042 1148 1066 ctas
1171 1046 1187 1065 a
1211 1038 1278 1066 vitio
1294 1038 1532 1074 perturbationes,
1558 1038 1658 1074 quibus
1682 1038 1766 1065 animi
1789 1038 1877 1065 nostri

1090 1084 1218 1119 occupati
1233 1088 1315 1117 sunt,
1331 1085 1503 1120 ejecerimus.
1521 1084 1588 1112 Nam
1612 1091 1702 1119 neque
1716 1083 1857 1111 vasculum
1869 1103 1876 1114 ,

1091 1130 1164 1166 quod
1187 1130 1257 1159 fetor
1279 1131 1390 1166 quidam
1416 1134 1480 1158 ante
1504 1130 1624 1163 invasit,
1642 1128 1809 1156 iufusionem
1825 1136 1876 1156 un-

1091 1177 1184 1212 guenti
1198 1184 1295 1212 capere
1309 1180 1415 1212 potest,
1433 1176 1486 1204 nisi
1500 1176 1577 1211 prius
1591 1176 1696 1204 elutum
1711 1174 1805 1202 fuerit.

1125 1233 1224 1268 Ejusd.
1240 1234 1266 1261 in
1284 1234 1354 1269 ρεαι.
1373 1240 1472 1261 xxxiii.
1484 1248 1519 1254 ——
1532 1231 1703 1268 lmpossibile
1715 1235 1757 1262 est
1773 1231 1876 1260 bonum

1090 1287 1254 1316 capessere,
1276 1278 1331 1308 nisi
1356 1279 1432 1314 prius
1459 1286 1474 1305 a
1501 1278 1572 1309 malo
1603 1277 1771 1308 abscesseris
1795 1280 1878 1310 atque

1091 1332 1234 1355 emersens
1239 1343 1248 1352 ι

1128 1380 1200 1408 Naz.
1215 1380 1254 1408 De
1266 1381 1377 1416 theolog.
1391 1395 1425 1403 -ο
1440 1379 1676 1414 Quemadmodum
1686 1385 1778 1410 nemo.
1790 1385 1879 1413 quam

1092 1427 1193 1455 tumvis
1210 1431 1355 1462 properet,
1368 1427 1494 1454 umbram
1507 1433 1584 1455 suam
1598 1424 1878 1461 pratergredinntest

1093 1469 1211 1504 (quippe
1224 1478 1285 1505 quae
1297 1470 1466 1498 tantumdem
1481 1477 1589 1505 semper
1605 1473 1774 1502 antevertat,
1791 1476 1880 1504 quant

1093 1519 1150 1542 tum
1162 1515 1431 1551 comprehenditur),
1444 1522 1496 1542 nec
1506 1515 1584 1543 visus
1595 1514 1628 1542 ad
1642 1522 1675 1542 ea
1688 1522 1749 1549 quae
1760 1515 1786 1541 in
1800 1522 1880 1549 aspe-

1093 1565 1167 1589 ctum
1194 1561 1313 1593 cadunt,
1337 1561 1407 1588 citra
1434 1559 1608 1595 splendorem
1633 1559 1825 1588 intermedium
1852 1565 1879 1587 et

1092 1613 1182 1634 aerem
1198 1606 1345 1640 accedere,
1359 1614 1412 1635 nec
1424 1606 1543 1642 denique
1557 1606 1645 1642 pisces
1661 1606 1779 1634 Sublatis
1801 1607 1879 1641 aquis

1092 1656 1208 1680 natare:
1225 1652 1266 1681 sic
1281 1653 1362 1681 etiam
1384 1652 1443 1680 ﬁeri
1458 1660 1513 1680 non
1532 1656 1642 1688 potest,
1666 1655 1697 1680 ut
1710 1652 1756 1688 qui
1774 1652 1802 1679 in
1815 1659 1879 1680 cor-

1092 1705 1159 1733 pore
1173 1702 1330 1732 versantur,
1353 1698 1413 1727 sine
1430 1705 1523 1726 rerum
1545 1705 1739 1726 coroorearum
1760 1697 1878 1725 admitti-

1092 1745 1156 1772 culo
1172 1745 1353 1781 intelligibilia
1368 1745 1576 1780 complectatur.

1129 1800 1249 1828 Philonis
1259 1801 1283 1827 θ.
1293 1814 1328 1820 —
1338 1799 1409 1827 Fieri
1426 1807 1481 1827 non
1495 1803 1602 1835 potest,
1614 1803 1644 1826 ut
1655 1798 1748 1827 mundi
1762 1806 1839 1826 amor
1853 1804 1880 1826 et

1091 1846 1212 1874 charitas
1227 1853 1289 1881 erga
1306 1846 1390 1874 Deum
1404 1854 1458 1873 una
1473 1846 1627 1879 exsistant;
1650 1844 1879 1880 quemadmodum

1094 1891 1152 1919 lteri
1169 1892 1280 1927 nequit,
1297 1895 1327 1919 ut
1340 1892 1387 1919 lux
1404 1895 1432 1919 et
1449 1891 1567 1919 tenebrae
1583 1899 1636 1918 una
1652 1891 1718 1918 sint.
1732 1906 1737 1911 -

1092 1956 1161 1989 TIT.
1179 1957 1275 1985 XXXI.
1294 1971 1330 1977 ——
1345 1956 1384 1984 De
1398 1957 1509 1987 sanctis.
1527 1957 1608 1990 deque
1621 1956 1653 1983 iis
1668 1956 1712 1990 qui
1726 1957 1753 1982 in
1768 1955 1822 1983 illis
1832 1977 1839 1989 ,
1854 1961 1879 1984 et

1199 1991 1230 2019 ob
1253 2000 1284 2019 ea
1302 1999 1361 2027 qua:
1375 1994 1474 2026 agunt,
1494 1991 1563 2017 beati
1581 1990 1772 2025 prwdt’cantur.

1127 2059 1211 2086 Leuit.
1228 2066 1308 2091 xxvt.
1325 2058 1354 2086 2.
1365 2073 1400 2080 —
1413 2066 1423 2083 ι
1437 2057 1461 2084 A
1476 2057 1579 2085 sanctis
1594 2057 1661 2085 meis
1678 2056 1821 2092 pavebitis.
1839 2066 1848 2083 ι

1127 2103 1208 2130 Deut.
1225 2111 1311 2131 xxxui
1323 2123 1331 2136 ,
1344 2103 1388 2131 29.
1401 2117 1435 2123 -
1450 2111 1459 2128 ί
1473 2102 1573 2130 Beatus
1591 2109 1620 2130 es
1635 2106 1666 2129 tu
1677 2122 1685 2135 ,
1704 2101 1796 2130 lsrael.
1811 2101 1879 2135 Quis

1093 2149 1192 2178 similis
1205 2149 1274 2176 tibi?
1287 2149 1403 2184 populus
1417 2149 1464 2183 qui
1478 2146 1593 2176 salvaris
1606 2155 1620 2175 a
1638 2147 1765 2175 Domino.
1778 2157 1787 2174 ι

1127 2195 1178 2223 Job
1191 2202 1219 2228 ν,
1235 2194 1280 2221 17.
1293 2209 1328 2214 —
1341 2203 1350 2220 ι
1365 2194 1468 2221 Beatus
1483 2193 1567 2221 homo
1581 2200 1662 2228 quem
1680 2193 1814 2229 corripuit
1828 2192 1879 2221 θος

1057 2241 1078 2268 ι)
1093 2241 1192 2269 minus.
1212 2249 1222 2266 ι

1130 2286 1208 2314 Psal.
1224 2294 1251 2320 l,
1271 2286 1295 2313 Ι.
1307 2300 1342 2306 ~—
1356 2295 1365 2312 ι
1379 2285 1479 2314 Beatus
1493 2285 1535 2313 vir
1548 2285 1595 2321 qui
1612 2285 1750 2316 uonabiit
1764 2285 1792 2312 in
1813 2292 1880 2315 con:

1094 2332 1157 2364 silio
1171 2332 1316 2366 impiorum
1327 2351 1334 2363 ,
1348 2335 1377 2358 ct
1390 2331 1418 2359 in
1443 2331 1486 2360 via
1506 2335 1680 2366 peccatorum
1695 2338 1749 2358 non
1764 2330 1849 2358 stetit.
1866 2339 1876 2356 ι

1131 2377 1206 2406 Psal.
1220 2384 1304 2409 uvu,
1313 2375 1546 2404 35.—¢Mirabilis
1558 2376 1630 2403 Deus
1639 2376 1667 2405 in
1677 2376 1781 2404 sanctis
1789 2376 1857 2404 suis.
1867 2385 1879 2401 ι

1129 2421 1206 2449 Ριαι.
1227 2429 1329 2449 ume
1340 2442 1347 2455 ,
1364 2421 1391 2448 4.
1406 2436 1440 2441 -
1453 2431 1462 2448 ι
1475 2421 1551 2449 Beati
1566 2429 1662 2450 omnes
1677 2421 1722 2456 qui
1737 2421 1879 2449 ambulant

1094 2468 1121 2496 in
1136 2468 1217 2496 domo
1232 2471 1277 2495 tua
1287 2488 1295 2500 ,
1307 2467 1334 2495 in
1348 2467 1448 2495 saecula
1462 2467 1613 2494 laudabunt
1629 2470 1666 2494 te.
1681 2476 1691 2493 ι

1130 2513 1208 2542 Ριαι.
1223 2518 1306 2546 scut,
1322 2513 1366 2540 12.
1377 2528 1412 2534 -
1425 2523 1434 2540 ι
1450 2513 1549 2541 Beatus
1561 2513 1644 2540 homo
1663 2520 1744 2548 quem
1765 2517 1794 2540 tu
1815 2522 1879 2543 cru~

1094 2559 1195 2591 dieris,
1213 2558 1327 2587 Domine
1338 2577 1346 2591 ,
1359 2562 1387 2586 et
1400 2558 1434 2587 de
1449 2559 1508 2594 lege
1522 2562 1569 2586 tua
1583 2558 1713 2587 docueris
1727 2566 1799 2587 eum.
1810 2570 1820 2587 ›

1131 2603 1209 2632 Ptol.
1223 2611 1266 2635 cv,
1279 2604 1306 2634 5.
1317 2618 1353 2623 -
1365 2613 1375 2630 ‹
1390 2604 1465 2632 Beati
1485 2604 1531 2640 qui
1553 2603 1715 2632 custodiunt
1730 2603 1880 2640 judicium.

1094 2654 1122 2678 et
1138 2649 1243 2677 faciunt
1255 2649 1390 2684 justitiam
1405 2649 1433 2677 in
1448 2650 1522 2678 omni
1538 2654 1673 2685 tempore.
1689 2659 1699 2676 ι

1132 2695 1208 2724 Paul.
1221 2704 1265 2724 cxi
1274 2717 1282 2728 .
1296 2697 1322 2725 l.
1331 2709 1367 2718 -—
1380 2705 1389 2722 ι
1401 2696 1502 2725 Beatus
1516 2697 1555 2724 vir
1567 2697 1615 2732 qui
1627 2697 1703 2726 timet
1714 2696 1860 2732 Dominum
1870 2721 1878 2735 ,

1096 2743 1123 2770 in
1140 2742 1276 2770 mandatis
1289 2741 1349 2778 ejus
1364 2742 1436 2770 volet
1451 2742 1541 2771 nimis.
1554 2748 1563 2766 ι

304 2823 313 2842 ⁸
331 2822 360 2851 lu
379 2822 451 2861 Rup.
470 2825 679 2863 liaeclnscriptio
694 2831 737 2871 est
753 2828 821 2862 ;scd
837 2823 988 2858 Christiani
1004 2830 1124 2860 hominis
1134 2831 1269 2859 sententia
1282 2835 1336 2866 est,
1354 2839 1408 2859 non
1423 2830 1518 2861 Judazi.
