2074 3115
213 149 277 184 1235

788 155 818 185 S.
837 155 996 185 JOANNIS
1016 154 1229 185 DAMASCENI

1767 148 1835 179 1236

244 205 321 235 Psal.
337 213 421 234 cxvul
431 224 438 237 .
457 205 482 232 I.
495 219 529 225 —
539 214 548 231 ι
564 205 640 233 Beati
655 207 824 234 immacuiati
837 208 865 235 in
877 208 919 235 via
931 229 938 241 ,
951 208 997 243 qui

1087 218 1096 234 ι
1117 209 1256 244 Μακάριοι
1281 208 1393 242 ἄμωμοι
1413 206 1442 232 ὲν
1463 205 1534 239 ὁδῷ,
1557 205 1581 230 οἱ
1598 203 1776 239 πορευόμενοι
1804 203 1833 229 ὲν

205 252 354 280 ambulant
365 252 393 279 in
406 251 463 286 lege
475 251 592 278 Domini.
608 252 681 280 Beati
692 254 739 288 qui
750 259 994 288 scrutantur,»etc.

247 296 322 325 Psal.
346 304 435 329 cur,
459 296 486 324 5.
505 310 541 316 —
558 305 567 322 ι
583 296 685 326 Beatus
711 298 791 334 cujus
818 299 890 327 Deus
912 299 998 328 Jacob

207 341 317 376 adjutor
330 340 391 375 ejus
407 349 415 368 :
431 348 495 376 spes
510 341 573 376 ejus
589 343 617 370 in
634 342 749 371 Domino
766 343 822 372 Deo
838 344 934 379 ipsius.
948 354 958 370 ι

243 387 324 414 Prov.
334 395 373 420 lx,
384 387 634 416 10.—-tConsilium
644 393 812 423 sanctorum,
822 391 977 435 prudeptia.
985 401 994 417 ι

241 441 252 458 ι
264 431 364 461 Beatus
376 433 417 461 vir
426 434 474 469 qui
486 435 590 462 invenit
601 436 777 470 sapientiam.
794 431 944 464 Pretiosior
955 439 998 464 est

208 479 281 507 enim
296 480 434 515 lapidibus
449 481 588 516 pretiosis.
603 492 614 509 ›

244 523 327 552 Prov.
339 532 382 559 III,
395 526 441 553 l5.
450 541 485 548 —
495 535 505 552 ι
518 524 616 556 Manus
627 528 775 556 electorum
786 528 878 556 vincet
889 528 977 556 facile.
985 538 994 555 ι

243 568 326 597 Prov.
340 577 380 597 xu
389 590 398 603 ,
412 570 456 597 24.
467 585 502 591 -
512 571 662 600 «Perfectio
675 573 782 608 piorum
793 573 910 601 deducet
921 580 994 601 eos.»

239 612 321 642 Prov.
349 622 408 650 xxv,
430 615 477 643 2i.
497 630 532 636 —
554 625 563 642 ι
578 616 631 650 Qui
655 618 804 646 miseretur
826 626 995 654 pauperum,

207 657 304 686 beatus
318 659 381 688 erit.
395 669 407 687 ι

243 702 328 731 ΖαοΙι.
341 712 377 739 ιι,
396 705 424 733 8.
435 720 470 727 -
482 715 493 734 ι
508 707 561 740 Qui
574 707 662 743 tangit
675 715 742 743 vos,
759 708 832 737 sicut
843 709 890 744 qui
910 709 998 745 tangit

208 750 341 785 pupillam
358 751 432 779 oculi
447 753 513 781 mei.
531 762 541 781 ι

244 795 303 825 Ira.
314 805 369 825 xxx
379 819 386 832 ,
398 798 492 826 18.-ι
498 799 574 828 Beati
582 807 678 828 omnes
689 800 734 835 qui
745 805 856 828 manent
867 800 895 827 in
907 800 995 835 ipso.»

244 842 303 872 Ita.
319 851 363 872 va
373 865 381 878 ,
398 844 426 872 Ξ.
439 859 475 866 -
488 855 498 872 ι
513 845 615 874 Beatus
631 846 680 881 qui
697 849 788 874 servat
802 853 900 874 manus
915 853 996 878 suas,

209 895 246 916 ne
264 888 348 916 faciat
363 890 549 925 iniquitatem.
566 900 577 918 ι

242 933 324 968 371
338 934 441 963 Imm.
457 943 533 969 xxxi,
556 936 598 963 l2.
613 951 649 956 —
665 946 675 963 ι
691 936 748 964 Erit
771 936 862 964 anima
886 940 998 964 sancto-

209 985 270 1006 rum
286 979 361 1007 velut
389 981 472 1008 arbor
484 980 639 1010 Iructuosa.
656 990 667 1007 ›

244 1024 405 1060 Baruclnv,
429 1026 457 1053 4.
472 1035 531 1052 -ι
549 1026 625 1054 Beati
656 1034 773 1059 sumus.
808 1026 907 1059 Israel,
935 1027 999 1063 quia

208 1077 270 1105 quae
281 1069 338 1105 Deo
355 1070 476 1106 placent.
493 1072 643 1101 manifesta
660 1076 728 1100 sunt
740 1072 832 1100 nobis.
850 1081 860 1098 ι

243 1115 330 1143 Eccli.
346 1124 411 1150 xtv,
429 1117 458 1150 Ι,
474 1117 502 1144 2.
521 1132 556 1138 -
570 1126 580 1144 ι
599 1117 700 1146 Beatus
718 1118 762 1146 vir
794 1118 842 1154 qui
873 1126 928 1146 non
956 1121 999 1146 est

209 1161 309 1196 lapsus
320 1162 349 1189 in
364 1169 415 1191 ore
431 1170 494 1191 suo.
507 1163 609 1192 Beatus
623 1171 705 1199 quem
726 1171 782 1191 non
806 1163 999 1192 condemnavit

209 1205 300 1233 anima
314 1206 387 1242 ejus.
413 1216 423 1234 ›

244 1249 330 1277 Eecli.
361 1258 431 1285 xxv,
452 1252 530 1280 9-15.
547 1266 582 1273 —
600 1261 610 1278 ι
622 1251 726 1280 Novem
744 1252 921 1287 suspicabilia
936 1259 999 1279 cor—

209 1293 254 1322 dis
283 1295 440 1323 beatilicavi
468 1300 524 1323 :et
552 1295 690 1323 decimum
718 1296 810 1323 dicam
839 1297 867 1323 in
894 1296 997 1331 lingua.

210 1339 300 1367 Homo
319 1340 367 1376 qui
389 1340 561 1376 jucundatur
575 1342 604 1369 in
625 1341 689 1370 ﬁliis
709 1343 843 1374 :vivens,
859 1346 886 1370 et
900 1342 999 1370 videns

211 1384 425 1413 subversionem
454 1385 632 1413 inimicorum
667 1394 792 1414 suorum.
817 1385 919 1414 Beatus
950 1388 999 1422 qui

210 1430 317 1459 habitat
337 1438 400 1458 cum
434 1431 554 1460 muliere
581 1435 745 1466 sensata,et
759 1433 806 1467 qui
830 1432 924 1468 lingua
948 1440 998 1461 sua

210 1483 267 1506 non
287 1480 330 1504 est
358 1477 465 1512 lapsus,
481 1482 510 1506 et
523 1478 571 1514 qui
595 1486 651 1506 non
679 1478 792 1507 servivit
824 1478 939 1514 indigno
957 1486 998 1507 se.

209 1521 311 1551 Beatus
327 1522 376 1558 qui
402 1522 507 1551 invenit
529 1524 719 1560 prudentiam,
733 1528 760 1551 et
777 1524 826 1558 qui
851 1523 999 1552 deducitur

210 1567 240 1594 in
253 1567 369 1597 auribus
385 1569 568 1597 audientium.
583 1569 670 1603 Quam
691 1577 809 1605 magnus
823 1570 871 1604 qui
893 1569 999 1598 invenit

210 1613 393 1648 sapientiam!
411 1615 461 1643 sed
475 1622 532 1643 non
561 1619 604 1644 est
630 1622 714 1650 super
738 1616 879 1643 timentem
907 1615 999 1643 Domi-

211 1666 289 1686 num.
303 1668 314 1685 ι

246 1702 384 1737 lauinv,
398 1705 427 1733 5.
443 1717 481 1724 —
497 1713 507 1731 ι
525 1704 602 1732 Beati
624 1711 759 1740 pauperes
787 1712 899 1741 spiritu,
930 1713 1000 1741 quo-

211 1748 286 1776 niam
298 1749 424 1785 ipsorum
436 1753 480 1778 est
491 1757 607 1786 regnum
618 1750 766 1778 caelorum.
780 1760 789 1777 ι

246 1793 319 1821 Ibid.
333 1794 361 1822 ι.
376 1808 412 1816 -—
426 1803 437 1821 ι
454 1794 531 1823 Beati
545 1794 639 1827 mites,
659 1795 789 1830 quoniam
806 1795 857 1830 ipsi
879 1795 998 1830 posside-

210 1839 282 1868 bunt
294 1843 410 1868 terram.
424 1850 434 1868 ι

248 1885 319 1914 Ibid.
333 1886 361 1914 Β.
372 1901 407 1907 -
420 1895 430 1913 ι
441 1886 519 1915 Beati
528 1887 575 1921 qui
590 1886 696 1922 lugent,
713 1887 844 1921 quoniam
864 1887 916 1922 ipsi
933 1895 999 1915 con-

212 1932 389 1961 solabuntur.
408 1941 417 1958 I
433 1947 438 1952 λ

247 1979 318 2009 Ibid.
330 1979 358 2008 6.
375 1995 411 2001 ——
432 1989 442 2007 ι
461 1980 536 2009 Beati
551 1988 599 2016 qut
613 1980 741 2008 esuriunt
755 1983 782 2007 et
797 1979 896 2008 sitiunt
914 1981 999 2016 justi-

211 2025 278 2053 tiam
295 2046 305 2060 ,
327 2026 457 2061 quoniam
473 2026 527 2062 ipsi
537 2025 749 2054 saturabuntur.
770 2034 779 2051 ι

248 2070 320 2099 Ibid.
337 2070 363 2098 7.
374 2086 410 2092 —
424 2080 433 2097 ι
444 2071 523 2099 Beati
547 2070 756 2103 misericordes,
783 2071 914 2105 quoniam
947 2070 999 2106 ipsi

205 2116 432 2147 misericordiam
442 2121 659 2152 consequentur.
672 2127 682 2143 ι

248 2161 320 2189 Ibid.
339 2162 366 2190 8.
380 2176 415 2182 —
432 2171 442 2188 ι
455 2162 532 2191 Beati
552 2163 654 2191 mundo
671 2164 773 2198 corde,
797 2163 928 2199 quoniam
945 2162 999 2198 ipsi

211 2205 297 2235 Deum
313 2206 456 2235 videbunt.
472 2216 481 2233 ι

247 2251 320 2280 Ibid.
331 2251 401 2279 9.-
419 2252 632 2288 «Beatipaciﬁci
644 2274 651 2287 ,
667 2254 798 2289 quoniam
817 2254 870 2290 ipsi
889 2254 934 2281 lilii
954 2250 1000 2281 Uei

212 2297 396 2327 vocabuntur.
414 2307 424 2325 ι

248 2343 322 2372 Ibid.
342 2343 388 2373 10.
405 2359 441 2365 -
463 2353 473 2371 ι
493 2344 570 2373 Beati
586 2345 634 2381 qui
650 2347 872 2380 persecutionem
891 2346 1000 2381 patiun-

212 2395 260 2418 tur
275 2395 389 2427 propter
415 2391 553 2426 justitiam
569 2412 576 2426 ,
593 2392 722 2428 quoniam
748 2393 870 2429 ipsorum
898 2396 941 2420 est
955 2399 1001 2420 re-

211 2444 296 2473 gnum
311 2438 456 2466 cmlorum.
471 2446 482 2463 ›

247 2483 320 2511 Ibid.
339 2483 384 2516 11,
401 2483 444 2511 l2.
458 2499 494 2505 —
506 2493 516 2510 ι
533 2483 612 2512 Beati
642 2484 710 2527 estis
734 2491 798 2512 eum
829 2484 937 2520 probris
950 2491 1000 2511 vos

212 2529 356 2558 aﬂecerint
369 2548 377 2562 ,
395 2533 423 2557 et
441 2530 583 2566 persecuti
606 2537 656 2558 vos
684 2529 790 2558 iuerint
805 2550 813 2562 ,
830 2536 857 2557 et
880 2529 1002 2557 dixerint

212 2583 294 2604 omne
320 2576 425 2604 malum
455 2576 572 2604 verbum
597 2577 746 2605 adversum
759 2584 811 2604 vos
823 2576 999 2608 mentientes,

189 2624 191 2634 λ
212 2624 324 2655 propter
337 2628 391 2649 me.
408 2620 530 2650 Gaudete
546 2625 573 2649 ct
587 2622 734 2655 exsultate,
746 2621 810 2657 quia
828 2628 933 2649 merces
952 2628 999 2648 ve-

211 2669 269 2693 stra
287 2666 375 2694 multa
387 2671 431 2695 est
444 2666 472 2694 in
489 2667 578 2696 caelis.
589 2676 598 2694 ι

247 2709 329 2739 Jan».
348 2719 395 2743 xx,
424 2711 471 2740 29.
489 2727 525 2733 -—
541 2722 550 2739 ι
565 2712 641 2741 Beati
659 2712 715 2748 qui,
736 2719 791 2740 non
821 2712 949 2740 viderunt
972 2715 999 2739 et

210 2754 400 2783 crediderunt.
421 2766 431 2783 ι
482 2754 497 2780 L'.

250 2798 318 2826 Luc.
332 2807 371 2828 ιι.
387 2801 433 2834 27,
450 2802 496 2830 28.
515 2817 550 2823 -
572 2812 580 2828 ι
593 2802 708 2830 Factum
720 2806 762 2830 est
774 2809 835 2830 cum
851 2801 910 2829 haec
924 2800 1000 2830 dicc-

214 2848 269 2887 tot,
288 2845 423 2881 extollens
440 2847 567 2886 quadam
585 2849 683 2877 mulier
695 2848 727 2876 de
739 2847 819 2876 turba
834 2869 841 2883 ,
868 2848 937 2875 dixit
954 2848 997 2875 ei:

1048 255 1123 290 νόμῳ
1139 254 1252 290 Κυρίου.
1271 254 1411 288 Μακάριοι
1423 253 1447 278 οἱ
1462 249 1668 285 ἐξερευνῶντες.
1681 259 1690 275 ι

1085 309 1096 326 ι
1118 301 1274 336 Μακάριος,
1293 295 1324 326 οὖ
1339 300 1353 325 ό
1372 297 1438 329 Θεὸς
1462 295 1559 323 Ἰακὼϐ
1581 295 1678 330 βοηθὸς
1696 295 1796 327 αὑτοῦ,
1816 296 1833 330 ὴ

1049 347 1126 378 ἐλπὶς
1136 346 1219 373 αὐτοῦ
1235 346 1282 372 ἐπὶ
1298 344 1398 380 Κύριον
1416 343 1462 370 τδν
1473 342 1540 369 Θεὸν
1549 341 1643 369 αὐτοῦ.
1657 349 1667 367 ι

1085 402 1095 419 ι
1113 392 1201 428 Βουλὴ
1217 392 1314 427 ἁγίων,
1332 393 1450 423 σύνεσις.
1464 401 1474 417 ι

1087 448 1096 465 ι
1112 438 1254 474 Μακάριος
1287 438 1375 473 ἀνὴρ,
1397 437 1426 469 ὃς
1445 433 1508 471 εὗρε
1542 434 1646 470 σοφίαν.
1679 432 1836 468 Τιμιωτᾶρα

1049 485 1104 520 γάρ
1123 485 1181 512 ἔστι
1192 485 1274 511 λίθων
1291 482 1456 511 πολυτελῶν.
1472 491 1482 508 ι

1088 540 1098 556 ί
1117 531 1186 566 Χεὶρ
1204 530 1341 557 ἐκλεκτῶν
1353 529 1488 565 κρατήσει
1503 525 1636 562 εὐχερῶς.

1087 586 1096 603 ι
1114 576 1290 610 Τελειότητος
1302 574 1384 602 ὁσίων
1398 574 1526 609 ὁδηγήσει
1540 572 1649 604 αὐτούς.

1087 631 1095 647 ι
1116 621 1145 648 '0
1156 621 1238 647 ἐλεῶν
1251 620 1384 654 πτωχοὺς,
1397 617 1574 654 μακαριστός.
1593 626 1603 643 ι

1086 718 1096 735 ι
1123 709 1152 736 '0
1168 709 1322 744 ἁπτόμενος
1336 706 1424 742 ὑμῶν,
1441 706 1479 737 ὡς
1495 705 1648 740 ἁπτόμενος
1674 704 1724 740 τῆς
1750 703 1835 739 κόρης

1047 753 1095 781 τοῦ
1106 754 1248 789 ὀφθαλμοῦ
1264 762 1324 788 μου.
1336 762 1345 778 ι

1086 809 1095 826 ι
1116 799 1254 835 Μακάριοι
1268 800 1369 830 πάντες
1386 799 1411 825 οἱ
1427 797 1593 833 ἐμμένοντες
1606 796 1634 822 ὲν
1650 796 1735 830 αὐτῷ.
1745 804 1754 822 ι

1088 856 1096 872 ι
1115 847 1258 881 Μακάριος
1269 846 1283 873 ό
1297 844 1433 880 διατηρῶν
1448 844 1498 875 τὰς
1521 844 1616 878 χεῖρας
1638 842 1718 869 αὑτοῦ
1733 841 1780 868 τοῦ
1797 843 1835 878 μὴ

1048 892 1142 918 ποιεῖν’
1150 890 1238 918 ἄδικα.
1251 899 1261 916 ›

1088 947 1098 963 ‹
1116 938 1173 964 Καὶ
1185 937 1261 964 ἔσται
1277 937 1294 972 ὴ
1309 935 1384 971 ψυχὴ
1403 934 1456 961 τῶν
1482 933 1567 968 ἁγίων
1593 932 1689 968 ὥσπερ
1706 932 1781 966 Ξύλον
1790 931 1834 967 ἔγ-

1048 992 1166 1020 καρπον.
1179 993 1189 1010 ι

1087 1039 1097 1056 ί
1117 1028 1259 1064 Μακάριοὶ
1274 1025 1498 1062 ὲσμεν,’1σραὴλ,
1508 1026 1547 1052 δτι
1556 1025 1590 1052 τὰ
1603 1024 1708 1060 ἀρεστὰ
1724 1024 1762 1059 τῷ
1775 1023 1834 1058 Θεῷ

1049 1074 1112 1109 ὑμῖν
1127 1074 1238 1108 γνωστά
1253 1074 1336 1100 ἐστιν.
1352 1081 1361 1098 ι

1087 1129 1098 1146 t
1112 1120 1256 1154 Μακάριος
1288 1119 1358 1156 ἀνὴρ
1368 1139 1375 1153 ,
1391 1119 1420 1150 ὃς
1445 1119 1494 1145 οὐκ
1509 1117 1659 1144 ὼλίσθησεν
1674 1117 1703 1144 ὲν
1720 1115 1833 1150 στόματι

1049 1166 1142 1194 αὐτοῦ.
1155 1166 1298 1202 Μακάριος
1312 1164 1334 1202 ᾧ
1343 1168 1373 1194 οὐ
1389 1167 1538 1204 κατέγνωή
1552 1165 1625 1202 ψυχὴ
1635 1164 1727 1192 αὑτοῦ.
1741 1172 1751 1188 ι

1088 1267 1097 1284 t
1117 1258 1210 1285 Ἐννέα
1225 1258 1404 1293 ὑπονοήματα
1431 1257 1589 1293 ὲμακάρισα
1601 1256 1630 1282 ὲν
1645 1253 1743 1290 καρδίᾳ
1770 1261 1832 1287 μου,

1049 1303 1137 1330 καὶτὸ
1150 1303 1263 1330 δέκατον
1275 1303 1330 1339 ἐρῶ
1343 1304 1388 1330 ἐπὶ
1397 1302 1535 1338 γλώσσης.
1549 1301 1614 1328 "Avo
1620 1308 1709 1336 ρωπος
1721 1299 1835 1332 εὐφραι-

1049 1349 1161 1384 νόμενος
1176 1350 1222 1376 ἐπὶ
1245 1350 1361 1383 τέκνοις,
1385 1348 1438 1381 ζῶν
1456 1348 1502 1375 καὶ
1529 1347 1635 1383 βλέπων
1659 1345 1705 1372 ἐπὶ
1732 1343 1835 1370 πτῶσιν

1049 1394 1165 1430 ἐχθρῶν.
1183 1395 1349 1430 Μακάριοςὸ
1366 1393 1453 1422 συνὼν
1479 1392 1590 1428 γυναικὶ
1621 1391 1727 1425 ωνετῇ,
1743 1389 1790 1416 καὶ
1805 1388 1834 1420 δς

1049 1441 1078 1467 ὲν
1091 1440 1200 1476 γλώσσῃ
1227 1442 1277 1468 οὐκ
1305 1440 1467 1475 ὠλίσθησεν,
1493 1439 1541 1466 καὶ
1554 1438 1584 1470 ὃς
1598 1437 1648 1464 οὒκ
1680 1435 1835 1463 ἐδούλευσεν

1049 1486 1152 1522 ἀναξίῳ
1177 1486 1288 1513 ἑαυτοῦ.
1317 1485 1461 1521 Μακάριος
1485 1484 1514 1516 ὃς
1532 1481 1595 1519 εὗρε
1617 1481 1763 1518 φρόνησιν,
1787 1479 1834 1506 καὶ

1012 1540 1035 1571 c
1050 1531 1234 1567 ὁδηγούμενος
1260 1532 1300 1562 εἰς
1328 1528 1385 1558 ὦτα
1406 1530 1570 1558 ἀκουόντων.
1592 1528 1635 1559 Ὠς
1656 1526 1771 1571 μέγαςᾼὸ
1788 1525 1835 1551 εὑ-

1052 1576 1105 1611 ρὼν
1122 1576 1217 1609 σοφίαν
1235 1577 1241 1602 !
1272 1576 1392 1603 ἀλλὀὐκ
1411 1575 1483 1602 ἐστιν
1508 1573 1579 1609 ὑπὲρ
1602 1572 1649 1599 τὸν
1669 1569 1835 1607 φοϐούμενον

1049 1622 1095 1649 τὸν
1112 1621 1223 1658 Κύριον.
1237 1631 1246 1648 ι

1088 1720 1098 1737 t
1113 1711 1289 1746 Μακάριοιοὶ
1314 1711 1419 1746 πτωχοὶ
1441 1708 1480 1744 τῷ
1507 1707 1652 1742 πνεύματι.
1676 1707 1717 1732 ὅτι
1748 1703 1836 1732 αὐτῶν

1050 1759 1124 1785 ἐστιν
1136 1758 1152 1792 ὴ
1166 1757 1288 1792 βασιλεία
1298 1756 1353 1783 τῶν
1365 1754 1496 1790 οὐρανῶν.
1509 1764 1518 1781 ι

1088 1812 1097 1829 ι
1117 1803 1257 1838 Μακάριοι
1274 1803 1297 1828 οἱ
1310 1803 1419 1837 πραεῖς,
1443 1801 1484 1827 ὅτι
1500 1799 1578 1827 αὐτοὶ
1602 1796 1836 1833 κληρονομήσουσι

1049 1850 1099 1885 τὴν
1114 1849 1176 1883 γῆν.
1190 1858 1199 1874 ι

1089 1904 1098 1920 ι
1118 1893 1257 1929 Μακάριοι
1273 1895 1298 1921 οἱ
1322 1893 1498 1925 πενθοῦντες,
1512 1892 1552 1919 ὅτι
1568 1890 1644 1918 αὐτοὶ
1659 1886 1835 1924 παρακληθή-

1051 1949 1154 1967 σονται.

1090 1997 1098 2013 ι
1119 1986 1260 2021 Μακάριοι
1272 1987 1296 2012 οἱ
1308 1986 1466 2018 πεινῶντες,
1478 1984 1525 2011 καὶ
1535 1983 1665 2018 διψῶντες
1675 1980 1724 2016 τὴν
1739 1981 1836 2007 δικαιο-

1051 2033 1144 2068 σύνην,
1165 2033 1206 2060 ὅτι
1221 2033 1297 2059 αὐτοὶ
1311 2031 1553 2067 χορτασθήσονται.
1566 2039 1576 2056 r

1089 2089 1097 2105 ι
1115 2079 1254 2115 Μακάριοι
1267 2079 1291 2104 οἱ
1300 2077 1505 2112 ἐλεήμονες.ὂτι
1514 2076 1592 2103 αὐτοὶ
1605 2072 1806 2110 ἐλεηθήσονται.
1822 2081 1832 2098 ι

1090 2177 1098 2193 ι
1117 2167 1290 2203 Μακάριοιοὶ
1301 2167 1418 2203 καθαροὶ
1434 2167 1467 2202 τῇ
1483 2165 1592 2202 καρδία,
1622 2164 1663 2191 ὅτι
1692 2162 1768 2191 αὐτοὶ
1789 2161 1835 2187 τὸν
1852 2179 1868 2216 ς.

1016 2208 1036 2236 Ι)
1051 2212 1116 2239 Θεὸν
1129 2212 1248 2247 ὄψονται.
1261 2222 1270 2238 ι

1091 2269 1100 2284 ι
1121 2259 1300 2295 Μακάριοιοὶ
1321 2260 1487 2294 εἰρηνοποιοι
1525 2258 1566 2284 ὅτι
1586 2256 1663 2284 αὐτοὶ
1688 2256 1740 2283 υἱοὶ
1768 2254 1834 2281 Θεοῦ

1050 2304 1242 2341 κληθήσονται.
1256 2314 1265 2330 ›

1089 2358 1097 2374 ι
1115 2349 1253 2384 Μακάριοι
1267 2349 1292 2375 οἱ
1303 2349 1478 2384 δεδιωγμένοι
1488 2348 1581 2375 ἕνεκεν
1595 2347 1780 2382 δικαιοσύνης.
1796 2347 1836 2372 ὅτι

1050 2394 1139 2421 αὐτῶν
1154 2395 1228 2421 ἐστιν
1240 2395 1256 2429 ἡ
1268 2393 1390 2429 βασιλεία
1404 2393 1458 2420 τῶν
1467 2392 1600 2429 οὐρανῶν.
1613 2402 1622 2418 ›

1090 2493 1098 2509 ι
1116 2483 1255 2519 Μακάριοί
1281 2482 1354 2515 ἐστε,
1382 2482 1446 2508 ὅταν
1479 2481 1646 2508 ὀνειδίσωσιν
1668 2480 1757 2514 ὑμᾶς,
1789 2479 1835 2504 καὶ

1051 2528 1178 2561 διώξωσι,
1201 2529 1246 2555 καὶ
1262 2528 1360 2554 εἴπωσι
1374 2522 1434 2554 πᾶν
1445 2526 1562 2562 πονηρὸν
1580 2525 1656 2561 ρἧα
1670 2525 1731 2551 καθ’
1757 2524 1836 2558 ὑμῶν

1049 2574 1220 2609 ψευδόμενοι,
1235 2573 1327 2600 ἕνεκεν
1339 2572 1416 2608 ἐμοῦ.
1440 2572 1557 2607 Χαίρετε
1575 2571 1622 2598 καὶ
1643 2569 1835 2605 ἁγγαλλιᾱσοε,

1050 2620 1091 2647 ὅτι
1104 2621 1118 2646 ὀ
1135 2619 1230 2655 μισθὸς
1244 2619 1322 2655 ὑμῶν
1337 2618 1420 2650 πολὺς
1432 2618 1461 2645 ὲν
1472 2619 1528 2649 τοῖς
1546 2617 1680 2653 οὐρανοῖς.
1696 2625 1705 2642 ι

1091 2720 1100 2736 ι
1112 2709 1249 2745 Μακάριοι
1263 2709 1287 2736 οἱ
1302 2709 1338 2745 μὴ
1353 2708 1463 2741 εἰδότες,
1475 2707 1522 2735 καὶ
1534 2706 1738 2737 πιστεύσαντες.
1754 2715 1762 2731 ι

1089 2809 1098 2826 ι
1124 2798 1246 2833 Ἐγένετο
1257 2800 1286 2825 ὲν
1299 2798 1337 2834 τῷ
1366 2798 1457 2833 λέγειν
1486 2797 1568 2825 αὐτὸν
1597 2796 1684 2824 ταῦτα
1710 2795 1838 2829 ἐπάρασά

1051 2855 1092 2878 τις
1129 2845 1196 2880 γυνὴ
1221 2845 1313 2882 cpt-rd“;
1328 2846 1359 2872 ἐκ
1370 2844 1416 2872 τοῦ
1448 2845 1538 2880 ὄχλου,
1561 2841 1638 2871 εἶπεν
1662 2842 1736 2878 αὐτῷ
1753 2851 1760 2858 ·
1776 2842 1836 2870 Μα-
