  <div class='ocr_page' id='page_1' title='image "/cluster/home/n/w/nwhite01/storage/ocr_20150623/95/njp.32101077772844/626.png"; bbox 0 0 2074 3115; ppageno 0'>
   <div class='ocr_carea' id='block_1_1' title="bbox 241 159 308 191">
    <p class='ocr_par' dir='ltr' id='par_1_1' title="bbox 241 159 308 191">
     <span class='ocr_line' id='line_1_1' title="bbox 241 159 308 191; baseline -0.015 0"><span class='ocrx_word' id='word_1_1' title='bbox 241 159 308 191; x_wconf 74' lang='lat'><strong>1237</strong></span> 
     </span>
    </p>
   </div>
   <div class='ocr_carea' id='block_1_2' title="bbox 878 155 1246 186">
    <p class='ocr_par' dir='ltr' id='par_1_2' title="bbox 878 155 1246 186">
     <span class='ocr_line' id='line_1_2' title="bbox 878 155 1246 186; baseline 0.003 -1"><span class='ocrx_word' id='word_1_2' title='bbox 878 155 997 186; x_wconf 81' lang='lat' dir='ltr'><strong>SACRA</strong></span> <span class='ocrx_word' id='word_1_3' title='bbox 1014 155 1246 186; x_wconf 82' lang='lat' dir='ltr'><strong>PARALLELA-</strong></span> 
     </span>
    </p>
   </div>
   <div class='ocr_carea' id='block_1_3' title="bbox 1799 155 1866 187">
    <p class='ocr_par' dir='ltr' id='par_1_3' title="bbox 1799 155 1866 187">
     <span class='ocr_line' id='line_1_3' title="bbox 1799 155 1866 187; baseline 0 -1"><span class='ocrx_word' id='word_1_4' title='bbox 1799 155 1866 187; x_wconf 73' lang='lat'><strong>1238</strong></span> 
     </span>
    </p>
   </div>
   <div class='ocr_carea' id='block_1_4' title="bbox 239 208 1036 249">
    <p class='ocr_par' dir='ltr' id='par_1_4' title="bbox 239 209 1029 249">
     <span class='ocr_line' id='line_1_4' title="bbox 239 209 1029 249; baseline -0.008 -8"><span class='ocrx_word' id='word_1_5' title='bbox 239 213 324 249; x_wconf 84' lang='grc' dir='ltr'><strong>καρία</strong></span> <span class='ocrx_word' id='word_1_6' title='bbox 340 213 358 248; x_wconf 84' lang='grc' dir='ltr'><strong>ἠ</strong></span> <span class='ocrx_word' id='word_1_7' title='bbox 376 212 465 240; x_wconf 82' lang='grc' dir='ltr'><strong>κοιλία</strong></span> <span class='ocrx_word' id='word_1_8' title='bbox 485 213 502 248; x_wconf 79' lang='grc' dir='ltr'><strong>ἡ</strong></span> <span class='ocrx_word' id='word_1_9' title='bbox 520 211 682 249; x_wconf 78' lang='grc' dir='ltr'><strong>βαστᾲσασὰ</strong></span> <span class='ocrx_word' id='word_1_10' title='bbox 704 220 752 245; x_wconf 81' lang='grc' dir='ltr'><strong>σε,</strong></span> <span class='ocrx_word' id='word_1_11' title='bbox 781 211 828 239; x_wconf 77' lang='grc' dir='ltr'><strong>καὶ</strong></span> <span class='ocrx_word' id='word_1_12' title='bbox 856 210 955 246; x_wconf 76' lang='grc' dir='ltr'><strong>μαστοὶ</strong></span> <span class='ocrx_word' id='word_1_13' title='bbox 983 209 1029 240; x_wconf 84' lang='grc' dir='ltr'><strong>οὓς</strong></span> 
     </span>
    </p>
   </div>
   <div class='ocr_carea' id='block_1_5' title="bbox 1088 208 1864 249">
    <p class='ocr_par' dir='ltr' id='par_1_5' title="bbox 1088 208 1864 244">
     <span class='ocr_line' id='line_1_5' title="bbox 1088 208 1864 244; baseline 0.001 -9"><span class='ocrx_word' id='word_1_14' title='bbox 1088 210 1181 236; x_wconf 62' lang='lat' dir='ltr'><strong>Beatus</strong></span> <span class='ocrx_word' id='word_1_15' title='bbox 1194 213 1289 236; x_wconf 98' lang='lat' dir='ltr'><strong>venter</strong></span> <span class='ocrx_word' id='word_1_16' title='bbox 1299 209 1347 244; x_wconf 88' lang='lat' dir='ltr'><strong>qui</strong></span> <span class='ocrx_word' id='word_1_17' title='bbox 1360 213 1386 236; x_wconf 90' lang='lat' dir='ltr'><strong>te</strong></span> <span class='ocrx_word' id='word_1_18' title='bbox 1394 209 1525 244; x_wconf 86' lang='lat' dir='ltr'><strong>portavit,</strong></span> <span class='ocrx_word' id='word_1_19' title='bbox 1537 213 1564 236; x_wconf 86' lang='lat' dir='ltr'><strong>et</strong></span> <span class='ocrx_word' id='word_1_20' title='bbox 1577 208 1661 236; x_wconf 88' lang='lat' dir='ltr'><strong>ubera</strong></span> <span class='ocrx_word' id='word_1_21' title='bbox 1674 215 1734 243; x_wconf 64' lang='lat' dir='ltr'><strong>quae</strong></span> <span class='ocrx_word' id='word_1_22' title='bbox 1752 210 1864 236; x_wconf 61' lang='lat' dir='ltr'><strong>suaisti.</strong></span> 
     </span>
    </p>
   </div>
   <div class='ocr_carea' id='block_1_6' title="bbox 238 256 1028 295">
    <p class='ocr_par' dir='ltr' id='par_1_6' title="bbox 238 256 1028 295">
     <span class='ocr_line' id='line_1_6' title="bbox 238 256 1028 295; baseline -0.005 -9"><span class='ocrx_word' id='word_1_23' title='bbox 238 259 385 295; x_wconf 66' lang='grc' dir='ltr'><strong>ἐθήλασας.</strong></span> <span class='ocrx_word' id='word_1_24' title='bbox 403 259 489 291; x_wconf 76' lang='grc' dir='ltr'><strong>Αὐτὸς</strong></span> <span class='ocrx_word' id='word_1_25' title='bbox 507 259 537 286; x_wconf 77' lang='grc' dir='ltr'><strong>δὲ</strong></span> <span class='ocrx_word' id='word_1_26' title='bbox 558 256 634 287; x_wconf 75' lang='grc' dir='ltr'><strong>εἶπεν</strong></span> <span class='ocrx_word' id='word_1_27' title='bbox 648 268 660 285; x_wconf 64' lang='grc' dir='ltr'><em>ι</em></span> <span class='ocrx_word' id='word_1_28' title='bbox 676 257 818 292; x_wconf 84' lang='grc' dir='ltr'><strong>Μενοῦνγε</strong></span> <span class='ocrx_word' id='word_1_29' title='bbox 847 256 978 293; x_wconf 83' lang='grc' dir='ltr'><strong>μακάριοι</strong></span> <span class='ocrx_word' id='word_1_30' title='bbox 1003 256 1028 282; x_wconf 81' lang='lat' dir='ltr'><strong>al</strong></span> 
     </span>
    </p>
   </div>
   <div class='ocr_carea' id='block_1_7' title="bbox 240 297 1029 340">
    <p class='ocr_par' dir='ltr' id='par_1_7' title="bbox 240 297 1029 340">
     <span class='ocr_line' id='line_1_7' title="bbox 240 297 1029 340; baseline -0.005 -8"><span class='ocrx_word' id='word_1_31' title='bbox 240 305 388 337; x_wconf 79' lang='grc' dir='ltr'><strong>ἀκούοντες</strong></span> <span class='ocrx_word' id='word_1_32' title='bbox 417 305 465 333; x_wconf 74' lang='grc' dir='ltr'><strong>τὸν</strong></span> <span class='ocrx_word' id='word_1_33' title='bbox 492 305 573 340; x_wconf 87' lang='grc' dir='ltr'><strong>λόγον</strong></span> <span class='ocrx_word' id='word_1_34' title='bbox 600 304 648 332; x_wconf 79' lang='grc' dir='ltr'><strong>τοῦ</strong></span> <span class='ocrx_word' id='word_1_35' title='bbox 672 304 752 338; x_wconf 80' lang='grc' dir='ltr'><strong>Θεοῦ,</strong></span> <span class='ocrx_word' id='word_1_36' title='bbox 771 303 819 331; x_wconf 75' lang='grc' dir='ltr'><strong>καὶ</strong></span> <span class='ocrx_word' id='word_1_37' title='bbox 845 297 1029 338; x_wconf 78' lang='grc' dir='ltr'><strong>φυλάσσοντες</strong></span> 
     </span>
    </p>
   </div>
   <div class='ocr_carea' id='block_1_8' title="bbox 238 350 353 378">
    <p class='ocr_par' dir='ltr' id='par_1_8' title="bbox 238 350 353 378">
     <span class='ocr_line' id='line_1_8' title="bbox 238 350 353 378; baseline -0.017 0"><span class='ocrx_word' id='word_1_38' title='bbox 238 350 332 378; x_wconf 85' lang='grc' dir='ltr'><strong>αὐτόν.</strong></span> <span class='ocrx_word' id='word_1_39' title='bbox 344 360 353 376; x_wconf 79' lang='grc' dir='ltr'><strong>ι</strong></span> 
     </span>
    </p>
   </div>
   <div class='ocr_carea' id='block_1_9' title="bbox 277 393 1029 433">
    <p class='ocr_par' dir='ltr' id='par_1_9' title="bbox 277 393 1029 433">
     <span class='ocr_line' id='line_1_9' title="bbox 277 393 1029 433; baseline -0.003 -11"><span class='ocrx_word' id='word_1_40' title='bbox 277 406 287 422; x_wconf 76' lang='grc' dir='ltr'><strong>ι</strong></span> <span class='ocrx_word' id='word_1_41' title='bbox 303 396 443 433; x_wconf 80' lang='grc' dir='ltr'><strong>Μακάριοί</strong></span> <span class='ocrx_word' id='word_1_42' title='bbox 465 398 534 424; x_wconf 75' lang='grc' dir='ltr'><strong>εἰσιν</strong></span> <span class='ocrx_word' id='word_1_43' title='bbox 550 397 574 424; x_wconf 83' lang='grc' dir='ltr'><strong>οι</strong></span> <span class='ocrx_word' id='word_1_44' title='bbox 588 397 679 424; x_wconf 83' lang='grc' dir='ltr'><strong>δοῦλοι</strong></span> <span class='ocrx_word' id='word_1_45' title='bbox 705 397 815 428; x_wconf 75' lang='grc' dir='ltr'><strong>ἐκεῖνοι,</strong></span> <span class='ocrx_word' id='word_1_46' title='bbox 841 395 888 427; x_wconf 80' lang='grc' dir='ltr'><strong>οὓς</strong></span> <span class='ocrx_word' id='word_1_47' title='bbox 921 393 1029 421; x_wconf 75' lang='grc' dir='ltr'><strong>ἐλθὼνὸ</strong></span> 
     </span>
    </p>
   </div>
   <div class='ocr_carea' id='block_1_10' title="bbox 239 439 1026 478">
    <p class='ocr_par' dir='ltr' id='par_1_10' title="bbox 239 439 1026 478">
     <span class='ocr_line' id='line_1_10' title="bbox 239 439 1026 478; baseline -0.004 -10"><span class='ocrx_word' id='word_1_48' title='bbox 239 441 342 476; x_wconf 78' lang='grc' dir='ltr'><strong>Κύριος</strong></span> <span class='ocrx_word' id='word_1_49' title='bbox 368 442 478 478; x_wconf 76' lang='grc' dir='ltr'><strong>εὑρήσει</strong></span> <span class='ocrx_word' id='word_1_50' title='bbox 505 441 722 478; x_wconf 81' lang='grc' dir='ltr'><strong>γρηγοροῦντας.</strong></span> <span class='ocrx_word' id='word_1_51' title='bbox 747 440 834 477; x_wconf 77' lang='grc' dir='ltr'><strong>Ἀμὴν</strong></span> <span class='ocrx_word' id='word_1_52' title='bbox 851 439 923 474; x_wconf 80' lang='grc' dir='ltr'><strong>λέγω</strong></span> <span class='ocrx_word' id='word_1_53' title='bbox 952 439 1026 474; x_wconf 81' lang='grc' dir='ltr'><strong>ὑμῖν,</strong></span> 
     </span>
    </p>
   </div>
   <div class='ocr_carea' id='block_1_11' title="bbox 239 487 1030 523">
    <p class='ocr_par' dir='ltr' id='par_1_11' title="bbox 239 487 1030 523">
     <span class='ocr_line' id='line_1_11' title="bbox 239 487 1030 523; baseline 0 -9"><span class='ocrx_word' id='word_1_54' title='bbox 239 488 282 515; x_wconf 81' lang='grc' dir='ltr'><strong>ὅτι</strong></span> <span class='ocrx_word' id='word_1_55' title='bbox 297 487 495 523; x_wconf 81' lang='grc' dir='ltr'><strong>περιζώσεται,</strong></span> <span class='ocrx_word' id='word_1_56' title='bbox 508 489 556 516; x_wconf 78' lang='grc' dir='ltr'><strong>καὶ</strong></span> <span class='ocrx_word' id='word_1_57' title='bbox 576 489 717 516; x_wconf 78' lang='grc' dir='ltr'><strong>ἀνακλινεῖ</strong></span> <span class='ocrx_word' id='word_1_58' title='bbox 742 488 852 519; x_wconf 78' lang='grc' dir='ltr'><strong>αὐτοὺς,</strong></span> <span class='ocrx_word' id='word_1_59' title='bbox 883 488 930 515; x_wconf 76' lang='grc' dir='ltr'><strong>καὶ</strong></span> <span class='ocrx_word' id='word_1_60' title='bbox 959 495 1030 523; x_wconf 83' lang='grc' dir='ltr'><strong>παρ-</strong></span> 
     </span>
    </p>
   </div>
   <div class='ocr_carea' id='block_1_12' title="bbox 240 533 1030 570">
    <p class='ocr_par' dir='ltr' id='par_1_12' title="bbox 240 533 1030 570">
     <span class='ocr_line' id='line_1_12' title="bbox 240 533 1030 570; baseline 0 -10"><span class='ocrx_word' id='word_1_61' title='bbox 240 533 325 561; x_wconf 82' lang='grc' dir='ltr'><strong>ελθὼν</strong></span> <span class='ocrx_word' id='word_1_62' title='bbox 341 534 497 570; x_wconf 79' lang='grc' dir='ltr'><strong>διακονήσει</strong></span> <span class='ocrx_word' id='word_1_63' title='bbox 513 534 615 567; x_wconf 85' lang='grc' dir='ltr'><strong>αὐτοῖς.</strong></span> <span class='ocrx_word' id='word_1_64' title='bbox 644 534 700 562; x_wconf 71' lang='grc' dir='ltr'><strong>Καὶ</strong></span> <span class='ocrx_word' id='word_1_65' title='bbox 726 534 775 561; x_wconf 80' lang='grc' dir='ltr'><strong>ἐὰν</strong></span> <span class='ocrx_word' id='word_1_66' title='bbox 804 534 871 570; x_wconf 73' lang='grc' dir='ltr'><strong>ἔλθῃ</strong></span> <span class='ocrx_word' id='word_1_67' title='bbox 883 535 913 560; x_wconf 82' lang='grc' dir='ltr'><strong>ὲν</strong></span> <span class='ocrx_word' id='word_1_68' title='bbox 925 535 958 570; x_wconf 85' lang='grc' dir='ltr'><strong>τῇ</strong></span> <span class='ocrx_word' id='word_1_69' title='bbox 969 533 1030 560; x_wconf 84' lang='grc' dir='ltr'><strong>δευ-</strong></span> 
     </span>
    </p>
   </div>
   <div class='ocr_carea' id='block_1_13' title="bbox 239 578 1029 616">
    <p class='ocr_par' dir='ltr' id='par_1_13' title="bbox 239 578 1029 616">
     <span class='ocr_line' id='line_1_13' title="bbox 239 578 1029 616; baseline 0 -10"><span class='ocrx_word' id='word_1_70' title='bbox 239 578 309 615; x_wconf 66' lang='grc' dir='ltr'><strong>τέρᾳ.</strong></span> <span class='ocrx_word' id='word_1_71' title='bbox 323 579 443 616; x_wconf 84' lang='grc' dir='ltr'><strong>φυλακῇ,</strong></span> <span class='ocrx_word' id='word_1_72' title='bbox 461 580 509 607; x_wconf 71' lang='grc' dir='ltr'><strong>καὶ</strong></span> <span class='ocrx_word' id='word_1_73' title='bbox 521 580 551 607; x_wconf 71' lang='grc' dir='ltr'><strong>ἐν</strong></span> <span class='ocrx_word' id='word_1_74' title='bbox 562 581 595 616; x_wconf 83' lang='grc' dir='ltr'><strong>τῇ</strong></span> <span class='ocrx_word' id='word_1_75' title='bbox 611 580 691 616; x_wconf 81' lang='grc' dir='ltr'><strong>τρίτῃ</strong></span> <span class='ocrx_word' id='word_1_76' title='bbox 721 579 842 615; x_wconf 79' lang='grc' dir='ltr'><strong>φυλακῇ,</strong></span> <span class='ocrx_word' id='word_1_77' title='bbox 873 579 948 616; x_wconf 77' lang='grc' dir='ltr'><strong>ἔλθῃ,</strong></span> <span class='ocrx_word' id='word_1_78' title='bbox 981 579 1029 606; x_wconf 72' lang='grc' dir='ltr'><strong>καὶ</strong></span> 
     </span>
    </p>
   </div>
   <div class='ocr_carea' id='block_1_14' title="bbox 240 624 939 662">
    <p class='ocr_par' dir='ltr' id='par_1_14' title="bbox 240 624 939 662">
     <span class='ocr_line' id='line_1_14' title="bbox 240 624 939 662; baseline 0 -11"><span class='ocrx_word' id='word_1_79' title='bbox 240 624 308 660; x_wconf 81' lang='grc' dir='ltr'><strong>εὕρῃ</strong></span> <span class='ocrx_word' id='word_1_80' title='bbox 323 624 422 658; x_wconf 78' lang='grc' dir='ltr'><strong>οὕτως,</strong></span> <span class='ocrx_word' id='word_1_81' title='bbox 442 626 574 662; x_wconf 83' lang='grc' dir='ltr'><strong>μακάριοί</strong></span> <span class='ocrx_word' id='word_1_82' title='bbox 587 627 657 653; x_wconf 72' lang='grc' dir='ltr'><strong>εἰσιν</strong></span> <span class='ocrx_word' id='word_1_83' title='bbox 666 627 691 653; x_wconf 79' lang='grc' dir='ltr'><strong>οι</strong></span> <span class='ocrx_word' id='word_1_84' title='bbox 705 626 792 653; x_wconf 81' lang='grc' dir='ltr'><strong>δοῦλοι</strong></span> <span class='ocrx_word' id='word_1_85' title='bbox 807 627 916 654; x_wconf 79' lang='grc' dir='ltr'><strong>ἐκεῖνοι.</strong></span> <span class='ocrx_word' id='word_1_86' title='bbox 929 635 939 651; x_wconf 75' lang='grc' dir='ltr'><strong>ι</strong></span> 
     </span>
    </p>
   </div>
   <div class='ocr_carea' id='block_1_15' title="bbox 278 668 1031 707">
    <p class='ocr_par' dir='ltr' id='par_1_15' title="bbox 278 668 1031 707">
     <span class='ocr_line' id='line_1_15' title="bbox 278 668 1031 707; baseline 0.004 -12"><span class='ocrx_word' id='word_1_87' title='bbox 278 677 288 693; x_wconf 75' lang='grc' dir='ltr'><strong>ι</strong></span> <span class='ocrx_word' id='word_1_88' title='bbox 302 669 446 705; x_wconf 79' lang='grc' dir='ltr'><strong>Μακάριος</strong></span> <span class='ocrx_word' id='word_1_89' title='bbox 470 671 488 697; x_wconf 77' lang='grc' dir='ltr'><strong>ὸ</strong></span> <span class='ocrx_word' id='word_1_90' title='bbox 514 671 552 706; x_wconf 87' lang='grc' dir='ltr'><strong>μὴ</strong></span> <span class='ocrx_word' id='word_1_91' title='bbox 574 670 675 707; x_wconf 84' lang='grc' dir='ltr'><strong>κρίνων</strong></span> <span class='ocrx_word' id='word_1_92' title='bbox 703 671 799 698; x_wconf 77' lang='grc' dir='ltr'><strong>ἑαυτὸν</strong></span> <span class='ocrx_word' id='word_1_93' title='bbox 823 672 852 698; x_wconf 83' lang='grc' dir='ltr'><strong>ὲν</strong></span> <span class='ocrx_word' id='word_1_94' title='bbox 873 668 896 706; x_wconf 84' lang='grc' dir='ltr'>ᾧ</span> <span class='ocrx_word' id='word_1_95' title='bbox 916 670 1031 706; x_wconf 86' lang='grc' dir='ltr'><strong>δοκιμά-</strong></span> 
     </span>
    </p>
   </div>
   <div class='ocr_carea' id='block_1_16' title="bbox 239 713 313 746">
    <p class='ocr_par' dir='ltr' id='par_1_16' title="bbox 239 713 313 746">
     <span class='ocr_line' id='line_1_16' title="bbox 239 713 313 746; baseline 0 -6"><span class='ocrx_word' id='word_1_96' title='bbox 239 713 313 746; x_wconf 75' lang='grc' dir='ltr'><strong>ζει.»</strong></span> 
     </span>
    </p>
   </div>
   <div class='ocr_carea' id='block_1_17' title="bbox 280 760 1031 798">
    <p class='ocr_par' dir='ltr' id='par_1_17' title="bbox 280 760 1031 798">
     <span class='ocr_line' id='line_1_17' title="bbox 280 760 1031 798; baseline 0.007 -13"><span class='ocrx_word' id='word_1_97' title='bbox 280 768 289 785; x_wconf 84' lang='grc' dir='ltr'><strong>ι</strong></span> <span class='ocrx_word' id='word_1_98' title='bbox 306 760 386 787; x_wconf 79' lang='grc' dir='ltr'><strong>Κατὰ</strong></span> <span class='ocrx_word' id='word_1_99' title='bbox 396 760 488 788; x_wconf 77' lang='grc' dir='ltr'><strong>πίστιν</strong></span> <span class='ocrx_word' id='word_1_100' title='bbox 500 761 635 789; x_wconf 85' lang='grc' dir='ltr'><strong>ἀπέθανον</strong></span> <span class='ocrx_word' id='word_1_101' title='bbox 647 761 719 790; x_wconf 73' lang='grc' dir='ltr'><strong>οὗτοι</strong></span> <span class='ocrx_word' id='word_1_102' title='bbox 732 763 843 796; x_wconf 84' lang='grc' dir='ltr'><strong>πάντες.</strong></span> <span class='ocrx_word' id='word_1_103' title='bbox 851 763 889 798; x_wconf 85' lang='grc' dir='ltr'><strong>μὴ</strong></span> <span class='ocrx_word' id='word_1_104' title='bbox 901 763 1031 796; x_wconf 76' lang='grc' dir='ltr'><strong>λαϐόντες</strong></span> 
     </span>
    </p>
   </div>
   <div class='ocr_carea' id='block_1_18' title="bbox 241 804 1030 844">
    <p class='ocr_par' dir='ltr' id='par_1_18' title="bbox 241 804 1030 844">
     <span class='ocr_line' id='line_1_18' title="bbox 241 804 1030 844; baseline 0.008 -13"><span class='ocrx_word' id='word_1_105' title='bbox 241 804 290 836; x_wconf 83' lang='grc' dir='ltr'><strong>τὰς</strong></span> <span class='ocrx_word' id='word_1_106' title='bbox 308 805 488 841; x_wconf 76' lang='grc' dir='ltr'><strong>ἐπαγγελίας,</strong></span> <span class='ocrx_word' id='word_1_107' title='bbox 501 807 569 834; x_wconf 87' lang='grc' dir='ltr'><strong>ἀλλά</strong></span> <span class='ocrx_word' id='word_1_108' title='bbox 582 808 724 844; x_wconf 78' lang='grc' dir='ltr'><strong>πόρρωθεν</strong></span> <span class='ocrx_word' id='word_1_109' title='bbox 742 809 829 841; x_wconf 84' lang='grc' dir='ltr'><strong>αὑτὰς</strong></span> <span class='ocrx_word' id='word_1_110' title='bbox 855 810 955 841; x_wconf 79' lang='grc' dir='ltr'><strong>ἰδόντες</strong></span> <span class='ocrx_word' id='word_1_111' title='bbox 984 812 1030 837; x_wconf 76' lang='grc' dir='ltr'><strong>καὶ</strong></span> 
     </span>
    </p>
   </div>
   <div class='ocr_carea' id='block_1_19' title="bbox 241 850 1032 890">
    <p class='ocr_par' dir='ltr' id='par_1_19' title="bbox 241 850 1032 890">
     <span class='ocr_line' id='line_1_19' title="bbox 241 850 1032 890; baseline 0.009 -13"><span class='ocrx_word' id='word_1_112' title='bbox 241 850 454 887; x_wconf 77' lang='grc' dir='ltr'><strong>ἀσπασάμενοι,</strong></span> <span class='ocrx_word' id='word_1_113' title='bbox 479 853 528 880; x_wconf 83' lang='grc' dir='ltr'><strong>καὶ</strong></span> <span class='ocrx_word' id='word_1_114' title='bbox 552 854 788 890; x_wconf 82' lang='grc' dir='ltr'><strong>ὁμολογήσαντες,</strong></span> <span class='ocrx_word' id='word_1_115' title='bbox 812 856 854 883; x_wconf 84' lang='grc' dir='ltr'><strong>ὅτι</strong></span> <span class='ocrx_word' id='word_1_116' title='bbox 881 855 950 888; x_wconf 75' lang='grc' dir='ltr'><strong>ξένοι</strong></span> <span class='ocrx_word' id='word_1_117' title='bbox 983 858 1032 885; x_wconf 70' lang='grc' dir='ltr'><strong>καὶ</strong></span> 
     </span>
    </p>
   </div>
   <div class='ocr_carea' id='block_1_20' title="bbox 243 896 1032 936">
    <p class='ocr_par' dir='ltr' id='par_1_20' title="bbox 243 896 1032 936">
     <span class='ocr_line' id='line_1_20' title="bbox 243 896 1032 936; baseline 0.011 -15"><span class='ocrx_word' id='word_1_118' title='bbox 243 896 430 931; x_wconf 78' lang='grc' dir='ltr'><strong>παρεπίδημοί</strong></span> <span class='ocrx_word' id='word_1_119' title='bbox 446 897 516 925; x_wconf 86' lang='grc' dir='ltr'><strong>είσιν</strong></span> <span class='ocrx_word' id='word_1_120' title='bbox 532 898 579 925; x_wconf 70' lang='grc' dir='ltr'><strong>ἐπὶ</strong></span> <span class='ocrx_word' id='word_1_121' title='bbox 590 898 639 934; x_wconf 88' lang='grc' dir='ltr'><strong>τῆς</strong></span> <span class='ocrx_word' id='word_1_122' title='bbox 650 901 713 935; x_wconf 86' lang='grc' dir='ltr'><strong>γῆς.</strong></span> <span class='ocrx_word' id='word_1_123' title='bbox 729 900 763 927; x_wconf 77' lang='lat' dir='ltr'><strong>Oi</strong></span> <span class='ocrx_word' id='word_1_124' title='bbox 777 900 832 936; x_wconf 82' lang='grc' dir='ltr'><strong>γὰρ</strong></span> <span class='ocrx_word' id='word_1_125' title='bbox 852 901 963 929; x_wconf 81' lang='grc' dir='ltr'><strong>τοιαῦτα</strong></span> <span class='ocrx_word' id='word_1_126' title='bbox 989 903 1032 930; x_wconf 87' lang='grc' dir='ltr'><strong>λέ-</strong></span> 
     </span>
    </p>
   </div>
   <div class='ocr_carea' id='block_1_21' title="bbox 241 939 1033 982">
    <p class='ocr_par' dir='ltr' id='par_1_21' title="bbox 241 939 1033 982">
     <span class='ocr_line' id='line_1_21' title="bbox 241 939 1033 982; baseline 0.011 -15"><span class='ocrx_word' id='word_1_127' title='bbox 241 949 347 975; x_wconf 83' lang='grc' dir='ltr'><strong>γοντες,</strong></span> <span class='ocrx_word' id='word_1_128' title='bbox 365 943 562 977; x_wconf 69' lang='grc' dir='ltr'><strong>ἐμφανίζουσιν</strong></span> <span class='ocrx_word' id='word_1_129' title='bbox 576 944 617 972; x_wconf 80' lang='grc' dir='ltr'><strong>ὅτι</strong></span> <span class='ocrx_word' id='word_1_130' title='bbox 634 939 754 981; x_wconf 76' lang='grc' dir='ltr'><strong>πατρίδα</strong></span> <span class='ocrx_word' id='word_1_131' title='bbox 776 947 948 982; x_wconf 78' lang='grc' dir='ltr'><strong>ἐπιζητοῦσι.</strong></span> <span class='ocrx_word' id='word_1_132' title='bbox 977 950 1033 977; x_wconf 76' lang='grc' dir='ltr'><strong>Καὶ</strong></span> 
     </span>
    </p>
   </div>
   <div class='ocr_carea' id='block_1_22' title="bbox 242 987 1032 1029">
    <p class='ocr_par' dir='ltr' id='par_1_22' title="bbox 242 987 1032 1029">
     <span class='ocr_line' id='line_1_22' title="bbox 242 987 1032 1029; baseline 0.009 -15"><span class='ocrx_word' id='word_1_133' title='bbox 242 988 267 1014; x_wconf 80' lang='grc' dir='ltr'><strong>εί</strong></span> <span class='ocrx_word' id='word_1_134' title='bbox 284 988 333 1023; x_wconf 80' lang='grc' dir='ltr'><strong>μὲν</strong></span> <span class='ocrx_word' id='word_1_135' title='bbox 347 987 457 1024; x_wconf 71' lang='grc' dir='ltr'><strong>ἐκείνης</strong></span> <span class='ocrx_word' id='word_1_136' title='bbox 468 989 669 1025; x_wconf 75' lang='grc' dir='ltr'><strong>ἐμνημόνευον,</strong></span> <span class='ocrx_word' id='word_1_137' title='bbox 685 991 732 1025; x_wconf 79' lang='grc' dir='ltr'><strong>ἀφ’</strong></span> <span class='ocrx_word' id='word_1_138' title='bbox 745 988 779 1026; x_wconf 82' lang='grc' dir='ltr'><strong>ἧς</strong></span> <span class='ocrx_word' id='word_1_139' title='bbox 795 991 929 1028; x_wconf 76' lang='grc' dir='ltr'><strong>ἐξέϐησαν</strong></span> <span class='ocrx_word' id='word_1_140' title='bbox 938 1012 945 1026; x_wconf 86' lang='grc'><em>,</em></span> <span class='ocrx_word' id='word_1_141' title='bbox 958 991 1032 1029; x_wconf 83' lang='grc' dir='ltr'><strong>εἶχον</strong></span> 
     </span>
    </p>
   </div>
   <div class='ocr_carea' id='block_1_23' title="bbox 244 1033 1032 1074">
    <p class='ocr_par' dir='ltr' id='par_1_23' title="bbox 244 1033 1032 1074">
     <span class='ocr_line' id='line_1_23' title="bbox 244 1033 1032 1074; baseline 0.01 -15"><span class='ocrx_word' id='word_1_142' title='bbox 244 1033 277 1060; x_wconf 85' lang='grc' dir='ltr'><strong>ἂν</strong></span> <span class='ocrx_word' id='word_1_143' title='bbox 294 1033 389 1068; x_wconf 76' lang='grc' dir='ltr'><strong>καιρὸν</strong></span> <span class='ocrx_word' id='word_1_144' title='bbox 406 1034 577 1069; x_wconf 83' lang='grc' dir='ltr'><strong>ἀνακάμψαι.</strong></span> <span class='ocrx_word' id='word_1_145' title='bbox 590 1035 648 1062; x_wconf 84' lang='grc' dir='ltr'><strong>Νῦν</strong></span> <span class='ocrx_word' id='word_1_146' title='bbox 657 1036 686 1062; x_wconf 75' lang='grc' dir='ltr'><strong>δὲ</strong></span> <span class='ocrx_word' id='word_1_147' title='bbox 706 1037 862 1071; x_wconf 86' lang='grc' dir='ltr'><strong>κρείττονος</strong></span> <span class='ocrx_word' id='word_1_148' title='bbox 879 1039 1032 1074; x_wconf 81' lang='grc' dir='ltr'><strong>ὀρέγονται,</strong></span> 
     </span>
    </p>
   </div>
   <div class='ocr_carea' id='block_1_24' title="bbox 243 1078 1034 1118">
    <p class='ocr_par' dir='ltr' id='par_1_24' title="bbox 243 1078 1034 1118">
     <span class='ocr_line' id='line_1_24' title="bbox 243 1078 1034 1118; baseline 0.011 -14"><span class='ocrx_word' id='word_1_149' title='bbox 243 1078 384 1105; x_wconf 73' lang='grc' dir='ltr'><strong>τουτέστιν</strong></span> <span class='ocrx_word' id='word_1_150' title='bbox 398 1079 575 1116; x_wconf 74' lang='grc' dir='ltr'><strong>ἐπουρανίου.</strong></span> <span class='ocrx_word' id='word_1_151' title='bbox 592 1081 638 1108; x_wconf 86' lang='grc' dir='ltr'><strong>Διὺ</strong></span> <span class='ocrx_word' id='word_1_152' title='bbox 653 1081 703 1109; x_wconf 84' lang='grc' dir='ltr'><strong>οὐκ</strong></span> <span class='ocrx_word' id='word_1_153' title='bbox 730 1083 924 1118; x_wconf 74' lang='grc' dir='ltr'><strong>ἐπαισχύνεται</strong></span> <span class='ocrx_word' id='word_1_154' title='bbox 934 1086 1034 1118; x_wconf 77' lang='grc' dir='ltr'><strong>αὐτοὺς</strong></span> 
     </span>
    </p>
   </div>
   <div class='ocr_carea' id='block_1_25' title="bbox 243 1123 1034 1167">
    <p class='ocr_par' dir='ltr' id='par_1_25' title="bbox 243 1123 1034 1167">
     <span class='ocr_line' id='line_1_25' title="bbox 243 1123 1034 1167; baseline 0.01 -17"><span class='ocrx_word' id='word_1_155' title='bbox 243 1124 257 1150; x_wconf 84' lang='grc' dir='ltr'><strong>ό</strong></span> <span class='ocrx_word' id='word_1_156' title='bbox 274 1123 351 1156; x_wconf 82' lang='grc' dir='ltr'><strong>Θεὸς,</strong></span> <span class='ocrx_word' id='word_1_157' title='bbox 370 1124 436 1156; x_wconf 80' lang='grc' dir='ltr'><strong>Θεὸς</strong></span> <span class='ocrx_word' id='word_1_158' title='bbox 462 1125 554 1153; x_wconf 80' lang='grc' dir='ltr'><strong>αὐτῶν</strong></span> <span class='ocrx_word' id='word_1_159' title='bbox 568 1151 571 1155; x_wconf 86' lang='grc'><strong><em>,</em></strong></span> <span class='ocrx_word' id='word_1_160' title='bbox 585 1126 786 1155; x_wconf 76' lang='grc' dir='ltr'><strong>ἐπικαλεῖσθαι.</strong></span> <span class='ocrx_word' id='word_1_161' title='bbox 806 1129 954 1165; x_wconf 81' lang='grc' dir='ltr'><strong>Ἠτοίμασε</strong></span> <span class='ocrx_word' id='word_1_162' title='bbox 980 1132 1034 1167; x_wconf 86' lang='grc' dir='ltr'><strong>γὰρ</strong></span> 
     </span>
    </p>
   </div>
   <div class='ocr_carea' id='block_1_26' title="bbox 244 1169 1033 1212">
    <p class='ocr_par' dir='ltr' id='par_1_26' title="bbox 244 1169 1033 1212">
     <span class='ocr_line' id='line_1_26' title="bbox 244 1169 1033 1212; baseline 0.011 -18"><span class='ocrx_word' id='word_1_163' title='bbox 244 1169 336 1201; x_wconf 82' lang='grc' dir='ltr'><strong>αὐτοῖς</strong></span> <span class='ocrx_word' id='word_1_164' title='bbox 352 1169 443 1197; x_wconf 84' lang='grc' dir='ltr'><strong>πόλιν.</strong></span> <span class='ocrx_word' id='word_1_165' title='bbox 459 1179 468 1197; x_wconf 71' lang='grc' dir='ltr'><strong>ι</strong></span> <span class='ocrx_word' id='word_1_166' title='bbox 487 1170 613 1206; x_wconf 78' lang='grc' dir='ltr'><strong>Καὶμετ’</strong></span> <span class='ocrx_word' id='word_1_167' title='bbox 633 1173 736 1208; x_wconf 71' lang='grc' dir='ltr'><strong>ὀλίγα·</strong></span> <span class='ocrx_word' id='word_1_168' title='bbox 751 1183 760 1200; x_wconf 80' lang='grc' dir='ltr'><strong>ι</strong></span> <span class='ocrx_word' id='word_1_169' title='bbox 777 1175 867 1202; x_wconf 84' lang='grc' dir='ltr'><strong>Καὶτι</strong></span> <span class='ocrx_word' id='word_1_170' title='bbox 885 1175 926 1202; x_wconf 76' lang='grc' dir='ltr'><strong>ἔτι</strong></span> <span class='ocrx_word' id='word_1_171' title='bbox 950 1175 1033 1212; x_wconf 82' lang='grc' dir='ltr'><strong>λέγω;</strong></span> 
     </span>
    </p>
   </div>
   <div class='ocr_carea' id='block_1_27' title="bbox 244 1213 1032 1255">
    <p class='ocr_par' dir='ltr' id='par_1_27' title="bbox 244 1213 1032 1255">
     <span class='ocr_line' id='line_1_27' title="bbox 244 1213 1032 1255; baseline 0.013 -17"><span class='ocrx_word' id='word_1_172' title='bbox 244 1213 378 1248; x_wconf 76' lang='grc' dir='ltr'><strong>ἐπιλείψει</strong></span> <span class='ocrx_word' id='word_1_173' title='bbox 398 1215 452 1250; x_wconf 83' lang='grc' dir='ltr'><strong>γάρ</strong></span> <span class='ocrx_word' id='word_1_174' title='bbox 467 1224 501 1251; x_wconf 89' lang='grc' dir='ltr'><strong>με</strong></span> <span class='ocrx_word' id='word_1_175' title='bbox 516 1215 695 1252; x_wconf 80' lang='grc' dir='ltr'><strong>διηγούμενον</strong></span> <span class='ocrx_word' id='word_1_176' title='bbox 705 1219 718 1245; x_wconf 87' lang='grc' dir='ltr'><strong>δ</strong></span> <span class='ocrx_word' id='word_1_177' title='bbox 729 1219 825 1253; x_wconf 74' lang='grc' dir='ltr'><strong>χρόνος</strong></span> <span class='ocrx_word' id='word_1_178' title='bbox 839 1220 902 1255; x_wconf 84' lang='grc' dir='ltr'><strong>περὶ</strong></span> <span class='ocrx_word' id='word_1_179' title='bbox 917 1220 1032 1254; x_wconf 82' lang='grc' dir='ltr'><strong>Γεδεὼν,</strong></span> 
     </span>
    </p>
   </div>
   <div class='ocr_carea' id='block_1_28' title="bbox 245 1259 1035 1301">
    <p class='ocr_par' dir='ltr' id='par_1_28' title="bbox 245 1259 1035 1301">
     <span class='ocr_line' id='line_1_28' title="bbox 245 1259 1035 1301; baseline 0.011 -16"><span class='ocrx_word' id='word_1_180' title='bbox 245 1259 341 1294; x_wconf 80' lang='grc' dir='ltr'>Βαράκ</span> <span class='ocrx_word' id='word_1_181' title='bbox 357 1268 398 1293; x_wconf 86' lang='grc' dir='ltr'><strong>τε,</strong></span> <span class='ocrx_word' id='word_1_182' title='bbox 414 1261 462 1288; x_wconf 82' lang='grc' dir='ltr'><strong>καὶ</strong></span> <span class='ocrx_word' id='word_1_183' title='bbox 479 1262 608 1297; x_wconf 78' lang='grc' dir='ltr'><strong>Σαμψὼν,</strong></span> <span class='ocrx_word' id='word_1_184' title='bbox 640 1264 689 1291; x_wconf 71' lang='grc' dir='ltr'><strong>καὶ</strong></span> <span class='ocrx_word' id='word_1_185' title='bbox 706 1265 821 1299; x_wconf 82' lang='grc' dir='ltr'><strong>Ἰεφθάε,</strong></span> <span class='ocrx_word' id='word_1_186' title='bbox 840 1266 921 1293; x_wconf 80' lang='grc' dir='ltr'><strong>Δαὸίδ</strong></span> <span class='ocrx_word' id='word_1_187' title='bbox 932 1276 973 1301; x_wconf 86' lang='grc' dir='ltr'><strong>τε,</strong></span> <span class='ocrx_word' id='word_1_188' title='bbox 987 1269 1035 1295; x_wconf 79' lang='grc' dir='ltr'><strong>καὶ</strong></span> 
     </span>
    </p>
   </div>
   <div class='ocr_carea' id='block_1_29' title="bbox 246 1304 1036 1345">
    <p class='ocr_par' dir='ltr' id='par_1_29' title="bbox 246 1304 1036 1345">
     <span class='ocr_line' id='line_1_29' title="bbox 246 1304 1036 1345; baseline 0.013 -15"><span class='ocrx_word' id='word_1_189' title='bbox 246 1304 382 1341; x_wconf 75' lang='grc' dir='ltr'><strong>Σαμουὴλ,</strong></span> <span class='ocrx_word' id='word_1_190' title='bbox 400 1306 448 1333; x_wconf 81' lang='grc' dir='ltr'><strong>καὶ</strong></span> <span class='ocrx_word' id='word_1_191' title='bbox 463 1306 517 1334; x_wconf 90' lang='grc' dir='ltr'><strong>τῶν</strong></span> <span class='ocrx_word' id='word_1_192' title='bbox 545 1309 703 1344; x_wconf 82' lang='grc' dir='ltr'><strong>προφητῶν,</strong></span> <span class='ocrx_word' id='word_1_193' title='bbox 716 1311 740 1337; x_wconf 81' lang='grc' dir='ltr'><strong>οἱ</strong></span> <span class='ocrx_word' id='word_1_194' title='bbox 755 1310 800 1337; x_wconf 86' lang='grc' dir='ltr'><strong>διὰ</strong></span> <span class='ocrx_word' id='word_1_195' title='bbox 816 1311 935 1345; x_wconf 81' lang='grc' dir='ltr'><strong>πίστεως</strong></span> <span class='ocrx_word' id='word_1_196' title='bbox 967 1322 1036 1341; x_wconf 86' lang='grc' dir='ltr'><strong>κατ-</strong></span> 
     </span>
    </p>
   </div>
   <div class='ocr_carea' id='block_1_30' title="bbox 246 1350 603 1387">
    <p class='ocr_par' dir='ltr' id='par_1_30' title="bbox 246 1350 603 1387">
     <span class='ocr_line' id='line_1_30' title="bbox 246 1350 603 1387; baseline 0.014 -13"><span class='ocrx_word' id='word_1_197' title='bbox 246 1350 419 1383; x_wconf 77' lang='grc' dir='ltr'><strong>ηγωνίσαντο</strong></span> <span class='ocrx_word' id='word_1_198' title='bbox 431 1351 581 1387; x_wconf 79' lang='grc' dir='ltr'><strong>βασιλείας.</strong></span> <span class='ocrx_word' id='word_1_199' title='bbox 594 1362 603 1379; x_wconf 69' lang='grc' dir='ltr'><strong>ι</strong></span> 
     </span>
    </p>
   </div>
   <div class='ocr_carea' id='block_1_31' title="bbox 281 1395 1037 1439">
    <p class='ocr_par' dir='ltr' id='par_1_31' title="bbox 281 1395 1037 1439">
     <span class='ocr_line' id='line_1_31' title="bbox 281 1395 1037 1439; baseline 0.012 -17"><span class='ocrx_word' id='word_1_200' title='bbox 281 1395 425 1432; x_wconf 79' lang='grc' dir='ltr'>Μακάριος</span> <span class='ocrx_word' id='word_1_201' title='bbox 447 1398 462 1424; x_wconf 82' lang='grc' dir='ltr'>ὀ</span> <span class='ocrx_word' id='word_1_202' title='bbox 483 1398 519 1425; x_wconf 77' lang='grc' dir='ltr'><strong>τὰ</strong></span> <span class='ocrx_word' id='word_1_203' title='bbox 557 1400 693 1427; x_wconf 84' lang='grc' dir='ltr'><strong>πλείστων</strong></span> <span class='ocrx_word' id='word_1_204' title='bbox 720 1401 784 1434; x_wconf 76' lang='grc' dir='ltr'><strong>ἄξια</strong></span> <span class='ocrx_word' id='word_1_205' title='bbox 817 1404 997 1439; x_wconf 80' lang='grc' dir='ltr'><strong>κεκτημένος.</strong></span> <span class='ocrx_word' id='word_1_206' title='bbox 1023 1406 1037 1432; x_wconf 82' lang='grc' dir='ltr'>ὁ</span> 
     </span>
    </p>
   </div>
   <div class='ocr_carea' id='block_1_32' title="bbox 246 1440 1037 1482">
    <p class='ocr_par' dir='ltr' id='par_1_32' title="bbox 246 1440 1037 1482">
     <span class='ocr_line' id='line_1_32' title="bbox 246 1440 1037 1482; baseline 0.013 -16"><span class='ocrx_word' id='word_1_207' title='bbox 246 1440 301 1466; x_wconf 83' lang='grc' dir='ltr'><strong>τῶν</strong></span> <span class='ocrx_word' id='word_1_208' title='bbox 325 1441 516 1478; x_wconf 81' lang='grc' dir='ltr'><strong>ἀναφαιρέτων</strong></span> <span class='ocrx_word' id='word_1_209' title='bbox 537 1445 648 1479; x_wconf 83' lang='grc' dir='ltr'><strong>ἀγαθῶν</strong></span> <span class='ocrx_word' id='word_1_210' title='bbox 677 1446 801 1482; x_wconf 87' lang='grc' dir='ltr'><strong>μέτοχος.</strong></span> <span class='ocrx_word' id='word_1_211' title='bbox 818 1447 919 1475; x_wconf 82' lang='grc' dir='ltr'><strong>Τοῦτον</strong></span> <span class='ocrx_word' id='word_1_212' title='bbox 937 1449 964 1475; x_wconf 83' lang='grc' dir='ltr'><strong>δὲ</strong></span> <span class='ocrx_word' id='word_1_213' title='bbox 979 1449 1037 1481; x_wconf 82' lang='grc' dir='ltr'><strong>πῶς</strong></span> 
     </span>
    </p>
   </div>
   <div class='ocr_carea' id='block_1_33' title="bbox 246 1485 1037 1555">
    <p class='ocr_par' dir='ltr' id='par_1_33' title="bbox 246 1485 1037 1555">
     <span class='ocr_line' id='line_1_33' title="bbox 246 1485 1037 1555; baseline 0.014 -45"><span class='ocrx_word' id='word_1_214' title='bbox 246 1485 458 1555; x_wconf 55' lang='grc' dir='ltr'><strong>ἓτξιγνωσόμεθα</strong></span> <span class='ocrx_word' id='word_1_215' title='bbox 472 1496 480 1521; x_wconf 84' lang='grc'>;</span> <span class='ocrx_word' id='word_1_216' title='bbox 501 1488 551 1520; x_wconf 72' lang='grc' dir='ltr'><strong>ὐς</strong></span> <span class='ocrx_word' id='word_1_217' title='bbox 564 1489 614 1516; x_wconf 80' lang='grc' dir='ltr'>οὐκ</span> <span class='ocrx_word' id='word_1_218' title='bbox 633 1491 770 1527; x_wconf 80' lang='grc' dir='ltr'><strong>ἐπορεύθη</strong></span> <span class='ocrx_word' id='word_1_219' title='bbox 782 1492 811 1518; x_wconf 88' lang='grc' dir='ltr'><strong>ὲν</strong></span> <span class='ocrx_word' id='word_1_220' title='bbox 820 1493 853 1528; x_wconf 83' lang='grc' dir='ltr'><strong>τῇ</strong></span> <span class='ocrx_word' id='word_1_221' title='bbox 875 1492 957 1530; x_wconf 82' lang='grc' dir='ltr'><strong>βουλῇ</strong></span> <span class='ocrx_word' id='word_1_222' title='bbox 972 1494 1037 1521; x_wconf 81' lang='grc' dir='ltr'><strong>ἀσε-</strong></span> 
     </span>
     <span class='ocr_line' id='line_1_34' title="bbox 265 1539 313 1555; baseline 0 0"><span class='ocrx_word' id='word_1_223' title='bbox 265 1539 313 1555; x_wconf 86' lang='grc' dir='ltr'><strong>ων.</strong></span> 
     </span>
    </p>
   </div>
   <div class='ocr_carea' id='block_1_34' title="bbox 265 1539 313 1556">
    <p class='ocr_par' dir='ltr' id='par_1_34' title="bbox 265 1539 313 1556">
     <span class='ocr_line' id='line_1_35' title="bbox 265 1539 313 1556; baseline 0 0"><span class='ocrx_word' id='word_1_224' title='bbox 265 1539 313 1556; x_wconf 88' lang='grc' dir='ltr'><strong>ων.</strong></span> 
     </span>
    </p>
   </div>
   <div class='ocr_carea' id='block_1_35' title="bbox 281 1576 1035 1620">
    <p class='ocr_par' dir='ltr' id='par_1_35' title="bbox 281 1576 1035 1620">
     <span class='ocr_line' id='line_1_36' title="bbox 281 1576 1035 1620; baseline 0.012 -17"><span class='ocrx_word' id='word_1_225' title='bbox 281 1576 439 1611; x_wconf 78' lang='grc' dir='ltr'><strong>Μακάριος,</strong></span> <span class='ocrx_word' id='word_1_226' title='bbox 455 1577 485 1610; x_wconf 78' lang='grc' dir='ltr'><strong>ὃς</strong></span> <span class='ocrx_word' id='word_1_227' title='bbox 509 1579 559 1605; x_wconf 84' lang='grc' dir='ltr'><strong>οὐκ</strong></span> <span class='ocrx_word' id='word_1_228' title='bbox 587 1578 668 1606; x_wconf 73' lang='grc' dir='ltr'><strong>ἔλαϐε</strong></span> <span class='ocrx_word' id='word_1_229' title='bbox 696 1581 761 1616; x_wconf 73' lang='grc' dir='ltr'><strong>περὶ</strong></span> <span class='ocrx_word' id='word_1_230' title='bbox 782 1582 850 1609; x_wconf 78' lang='grc' dir='ltr'><strong>Θεοῦ</strong></span> <span class='ocrx_word' id='word_1_231' title='bbox 873 1584 1035 1620; x_wconf 80' lang='grc' dir='ltr'><strong>δισταγμὸν,</strong></span> 
     </span>
    </p>
   </div>
   <div class='ocr_carea' id='block_1_36' title="bbox 247 1623 1037 1662">
    <p class='ocr_par' dir='ltr' id='par_1_36' title="bbox 247 1623 1037 1662">
     <span class='ocr_line' id='line_1_37' title="bbox 247 1623 1037 1662; baseline 0.011 -13"><span class='ocrx_word' id='word_1_232' title='bbox 247 1623 311 1659; x_wconf 79' lang='grc' dir='ltr'><strong>ὁμὴ</strong></span> <span class='ocrx_word' id='word_1_233' title='bbox 343 1623 554 1659; x_wconf 76' lang='grc' dir='ltr'><strong>μικροψυχήσας</strong></span> <span class='ocrx_word' id='word_1_234' title='bbox 582 1625 697 1661; x_wconf 79' lang='grc' dir='ltr'><strong>περὶτὰ</strong></span> <span class='ocrx_word' id='word_1_235' title='bbox 716 1628 849 1662; x_wconf 86' lang='grc' dir='ltr'><strong>παρόντα,</strong></span> <span class='ocrx_word' id='word_1_236' title='bbox 875 1629 944 1656; x_wconf 86' lang='grc' dir='ltr'><strong>ἀλλὰ</strong></span> <span class='ocrx_word' id='word_1_237' title='bbox 970 1631 1037 1658; x_wconf 87' lang='grc' dir='ltr'><strong>ἀνα-</strong></span> 
     </span>
    </p>
   </div>
   <div class='ocr_carea' id='block_1_37' title="bbox 249 1669 1038 1709">
    <p class='ocr_par' dir='ltr' id='par_1_37' title="bbox 249 1669 1038 1709">
     <span class='ocr_line' id='line_1_38' title="bbox 249 1669 1038 1709; baseline 0.011 -14"><span class='ocrx_word' id='word_1_238' title='bbox 249 1670 338 1704; x_wconf 82' lang='grc' dir='ltr'><strong>μένων</strong></span> <span class='ocrx_word' id='word_1_239' title='bbox 348 1669 382 1696; x_wconf 86' lang='grc' dir='ltr'><strong>τὰ</strong></span> <span class='ocrx_word' id='word_1_240' title='bbox 397 1669 627 1705; x_wconf 79' lang='grc' dir='ltr'><strong>προσδοκώμενα·</strong></span> <span class='ocrx_word' id='word_1_241' title='bbox 644 1671 673 1703; x_wconf 84' lang='grc' dir='ltr'><strong>ὃς</strong></span> <span class='ocrx_word' id='word_1_242' title='bbox 684 1671 746 1707; x_wconf 81' lang='grc' dir='ltr'><strong>ἔσχε</strong></span> <span class='ocrx_word' id='word_1_243' title='bbox 780 1674 846 1709; x_wconf 75' lang='grc' dir='ltr'><strong>περὶ</strong></span> <span class='ocrx_word' id='word_1_244' title='bbox 861 1674 908 1701; x_wconf 85' lang='grc' dir='ltr'><strong>τοῦ</strong></span> <span class='ocrx_word' id='word_1_245' title='bbox 922 1676 1038 1704; x_wconf 82' lang='grc' dir='ltr'><strong>Κτίσαν-</strong></span> 
     </span>
    </p>
   </div>
   <div class='ocr_carea' id='block_1_38' title="bbox 247 1715 666 1751">
    <p class='ocr_par' dir='ltr' id='par_1_38' title="bbox 247 1715 666 1751">
     <span class='ocr_line' id='line_1_39' title="bbox 247 1715 666 1751; baseline 0.005 -9"><span class='ocrx_word' id='word_1_246' title='bbox 247 1724 293 1746; x_wconf 79' lang='grc' dir='ltr'><strong>τος</strong></span> <span class='ocrx_word' id='word_1_247' title='bbox 308 1715 383 1750; x_wconf 82' lang='grc' dir='ltr'><strong>ἡμᾶς</strong></span> <span class='ocrx_word' id='word_1_248' title='bbox 394 1715 530 1751; x_wconf 79' lang='grc' dir='ltr'><strong>ὑπόληψιν</strong></span> <span class='ocrx_word' id='word_1_249' title='bbox 541 1716 666 1744; x_wconf 74' lang='grc' dir='ltr'><strong>ἄπιστον.</strong></span> 
     </span>
    </p>
   </div>
   <div class='ocr_carea' id='block_1_39' title="bbox 283 1761 1037 1802">
    <p class='ocr_par' dir='ltr' id='par_1_39' title="bbox 283 1761 1037 1802">
     <span class='ocr_line' id='line_1_40' title="bbox 283 1761 1037 1802; baseline 0.009 -15"><span class='ocrx_word' id='word_1_250' title='bbox 283 1761 438 1797; x_wconf 84' lang='grc' dir='ltr'><strong>Μαρτύρων</strong></span> <span class='ocrx_word' id='word_1_251' title='bbox 452 1763 561 1798; x_wconf 84' lang='grc' dir='ltr'><strong>μνήμης</strong></span> <span class='ocrx_word' id='word_1_252' title='bbox 576 1762 618 1794; x_wconf 87' lang='grc' dir='ltr'><strong>τίς</strong></span> <span class='ocrx_word' id='word_1_253' title='bbox 636 1763 669 1789; x_wconf 82' lang='grc' dir='ltr'><strong>ἂν</strong></span> <span class='ocrx_word' id='word_1_254' title='bbox 687 1762 793 1797; x_wconf 75' lang='grc' dir='ltr'><strong>γένοιτο</strong></span> <span class='ocrx_word' id='word_1_255' title='bbox 809 1765 890 1800; x_wconf 79' lang='grc' dir='ltr'><strong>κόρος</strong></span> <span class='ocrx_word' id='word_1_256' title='bbox 909 1766 948 1802; x_wconf 87' lang='grc' dir='ltr'><strong>τῷ</strong></span> <span class='ocrx_word' id='word_1_257' title='bbox 961 1767 1037 1801; x_wconf 88' lang='grc' dir='ltr'><strong>φιλο-</strong></span> 
     </span>
    </p>
   </div>
   <div class='ocr_carea' id='block_1_40' title="bbox 250 1807 1037 1848">
    <p class='ocr_par' dir='ltr' id='par_1_40' title="bbox 250 1807 1037 1848">
     <span class='ocr_line' id='line_1_41' title="bbox 250 1807 1037 1848; baseline 0.013 -15"><span class='ocrx_word' id='word_1_258' title='bbox 250 1807 386 1843; x_wconf 83' lang='grc' dir='ltr'><strong>μάρτυρι;</strong></span> <span class='ocrx_word' id='word_1_259' title='bbox 403 1807 470 1834; x_wconf 83' lang='grc' dir='ltr'><strong>διότι</strong></span> <span class='ocrx_word' id='word_1_260' title='bbox 484 1809 500 1843; x_wconf 86' lang='grc' dir='ltr'><strong>ή</strong></span> <span class='ocrx_word' id='word_1_261' title='bbox 518 1809 586 1844; x_wconf 83' lang='grc' dir='ltr'><strong>πρὸς</strong></span> <span class='ocrx_word' id='word_1_262' title='bbox 596 1809 660 1841; x_wconf 84' lang='grc' dir='ltr'><strong>τοὺς</strong></span> <span class='ocrx_word' id='word_1_263' title='bbox 673 1809 793 1844; x_wconf 82' lang='grc' dir='ltr'><strong>ἀγαθοὺς</strong></span> <span class='ocrx_word' id='word_1_264' title='bbox 809 1811 864 1838; x_wconf 85' lang='grc' dir='ltr'><strong>τῶν</strong></span> <span class='ocrx_word' id='word_1_265' title='bbox 884 1813 1037 1848; x_wconf 81' lang='grc' dir='ltr'><strong>ὁμοδούλων</strong></span> 
     </span>
    </p>
   </div>
   <div class='ocr_carea' id='block_1_41' title="bbox 248 1853 1039 1899">
    <p class='ocr_par' dir='ltr' id='par_1_41' title="bbox 248 1853 1039 1899">
     <span class='ocr_line' id='line_1_42' title="bbox 248 1853 1039 1899; baseline 0.013 -20"><span class='ocrx_word' id='word_1_266' title='bbox 248 1853 315 1889; x_wconf 84' lang='grc' dir='ltr'><strong>τιμὴ</strong></span> <span class='ocrx_word' id='word_1_267' title='bbox 334 1853 470 1886; x_wconf 82' lang='grc' dir='ltr'><strong>ἀπόδειξιν</strong></span> <span class='ocrx_word' id='word_1_268' title='bbox 485 1854 541 1890; x_wconf 65' lang='grc' dir='ltr'><strong>ἔχει</strong></span> <span class='ocrx_word' id='word_1_269' title='bbox 565 1855 615 1891; x_wconf 86' lang='grc' dir='ltr'><strong>τῆς</strong></span> <span class='ocrx_word' id='word_1_270' title='bbox 633 1855 702 1891; x_wconf 79' lang='grc' dir='ltr'>πρὸς</span> <span class='ocrx_word' id='word_1_271' title='bbox 726 1856 772 1883; x_wconf 82' lang='grc' dir='ltr'><strong>τὸν</strong></span> <span class='ocrx_word' id='word_1_272' title='bbox 790 1858 890 1885; x_wconf 87' lang='grc' dir='ltr'><strong>οίκεῖον</strong></span> <span class='ocrx_word' id='word_1_273' title='bbox 906 1859 1039 1899; x_wconf 79' lang='grc' dir='ltr'><strong>δεσπότην</strong></span> 
     </span>
    </p>
   </div>
   <div class='ocr_carea' id='block_1_42' title="bbox 249 1900 355 1932">
    <p class='ocr_par' dir='ltr' id='par_1_42' title="bbox 249 1900 355 1932">
     <span class='ocr_line' id='line_1_43' title="bbox 249 1900 355 1932; baseline -0.009 -5"><span class='ocrx_word' id='word_1_274' title='bbox 249 1900 355 1932; x_wconf 82' lang='grc' dir='ltr'><strong>εὐνοίας</strong></span> 
     </span>
    </p>
   </div>
   <div class='ocr_carea' id='block_1_43' title="bbox 292 1946 1039 1987">
    <p class='ocr_par' dir='ltr' id='par_1_43' title="bbox 292 1946 1039 1987">
     <span class='ocr_line' id='line_1_44' title="bbox 292 1946 1039 1987; baseline 0.013 -15"><span class='ocrx_word' id='word_1_275' title='bbox 292 1946 326 1973; x_wconf 87' lang='grc' dir='ltr'><strong>Ἦ</strong></span> <span class='ocrx_word' id='word_1_276' title='bbox 353 1947 423 1982; x_wconf 67' lang='grc' dir='ltr'><strong>προς</strong></span> <span class='ocrx_word' id='word_1_277' title='bbox 450 1947 514 1978; x_wconf 81' lang='grc' dir='ltr'><strong>τοὺς</strong></span> <span class='ocrx_word' id='word_1_278' title='bbox 536 1946 631 1980; x_wconf 76' lang='grc' dir='ltr'><strong>εὔνους</strong></span> <span class='ocrx_word' id='word_1_279' title='bbox 661 1949 715 1976; x_wconf 84' lang='grc' dir='ltr'><strong>τῶν</strong></span> <span class='ocrx_word' id='word_1_280' title='bbox 744 1950 896 1986; x_wconf 79' lang='grc' dir='ltr'><strong>ὁμοδούλων</strong></span> <span class='ocrx_word' id='word_1_281' title='bbox 920 1953 1039 1987; x_wconf 82' lang='grc' dir='ltr'><strong>διάθεσις</strong></span> 
     </span>
    </p>
   </div>
   <div class='ocr_carea' id='block_1_44' title="bbox 249 1991 1038 2033">
    <p class='ocr_par' dir='ltr' id='par_1_44' title="bbox 249 1991 1038 2033">
     <span class='ocr_line' id='line_1_45' title="bbox 249 1991 1038 2033; baseline 0.013 -16"><span class='ocrx_word' id='word_1_282' title='bbox 249 1991 298 2026; x_wconf 82' lang='grc' dir='ltr'><strong>τὴν</strong></span> <span class='ocrx_word' id='word_1_283' title='bbox 309 1991 448 2027; x_wconf 83' lang='grc' dir='ltr'><strong>ἀναφορὰν</strong></span> <span class='ocrx_word' id='word_1_284' title='bbox 461 1992 507 2019; x_wconf 69' lang='grc' dir='ltr'><strong>ἐπὶ</strong></span> <span class='ocrx_word' id='word_1_285' title='bbox 519 1992 566 2020; x_wconf 77' lang='grc' dir='ltr'><strong>τὸν</strong></span> <span class='ocrx_word' id='word_1_286' title='bbox 578 1993 711 2030; x_wconf 83' lang='grc' dir='ltr'><strong>δεσπότην</strong></span> <span class='ocrx_word' id='word_1_287' title='bbox 723 1993 813 2031; x_wconf 75' lang='grc' dir='ltr'><strong>ἕχει,ᾦ</strong></span> <span class='ocrx_word' id='word_1_288' title='bbox 823 1997 1038 2033; x_wconf 84' lang='grc' dir='ltr'><strong>δεδουλεύκασιν,</strong></span> 
     </span>
    </p>
   </div>
   <div class='ocr_carea' id='block_1_45' title="bbox 250 2036 1030 2080">
    <p class='ocr_par' dir='ltr' id='par_1_45' title="bbox 250 2036 1030 2080">
     <span class='ocr_line' id='line_1_46' title="bbox 250 2036 1030 2080; baseline 0.015 -18"><span class='ocrx_word' id='word_1_289' title='bbox 250 2037 298 2064; x_wconf 79' lang='grc' dir='ltr'><strong>καὶ</strong></span> <span class='ocrx_word' id='word_1_290' title='bbox 312 2038 326 2064; x_wconf 86' lang='grc' dir='ltr'><strong>ὁ</strong></span> <span class='ocrx_word' id='word_1_291' title='bbox 340 2037 403 2068; x_wconf 78' lang='grc' dir='ltr'><strong>τοὺς</strong></span> <span class='ocrx_word' id='word_1_292' title='bbox 417 2036 462 2064; x_wconf 84' lang='grc' dir='ltr'><strong>διὰ</strong></span> <span class='ocrx_word' id='word_1_293' title='bbox 480 2038 570 2066; x_wconf 84' lang='grc' dir='ltr'><strong>πίστιν</strong></span> <span class='ocrx_word' id='word_1_294' title='bbox 583 2039 738 2075; x_wconf 78' lang='grc' dir='ltr'><strong>ἠθληκότας</strong></span> <span class='ocrx_word' id='word_1_295' title='bbox 751 2043 850 2079; x_wconf 88' lang='grc' dir='ltr'><strong>τιμῶν,</strong></span> <span class='ocrx_word' id='word_1_296' title='bbox 861 2044 940 2080; x_wconf 83' lang='grc' dir='ltr'><strong>δῆλός</strong></span> <span class='ocrx_word' id='word_1_297' title='bbox 957 2046 1030 2074; x_wconf 78' lang='grc' dir='ltr'><strong>ἐστιν</strong></span> 
     </span>
    </p>
   </div>
   <div class='ocr_carea' id='block_1_46' title="bbox 249 2081 683 2120">
    <p class='ocr_par' dir='ltr' id='par_1_46' title="bbox 249 2081 683 2120">
     <span class='ocr_line' id='line_1_47' title="bbox 249 2081 683 2120; baseline 0.016 -13"><span class='ocrx_word' id='word_1_298' title='bbox 249 2081 296 2107; x_wconf 78' lang='grc' dir='ltr'><strong>τὸν</strong></span> <span class='ocrx_word' id='word_1_299' title='bbox 305 2081 386 2117; x_wconf 85' lang='grc' dir='ltr'><strong>ζῆλον</strong></span> <span class='ocrx_word' id='word_1_300' title='bbox 401 2082 472 2118; x_wconf 74' lang='grc' dir='ltr'><strong>ἔχων</strong></span> <span class='ocrx_word' id='word_1_301' title='bbox 489 2083 541 2120; x_wconf 83' lang='grc' dir='ltr'><strong>τῆς</strong></span> <span class='ocrx_word' id='word_1_302' title='bbox 554 2085 683 2118; x_wconf 84' lang='grc' dir='ltr'><strong>πίστεως.</strong></span> 
     </span>
    </p>
   </div>
   <div class='ocr_carea' id='block_1_47' title="bbox 286 2169 1041 2214">
    <p class='ocr_par' dir='ltr' id='par_1_47' title="bbox 286 2169 1041 2214">
     <span class='ocr_line' id='line_1_48' title="bbox 286 2169 1041 2214; baseline 0.012 -16"><span class='ocrx_word' id='word_1_303' title='bbox 286 2172 396 2208; x_wconf 85' lang='grc' dir='ltr'><strong>Ταύτην</strong></span> <span class='ocrx_word' id='word_1_304' title='bbox 426 2169 496 2200; x_wconf 71' lang='grc' dir='ltr'><strong>εἶναι</strong></span> <span class='ocrx_word' id='word_1_305' title='bbox 521 2175 715 2210; x_wconf 84' lang='grc' dir='ltr'><strong>πραγματείαν</strong></span> <span class='ocrx_word' id='word_1_306' title='bbox 741 2177 858 2214; x_wconf 80' lang='grc' dir='ltr'><strong>ἀρίστην</strong></span> <span class='ocrx_word' id='word_1_307' title='bbox 884 2180 970 2214; x_wconf 72' lang='grc' dir='ltr'><strong>φημὶ,</strong></span> <span class='ocrx_word' id='word_1_308' title='bbox 999 2181 1041 2207; x_wconf 85' lang='grc' dir='ltr'><strong>αἴ-</strong></span> 
     </span>
    </p>
   </div>
   <div class='ocr_carea' id='block_1_48' title="bbox 254 2218 1078 2262">
    <p class='ocr_par' dir='ltr' id='par_1_48' title="bbox 254 2218 1078 2262">
     <span class='ocr_line' id='line_1_49' title="bbox 254 2218 1078 2262; baseline 0.012 -18"><span class='ocrx_word' id='word_1_309' title='bbox 254 2227 338 2253; x_wconf 85' lang='grc' dir='ltr'><strong>ματος</strong></span> <span class='ocrx_word' id='word_1_310' title='bbox 362 2218 453 2253; x_wconf 84' lang='grc' dir='ltr'><strong>ὀλίγου</strong></span> <span class='ocrx_word' id='word_1_311' title='bbox 481 2218 620 2254; x_wconf 86' lang='grc' dir='ltr'><strong>βασιλείαν</strong></span> <span class='ocrx_word' id='word_1_312' title='bbox 649 2221 772 2257; x_wconf 85' lang='grc' dir='ltr'><strong>οὐρανῶν</strong></span> <span class='ocrx_word' id='word_1_313' title='bbox 799 2223 966 2259; x_wconf 80' lang='grc' dir='ltr'><strong>ὠνήσασθαι,</strong></span> <span class='ocrx_word' id='word_1_314' title='bbox 995 2226 1041 2253; x_wconf 82' lang='grc' dir='ltr'><strong>καὶ</strong></span> <span class='ocrx_word' id='word_1_315' title='bbox 1057 2235 1078 2262; x_wconf 83' lang='grc' dir='ltr'><strong>ι)</strong></span> 
     </span>
    </p>
   </div>
   <div class='ocr_carea' id='block_1_49' title="bbox 251 2263 1042 2337">
    <p class='ocr_par' dir='ltr' id='par_1_49' title="bbox 251 2263 1042 2337">
     <span class='ocr_line' id='line_1_50' title="bbox 251 2263 1042 2337; baseline 0.01 -47"><span class='ocrx_word' id='word_1_316' title='bbox 251 2264 330 2337; x_wconf 45' lang='grc' dir='ltr'><strong>ἓόὶξτις</strong></span> <span class='ocrx_word' id='word_1_317' title='bbox 355 2263 494 2299; x_wconf 85' lang='grc' dir='ltr'><strong>ἀῖδιότητα</strong></span> <span class='ocrx_word' id='word_1_318' title='bbox 514 2264 568 2291; x_wconf 84' lang='grc' dir='ltr'><strong>τῶν</strong></span> <span class='ocrx_word' id='word_1_319' title='bbox 593 2266 770 2302; x_wconf 77' lang='grc' dir='ltr'><strong>προσκαίρων</strong></span> <span class='ocrx_word' id='word_1_320' title='bbox 795 2269 950 2297; x_wconf 79' lang='grc' dir='ltr'><strong>ἀντιλαϐεῖν</strong></span> <span class='ocrx_word' id='word_1_321' title='bbox 972 2271 1042 2307; x_wconf 88' lang='grc' dir='ltr'><strong>ἀγα-</strong></span> 
     </span>
     <span class='ocr_line' id='line_1_51' title="bbox 270 2319 317 2337; baseline -0.021 0"><span class='ocrx_word' id='word_1_322' title='bbox 270 2319 317 2337; x_wconf 89' lang='grc' dir='ltr'><strong>ων.</strong></span> 
     </span>
    </p>
   </div>
   <div class='ocr_carea' id='block_1_50' title="bbox 270 2319 317 2337">
    <p class='ocr_par' dir='ltr' id='par_1_50' title="bbox 270 2319 317 2337">
     <span class='ocr_line' id='line_1_52' title="bbox 270 2319 317 2337; baseline -0.021 0"><span class='ocrx_word' id='word_1_323' title='bbox 270 2319 317 2337; x_wconf 87' lang='grc' dir='ltr'><strong>ων.</strong></span> 
     </span>
    </p>
   </div>
   <div class='ocr_carea' id='block_1_51' title="bbox 286 2355 1041 2396">
    <p class='ocr_par' dir='ltr' id='par_1_51' title="bbox 286 2355 1041 2396">
     <span class='ocr_line' id='line_1_53' title="bbox 286 2355 1041 2396; baseline 0.011 -15"><span class='ocrx_word' id='word_1_324' title='bbox 286 2355 380 2391; x_wconf 73' lang='grc' dir='ltr'><strong>Νόμος</strong></span> <span class='ocrx_word' id='word_1_325' title='bbox 398 2356 563 2391; x_wconf 77' lang='grc' dir='ltr'><strong>μαρτυρίας,</strong></span> <span class='ocrx_word' id='word_1_326' title='bbox 580 2357 649 2392; x_wconf 89' lang='grc' dir='ltr'><strong>μήτε</strong></span> <span class='ocrx_word' id='word_1_327' title='bbox 662 2357 804 2390; x_wconf 66' lang='grc' dir='ltr'><strong>ἐθέλοντας</strong></span> <span class='ocrx_word' id='word_1_328' title='bbox 823 2360 892 2395; x_wconf 63' lang='grc' dir='ltr'><strong>προς</strong></span> <span class='ocrx_word' id='word_1_329' title='bbox 906 2361 952 2388; x_wconf 81' lang='grc' dir='ltr'><strong>τὸν</strong></span> <span class='ocrx_word' id='word_1_330' title='bbox 967 2361 1041 2396; x_wconf 83' lang='grc' dir='ltr'><strong>ἀγῶ-</strong></span> 
     </span>
    </p>
   </div>
   <div class='ocr_carea' id='block_1_52' title="bbox 253 2401 1043 2436">
    <p class='ocr_par' dir='ltr' id='par_1_52' title="bbox 253 2401 1043 2436">
     <span class='ocr_line' id='line_1_54' title="bbox 253 2401 1043 2436; baseline 0.008 -9"><span class='ocrx_word' id='word_1_331' title='bbox 253 2409 287 2427; x_wconf 91' lang='grc' dir='ltr'><strong>να</strong></span> <span class='ocrx_word' id='word_1_332' title='bbox 297 2402 406 2436; x_wconf 79' lang='grc' dir='ltr'><strong>χωρεῖν,</strong></span> <span class='ocrx_word' id='word_1_333' title='bbox 422 2402 509 2436; x_wconf 84' lang='grc' dir='ltr'><strong>φειδοῖ</strong></span> <span class='ocrx_word' id='word_1_334' title='bbox 523 2401 578 2428; x_wconf 84' lang='grc' dir='ltr'><strong>τῶν</strong></span> <span class='ocrx_word' id='word_1_335' title='bbox 602 2402 755 2430; x_wconf 83' lang='grc' dir='ltr'><strong>διωκόντων</strong></span> <span class='ocrx_word' id='word_1_336' title='bbox 778 2405 823 2430; x_wconf 77' lang='grc' dir='ltr'><strong>καὶ</strong></span> <span class='ocrx_word' id='word_1_337' title='bbox 851 2405 905 2431; x_wconf 88' lang='grc' dir='ltr'><strong>τῶν</strong></span> <span class='ocrx_word' id='word_1_338' title='bbox 932 2406 1043 2433; x_wconf 77' lang='grc' dir='ltr'><strong>ἀσθενε-</strong></span> 
     </span>
    </p>
   </div>
   <div class='ocr_carea' id='block_1_53' title="bbox 254 2445 1042 2487">
    <p class='ocr_par' dir='ltr' id='par_1_53' title="bbox 254 2445 1042 2487">
     <span class='ocr_line' id='line_1_55' title="bbox 254 2445 1042 2487; baseline 0.009 -16"><span class='ocrx_word' id='word_1_339' title='bbox 254 2445 358 2480; x_wconf 83' lang='grc' dir='ltr'><strong>στέρων</strong></span> <span class='ocrx_word' id='word_1_340' title='bbox 373 2465 382 2478; x_wconf 84' lang='grc'><em>,</em></span> <span class='ocrx_word' id='word_1_341' title='bbox 410 2447 479 2481; x_wconf 82' lang='grc' dir='ltr'><strong>μήτε</strong></span> <span class='ocrx_word' id='word_1_342' title='bbox 503 2447 642 2482; x_wconf 82' lang='grc' dir='ltr'><strong>παρόντας</strong></span> <span class='ocrx_word' id='word_1_343' title='bbox 662 2448 827 2475; x_wconf 78' lang='grc' dir='ltr'><strong>ἀναδύεσθαι</strong></span> <span class='ocrx_word' id='word_1_344' title='bbox 844 2458 852 2466; x_wconf 89' lang='grc'><strong>·</strong></span> <span class='ocrx_word' id='word_1_345' title='bbox 869 2450 898 2476; x_wconf 78' lang='grc' dir='ltr'><strong>τὸ</strong></span> <span class='ocrx_word' id='word_1_346' title='bbox 912 2450 963 2484; x_wconf 81' lang='grc' dir='ltr'><strong>μὲν</strong></span> <span class='ocrx_word' id='word_1_347' title='bbox 989 2451 1042 2487; x_wconf 86' lang='grc' dir='ltr'><strong>γὰρ</strong></span> 
     </span>
    </p>
   </div>
   <div class='ocr_carea' id='block_1_54' title="bbox 254 2490 725 2529">
    <p class='ocr_par' dir='ltr' id='par_1_54' title="bbox 254 2490 725 2529">
     <span class='ocr_line' id='line_1_56' title="bbox 254 2490 725 2529; baseline 0.008 -12"><span class='ocrx_word' id='word_1_348' title='bbox 254 2490 382 2526; x_wconf 81' lang='grc' dir='ltr'><strong>θράσους,</strong></span> <span class='ocrx_word' id='word_1_349' title='bbox 391 2492 422 2519; x_wconf 76' lang='grc' dir='ltr'><strong>τὸ</strong></span> <span class='ocrx_word' id='word_1_350' title='bbox 437 2493 466 2519; x_wconf 77' lang='grc' dir='ltr'><strong>δὲ</strong></span> <span class='ocrx_word' id='word_1_351' title='bbox 480 2493 626 2529; x_wconf 86' lang='grc' dir='ltr'><strong>ἀνανδρίας</strong></span> <span class='ocrx_word' id='word_1_352' title='bbox 641 2494 725 2521; x_wconf 79' lang='grc' dir='ltr'><strong>ἐστίν.</strong></span> 
     </span>
    </p>
   </div>
   <div class='ocr_carea' id='block_1_55' title="bbox 296 2626 1044 2671">
    <p class='ocr_par' dir='ltr' id='par_1_55' title="bbox 296 2626 1044 2671">
     <span class='ocr_line' id='line_1_57' title="bbox 296 2626 1044 2671; baseline 0.009 -18"><span class='ocrx_word' id='word_1_353' title='bbox 296 2626 330 2654; x_wconf 81' lang='grc' dir='ltr'><strong>Ἦ</strong></span> <span class='ocrx_word' id='word_1_354' title='bbox 353 2627 407 2654; x_wconf 85' lang='grc' dir='ltr'><strong>τῶν</strong></span> <span class='ocrx_word' id='word_1_355' title='bbox 432 2629 617 2664; x_wconf 82' lang='grc' dir='ltr'><strong>μακαρισμῶν</strong></span> <span class='ocrx_word' id='word_1_356' title='bbox 649 2631 796 2664; x_wconf 80' lang='grc' dir='ltr'><strong>κοινωνία,</strong></span> <span class='ocrx_word' id='word_1_357' title='bbox 827 2631 955 2667; x_wconf 83' lang='grc' dir='ltr'><strong>θεότητός</strong></span> <span class='ocrx_word' id='word_1_358' title='bbox 987 2633 1044 2671; x_wconf 69' lang='grc' dir='ltr'><strong>ἐστι</strong></span> 
     </span>
    </p>
   </div>
   <div class='ocr_carea' id='block_1_56' title="bbox 255 2671 1045 2715">
    <p class='ocr_par' dir='ltr' id='par_1_56' title="bbox 255 2671 1045 2715">
     <span class='ocr_line' id='line_1_58' title="bbox 255 2671 1045 2715; baseline 0.01 -16"><span class='ocrx_word' id='word_1_359' title='bbox 255 2673 383 2700; x_wconf 76' lang='grc' dir='ltr'><strong>κοινωνία</strong></span> <span class='ocrx_word' id='word_1_360' title='bbox 394 2681 402 2687; x_wconf 82' lang='grc'><strong>”</strong></span> <span class='ocrx_word' id='word_1_361' title='bbox 417 2671 485 2700; x_wconf 82' lang='grc' dir='ltr'>Θεοῦ</span> <span class='ocrx_word' id='word_1_362' title='bbox 509 2674 563 2709; x_wconf 84' lang='grc' dir='ltr'><strong>γὰρ</strong></span> <span class='ocrx_word' id='word_1_363' title='bbox 575 2675 613 2707; x_wconf 85' lang='grc' dir='ltr'>ὡς</span> <span class='ocrx_word' id='word_1_364' title='bbox 626 2675 734 2712; x_wconf 78' lang='grc' dir='ltr'><strong>ἀληθῶς</strong></span> <span class='ocrx_word' id='word_1_365' title='bbox 762 2677 856 2714; x_wconf 78' lang='grc' dir='ltr'><strong>ίδιονή</strong></span> <span class='ocrx_word' id='word_1_366' title='bbox 874 2679 1045 2715; x_wconf 75' lang='grc' dir='ltr'><strong>μακαριότης</strong></span> 
     </span>
    </p>
   </div>
   <div class='ocr_carea' id='block_1_57' title="bbox 256 2719 340 2746">
    <p class='ocr_par' dir='ltr' id='par_1_57' title="bbox 256 2719 340 2746">
     <span class='ocr_line' id='line_1_59' title="bbox 256 2719 340 2746; baseline 0.012 -1"><span class='ocrx_word' id='word_1_367' title='bbox 256 2719 340 2746; x_wconf 65' lang='grc' dir='ltr'><strong>ἐστίν.</strong></span> 
     </span>
    </p>
   </div>
   <div class='ocr_carea' id='block_1_58' title="bbox 292 2763 1046 2805">
    <p class='ocr_par' dir='ltr' id='par_1_58' title="bbox 292 2763 1046 2805">
     <span class='ocr_line' id='line_1_60' title="bbox 292 2763 1046 2805; baseline 0.011 -16"><span class='ocrx_word' id='word_1_368' title='bbox 292 2764 323 2790; x_wconf 79' lang='lat' dir='ltr'><strong>Et</strong></span> <span class='ocrx_word' id='word_1_369' title='bbox 333 2763 364 2790; x_wconf 85' lang='grc' dir='ltr'><strong>τὸ</strong></span> <span class='ocrx_word' id='word_1_370' title='bbox 375 2764 438 2790; x_wconf 84' lang='grc' dir='ltr'><strong>ἰδεῖν</strong></span> <span class='ocrx_word' id='word_1_371' title='bbox 460 2764 506 2791; x_wconf 79' lang='grc' dir='ltr'><strong>τὸν</strong></span> <span class='ocrx_word' id='word_1_372' title='bbox 528 2764 596 2791; x_wconf 83' lang='grc' dir='ltr'><strong>Θεὸν</strong></span> <span class='ocrx_word' id='word_1_373' title='bbox 620 2766 772 2802; x_wconf 79' lang='grc' dir='ltr'><strong>ὑπερϐολὴν</strong></span> <span class='ocrx_word' id='word_1_374' title='bbox 786 2768 816 2795; x_wconf 78' lang='grc' dir='ltr'><strong>ἑν</strong></span> <span class='ocrx_word' id='word_1_375' title='bbox 829 2768 867 2804; x_wconf 79' lang='grc' dir='ltr'><strong>τῷ</strong></span> <span class='ocrx_word' id='word_1_376' title='bbox 884 2769 980 2805; x_wconf 78' lang='grc' dir='ltr'><strong>ἁγαθῴ</strong></span> <span class='ocrx_word' id='word_1_377' title='bbox 996 2771 1046 2797; x_wconf 79' lang='grc' dir='ltr'><strong>οὐκ</strong></span> 
     </span>
    </p>
   </div>
   <div class='ocr_carea' id='block_1_59' title="bbox 256 2809 1045 2851">
    <p class='ocr_par' dir='ltr' id='par_1_59' title="bbox 256 2809 1045 2851">
     <span class='ocr_line' id='line_1_61' title="bbox 256 2809 1045 2851; baseline 0.009 -16"><span class='ocrx_word' id='word_1_378' title='bbox 256 2809 367 2844; x_wconf 79' lang='grc' dir='ltr'><strong>ἕχει,τὺ</strong></span> <span class='ocrx_word' id='word_1_379' title='bbox 384 2809 448 2836; x_wconf 78' lang='grc' dir='ltr'><strong>Υἱδν</strong></span> <span class='ocrx_word' id='word_1_380' title='bbox 467 2810 591 2844; x_wconf 74' lang='grc' dir='ltr'><strong>γενέσθαι</strong></span> <span class='ocrx_word' id='word_1_381' title='bbox 619 2812 665 2839; x_wconf 77' lang='grc' dir='ltr'><strong>τοῦ</strong></span> <span class='ocrx_word' id='word_1_382' title='bbox 698 2813 776 2845; x_wconf 76' lang='grc' dir='ltr'><strong>Θεοῦ,</strong></span> <span class='ocrx_word' id='word_1_383' title='bbox 802 2815 872 2849; x_wconf 72' lang='grc' dir='ltr'><strong>ὑπὲρ</strong></span> <span class='ocrx_word' id='word_1_384' title='bbox 897 2816 1045 2851; x_wconf 75' lang='grc' dir='ltr'><strong>εύκληρίαν</strong></span> 
     </span>
    </p>
   </div>
   <div class='ocr_carea' id='block_1_60' title="bbox 258 2856 1045 2895">
    <p class='ocr_par' dir='ltr' id='par_1_60' title="bbox 258 2856 1045 2895">
     <span class='ocr_line' id='line_1_62' title="bbox 258 2856 1045 2895; baseline 0.008 -13"><span class='ocrx_word' id='word_1_385' title='bbox 258 2856 316 2883; x_wconf 56' lang='lat' dir='ltr'><strong>Earl</strong></span> <span class='ocrx_word' id='word_1_386' title='bbox 345 2856 463 2886; x_wconf 73' lang='grc' dir='ltr'><strong>πάντων,</strong></span> <span class='ocrx_word' id='word_1_387' title='bbox 484 2857 512 2885; x_wconf 91' lang='grc' dir='ltr'>Ὀ</span> <span class='ocrx_word' id='word_1_388' title='bbox 522 2857 575 2892; x_wconf 63' lang='grc' dir='ltr'><strong>γὰρ</strong></span> <span class='ocrx_word' id='word_1_389' title='bbox 590 2858 654 2890; x_wconf 73' lang='grc' dir='ltr'><strong>Υἱὸς</strong></span> <span class='ocrx_word' id='word_1_390' title='bbox 678 2859 804 2891; x_wconf 62' lang='grc' dir='ltr'><strong>ἀξιωθεὶς</strong></span> <span class='ocrx_word' id='word_1_391' title='bbox 827 2861 964 2894; x_wconf 66' lang='grc' dir='ltr'><strong>γενέσθαι,</strong></span> <span class='ocrx_word' id='word_1_392' title='bbox 990 2862 1045 2895; x_wconf 73' lang='grc' dir='ltr'><strong>ἕξει</strong></span> 
     </span>
    </p>
   </div>
   <div class='ocr_carea' id='block_1_61' title="bbox 1079 254 1866 290">
    <p class='ocr_par' dir='ltr' id='par_1_61' title="bbox 1079 254 1866 290">
     <span class='ocr_line' id='line_1_63' title="bbox 1079 254 1866 290; baseline -0.003 -8"><span class='ocrx_word' id='word_1_393' title='bbox 1079 254 1114 282; x_wconf 79' lang='lat' dir='ltr'><strong>At</strong></span> <span class='ocrx_word' id='word_1_394' title='bbox 1129 254 1176 282; x_wconf 87' lang='lat' dir='ltr'><strong>ille</strong></span> <span class='ocrx_word' id='word_1_395' title='bbox 1196 254 1287 282; x_wconf 78' lang='lat' dir='ltr'><strong>dixit:</strong></span> <span class='ocrx_word' id='word_1_396' title='bbox 1304 254 1435 287; x_wconf 85' lang='lat' dir='ltr'><strong>Quinimo</strong></span> <span class='ocrx_word' id='word_1_397' title='bbox 1452 254 1525 282; x_wconf 86' lang='lat' dir='ltr'><strong>beati</strong></span> <span class='ocrx_word' id='word_1_398' title='bbox 1536 254 1598 290; x_wconf 45' lang='lat' dir='ltr'><strong>.qui</strong></span> <span class='ocrx_word' id='word_1_399' title='bbox 1618 255 1736 282; x_wconf 84' lang='lat' dir='ltr'><strong>audiunt</strong></span> <span class='ocrx_word' id='word_1_400' title='bbox 1752 254 1866 282; x_wconf 78' lang='lat' dir='ltr'><strong>verbum</strong></span> 
     </span>
    </p>
   </div>
   <div class='ocr_carea' id='block_1_62' title="bbox 1080 299 1466 335">
    <p class='ocr_par' dir='ltr' id='par_1_62' title="bbox 1080 299 1466 335">
     <span class='ocr_line' id='line_1_64' title="bbox 1080 299 1466 335; baseline -0.003 -8"><span class='ocrx_word' id='word_1_401' title='bbox 1080 299 1138 335; x_wconf 88' lang='lat' dir='ltr'><strong>Dei,</strong></span> <span class='ocrx_word' id='word_1_402' title='bbox 1153 304 1182 328; x_wconf 87' lang='lat' dir='ltr'><strong>et</strong></span> <span class='ocrx_word' id='word_1_403' title='bbox 1191 300 1353 328; x_wconf 85' lang='lat' dir='ltr'><strong>custodiunt</strong></span> <span class='ocrx_word' id='word_1_404' title='bbox 1367 299 1445 328; x_wconf 89' lang='lat' dir='ltr'><strong>illud.</strong></span> <span class='ocrx_word' id='word_1_405' title='bbox 1457 309 1466 326; x_wconf 75' lang='grc' dir='ltr'><strong>ι</strong></span> 
     </span>
    </p>
   </div>
   <div class='ocr_carea' id='block_1_63' title="bbox 1114 389 1867 425">
    <p class='ocr_par' dir='ltr' id='par_1_63' title="bbox 1114 389 1867 425">
     <span class='ocr_line' id='line_1_65' title="bbox 1114 389 1867 425; baseline -0.001 -8"><span class='ocrx_word' id='word_1_406' title='bbox 1114 389 1181 419; x_wconf 82' lang='lat' dir='ltr'><strong>Luc.</strong></span> <span class='ocrx_word' id='word_1_407' title='bbox 1193 398 1244 423; x_wconf 81' lang='lat' dir='ltr'><strong>xu,</strong></span> <span class='ocrx_word' id='word_1_408' title='bbox 1261 389 1306 424; x_wconf 83' lang='lat'><strong>&#39;57,</strong></span> <span class='ocrx_word' id='word_1_409' title='bbox 1322 391 1367 419; x_wconf 76' lang='lat'><strong>58.</strong></span> <span class='ocrx_word' id='word_1_410' title='bbox 1379 405 1413 412; x_wconf 91' lang='lat'>—</span> <span class='ocrx_word' id='word_1_411' title='bbox 1429 400 1438 416; x_wconf 78' lang='grc' dir='ltr'><strong>ι</strong></span> <span class='ocrx_word' id='word_1_412' title='bbox 1453 389 1530 418; x_wconf 86' lang='lat' dir='ltr'><strong>Beati</strong></span> <span class='ocrx_word' id='word_1_413' title='bbox 1554 390 1628 419; x_wconf 81' lang='lat' dir='ltr'><strong>servi</strong></span> <span class='ocrx_word' id='word_1_414' title='bbox 1639 390 1690 424; x_wconf 86' lang='lat' dir='ltr'><strong>illi,</strong></span> <span class='ocrx_word' id='word_1_415' title='bbox 1706 396 1776 425; x_wconf 85' lang='lat' dir='ltr'><strong>quos</strong></span> <span class='ocrx_word' id='word_1_416' title='bbox 1804 397 1867 417; x_wconf 90' lang='lat' dir='ltr'><strong>cum</strong></span> 
     </span>
    </p>
   </div>
   <div class='ocr_carea' id='block_1_64' title="bbox 1081 434 1868 472">
    <p class='ocr_par' dir='ltr' id='par_1_64' title="bbox 1081 434 1868 472">
     <span class='ocr_line' id='line_1_66' title="bbox 1081 434 1868 472; baseline -0.003 -8"><span class='ocrx_word' id='word_1_417' title='bbox 1081 435 1344 470; x_wconf 84' lang='lat' dir='ltr'><strong>veneritDominus,</strong></span> <span class='ocrx_word' id='word_1_418' title='bbox 1362 436 1500 464; x_wconf 74' lang='lat' dir='ltr'><strong>invenerit</strong></span> <span class='ocrx_word' id='word_1_419' title='bbox 1514 436 1671 472; x_wconf 70' lang='lat' dir='ltr'><strong>vigilantes.</strong></span> <span class='ocrx_word' id='word_1_420' title='bbox 1692 436 1779 463; x_wconf 84' lang='lat' dir='ltr'><strong>Amen</strong></span> <span class='ocrx_word' id='word_1_421' title='bbox 1805 434 1868 462; x_wconf 91' lang='lat' dir='ltr'><strong>dico</strong></span> 
     </span>
    </p>
   </div>
   <div class='ocr_carea' id='block_1_65' title="bbox 1080 481 1869 518">
    <p class='ocr_par' dir='ltr' id='par_1_65' title="bbox 1080 481 1869 518">
     <span class='ocr_line' id='line_1_67' title="bbox 1080 481 1869 518; baseline -0.003 -9"><span class='ocrx_word' id='word_1_422' title='bbox 1080 481 1169 514; x_wconf 83' lang='lat' dir='ltr'><strong>vobis,</strong></span> <span class='ocrx_word' id='word_1_423' title='bbox 1186 481 1260 517; x_wconf 90' lang='lat' dir='ltr'><strong>quod</strong></span> <span class='ocrx_word' id='word_1_424' title='bbox 1276 482 1427 518; x_wconf 70' lang='lat' dir='ltr'><strong>przccinget</strong></span> <span class='ocrx_word' id='word_1_425' title='bbox 1439 490 1480 514; x_wconf 84' lang='lat' dir='ltr'><strong>se,</strong></span> <span class='ocrx_word' id='word_1_426' title='bbox 1495 485 1522 510; x_wconf 89' lang='lat' dir='ltr'><strong>et</strong></span> <span class='ocrx_word' id='word_1_427' title='bbox 1535 482 1619 509; x_wconf 83' lang='lat' dir='ltr'><strong>faciet</strong></span> <span class='ocrx_word' id='word_1_428' title='bbox 1650 482 1711 509; x_wconf 87' lang='lat' dir='ltr'><strong>illos</strong></span> <span class='ocrx_word' id='word_1_429' title='bbox 1746 481 1869 509; x_wconf 87' lang='lat' dir='ltr'><strong>discum-</strong></span> 
     </span>
    </p>
   </div>
   <div class='ocr_carea' id='block_1_66' title="bbox 1079 526 1868 561">
    <p class='ocr_par' dir='ltr' id='par_1_66' title="bbox 1079 526 1868 561">
     <span class='ocr_line' id='line_1_68' title="bbox 1079 526 1868 561; baseline -0.004 -5"><span class='ocrx_word' id='word_1_430' title='bbox 1079 528 1163 561; x_wconf 86' lang='lat' dir='ltr'><strong>bere,</strong></span> <span class='ocrx_word' id='word_1_431' title='bbox 1180 533 1209 556; x_wconf 87' lang='lat' dir='ltr'><strong>et</strong></span> <span class='ocrx_word' id='word_1_432' title='bbox 1225 529 1368 557; x_wconf 87' lang='lat' dir='ltr'><strong>transiens</strong></span> <span class='ocrx_word' id='word_1_433' title='bbox 1397 529 1568 557; x_wconf 73' lang='lat' dir='ltr'><strong>ministrabit.</strong></span> <span class='ocrx_word' id='word_1_434' title='bbox 1589 527 1656 556; x_wconf 88' lang='lat' dir='ltr'><strong>illis.</strong></span> <span class='ocrx_word' id='word_1_435' title='bbox 1673 527 1705 555; x_wconf 86' lang='lat' dir='ltr'><strong>Et</strong></span> <span class='ocrx_word' id='word_1_436' title='bbox 1719 528 1742 555; x_wconf 86' lang='lat' dir='ltr'><strong>si</strong></span> <span class='ocrx_word' id='word_1_437' title='bbox 1760 526 1868 554; x_wconf 86' lang='lat' dir='ltr'><strong>venerit</strong></span> 
     </span>
    </p>
   </div>
   <div class='ocr_carea' id='block_1_67' title="bbox 1081 572 1868 609">
    <p class='ocr_par' dir='ltr' id='par_1_67' title="bbox 1081 572 1868 609">
     <span class='ocr_line' id='line_1_69' title="bbox 1081 572 1868 609; baseline -0.004 -8"><span class='ocrx_word' id='word_1_438' title='bbox 1081 574 1108 601; x_wconf 93' lang='lat' dir='ltr'><strong>in</strong></span> <span class='ocrx_word' id='word_1_439' title='bbox 1122 574 1245 601; x_wconf 91' lang='lat' dir='ltr'><strong>secunda</strong></span> <span class='ocrx_word' id='word_1_440' title='bbox 1266 574 1371 609; x_wconf 78' lang='lat' dir='ltr'><strong>vigilia,</strong></span> <span class='ocrx_word' id='word_1_441' title='bbox 1384 574 1446 601; x_wconf 90' lang='lat' dir='ltr'><strong>etsi</strong></span> <span class='ocrx_word' id='word_1_442' title='bbox 1459 574 1487 601; x_wconf 92' lang='lat' dir='ltr'><strong>in</strong></span> <span class='ocrx_word' id='word_1_443' title='bbox 1503 574 1586 601; x_wconf 90' lang='lat' dir='ltr'><strong>tertia</strong></span> <span class='ocrx_word' id='word_1_444' title='bbox 1603 573 1700 609; x_wconf 76' lang='lat' dir='ltr'><strong>vigilia</strong></span> <span class='ocrx_word' id='word_1_445' title='bbox 1713 572 1830 604; x_wconf 82' lang='lat' dir='ltr'><strong>venerit,</strong></span> <span class='ocrx_word' id='word_1_446' title='bbox 1841 575 1868 599; x_wconf 89' lang='lat' dir='ltr'><strong>et</strong></span> 
     </span>
    </p>
   </div>
   <div class='ocr_carea' id='block_1_68' title="bbox 1081 619 1624 652">
    <p class='ocr_par' dir='ltr' id='par_1_68' title="bbox 1081 619 1624 652">
     <span class='ocr_line' id='line_1_70' title="bbox 1081 619 1624 652; baseline -0.004 -5"><span class='ocrx_word' id='word_1_447' title='bbox 1081 620 1118 647; x_wconf 88' lang='lat' dir='ltr'><strong>ita</strong></span> <span class='ocrx_word' id='word_1_448' title='bbox 1132 619 1280 652; x_wconf 85' lang='lat' dir='ltr'><strong>invenerit,</strong></span> <span class='ocrx_word' id='word_1_449' title='bbox 1297 619 1370 647; x_wconf 89' lang='lat' dir='ltr'><strong>beati</strong></span> <span class='ocrx_word' id='word_1_450' title='bbox 1385 623 1450 647; x_wconf 89' lang='lat' dir='ltr'><strong>sunt</strong></span> <span class='ocrx_word' id='word_1_451' title='bbox 1460 619 1533 648; x_wconf 85' lang='lat' dir='ltr'><strong>servi</strong></span> <span class='ocrx_word' id='word_1_452' title='bbox 1550 619 1599 647; x_wconf 91' lang='lat' dir='ltr'><strong>illi.</strong></span> <span class='ocrx_word' id='word_1_453' title='bbox 1615 629 1624 645; x_wconf 73' lang='grc' dir='ltr'><strong>ι</strong></span> 
     </span>
    </p>
   </div>
   <div class='ocr_carea' id='block_1_69' title="bbox 1115 665 1869 701">
    <p class='ocr_par' dir='ltr' id='par_1_69' title="bbox 1115 665 1869 701">
     <span class='ocr_line' id='line_1_71' title="bbox 1115 665 1869 701; baseline 0 -9"><span class='ocrx_word' id='word_1_454' title='bbox 1115 665 1180 693; x_wconf 87' lang='lat' dir='ltr'><strong>Luc.</strong></span> <span class='ocrx_word' id='word_1_455' title='bbox 1199 673 1256 699; x_wconf 77' lang='lat' dir='ltr'><strong>xiv,</strong></span> <span class='ocrx_word' id='word_1_456' title='bbox 1272 665 1318 693; x_wconf 73' lang='grc'><strong>22.</strong></span> <span class='ocrx_word' id='word_1_457' title='bbox 1334 680 1368 685; x_wconf 90' lang='grc'><strong>-</strong></span> <span class='ocrx_word' id='word_1_458' title='bbox 1387 675 1396 692; x_wconf 79' lang='grc' dir='ltr'><strong>ι</strong></span> <span class='ocrx_word' id='word_1_459' title='bbox 1408 665 1508 693; x_wconf 84' lang='lat' dir='ltr'><strong>Beatus</strong></span> <span class='ocrx_word' id='word_1_460' title='bbox 1521 665 1569 701; x_wconf 87' lang='lat' dir='ltr'><strong>qui</strong></span> <span class='ocrx_word' id='word_1_461' title='bbox 1584 673 1639 694; x_wconf 85' lang='lat' dir='ltr'><strong>nou</strong></span> <span class='ocrx_word' id='word_1_462' title='bbox 1655 665 1869 700; x_wconf 84' lang='lat' dir='ltr'><strong>judicatsemet—</strong></span> 
     </span>
    </p>
   </div>
   <div class='ocr_carea' id='block_1_70' title="bbox 1081 711 1487 748">
    <p class='ocr_par' dir='ltr' id='par_1_70' title="bbox 1081 711 1487 748">
     <span class='ocr_line' id='line_1_72' title="bbox 1081 711 1487 748; baseline -0.005 -8"><span class='ocrx_word' id='word_1_463' title='bbox 1081 712 1170 748; x_wconf 88' lang='lat' dir='ltr'><strong>ipsum</strong></span> <span class='ocrx_word' id='word_1_464' title='bbox 1183 711 1210 740; x_wconf 89' lang='lat' dir='ltr'><strong>in</strong></span> <span class='ocrx_word' id='word_1_465' title='bbox 1224 719 1256 740; x_wconf 93' lang='lat' dir='ltr'><strong>eo</strong></span> <span class='ocrx_word' id='word_1_466' title='bbox 1265 712 1340 747; x_wconf 90' lang='lat' dir='ltr'><strong>quod</strong></span> <span class='ocrx_word' id='word_1_467' title='bbox 1355 712 1464 747; x_wconf 79' lang='lat' dir='ltr'><strong>probat.</strong></span> <span class='ocrx_word' id='word_1_468' title='bbox 1477 720 1487 738; x_wconf 67' lang='grc' dir='ltr'><strong>ι</strong></span> 
     </span>
    </p>
   </div>
   <div class='ocr_carea' id='block_1_71' title="bbox 1077 755 1870 797">
    <p class='ocr_par' dir='ltr' id='par_1_71' title="bbox 1077 755 1870 797">
     <span class='ocr_line' id='line_1_73' title="bbox 1077 755 1870 797; baseline -0.003 -12"><span class='ocrx_word' id='word_1_469' title='bbox 1077 793 1081 797; x_wconf 40' lang='grc'><strong><em>,</em></strong></span> <span class='ocrx_word' id='word_1_470' title='bbox 1117 757 1201 785; x_wconf 80' lang='lat' dir='ltr'><strong>Hebr.</strong></span> <span class='ocrx_word' id='word_1_471' title='bbox 1217 766 1245 785; x_wconf 78' lang='grc' dir='ltr'><strong>ιι</strong></span> <span class='ocrx_word' id='word_1_472' title='bbox 1257 777 1265 791; x_wconf 91' lang='grc'>,</span> <span class='ocrx_word' id='word_1_473' title='bbox 1281 757 1397 792; x_wconf 72' lang='grc'><strong>15-16,</strong></span> <span class='ocrx_word' id='word_1_474' title='bbox 1413 757 1465 791; x_wconf 66' lang='grc' dir='ltr'><strong>52η,</strong></span> <span class='ocrx_word' id='word_1_475' title='bbox 1481 757 1527 785; x_wconf 75' lang='grc'><strong>55.</strong></span> <span class='ocrx_word' id='word_1_476' title='bbox 1542 771 1578 777; x_wconf 94' lang='grc'><strong>-</strong></span> <span class='ocrx_word' id='word_1_477' title='bbox 1594 765 1603 783; x_wconf 87' lang='grc' dir='ltr'><strong>ι</strong></span> <span class='ocrx_word' id='word_1_478' title='bbox 1624 756 1705 784; x_wconf 79' lang='lat' dir='ltr'><strong>Juxta</strong></span> <span class='ocrx_word' id='word_1_479' title='bbox 1719 755 1798 783; x_wconf 81' lang='lat' dir='ltr'><strong>[idem</strong></span> <span class='ocrx_word' id='word_1_480' title='bbox 1822 756 1870 783; x_wconf 82' lang='lat' dir='ltr'><strong>de-</strong></span> 
     </span>
    </p>
   </div>
   <div class='ocr_carea' id='block_1_72' title="bbox 1082 801 1870 838">
    <p class='ocr_par' dir='ltr' id='par_1_72' title="bbox 1082 801 1870 838">
     <span class='ocr_line' id='line_1_74' title="bbox 1082 801 1870 838; baseline -0.005 -6"><span class='ocrx_word' id='word_1_481' title='bbox 1082 804 1172 832; x_wconf 79' lang='lat' dir='ltr'><strong>functi</strong></span> <span class='ocrx_word' id='word_1_482' title='bbox 1191 808 1256 832; x_wconf 83' lang='lat' dir='ltr'><strong>sunt</strong></span> <span class='ocrx_word' id='word_1_483' title='bbox 1273 812 1371 833; x_wconf 82' lang='lat' dir='ltr'><strong>omnes</strong></span> <span class='ocrx_word' id='word_1_484' title='bbox 1389 804 1446 836; x_wconf 87' lang='lat' dir='ltr'><strong>isti,</strong></span> <span class='ocrx_word' id='word_1_485' title='bbox 1463 811 1520 832; x_wconf 90' lang='lat' dir='ltr'><strong>non</strong></span> <span class='ocrx_word' id='word_1_486' title='bbox 1531 803 1655 838; x_wconf 85' lang='lat' dir='ltr'><strong>acceptis</strong></span> <span class='ocrx_word' id='word_1_487' title='bbox 1673 801 1870 838; x_wconf 87' lang='lat' dir='ltr'><strong>repromissio-</strong></span> 
     </span>
    </p>
   </div>
   <div class='ocr_carea' id='block_1_73' title="bbox 1083 847 1872 885">
    <p class='ocr_par' dir='ltr' id='par_1_73' title="bbox 1083 847 1872 885">
     <span class='ocr_line' id='line_1_75' title="bbox 1083 847 1872 885; baseline -0.004 -9"><span class='ocrx_word' id='word_1_488' title='bbox 1083 849 1240 884; x_wconf 20' lang='lat' dir='ltr'><strong>nibus,vsed</strong></span> <span class='ocrx_word' id='word_1_489' title='bbox 1258 856 1273 876; x_wconf 90' lang='lat' dir='ltr'><strong>a</strong></span> <span class='ocrx_word' id='word_1_490' title='bbox 1293 849 1441 885; x_wconf 57' lang='lat' dir='ltr'><strong>longeeas</strong></span> <span class='ocrx_word' id='word_1_491' title='bbox 1457 848 1644 884; x_wconf 85' lang='lat' dir='ltr'><strong>aspicientes,</strong></span> <span class='ocrx_word' id='word_1_492' title='bbox 1660 851 1688 876; x_wconf 89' lang='lat' dir='ltr'><strong>et</strong></span> <span class='ocrx_word' id='word_1_493' title='bbox 1701 847 1872 877; x_wconf 82' lang='lat' dir='ltr'><strong>salutantes.</strong></span> 
     </span>
    </p>
   </div>
   <div class='ocr_carea' id='block_1_74' title="bbox 1083 894 1874 930">
    <p class='ocr_par' dir='ltr' id='par_1_74' title="bbox 1083 894 1874 930">
     <span class='ocr_line' id='line_1_76' title="bbox 1083 894 1874 930; baseline -0.004 -8"><span class='ocrx_word' id='word_1_494' title='bbox 1083 900 1110 922; x_wconf 90' lang='lat' dir='ltr'><strong>et</strong></span> <span class='ocrx_word' id='word_1_495' title='bbox 1125 894 1301 928; x_wconf 80' lang='lat' dir='ltr'><strong>conﬁtentes,</strong></span> <span class='ocrx_word' id='word_1_496' title='bbox 1318 894 1386 930; x_wconf 85' lang='lat' dir='ltr'><strong>quia</strong></span> <span class='ocrx_word' id='word_1_497' title='bbox 1403 894 1542 930; x_wconf 84' lang='lat' dir='ltr'><strong>peregrini</strong></span> <span class='ocrx_word' id='word_1_498' title='bbox 1556 897 1584 922; x_wconf 86' lang='lat' dir='ltr'><strong>et</strong></span> <span class='ocrx_word' id='word_1_499' title='bbox 1595 894 1721 929; x_wconf 86' lang='lat' dir='ltr'><strong>hospites</strong></span> <span class='ocrx_word' id='word_1_500' title='bbox 1754 896 1817 920; x_wconf 91' lang='lat' dir='ltr'><strong>sunt</strong></span> <span class='ocrx_word' id='word_1_501' title='bbox 1827 900 1874 920; x_wconf 85' lang='lat' dir='ltr'><strong>su-</strong></span> 
     </span>
    </p>
   </div>
   <div class='ocr_carea' id='block_1_75' title="bbox 1084 937 1875 976">
    <p class='ocr_par' dir='ltr' id='par_1_75' title="bbox 1084 937 1875 976">
     <span class='ocr_line' id='line_1_77' title="bbox 1084 937 1875 976; baseline -0.005 -8"><span class='ocrx_word' id='word_1_502' title='bbox 1084 949 1133 976; x_wconf 88' lang='lat' dir='ltr'><strong>per</strong></span> <span class='ocrx_word' id='word_1_503' title='bbox 1152 944 1265 968; x_wconf 84' lang='lat' dir='ltr'><strong>terram.</strong></span> <span class='ocrx_word' id='word_1_504' title='bbox 1279 939 1333 973; x_wconf 85' lang='lat' dir='ltr'><strong>Qui</strong></span> <span class='ocrx_word' id='word_1_505' title='bbox 1358 940 1432 967; x_wconf 86' lang='lat' dir='ltr'><strong>enim</strong></span> <span class='ocrx_word' id='word_1_506' title='bbox 1454 939 1513 967; x_wconf 80' lang='lat' dir='ltr'><strong>haec</strong></span> <span class='ocrx_word' id='word_1_507' title='bbox 1530 938 1639 972; x_wconf 87' lang='lat' dir='ltr'><strong>dicunt,</strong></span> <span class='ocrx_word' id='word_1_508' title='bbox 1669 937 1828 973; x_wconf 83' lang='lat' dir='ltr'><strong>signiﬁcant</strong></span> <span class='ocrx_word' id='word_1_509' title='bbox 1845 944 1875 964; x_wconf 86' lang='lat' dir='ltr'><strong>se</strong></span> 
     </span>
    </p>
   </div>
   <div class='ocr_carea' id='block_1_76' title="bbox 1084 983 1875 1023">
    <p class='ocr_par' dir='ltr' id='par_1_76' title="bbox 1084 983 1875 1023">
     <span class='ocr_line' id='line_1_78' title="bbox 1084 983 1875 1023; baseline -0.005 -9"><span class='ocrx_word' id='word_1_510' title='bbox 1084 987 1202 1023; x_wconf 83' lang='lat' dir='ltr'><strong>patriam</strong></span> <span class='ocrx_word' id='word_1_511' title='bbox 1217 987 1368 1022; x_wconf 83' lang='lat' dir='ltr'><strong>inquirere.</strong></span> <span class='ocrx_word' id='word_1_512' title='bbox 1383 986 1418 1013; x_wconf 74' lang='lat' dir='ltr'><strong>Et</strong></span> <span class='ocrx_word' id='word_1_513' title='bbox 1433 985 1455 1013; x_wconf 91' lang='lat' dir='ltr'><strong>si</strong></span> <span class='ocrx_word' id='word_1_514' title='bbox 1474 985 1586 1020; x_wconf 88' lang='lat' dir='ltr'><strong>quidem</strong></span> <span class='ocrx_word' id='word_1_515' title='bbox 1617 984 1707 1020; x_wconf 86' lang='lat' dir='ltr'><strong>ipsius</strong></span> <span class='ocrx_word' id='word_1_516' title='bbox 1735 983 1875 1012; x_wconf 84' lang='lat' dir='ltr'><strong>meminis-</strong></span> 
     </span>
    </p>
   </div>
   <div class='ocr_carea' id='block_1_77' title="bbox 1084 1031 1875 1068">
    <p class='ocr_par' dir='ltr' id='par_1_77' title="bbox 1084 1031 1875 1068">
     <span class='ocr_line' id='line_1_79' title="bbox 1084 1031 1875 1068; baseline -0.006 -7"><span class='ocrx_word' id='word_1_517' title='bbox 1084 1039 1157 1066; x_wconf 86' lang='lat' dir='ltr'><strong>sent.</strong></span> <span class='ocrx_word' id='word_1_518' title='bbox 1180 1033 1214 1061; x_wconf 87' lang='lat' dir='ltr'><strong>de</strong></span> <span class='ocrx_word' id='word_1_519' title='bbox 1238 1040 1292 1068; x_wconf 86' lang='lat' dir='ltr'><strong>qua</strong></span> <span class='ocrx_word' id='word_1_520' title='bbox 1316 1032 1455 1065; x_wconf 78' lang='lat' dir='ltr'><strong>exierunt,</strong></span> <span class='ocrx_word' id='word_1_521' title='bbox 1482 1031 1623 1059; x_wconf 87' lang='lat' dir='ltr'><strong>habebant</strong></span> <span class='ocrx_word' id='word_1_522' title='bbox 1642 1031 1755 1066; x_wconf 35' lang='lat' dir='ltr'><strong>utique“</strong></span> <span class='ocrx_word' id='word_1_523' title='bbox 1767 1035 1875 1064; x_wconf 87' lang='lat' dir='ltr'><strong>tempus</strong></span> 
     </span>
    </p>
   </div>
   <div class='ocr_carea' id='block_1_78' title="bbox 1085 1075 1875 1111">
    <p class='ocr_par' dir='ltr' id='par_1_78' title="bbox 1085 1075 1875 1111">
     <span class='ocr_line' id='line_1_80' title="bbox 1085 1075 1875 1111; baseline -0.006 -4"><span class='ocrx_word' id='word_1_524' title='bbox 1085 1078 1250 1107; x_wconf 86' lang='lat' dir='ltr'><strong>revertendi.</strong></span> <span class='ocrx_word' id='word_1_525' title='bbox 1276 1077 1358 1105; x_wconf 87' lang='lat' dir='ltr'><strong>Nunc</strong></span> <span class='ocrx_word' id='word_1_526' title='bbox 1390 1081 1482 1104; x_wconf 85' lang='lat' dir='ltr'><strong>autem</strong></span> <span class='ocrx_word' id='word_1_527' title='bbox 1506 1077 1650 1104; x_wconf 88' lang='lat' dir='ltr'><strong>meliorem</strong></span> <span class='ocrx_word' id='word_1_528' title='bbox 1680 1079 1825 1111; x_wconf 88' lang='lat' dir='ltr'><strong>appetunt,</strong></span> <span class='ocrx_word' id='word_1_529' title='bbox 1848 1075 1875 1102; x_wconf 94' lang='lat' dir='ltr'><strong>id</strong></span> 
     </span>
    </p>
   </div>
   <div class='ocr_carea' id='block_1_79' title="bbox 1085 1121 1876 1156">
    <p class='ocr_par' dir='ltr' id='par_1_79' title="bbox 1085 1121 1876 1156">
     <span class='ocr_line' id='line_1_81' title="bbox 1085 1121 1876 1156; baseline -0.005 -3"><span class='ocrx_word' id='word_1_530' title='bbox 1085 1131 1128 1153; x_wconf 88' lang='lat' dir='ltr'><strong>est</strong></span> <span class='ocrx_word' id='word_1_531' title='bbox 1142 1125 1295 1153; x_wconf 64' lang='lat' dir='ltr'><strong>caelestem.</strong></span> <span class='ocrx_word' id='word_1_532' title='bbox 1312 1123 1375 1152; x_wconf 87' lang='lat' dir='ltr'><strong>Ideo</strong></span> <span class='ocrx_word' id='word_1_533' title='bbox 1402 1129 1460 1151; x_wconf 81' lang='lat' dir='ltr'><strong>non</strong></span> <span class='ocrx_word' id='word_1_534' title='bbox 1480 1122 1663 1150; x_wconf 76' lang='lat' dir='ltr'><strong>confunditur</strong></span> <span class='ocrx_word' id='word_1_535' title='bbox 1694 1121 1777 1156; x_wconf 85' lang='lat' dir='ltr'><strong>Deus,</strong></span> <span class='ocrx_word' id='word_1_536' title='bbox 1804 1122 1876 1149; x_wconf 85' lang='lat' dir='ltr'><strong>Deus</strong></span> 
     </span>
    </p>
   </div>
   <div class='ocr_carea' id='block_1_80' title="bbox 1085 1167 1876 1200">
    <p class='ocr_par' dir='ltr' id='par_1_80' title="bbox 1085 1167 1876 1200">
     <span class='ocr_line' id='line_1_82' title="bbox 1085 1167 1876 1200; baseline -0.008 0"><span class='ocrx_word' id='word_1_537' title='bbox 1085 1172 1179 1200; x_wconf 83' lang='lat' dir='ltr'><strong>voeari</strong></span> <span class='ocrx_word' id='word_1_538' title='bbox 1207 1178 1314 1199; x_wconf 88' lang='lat' dir='ltr'><strong>eorum.</strong></span> <span class='ocrx_word' id='word_1_539' title='bbox 1343 1170 1454 1198; x_wconf 82' lang='lat' dir='ltr'><strong>Paravit</strong></span> <span class='ocrx_word' id='word_1_540' title='bbox 1482 1169 1554 1197; x_wconf 89' lang='lat' dir='ltr'><strong>enim</strong></span> <span class='ocrx_word' id='word_1_541' title='bbox 1573 1169 1630 1197; x_wconf 87' lang='lat' dir='ltr'><strong>illis</strong></span> <span class='ocrx_word' id='word_1_542' title='bbox 1651 1168 1823 1195; x_wconf 70' lang='lat' dir='ltr'><strong>civitatem.)</strong></span> <span class='ocrx_word' id='word_1_543' title='bbox 1842 1167 1876 1194; x_wconf 83' lang='lat' dir='ltr'><strong>Et</strong></span> 
     </span>
    </p>
   </div>
   <div class='ocr_carea' id='block_1_81' title="bbox 1085 1213 1876 1253">
    <p class='ocr_par' dir='ltr' id='par_1_81' title="bbox 1085 1213 1876 1253">
     <span class='ocr_line' id='line_1_83' title="bbox 1085 1213 1876 1253; baseline -0.008 -7"><span class='ocrx_word' id='word_1_544' title='bbox 1085 1219 1177 1253; x_wconf 77' lang='lat' dir='ltr'><strong>paucis</strong></span> <span class='ocrx_word' id='word_1_545' title='bbox 1203 1217 1369 1253; x_wconf 74' lang='lat' dir='ltr'><strong>interjeetis:</strong></span> <span class='ocrx_word' id='word_1_546' title='bbox 1389 1225 1399 1242; x_wconf 87' lang='grc'><em>‹</em></span> <span class='ocrx_word' id='word_1_547' title='bbox 1415 1216 1449 1243; x_wconf 78' lang='lat' dir='ltr'><strong>lt</strong></span> <span class='ocrx_word' id='word_1_548' title='bbox 1461 1215 1528 1251; x_wconf 92' lang='lat' dir='ltr'><strong>quid</strong></span> <span class='ocrx_word' id='word_1_549' title='bbox 1554 1215 1645 1243; x_wconf 81' lang='lat' dir='ltr'><strong>adhuc</strong></span> <span class='ocrx_word' id='word_1_550' title='bbox 1671 1213 1876 1242; x_wconf 84' lang='lat' dir='ltr'><strong>dico?Deﬁciet</strong></span> 
     </span>
    </p>
   </div>
   <div class='ocr_carea' id='block_1_82' title="bbox 1087 1259 1876 1299">
    <p class='ocr_par' dir='ltr' id='par_1_82' title="bbox 1087 1259 1876 1299">
     <span class='ocr_line' id='line_1_84' title="bbox 1087 1259 1876 1299; baseline -0.008 -8"><span class='ocrx_word' id='word_1_551' title='bbox 1087 1271 1131 1292; x_wconf 85' lang='lat' dir='ltr'><strong>me</strong></span> <span class='ocrx_word' id='word_1_552' title='bbox 1153 1269 1261 1299; x_wconf 88' lang='lat' dir='ltr'><strong>tempus</strong></span> <span class='ocrx_word' id='word_1_553' title='bbox 1297 1267 1473 1290; x_wconf 85' lang='lat' dir='ltr'><strong>enarrantcm</strong></span> <span class='ocrx_word' id='word_1_554' title='bbox 1489 1262 1523 1289; x_wconf 90' lang='lat' dir='ltr'><strong>de</strong></span> <span class='ocrx_word' id='word_1_555' title='bbox 1548 1261 1671 1293; x_wconf 81' lang='lat' dir='ltr'><strong>Gedeon,</strong></span> <span class='ocrx_word' id='word_1_556' title='bbox 1692 1264 1720 1288; x_wconf 89' lang='lat' dir='ltr'><strong>et</strong></span> <span class='ocrx_word' id='word_1_557' title='bbox 1738 1259 1836 1291; x_wconf 85' lang='lat' dir='ltr'><strong>Barac,</strong></span> <span class='ocrx_word' id='word_1_558' title='bbox 1849 1263 1876 1286; x_wconf 86' lang='lat' dir='ltr'><strong>et</strong></span> 
     </span>
    </p>
   </div>
   <div class='ocr_carea' id='block_1_83' title="bbox 1087 1305 1877 1344">
    <p class='ocr_par' dir='ltr' id='par_1_83' title="bbox 1087 1305 1877 1344">
     <span class='ocr_line' id='line_1_85' title="bbox 1087 1305 1877 1344; baseline -0.008 -7"><span class='ocrx_word' id='word_1_559' title='bbox 1087 1309 1206 1337; x_wconf 84' lang='lat' dir='ltr'><strong>Samson</strong></span> <span class='ocrx_word' id='word_1_560' title='bbox 1222 1328 1229 1341; x_wconf 88' lang='lat'><strong>,</strong></span> <span class='ocrx_word' id='word_1_561' title='bbox 1246 1313 1273 1336; x_wconf 91' lang='lat' dir='ltr'><strong>ct</strong></span> <span class='ocrx_word' id='word_1_562' title='bbox 1286 1307 1398 1344; x_wconf 68' lang='lat' dir='ltr'><strong>Iephte,</strong></span> <span class='ocrx_word' id='word_1_563' title='bbox 1415 1312 1443 1335; x_wconf 90' lang='lat' dir='ltr'><strong>et</strong></span> <span class='ocrx_word' id='word_1_564' title='bbox 1464 1306 1562 1339; x_wconf 73' lang='lat' dir='ltr'><strong>David,</strong></span> <span class='ocrx_word' id='word_1_565' title='bbox 1578 1311 1606 1334; x_wconf 88' lang='lat' dir='ltr'><strong>et</strong></span> <span class='ocrx_word' id='word_1_566' title='bbox 1621 1305 1744 1338; x_wconf 87' lang='lat' dir='ltr'><strong>Samuel,</strong></span> <span class='ocrx_word' id='word_1_567' title='bbox 1761 1308 1789 1333; x_wconf 84' lang='lat' dir='ltr'><strong>et</strong></span> <span class='ocrx_word' id='word_1_568' title='bbox 1813 1311 1877 1340; x_wconf 86' lang='lat' dir='ltr'><strong>pro-</strong></span> 
     </span>
    </p>
   </div>
   <div class='ocr_carea' id='block_1_84' title="bbox 1086 1352 1689 1391">
    <p class='ocr_par' dir='ltr' id='par_1_84' title="bbox 1086 1352 1689 1391">
     <span class='ocr_line' id='line_1_86' title="bbox 1086 1352 1689 1391; baseline -0.007 -9"><span class='ocrx_word' id='word_1_569' title='bbox 1086 1355 1189 1391; x_wconf 82' lang='lat' dir='ltr'><strong>phetis,</strong></span> <span class='ocrx_word' id='word_1_570' title='bbox 1200 1354 1247 1390; x_wconf 87' lang='lat' dir='ltr'><strong>qui</strong></span> <span class='ocrx_word' id='word_1_571' title='bbox 1257 1361 1306 1389; x_wconf 88' lang='lat' dir='ltr'><strong>per</strong></span> <span class='ocrx_word' id='word_1_572' title='bbox 1322 1353 1402 1381; x_wconf 84' lang='lat' dir='ltr'><strong>ﬁdem</strong></span> <span class='ocrx_word' id='word_1_573' title='bbox 1429 1352 1556 1380; x_wconf 84' lang='lat' dir='ltr'><strong>vicerunt</strong></span> <span class='ocrx_word' id='word_1_574' title='bbox 1570 1352 1666 1388; x_wconf 81' lang='lat' dir='ltr'><strong>regn&#39;a.</strong></span> <span class='ocrx_word' id='word_1_575' title='bbox 1679 1361 1689 1378; x_wconf 72' lang='grc' dir='ltr'><strong>ι</strong></span> 
     </span>
    </p>
   </div>
   <div class='ocr_carea' id='block_1_85' title="bbox 1122 1392 1879 1436">
    <p class='ocr_par' dir='ltr' id='par_1_85' title="bbox 1122 1392 1879 1436">
     <span class='ocr_line' id='line_1_87' title="bbox 1122 1392 1879 1436; baseline -0.004 -9"><span class='ocrx_word' id='word_1_576' title='bbox 1122 1401 1205 1436; x_wconf 72' lang='lat'><strong>372</strong></span> <span class='ocrx_word' id='word_1_577' title='bbox 1232 1398 1349 1427; x_wconf 75' lang='lat' dir='ltr'><strong>Basil.in</strong></span> <span class='ocrx_word' id='word_1_578' title='bbox 1367 1398 1438 1433; x_wconf 74' lang='grc' dir='ltr'><strong>μιαί.</strong></span> <span class='ocrx_word' id='word_1_579' title='bbox 1455 1405 1474 1426; x_wconf 80' lang='grc' dir='ltr'><strong>ι.</strong></span> <span class='ocrx_word' id='word_1_580' title='bbox 1492 1411 1525 1419; x_wconf 80' lang='grc' dir='ltr'><strong>ι-</strong></span> <span class='ocrx_word' id='word_1_581' title='bbox 1552 1397 1654 1425; x_wconf 81' lang='lat' dir='ltr'><strong>Beatus</strong></span> <span class='ocrx_word' id='word_1_582' title='bbox 1677 1400 1732 1430; x_wconf 84' lang='lat' dir='ltr'><strong>est,</strong></span> <span class='ocrx_word' id='word_1_583' title='bbox 1761 1397 1807 1432; x_wconf 87' lang='lat' dir='ltr'><strong>qui</strong></span> <span class='ocrx_word' id='word_1_584' title='bbox 1835 1392 1879 1424; x_wconf 66' lang='lat' dir='ltr'><strong>res‘</strong></span> 
     </span>
    </p>
   </div>
   <div class='ocr_carea' id='block_1_86' title="bbox 1088 1441 1877 1481">
    <p class='ocr_par' dir='ltr' id='par_1_86' title="bbox 1088 1441 1877 1481">
     <span class='ocr_line' id='line_1_88' title="bbox 1088 1441 1877 1481; baseline -0.008 -7"><span class='ocrx_word' id='word_1_585' title='bbox 1088 1453 1197 1474; x_wconf 88' lang='lat' dir='ltr'><strong>summe</strong></span> <span class='ocrx_word' id='word_1_586' title='bbox 1209 1444 1347 1481; x_wconf 86' lang='lat' dir='ltr'><strong>pretiosas</strong></span> <span class='ocrx_word' id='word_1_587' title='bbox 1360 1442 1495 1479; x_wconf 84' lang='lat' dir='ltr'><strong>possidet,</strong></span> <span class='ocrx_word' id='word_1_588' title='bbox 1514 1450 1601 1478; x_wconf 83' lang='lat' dir='ltr'><strong>eaque</strong></span> <span class='ocrx_word' id='word_1_589' title='bbox 1621 1442 1694 1470; x_wconf 88' lang='lat' dir='ltr'><strong>bona</strong></span> <span class='ocrx_word' id='word_1_590' title='bbox 1718 1441 1877 1477; x_wconf 85' lang='lat' dir='ltr'><strong>participat,</strong></span> 
     </span>
    </p>
   </div>
   <div class='ocr_carea' id='block_1_87' title="bbox 1089 1487 1877 1527">
    <p class='ocr_par' dir='ltr' id='par_1_87' title="bbox 1089 1487 1877 1527">
     <span class='ocr_line' id='line_1_89' title="bbox 1089 1487 1877 1527; baseline -0.006 -8"><span class='ocrx_word' id='word_1_591' title='bbox 1089 1499 1150 1527; x_wconf 84' lang='lat' dir='ltr'><strong>quae</strong></span> <span class='ocrx_word' id='word_1_592' title='bbox 1164 1490 1247 1518; x_wconf 90' lang='lat' dir='ltr'><strong>adimi</strong></span> <span class='ocrx_word' id='word_1_593' title='bbox 1259 1497 1316 1517; x_wconf 89' lang='lat' dir='ltr'><strong>non</strong></span> <span class='ocrx_word' id='word_1_594' title='bbox 1332 1492 1459 1524; x_wconf 82' lang='lat' dir='ltr'><strong>possunt.</strong></span> <span class='ocrx_word' id='word_1_595' title='bbox 1476 1488 1530 1522; x_wconf 87' lang='lat' dir='ltr'><strong>Qui</strong></span> <span class='ocrx_word' id='word_1_596' title='bbox 1556 1495 1621 1516; x_wconf 79' lang='lat' dir='ltr'><strong>vero</strong></span> <span class='ocrx_word' id='word_1_597' title='bbox 1643 1487 1718 1515; x_wconf 87' lang='lat' dir='ltr'><strong>hunc</strong></span> <span class='ocrx_word' id='word_1_598' title='bbox 1746 1494 1877 1523; x_wconf 81' lang='lat' dir='ltr'><strong>agnosce-</strong></span> 
     </span>
    </p>
   </div>
   <div class='ocr_carea' id='block_1_88' title="bbox 1090 1531 1877 1568">
    <p class='ocr_par' dir='ltr' id='par_1_88' title="bbox 1090 1531 1877 1568">
     <span class='ocr_line' id='line_1_90' title="bbox 1090 1531 1877 1568; baseline -0.008 -5"><span class='ocrx_word' id='word_1_599' title='bbox 1090 1536 1174 1564; x_wconf 81' lang='lat' dir='ltr'><strong>mus?</strong></span> <span class='ocrx_word' id='word_1_600' title='bbox 1188 1536 1214 1562; x_wconf 86' lang='lat' dir='ltr'><strong>ls</strong></span> <span class='ocrx_word' id='word_1_601' title='bbox 1231 1538 1275 1562; x_wconf 83' lang='lat' dir='ltr'><strong>est</strong></span> <span class='ocrx_word' id='word_1_602' title='bbox 1293 1533 1342 1568; x_wconf 84' lang='lat' dir='ltr'><strong>qui</strong></span> <span class='ocrx_word' id='word_1_603' title='bbox 1369 1541 1424 1560; x_wconf 91' lang='lat' dir='ltr'><strong>non</strong></span> <span class='ocrx_word' id='word_1_604' title='bbox 1447 1533 1513 1560; x_wconf 90' lang='lat' dir='ltr'><strong>abiit</strong></span> <span class='ocrx_word' id='word_1_605' title='bbox 1526 1532 1553 1559; x_wconf 87' lang='lat' dir='ltr'><strong>in</strong></span> <span class='ocrx_word' id='word_1_606' title='bbox 1570 1532 1690 1559; x_wconf 87' lang='lat' dir='ltr'><strong>consilio</strong></span> <span class='ocrx_word' id='word_1_607' title='bbox 1717 1531 1877 1566; x_wconf 85' lang='lat' dir='ltr'><strong>impiorum.</strong></span> 
     </span>
    </p>
   </div>
   <div class='ocr_carea' id='block_1_89' title="bbox 1127 1576 1878 1612">
    <p class='ocr_par' dir='ltr' id='par_1_89' title="bbox 1127 1576 1878 1612">
     <span class='ocr_line' id='line_1_91' title="bbox 1127 1576 1878 1612; baseline -0.005 -5"><span class='ocrx_word' id='word_1_608' title='bbox 1127 1581 1199 1608; x_wconf 78' lang='lat' dir='ltr'><strong>Ibid.</strong></span> <span class='ocrx_word' id='word_1_609' title='bbox 1214 1595 1250 1599; x_wconf 98' lang='lat'><strong>—</strong></span> <span class='ocrx_word' id='word_1_610' title='bbox 1268 1579 1371 1607; x_wconf 91' lang='lat' dir='ltr'><strong>Beatus</strong></span> <span class='ocrx_word' id='word_1_611' title='bbox 1390 1578 1438 1612; x_wconf 89' lang='lat' dir='ltr'><strong>qui</strong></span> <span class='ocrx_word' id='word_1_612' title='bbox 1464 1577 1668 1604; x_wconf 83' lang='lat' dir='ltr'><strong>dubitationem</strong></span> <span class='ocrx_word' id='word_1_613' title='bbox 1686 1577 1720 1604; x_wconf 92' lang='lat' dir='ltr'><strong>de</strong></span> <span class='ocrx_word' id='word_1_614' title='bbox 1737 1576 1793 1604; x_wconf 92' lang='lat' dir='ltr'><strong>Deo</strong></span> <span class='ocrx_word' id='word_1_615' title='bbox 1824 1584 1878 1603; x_wconf 87' lang='lat' dir='ltr'><strong>non</strong></span> 
     </span>
    </p>
   </div>
   <div class='ocr_carea' id='block_1_90' title="bbox 1091 1621 1878 1659">
    <p class='ocr_par' dir='ltr' id='par_1_90' title="bbox 1091 1621 1878 1659">
     <span class='ocr_line' id='line_1_92' title="bbox 1091 1621 1878 1659; baseline -0.01 -5"><span class='ocrx_word' id='word_1_616' title='bbox 1091 1625 1224 1654; x_wconf 86' lang='lat' dir='ltr'><strong>admisit:</strong></span> <span class='ocrx_word' id='word_1_617' title='bbox 1240 1623 1288 1659; x_wconf 91' lang='lat' dir='ltr'><strong>qui</strong></span> <span class='ocrx_word' id='word_1_618' title='bbox 1303 1622 1405 1658; x_wconf 87' lang='lat' dir='ltr'><strong>pusillo</strong></span> <span class='ocrx_word' id='word_1_619' title='bbox 1416 1621 1573 1649; x_wconf 87' lang='lat' dir='ltr'><strong>animonOn</strong></span> <span class='ocrx_word' id='word_1_620' title='bbox 1585 1624 1628 1649; x_wconf 84' lang='lat' dir='ltr'><strong>est</strong></span> <span class='ocrx_word' id='word_1_621' title='bbox 1640 1628 1703 1656; x_wconf 85' lang='lat' dir='ltr'><strong>erga</strong></span> <span class='ocrx_word' id='word_1_622' title='bbox 1721 1621 1878 1657; x_wconf 76' lang='lat' dir='ltr'><strong>praesentia;</strong></span> 
     </span>
    </p>
   </div>
   <div class='ocr_carea' id='block_1_91' title="bbox 1092 1667 1879 1706">
    <p class='ocr_par' dir='ltr' id='par_1_91' title="bbox 1092 1667 1879 1706">
     <span class='ocr_line' id='line_1_93' title="bbox 1092 1667 1879 1706; baseline -0.01 -5"><span class='ocrx_word' id='word_1_623' title='bbox 1092 1673 1140 1701; x_wconf 87' lang='lat' dir='ltr'><strong>sed</strong></span> <span class='ocrx_word' id='word_1_624' title='bbox 1157 1679 1190 1700; x_wconf 88' lang='lat' dir='ltr'><strong>ea</strong></span> <span class='ocrx_word' id='word_1_625' title='bbox 1203 1678 1266 1706; x_wconf 85' lang='lat' dir='ltr'><strong>quae</strong></span> <span class='ocrx_word' id='word_1_626' title='bbox 1281 1670 1308 1697; x_wconf 94' lang='lat' dir='ltr'><strong>in</strong></span> <span class='ocrx_word' id='word_1_627' title='bbox 1322 1676 1371 1705; x_wconf 89' lang='lat' dir='ltr'><strong>spe</strong></span> <span class='ocrx_word' id='word_1_628' title='bbox 1390 1667 1479 1703; x_wconf 86' lang='lat' dir='ltr'><strong>posita</strong></span> <span class='ocrx_word' id='word_1_629' title='bbox 1494 1671 1569 1700; x_wconf 88' lang='lat' dir='ltr'><strong>sunt,</strong></span> <span class='ocrx_word' id='word_1_630' title='bbox 1586 1671 1742 1703; x_wconf 76' lang='lat' dir='ltr'><strong>exspectat,</strong></span> <span class='ocrx_word' id='word_1_631' title='bbox 1758 1674 1810 1695; x_wconf 85' lang='lat' dir='ltr'><strong>nec</strong></span> <span class='ocrx_word' id='word_1_632' title='bbox 1827 1667 1879 1694; x_wconf 90' lang='lat' dir='ltr'><strong>im-</strong></span> 
     </span>
    </p>
   </div>
   <div class='ocr_carea' id='block_1_92' title="bbox 1091 1713 1772 1754">
    <p class='ocr_par' dir='ltr' id='par_1_92' title="bbox 1091 1713 1772 1754">
     <span class='ocr_line' id='line_1_94' title="bbox 1091 1713 1772 1754; baseline -0.01 -8"><span class='ocrx_word' id='word_1_633' title='bbox 1091 1719 1165 1754; x_wconf 89' lang='lat' dir='ltr'><strong>piam</strong></span> <span class='ocrx_word' id='word_1_634' title='bbox 1177 1717 1212 1745; x_wconf 91' lang='lat' dir='ltr'><strong>de</strong></span> <span class='ocrx_word' id='word_1_635' title='bbox 1223 1717 1354 1744; x_wconf 85' lang='lat' dir='ltr'><strong>Creatore</strong></span> <span class='ocrx_word' id='word_1_636' title='bbox 1373 1719 1470 1742; x_wconf 86' lang='lat' dir='ltr'><strong>nostro</strong></span> <span class='ocrx_word' id='word_1_637' title='bbox 1488 1713 1647 1749; x_wconf 90' lang='lat' dir='ltr'><strong>opinionem</strong></span> <span class='ocrx_word' id='word_1_638' title='bbox 1666 1713 1772 1740; x_wconf 86' lang='lat' dir='ltr'><strong>habuit.</strong></span> 
     </span>
    </p>
   </div>
   <div class='ocr_carea' id='block_1_93' title="bbox 1129 1758 1880 1797">
    <p class='ocr_par' dir='ltr' id='par_1_93' title="bbox 1129 1758 1880 1797">
     <span class='ocr_line' id='line_1_95' title="bbox 1129 1758 1880 1797; baseline -0.005 -7"><span class='ocrx_word' id='word_1_639' title='bbox 1129 1762 1226 1797; x_wconf 74' lang='lat' dir='ltr'><strong>Ejusd.</strong></span> <span class='ocrx_word' id='word_1_640' title='bbox 1241 1761 1319 1789; x_wconf 85' lang='lat' dir='ltr'><strong>Hom.</strong></span> <span class='ocrx_word' id='word_1_641' title='bbox 1335 1760 1405 1795; x_wconf 63' lang='lat'><strong>£1140</strong></span> <span class='ocrx_word' id='word_1_642' title='bbox 1431 1763 1513 1786; x_wconf 83' lang='lat' dir='ltr'><strong>mart.</strong></span> <span class='ocrx_word' id='word_1_643' title='bbox 1524 1774 1561 1779; x_wconf 89' lang='lat'><strong><em>—</em></strong></span> <span class='ocrx_word' id='word_1_644' title='bbox 1575 1758 1725 1789; x_wconf 84' lang='lat' dir='ltr'><strong>Martvrum</strong></span> <span class='ocrx_word' id='word_1_645' title='bbox 1752 1759 1880 1787; x_wconf 78' lang='lat' dir='ltr'><strong>recorda-</strong></span> 
     </span>
    </p>
   </div>
   <div class='ocr_carea' id='block_1_94' title="bbox 1092 1806 1881 1844">
    <p class='ocr_par' dir='ltr' id='par_1_94' title="bbox 1092 1806 1881 1844">
     <span class='ocr_line' id='line_1_96' title="bbox 1092 1806 1881 1844; baseline -0.005 -7"><span class='ocrx_word' id='word_1_646' title='bbox 1092 1810 1168 1837; x_wconf 88' lang='lat' dir='ltr'><strong>tione</strong></span> <span class='ocrx_word' id='word_1_647' title='bbox 1179 1809 1241 1844; x_wconf 88' lang='lat' dir='ltr'><strong>quis</strong></span> <span class='ocrx_word' id='word_1_648' title='bbox 1257 1811 1409 1844; x_wconf 86' lang='lat' dir='ltr'><strong>martyrum</strong></span> <span class='ocrx_word' id='word_1_649' title='bbox 1424 1814 1522 1835; x_wconf 87' lang='lat' dir='ltr'><strong>amans</strong></span> <span class='ocrx_word' id='word_1_650' title='bbox 1535 1806 1632 1834; x_wconf 88' lang='lat' dir='ltr'><strong>satiari</strong></span> <span class='ocrx_word' id='word_1_651' title='bbox 1648 1806 1881 1841; x_wconf 72' lang='lat' dir='ltr'><strong>queatiquando-</strong></span> 
     </span>
    </p>
   </div>
   <div class='ocr_carea' id='block_1_95' title="bbox 1091 1851 1878 1892">
    <p class='ocr_par' dir='ltr' id='par_1_95' title="bbox 1091 1851 1878 1892">
     <span class='ocr_line' id='line_1_97' title="bbox 1091 1851 1878 1892; baseline -0.006 -9"><span class='ocrx_word' id='word_1_652' title='bbox 1091 1855 1202 1892; x_wconf 84' lang='lat' dir='ltr'><strong>quidem</strong></span> <span class='ocrx_word' id='word_1_653' title='bbox 1229 1854 1319 1882; x_wconf 90' lang='lat' dir='ltr'><strong>honos</strong></span> <span class='ocrx_word' id='word_1_654' title='bbox 1357 1853 1404 1889; x_wconf 87' lang='lat' dir='ltr'><strong>qui</strong></span> <span class='ocrx_word' id='word_1_655' title='bbox 1433 1853 1514 1882; x_wconf 85' lang='lat' dir='ltr'><strong>bonis</strong></span> <span class='ocrx_word' id='word_1_656' title='bbox 1542 1852 1688 1880; x_wconf 84' lang='lat' dir='ltr'><strong>conservis</strong></span> <span class='ocrx_word' id='word_1_657' title='bbox 1716 1851 1878 1886; x_wconf 70' lang='lat' dir='ltr'><strong>exhibeturj,</strong></span> 
     </span>
    </p>
   </div>
   <div class='ocr_carea' id='block_1_96' title="bbox 1090 1898 1808 1934">
    <p class='ocr_par' dir='ltr' id='par_1_96' title="bbox 1090 1898 1808 1934">
     <span class='ocr_line' id='line_1_98' title="bbox 1090 1898 1808 1934; baseline -0.006 -6"><span class='ocrx_word' id='word_1_658' title='bbox 1090 1899 1290 1928; x_wconf 80' lang='lat' dir='ltr'><strong>benevolentiae</strong></span> <span class='ocrx_word' id='word_1_659' title='bbox 1307 1906 1371 1934; x_wconf 84' lang='lat' dir='ltr'><strong>erga</strong></span> <span class='ocrx_word' id='word_1_660' title='bbox 1382 1898 1526 1926; x_wconf 91' lang='lat' dir='ltr'><strong>dominum</strong></span> <span class='ocrx_word' id='word_1_661' title='bbox 1548 1902 1741 1934; x_wconf 88' lang='lat' dir='ltr'><strong>argumentum</strong></span> <span class='ocrx_word' id='word_1_662' title='bbox 1755 1901 1808 1924; x_wconf 82' lang='lat' dir='ltr'><strong>est.</strong></span> 
     </span>
    </p>
   </div>
   <div class='ocr_carea' id='block_1_97' title="bbox 1133 1942 1879 1979">
    <p class='ocr_par' dir='ltr' id='par_1_97' title="bbox 1133 1942 1879 1979">
     <span class='ocr_line' id='line_1_99' title="bbox 1133 1942 1879 1979; baseline -0.005 -6"><span class='ocrx_word' id='word_1_663' title='bbox 1133 1945 1202 1973; x_wconf 84' lang='lat' dir='ltr'><strong>Ibid.</strong></span> <span class='ocrx_word' id='word_1_664' title='bbox 1223 1959 1257 1965; x_wconf 91' lang='lat'><strong>—</strong></span> <span class='ocrx_word' id='word_1_665' title='bbox 1274 1944 1367 1971; x_wconf 81' lang='lat' dir='ltr'><strong>Animi</strong></span> <span class='ocrx_word' id='word_1_666' title='bbox 1379 1951 1443 1979; x_wconf 82' lang='lat' dir='ltr'><strong>erga</strong></span> <span class='ocrx_word' id='word_1_667' title='bbox 1465 1943 1614 1971; x_wconf 85' lang='lat' dir='ltr'><strong>benevolos</strong></span> <span class='ocrx_word' id='word_1_668' title='bbox 1640 1948 1790 1970; x_wconf 83' lang='lat' dir='ltr'><strong>conservos</strong></span> <span class='ocrx_word' id='word_1_669' title='bbox 1813 1942 1879 1970; x_wconf 72' lang='lat' dir='ltr'><strong>ain-—</strong></span> 
     </span>
    </p>
   </div>
   <div class='ocr_carea' id='block_1_98' title="bbox 1092 1989 1880 2024">
    <p class='ocr_par' dir='ltr' id='par_1_98' title="bbox 1092 1989 1880 2024">
     <span class='ocr_line' id='line_1_100' title="bbox 1092 1989 1880 2024; baseline -0.005 -4"><span class='ocrx_word' id='word_1_670' title='bbox 1092 1992 1158 2024; x_wconf 85' lang='lat' dir='ltr'><strong>ctio,</strong></span> <span class='ocrx_word' id='word_1_671' title='bbox 1177 1992 1210 2019; x_wconf 91' lang='lat' dir='ltr'><strong>ad</strong></span> <span class='ocrx_word' id='word_1_672' title='bbox 1223 1991 1376 2022; x_wconf 88' lang='lat' dir='ltr'><strong>dominum,</strong></span> <span class='ocrx_word' id='word_1_673' title='bbox 1392 1990 1436 2018; x_wconf 88' lang='lat' dir='ltr'><strong>cui</strong></span> <span class='ocrx_word' id='word_1_674' title='bbox 1453 1989 1492 2016; x_wconf 92' lang='lat' dir='ltr'><strong>illi</strong></span> <span class='ocrx_word' id='word_1_675' title='bbox 1501 1990 1667 2020; x_wconf 87' lang='lat' dir='ltr'><strong>servierunt,</strong></span> <span class='ocrx_word' id='word_1_676' title='bbox 1680 1989 1819 2016; x_wconf 85' lang='lat' dir='ltr'><strong>redundat</strong></span> <span class='ocrx_word' id='word_1_677' title='bbox 1832 1999 1839 2016; x_wconf 89' lang='lat'>:</span> <span class='ocrx_word' id='word_1_678' title='bbox 1852 1994 1880 2016; x_wconf 86' lang='lat' dir='ltr'><strong>et</strong></span> 
     </span>
    </p>
   </div>
   <div class='ocr_carea' id='block_1_99' title="bbox 1093 2034 1880 2074">
    <p class='ocr_par' dir='ltr' id='par_1_99' title="bbox 1093 2034 1880 2074">
     <span class='ocr_line' id='line_1_101' title="bbox 1093 2034 1880 2074; baseline -0.003 -9"><span class='ocrx_word' id='word_1_679' title='bbox 1093 2038 1222 2074; x_wconf 87' lang='lat' dir='ltr'><strong>quisquis</strong></span> <span class='ocrx_word' id='word_1_680' title='bbox 1235 2044 1282 2065; x_wconf 89' lang='lat' dir='ltr'><strong>eos</strong></span> <span class='ocrx_word' id='word_1_681' title='bbox 1295 2036 1341 2072; x_wconf 88' lang='lat' dir='ltr'><strong>qui</strong></span> <span class='ocrx_word' id='word_1_682' title='bbox 1357 2035 1419 2063; x_wconf 79' lang='lat' dir='ltr'><strong>ﬁdei</strong></span> <span class='ocrx_word' id='word_1_683' title='bbox 1435 2043 1521 2063; x_wconf 86' lang='lat' dir='ltr'><strong>causa</strong></span> <span class='ocrx_word' id='word_1_684' title='bbox 1533 2034 1713 2067; x_wconf 87' lang='lat' dir='ltr'><strong>dimicarunt,</strong></span> <span class='ocrx_word' id='word_1_685' title='bbox 1729 2034 1813 2062; x_wconf 80' lang='lat' dir='ltr'><strong>allicit</strong></span> <span class='ocrx_word' id='word_1_686' title='bbox 1832 2035 1880 2063; x_wconf 78' lang='lat' dir='ltr'><strong>liu-</strong></span> 
     </span>
    </p>
   </div>
   <div class='ocr_carea' id='block_1_100' title="bbox 1093 2079 1882 2120">
    <p class='ocr_par' dir='ltr' id='par_1_100' title="bbox 1093 2079 1882 2120">
     <span class='ocr_line' id='line_1_102' title="bbox 1093 2079 1882 2120; baseline -0.005 -10"><span class='ocrx_word' id='word_1_687' title='bbox 1093 2090 1173 2114; x_wconf 69' lang='lat' dir='ltr'><strong>nore,</strong></span> <span class='ocrx_word' id='word_1_688' title='bbox 1185 2081 1332 2117; x_wconf 86' lang='lat' dir='ltr'><strong>perspicue</strong></span> <span class='ocrx_word' id='word_1_689' title='bbox 1345 2079 1469 2120; x_wconf 54' lang='lat' dir='ltr'><strong>osacndit</strong></span> <span class='ocrx_word' id='word_1_690' title='bbox 1488 2079 1584 2107; x_wconf 89' lang='lat' dir='ltr'><strong>eodem</strong></span> <span class='ocrx_word' id='word_1_691' title='bbox 1597 2085 1627 2107; x_wconf 85' lang='lat' dir='ltr'><strong>se</strong></span> <span class='ocrx_word' id='word_1_692' title='bbox 1643 2079 1705 2107; x_wconf 85' lang='lat' dir='ltr'><strong>ﬁdei</strong></span> <span class='ocrx_word' id='word_1_693' title='bbox 1734 2080 1792 2107; x_wconf 87' lang='lat' dir='ltr'><strong>zelo</strong></span> <span class='ocrx_word' id='word_1_694' title='bbox 1813 2087 1882 2115; x_wconf 74' lang='lat' dir='ltr'><strong>prae-</strong></span> 
     </span>
    </p>
   </div>
   <div class='ocr_carea' id='block_1_101' title="bbox 1093 2127 1265 2155">
    <p class='ocr_par' dir='ltr' id='par_1_101' title="bbox 1093 2127 1265 2155">
     <span class='ocr_line' id='line_1_103' title="bbox 1093 2127 1265 2155; baseline -0.006 0"><span class='ocrx_word' id='word_1_695' title='bbox 1093 2127 1180 2155; x_wconf 90' lang='lat' dir='ltr'><strong>ditum</strong></span> <span class='ocrx_word' id='word_1_696' title='bbox 1191 2133 1265 2154; x_wconf 86' lang='lat' dir='ltr'><strong>esse.</strong></span> 
     </span>
    </p>
   </div>
   <div class='ocr_carea' id='block_1_102' title="bbox 1131 2170 1882 2206">
    <p class='ocr_par' dir='ltr' id='par_1_102' title="bbox 1131 2170 1882 2206">
     <span class='ocr_line' id='line_1_104' title="bbox 1131 2170 1882 2206; baseline -0.001 -7"><span class='ocrx_word' id='word_1_697' title='bbox 1131 2171 1204 2199; x_wconf 77' lang='lat' dir='ltr'><strong>Naz.</strong></span> <span class='ocrx_word' id='word_1_698' title='bbox 1222 2173 1296 2198; x_wconf 81' lang='lat' dir='ltr'><strong>Orat.</strong></span> <span class='ocrx_word' id='word_1_699' title='bbox 1304 2171 1329 2197; x_wconf 83' lang='lat' dir='ltr'><strong>in</strong></span> <span class='ocrx_word' id='word_1_700' title='bbox 1344 2170 1472 2206; x_wconf 82' lang='lat' dir='ltr'><strong>Cypr.-—</strong></span> <span class='ocrx_word' id='word_1_701' title='bbox 1490 2170 1571 2198; x_wconf 87' lang='lat' dir='ltr'><strong>llunc</strong></span> <span class='ocrx_word' id='word_1_702' title='bbox 1589 2178 1653 2199; x_wconf 85' lang='lat' dir='ltr'><strong>esse</strong></span> <span class='ocrx_word' id='word_1_703' title='bbox 1665 2174 1802 2206; x_wconf 66' lang='lat' dir='ltr'><strong>quazstum</strong></span> <span class='ocrx_word' id='word_1_704' title='bbox 1822 2178 1882 2198; x_wconf 92' lang='lat' dir='ltr'><strong>om-</strong></span> 
     </span>
    </p>
   </div>
   <div class='ocr_carea' id='block_1_103' title="bbox 1095 2216 1883 2253">
    <p class='ocr_par' dir='ltr' id='par_1_103' title="bbox 1095 2216 1883 2253">
     <span class='ocr_line' id='line_1_105' title="bbox 1095 2216 1883 2253; baseline -0.001 -8"><span class='ocrx_word' id='word_1_705' title='bbox 1095 2218 1172 2245; x_wconf 91' lang='lat' dir='ltr'><strong>nium</strong></span> <span class='ocrx_word' id='word_1_706' title='bbox 1192 2217 1458 2253; x_wconf 62' lang='lat' dir='ltr'><strong>praestantissimum</strong></span> <span class='ocrx_word' id='word_1_707' title='bbox 1471 2217 1526 2250; x_wconf 80' lang='lat' dir='ltr'><strong>aio,</strong></span> <span class='ocrx_word' id='word_1_708' title='bbox 1540 2216 1643 2253; x_wconf 57' lang='lat' dir='ltr'><strong>exiguo</strong></span> <span class='ocrx_word' id='word_1_709' title='bbox 1672 2217 1809 2253; x_wconf 77' lang='lat' dir='ltr'><strong>sanguine</strong></span> <span class='ocrx_word' id='word_1_710' title='bbox 1829 2225 1883 2244; x_wconf 81' lang='lat' dir='ltr'><strong>eue-</strong></span> 
     </span>
    </p>
   </div>
   <div class='ocr_carea' id='block_1_104' title="bbox 1093 2263 1882 2299">
    <p class='ocr_par' dir='ltr' id='par_1_104' title="bbox 1093 2263 1882 2299">
     <span class='ocr_line' id='line_1_106' title="bbox 1093 2263 1882 2299; baseline -0.003 -7"><span class='ocrx_word' id='word_1_711' title='bbox 1093 2265 1162 2293; x_wconf 87' lang='lat' dir='ltr'><strong>leste</strong></span> <span class='ocrx_word' id='word_1_712' title='bbox 1178 2271 1293 2299; x_wconf 80' lang='lat' dir='ltr'><strong>regnum</strong></span> <span class='ocrx_word' id='word_1_713' title='bbox 1310 2271 1414 2296; x_wconf 90' lang='lat' dir='ltr'><strong>cmere,</strong></span> <span class='ocrx_word' id='word_1_714' title='bbox 1430 2267 1457 2290; x_wconf 91' lang='lat' dir='ltr'><strong>ct</strong></span> <span class='ocrx_word' id='word_1_715' title='bbox 1470 2271 1521 2299; x_wconf 92' lang='lat' dir='ltr'><strong>pro</strong></span> <span class='ocrx_word' id='word_1_716' title='bbox 1536 2263 1652 2292; x_wconf 87' lang='lat' dir='ltr'><strong>caducis</strong></span> <span class='ocrx_word' id='word_1_717' title='bbox 1663 2267 1690 2292; x_wconf 87' lang='lat' dir='ltr'><strong>et</strong></span> <span class='ocrx_word' id='word_1_718' title='bbox 1706 2264 1882 2299; x_wconf 83' lang='lat' dir='ltr'><strong>temporariis</strong></span> 
     </span>
    </p>
   </div>
   <div class='ocr_carea' id='block_1_105' title="bbox 1093 2309 1616 2345">
    <p class='ocr_par' dir='ltr' id='par_1_105' title="bbox 1093 2309 1616 2345">
     <span class='ocr_line' id='line_1_107' title="bbox 1093 2309 1616 2345; baseline -0.002 -6"><span class='ocrx_word' id='word_1_719' title='bbox 1093 2311 1174 2339; x_wconf 90' lang='lat' dir='ltr'><strong>bonis</strong></span> <span class='ocrx_word' id='word_1_720' title='bbox 1190 2309 1372 2338; x_wconf 75' lang='lat' dir='ltr'><strong>:eternitatem</strong></span> <span class='ocrx_word' id='word_1_721' title='bbox 1392 2309 1486 2345; x_wconf 65' lang='lat' dir='ltr'><strong>gloriae</strong></span> <span class='ocrx_word' id='word_1_722' title='bbox 1501 2310 1616 2338; x_wconf 84' lang='lat' dir='ltr'><strong>referre.</strong></span> 
     </span>
    </p>
   </div>
   <div class='ocr_carea' id='block_1_106' title="bbox 1131 2355 1882 2392">
    <p class='ocr_par' dir='ltr' id='par_1_106' title="bbox 1131 2355 1882 2392">
     <span class='ocr_line' id='line_1_108' title="bbox 1131 2355 1882 2392; baseline -0.001 -8"><span class='ocrx_word' id='word_1_723' title='bbox 1131 2357 1258 2392; x_wconf 80' lang='lat' dir='ltr'><strong>Ejusdem</strong></span> <span class='ocrx_word' id='word_1_724' title='bbox 1266 2357 1294 2383; x_wconf 82' lang='lat' dir='ltr'><strong>in</strong></span> <span class='ocrx_word' id='word_1_725' title='bbox 1308 2356 1394 2383; x_wconf 78' lang='lat' dir='ltr'><strong>Basit.</strong></span> <span class='ocrx_word' id='word_1_726' title='bbox 1412 2371 1447 2377; x_wconf 93' lang='lat'><strong>-—-</strong></span> <span class='ocrx_word' id='word_1_727' title='bbox 1459 2356 1515 2384; x_wconf 80' lang='lat' dir='ltr'><strong>Lex</strong></span> <span class='ocrx_word' id='word_1_728' title='bbox 1528 2356 1654 2392; x_wconf 87' lang='lat' dir='ltr'><strong>martyrii</strong></span> <span class='ocrx_word' id='word_1_729' title='bbox 1670 2355 1771 2392; x_wconf 87' lang='lat' dir='ltr'><strong>poscit,</strong></span> <span class='ocrx_word' id='word_1_730' title='bbox 1787 2360 1815 2383; x_wconf 91' lang='lat' dir='ltr'><strong>ut</strong></span> <span class='ocrx_word' id='word_1_731' title='bbox 1832 2363 1882 2383; x_wconf 88' lang='lat' dir='ltr'><strong>nec</strong></span> 
     </span>
    </p>
   </div>
   <div class='ocr_carea' id='block_1_107' title="bbox 1095 2401 1882 2436">
    <p class='ocr_par' dir='ltr' id='par_1_107' title="bbox 1095 2401 1882 2436">
     <span class='ocr_line' id='line_1_109' title="bbox 1095 2401 1882 2436; baseline -0.001 -6"><span class='ocrx_word' id='word_1_732' title='bbox 1095 2403 1168 2431; x_wconf 90' lang='lat' dir='ltr'><strong>ultro</strong></span> <span class='ocrx_word' id='word_1_733' title='bbox 1182 2403 1209 2430; x_wconf 90' lang='lat' dir='ltr'><strong>in</strong></span> <span class='ocrx_word' id='word_1_734' title='bbox 1224 2406 1364 2430; x_wconf 87' lang='lat' dir='ltr'><strong>certamen</strong></span> <span class='ocrx_word' id='word_1_735' title='bbox 1378 2409 1513 2436; x_wconf 85' lang='lat' dir='ltr'><strong>ruamus;</strong></span> <span class='ocrx_word' id='word_1_736' title='bbox 1539 2402 1622 2429; x_wconf 90' lang='lat' dir='ltr'><strong>saluti</strong></span> <span class='ocrx_word' id='word_1_737' title='bbox 1643 2401 1773 2429; x_wconf 90' lang='lat' dir='ltr'><strong>nimirum</strong></span> <span class='ocrx_word' id='word_1_738' title='bbox 1790 2408 1882 2436; x_wconf 84' lang='lat' dir='ltr'><strong>persc-</strong></span> 
     </span>
    </p>
   </div>
   <div class='ocr_carea' id='block_1_108' title="bbox 1094 2447 1882 2482">
    <p class='ocr_par' dir='ltr' id='par_1_108' title="bbox 1094 2447 1882 2482">
     <span class='ocr_line' id='line_1_110' title="bbox 1094 2447 1882 2482; baseline 0 -8"><span class='ocrx_word' id='word_1_739' title='bbox 1094 2453 1223 2476; x_wconf 81' lang='lat' dir='ltr'><strong>eutorum</strong></span> <span class='ocrx_word' id='word_1_740' title='bbox 1238 2447 1488 2482; x_wconf 76' lang='lat' dir='ltr'><strong>ctjmbecilliorum</strong></span> <span class='ocrx_word' id='word_1_741' title='bbox 1501 2448 1682 2475; x_wconf 82' lang='lat' dir='ltr'><strong>consulentes</strong></span> <span class='ocrx_word' id='word_1_742' title='bbox 1692 2453 1759 2474; x_wconf 88' lang='lat' dir='ltr'><strong>:ncc</strong></span> <span class='ocrx_word' id='word_1_743' title='bbox 1773 2453 1882 2479; x_wconf 83' lang='lat' dir='ltr'><strong>rursus,</strong></span> 
     </span>
    </p>
   </div>
   <div class='ocr_carea' id='block_1_109' title="bbox 1095 2492 1882 2528">
    <p class='ocr_par' dir='ltr' id='par_1_109' title="bbox 1095 2492 1882 2528">
     <span class='ocr_line' id='line_1_111' title="bbox 1095 2492 1882 2528; baseline -0.004 -7"><span class='ocrx_word' id='word_1_744' title='bbox 1095 2494 1142 2522; x_wconf 83' lang='lat' dir='ltr'><strong>tibi</strong></span> <span class='ocrx_word' id='word_1_745' title='bbox 1157 2493 1213 2528; x_wconf 87' lang='lat' dir='ltr'><strong>jam</strong></span> <span class='ocrx_word' id='word_1_746' title='bbox 1229 2492 1257 2520; x_wconf 91' lang='lat' dir='ltr'><strong>in</strong></span> <span class='ocrx_word' id='word_1_747' title='bbox 1278 2493 1403 2528; x_wconf 85' lang='lat' dir='ltr'><strong>periculo</strong></span> <span class='ocrx_word' id='word_1_748' title='bbox 1432 2492 1576 2519; x_wconf 86' lang='lat' dir='ltr'><strong>constituti</strong></span> <span class='ocrx_word' id='word_1_749' title='bbox 1605 2499 1711 2523; x_wconf 86' lang='lat' dir='ltr'><strong>smnus,</strong></span> <span class='ocrx_word' id='word_1_750' title='bbox 1744 2495 1882 2519; x_wconf 87' lang='lat' dir='ltr'><strong>certamen</strong></span> 
     </span>
    </p>
   </div>
   <div class='ocr_carea' id='block_1_110' title="bbox 1095 2536 1882 2571">
    <p class='ocr_par' dir='ltr' id='par_1_110' title="bbox 1095 2536 1882 2571">
     <span class='ocr_line' id='line_1_112' title="bbox 1095 2536 1882 2571; baseline -0.001 -5"><span class='ocrx_word' id='word_1_751' title='bbox 1095 2539 1291 2567; x_wconf 73' lang='lat' dir='ltr'><strong>detrectemus.</strong></span> <span class='ocrx_word' id='word_1_752' title='bbox 1307 2536 1376 2565; x_wconf 89' lang='lat' dir='ltr'><strong>lllud</strong></span> <span class='ocrx_word' id='word_1_753' title='bbox 1391 2537 1465 2566; x_wconf 88' lang='lat' dir='ltr'><strong>enim</strong></span> <span class='ocrx_word' id='word_1_754' title='bbox 1479 2537 1644 2565; x_wconf 85' lang='lat' dir='ltr'><strong>temeritatis</strong></span> <span class='ocrx_word' id='word_1_755' title='bbox 1660 2541 1720 2571; x_wconf 85' lang='lat' dir='ltr'><strong>est,</strong></span> <span class='ocrx_word' id='word_1_756' title='bbox 1735 2537 1786 2565; x_wconf 84' lang='lat' dir='ltr'><strong>hoc</strong></span> <span class='ocrx_word' id='word_1_757' title='bbox 1804 2537 1882 2571; x_wconf 78' lang='lat' dir='ltr'><strong>igna-</strong></span> 
     </span>
    </p>
   </div>
   <div class='ocr_carea' id='block_1_111' title="bbox 1096 2585 1155 2612">
    <p class='ocr_par' dir='ltr' id='par_1_111' title="bbox 1096 2585 1155 2612">
     <span class='ocr_line' id='line_1_113' title="bbox 1096 2585 1155 2612; baseline -0.017 0"><span class='ocrx_word' id='word_1_758' title='bbox 1096 2585 1155 2612; x_wconf 64' lang='lat' dir='ltr'><strong>viae.</strong></span> 
     </span>
    </p>
   </div>
   <div class='ocr_carea' id='block_1_112' title="bbox 1134 2628 1882 2666">
    <p class='ocr_par' dir='ltr' id='par_1_112' title="bbox 1134 2628 1882 2666">
     <span class='ocr_line' id='line_1_114' title="bbox 1134 2628 1882 2666; baseline -0.001 -9"><span class='ocrx_word' id='word_1_759' title='bbox 1134 2629 1216 2666; x_wconf 72' lang='lat' dir='ltr'><strong>Nysa.</strong></span> <span class='ocrx_word' id='word_1_760' title='bbox 1235 2630 1261 2656; x_wconf 85' lang='lat' dir='ltr'><strong>in</strong></span> <span class='ocrx_word' id='word_1_761' title='bbox 1290 2629 1389 2657; x_wconf 79' lang='lat' dir='ltr'><strong>Beatit.</strong></span> <span class='ocrx_word' id='word_1_762' title='bbox 1405 2643 1439 2650; x_wconf 88' lang='lat'><strong>—-</strong></span> <span class='ocrx_word' id='word_1_763' title='bbox 1463 2628 1671 2657; x_wconf 83' lang='lat' dir='ltr'><strong>Bcatitudinum</strong></span> <span class='ocrx_word' id='word_1_764' title='bbox 1698 2629 1882 2664; x_wconf 81' lang='lat' dir='ltr'><strong>participatio,</strong></span> 
     </span>
    </p>
   </div>
   <div class='ocr_carea' id='block_1_113' title="bbox 1097 2676 1890 2714">
    <p class='ocr_par' dir='ltr' id='par_1_113' title="bbox 1097 2676 1890 2714">
     <span class='ocr_line' id='line_1_115' title="bbox 1097 2676 1890 2714; baseline -0.001 -9"><span class='ocrx_word' id='word_1_765' title='bbox 1097 2677 1208 2705; x_wconf 78' lang='lat' dir='ltr'><strong>dcitalis</strong></span> <span class='ocrx_word' id='word_1_766' title='bbox 1229 2681 1270 2704; x_wconf 86' lang='lat' dir='ltr'><strong>est</strong></span> <span class='ocrx_word' id='word_1_767' title='bbox 1284 2676 1472 2712; x_wconf 81' lang='lat' dir='ltr'><strong>partic’ipatio.</strong></span> <span class='ocrx_word' id='word_1_768' title='bbox 1487 2678 1532 2704; x_wconf 85' lang='lat' dir='ltr'><strong>Dei</strong></span> <span class='ocrx_word' id='word_1_769' title='bbox 1548 2676 1685 2712; x_wconf 85' lang='lat' dir='ltr'><strong>siquidem</strong></span> <span class='ocrx_word' id='word_1_770' title='bbox 1697 2676 1810 2714; x_wconf 76' lang='lat' dir='ltr'><strong>propria</strong></span> <span class='ocrx_word' id='word_1_771' title='bbox 1823 2676 1890 2704; x_wconf 80' lang='lat' dir='ltr'><strong>bea-</strong></span> 
     </span>
    </p>
   </div>
   <div class='ocr_carea' id='block_1_114' title="bbox 1098 2724 1258 2751">
    <p class='ocr_par' dir='ltr' id='par_1_114' title="bbox 1098 2724 1258 2751">
     <span class='ocr_line' id='line_1_116' title="bbox 1098 2724 1258 2751; baseline 0 0"><span class='ocrx_word' id='word_1_772' title='bbox 1098 2724 1187 2751; x_wconf 88' lang='lat' dir='ltr'><strong>titudo</strong></span> <span class='ocrx_word' id='word_1_773' title='bbox 1203 2728 1258 2751; x_wconf 85' lang='lat' dir='ltr'><strong>est.</strong></span> 
     </span>
    </p>
   </div>
   <div class='ocr_carea' id='block_1_115' title="bbox 1136 2768 1884 2805">
    <p class='ocr_par' dir='ltr' id='par_1_115' title="bbox 1136 2768 1884 2805">
     <span class='ocr_line' id='line_1_117' title="bbox 1136 2768 1884 2805; baseline -0.004 -8"><span class='ocrx_word' id='word_1_774' title='bbox 1136 2769 1231 2805; x_wconf 77' lang='lat' dir='ltr'><strong>Ejusd.</strong></span> <span class='ocrx_word' id='word_1_775' title='bbox 1242 2769 1319 2798; x_wconf 81' lang='lat' dir='ltr'><strong>Orat.</strong></span> <span class='ocrx_word' id='word_1_776' title='bbox 1334 2769 1350 2795; x_wconf 82' lang='lat'><strong>&#39;.’</strong></span> <span class='ocrx_word' id='word_1_777' title='bbox 1368 2768 1404 2797; x_wconf 88' lang='lat' dir='ltr'><strong>De</strong></span> <span class='ocrx_word' id='word_1_778' title='bbox 1416 2769 1492 2796; x_wconf 83' lang='lat' dir='ltr'><strong>Beat.</strong></span> <span class='ocrx_word' id='word_1_779' title='bbox 1505 2784 1536 2790; x_wconf 87' lang='lat'><strong>—-</strong></span> <span class='ocrx_word' id='word_1_780' title='bbox 1551 2769 1579 2796; x_wconf 91' lang='lat' dir='ltr'><strong>Si</strong></span> <span class='ocrx_word' id='word_1_781' title='bbox 1594 2768 1679 2796; x_wconf 82' lang='lat' dir='ltr'><strong>Deum</strong></span> <span class='ocrx_word' id='word_1_782' title='bbox 1706 2773 1811 2800; x_wconf 81' lang='lat' dir='ltr'><strong>vtdcrc,</strong></span> <span class='ocrx_word' id='word_1_783' title='bbox 1826 2773 1884 2794; x_wconf 82' lang='lat' dir='ltr'><strong>tan-</strong></span> 
     </span>
    </p>
   </div>
   <div class='ocr_carea' id='block_1_116' title="bbox 1099 2814 1885 2849">
    <p class='ocr_par' dir='ltr' id='par_1_116' title="bbox 1099 2814 1885 2849">
     <span class='ocr_line' id='line_1_118' title="bbox 1099 2814 1885 2849; baseline -0.003 -7"><span class='ocrx_word' id='word_1_784' title='bbox 1099 2820 1158 2843; x_wconf 86' lang='lat' dir='ltr'><strong>tum</strong></span> <span class='ocrx_word' id='word_1_785' title='bbox 1177 2821 1220 2843; x_wconf 85' lang='lat' dir='ltr'><strong>est</strong></span> <span class='ocrx_word' id='word_1_786' title='bbox 1238 2816 1352 2847; x_wconf 79' lang='lat' dir='ltr'><strong>bonum,</strong></span> <span class='ocrx_word' id='word_1_787' title='bbox 1366 2819 1397 2842; x_wconf 89' lang='lat' dir='ltr'><strong>ut</strong></span> <span class='ocrx_word' id='word_1_788' title='bbox 1413 2815 1446 2842; x_wconf 84' lang='lat' dir='ltr'><strong>ad</strong></span> <span class='ocrx_word' id='word_1_789' title='bbox 1467 2815 1526 2849; x_wconf 83' lang='lat' dir='ltr'><strong>ejus</strong></span> <span class='ocrx_word' id='word_1_790' title='bbox 1558 2814 1776 2849; x_wconf 83' lang='lat' dir='ltr'><strong>magnitudinem</strong></span> <span class='ocrx_word' id='word_1_791' title='bbox 1807 2820 1885 2840; x_wconf 71' lang='lat' dir='ltr'><strong>accc&lt;</strong></span> 
     </span>
    </p>
   </div>
   <div class='ocr_carea' id='block_1_117' title="bbox 1103 2858 1886 2896">
    <p class='ocr_par' dir='ltr' id='par_1_117' title="bbox 1103 2858 1886 2896">
     <span class='ocr_line' id='line_1_119' title="bbox 1103 2858 1886 2896; baseline -0.005 -7"><span class='ocrx_word' id='word_1_792' title='bbox 1103 2863 1168 2890; x_wconf 73' lang='lat' dir='ltr'><strong>dere</strong></span> <span class='ocrx_word' id='word_1_793' title='bbox 1182 2861 1252 2889; x_wconf 81' lang='lat' dir='ltr'><strong>nihil</strong></span> <span class='ocrx_word' id='word_1_794' title='bbox 1268 2861 1375 2896; x_wconf 83' lang='lat' dir='ltr'><strong>possit:</strong></span> <span class='ocrx_word' id='word_1_795' title='bbox 1392 2860 1438 2888; x_wconf 87' lang='lat' dir='ltr'><strong>Dei</strong></span> <span class='ocrx_word' id='word_1_796' title='bbox 1461 2860 1544 2888; x_wconf 85' lang='lat' dir='ltr'><strong>lilium</strong></span> <span class='ocrx_word' id='word_1_797' title='bbox 1581 2858 1661 2893; x_wconf 83' lang='lat' dir='ltr'><strong>cﬂici,</strong></span> <span class='ocrx_word' id='word_1_798' title='bbox 1687 2858 1886 2888; x_wconf 83' lang='lat' dir='ltr'><strong>beatitudinem</strong></span> 
     </span>
    </p>
   </div>
  </div>
