2074 3115
147 178 151 181 ’
182 186 250 219 1245

819 171 939 202 SACRA
958 150 1187 198 rAnALLELA.

1737 148 1803 180 1:225

220 203 250 219 ti)
314 203 319 208 '

220 251 229 267 ι
247 239 293 274 Μὴ
310 233 494 272 ὲκπορεύεσθε
505 234 543 264 εἰς
559 231 654 267 ἀγρὸν,
669 229 716 256 καὶ
730 229 758 254 ἒν
772 228 830 257 ταῖς
843 225 913 255 ὁδοῖς
931 222 969 259 μὴ

1054 217 1153 246 Jerem.
1171 223 1209 247 vx,
1223 213 1267 241 25.
1283 227 1316 232 ———
1346 210 1451 238 «Nolite
1467 214 1542 236 exu'e
1561 214 1588 233 tn
1611 211 1719 239 agrum,
1735 207 1762 229 et
1777 203 1804 228 in

1035 262 1070 274 ει-
1086 270 1119 274 --
1134 258 1281 274 -..ειμιηιιη
1311 257 1375 274 ΠιιὶἎ
1400 253 1508 274 ηιαιιίιις
1523 250 1643 274 hostium
1658 248 1761 274 habilal
1779 247 1804 273 ἰιι

182 268 316 322 βαδίζετε,
329 283 369 309 ὅτι
381 268 508 316 γρομφαία
521 277 575 304 τῶν
591 275 696 311 ἐχθρῶν
713 272 841 308 παροικεῖ
857 268 964 297 κύκλω-

177 335 239 359 οεν.
256 339 266 356 )
556 329 558 332 '

220 385 230 401 c
251 372 367 408 ’Δγαθδν
383 370 470 405 ἀνδρὶ,
488 368 553 395 ὃταν
572 367 626 403 ἄρῃ
643 365 689 392 τὸν
706 361 787 396 ζυγὸν
802 361 831 387 ὲν
849 359 964 392 νεότητι.

180 401 346 453 Καθήμενος
368 401 535 449 καταμόνας,
562 401 812 443 καὶήσιωπὴσεται,
837 405 878 431 ὅτι
900 401 967 438 ἦρεν

179 466 211 498 ὲιρ
219 465 226 473 “
241 462 341 497 ἑαυτῷ.
356 471 365 487 ι

223 517 232 534 ι
246 491 425 541 ’Λναστρέψει
439 501 550 534 Ἰακὼβ,
562 500 609 527 καὶ
624 497 767 534 ήσυχάσει,
785 495 831 522 καὶ
849 491 968 520 ὑπνώσει

185 553 225 584 εἰς
238 552 268 579 τὸ
284 536 417 585 σωτήριον
431 547 546 583 Κυρίου,
558 546 606 573 καὶ
618 545 668 571 οὐκ
680 543 755 569 ἔσται
766 542 780 567 ὁ
794 536 969 575 παρενοχλῶν

186 597 278 625 αὐτόν.
298 605 307 622 ι

225 651 234 667 ε
254 639 365 676 Μάρθα,
382 637 493 674 Μάρθα,
510 635 656 671 μεριμνᾷς,
675 633 722 660 καὶ
741 629 890 666 τυρῦἀζεις
905 627 970 663 περὶ

187 686 282 714 πολλά.
306 694 316 711 ο

225 739 234 756 t
252 727 471 765 Παρακαλοῦμεν
489 726 572 762 ὑμᾶς,
601 724 710 759 ἀδελφοί
731 732 793 758 μου,
811 719 969 757 ἡσυχάζειν,

188 775 235 802 καὶ
252 763 386 809 πράσσειν
407 772 442 800 τὰ
460 771 526 804 ῐδια,
552 769 600 797 καὶ
615 767 780 804 ἐργάζεσθαι
797 767 857 796 ταῖς
876 763 970 799 χερσὶν

189 827 277 855 υμων.
296 828 306 846 ι
358 840 361 843 .

225 863 262 890 Τὸ
281 861 483 898 ἀπεσχισμένον
510 859 556 886 καὶ
576 857 688 890 ἰδιάζον,
713 855 761 883 τοῦ
795 851 970 884 κοινωνικοῦ,

189 908 237 935 καὶ
254 907 395 944 ἡνωμένου
409 907 465 938 τοῖς
479 904 586 936 πολλοῖς
600 901 816 938 προτιμώτερον.

224 1005 336 1040 ’Δφάτῳ
355 1003 444 1031 τοίνυν
465 1002 580 1036 δυνάμει
604 999 832 1035 φαντασιούμενοι
848 997 893 1024 τὸν
912 996 975 1023 νοῦν

192 1051 217 1078 οἱ
231 1050 434 1085 ἀπερίσπαστον
453 1048 535 1074 αὐτὸν
552 1047 600 1073 καὶ
610 1045 730 1080 καθαρὺν
753 1045 869 1079 ἔχοντες,
893 1041 975 1068 οἱονεὶ

194 1094 351 1130 ἡνιοχοῦντα
366 1093 465 1124 αὐτοὺς
486 1092 578 1127 ἔχουσι
603 1091 648 1118 τὸν
670 1090 748 1124 λόγον
775 1089 822 1115 τοῦ
847 1087 926 1114 Θεοῦ.
942 1100 975 1107 ——

168 1182 172 1188 Ι
198 1143 326 1188 Ἡσυχία,
346 1140 509 1175 καθάρσεως
522 1138 593 1174 ἀρχὴ
617 1139 649 1172 τῇ
664 1137 748 1172 ψυχῇ,
770 1136 817 1162 καὶ
833 1135 926 1168 ὥσπερ
942 1133 976 1159 τὰ

194 1187 276 1224 θηρία
295 1183 533 1220 εὐκαταγώνιστά¹
549 1184 606 1209 ἐστι
635 1181 842 1216 καταψηχοέντιι
855 1200 861 1210 ,
890 1178 976 1209 οὕτως

194 1223 347 1268 ἐπιθυμίαι.
361 1232 407 1258 καὶ
421 1229 514 1266 ὀργαὶ,
528 1229 575 1256 καὶ
586 1228 681 1261 λύπαι,
690 1227 738 1254 καὶ
749 1226 826 1261 φόῦοι
837 1224 871 1251 τὰ
886 1223 976 1251 [οὗόλα

196 1279 244 1314 τῆς
260 1278 350 1314 ψυχῆς
367 1277 451 1309 κακά,
475 1274 696 1303 κατευνασθέντα
714 1273 759 1299 διὰ
784 1272 834 1306 τῆς
849 1270 974 1305 ἡσυχίας,

196 1325 243 1352 καὶ
256 1326 292 1360 μὴ
302 1323 500 1360 άγριαινόμενα
516 1321 555 1356 τῷ
568 1321 677 1355 συνεχεῖ
695 1317 844 1354 ἐρεθισμῷ,
859 1317 974 1343 elixa-ra.

191 1370 380 1405 γωνιστότερα
397 1370 430 1404 τῇ
447 1368 561 1403 δυνάμει
574 1366 622 1393 τοῦ
642 1366 722 1400 λόγου
737 1364 852 1399 γίνεται.
864 1376 900 1382 -
914 1360 978 1388 Ἐπὶ

195 1415 242 1441 τὸν
256 1416 358 1449 κόσμον
372 1413 410 1449 μὴ
431 1413 616 1448 διαχεόμενος,
633 1410 757 1437 ἐπάνεισι
772 1408 820 1443 μὲν
835 1407 903 1442 πρὸς
916 1406 985 1432 ἐξω--

196 1460 253 1492 τὸν,
269 1460 303 1486 δι’
317 1458 414 1486 ἑαυτοῦ
429 1458 458 1485 δὲ
476 1457 546 1493 πρὸς
561 1456 610 1490 τὴν
621 1455 686 1491 περὶ
706 1453 773 1480 θεοῦ
791 1452 896 1479 ἔννοιαν
913 1451 980 1477 ἅνα-

197 1505 296 1537 ῦαινει,
315 1505 383 1540 μήτε
395 1503 463 1539 πρὸς
473 1502 577 1538 τροφῆς
593 1499 732 1536 φροντίδα,
743 1499 811 1534 μήτε
820 1497 889 1533 πρὸς
903 1504 980 1530 περι-

198 1550 313 1576 ϐολαίων
336 1550 471 1584 μέριμναν
495 1547 545 1581 τὴν
566 1545 655 1581 ψυχὴν
679 1543 896 1578 καθελκόμενος¹
912 1541 980 1568 ἀλλὰ

199 1594 297 1630 σχολὴν
311 1593 365 1620 άπὸ
375 1593 430 1620 τῶν
443 1592 546 1627 γηΐνων
563 1590 710 1626 φροντίδων
728 1590 812 1624 ἄγων,
828 1588 876 1623 τὴν
890 1588 980 1614 πᾶσαν

199 1639 297 1667 ἑαυτοῦ
313 1638 430 1674 σπουδὴν
442 1637 489 1665 ἐπὶ
498 1637 548 1672 τὴν
562 1636 660 1671 κτῆσιν
673 1635 728 1662 τῶν
743 1634 859 1662 αἰωνίων
872 1631 982 1667 ἀγαθῶν

200 1685 375 1723 μετατίθησι.

235 1742 295 1777 Χρή
304 1749 331 1768 τι
343 1740 391 1768 καὶ
399 1738 560 1776 ἡσυχάζειν,
573 1737 642 1764 ὥστε
654 1736 795 1767 άοολώτως
809 1734 984 1770 προσομιλεῖν

200 1786 239 1822 τῷ
259 1786 329 1820 Θεῷ,
344 1785 392 1813 καὶ
411 1784 508 1820 μικρὸν
526 1782 678 1816 άπανὰγειν
698 1781 743 1808 τὸν
768 1780 831 1807 νοῦν
855 1779 909 1805 ἀπὸ
930 1777 984 1804 τῶν

202 1831 398 1867 πλανωμένων.

241 1931 276 1959 Ἦ
290 1930 448 1966 ἀπράγμων
465 1927 577 1963 ὴσυνια,
601 1928 650 1962 τῆς
673 1927 702 1953 ὲν
727 1925 887 1960 πράγμασιν
910 1931 987 1958 περι-

205 1976 319 2012 φανείας
338 1974 500 2010 τιμιωτέρα.

238 2023 306 2049 Τότε
330 2020 447 2057 μάλιστα
473 2018 624 2046 ἐπιτίθεται
649 2018 664 2045 ὁ
688 2015 827 2048 διάϐολος,
858 2015 923 2041 ὅταν
947 2013 989 2049 ἴδῃ

207 2066 418 2102 μεμονωμένους
445 2065 537 2100 ἡμᾶς,
559 2064 608 2091 καὶ
628 2063 690 2090 καθ’
713 2062 826 2092 ἑαυτοὺς
850 2060 939 2091 ὄντας.
955 2074 989 2080 ——

211 2111 340 2147 Ἀρμόζει
354 2111 394 2146 τῷ
407 2111 544 2146 ἐγκρατεῖ,
562 2109 609 2136 καὶ
622 2109 684 2140 τοὺς
698 2108 793 2143 ὄχλους
809 2106 932 2141 φεύγειν,
946 2106 990 2132 ἵνα

205 2158 252 2185 τδν
269 2157 331 2184 νοῦν
347 2156 552 2192 ἀπερίσπαστον
567 2155 626 2190 ἔχῃ,
648 2154 695 2181 καὶ
719 2154 767 2189 τὴν
792 2152 905 2188 καρδίαν
922 2151 989 2179 ἀτά-

207 2211 300 2239 ραχον.
314 2200 403 2237 Πολλὴ
416 2200 469 2236 γὰρ
488 2200 518 2227 ὲν
534 2200 590 2231 τοῖς
606 2199 695 2234 ὄχλοις
707 2199 723 2234 ἡ
736 2197 857 2233 ταραχή.

244 2289 339 2323 Μέγας
353 2287 485 2323 συνεργδς
504 2287 573 2322 πρὸς
588 2285 744 2320 τελειότητα
769 2284 824 2311 τῶν
839 2283 991 2319 ἀνθρώπων

209 2334 282 2362 ἱστὶν
295 2334 312 2368 ὴ
328 2333 511 2368 ἀναχώρησις.

207 2417 210 2422 ,
244 2379 374 2414 Μεγάλην
390 2379 431 2411 εἰς
443 2378 543 2413 γνῶσιν
556 2377 642 2414 ῥοπὴν
659 2376 864 2413 άπερίσπαστος
879 2377 994 2410 παρέχει

211 2425 383 2461 προαίρεσις.

241 2513 299 2548 Ζῇν
315 2513 426 2547 ἄμεινον
440 2512 487 2538 ἐπὶ
505 2511 628 2543 στιϐάδος
646 2511 856 2547 κατακείμενον,
871 2511 916 2539 καὶ
929 2511 995 2547 0αρ-

213 2560 280 2594 ρεῖν,
295 2558 311 2592 ἢ
325 2557 507 2593 ταράττεσθαι
522 2557 628 2592 χρυσῆν
643 2556 740 2592 ἔχοντα
756 2557 860 2595 κλίνηνε

249 2645 311 2676 illo;
337 2644 448 2679 ὴσύχιος
476 2638 631 2680 ’χῇημάτων
661 2643 768 2670 πολλῶν
798 2644 995 2679 περιφανέστε-

215 2701 238 2726 ρν.
246 2700 269 2722 ς.

254 2737 284 2763 ὐ
302 2735 383 2772 σοφὸς
397 2734 527 2771 ἠρεμίαν,
540 2734 588 2761 καὶ
602 2735 827 2771 ἀπραγμοσύνην,
841 2735 887 2762 καὶ
900 2736 996 2771 σχολὴν

1016 262 1070 291 viis
1086 270 1120 289 ne.
1134 258 1293 290 ambulctis,
1311 257 1376 291 quia
1400 253 1508 290 gladius
1523 250 1643 279 hostium
1658 248 1761 275 habitat
1779 247 1805 273 in

1016 307 1145 335 circuitu.
1168 313 1178 331 ›

1054 353 1153 380 Thren.
1171 357 1215 383 ιιι,
1238 348 1284 379 27,
1301 346 1347 373 28.
1365 359 1400 365 ——
1424 353 1433 369 (
1451 342 1558 369 Bonum
1589 343 1631 367 cst
1655 338 1714 366 viro
1742 344 1805 364 cum

1018 395 1169 434 portaverit
1195 394 1291 428 iugum
1319 397 1400 417 suum
1424 388 1452 415 in
1480 384 1681 414 adolescentia.
1703 382 1806 409 Sedens

1019 429 1163 471 solitarius
1180 444 1207 468 et
1220 437 1334 469 tacebit,
1348 435 1412 470 quia
1431 432 1534 460 levavit
1552 437 1635 464 super
1649 429 1781 460 seipsum.
1795 435 1804 451 ι

1054 486 1154 514 Jerem.
1177 492 1242 518 xxx,
1256 483 1283 511 7.
1300 497 1334 502 —
1351 490 1360 507 ι
1380 479 1543 507 Revertatur
1560 475 1663 505 Jacob,
1687 478 1713 499 et
1732 471 1808 506 quie-

1021 537 1093 565 scet,
1109 536 1136 560 et
1147 516 1266 559 dormiet
1279 528 1307 555 in
1321 524 1438 553 salutari
1452 521 1572 554 Domini,
1588 524 1615 548 et
1628 526 1684 546 non
1700 517 1752 544 erit
1762 516 1808 551 qui

1020 579 1153 607 molestus
1170 577 1206 604 sit
1224 575 1260 602 ei.
1280 584 1289 600 ι

1057 625 1123 651 Luc.
1145 631 1172 655 ις,
1191 622 1235 648 41.
1251 629 1305 645 -‹
1327 616 1444 648 Martha,
1461 612 1579 644 Martha,
1596 610 1714 638 sollicita
1728 615 1768 639 es,
1784 609 1810 633 el

1022 670 1144 698 tuibaris
1163 675 1226 702 erga
1243 665 1372 701 plurima.
1389 672 1398 688 ι

1057 716 1069 742 1
1086 715 1177 742 Thess.
1194 721 1232 744 tv,
1247 711 1291 738 11.
1307 725 1342 730 -
1360 718 1369 734 ι
1384 708 1526 741 Rogamus
1556 711 1617 733 vos,
1648 701 1759 731 fratres,
1782 703 1812 724 ιιι,

1022 761 1108 796 quieti
1124 759 1195 791 sitis,
1209 762 1236 786 et
1255 760 1285 784 ut
1302 754 1442 790 negotium
1460 754 1581 778 vestrum
1598 747 1696 783 agatis,
1712 750 1736 772 et
1749 752 1817 778 ope—

1022 805 1119 833 remiui
1134 804 1263 831 manibus
1279 800 1387 828 vestris.
1409 807 1418 823 ι

1059 850 1165 877 Basilii.
1180 863 1215 868 --
1232 847 1291 874 Vita
1310 842 1435 873 solitaria
1449 846 1476 869 et
1491 839 1610 875 privata,
1625 836 1649 864 ei
1665 841 1726 870 quae
1740 839 1814 859 com-

1025 895 1116 922 munis
1129 898 1180 926 est,
1195 896 1222 920 et
1234 890 1365 919 societate
1383 886 1495 923 gaudet,
1511 891 1525 910 a
1542 882 1682 918 plerisque
1701 882 1814 910 antepo—

1025 940 1111 968 nitur.

1061 994 1200 1031 Ejusdem.
1218 992 1305 1019 ——Illi
1319 990 1405 1025 igitur
1415 987 1462 1024 qui
1480 987 1508 1014 vi
1519 985 1637 1021 quadam
1658 981 1814 1016 inexplica-

1025 1040 1073 1068 bili
1090 1043 1209 1067 menti-tn
1222 1044 1300 1065 suam
1316 1036 1509 1064 informanles,
1524 1031 1607 1057 nullis
1619 1035 1679 1055 eatn
1698 1026 1816 1060 negotiis

1026 1085 1185 1112 distractam
1204 1086 1230 1109 et
1241 1087 1339 1116 puram
1353 1078 1465 1108 habent,
1478 1076 1514 1102 ita
1527 1071 1680 1108 comparati
1698 1073 1773 1099 sunt,
1787 1074 1816 1095 ut

1027 1131 1071 1157 Dei
1101 1135 1192 1157 sermo
1212 1127 1298 1154 instar
1328 1123 1469 1159 quadriga:
1509 1121 1584 1155 ipsos
1624 1116 1813 1145 morderetur.

1025 1173 1188 1202 —Solitudo
1198 1176 1224 1200 et
1234 1172 1311 1207 quies
1321 1169 1467 1205 puritatem
1478 1166 1575 1204 giima:
1583 1163 1704 1192 inchoat.
1715 1161 1817 1193 Quem-

1028 1220 1175 1248 admodum
1193 1206 1268 1246 eniin
1295 1216 1360 1243 ferre
1377 1212 1477 1241 blanda
1495 1208 1715 1239 contrectatione
1741 1206 1817 1232 cicu-

1027 1271 1140 1298 rantur;
1156 1265 1196 1293 sic
1211 1264 1292 1291 etiam
1308 1260 1487 1296 cupiditates,
1501 1258 1559 1288 irae,
1573 1260 1718 1285 mcerores,
1735 1251 1816 1278 timo-

1027 1319 1087 1345 res,
1114 1310 1244 1353 pestifera
1275 1306 1360 1334 animi
1387 1305 1470 1336 mala,
1492 1301 1642 1331 solitudine
1662 1297 1817 1331 consopita,

1028 1365 1080 1385 nec
1096 1344 1218 1384 assiduis
1243 1350 1426 1381 irritamentis
1450 1348 1575 1378 efferata,
1598 1344 1710 1372 facilius
1724 1346 1818 1376 postea

1029 1404 1054 1431 \i
1070 1402 1186 1430 rationis
1206 1403 1383 1434 superantur.
1399 1411 1434 1416 ——
1447 1394 1497 1428 Qui
1510 1393 1538 1420 in
1559 1390 1692 1418 mundum
1706 1387 1820 1415 minimc

1029 1448 1133 1476 effusus
1148 1450 1201 1477 est,
1221 1445 1249 1472 in
1267 1451 1297 1472 se
1315 1441 1424 1477 quidem
1441 1439 1522 1470 redit,
1535 1445 1583 1472 per
1599 1443 1629 1471 se
1645 1441 1710 1462 vero
1726 1440 1820 1459 assur—

1030 1493 1079 1529 git,
1096 1497 1125 1520 ut
1140 1492 1225 1519 Deum
1242 1480 1356 1524 cogitet.
1367 1486 1500 1520 ‘Tumque
1518 1490 1569 1510 nec
1586 1481 1620 1508 ad
1636 1480 1690 1508 cibi
1712 1485 1820 1509 curam,

1033 1545 1083 1565 nec
1101 1541 1130 1564 ut
1142 1536 1175 1563 de
1193 1532 1364 1561 vestimentis
1379 1529 1516 1558 sollicitus
1532 1528 1578 1559 sit,
1597 1525 1720 1553 animum
1736 1526 1822 1550 retor-

1033 1586 1112 1618 quet;
1127 1581 1174 1609 sed
1189 1580 1224 1607 ab
1237 1578 1368 1606 otnnibus
1383 1575 1501 1603 terrenis
1519 1573 1596 1601 euris
1610 1571 1736 1600 feriatus,
1760 1574 1803 1596 stu
1813 1583 1821 1587 -

1033 1628 1107 1655 dium
1118 1633 1199 1653 onmc
1214 1631 1294 1652 suum
1307 1623 1341 1649 ad
1358 1625 1526 1648 aeternorum
1543 1618 1679 1644 bonorum
1696 1613 1822 1647 adoptio-

1034 1681 1094 1702 nem
1113 1670 1257 1699 transfert.

1070 1729 1100 1756 S.
1115 1728 1193 1762 (ἶνες.
1205 1724 1340 1752 Naziauz.
1358 1721 1437 1749 Orat.
1454 1720 1485 1746 de
1495 1719 1590 1753 seipso.
1600 1730 1633 1736 —-
1643 1714 1823 1743 Solitudinem

1035 1758 1307 1802 nonnihil'amplecti
1330 1767 1458 1799 oportet,
1482 1765 1512 1787 ut
1529 1761 1621 1786 animo
1638 1758 1750 1784 minime
1768 1760 1824 1782 tur-

1037 1817 1100 1845 bido
1117 1815 1201 1842 Deum
1226 1801 1401 1846 alloquamur
1438 1811 1465 1835 et
1485 1809 1604 1833 mentem
1621 1811 1635 1830 a
1648 1803 1729 1829 rebus
1750 1801 1824 1836 vagis

1037 1862 1210 1889 reducamus.

1076 1913 1172 1950 Ejusd.
1186 1914 1262 1948 epist.
1289 1912 1322 1939 76
1337 1916 1397 1937 V.—-
1413 1906 1537 1936 Solitudo
1557 1906 1583 1932 a'
1593 1902 1710 1939 negotiis
1728 1901 1825 1931 libera,

1039 1962 1185 1998 splendore
1201 1967 1264 1986 cum
1282 1957 1401 1992 negotiis
1417 1954 1567 1988 conjnnclo
1581 1948 1758 1986 prmstantior
1773 1951 1826 1974 est.

1075 2008 1212 2042 Chrysost.
1233 2003 1311 2030 Ilom.
1335 2002 1369 2028 H-
1394 2002 1422 2028 in
1449 1998 1546 2025 Matth.
1564 2012 1598 2017 —
1614 1995 1683 2022 Tum
1711 1993 1826 2020 maxime

1039 2039 1166 2080 diabolus
1186 2048 1300 2083 ingruit,
1311 2053 1373 2073 cum
1390 2052 1441 2072 nos
1457 2043 1532 2071 solos
1545 2062 1552 2075 ,
1568 2045 1595 2068 ct
1610 2039 1697 2067 nostri
1715 2045 1834 2072 compo-

1041 2102 1082 2125 tes
1096 2096 1181 2124 videt.
1195 2109 1229 2115 —
1244 2093 1273 2119 Ei
1289 2091 1335 2126 qui
1356 2089 1537 2118 continentiae
1563 2086 1666 2118 studet,
1688 2083 1826 2114 convenit,

1040 2147 1070 2171 ut
1083 2146 1110 2170 et
1130 2140 1225 2168 lurbas
1244 2144 1354 2173 quoque
1376 2135 1473 2170 fugiat,
1494 2137 1525 2160 ut
1546 2137 1667 2159 mentem
1697 2137 1711 2156 ιι
1728 2129 1835 2156 distra—

1042 2188 1133 2215 ctione
1149 2171 1275 2214 liberam,
1290 2171 1317 2209 et
1330 2188 1378 2208 eor
1395 2177 1625 2214 imperturbatum
1646 2173 1758 2200 habeat.
1774 2171 1826 2208 hia;

1006 2233 1026 2261 Β
1042 2241 1095 2270 gna
1111 2231 1212 2268 quippe
1232 2228 1380 2256 commotio
1391 2230 1430 2253 est
1444 2225 1517 2252 inter
1531 2223 1627 2250 turbas
1641 2220 1794 2247 hominum.

1078 2262 1170 2311 Serap:
1181 2262 1267 2302 ἰ-Αιι
1282 2273 1480 2309 perfectionem
1503 2266 1710 2304 adipiscendam
1728 2262 1838 2299 ingenti

1044 2323 1165 2355 subsidio
1179 2328 1306 2349 secessus
1324 2322 1376 2346 est.

1079 2370 1164 2398 Clem.
1177 2368 1223 2396 lib.
1242 2375 1261 2393 ιι
1273 2366 1373 2393 Strom.
1387 2377 1422 2383 —
1438 2361 1479 2389 Ad
1494 2357 1717 2394 consequendam
1732 2356 1839 2383 dnf'll‘l:

1047 2424 1108 2444 nam
1123 2414 1272 2450 plurimum
1294 2409 1402 2438 confert
1423 2407 1532 2435 animus
1556 2412 1570 2432 a
1590 2403 1768 2431 distractione
1784 2401 1829 2427 im-

1047 2470 1148 2489 IllUlllS.

1083 2505 1202 2541 Evagrii.
1214 2519 1249 2525 —
1262 2502 1379 2529 Prtestat
1402 2500 1430 2526 in
1447 2502 1539 2525 storea
1565 2493 1722 2522 recubando
1752 2492 1832 2518 vitam

1047 2561 1138 2589 agere,
1154 2558 1186 2578 ac
1202 2548 1297 2577 fidenti
1314 2554 1375 2574 esse
1387 2544 1490 2575 animo,
1512 2547 1594 2577 quam
1614 2540 1641 2566 in
1658 2539 1728 2566 lecto
1751 2544 1838 2567 aut-eq

1047 2597 1209 2635 perturbari.

1084 2644 1167 2679 376
1183 2641 1252 2668 Nili.
1269 2654 1303 2660 —
1315 2637 1378 2665 Vita
1396 2633 1521 2663 solitaria
1533 2637 1559 2660 ct
1579 2631 1670 2667 quieta
1687 2628 1781 2656 tnnltis
1796 2632 1834 2654 est

1049 2672 1342 2726 opibus'splendidior.
1859 2672 1862 2674 '

1086 2722 1265 2763 Pliiloiiis.—
1277 2730 1393 2767 Sapiens
1413 2725 1654 2762 tranquillitatem,
1672 2722 1789 2759 quietem
1810 2726 1834 2749 ct

251 2827 264 2841 ν
278 2824 308 2850 ln
324 2822 395 2857 Rup.
410 2811 648 2858 hujussententim
662 2822 805 2856 inscriptio
820 2827 871 2856 est,
892 2822 939 2850 τοῦ
958 2832 978 2850 α

1030 2821 1050 2856 5,
1066 2823 1096 2849 ἐκ
1111 2823 1161 2858 τῆς
1186 2822 1219 2858 ιβ’
1244 2819 1398 2855 ἐπιστολῆς.
1433 2815 1545 2858 Melissa,
1564 2814 1691 2845 Cfcqorio
1715 2810 1835 2848 Nysseno

1537 2851 1545 2862 I

199 2858 320 2893 ‘tribuit,
337 2856 480 2894 Γρηγορίῳ
494 2856 615 2899 Nasone.
