  <div class='ocr_page' id='page_1' title='image "/cluster/home/n/w/nwhite01/storage/ocr_20150623/95/njp.32101077772844/631.png"; bbox 0 0 2074 3115; ppageno 0'>
   <div class='ocr_carea' id='block_1_1' title="bbox 259 151 327 184">
    <p class='ocr_par' dir='ltr' id='par_1_1' title="bbox 259 151 327 184">
     <span class='ocr_line' id='line_1_1' title="bbox 259 151 327 184; baseline -0.044 0"><span class='ocrx_word' id='word_1_1' title='bbox 259 151 327 184; x_wconf 73' lang='grc'><strong>1247</strong></span> 
     </span>
    </p>
   </div>
   <div class='ocr_carea' id='block_1_2' title="bbox 859 149 1297 181">
    <p class='ocr_par' dir='ltr' id='par_1_2' title="bbox 859 149 1297 181">
     <span class='ocr_line' id='line_1_2' title="bbox 859 149 1297 181; baseline 0.002 -2"><span class='ocrx_word' id='word_1_2' title='bbox 859 151 888 180; x_wconf 85' lang='grc'><strong>5.</strong></span> <span class='ocrx_word' id='word_1_3' title='bbox 904 149 1063 180; x_wconf 80' lang='lat' dir='ltr'><strong>JOANNIS</strong></span> <span class='ocrx_word' id='word_1_4' title='bbox 1082 151 1297 181; x_wconf 78' lang='lat' dir='ltr'><strong>DAMASCENI</strong></span> 
     </span>
    </p>
   </div>
   <div class='ocr_carea' id='block_1_3' title="bbox 1822 146 1890 178">
    <p class='ocr_par' dir='ltr' id='par_1_3' title="bbox 1822 146 1890 178">
     <span class='ocr_line' id='line_1_3' title="bbox 1822 146 1890 178; baseline 0.015 -1"><span class='ocrx_word' id='word_1_5' title='bbox 1822 146 1890 178; x_wconf 75' lang='grc'><strong>1248</strong></span> 
     </span>
    </p>
   </div>
   <div class='ocr_carea' id='block_1_4' title="bbox 256 204 1047 241">
    <p class='ocr_par' dir='ltr' id='par_1_4' title="bbox 256 204 1047 240">
     <span class='ocr_line' id='line_1_4' title="bbox 256 204 1047 240; baseline -0.004 -8"><span class='ocrx_word' id='word_1_6' title='bbox 256 207 344 236; x_wconf 85' lang='lat' dir='ltr'><strong>otium</strong></span> <span class='ocrx_word' id='word_1_7' title='bbox 373 204 567 240; x_wconf 82' lang='lat' dir='ltr'><strong>persequitur;</strong></span> <span class='ocrx_word' id='word_1_8' title='bbox 588 208 618 231; x_wconf 92' lang='lat' dir='ltr'><strong>ut</strong></span> <span class='ocrx_word' id='word_1_9' title='bbox 638 204 740 232; x_wconf 73' lang='lat' dir='ltr'><strong>divinis</strong></span> <span class='ocrx_word' id='word_1_10' title='bbox 766 205 1047 232; x_wconf 71' lang='lat' dir='ltr'><strong>commentationibus</strong></span> 
     </span>
    </p>
   </div>
   <div class='ocr_carea' id='block_1_5' title="bbox 1098 204 1890 241">
    <p class='ocr_par' dir='ltr' id='par_1_5' title="bbox 1103 205 1890 241">
     <span class='ocr_line' id='line_1_5' title="bbox 1103 205 1890 241; baseline -0.001 -10"><span class='ocrx_word' id='word_1_11' title='bbox 1103 206 1277 241; x_wconf 78' lang='grc' dir='ltr'>μεταδιώκει,</span> <span class='ocrx_word' id='word_1_12' title='bbox 1306 207 1350 233; x_wconf 85' lang='grc' dir='ltr'>ἴνα</span> <span class='ocrx_word' id='word_1_13' title='bbox 1367 208 1424 239; x_wconf 80' lang='grc' dir='ltr'>τοῖς</span> <span class='ocrx_word' id='word_1_14' title='bbox 1442 208 1524 236; x_wconf 62' lang='grc' dir='ltr'><strong>θίίυιὶ</strong></span> <span class='ocrx_word' id='word_1_15' title='bbox 1540 205 1717 240; x_wconf 48' lang='grc' dir='ltr'>οεωρήπασιν</span> <span class='ocrx_word' id='word_1_16' title='bbox 1744 206 1772 230; x_wconf 70' lang='grc' dir='ltr'><strong>ὲν</strong></span> <span class='ocrx_word' id='word_1_17' title='bbox 1791 205 1890 241; x_wconf 68' lang='grc' dir='ltr'>ἡευχτᾳ</span> 
     </span>
    </p>
   </div>
   <div class='ocr_carea' id='block_1_6' title="bbox 257 251 698 287">
    <p class='ocr_par' dir='ltr' id='par_1_6' title="bbox 257 251 698 287">
     <span class='ocr_line' id='line_1_6' title="bbox 257 251 698 287; baseline -0.005 -8"><span class='ocrx_word' id='word_1_18' title='bbox 257 257 355 287; x_wconf 85' lang='lat' dir='ltr'><strong>pacato</strong></span> <span class='ocrx_word' id='word_1_19' title='bbox 373 251 465 278; x_wconf 90' lang='lat' dir='ltr'><strong>animo</strong></span> <span class='ocrx_word' id='word_1_20' title='bbox 482 257 580 278; x_wconf 80' lang='lat' dir='ltr'><strong>vacare</strong></span> <span class='ocrx_word' id='word_1_21' title='bbox 599 251 698 284; x_wconf 84' lang='lat' dir='ltr'><strong>possit.</strong></span> 
     </span>
    </p>
   </div>
   <div class='ocr_carea' id='block_1_7' title="bbox 257 316 1048 349">
    <p class='ocr_par' dir='ltr' id='par_1_7' title="bbox 257 316 1048 349">
     <span class='ocr_line' id='line_1_7' title="bbox 257 316 1048 349; baseline 0.001 -5"><span class='ocrx_word' id='word_1_22' title='bbox 257 318 325 344; x_wconf 83' lang='lat' dir='ltr'><strong>TIT.</strong></span> <span class='ocrx_word' id='word_1_23' title='bbox 341 316 487 344; x_wconf 69' lang='lat' dir='ltr'><strong>XXXVIII.</strong></span> <span class='ocrx_word' id='word_1_24' title='bbox 501 331 536 336; x_wconf 94' lang='lat'>—</span> <span class='ocrx_word' id='word_1_25' title='bbox 560 316 597 343; x_wconf 75' lang='lat' dir='ltr'><strong>De</strong></span> <span class='ocrx_word' id='word_1_26' title='bbox 612 317 755 348; x_wconf 80' lang='lat' dir='ltr'><strong>sententia,</strong></span> <span class='ocrx_word' id='word_1_27' title='bbox 775 322 799 344; x_wconf 80' lang='lat' dir='ltr'><strong>et</strong></span> <span class='ocrx_word' id='word_1_28' title='bbox 819 318 1048 349; x_wconf 69' lang='lat' dir='ltr'><strong>condemnatione,</strong></span> 
     </span>
    </p>
   </div>
   <div class='ocr_carea' id='block_1_8' title="bbox 294 351 1049 387">
    <p class='ocr_par' dir='ltr' id='par_1_8' title="bbox 294 351 1049 387">
     <span class='ocr_line' id='line_1_8' title="bbox 294 351 1049 387; baseline 0 -8"><span class='ocrx_word' id='word_1_29' title='bbox 294 357 318 379; x_wconf 80' lang='lat' dir='ltr'><strong>et</strong></span> <span class='ocrx_word' id='word_1_30' title='bbox 334 353 472 378; x_wconf 65' lang='lat' dir='ltr'><strong>seueritate</strong></span> <span class='ocrx_word' id='word_1_31' title='bbox 488 351 561 387; x_wconf 70' lang='lat' dir='ltr'><strong>Dei:</strong></span> <span class='ocrx_word' id='word_1_32' title='bbox 583 356 607 378; x_wconf 83' lang='lat' dir='ltr'><strong>et</strong></span> <span class='ocrx_word' id='word_1_33' title='bbox 619 353 688 385; x_wconf 83' lang='lat' dir='ltr'><strong>quod</strong></span> <span class='ocrx_word' id='word_1_34' title='bbox 702 360 747 379; x_wconf 79' lang='lat' dir='ltr'><strong>nec</strong></span> <span class='ocrx_word' id='word_1_35' title='bbox 763 352 836 378; x_wconf 86' lang='lat' dir='ltr'><strong>ultra</strong></span> <span class='ocrx_word' id='word_1_36' title='bbox 851 361 931 387; x_wconf 84' lang='lat' dir='ltr'><strong>quam</strong></span> <span class='ocrx_word' id='word_1_37' title='bbox 947 353 989 379; x_wconf 77' lang='lat' dir='ltr'><strong>ira</strong></span> <span class='ocrx_word' id='word_1_38' title='bbox 1002 353 1049 380; x_wconf 80' lang='lat' dir='ltr'><strong>Dei</strong></span> 
     </span>
    </p>
   </div>
   <div class='ocr_carea' id='block_1_9' title="bbox 295 386 1050 422">
    <p class='ocr_par' dir='ltr' id='par_1_9' title="bbox 295 386 1050 422">
     <span class='ocr_line' id='line_1_9' title="bbox 295 386 1050 422; baseline 0.003 -10"><span class='ocrx_word' id='word_1_39' title='bbox 295 387 375 420; x_wconf 74' lang='lat' dir='ltr'><strong>ferat,</strong></span> <span class='ocrx_word' id='word_1_40' title='bbox 400 386 561 413; x_wconf 79' lang='lat' dir='ltr'><strong>vindicanda</strong></span> <span class='ocrx_word' id='word_1_41' title='bbox 589 391 698 420; x_wconf 79' lang='lat' dir='ltr'><strong>peccata</strong></span> <span class='ocrx_word' id='word_1_42' title='bbox 724 387 788 418; x_wconf 77' lang='lat' dir='ltr'><strong>sint,</strong></span> <span class='ocrx_word' id='word_1_43' title='bbox 810 395 856 414; x_wconf 84' lang='lat' dir='ltr'><strong>nec</strong></span> <span class='ocrx_word' id='word_1_44' title='bbox 882 388 956 414; x_wconf 81' lang='lat' dir='ltr'><strong>ultra</strong></span> <span class='ocrx_word' id='word_1_45' title='bbox 969 396 1050 422; x_wconf 85' lang='lat' dir='ltr'><strong>quam</strong></span> 
     </span>
    </p>
   </div>
   <div class='ocr_carea' id='block_1_10' title="bbox 293 421 788 456">
    <p class='ocr_par' dir='ltr' id='par_1_10' title="bbox 293 421 788 456">
     <span class='ocr_line' id='line_1_10' title="bbox 293 421 788 456; baseline 0.004 -9"><span class='ocrx_word' id='word_1_46' title='bbox 293 422 457 456; x_wconf 72' lang='lat' dir='ltr'><strong>prwceperit,</strong></span> <span class='ocrx_word' id='word_1_47' title='bbox 475 421 601 448; x_wconf 76' lang='lat' dir='ltr'><strong>utendum</strong></span> <span class='ocrx_word' id='word_1_48' title='bbox 618 421 788 455; x_wconf 74' lang='lat' dir='ltr'><strong>benignitate.</strong></span> 
     </span>
    </p>
   </div>
   <div class='ocr_carea' id='block_1_11' title="bbox 294 474 1048 512">
    <p class='ocr_par' dir='ltr' id='par_1_11' title="bbox 294 474 1048 512">
     <span class='ocr_line' id='line_1_11' title="bbox 294 474 1048 512; baseline 0.003 -8"><span class='ocrx_word' id='word_1_49' title='bbox 294 475 310 507; x_wconf 89' lang='grc'><em>1</em></span> <span class='ocrx_word' id='word_1_50' title='bbox 328 475 391 512; x_wconf 78' lang='lat' dir='ltr'><strong>Reg.</strong></span> <span class='ocrx_word' id='word_1_51' title='bbox 403 485 448 510; x_wconf 88' lang='lat' dir='ltr'><strong>xv,</strong></span> <span class='ocrx_word' id='word_1_52' title='bbox 464 474 558 511; x_wconf 76' lang='grc'><strong>[7-19,</strong></span> <span class='ocrx_word' id='word_1_53' title='bbox 572 478 617 506; x_wconf 72' lang='lat'><strong>25.</strong></span> <span class='ocrx_word' id='word_1_54' title='bbox 636 492 671 497; x_wconf 88' lang='lat'><strong>—-</strong></span> <span class='ocrx_word' id='word_1_55' title='bbox 681 487 690 504; x_wconf 77' lang='grc' dir='ltr'><strong>ι</strong></span> <span class='ocrx_word' id='word_1_56' title='bbox 705 478 779 505; x_wconf 88' lang='lat' dir='ltr'><strong>Dixit</strong></span> <span class='ocrx_word' id='word_1_57' title='bbox 790 474 899 506; x_wconf 86' lang='lat' dir='ltr'><strong>Samuel</strong></span> <span class='ocrx_word' id='word_1_58' title='bbox 913 475 947 506; x_wconf 86' lang='lat' dir='ltr'><strong>ad</strong></span> <span class='ocrx_word' id='word_1_59' title='bbox 959 476 1024 506; x_wconf 85' lang='lat' dir='ltr'><strong>Saul</strong></span> <span class='ocrx_word' id='word_1_60' title='bbox 1041 487 1048 506; x_wconf 93' lang='lat'>:</span> 
     </span>
    </p>
   </div>
   <div class='ocr_carea' id='block_1_12' title="bbox 255 521 1048 559">
    <p class='ocr_par' dir='ltr' id='par_1_12' title="bbox 255 521 1048 559">
     <span class='ocr_line' id='line_1_12' title="bbox 255 521 1048 559; baseline 0.004 -10"><span class='ocrx_word' id='word_1_61' title='bbox 255 521 353 550; x_wconf 85' lang='lat' dir='ltr'><strong>Nonne</strong></span> <span class='ocrx_word' id='word_1_62' title='bbox 368 531 472 558; x_wconf 86' lang='lat' dir='ltr'><strong>parvus</strong></span> <span class='ocrx_word' id='word_1_63' title='bbox 491 531 585 551; x_wconf 86' lang='lat' dir='ltr'><strong>coram</strong></span> <span class='ocrx_word' id='word_1_64' title='bbox 612 523 729 551; x_wconf 89' lang='lat' dir='ltr'><strong>Domino</strong></span> <span class='ocrx_word' id='word_1_65' title='bbox 754 523 811 550; x_wconf 83' lang='lat' dir='ltr'><strong>dux</strong></span> <span class='ocrx_word' id='word_1_66' title='bbox 827 526 930 559; x_wconf 79' lang='lat' dir='ltr'><strong>sceptri</strong></span> <span class='ocrx_word' id='word_1_67' title='bbox 947 525 1048 558; x_wconf 82' lang='lat' dir='ltr'><strong>Israel;</strong></span> 
     </span>
    </p>
   </div>
   <div class='ocr_carea' id='block_1_13' title="bbox 256 568 1050 604">
    <p class='ocr_par' dir='ltr' id='par_1_13' title="bbox 256 568 1050 604">
     <span class='ocr_line' id='line_1_13' title="bbox 256 568 1050 604; baseline 0.004 -10"><span class='ocrx_word' id='word_1_68' title='bbox 256 572 284 598; x_wconf 82' lang='lat' dir='ltr'><strong>et</strong></span> <span class='ocrx_word' id='word_1_69' title='bbox 301 568 381 595; x_wconf 76' lang='lat' dir='ltr'><strong>unxit</strong></span> <span class='ocrx_word' id='word_1_70' title='bbox 407 572 433 596; x_wconf 89' lang='lat' dir='ltr'><strong>te</strong></span> <span class='ocrx_word' id='word_1_71' title='bbox 456 568 590 596; x_wconf 86' lang='lat' dir='ltr'><strong>Dominus</strong></span> <span class='ocrx_word' id='word_1_72' title='bbox 613 569 642 595; x_wconf 90' lang='lat' dir='ltr'><strong>in</strong></span> <span class='ocrx_word' id='word_1_73' title='bbox 668 577 760 603; x_wconf 85' lang='lat' dir='ltr'><strong>regem</strong></span> <span class='ocrx_word' id='word_1_74' title='bbox 789 576 873 604; x_wconf 86' lang='lat' dir='ltr'><strong>super</strong></span> <span class='ocrx_word' id='word_1_75' title='bbox 899 569 1003 597; x_wconf 81' lang='lat' dir='ltr'><strong>Israel?</strong></span> <span class='ocrx_word' id='word_1_76' title='bbox 1019 570 1050 597; x_wconf 86' lang='lat' dir='ltr'><strong>Et</strong></span> 
     </span>
    </p>
   </div>
   <div class='ocr_carea' id='block_1_14' title="bbox 257 611 1050 649">
    <p class='ocr_par' dir='ltr' id='par_1_14' title="bbox 257 611 1050 649">
     <span class='ocr_line' id='line_1_14' title="bbox 257 611 1050 649; baseline 0.004 -10"><span class='ocrx_word' id='word_1_77' title='bbox 257 612 329 639; x_wconf 78' lang='lat' dir='ltr'><strong>dixit</strong></span> <span class='ocrx_word' id='word_1_78' title='bbox 343 611 393 640; x_wconf 90' lang='lat' dir='ltr'><strong>tibi</strong></span> <span class='ocrx_word' id='word_1_79' title='bbox 411 622 418 640; x_wconf 89' lang='lat'>:</span> <span class='ocrx_word' id='word_1_80' title='bbox 446 612 529 646; x_wconf 88' lang='lat' dir='ltr'><strong>Vade,</strong></span> <span class='ocrx_word' id='word_1_81' title='bbox 549 617 576 640; x_wconf 94' lang='lat' dir='ltr'><strong>ct</strong></span> <span class='ocrx_word' id='word_1_82' title='bbox 597 613 752 640; x_wconf 82' lang='lat' dir='ltr'><strong>extermina</strong></span> <span class='ocrx_word' id='word_1_83' title='bbox 768 614 882 641; x_wconf 83' lang='lat' dir='ltr'><strong>Amalec</strong></span> <span class='ocrx_word' id='word_1_84' title='bbox 903 620 1050 649; x_wconf 75' lang='lat' dir='ltr'><strong>peccantes</strong></span> 
     </span>
    </p>
   </div>
   <div class='ocr_carea' id='block_1_15' title="bbox 257 659 1049 696">
    <p class='ocr_par' dir='ltr' id='par_1_15' title="bbox 257 659 1049 696">
     <span class='ocr_line' id='line_1_15' title="bbox 257 659 1049 696; baseline 0.004 -11"><span class='ocrx_word' id='word_1_85' title='bbox 257 660 285 689; x_wconf 85' lang='lat' dir='ltr'><strong>in</strong></span> <span class='ocrx_word' id='word_1_86' title='bbox 300 667 343 686; x_wconf 89' lang='lat' dir='ltr'><strong>me</strong></span> <span class='ocrx_word' id='word_1_87' title='bbox 360 668 367 690; x_wconf 82' lang='lat'><strong>;</strong></span> <span class='ocrx_word' id='word_1_88' title='bbox 384 664 409 686; x_wconf 87' lang='lat' dir='ltr'><strong>et</strong></span> <span class='ocrx_word' id='word_1_89' title='bbox 425 659 599 696; x_wconf 79' lang='lat' dir='ltr'><strong>oppugnabis</strong></span> <span class='ocrx_word' id='word_1_90' title='bbox 612 667 672 691; x_wconf 78' lang='lat' dir='ltr'><strong>eos.</strong></span> <span class='ocrx_word' id='word_1_91' title='bbox 699 660 789 688; x_wconf 92' lang='lat' dir='ltr'><strong>donec</strong></span> <span class='ocrx_word' id='word_1_92' title='bbox 812 662 1049 689; x_wconf 85' lang='lat' dir='ltr'><strong>consummaveris</strong></span> 
     </span>
    </p>
   </div>
   <div class='ocr_carea' id='block_1_16' title="bbox 255 703 1049 743">
    <p class='ocr_par' dir='ltr' id='par_1_16' title="bbox 255 703 1049 743">
     <span class='ocr_line' id='line_1_16' title="bbox 255 703 1049 743; baseline 0.005 -12"><span class='ocrx_word' id='word_1_93' title='bbox 255 712 313 736; x_wconf 76' lang='lat' dir='ltr'><strong>eos.</strong></span> <span class='ocrx_word' id='word_1_94' title='bbox 334 703 367 735; x_wconf 76' lang='lat' dir='ltr'><strong>Et</strong></span> <span class='ocrx_word' id='word_1_95' title='bbox 381 712 466 743; x_wconf 85' lang='lat' dir='ltr'><strong>quare</strong></span> <span class='ocrx_word' id='word_1_96' title='bbox 485 712 539 732; x_wconf 93' lang='lat' dir='ltr'><strong>non</strong></span> <span class='ocrx_word' id='word_1_97' title='bbox 554 705 655 733; x_wconf 79' lang='lat' dir='ltr'><strong>audisti</strong></span> <span class='ocrx_word' id='word_1_98' title='bbox 674 713 767 733; x_wconf 88' lang='lat' dir='ltr'><strong>vocem</strong></span> <span class='ocrx_word' id='word_1_99' title='bbox 785 706 903 739; x_wconf 87' lang='lat' dir='ltr'><strong>Domini,</strong></span> <span class='ocrx_word' id='word_1_100' title='bbox 921 712 948 734; x_wconf 90' lang='lat' dir='ltr'><strong>ct</strong></span> <span class='ocrx_word' id='word_1_101' title='bbox 965 708 1049 735; x_wconf 85' lang='lat' dir='ltr'><strong>irrui-</strong></span> 
     </span>
    </p>
   </div>
   <div class='ocr_carea' id='block_1_17' title="bbox 256 749 1050 786">
    <p class='ocr_par' dir='ltr' id='par_1_17' title="bbox 256 749 1050 786">
     <span class='ocr_line' id='line_1_17' title="bbox 256 749 1050 786; baseline 0.003 -9"><span class='ocrx_word' id='word_1_102' title='bbox 256 749 292 777; x_wconf 75' lang='lat' dir='ltr'><strong>sti</strong></span> <span class='ocrx_word' id='word_1_103' title='bbox 313 757 397 785; x_wconf 79' lang='lat' dir='ltr'><strong>super</strong></span> <span class='ocrx_word' id='word_1_104' title='bbox 420 750 520 785; x_wconf 89' lang='lat' dir='ltr'><strong>spolia,</strong></span> <span class='ocrx_word' id='word_1_105' title='bbox 536 755 564 778; x_wconf 91' lang='lat' dir='ltr'><strong>et</strong></span> <span class='ocrx_word' id='word_1_106' title='bbox 587 750 731 778; x_wconf 88' lang='lat' dir='ltr'><strong>adducens</strong></span> <span class='ocrx_word' id='word_1_107' title='bbox 756 759 847 786; x_wconf 81' lang='lat' dir='ltr'><strong>regem</strong></span> <span class='ocrx_word' id='word_1_108' title='bbox 863 752 1001 779; x_wconf 80' lang='lat' dir='ltr'><strong>servasti?</strong></span> <span class='ocrx_word' id='word_1_109' title='bbox 1017 751 1050 779; x_wconf 88' lang='lat' dir='ltr'><strong>Et</strong></span> 
     </span>
    </p>
   </div>
   <div class='ocr_carea' id='block_1_18' title="bbox 256 795 1037 832">
    <p class='ocr_par' dir='ltr' id='par_1_18' title="bbox 256 795 1037 832">
     <span class='ocr_line' id='line_1_18' title="bbox 256 795 1037 832; baseline 0.004 -10"><span class='ocrx_word' id='word_1_110' title='bbox 256 795 390 829; x_wconf 84' lang='lat' dir='ltr'><strong>sprevisti</strong></span> <span class='ocrx_word' id='word_1_111' title='bbox 406 796 520 823; x_wconf 83' lang='lat' dir='ltr'><strong>verbum</strong></span> <span class='ocrx_word' id='word_1_112' title='bbox 537 795 657 829; x_wconf 89' lang='lat' dir='ltr'><strong>Domini,</strong></span> <span class='ocrx_word' id='word_1_113' title='bbox 681 801 708 824; x_wconf 86' lang='lat' dir='ltr'><strong>et</strong></span> <span class='ocrx_word' id='word_1_114' title='bbox 727 801 837 832; x_wconf 83' lang='lat' dir='ltr'><strong>spernet</strong></span> <span class='ocrx_word' id='word_1_115' title='bbox 854 800 880 824; x_wconf 90' lang='lat' dir='ltr'><strong>te</strong></span> <span class='ocrx_word' id='word_1_116' title='bbox 903 797 1037 826; x_wconf 87' lang='lat' dir='ltr'><strong>Dominus</strong></span> 
     </span>
    </p>
   </div>
   <div class='ocr_carea' id='block_1_19' title="bbox 256 841 651 876">
    <p class='ocr_par' dir='ltr' id='par_1_19' title="bbox 256 841 651 876">
     <span class='ocr_line' id='line_1_19' title="bbox 256 841 651 876; baseline 0.003 -8"><span class='ocrx_word' id='word_1_117' title='bbox 256 848 292 868; x_wconf 91' lang='lat' dir='ltr'><strong>ne</strong></span> <span class='ocrx_word' id='word_1_118' title='bbox 306 841 345 871; x_wconf 85' lang='lat' dir='ltr'><strong>sis</strong></span> <span class='ocrx_word' id='word_1_119' title='bbox 361 848 408 871; x_wconf 79' lang='lat' dir='ltr'><strong>rex</strong></span> <span class='ocrx_word' id='word_1_120' title='bbox 421 848 505 876; x_wconf 87' lang='lat' dir='ltr'><strong>super</strong></span> <span class='ocrx_word' id='word_1_121' title='bbox 524 841 620 872; x_wconf 82' lang='lat' dir='ltr'><strong>Israel.</strong></span> <span class='ocrx_word' id='word_1_122' title='bbox 642 851 651 871; x_wconf 75' lang='grc' dir='ltr'><strong>ι</strong></span> 
     </span>
    </p>
   </div>
   <div class='ocr_carea' id='block_1_20' title="bbox 289 927 1047 968">
    <p class='ocr_par' dir='ltr' id='par_1_20' title="bbox 289 927 1047 968">
     <span class='ocr_line' id='line_1_20' title="bbox 289 927 1047 968; baseline 0.009 -13"><span class='ocrx_word' id='word_1_123' title='bbox 289 927 341 955; x_wconf 85' lang='grc' dir='ltr'><strong>ΙΙΙ</strong></span> <span class='ocrx_word' id='word_1_124' title='bbox 364 928 425 965; x_wconf 81' lang='lat' dir='ltr'><strong>Reg.</strong></span> <span class='ocrx_word' id='word_1_125' title='bbox 440 937 487 963; x_wconf 83' lang='lat' dir='ltr'><strong>xx,</strong></span> <span class='ocrx_word' id='word_1_126' title='bbox 503 930 599 962; x_wconf 71' lang='lat'><strong>28-54,</strong></span> <span class='ocrx_word' id='word_1_127' title='bbox 613 930 658 957; x_wconf 67' lang='grc'><strong>42.</strong></span> <span class='ocrx_word' id='word_1_128' title='bbox 679 945 715 953; x_wconf 82' lang='lat'><strong>——</strong></span> <span class='ocrx_word' id='word_1_129' title='bbox 733 940 743 957; x_wconf 82' lang='grc'><strong>‹</strong></span> <span class='ocrx_word' id='word_1_130' title='bbox 764 931 794 959; x_wconf 85' lang='lat' dir='ltr'><strong>Et</strong></span> <span class='ocrx_word' id='word_1_131' title='bbox 808 933 929 961; x_wconf 86' lang='lat' dir='ltr'><strong>accessit</strong></span> <span class='ocrx_word' id='word_1_132' title='bbox 943 933 1047 968; x_wconf 84' lang='lat' dir='ltr'><strong>Helias,</strong></span> 
     </span>
    </p>
   </div>
   <div class='ocr_carea' id='block_1_21' title="bbox 254 973 1046 1010">
    <p class='ocr_par' dir='ltr' id='par_1_21' title="bbox 254 973 1046 1010">
     <span class='ocr_line' id='line_1_21' title="bbox 254 973 1046 1010; baseline 0.008 -10"><span class='ocrx_word' id='word_1_133' title='bbox 254 978 278 1000; x_wconf 71' lang='lat' dir='ltr'><strong>et</strong></span> <span class='ocrx_word' id='word_1_134' title='bbox 292 973 359 1000; x_wconf 80' lang='lat' dir='ltr'><strong>dixit</strong></span> <span class='ocrx_word' id='word_1_135' title='bbox 375 974 408 1001; x_wconf 89' lang='lat' dir='ltr'><strong>ad</strong></span> <span class='ocrx_word' id='word_1_136' title='bbox 424 974 535 1002; x_wconf 82' lang='lat' dir='ltr'><strong>Aebaab</strong></span> <span class='ocrx_word' id='word_1_137' title='bbox 549 975 604 1010; x_wconf 81' lang='lat' dir='ltr'><strong>regi</strong></span> <span class='ocrx_word' id='word_1_138' title='bbox 618 976 702 1004; x_wconf 85' lang='lat' dir='ltr'><strong>Israel</strong></span> <span class='ocrx_word' id='word_1_139' title='bbox 715 984 722 1004; x_wconf 91' lang='lat'><strong>:</strong></span> <span class='ocrx_word' id='word_1_140' title='bbox 735 976 798 1004; x_wconf 71' lang='lat' dir='ltr'><strong>Haec</strong></span> <span class='ocrx_word' id='word_1_141' title='bbox 812 978 880 1005; x_wconf 87' lang='lat' dir='ltr'><strong>dicit</strong></span> <span class='ocrx_word' id='word_1_142' title='bbox 895 978 1046 1008; x_wconf 86' lang='lat' dir='ltr'><strong>Dominus:</strong></span> 
     </span>
    </p>
   </div>
   <div class='ocr_carea' id='block_1_22' title="bbox 255 1019 1046 1059">
    <p class='ocr_par' dir='ltr' id='par_1_22' title="bbox 255 1019 1046 1059">
     <span class='ocr_line' id='line_1_22' title="bbox 255 1019 1046 1059; baseline 0.009 -13"><span class='ocrx_word' id='word_1_143' title='bbox 255 1019 310 1047; x_wconf 83' lang='lat' dir='ltr'><strong>Pro</strong></span> <span class='ocrx_word' id='word_1_144' title='bbox 331 1029 364 1047; x_wconf 72' lang='lat' dir='ltr'><strong>eo</strong></span> <span class='ocrx_word' id='word_1_145' title='bbox 384 1021 457 1055; x_wconf 88' lang='lat' dir='ltr'><strong>quod</strong></span> <span class='ocrx_word' id='word_1_146' title='bbox 474 1021 544 1048; x_wconf 92' lang='lat' dir='ltr'><strong>dixit</strong></span> <span class='ocrx_word' id='word_1_147' title='bbox 556 1021 646 1057; x_wconf 86' lang='lat' dir='ltr'><strong>Syria,</strong></span> <span class='ocrx_word' id='word_1_148' title='bbox 661 1023 733 1052; x_wconf 87' lang='lat' dir='ltr'><strong>Deus</strong></span> <span class='ocrx_word' id='word_1_149' title='bbox 753 1025 889 1052; x_wconf 91' lang='lat' dir='ltr'><strong>montium</strong></span> <span class='ocrx_word' id='word_1_150' title='bbox 904 1025 1046 1059; x_wconf 87' lang='lat' dir='ltr'><strong>Dominus,</strong></span> 
     </span>
    </p>
   </div>
   <div class='ocr_carea' id='block_1_23' title="bbox 257 1065 1048 1104">
    <p class='ocr_par' dir='ltr' id='par_1_23' title="bbox 257 1065 1048 1104">
     <span class='ocr_line' id='line_1_23' title="bbox 257 1065 1048 1104; baseline 0.008 -13"><span class='ocrx_word' id='word_1_151' title='bbox 257 1065 327 1092; x_wconf 86' lang='lat' dir='ltr'><strong>Deus</strong></span> <span class='ocrx_word' id='word_1_152' title='bbox 345 1065 439 1097; x_wconf 84' lang='lat' dir='ltr'><strong>Israel,</strong></span> <span class='ocrx_word' id='word_1_153' title='bbox 469 1070 496 1093; x_wconf 87' lang='lat' dir='ltr'><strong>et</strong></span> <span class='ocrx_word' id='word_1_154' title='bbox 520 1074 575 1094; x_wconf 88' lang='lat' dir='ltr'><strong>non</strong></span> <span class='ocrx_word' id='word_1_155' title='bbox 601 1067 673 1095; x_wconf 87' lang='lat' dir='ltr'><strong>Deus</strong></span> <span class='ocrx_word' id='word_1_156' title='bbox 696 1068 810 1095; x_wconf 83' lang='lat' dir='ltr'><strong>vallium</strong></span> <span class='ocrx_word' id='word_1_157' title='bbox 828 1069 908 1104; x_wconf 87' lang='lat' dir='ltr'><strong>ipse:</strong></span> <span class='ocrx_word' id='word_1_158' title='bbox 935 1073 962 1097; x_wconf 88' lang='lat' dir='ltr'><strong>et</strong></span> <span class='ocrx_word' id='word_1_159' title='bbox 976 1070 1048 1098; x_wconf 84' lang='lat' dir='ltr'><strong>dabo</strong></span> 
     </span>
    </p>
   </div>
   <div class='ocr_carea' id='block_1_24' title="bbox 255 1112 1049 1152">
    <p class='ocr_par' dir='ltr' id='par_1_24' title="bbox 255 1112 1049 1152">
     <span class='ocr_line' id='line_1_24' title="bbox 255 1112 1049 1152; baseline 0.009 -15"><span class='ocrx_word' id='word_1_160' title='bbox 255 1112 383 1138; x_wconf 83' lang='lat' dir='ltr'><strong>virtutem</strong></span> <span class='ocrx_word' id='word_1_161' title='bbox 401 1119 527 1147; x_wconf 75' lang='lat' dir='ltr'><strong>magnam</strong></span> <span class='ocrx_word' id='word_1_162' title='bbox 542 1113 613 1140; x_wconf 89' lang='lat' dir='ltr'><strong>hanc</strong></span> <span class='ocrx_word' id='word_1_163' title='bbox 626 1113 653 1140; x_wconf 91' lang='lat' dir='ltr'><strong>in</strong></span> <span class='ocrx_word' id='word_1_164' title='bbox 670 1121 782 1141; x_wconf 80' lang='lat' dir='ltr'><strong>manum</strong></span> <span class='ocrx_word' id='word_1_165' title='bbox 801 1119 886 1147; x_wconf 88' lang='lat' dir='ltr'><strong>tuam,</strong></span> <span class='ocrx_word' id='word_1_166' title='bbox 902 1120 929 1143; x_wconf 85' lang='lat' dir='ltr'><strong>et</strong></span> <span class='ocrx_word' id='word_1_167' title='bbox 946 1123 1049 1152; x_wconf 73' lang='lat' dir='ltr'><strong>cogno-</strong></span> 
     </span>
    </p>
   </div>
   <div class='ocr_carea' id='block_1_25' title="bbox 254 1156 1045 1202">
    <p class='ocr_par' dir='ltr' id='par_1_25' title="bbox 254 1156 1045 1202">
     <span class='ocr_line' id='line_1_25' title="bbox 254 1156 1045 1202; baseline 0.009 -20"><span class='ocrx_word' id='word_1_168' title='bbox 254 1163 318 1183; x_wconf 81' lang='lat' dir='ltr'><strong>sces</strong></span> <span class='ocrx_word' id='word_1_169' title='bbox 331 1157 394 1190; x_wconf 89' lang='lat' dir='ltr'><strong>quia</strong></span> <span class='ocrx_word' id='word_1_170' title='bbox 410 1164 461 1191; x_wconf 79' lang='lat' dir='ltr'><strong>ego</strong></span> <span class='ocrx_word' id='word_1_171' title='bbox 474 1156 622 1202; x_wconf 35' lang='lat' dir='ltr'><strong>Dominus.</strong></span> <span class='ocrx_word' id='word_1_172' title='bbox 633 1157 664 1186; x_wconf 90' lang='lat' dir='ltr'><strong>Et</strong></span> <span class='ocrx_word' id='word_1_173' title='bbox 678 1160 816 1193; x_wconf 82' lang='lat' dir='ltr'><strong>percussit</strong></span> <span class='ocrx_word' id='word_1_174' title='bbox 828 1160 910 1188; x_wconf 80' lang='lat' dir='ltr'><strong>Israel</strong></span> <span class='ocrx_word' id='word_1_175' title='bbox 927 1162 1045 1197; x_wconf 77' lang='lat' dir='ltr'><strong>Syriam.</strong></span> 
     </span>
    </p>
   </div>
   <div class='ocr_carea' id='block_1_26' title="bbox 253 1201 1048 1236">
    <p class='ocr_par' dir='ltr' id='par_1_26' title="bbox 253 1201 1048 1236">
     <span class='ocr_line' id='line_1_26' title="bbox 253 1201 1048 1236; baseline 0.009 -10"><span class='ocrx_word' id='word_1_176' title='bbox 253 1204 364 1227; x_wconf 89' lang='lat' dir='ltr'><strong>centum</strong></span> <span class='ocrx_word' id='word_1_177' title='bbox 380 1201 466 1229; x_wconf 84' lang='lat' dir='ltr'><strong>millia</strong></span> <span class='ocrx_word' id='word_1_178' title='bbox 493 1201 617 1236; x_wconf 86' lang='lat' dir='ltr'><strong>peditum</strong></span> <span class='ocrx_word' id='word_1_179' title='bbox 634 1210 690 1230; x_wconf 88' lang='lat' dir='ltr'><strong>una</strong></span> <span class='ocrx_word' id='word_1_180' title='bbox 707 1203 762 1231; x_wconf 92' lang='lat' dir='ltr'><strong>die.</strong></span> <span class='ocrx_word' id='word_1_181' title='bbox 786 1204 819 1231; x_wconf 89' lang='lat' dir='ltr'><strong>Et</strong></span> <span class='ocrx_word' id='word_1_182' title='bbox 837 1205 936 1232; x_wconf 85' lang='lat' dir='ltr'><strong>cecidit</strong></span> <span class='ocrx_word' id='word_1_183' title='bbox 952 1214 1048 1234; x_wconf 87' lang='lat' dir='ltr'><strong>murus</strong></span> 
     </span>
    </p>
   </div>
   <div class='ocr_carea' id='block_1_27' title="bbox 255 1246 1048 1281">
    <p class='ocr_par' dir='ltr' id='par_1_27' title="bbox 255 1246 1048 1281">
     <span class='ocr_line' id='line_1_27' title="bbox 255 1246 1048 1281; baseline 0.008 -9"><span class='ocrx_word' id='word_1_184' title='bbox 255 1253 337 1280; x_wconf 89' lang='lat' dir='ltr'><strong>super</strong></span> <span class='ocrx_word' id='word_1_185' title='bbox 353 1246 450 1281; x_wconf 76' lang='lat' dir='ltr'><strong>viginti</strong></span> <span class='ocrx_word' id='word_1_186' title='bbox 465 1251 568 1281; x_wconf 87' lang='lat' dir='ltr'><strong>septem</strong></span> <span class='ocrx_word' id='word_1_187' title='bbox 588 1249 673 1275; x_wconf 90' lang='lat' dir='ltr'><strong>millia</strong></span> <span class='ocrx_word' id='word_1_188' title='bbox 688 1249 821 1276; x_wconf 86' lang='lat' dir='ltr'><strong>virorum.</strong></span> <span class='ocrx_word' id='word_1_189' title='bbox 839 1249 872 1276; x_wconf 89' lang='lat' dir='ltr'><strong>Et</strong></span> <span class='ocrx_word' id='word_1_190' title='bbox 888 1251 960 1278; x_wconf 90' lang='lat' dir='ltr'><strong>tilins</strong></span> <span class='ocrx_word' id='word_1_191' title='bbox 975 1252 1048 1279; x_wconf 86' lang='lat' dir='ltr'><strong>Ader</strong></span> 
     </span>
    </p>
   </div>
   <div class='ocr_carea' id='block_1_28' title="bbox 255 1289 1047 1332">
    <p class='ocr_par' dir='ltr' id='par_1_28' title="bbox 255 1289 1047 1332">
     <span class='ocr_line' id='line_1_28' title="bbox 255 1289 1047 1332; baseline 0.01 -16"><span class='ocrx_word' id='word_1_192' title='bbox 255 1289 334 1324; x_wconf 79' lang='lat' dir='ltr'><strong>fugit,</strong></span> <span class='ocrx_word' id='word_1_193' title='bbox 353 1295 379 1318; x_wconf 88' lang='lat' dir='ltr'><strong>et</strong></span> <span class='ocrx_word' id='word_1_194' title='bbox 399 1291 530 1319; x_wconf 77' lang='lat' dir='ltr'><strong>dixerunt</strong></span> <span class='ocrx_word' id='word_1_195' title='bbox 545 1292 578 1319; x_wconf 91' lang='lat' dir='ltr'><strong>ad</strong></span> <span class='ocrx_word' id='word_1_196' title='bbox 597 1300 659 1320; x_wconf 92' lang='lat' dir='ltr'><strong>eum</strong></span> <span class='ocrx_word' id='word_1_197' title='bbox 675 1295 753 1327; x_wconf 88' lang='lat' dir='ltr'><strong>pueri</strong></span> <span class='ocrx_word' id='word_1_198' title='bbox 767 1295 854 1329; x_wconf 89' lang='lat' dir='ltr'><strong>ipsius</strong></span> <span class='ocrx_word' id='word_1_199' title='bbox 870 1304 877 1321; x_wconf 85' lang='lat'>:</span> <span class='ocrx_word' id='word_1_200' title='bbox 897 1295 968 1323; x_wconf 82' lang='lat' dir='ltr'><strong>Ecce</strong></span> <span class='ocrx_word' id='word_1_201' title='bbox 983 1297 1047 1332; x_wconf 88' lang='lat' dir='ltr'><strong>qui-</strong></span> 
     </span>
    </p>
   </div>
   <div class='ocr_carea' id='block_1_29' title="bbox 254 1335 1048 1373">
    <p class='ocr_par' dir='ltr' id='par_1_29' title="bbox 254 1335 1048 1373">
     <span class='ocr_line' id='line_1_29' title="bbox 254 1335 1048 1373; baseline 0.013 -13"><span class='ocrx_word' id='word_1_202' title='bbox 254 1335 315 1361; x_wconf 80' lang='lat' dir='ltr'><strong>dem</strong></span> <span class='ocrx_word' id='word_1_203' title='bbox 335 1336 462 1363; x_wconf 88' lang='lat' dir='ltr'><strong>novimus</strong></span> <span class='ocrx_word' id='word_1_204' title='bbox 478 1337 543 1371; x_wconf 85' lang='lat' dir='ltr'><strong>quia</strong></span> <span class='ocrx_word' id='word_1_205' title='bbox 556 1345 634 1373; x_wconf 71' lang='lat' dir='ltr'><strong>reges</strong></span> <span class='ocrx_word' id='word_1_206' title='bbox 651 1338 744 1371; x_wconf 89' lang='lat' dir='ltr'><strong>Israel,</strong></span> <span class='ocrx_word' id='word_1_207' title='bbox 761 1347 838 1373; x_wconf 76' lang='lat' dir='ltr'><strong>reges</strong></span> <span class='ocrx_word' id='word_1_208' title='bbox 852 1341 1048 1371; x_wconf 64' lang='lat' dir='ltr'><strong>misericordiae</strong></span> 
     </span>
    </p>
   </div>
   <div class='ocr_carea' id='block_1_30' title="bbox 254 1379 1047 1418">
    <p class='ocr_par' dir='ltr' id='par_1_30' title="bbox 254 1379 1047 1418">
     <span class='ocr_line' id='line_1_30' title="bbox 254 1379 1047 1418; baseline 0.01 -13"><span class='ocrx_word' id='word_1_209' title='bbox 254 1384 333 1418; x_wconf 62' lang='lat' dir='ltr'><strong>sunt.</strong></span> <span class='ocrx_word' id='word_1_210' title='bbox 353 1379 531 1414; x_wconf 87' lang='lat' dir='ltr'><strong>lmponamus</strong></span> <span class='ocrx_word' id='word_1_211' title='bbox 556 1389 631 1409; x_wconf 88' lang='lat' dir='ltr'><strong>nunc</strong></span> <span class='ocrx_word' id='word_1_212' title='bbox 649 1390 748 1410; x_wconf 87' lang='lat' dir='ltr'><strong>saccos</strong></span> <span class='ocrx_word' id='word_1_213' title='bbox 774 1391 858 1418; x_wconf 88' lang='lat' dir='ltr'><strong>super</strong></span> <span class='ocrx_word' id='word_1_214' title='bbox 871 1384 980 1413; x_wconf 90' lang='lat' dir='ltr'><strong>lumbos</strong></span> <span class='ocrx_word' id='word_1_215' title='bbox 996 1394 1047 1414; x_wconf 92' lang='lat' dir='ltr'><strong>no-</strong></span> 
     </span>
    </p>
   </div>
   <div class='ocr_carea' id='block_1_31' title="bbox 255 1424 1047 1462">
    <p class='ocr_par' dir='ltr' id='par_1_31' title="bbox 255 1424 1047 1462">
     <span class='ocr_line' id='line_1_31' title="bbox 255 1424 1047 1462; baseline 0.01 -12"><span class='ocrx_word' id='word_1_216' title='bbox 255 1428 341 1457; x_wconf 87' lang='lat' dir='ltr'><strong>stros,</strong></span> <span class='ocrx_word' id='word_1_217' title='bbox 356 1429 383 1451; x_wconf 81' lang='lat' dir='ltr'><strong>et</strong></span> <span class='ocrx_word' id='word_1_218' title='bbox 395 1424 533 1453; x_wconf 78' lang='lat' dir='ltr'><strong>funiculus</strong></span> <span class='ocrx_word' id='word_1_219' title='bbox 548 1433 631 1460; x_wconf 87' lang='lat' dir='ltr'><strong>super</strong></span> <span class='ocrx_word' id='word_1_220' title='bbox 643 1427 733 1461; x_wconf 83' lang='lat' dir='ltr'><strong>capita</strong></span> <span class='ocrx_word' id='word_1_221' title='bbox 750 1431 857 1462; x_wconf 88' lang='lat' dir='ltr'><strong>nostra,</strong></span> <span class='ocrx_word' id='word_1_222' title='bbox 869 1433 897 1456; x_wconf 88' lang='lat' dir='ltr'><strong>et</strong></span> <span class='ocrx_word' id='word_1_223' title='bbox 917 1437 1047 1458; x_wconf 77' lang='lat' dir='ltr'><strong>exeamus</strong></span> 
     </span>
    </p>
   </div>
   <div class='ocr_carea' id='block_1_32' title="bbox 255 1469 1047 1504">
    <p class='ocr_par' dir='ltr' id='par_1_32' title="bbox 255 1469 1047 1504">
     <span class='ocr_line' id='line_1_32' title="bbox 255 1469 1047 1504; baseline 0.01 -8"><span class='ocrx_word' id='word_1_224' title='bbox 255 1469 289 1496; x_wconf 84' lang='lat' dir='ltr'><strong>ad</strong></span> <span class='ocrx_word' id='word_1_225' title='bbox 307 1477 399 1504; x_wconf 79' lang='lat' dir='ltr'><strong>regem</strong></span> <span class='ocrx_word' id='word_1_226' title='bbox 424 1469 520 1502; x_wconf 83' lang='lat' dir='ltr'><strong>Israel,</strong></span> <span class='ocrx_word' id='word_1_227' title='bbox 538 1475 569 1497; x_wconf 91' lang='lat' dir='ltr'><strong>ut</strong></span> <span class='ocrx_word' id='word_1_228' title='bbox 591 1471 712 1499; x_wconf 82' lang='lat' dir='ltr'><strong>viviﬂcet</strong></span> <span class='ocrx_word' id='word_1_229' title='bbox 739 1473 847 1500; x_wconf 85' lang='lat' dir='ltr'><strong>animas</strong></span> <span class='ocrx_word' id='word_1_230' title='bbox 876 1479 997 1503; x_wconf 87' lang='lat' dir='ltr'><strong>nostras.</strong></span> <span class='ocrx_word' id='word_1_231' title='bbox 1014 1477 1047 1504; x_wconf 84' lang='lat' dir='ltr'><strong>Et</strong></span> 
     </span>
    </p>
   </div>
   <div class='ocr_carea' id='block_1_33' title="bbox 255 1515 1046 1552">
    <p class='ocr_par' dir='ltr' id='par_1_33' title="bbox 255 1515 1046 1552">
     <span class='ocr_line' id='line_1_33' title="bbox 255 1515 1046 1552; baseline 0.01 -11"><span class='ocrx_word' id='word_1_232' title='bbox 255 1515 378 1542; x_wconf 80' lang='lat' dir='ltr'><strong>fecerunt</strong></span> <span class='ocrx_word' id='word_1_233' title='bbox 393 1515 443 1546; x_wconf 84' lang='lat' dir='ltr'><strong>sic.</strong></span> <span class='ocrx_word' id='word_1_234' title='bbox 464 1520 490 1543; x_wconf 89' lang='lat' dir='ltr'><strong>et</strong></span> <span class='ocrx_word' id='word_1_235' title='bbox 503 1516 633 1543; x_wconf 89' lang='lat' dir='ltr'><strong>dixerunt</strong></span> <span class='ocrx_word' id='word_1_236' title='bbox 646 1518 703 1552; x_wconf 77' lang='lat' dir='ltr'><strong>regi</strong></span> <span class='ocrx_word' id='word_1_237' title='bbox 721 1517 806 1546; x_wconf 81' lang='lat' dir='ltr'><strong>Israel</strong></span> <span class='ocrx_word' id='word_1_238' title='bbox 830 1528 836 1546; x_wconf 90' lang='lat'><strong>:</strong></span> <span class='ocrx_word' id='word_1_239' title='bbox 860 1519 964 1548; x_wconf 85' lang='lat' dir='ltr'><strong>Servus</strong></span> <span class='ocrx_word' id='word_1_240' title='bbox 981 1525 1046 1550; x_wconf 91' lang='lat' dir='ltr'><strong>tuus</strong></span> 
     </span>
    </p>
   </div>
   <div class='ocr_carea' id='block_1_34' title="bbox 255 1561 1044 1594">
    <p class='ocr_par' dir='ltr' id='par_1_34' title="bbox 255 1561 1044 1594">
     <span class='ocr_line' id='line_1_34' title="bbox 255 1561 1044 1594; baseline 0.009 -7"><span class='ocrx_word' id='word_1_241' title='bbox 255 1561 328 1588; x_wconf 85' lang='lat' dir='ltr'><strong>Iilius</strong></span> <span class='ocrx_word' id='word_1_242' title='bbox 346 1562 523 1590; x_wconf 73' lang='lat' dir='ltr'><strong>Aderdicit:</strong></span> <span class='ocrx_word' id='word_1_243' title='bbox 539 1561 618 1590; x_wconf 87' lang='lat' dir='ltr'><strong>Vivet</strong></span> <span class='ocrx_word' id='word_1_244' title='bbox 639 1564 732 1591; x_wconf 89' lang='lat' dir='ltr'><strong>anima</strong></span> <span class='ocrx_word' id='word_1_245' title='bbox 753 1571 823 1593; x_wconf 87' lang='lat' dir='ltr'><strong>mea.</strong></span> <span class='ocrx_word' id='word_1_246' title='bbox 841 1565 874 1592; x_wconf 90' lang='lat' dir='ltr'><strong>Et</strong></span> <span class='ocrx_word' id='word_1_247' title='bbox 889 1567 958 1593; x_wconf 82' lang='lat' dir='ltr'><strong>dixit</strong></span> <span class='ocrx_word' id='word_1_248' title='bbox 972 1575 1017 1594; x_wconf 87' lang='lat' dir='ltr'><strong>rex</strong></span> <span class='ocrx_word' id='word_1_249' title='bbox 1037 1576 1044 1594; x_wconf 92' lang='lat'>:</span> 
     </span>
    </p>
   </div>
   <div class='ocr_carea' id='block_1_35' title="bbox 254 1605 1045 1646">
    <p class='ocr_par' dir='ltr' id='par_1_35' title="bbox 254 1605 1045 1646">
     <span class='ocr_line' id='line_1_35' title="bbox 254 1605 1045 1646; baseline 0.009 -13"><span class='ocrx_word' id='word_1_250' title='bbox 254 1606 282 1633; x_wconf 83' lang='lat' dir='ltr'><strong>Si</strong></span> <span class='ocrx_word' id='word_1_251' title='bbox 300 1605 390 1635; x_wconf 86' lang='lat' dir='ltr'><strong>adhuc</strong></span> <span class='ocrx_word' id='word_1_252' title='bbox 406 1608 493 1634; x_wconf 86' lang='lat' dir='ltr'><strong>vivit?</strong></span> <span class='ocrx_word' id='word_1_253' title='bbox 506 1608 591 1635; x_wconf 81' lang='lat' dir='ltr'><strong>frater</strong></span> <span class='ocrx_word' id='word_1_254' title='bbox 605 1616 682 1636; x_wconf 87' lang='lat' dir='ltr'><strong>meus</strong></span> <span class='ocrx_word' id='word_1_255' title='bbox 697 1615 748 1637; x_wconf 85' lang='lat' dir='ltr'><strong>est.</strong></span> <span class='ocrx_word' id='word_1_256' title='bbox 767 1609 798 1637; x_wconf 85' lang='lat' dir='ltr'><strong>Et</strong></span> <span class='ocrx_word' id='word_1_257' title='bbox 811 1618 940 1646; x_wconf 79' lang='lat' dir='ltr'><strong>egressus</strong></span> <span class='ocrx_word' id='word_1_258' title='bbox 954 1615 997 1639; x_wconf 88' lang='lat' dir='ltr'><strong>est</strong></span> <span class='ocrx_word' id='word_1_259' title='bbox 1012 1614 1045 1640; x_wconf 83' lang='lat' dir='ltr'><strong>ad</strong></span> 
     </span>
    </p>
   </div>
   <div class='ocr_carea' id='block_1_36' title="bbox 253 1651 1045 1686">
    <p class='ocr_par' dir='ltr' id='par_1_36' title="bbox 253 1651 1045 1686">
     <span class='ocr_line' id='line_1_36' title="bbox 253 1651 1045 1686; baseline 0.009 -8"><span class='ocrx_word' id='word_1_260' title='bbox 253 1659 316 1679; x_wconf 92' lang='lat' dir='ltr'><strong>eum</strong></span> <span class='ocrx_word' id='word_1_261' title='bbox 334 1651 406 1679; x_wconf 84' lang='lat' dir='ltr'><strong>ﬁlius</strong></span> <span class='ocrx_word' id='word_1_262' title='bbox 419 1653 504 1686; x_wconf 87' lang='lat' dir='ltr'><strong>Ader,</strong></span> <span class='ocrx_word' id='word_1_263' title='bbox 516 1657 543 1680; x_wconf 88' lang='lat' dir='ltr'><strong>et</strong></span> <span class='ocrx_word' id='word_1_264' title='bbox 554 1653 661 1680; x_wconf 88' lang='lat' dir='ltr'><strong>faciunt</strong></span> <span class='ocrx_word' id='word_1_265' title='bbox 674 1655 825 1683; x_wconf 85' lang='lat' dir='ltr'><strong>ascendere</strong></span> <span class='ocrx_word' id='word_1_266' title='bbox 842 1664 905 1683; x_wconf 89' lang='lat' dir='ltr'><strong>eum</strong></span> <span class='ocrx_word' id='word_1_267' title='bbox 923 1657 955 1684; x_wconf 90' lang='lat' dir='ltr'><strong>ad</strong></span> <span class='ocrx_word' id='word_1_268' title='bbox 969 1657 1045 1685; x_wconf 89' lang='lat' dir='ltr'><strong>illum</strong></span> 
     </span>
    </p>
   </div>
   <div class='ocr_carea' id='block_1_37' title="bbox 253 1698 1046 1738">
    <p class='ocr_par' dir='ltr' id='par_1_37' title="bbox 253 1698 1046 1738">
     <span class='ocr_line' id='line_1_37' title="bbox 253 1698 1046 1738; baseline 0.009 -14"><span class='ocrx_word' id='word_1_269' title='bbox 253 1705 339 1732; x_wconf 86' lang='lat' dir='ltr'><strong>super</strong></span> <span class='ocrx_word' id='word_1_270' title='bbox 359 1702 483 1726; x_wconf 83' lang='lat' dir='ltr'><strong>currum.</strong></span> <span class='ocrx_word' id='word_1_271' title='bbox 513 1698 546 1725; x_wconf 89' lang='lat' dir='ltr'><strong>Et</strong></span> <span class='ocrx_word' id='word_1_272' title='bbox 565 1699 636 1726; x_wconf 80' lang='lat' dir='ltr'><strong>dixit</strong></span> <span class='ocrx_word' id='word_1_273' title='bbox 654 1700 687 1727; x_wconf 88' lang='lat' dir='ltr'><strong>ad</strong></span> <span class='ocrx_word' id='word_1_274' title='bbox 707 1708 770 1728; x_wconf 92' lang='lat' dir='ltr'><strong>eum</strong></span> <span class='ocrx_word' id='word_1_275' title='bbox 790 1709 797 1728; x_wconf 91' lang='lat'><strong>:</strong></span> <span class='ocrx_word' id='word_1_276' title='bbox 823 1701 955 1733; x_wconf 79' lang='lat' dir='ltr'><strong>Civilatcs</strong></span> <span class='ocrx_word' id='word_1_277' title='bbox 976 1711 1046 1738; x_wconf 87' lang='lat' dir='ltr'><strong>quas</strong></span> 
     </span>
    </p>
   </div>
   <div class='ocr_carea' id='block_1_38' title="bbox 252 1743 1047 1778">
    <p class='ocr_par' dir='ltr' id='par_1_38' title="bbox 252 1743 1047 1778">
     <span class='ocr_line' id='line_1_38' title="bbox 252 1743 1047 1778; baseline 0.009 -9"><span class='ocrx_word' id='word_1_278' title='bbox 252 1743 326 1776; x_wconf 90' lang='lat' dir='ltr'><strong>cepit</strong></span> <span class='ocrx_word' id='word_1_279' title='bbox 343 1747 419 1777; x_wconf 86' lang='lat' dir='ltr'><strong>pater</strong></span> <span class='ocrx_word' id='word_1_280' title='bbox 444 1751 522 1771; x_wconf 91' lang='lat' dir='ltr'><strong>meus</strong></span> <span class='ocrx_word' id='word_1_281' title='bbox 535 1750 549 1770; x_wconf 89' lang='lat' dir='ltr'><strong>a</strong></span> <span class='ocrx_word' id='word_1_282' title='bbox 563 1748 641 1778; x_wconf 85' lang='lat' dir='ltr'><strong>patre</strong></span> <span class='ocrx_word' id='word_1_283' title='bbox 656 1749 714 1777; x_wconf 86' lang='lat' dir='ltr'><strong>tuo,</strong></span> <span class='ocrx_word' id='word_1_284' title='bbox 735 1746 847 1773; x_wconf 88' lang='lat' dir='ltr'><strong>reddam</strong></span> <span class='ocrx_word' id='word_1_285' title='bbox 865 1747 913 1774; x_wconf 87' lang='lat' dir='ltr'><strong>tibi</strong></span> <span class='ocrx_word' id='word_1_286' title='bbox 931 1756 938 1774; x_wconf 92' lang='lat'><strong>:</strong></span> <span class='ocrx_word' id='word_1_287' title='bbox 957 1752 984 1776; x_wconf 88' lang='lat' dir='ltr'><strong>et</strong></span> <span class='ocrx_word' id='word_1_288' title='bbox 997 1756 1047 1776; x_wconf 88' lang='lat' dir='ltr'><strong>ex-</strong></span> 
     </span>
    </p>
   </div>
   <div class='ocr_carea' id='block_1_39' title="bbox 252 1787 1045 1827">
    <p class='ocr_par' dir='ltr' id='par_1_39' title="bbox 252 1787 1045 1827">
     <span class='ocr_line' id='line_1_39' title="bbox 252 1787 1045 1827; baseline 0.009 -13"><span class='ocrx_word' id='word_1_289' title='bbox 252 1787 310 1815; x_wconf 83' lang='lat' dir='ltr'><strong>itus</strong></span> <span class='ocrx_word' id='word_1_290' title='bbox 323 1795 410 1822; x_wconf 85' lang='lat' dir='ltr'><strong>pones</strong></span> <span class='ocrx_word' id='word_1_291' title='bbox 428 1789 476 1816; x_wconf 88' lang='lat' dir='ltr'><strong>tibi</strong></span> <span class='ocrx_word' id='word_1_292' title='bbox 493 1789 520 1816; x_wconf 92' lang='lat' dir='ltr'><strong>in</strong></span> <span class='ocrx_word' id='word_1_293' title='bbox 529 1788 757 1821; x_wconf 84' lang='lat' dir='ltr'><strong>Damasco,sicut</strong></span> <span class='ocrx_word' id='word_1_294' title='bbox 772 1793 864 1826; x_wconf 85' lang='lat' dir='ltr'><strong>posuit</strong></span> <span class='ocrx_word' id='word_1_295' title='bbox 877 1797 954 1827; x_wconf 89' lang='lat' dir='ltr'><strong>pater</strong></span> <span class='ocrx_word' id='word_1_296' title='bbox 968 1802 1045 1822; x_wconf 88' lang='lat' dir='ltr'><strong>meus</strong></span> 
     </span>
    </p>
   </div>
   <div class='ocr_carea' id='block_1_40' title="bbox 255 1832 1046 1869">
    <p class='ocr_par' dir='ltr' id='par_1_40' title="bbox 255 1832 1046 1869">
     <span class='ocr_line' id='line_1_40' title="bbox 255 1832 1046 1869; baseline 0.008 -10"><span class='ocrx_word' id='word_1_297' title='bbox 255 1833 282 1859; x_wconf 88' lang='lat' dir='ltr'><strong>in</strong></span> <span class='ocrx_word' id='word_1_298' title='bbox 297 1832 432 1860; x_wconf 88' lang='lat' dir='ltr'><strong>Samaria.</strong></span> <span class='ocrx_word' id='word_1_299' title='bbox 445 1833 478 1860; x_wconf 89' lang='lat' dir='ltr'><strong>Et</strong></span> <span class='ocrx_word' id='word_1_300' title='bbox 490 1833 628 1868; x_wconf 87' lang='lat' dir='ltr'><strong>disposuit</strong></span> <span class='ocrx_word' id='word_1_301' title='bbox 639 1834 664 1862; x_wconf 88' lang='lat' dir='ltr'><strong>ei</strong></span> <span class='ocrx_word' id='word_1_302' title='bbox 678 1838 886 1869; x_wconf 88' lang='lat' dir='ltr'><strong>testamentum,</strong></span> <span class='ocrx_word' id='word_1_303' title='bbox 899 1841 926 1864; x_wconf 92' lang='lat' dir='ltr'><strong>et</strong></span> <span class='ocrx_word' id='word_1_304' title='bbox 940 1837 1046 1866; x_wconf 88' lang='lat' dir='ltr'><strong>dimisit</strong></span> 
     </span>
    </p>
   </div>
   <div class='ocr_carea' id='block_1_41' title="bbox 252 1878 1047 1913">
    <p class='ocr_par' dir='ltr' id='par_1_41' title="bbox 252 1878 1047 1913">
     <span class='ocr_line' id='line_1_41' title="bbox 252 1878 1047 1913; baseline 0.008 -8"><span class='ocrx_word' id='word_1_305' title='bbox 252 1885 327 1906; x_wconf 90' lang='lat' dir='ltr'><strong>eum.</strong></span> <span class='ocrx_word' id='word_1_306' title='bbox 348 1887 358 1905; x_wconf 75' lang='grc' dir='ltr'><strong>ι</strong></span> <span class='ocrx_word' id='word_1_307' title='bbox 374 1878 410 1905; x_wconf 80' lang='lat' dir='ltr'><strong>Et</strong></span> <span class='ocrx_word' id='word_1_308' title='bbox 431 1880 522 1913; x_wconf 71' lang='lat' dir='ltr'><strong>pauci:</strong></span> <span class='ocrx_word' id='word_1_309' title='bbox 544 1880 700 1913; x_wconf 69' lang='lat' dir='ltr'><strong>interiectis.</strong></span> <span class='ocrx_word' id='word_1_310' title='bbox 719 1889 728 1906; x_wconf 76' lang='grc' dir='ltr'><strong>ι</strong></span> <span class='ocrx_word' id='word_1_311' title='bbox 745 1881 818 1908; x_wconf 89' lang='lat' dir='ltr'><strong>Dixit</strong></span> <span class='ocrx_word' id='word_1_312' title='bbox 831 1881 865 1909; x_wconf 89' lang='lat' dir='ltr'><strong>ad</strong></span> <span class='ocrx_word' id='word_1_313' title='bbox 879 1890 941 1910; x_wconf 89' lang='lat' dir='ltr'><strong>eum</strong></span> <span class='ocrx_word' id='word_1_314' title='bbox 964 1884 1047 1911; x_wconf 86' lang='lat' dir='ltr'><strong>homo</strong></span> 
     </span>
    </p>
   </div>
   <div class='ocr_carea' id='block_1_42' title="bbox 253 1923 1046 1962">
    <p class='ocr_par' dir='ltr' id='par_1_42' title="bbox 253 1923 1046 1962">
     <span class='ocr_line' id='line_1_42' title="bbox 253 1923 1046 1962; baseline 0.008 -12"><span class='ocrx_word' id='word_1_315' title='bbox 253 1923 301 1951; x_wconf 86' lang='lat' dir='ltr'><strong>Dei</strong></span> <span class='ocrx_word' id='word_1_316' title='bbox 320 1932 327 1950; x_wconf 92' lang='lat'>:</span> <span class='ocrx_word' id='word_1_317' title='bbox 344 1923 410 1951; x_wconf 54' lang='lat' dir='ltr'><strong>Haec</strong></span> <span class='ocrx_word' id='word_1_318' title='bbox 423 1924 490 1952; x_wconf 88' lang='lat' dir='ltr'><strong>dicit</strong></span> <span class='ocrx_word' id='word_1_319' title='bbox 507 1924 641 1953; x_wconf 87' lang='lat' dir='ltr'><strong>Dominus</strong></span> <span class='ocrx_word' id='word_1_320' title='bbox 657 1934 664 1952; x_wconf 88' lang='lat'><strong>:</strong></span> <span class='ocrx_word' id='word_1_321' title='bbox 687 1925 839 1962; x_wconf 84' lang='lat' dir='ltr'><strong>Propterea</strong></span> <span class='ocrx_word' id='word_1_322' title='bbox 859 1928 933 1962; x_wconf 88' lang='lat' dir='ltr'><strong>quod</strong></span> <span class='ocrx_word' id='word_1_323' title='bbox 950 1929 1046 1956; x_wconf 86' lang='lat' dir='ltr'><strong>emisi-</strong></span> 
     </span>
    </p>
   </div>
   <div class='ocr_carea' id='block_1_43' title="bbox 253 1969 1046 2007">
    <p class='ocr_par' dir='ltr' id='par_1_43' title="bbox 253 1969 1046 2007">
     <span class='ocr_line' id='line_1_43' title="bbox 253 1969 1046 2007; baseline 0.008 -11"><span class='ocrx_word' id='word_1_324' title='bbox 253 1969 292 1996; x_wconf 87' lang='lat' dir='ltr'><strong>sti</strong></span> <span class='ocrx_word' id='word_1_325' title='bbox 310 1972 339 1996; x_wconf 92' lang='lat' dir='ltr'><strong>tu</strong></span> <span class='ocrx_word' id='word_1_326' title='bbox 359 1969 449 1996; x_wconf 88' lang='lat' dir='ltr'><strong>virum</strong></span> <span class='ocrx_word' id='word_1_327' title='bbox 475 1970 664 2004; x_wconf 88' lang='lat' dir='ltr'><strong>perniciosum</strong></span> <span class='ocrx_word' id='word_1_328' title='bbox 685 1970 720 1998; x_wconf 87' lang='lat' dir='ltr'><strong>de</strong></span> <span class='ocrx_word' id='word_1_329' title='bbox 737 1979 820 2000; x_wconf 91' lang='lat' dir='ltr'><strong>manu</strong></span> <span class='ocrx_word' id='word_1_330' title='bbox 848 1976 912 2007; x_wconf 89' lang='lat' dir='ltr'><strong>tua;</strong></span> <span class='ocrx_word' id='word_1_331' title='bbox 939 1978 965 2001; x_wconf 87' lang='lat' dir='ltr'><strong>et</strong></span> <span class='ocrx_word' id='word_1_332' title='bbox 993 1975 1046 2002; x_wconf 86' lang='lat' dir='ltr'><strong>erit</strong></span> 
     </span>
    </p>
   </div>
   <div class='ocr_carea' id='block_1_44' title="bbox 253 2014 1046 2056">
    <p class='ocr_par' dir='ltr' id='par_1_44' title="bbox 253 2014 1046 2056">
     <span class='ocr_line' id='line_1_44' title="bbox 253 2014 1046 2056; baseline 0.01 -16"><span class='ocrx_word' id='word_1_333' title='bbox 253 2014 345 2041; x_wconf 86' lang='lat' dir='ltr'><strong>anima</strong></span> <span class='ocrx_word' id='word_1_334' title='bbox 362 2017 409 2042; x_wconf 86' lang='lat' dir='ltr'><strong>tua</strong></span> <span class='ocrx_word' id='word_1_335' title='bbox 422 2022 472 2050; x_wconf 91' lang='lat' dir='ltr'><strong>pro</strong></span> <span class='ocrx_word' id='word_1_336' title='bbox 486 2016 578 2044; x_wconf 84' lang='lat' dir='ltr'><strong>anima</strong></span> <span class='ocrx_word' id='word_1_337' title='bbox 595 2016 668 2052; x_wconf 74' lang='lat' dir='ltr'><strong>eius,</strong></span> <span class='ocrx_word' id='word_1_338' title='bbox 679 2022 706 2044; x_wconf 88' lang='lat' dir='ltr'><strong>et</strong></span> <span class='ocrx_word' id='word_1_339' title='bbox 719 2019 839 2053; x_wconf 79' lang='lat' dir='ltr'><strong>populus</strong></span> <span class='ocrx_word' id='word_1_340' title='bbox 852 2023 916 2049; x_wconf 87' lang='lat' dir='ltr'><strong>tuus</strong></span> <span class='ocrx_word' id='word_1_341' title='bbox 931 2027 982 2055; x_wconf 89' lang='lat' dir='ltr'><strong>pro</strong></span> <span class='ocrx_word' id='word_1_342' title='bbox 997 2028 1046 2056; x_wconf 87' lang='lat' dir='ltr'><strong>po-</strong></span> 
     </span>
    </p>
   </div>
   <div class='ocr_carea' id='block_1_45' title="bbox 252 2059 440 2094">
    <p class='ocr_par' dir='ltr' id='par_1_45' title="bbox 252 2059 440 2094">
     <span class='ocr_line' id='line_1_45' title="bbox 252 2059 440 2094; baseline 0.005 -8"><span class='ocrx_word' id='word_1_343' title='bbox 252 2059 319 2094; x_wconf 88' lang='lat' dir='ltr'><strong>pqu</strong></span> <span class='ocrx_word' id='word_1_344' title='bbox 337 2059 410 2094; x_wconf 86' lang='lat' dir='ltr'><strong>ejus.</strong></span> <span class='ocrx_word' id='word_1_345' title='bbox 429 2069 440 2087; x_wconf 70' lang='grc' dir='ltr'><strong>ι</strong></span> 
     </span>
    </p>
   </div>
   <div class='ocr_carea' id='block_1_46' title="bbox 288 2146 1047 2181">
    <p class='ocr_par' dir='ltr' id='par_1_46' title="bbox 288 2146 1047 2181">
     <span class='ocr_line' id='line_1_46' title="bbox 288 2146 1047 2181; baseline 0.009 -8"><span class='ocrx_word' id='word_1_346' title='bbox 288 2146 408 2181; x_wconf 75' lang='grc' dir='ltr'><strong>δορΙιοη.</strong></span> <span class='ocrx_word' id='word_1_347' title='bbox 429 2155 448 2179; x_wconf 89' lang='grc' dir='ltr'>ι.</span> <span class='ocrx_word' id='word_1_348' title='bbox 466 2146 511 2178; x_wconf 73' lang='grc'><strong>12.</strong></span> <span class='ocrx_word' id='word_1_349' title='bbox 526 2163 561 2169; x_wconf 93' lang='grc'><strong><em>-</em></strong></span> <span class='ocrx_word' id='word_1_350' title='bbox 573 2157 583 2175; x_wconf 78' lang='grc' dir='ltr'><strong>ι</strong></span> <span class='ocrx_word' id='word_1_351' title='bbox 598 2149 750 2178; x_wconf 87' lang='lat' dir='ltr'><strong>Scrutabor</strong></span> <span class='ocrx_word' id='word_1_352' title='bbox 759 2151 913 2179; x_wconf 83' lang='lat' dir='ltr'><strong>Jerusalem</strong></span> <span class='ocrx_word' id='word_1_353' title='bbox 926 2160 988 2180; x_wconf 88' lang='lat' dir='ltr'><strong>cum</strong></span> <span class='ocrx_word' id='word_1_354' title='bbox 1003 2153 1047 2180; x_wconf 90' lang='lat' dir='ltr'><strong>Iu-</strong></span> 
     </span>
    </p>
   </div>
   <div class='ocr_carea' id='block_1_47' title="bbox 253 2192 1083 2244">
    <p class='ocr_par' dir='ltr' id='par_1_47' title="bbox 253 2192 1083 2244">
     <span class='ocr_line' id='line_1_47' title="bbox 253 2192 1083 2244; baseline 0.011 -27"><span class='ocrx_word' id='word_1_355' title='bbox 253 2199 347 2224; x_wconf 84' lang='lat' dir='ltr'><strong>cerna.</strong></span> <span class='ocrx_word' id='word_1_356' title='bbox 365 2197 390 2219; x_wconf 87' lang='lat' dir='ltr'><strong>et</strong></span> <span class='ocrx_word' id='word_1_357' title='bbox 407 2192 528 2222; x_wconf 88' lang='lat' dir='ltr'><strong>ulciscar</strong></span> <span class='ocrx_word' id='word_1_358' title='bbox 541 2202 625 2235; x_wconf 76' lang='lat' dir='ltr'><strong>super</strong></span> <span class='ocrx_word' id='word_1_359' title='bbox 648 2196 720 2223; x_wconf 83' lang='lat' dir='ltr'><strong>viros</strong></span> <span class='ocrx_word' id='word_1_360' title='bbox 739 2198 786 2231; x_wconf 88' lang='lat' dir='ltr'><strong>qui</strong></span> <span class='ocrx_word' id='word_1_361' title='bbox 799 2201 980 2225; x_wconf 86' lang='lat' dir='ltr'><strong>contemnunt</strong></span> <span class='ocrx_word' id='word_1_362' title='bbox 995 2206 1044 2226; x_wconf 89' lang='lat' dir='ltr'><strong>cu-</strong></span> <span class='ocrx_word' id='word_1_363' title='bbox 1061 2215 1083 2244; x_wconf 71' lang='grc' dir='ltr'>ο</span> 
     </span>
    </p>
   </div>
   <div class='ocr_carea' id='block_1_48' title="bbox 240 2237 484 2266">
    <p class='ocr_par' dir='ltr' id='par_1_48' title="bbox 240 2237 484 2266">
     <span class='ocr_line' id='line_1_48' title="bbox 240 2237 484 2266; baseline 0.012 -4"><span class='ocrx_word' id='word_1_364' title='bbox 240 2237 361 2266; x_wconf 63' lang='lat' dir='ltr'><strong>.stodias</strong></span> <span class='ocrx_word' id='word_1_365' title='bbox 376 2245 453 2265; x_wconf 87' lang='lat' dir='ltr'><strong>suas.</strong></span> <span class='ocrx_word' id='word_1_366' title='bbox 474 2248 484 2265; x_wconf 77' lang='grc' dir='ltr'><strong>ι</strong></span> 
     </span>
    </p>
   </div>
   <div class='ocr_carea' id='block_1_49' title="bbox 286 2281 1045 2325">
    <p class='ocr_par' dir='ltr' id='par_1_49' title="bbox 286 2281 1045 2325">
     <span class='ocr_line' id='line_1_49' title="bbox 286 2281 1045 2325; baseline 0.013 -17"><span class='ocrx_word' id='word_1_367' title='bbox 286 2281 384 2309; x_wconf 81' lang='lat' dir='ltr'><strong>.Ierem.</strong></span> <span class='ocrx_word' id='word_1_368' title='bbox 403 2291 430 2316; x_wconf 84' lang='lat' dir='ltr'><strong>L,</strong></span> <span class='ocrx_word' id='word_1_369' title='bbox 441 2283 486 2317; x_wconf 69' lang='lat'><strong>26,</strong></span> <span class='ocrx_word' id='word_1_370' title='bbox 501 2284 548 2316; x_wconf 69' lang='lat'><strong>27,</strong></span> <span class='ocrx_word' id='word_1_371' title='bbox 564 2293 615 2312; x_wconf 66' lang='lat' dir='ltr'><strong>nec.</strong></span> <span class='ocrx_word' id='word_1_372' title='bbox 630 2285 712 2321; x_wconf 65' lang='lat' dir='ltr'><strong>LXX.</strong></span> <span class='ocrx_word' id='word_1_373' title='bbox 728 2301 764 2306; x_wconf 88' lang='lat'><strong>—</strong></span> <span class='ocrx_word' id='word_1_374' title='bbox 780 2295 790 2312; x_wconf 86' lang='grc'><em>‹</em></span> <span class='ocrx_word' id='word_1_375' title='bbox 809 2286 919 2322; x_wconf 79' lang='lat' dir='ltr'><strong>Aperite</strong></span> <span class='ocrx_word' id='word_1_376' title='bbox 932 2290 1045 2325; x_wconf 88' lang='lat' dir='ltr'><strong>apothe-</strong></span> 
     </span>
    </p>
   </div>
   <div class='ocr_carea' id='block_1_50' title="bbox 253 2327 1045 2369">
    <p class='ocr_par' dir='ltr' id='par_1_50' title="bbox 253 2327 1045 2369">
     <span class='ocr_line' id='line_1_50' title="bbox 253 2327 1045 2369; baseline 0.01 -14"><span class='ocrx_word' id='word_1_377' title='bbox 253 2335 301 2355; x_wconf 73' lang='lat' dir='ltr'><strong>cas</strong></span> <span class='ocrx_word' id='word_1_378' title='bbox 312 2327 383 2363; x_wconf 84' lang='lat' dir='ltr'><strong>ejus.</strong></span> <span class='ocrx_word' id='word_1_379' title='bbox 406 2329 577 2358; x_wconf 89' lang='lat' dir='ltr'><strong>Scrutamini</strong></span> <span class='ocrx_word' id='word_1_380' title='bbox 595 2338 654 2358; x_wconf 85' lang='lat' dir='ltr'><strong>eam</strong></span> <span class='ocrx_word' id='word_1_381' title='bbox 668 2332 743 2359; x_wconf 85' lang='lat' dir='ltr'><strong>velut</strong></span> <span class='ocrx_word' id='word_1_382' title='bbox 755 2333 916 2367; x_wconf 82' lang='lat' dir='ltr'><strong>speluncam</strong></span> <span class='ocrx_word' id='word_1_383' title='bbox 927 2355 935 2369; x_wconf 84' lang='lat'><strong>,</strong></span> <span class='ocrx_word' id='word_1_384' title='bbox 954 2340 981 2363; x_wconf 94' lang='lat' dir='ltr'><strong>et</strong></span> <span class='ocrx_word' id='word_1_385' title='bbox 996 2343 1045 2363; x_wconf 82' lang='lat' dir='ltr'><strong>ex-</strong></span> 
     </span>
    </p>
   </div>
   <div class='ocr_carea' id='block_1_51' title="bbox 254 2375 973 2411">
    <p class='ocr_par' dir='ltr' id='par_1_51' title="bbox 254 2375 973 2411">
     <span class='ocr_line' id='line_1_51' title="bbox 254 2375 973 2411; baseline 0.011 -11"><span class='ocrx_word' id='word_1_386' title='bbox 254 2375 402 2403; x_wconf 84' lang='lat' dir='ltr'><strong>terminate</strong></span> <span class='ocrx_word' id='word_1_387' title='bbox 419 2383 491 2409; x_wconf 84' lang='lat' dir='ltr'><strong>eam,</strong></span> <span class='ocrx_word' id='word_1_388' title='bbox 509 2383 539 2403; x_wconf 88' lang='lat' dir='ltr'><strong>ut</strong></span> <span class='ocrx_word' id='word_1_389' title='bbox 557 2383 606 2404; x_wconf 85' lang='lat' dir='ltr'><strong>nec</strong></span> <span class='ocrx_word' id='word_1_390' title='bbox 623 2376 676 2411; x_wconf 87' lang='lat' dir='ltr'><strong>ipsi</strong></span> <span class='ocrx_word' id='word_1_391' title='bbox 694 2378 731 2405; x_wconf 90' lang='lat' dir='ltr'><strong>sit</strong></span> <span class='ocrx_word' id='word_1_392' title='bbox 749 2378 945 2408; x_wconf 87' lang='lat' dir='ltr'><strong>diversorium.</strong></span> <span class='ocrx_word' id='word_1_393' title='bbox 963 2391 973 2407; x_wconf 78' lang='grc' dir='ltr'><strong>ι</strong></span> 
     </span>
    </p>
   </div>
   <div class='ocr_carea' id='block_1_52' title="bbox 288 2418 1045 2457">
    <p class='ocr_par' dir='ltr' id='par_1_52' title="bbox 288 2418 1045 2457">
     <span class='ocr_line' id='line_1_52' title="bbox 288 2418 1045 2457; baseline 0.012 -12"><span class='ocrx_word' id='word_1_394' title='bbox 288 2418 388 2447; x_wconf 87' lang='lat' dir='ltr'><strong>Jerem.</strong></span> <span class='ocrx_word' id='word_1_395' title='bbox 404 2427 473 2451; x_wconf 81' lang='lat' dir='ltr'><strong>xx&quot;.</strong></span> <span class='ocrx_word' id='word_1_396' title='bbox 492 2419 536 2447; x_wconf 81' lang='lat'><strong>&#39;50.</strong></span> <span class='ocrx_word' id='word_1_397' title='bbox 552 2435 588 2444; x_wconf 74' lang='grc' dir='ltr'>ι-</span> <span class='ocrx_word' id='word_1_398' title='bbox 607 2430 616 2446; x_wconf 83' lang='grc'><strong>(</strong></span> <span class='ocrx_word' id='word_1_399' title='bbox 631 2420 728 2455; x_wconf 87' lang='lat' dir='ltr'><strong>Terra,</strong></span> <span class='ocrx_word' id='word_1_400' title='bbox 745 2426 819 2451; x_wconf 87' lang='lat' dir='ltr'><strong>terra</strong></span> <span class='ocrx_word' id='word_1_401' title='bbox 833 2445 841 2457; x_wconf 89' lang='lat'><strong>,</strong></span> <span class='ocrx_word' id='word_1_402' title='bbox 863 2426 925 2452; x_wconf 87' lang='lat' dir='ltr'><strong>audi</strong></span> <span class='ocrx_word' id='word_1_403' title='bbox 940 2434 1045 2454; x_wconf 85' lang='lat' dir='ltr'><strong>sermo-</strong></span> 
     </span>
    </p>
   </div>
   <div class='ocr_carea' id='block_1_53' title="bbox 253 2464 1045 2503">
    <p class='ocr_par' dir='ltr' id='par_1_53' title="bbox 253 2464 1045 2503">
     <span class='ocr_line' id='line_1_53' title="bbox 253 2464 1045 2503; baseline 0.01 -11"><span class='ocrx_word' id='word_1_404' title='bbox 253 2472 316 2496; x_wconf 79' lang='lat' dir='ltr'><strong>nem</strong></span> <span class='ocrx_word' id='word_1_405' title='bbox 335 2465 454 2496; x_wconf 85' lang='lat' dir='ltr'><strong>Domini.</strong></span> <span class='ocrx_word' id='word_1_406' title='bbox 476 2465 574 2494; x_wconf 88' lang='lat' dir='ltr'><strong>Scribe</strong></span> <span class='ocrx_word' id='word_1_407' title='bbox 591 2467 680 2494; x_wconf 87' lang='lat' dir='ltr'><strong>virum</strong></span> <span class='ocrx_word' id='word_1_408' title='bbox 698 2469 793 2503; x_wconf 84' lang='lat' dir='ltr'><strong>istum,</strong></span> <span class='ocrx_word' id='word_1_409' title='bbox 818 2464 973 2500; x_wconf 86' lang='lat' dir='ltr'><strong>abdicatum</strong></span> <span class='ocrx_word' id='word_1_410' title='bbox 994 2473 1045 2500; x_wconf 84' lang='lat' dir='ltr'><strong>llo-</strong></span> 
     </span>
    </p>
   </div>
   <div class='ocr_carea' id='block_1_54' title="bbox 253 2511 1045 2552">
    <p class='ocr_par' dir='ltr' id='par_1_54' title="bbox 253 2511 1045 2552">
     <span class='ocr_line' id='line_1_54' title="bbox 253 2511 1045 2552; baseline 0.011 -14"><span class='ocrx_word' id='word_1_411' title='bbox 253 2511 376 2539; x_wconf 89' lang='lat' dir='ltr'><strong>miuibus</strong></span> <span class='ocrx_word' id='word_1_412' title='bbox 391 2519 397 2537; x_wconf 88' lang='lat'>:</span> <span class='ocrx_word' id='word_1_413' title='bbox 417 2512 481 2547; x_wconf 91' lang='lat' dir='ltr'><strong>quia</strong></span> <span class='ocrx_word' id='word_1_414' title='bbox 496 2520 551 2540; x_wconf 91' lang='lat' dir='ltr'><strong>non</strong></span> <span class='ocrx_word' id='word_1_415' title='bbox 569 2518 676 2542; x_wconf 86' lang='lat' dir='ltr'><strong>crescet</strong></span> <span class='ocrx_word' id='word_1_416' title='bbox 691 2514 725 2542; x_wconf 89' lang='lat' dir='ltr'><strong>de</strong></span> <span class='ocrx_word' id='word_1_417' title='bbox 745 2516 850 2544; x_wconf 87' lang='lat' dir='ltr'><strong>semine</strong></span> <span class='ocrx_word' id='word_1_418' title='bbox 866 2517 926 2552; x_wconf 76' lang='lat' dir='ltr'><strong>ejus</strong></span> <span class='ocrx_word' id='word_1_419' title='bbox 944 2519 986 2545; x_wconf 85' lang='lat' dir='ltr'><strong>vir</strong></span> <span class='ocrx_word' id='word_1_420' title='bbox 1003 2526 1045 2547; x_wconf 85' lang='lat' dir='ltr'><strong>sc-</strong></span> 
     </span>
    </p>
   </div>
   <div class='ocr_carea' id='block_1_55' title="bbox 253 2556 980 2597">
    <p class='ocr_par' dir='ltr' id='par_1_55' title="bbox 253 2556 980 2597">
     <span class='ocr_line' id='line_1_55' title="bbox 253 2556 980 2597; baseline 0.011 -15"><span class='ocrx_word' id='word_1_421' title='bbox 253 2556 322 2584; x_wconf 69' lang='lat' dir='ltr'><strong>IICDS</strong></span> <span class='ocrx_word' id='word_1_422' title='bbox 338 2565 422 2593; x_wconf 85' lang='lat' dir='ltr'><strong>super</strong></span> <span class='ocrx_word' id='word_1_423' title='bbox 436 2558 568 2586; x_wconf 87' lang='lat' dir='ltr'><strong>thronum</strong></span> <span class='ocrx_word' id='word_1_424' title='bbox 584 2559 671 2587; x_wconf 84' lang='lat' dir='ltr'><strong>David</strong></span> <span class='ocrx_word' id='word_1_425' title='bbox 687 2561 814 2597; x_wconf 78' lang='lat' dir='ltr'><strong>princeps</strong></span> <span class='ocrx_word' id='word_1_426' title='bbox 832 2562 859 2589; x_wconf 94' lang='lat' dir='ltr'><strong>in</strong></span> <span class='ocrx_word' id='word_1_427' title='bbox 872 2562 954 2590; x_wconf 76' lang='lat' dir='ltr'><strong>Iuda.</strong></span> <span class='ocrx_word' id='word_1_428' title='bbox 970 2574 980 2590; x_wconf 75' lang='grc' dir='ltr'><strong>ι</strong></span> 
     </span>
    </p>
   </div>
   <div class='ocr_carea' id='block_1_56' title="bbox 290 2601 1044 2639">
    <p class='ocr_par' dir='ltr' id='par_1_56' title="bbox 290 2601 1044 2639">
     <span class='ocr_line' id='line_1_56' title="bbox 290 2601 1044 2639; baseline 0.012 -11"><span class='ocrx_word' id='word_1_429' title='bbox 290 2602 376 2630; x_wconf 60' lang='grc' dir='ltr'>ιέιιεὶι.</span> <span class='ocrx_word' id='word_1_430' title='bbox 391 2601 482 2631; x_wconf 72' lang='lat' dir='ltr'><strong>Const.</strong></span> <span class='ocrx_word' id='word_1_431' title='bbox 509 2612 570 2632; x_wconf 74' lang='lat' dir='ltr'><strong>can.</strong></span> <span class='ocrx_word' id='word_1_432' title='bbox 586 2609 682 2639; x_wconf 75' lang='lat' dir='ltr'><strong>qumt.</strong></span> <span class='ocrx_word' id='word_1_433' title='bbox 698 2605 743 2633; x_wconf 72' lang='lat'><strong>98.</strong></span> <span class='ocrx_word' id='word_1_434' title='bbox 758 2621 792 2626; x_wconf 93' lang='lat'><strong>—</strong></span> <span class='ocrx_word' id='word_1_435' title='bbox 809 2606 878 2634; x_wconf 86' lang='lat' dir='ltr'><strong>Dum</strong></span> <span class='ocrx_word' id='word_1_436' title='bbox 902 2616 948 2636; x_wconf 89' lang='lat' dir='ltr'><strong>res</strong></span> <span class='ocrx_word' id='word_1_437' title='bbox 964 2609 1044 2637; x_wconf 86' lang='lat' dir='ltr'><strong>nobis</strong></span> 
     </span>
    </p>
   </div>
   <div class='ocr_carea' id='block_1_57' title="bbox 254 2649 1044 2684">
    <p class='ocr_par' dir='ltr' id='par_1_57' title="bbox 254 2649 1044 2684">
     <span class='ocr_line' id='line_1_57' title="bbox 254 2649 1044 2684; baseline 0.01 -10"><span class='ocrx_word' id='word_1_438' title='bbox 254 2652 296 2676; x_wconf 75' lang='lat' dir='ltr'><strong>est</strong></span> <span class='ocrx_word' id='word_1_439' title='bbox 311 2655 372 2674; x_wconf 63' lang='lat' dir='ltr'><strong>cum</strong></span> <span class='ocrx_word' id='word_1_440' title='bbox 392 2649 426 2675; x_wconf 79' lang='lat' dir='ltr'><strong>iis</strong></span> <span class='ocrx_word' id='word_1_441' title='bbox 439 2649 486 2684; x_wconf 92' lang='lat' dir='ltr'><strong>qui</strong></span> <span class='ocrx_word' id='word_1_442' title='bbox 503 2649 635 2678; x_wconf 83' lang='lat' dir='ltr'><strong>infestum</strong></span> <span class='ocrx_word' id='word_1_443' title='bbox 647 2650 781 2680; x_wconf 83' lang='lat' dir='ltr'><strong>adversus</strong></span> <span class='ocrx_word' id='word_1_444' title='bbox 795 2653 937 2680; x_wconf 86' lang='lat' dir='ltr'><strong>veritatem</strong></span> <span class='ocrx_word' id='word_1_445' title='bbox 951 2654 1044 2682; x_wconf 87' lang='lat' dir='ltr'><strong>odium</strong></span> 
     </span>
    </p>
   </div>
   <div class='ocr_carea' id='block_1_58' title="bbox 257 2695 1044 2736">
    <p class='ocr_par' dir='ltr' id='par_1_58' title="bbox 257 2695 1044 2736">
     <span class='ocr_line' id='line_1_58' title="bbox 257 2695 1044 2736; baseline 0.011 -17"><span class='ocrx_word' id='word_1_446' title='bbox 257 2698 365 2727; x_wconf 60' lang='lat' dir='ltr'><strong>gerunt,</strong></span> <span class='ocrx_word' id='word_1_447' title='bbox 382 2699 409 2721; x_wconf 86' lang='lat' dir='ltr'><strong>et</strong></span> <span class='ocrx_word' id='word_1_448' title='bbox 430 2695 474 2721; x_wconf 53' lang='lat' dir='ltr'><strong>Uti</strong></span> <span class='ocrx_word' id='word_1_449' title='bbox 494 2695 630 2724; x_wconf 86' lang='lat' dir='ltr'><strong>mandatis</strong></span> <span class='ocrx_word' id='word_1_450' title='bbox 644 2697 838 2730; x_wconf 85' lang='lat' dir='ltr'><strong>adversantur,</strong></span> <span class='ocrx_word' id='word_1_451' title='bbox 852 2703 910 2726; x_wconf 93' lang='lat' dir='ltr'><strong>tum</strong></span> <span class='ocrx_word' id='word_1_452' title='bbox 928 2701 1044 2736; x_wconf 85' lang='lat' dir='ltr'><strong>obsequi</strong></span> 
     </span>
    </p>
   </div>
   <div class='ocr_carea' id='block_1_59' title="bbox 214 2741 1044 2778">
    <p class='ocr_par' dir='ltr' id='par_1_59' title="bbox 214 2741 1044 2778">
     <span class='ocr_line' id='line_1_59' title="bbox 214 2741 1044 2778; baseline 0.012 -14"><span class='ocrx_word' id='word_1_453' title='bbox 214 2751 216 2753; x_wconf 53' lang='grc' dir='ltr'><strong>λ</strong></span> <span class='ocrx_word' id='word_1_454' title='bbox 259 2747 399 2766; x_wconf 63' lang='grc' dir='ltr'><strong>ν;ι·ς‹ξ›ςι·ιῐι</strong></span> <span class='ocrx_word' id='word_1_455' title='bbox 418 2745 458 2767; x_wconf 62' lang='lat' dir='ltr'><strong>est</strong></span> <span class='ocrx_word' id='word_1_456' title='bbox 477 2741 538 2767; x_wconf 80' lang='lat' dir='ltr'><strong>Ium-</strong></span> <span class='ocrx_word' id='word_1_457' title='bbox 553 2742 598 2769; x_wconf 75' lang='lat' dir='ltr'><strong>Dei</strong></span> <span class='ocrx_word' id='word_1_458' title='bbox 618 2747 776 2778; x_wconf 62' lang='lat' dir='ltr'><strong>pricccpto:</strong></span> <span class='ocrx_word' id='word_1_459' title='bbox 795 2753 804 2769; x_wconf 69' lang='grc' dir='ltr'>ς</span> <span class='ocrx_word' id='word_1_460' title='bbox 825 2745 962 2773; x_wconf 87' lang='lat' dir='ltr'><strong>Sioculus</strong></span> <span class='ocrx_word' id='word_1_461' title='bbox 981 2751 1044 2774; x_wconf 87' lang='lat' dir='ltr'><strong>tuus</strong></span> 
     </span>
    </p>
   </div>
   <div class='ocr_carea' id='block_1_60' title="bbox 257 2784 1043 2825">
    <p class='ocr_par' dir='ltr' id='par_1_60' title="bbox 257 2784 1043 2825">
     <span class='ocr_line' id='line_1_60' title="bbox 257 2784 1043 2825; baseline 0.008 -12"><span class='ocrx_word' id='word_1_462' title='bbox 257 2784 354 2812; x_wconf 46' lang='grc' dir='ltr'><strong>ειεξιτ</strong></span> <span class='ocrx_word' id='word_1_463' title='bbox 379 2787 546 2825; x_wconf 33' lang='grc' dir='ltr'>δελιιιιιιυιίηιιι</span> <span class='ocrx_word' id='word_1_464' title='bbox 576 2794 612 2817; x_wconf 77' lang='lat' dir='ltr'><strong>te.</strong></span> <span class='ocrx_word' id='word_1_465' title='bbox 631 2795 697 2816; x_wconf 75' lang='lat' dir='ltr'><strong>erue</strong></span> <span class='ocrx_word' id='word_1_466' title='bbox 719 2796 782 2816; x_wconf 86' lang='lat' dir='ltr'><strong>cum</strong></span> <span class='ocrx_word' id='word_1_467' title='bbox 819 2795 844 2817; x_wconf 89' lang='lat' dir='ltr'><strong>et</strong></span> <span class='ocrx_word' id='word_1_468' title='bbox 871 2791 974 2825; x_wconf 79' lang='lat' dir='ltr'><strong>projicc</strong></span> <span class='ocrx_word' id='word_1_469' title='bbox 994 2792 1043 2819; x_wconf 88' lang='lat' dir='ltr'><strong>abs</strong></span> 
     </span>
    </p>
   </div>
   <div class='ocr_carea' id='block_1_61' title="bbox 258 2829 1045 2873">
    <p class='ocr_par' dir='ltr' id='par_1_61' title="bbox 258 2829 1045 2873">
     <span class='ocr_line' id='line_1_61' title="bbox 258 2829 1045 2873; baseline 0.011 -18"><span class='ocrx_word' id='word_1_470' title='bbox 258 2832 284 2856; x_wconf 85' lang='lat' dir='ltr'><strong>te</strong></span> <span class='ocrx_word' id='word_1_471' title='bbox 300 2829 407 2859; x_wconf 56' lang='grc' dir='ltr'><strong>(παιδία.</strong></span> <span class='ocrx_word' id='word_1_472' title='bbox 428 2839 504 2863; x_wconf 73' lang='lat' dir='ltr'><strong>xuii,</strong></span> <span class='ocrx_word' id='word_1_473' title='bbox 517 2832 553 2861; x_wconf 64' lang='lat' dir='ltr'><strong>in.</strong></span> <span class='ocrx_word' id='word_1_474' title='bbox 575 2834 661 2861; x_wconf 69' lang='lat' dir='ltr'><strong>iNam</strong></span> <span class='ocrx_word' id='word_1_475' title='bbox 680 2833 780 2869; x_wconf 57' lang='grc' dir='ltr'><strong>,ηττηίιιιὶ</strong></span> <span class='ocrx_word' id='word_1_476' title='bbox 793 2834 873 2873; x_wconf 80' lang='lat'><strong>377</strong></span> <span class='ocrx_word' id='word_1_477' title='bbox 890 2837 1045 2872; x_wconf 76' lang='lat' dir='ltr'><strong>benignitas</strong></span> 
     </span>
    </p>
   </div>
   <div class='ocr_carea' id='block_1_62' title="bbox 1102 252 1211 287">
    <p class='ocr_par' dir='ltr' id='par_1_62' title="bbox 1102 252 1211 287">
     <span class='ocr_line' id='line_1_62' title="bbox 1102 252 1211 287; baseline 0.009 -9"><span class='ocrx_word' id='word_1_478' title='bbox 1102 252 1211 287; x_wconf 78' lang='grc' dir='ltr'><strong>ἐντύχῃ.</strong></span> 
     </span>
    </p>
   </div>
   <div class='ocr_carea' id='block_1_63' title="bbox 1103 315 1890 351">
    <p class='ocr_par' dir='ltr' id='par_1_63' title="bbox 1103 315 1890 351">
     <span class='ocr_line' id='line_1_63' title="bbox 1103 315 1890 351; baseline -0.003 -8"><span class='ocrx_word' id='word_1_479' title='bbox 1103 317 1193 343; x_wconf 83' lang='grc' dir='ltr'><strong>ΤΙΤΛ.</strong></span> <span class='ocrx_word' id='word_1_480' title='bbox 1210 317 1276 344; x_wconf 81' lang='lat' dir='ltr'><strong>AII&#39;.</strong></span> <span class='ocrx_word' id='word_1_481' title='bbox 1290 333 1325 338; x_wconf 88' lang='lat'><strong>—</strong></span> <span class='ocrx_word' id='word_1_482' title='bbox 1338 318 1410 350; x_wconf 73' lang='grc' dir='ltr'><strong>Περὶ</strong></span> <span class='ocrx_word' id='word_1_483' title='bbox 1436 316 1618 351; x_wconf 59' lang='grc' dir='ltr'>ἀποφάσεως</span> <span class='ocrx_word' id='word_1_484' title='bbox 1630 336 1636 343; x_wconf 84' lang='lat'><strong>.</strong></span> <span class='ocrx_word' id='word_1_485' title='bbox 1653 315 1702 342; x_wconf 77' lang='grc' dir='ltr'>καὶ</span> <span class='ocrx_word' id='word_1_486' title='bbox 1724 316 1890 343; x_wconf 73' lang='grc' dir='ltr'><strong>ἀνταποδό-</strong></span> 
     </span>
    </p>
   </div>
   <div class='ocr_carea' id='block_1_64' title="bbox 1139 351 1891 385">
    <p class='ocr_par' dir='ltr' id='par_1_64' title="bbox 1139 351 1891 385">
     <span class='ocr_line' id='line_1_64' title="bbox 1139 351 1891 385; baseline -0.003 -7"><span class='ocrx_word' id='word_1_487' title='bbox 1139 360 1228 385; x_wconf 81' lang='grc' dir='ltr'>σεως,</span> <span class='ocrx_word' id='word_1_488' title='bbox 1244 352 1293 378; x_wconf 78' lang='grc' dir='ltr'><strong>καὶ</strong></span> <span class='ocrx_word' id='word_1_489' title='bbox 1314 352 1465 385; x_wconf 74' lang='grc' dir='ltr'>ἀκριϐείας</span> <span class='ocrx_word' id='word_1_490' title='bbox 1489 351 1563 378; x_wconf 85' lang='grc' dir='ltr'><strong>Θεοῦ</strong></span> <span class='ocrx_word' id='word_1_491' title='bbox 1574 359 1582 366; x_wconf 89' lang='grc'><strong>·</strong></span> <span class='ocrx_word' id='word_1_492' title='bbox 1604 351 1652 378; x_wconf 75' lang='grc' dir='ltr'>καὶ</span> <span class='ocrx_word' id='word_1_493' title='bbox 1667 351 1711 377; x_wconf 84' lang='grc' dir='ltr'><strong>ὅτι</strong></span> <span class='ocrx_word' id='word_1_494' title='bbox 1729 352 1764 378; x_wconf 85' lang='grc' dir='ltr'><strong>οὺ</strong></span> <span class='ocrx_word' id='word_1_495' title='bbox 1775 351 1822 377; x_wconf 83' lang='grc' dir='ltr'>δεῖ</span> <span class='ocrx_word' id='word_1_496' title='bbox 1837 351 1891 383; x_wconf 78' lang='grc' dir='ltr'><strong>τῆς</strong></span> 
     </span>
    </p>
   </div>
   <div class='ocr_carea' id='block_1_65' title="bbox 1138 385 1891 420">
    <p class='ocr_par' dir='ltr' id='par_1_65' title="bbox 1138 385 1891 420">
     <span class='ocr_line' id='line_1_65' title="bbox 1138 385 1891 420; baseline 0 -8"><span class='ocrx_word' id='word_1_497' title='bbox 1138 386 1232 420; x_wconf 78' lang='grc' dir='ltr'>ὀργῆς</span> <span class='ocrx_word' id='word_1_498' title='bbox 1241 387 1295 413; x_wconf 86' lang='grc' dir='ltr'><strong>τοῦ</strong></span> <span class='ocrx_word' id='word_1_499' title='bbox 1311 387 1388 414; x_wconf 84' lang='grc' dir='ltr'><strong>Θεοῦ</strong></span> <span class='ocrx_word' id='word_1_500' title='bbox 1405 387 1500 413; x_wconf 67' lang='grc' dir='ltr'>πλέον</span> <span class='ocrx_word' id='word_1_501' title='bbox 1516 386 1698 420; x_wconf 81' lang='grc' dir='ltr'>ἀμύνασθαι,</span> <span class='ocrx_word' id='word_1_502' title='bbox 1714 386 1733 419; x_wconf 81' lang='grc' dir='ltr'><em>ἢ</em></span> <span class='ocrx_word' id='word_1_503' title='bbox 1746 385 1827 420; x_wconf 75' lang='grc' dir='ltr'><strong>παρὰ</strong></span> <span class='ocrx_word' id='word_1_504' title='bbox 1838 386 1891 418; x_wconf 79' lang='grc' dir='ltr'><strong>τὰς</strong></span> 
     </span>
    </p>
   </div>
   <div class='ocr_carea' id='block_1_66' title="bbox 1136 421 1694 456">
    <p class='ocr_par' dir='ltr' id='par_1_66' title="bbox 1136 421 1694 456">
     <span class='ocr_line' id='line_1_66' title="bbox 1136 421 1694 456; baseline 0.002 -9"><span class='ocrx_word' id='word_1_505' title='bbox 1136 421 1265 453; x_wconf 68' lang='grc' dir='ltr'><strong>ἐντολὰς</strong></span> <span class='ocrx_word' id='word_1_506' title='bbox 1278 421 1372 449; x_wconf 81' lang='grc' dir='ltr'><strong>αὐτοῦ</strong></span> <span class='ocrx_word' id='word_1_507' title='bbox 1387 421 1694 456; x_wconf 66' lang='grc' dir='ltr'><strong>φιλανθρωπεύεσθαι.</strong></span> 
     </span>
    </p>
   </div>
   <div class='ocr_carea' id='block_1_67' title="bbox 1139 475 1892 513">
    <p class='ocr_par' dir='ltr' id='par_1_67' title="bbox 1139 475 1892 513">
     <span class='ocr_line' id='line_1_67' title="bbox 1139 475 1892 513; baseline 0.001 -9"><span class='ocrx_word' id='word_1_508' title='bbox 1139 486 1148 503; x_wconf 73' lang='grc' dir='ltr'><strong>ε</strong></span> <span class='ocrx_word' id='word_1_509' title='bbox 1165 475 1233 504; x_wconf 58' lang='lat' dir='ltr'><strong>Eius</strong></span> <span class='ocrx_word' id='word_1_510' title='bbox 1255 478 1384 513; x_wconf 72' lang='grc' dir='ltr'>Σαμουὴλ</span> <span class='ocrx_word' id='word_1_511' title='bbox 1413 477 1482 512; x_wconf 76' lang='grc' dir='ltr'>πρὸς</span> <span class='ocrx_word' id='word_1_512' title='bbox 1504 477 1608 504; x_wconf 85' lang='grc' dir='ltr'>Σαούλ·</span> <span class='ocrx_word' id='word_1_513' title='bbox 1624 477 1691 512; x_wconf 77' lang='grc' dir='ltr'><strong>Οὐχὶ</strong></span> <span class='ocrx_word' id='word_1_514' title='bbox 1709 478 1807 513; x_wconf 74' lang='grc' dir='ltr'>μικρὸς</span> <span class='ocrx_word' id='word_1_515' title='bbox 1826 478 1892 505; x_wconf 76' lang='grc' dir='ltr'>ἑνώ-</span> 
     </span>
    </p>
   </div>
   <div class='ocr_carea' id='block_1_68' title="bbox 1101 522 1901 558">
    <p class='ocr_par' dir='ltr' id='par_1_68' title="bbox 1101 522 1901 558">
     <span class='ocr_line' id='line_1_68' title="bbox 1101 522 1901 558; baseline 0 -10"><span class='ocrx_word' id='word_1_516' title='bbox 1101 531 1163 550; x_wconf 81' lang='grc' dir='ltr'>πιον</span> <span class='ocrx_word' id='word_1_517' title='bbox 1189 523 1306 558; x_wconf 87' lang='grc' dir='ltr'>Κυρίου,</span> <span class='ocrx_word' id='word_1_518' title='bbox 1325 522 1479 558; x_wconf 77' lang='grc' dir='ltr'>ἡγούμενος</span> <span class='ocrx_word' id='word_1_519' title='bbox 1507 523 1647 558; x_wconf 77' lang='grc' dir='ltr'><strong>σκήπτρου</strong></span> <span class='ocrx_word' id='word_1_520' title='bbox 1668 523 1756 558; x_wconf 81' lang='grc' dir='ltr'><strong>φυλῆς</strong></span> <span class='ocrx_word' id='word_1_521' title='bbox 1769 523 1901 558; x_wconf 79' lang='grc' dir='ltr'>Ίσραὴλ.’</span> 
     </span>
    </p>
   </div>
   <div class='ocr_carea' id='block_1_69' title="bbox 1106 566 1888 602">
    <p class='ocr_par' dir='ltr' id='par_1_69' title="bbox 1106 566 1888 602">
     <span class='ocr_line' id='line_1_69' title="bbox 1106 566 1888 602; baseline 0 -9"><span class='ocrx_word' id='word_1_522' title='bbox 1106 567 1154 593; x_wconf 79' lang='grc' dir='ltr'>καὶ</span> <span class='ocrx_word' id='word_1_523' title='bbox 1169 566 1263 601; x_wconf 81' lang='grc' dir='ltr'>ἐχρισέ</span> <span class='ocrx_word' id='word_1_524' title='bbox 1281 575 1310 592; x_wconf 88' lang='grc' dir='ltr'><strong>σε</strong></span> <span class='ocrx_word' id='word_1_525' title='bbox 1330 567 1432 601; x_wconf 79' lang='grc' dir='ltr'>Κύριος</span> <span class='ocrx_word' id='word_1_526' title='bbox 1446 567 1486 598; x_wconf 85' lang='grc' dir='ltr'>εἰς</span> <span class='ocrx_word' id='word_1_527' title='bbox 1502 566 1617 602; x_wconf 77' lang='grc' dir='ltr'><strong>βασιλέα</strong></span> <span class='ocrx_word' id='word_1_528' title='bbox 1635 567 1682 592; x_wconf 72' lang='grc' dir='ltr'><strong>ἐπὶ</strong></span> <span class='ocrx_word' id='word_1_529' title='bbox 1695 567 1819 602; x_wconf 87' lang='grc' dir='ltr'>Ἰσραήλ;</span> <span class='ocrx_word' id='word_1_530' title='bbox 1836 568 1888 593; x_wconf 81' lang='lat' dir='ltr'><strong>Kal</strong></span> 
     </span>
    </p>
   </div>
   <div class='ocr_carea' id='block_1_70' title="bbox 1101 610 1887 647">
    <p class='ocr_par' dir='ltr' id='par_1_70' title="bbox 1101 610 1887 647">
     <span class='ocr_line' id='line_1_70' title="bbox 1101 610 1887 647; baseline -0.001 -9"><span class='ocrx_word' id='word_1_531' title='bbox 1101 610 1178 638; x_wconf 74' lang='grc' dir='ltr'>εἶπέν</span> <span class='ocrx_word' id='word_1_532' title='bbox 1190 621 1232 639; x_wconf 87' lang='grc' dir='ltr'><strong>σοι</strong></span> <span class='ocrx_word' id='word_1_533' title='bbox 1241 621 1249 628; x_wconf 93' lang='grc'><strong>·</strong></span> <span class='ocrx_word' id='word_1_534' title='bbox 1265 612 1430 647; x_wconf 79' lang='grc' dir='ltr'>Πορεύθητι,</span> <span class='ocrx_word' id='word_1_535' title='bbox 1442 612 1490 640; x_wconf 76' lang='grc' dir='ltr'><strong>καὶ</strong></span> <span class='ocrx_word' id='word_1_536' title='bbox 1501 611 1690 646; x_wconf 74' lang='grc' dir='ltr'><strong>ὲξολόϐρευσον</strong></span> <span class='ocrx_word' id='word_1_537' title='bbox 1701 612 1746 638; x_wconf 74' lang='grc' dir='ltr'><strong>τὸν</strong></span> <span class='ocrx_word' id='word_1_538' title='bbox 1755 613 1887 647; x_wconf 74' lang='grc' dir='ltr'>Ἀμαλὴκ,</span> 
     </span>
    </p>
   </div>
   <div class='ocr_carea' id='block_1_71' title="bbox 1101 656 1889 692">
    <p class='ocr_par' dir='ltr' id='par_1_71' title="bbox 1101 656 1889 692">
     <span class='ocr_line' id='line_1_71' title="bbox 1101 656 1889 692; baseline 0 -9"><span class='ocrx_word' id='word_1_539' title='bbox 1101 657 1164 688; x_wconf 84' lang='grc' dir='ltr'><strong>τοὺς</strong></span> <span class='ocrx_word' id='word_1_540' title='bbox 1179 657 1390 692; x_wconf 76' lang='grc' dir='ltr'>ἁμαρτάνοντας</span> <span class='ocrx_word' id='word_1_541' title='bbox 1404 657 1445 688; x_wconf 80' lang='grc' dir='ltr'><strong>είς</strong></span> <span class='ocrx_word' id='word_1_542' title='bbox 1457 657 1519 691; x_wconf 80' lang='grc' dir='ltr'><strong>ἐμὲ,</strong></span> <span class='ocrx_word' id='word_1_543' title='bbox 1535 656 1584 683; x_wconf 80' lang='grc' dir='ltr'><strong>καὶ</strong></span> <span class='ocrx_word' id='word_1_544' title='bbox 1604 656 1770 691; x_wconf 83' lang='grc' dir='ltr'>πολεμήσεις</span> <span class='ocrx_word' id='word_1_545' title='bbox 1780 657 1889 687; x_wconf 71' lang='grc' dir='ltr'><strong>αὐτοὺς,</strong></span> 
     </span>
    </p>
   </div>
   <div class='ocr_carea' id='block_1_72' title="bbox 1101 700 1889 738">
    <p class='ocr_par' dir='ltr' id='par_1_72' title="bbox 1101 700 1889 738">
     <span class='ocr_line' id='line_1_72' title="bbox 1101 700 1889 738; baseline -0.001 -9"><span class='ocrx_word' id='word_1_546' title='bbox 1101 703 1153 734; x_wconf 80' lang='grc' dir='ltr'><strong>ἓως</strong></span> <span class='ocrx_word' id='word_1_547' title='bbox 1166 700 1197 729; x_wconf 78' lang='grc' dir='ltr'>οὗ</span> <span class='ocrx_word' id='word_1_548' title='bbox 1219 703 1382 738; x_wconf 80' lang='grc' dir='ltr'>συντελέσῃς</span> <span class='ocrx_word' id='word_1_549' title='bbox 1401 702 1510 734; x_wconf 80' lang='grc' dir='ltr'><strong>αὐτούς.</strong></span> <span class='ocrx_word' id='word_1_550' title='bbox 1527 702 1582 728; x_wconf 97' lang='lat' dir='ltr'><strong>Kal</strong></span> <span class='ocrx_word' id='word_1_551' title='bbox 1598 702 1641 728; x_wconf 83' lang='grc' dir='ltr'>ἵνα</span> <span class='ocrx_word' id='word_1_552' title='bbox 1659 702 1687 728; x_wconf 88' lang='grc' dir='ltr'><strong>τί</strong></span> <span class='ocrx_word' id='word_1_553' title='bbox 1703 702 1754 728; x_wconf 79' lang='grc' dir='ltr'>οὐκ</span> <span class='ocrx_word' id='word_1_554' title='bbox 1771 702 1889 737; x_wconf 72' lang='grc' dir='ltr'>ἤκουσας</span> 
     </span>
    </p>
   </div>
   <div class='ocr_carea' id='block_1_73' title="bbox 1101 746 1889 783">
    <p class='ocr_par' dir='ltr' id='par_1_73' title="bbox 1101 746 1889 783">
     <span class='ocr_line' id='line_1_73' title="bbox 1101 746 1889 783; baseline -0.003 -9"><span class='ocrx_word' id='word_1_555' title='bbox 1101 747 1152 782; x_wconf 76' lang='grc' dir='ltr'><strong>τῆς</strong></span> <span class='ocrx_word' id='word_1_556' title='bbox 1173 748 1278 782; x_wconf 74' lang='grc' dir='ltr'>φωνῆς</span> <span class='ocrx_word' id='word_1_557' title='bbox 1291 747 1406 783; x_wconf 83' lang='grc' dir='ltr'><strong>Κυρίου,</strong></span> <span class='ocrx_word' id='word_1_558' title='bbox 1435 747 1493 774; x_wconf 80' lang='grc' dir='ltr'>ἀλλ’</span> <span class='ocrx_word' id='word_1_559' title='bbox 1508 746 1641 782; x_wconf 81' lang='grc' dir='ltr'><strong>ὥρμησας</strong></span> <span class='ocrx_word' id='word_1_560' title='bbox 1663 746 1710 773; x_wconf 75' lang='grc' dir='ltr'><strong>ἐπὶ</strong></span> <span class='ocrx_word' id='word_1_561' title='bbox 1732 747 1766 774; x_wconf 82' lang='grc' dir='ltr'><strong>τὰ</strong></span> <span class='ocrx_word' id='word_1_562' title='bbox 1792 746 1889 779; x_wconf 79' lang='grc' dir='ltr'>σκῦλα,</span> 
     </span>
    </p>
   </div>
   <div class='ocr_carea' id='block_1_74' title="bbox 1100 792 1889 828">
    <p class='ocr_par' dir='ltr' id='par_1_74' title="bbox 1100 792 1889 828">
     <span class='ocr_line' id='line_1_74' title="bbox 1100 792 1889 828; baseline 0.001 -10"><span class='ocrx_word' id='word_1_563' title='bbox 1100 792 1208 819; x_wconf 73' lang='grc' dir='ltr'>καὶτὸν</span> <span class='ocrx_word' id='word_1_564' title='bbox 1224 792 1336 827; x_wconf 81' lang='grc' dir='ltr'><strong>βασιλέα</strong></span> <span class='ocrx_word' id='word_1_565' title='bbox 1355 792 1468 827; x_wconf 82' lang='grc' dir='ltr'>ἀγαγὼν</span> <span class='ocrx_word' id='word_1_566' title='bbox 1488 793 1693 828; x_wconf 81' lang='grc' dir='ltr'>περιεποιήσω;</span> <span class='ocrx_word' id='word_1_567' title='bbox 1714 793 1770 819; x_wconf 88' lang='lat' dir='ltr'><strong>Kal</strong></span> <span class='ocrx_word' id='word_1_568' title='bbox 1786 793 1889 825; x_wconf 74' lang='grc' dir='ltr'><strong>ἐξουδά-</strong></span> 
     </span>
    </p>
   </div>
   <div class='ocr_carea' id='block_1_75' title="bbox 1101 838 1887 875">
    <p class='ocr_par' dir='ltr' id='par_1_75' title="bbox 1101 838 1887 875">
     <span class='ocr_line' id='line_1_75' title="bbox 1101 838 1887 875; baseline -0.001 -10"><span class='ocrx_word' id='word_1_569' title='bbox 1101 847 1191 871; x_wconf 81' lang='grc' dir='ltr'>νωσας</span> <span class='ocrx_word' id='word_1_570' title='bbox 1202 839 1232 865; x_wconf 79' lang='grc' dir='ltr'><strong>τὺ</strong></span> <span class='ocrx_word' id='word_1_571' title='bbox 1247 839 1324 874; x_wconf 80' lang='grc' dir='ltr'><strong>ῥῆμα</strong></span> <span class='ocrx_word' id='word_1_572' title='bbox 1344 839 1461 875; x_wconf 80' lang='grc' dir='ltr'><strong>Κυρίου,</strong></span> <span class='ocrx_word' id='word_1_573' title='bbox 1477 839 1525 866; x_wconf 73' lang='grc' dir='ltr'><strong>καὶ</strong></span> <span class='ocrx_word' id='word_1_574' title='bbox 1547 838 1718 872; x_wconf 72' lang='grc' dir='ltr'>ἐξουδενώσει</span> <span class='ocrx_word' id='word_1_575' title='bbox 1741 847 1772 865; x_wconf 85' lang='grc' dir='ltr'><strong>σε</strong></span> <span class='ocrx_word' id='word_1_576' title='bbox 1787 838 1887 874; x_wconf 67' lang='grc' dir='ltr'>Κύριης</span> 
     </span>
    </p>
   </div>
   <div class='ocr_carea' id='block_1_76' title="bbox 1064 875 1645 920">
    <p class='ocr_par' dir='ltr' id='par_1_76' title="bbox 1064 875 1645 920">
     <span class='ocr_line' id='line_1_76' title="bbox 1064 875 1645 920; baseline 0.002 -10"><span class='ocrx_word' id='word_1_577' title='bbox 1064 875 1085 903; x_wconf 78' lang='grc' dir='ltr'>Β</span> <span class='ocrx_word' id='word_1_578' title='bbox 1099 883 1146 911; x_wconf 80' lang='grc' dir='ltr'><strong>τοῦ</strong></span> <span class='ocrx_word' id='word_1_579' title='bbox 1165 884 1203 920; x_wconf 88' lang='grc' dir='ltr'><strong>μὴ</strong></span> <span class='ocrx_word' id='word_1_580' title='bbox 1219 880 1291 910; x_wconf 78' lang='grc' dir='ltr'>εἶναι</span> <span class='ocrx_word' id='word_1_581' title='bbox 1309 883 1422 919; x_wconf 80' lang='grc' dir='ltr'><strong>βασιλέα</strong></span> <span class='ocrx_word' id='word_1_582' title='bbox 1440 885 1486 911; x_wconf 74' lang='grc' dir='ltr'>ἐπὶ</span> <span class='ocrx_word' id='word_1_583' title='bbox 1498 883 1619 920; x_wconf 77' lang='grc' dir='ltr'>Ἰσραήλ.</span> <span class='ocrx_word' id='word_1_584' title='bbox 1636 893 1645 910; x_wconf 79' lang='grc' dir='ltr'><strong>ι</strong></span> 
     </span>
    </p>
   </div>
   <div class='ocr_carea' id='block_1_77' title="bbox 1138 928 1887 968">
    <p class='ocr_par' dir='ltr' id='par_1_77' title="bbox 1138 928 1887 968">
     <span class='ocr_line' id='line_1_77' title="bbox 1138 928 1887 968; baseline 0 -12"><span class='ocrx_word' id='word_1_585' title='bbox 1138 939 1147 956; x_wconf 80' lang='grc' dir='ltr'><strong>ι</strong></span> <span class='ocrx_word' id='word_1_586' title='bbox 1164 930 1322 968; x_wconf 74' lang='grc' dir='ltr'>ῌροσῆλοεν</span> <span class='ocrx_word' id='word_1_587' title='bbox 1351 930 1460 968; x_wconf 67' lang='grc' dir='ltr'>Ἠλιοῦ,</span> <span class='ocrx_word' id='word_1_588' title='bbox 1484 929 1530 956; x_wconf 77' lang='lat' dir='ltr'><strong>xal</strong></span> <span class='ocrx_word' id='word_1_589' title='bbox 1560 928 1638 956; x_wconf 80' lang='grc' dir='ltr'>εἶπεν</span> <span class='ocrx_word' id='word_1_590' title='bbox 1656 930 1760 965; x_wconf 78' lang='grc' dir='ltr'>Ἀχαὰό</span> <span class='ocrx_word' id='word_1_591' title='bbox 1783 929 1887 966; x_wconf 80' lang='grc' dir='ltr'>βασιλεῖ</span> 
     </span>
    </p>
   </div>
   <div class='ocr_carea' id='block_1_78' title="bbox 1105 961 1886 1012">
    <p class='ocr_par' dir='ltr' id='par_1_78' title="bbox 1105 961 1886 1012">
     <span class='ocr_line' id='line_1_78' title="bbox 1105 961 1886 1012; baseline 0.001 -10"><span class='ocrx_word' id='word_1_592' title='bbox 1105 961 1217 1011; x_wconf 61' lang='grc' dir='ltr'>Ίσραιίιλ</span> <span class='ocrx_word' id='word_1_593' title='bbox 1228 984 1235 992; x_wconf 88' lang='grc'>·</span> <span class='ocrx_word' id='word_1_594' title='bbox 1251 961 1322 1003; x_wconf 55' lang='lat' dir='ltr'><strong>ne:</strong></span> <span class='ocrx_word' id='word_1_595' title='bbox 1335 961 1422 1010; x_wconf 70' lang='grc' dir='ltr'>λέγέι·</span> <span class='ocrx_word' id='word_1_596' title='bbox 1432 961 1548 1011; x_wconf 41' lang='grc' dir='ltr'><strong>Κ-ύριος·</strong></span> <span class='ocrx_word' id='word_1_597' title='bbox 1567 975 1640 1002; x_wconf 78' lang='grc' dir='ltr'><strong>Ἆνθ¹</strong></span> <span class='ocrx_word' id='word_1_598' title='bbox 1656 961 1770 1003; x_wconf 41' lang='grc' dir='ltr'>ὤνἐἶπε</span> <span class='ocrx_word' id='word_1_599' title='bbox 1783 961 1886 1012; x_wconf 52' lang='grc' dir='ltr'>έυρία,</span> 
     </span>
    </p>
   </div>
   <div class='ocr_carea' id='block_1_79' title="bbox 1100 1021 1886 1057">
    <p class='ocr_par' dir='ltr' id='par_1_79' title="bbox 1100 1021 1886 1057">
     <span class='ocr_line' id='line_1_79' title="bbox 1100 1021 1886 1057; baseline 0.003 -10"><span class='ocrx_word' id='word_1_600' title='bbox 1100 1021 1167 1053; x_wconf 75' lang='grc' dir='ltr'>Θεὸς</span> <span class='ocrx_word' id='word_1_601' title='bbox 1182 1021 1270 1057; x_wconf 85' lang='grc' dir='ltr'>ὀρέων</span> <span class='ocrx_word' id='word_1_602' title='bbox 1299 1022 1412 1057; x_wconf 82' lang='grc' dir='ltr'>Κύριος,</span> <span class='ocrx_word' id='word_1_603' title='bbox 1429 1023 1444 1048; x_wconf 90' lang='lat'><strong>6</strong></span> <span class='ocrx_word' id='word_1_604' title='bbox 1462 1022 1530 1053; x_wconf 82' lang='grc' dir='ltr'><strong>Θεὸς</strong></span> <span class='ocrx_word' id='word_1_605' title='bbox 1556 1022 1665 1057; x_wconf 82' lang='grc' dir='ltr'>Ἰσραὴλ</span> <span class='ocrx_word' id='word_1_606' title='bbox 1676 1043 1684 1056; x_wconf 92' lang='grc'>,</span> <span class='ocrx_word' id='word_1_607' title='bbox 1708 1024 1756 1049; x_wconf 82' lang='grc' dir='ltr'><strong>καὶ</strong></span> <span class='ocrx_word' id='word_1_608' title='bbox 1773 1023 1804 1049; x_wconf 77' lang='grc' dir='ltr'><strong>οὑ</strong></span> <span class='ocrx_word' id='word_1_609' title='bbox 1822 1023 1886 1054; x_wconf 75' lang='grc' dir='ltr'>Θεὸς</span> 
     </span>
    </p>
   </div>
   <div class='ocr_carea' id='block_1_80' title="bbox 1099 1067 1888 1104">
    <p class='ocr_par' dir='ltr' id='par_1_80' title="bbox 1099 1067 1888 1104">
     <span class='ocr_line' id='line_1_80' title="bbox 1099 1067 1888 1104; baseline 0.003 -12"><span class='ocrx_word' id='word_1_610' title='bbox 1099 1067 1230 1093; x_wconf 83' lang='grc' dir='ltr'>κοιλάδων</span> <span class='ocrx_word' id='word_1_611' title='bbox 1246 1067 1329 1098; x_wconf 79' lang='grc' dir='ltr'>αὐτός</span> <span class='ocrx_word' id='word_1_612' title='bbox 1340 1075 1347 1082; x_wconf 93' lang='grc'><strong>·</strong></span> <span class='ocrx_word' id='word_1_613' title='bbox 1364 1067 1413 1094; x_wconf 79' lang='grc' dir='ltr'><strong>καὶ</strong></span> <span class='ocrx_word' id='word_1_614' title='bbox 1426 1067 1505 1094; x_wconf 86' lang='grc' dir='ltr'><strong>δώσω</strong></span> <span class='ocrx_word' id='word_1_615' title='bbox 1515 1067 1565 1102; x_wconf 80' lang='grc' dir='ltr'><strong>τὴν</strong></span> <span class='ocrx_word' id='word_1_616' title='bbox 1579 1067 1694 1103; x_wconf 86' lang='grc' dir='ltr'>δύναμιν</span> <span class='ocrx_word' id='word_1_617' title='bbox 1705 1067 1755 1103; x_wconf 77' lang='grc' dir='ltr'><strong>τὴν</strong></span> <span class='ocrx_word' id='word_1_618' title='bbox 1767 1067 1888 1104; x_wconf 74' lang='grc' dir='ltr'>μεγάλην</span> 
     </span>
    </p>
   </div>
   <div class='ocr_carea' id='block_1_81' title="bbox 1098 1112 1885 1148">
    <p class='ocr_par' dir='ltr' id='par_1_81' title="bbox 1098 1112 1885 1148">
     <span class='ocr_line' id='line_1_81' title="bbox 1098 1112 1885 1148; baseline 0.001 -10"><span class='ocrx_word' id='word_1_619' title='bbox 1098 1112 1201 1147; x_wconf 76' lang='grc' dir='ltr'><strong>ταύτην</strong></span> <span class='ocrx_word' id='word_1_620' title='bbox 1215 1113 1257 1144; x_wconf 82' lang='grc' dir='ltr'><strong>είς</strong></span> <span class='ocrx_word' id='word_1_621' title='bbox 1273 1113 1354 1148; x_wconf 78' lang='grc' dir='ltr'><strong>χεῖρά</strong></span> <span class='ocrx_word' id='word_1_622' title='bbox 1371 1121 1429 1144; x_wconf 85' lang='grc' dir='ltr'>σου,</span> <span class='ocrx_word' id='word_1_623' title='bbox 1452 1113 1499 1139; x_wconf 77' lang='grc' dir='ltr'>καὶ</span> <span class='ocrx_word' id='word_1_624' title='bbox 1513 1112 1605 1148; x_wconf 78' lang='grc' dir='ltr'>γνώσῃ</span> <span class='ocrx_word' id='word_1_625' title='bbox 1624 1113 1666 1139; x_wconf 81' lang='grc' dir='ltr'><strong>ὅτι</strong></span> <span class='ocrx_word' id='word_1_626' title='bbox 1681 1113 1736 1147; x_wconf 75' lang='grc' dir='ltr'>ἐγώ</span> <span class='ocrx_word' id='word_1_627' title='bbox 1753 1114 1810 1148; x_wconf 77' lang='grc' dir='ltr'>ειμι</span> <span class='ocrx_word' id='word_1_628' title='bbox 1829 1113 1885 1139; x_wconf 84' lang='grc' dir='ltr'><strong>Κύ-</strong></span> 
     </span>
    </p>
   </div>
   <div class='ocr_carea' id='block_1_82' title="bbox 1100 1157 1886 1194">
    <p class='ocr_par' dir='ltr' id='par_1_82' title="bbox 1100 1157 1886 1194">
     <span class='ocr_line' id='line_1_82' title="bbox 1100 1157 1886 1194; baseline 0.003 -11"><span class='ocrx_word' id='word_1_629' title='bbox 1100 1165 1168 1192; x_wconf 76' lang='grc' dir='ltr'>ριος.</span> <span class='ocrx_word' id='word_1_630' title='bbox 1183 1157 1239 1184; x_wconf 76' lang='grc' dir='ltr'>Καὶ</span> <span class='ocrx_word' id='word_1_631' title='bbox 1255 1157 1392 1190; x_wconf 75' lang='grc' dir='ltr'><strong>ἐπάταξεν</strong></span> <span class='ocrx_word' id='word_1_632' title='bbox 1406 1157 1514 1193; x_wconf 81' lang='grc' dir='ltr'>Ἰσραὴλ</span> <span class='ocrx_word' id='word_1_633' title='bbox 1529 1158 1578 1194; x_wconf 70' lang='grc' dir='ltr'><strong>τὴν</strong></span> <span class='ocrx_word' id='word_1_634' title='bbox 1600 1158 1711 1194; x_wconf 85' lang='grc' dir='ltr'>Συρίαν,</span> <span class='ocrx_word' id='word_1_635' title='bbox 1729 1158 1827 1185; x_wconf 75' lang='grc' dir='ltr'>ἑκατὸν</span> <span class='ocrx_word' id='word_1_636' title='bbox 1844 1167 1886 1194; x_wconf 72' lang='grc' dir='ltr'><strong>χιο</strong></span> 
     </span>
    </p>
   </div>
   <div class='ocr_carea' id='block_1_83' title="bbox 1098 1200 1890 1238">
    <p class='ocr_par' dir='ltr' id='par_1_83' title="bbox 1098 1200 1890 1238">
     <span class='ocr_line' id='line_1_83' title="bbox 1098 1200 1890 1238; baseline 0.003 -11"><span class='ocrx_word' id='word_1_637' title='bbox 1098 1200 1191 1233; x_wconf 86' lang='grc' dir='ltr'>λιάδας</span> <span class='ocrx_word' id='word_1_638' title='bbox 1217 1201 1309 1234; x_wconf 77' lang='grc' dir='ltr'>πεζῶν</span> <span class='ocrx_word' id='word_1_639' title='bbox 1323 1202 1416 1237; x_wconf 81' lang='grc' dir='ltr'>ἡμέρᾳ</span> <span class='ocrx_word' id='word_1_640' title='bbox 1436 1202 1494 1237; x_wconf 82' lang='grc' dir='ltr'><strong>μιᾷ,</strong></span> <span class='ocrx_word' id='word_1_641' title='bbox 1511 1202 1559 1230; x_wconf 75' lang='grc' dir='ltr'><strong>καὶ</strong></span> <span class='ocrx_word' id='word_1_642' title='bbox 1579 1202 1663 1228; x_wconf 76' lang='grc' dir='ltr'>ἔπεσε</span> <span class='ocrx_word' id='word_1_643' title='bbox 1682 1203 1714 1228; x_wconf 80' lang='grc' dir='ltr'><strong>τὸ</strong></span> <span class='ocrx_word' id='word_1_644' title='bbox 1737 1204 1825 1238; x_wconf 84' lang='grc' dir='ltr'>τεῖχος</span> <span class='ocrx_word' id='word_1_645' title='bbox 1841 1204 1890 1229; x_wconf 75' lang='grc' dir='ltr'><strong>ἐπὶ</strong></span> 
     </span>
    </p>
   </div>
   <div class='ocr_carea' id='block_1_84' title="bbox 1099 1247 1885 1283">
    <p class='ocr_par' dir='ltr' id='par_1_84' title="bbox 1099 1247 1885 1283">
     <span class='ocr_line' id='line_1_84' title="bbox 1099 1247 1885 1283; baseline 0.003 -11"><span class='ocrx_word' id='word_1_646' title='bbox 1099 1247 1186 1273; x_wconf 75' lang='grc' dir='ltr'>εἴκοσι</span> <span class='ocrx_word' id='word_1_647' title='bbox 1207 1248 1254 1273; x_wconf 74' lang='grc' dir='ltr'>καὶ</span> <span class='ocrx_word' id='word_1_648' title='bbox 1277 1248 1348 1274; x_wconf 83' lang='grc' dir='ltr'><strong>ἑπτὰ</strong></span> <span class='ocrx_word' id='word_1_649' title='bbox 1373 1247 1497 1282; x_wconf 83' lang='grc' dir='ltr'><strong>χιλιάδας</strong></span> <span class='ocrx_word' id='word_1_650' title='bbox 1521 1247 1637 1283; x_wconf 81' lang='grc' dir='ltr'>ἀνδρῶν,</span> <span class='ocrx_word' id='word_1_651' title='bbox 1665 1248 1714 1274; x_wconf 75' lang='grc' dir='ltr'><strong>καὶ</strong></span> <span class='ocrx_word' id='word_1_652' title='bbox 1729 1248 1786 1279; x_wconf 82' lang='grc' dir='ltr'>υίὸς</span> <span class='ocrx_word' id='word_1_653' title='bbox 1808 1248 1885 1283; x_wconf 74' lang='grc' dir='ltr'>Ἀδὲρ</span> 
     </span>
    </p>
   </div>
   <div class='ocr_carea' id='block_1_85' title="bbox 1099 1289 1885 1327">
    <p class='ocr_par' dir='ltr' id='par_1_85' title="bbox 1099 1289 1885 1327">
     <span class='ocr_line' id='line_1_85' title="bbox 1099 1289 1885 1327; baseline 0 -9"><span class='ocrx_word' id='word_1_654' title='bbox 1099 1291 1209 1326; x_wconf 77' lang='grc' dir='ltr'>ἔφυγεν,</span> <span class='ocrx_word' id='word_1_655' title='bbox 1226 1292 1273 1318; x_wconf 79' lang='grc' dir='ltr'><strong>καὶ</strong></span> <span class='ocrx_word' id='word_1_656' title='bbox 1288 1289 1366 1318; x_wconf 76' lang='grc' dir='ltr'>εἷπον</span> <span class='ocrx_word' id='word_1_657' title='bbox 1382 1291 1452 1327; x_wconf 80' lang='grc' dir='ltr'>πρὸς</span> <span class='ocrx_word' id='word_1_658' title='bbox 1464 1291 1545 1319; x_wconf 75' lang='grc' dir='ltr'>αὑτὸν</span> <span class='ocrx_word' id='word_1_659' title='bbox 1559 1293 1583 1319; x_wconf 81' lang='grc' dir='ltr'><strong>οἰ</strong></span> <span class='ocrx_word' id='word_1_660' title='bbox 1595 1292 1690 1324; x_wconf 85' lang='grc' dir='ltr'>παῖδες</span> <span class='ocrx_word' id='word_1_661' title='bbox 1701 1292 1783 1319; x_wconf 75' lang='grc' dir='ltr'>αὑτοῦ</span> <span class='ocrx_word' id='word_1_662' title='bbox 1794 1300 1800 1307; x_wconf 94' lang='grc'><strong>·</strong></span> <span class='ocrx_word' id='word_1_663' title='bbox 1819 1292 1885 1319; x_wconf 77' lang='grc' dir='ltr'><strong>Ἰδοῦ</strong></span> 
     </span>
    </p>
   </div>
   <div class='ocr_carea' id='block_1_86' title="bbox 1098 1334 1885 1375">
    <p class='ocr_par' dir='ltr' id='par_1_86' title="bbox 1098 1334 1885 1375">
     <span class='ocr_line' id='line_1_86' title="bbox 1098 1334 1885 1375; baseline 0.001 -11"><span class='ocrx_word' id='word_1_664' title='bbox 1098 1338 1130 1373; x_wconf 85' lang='grc' dir='ltr'>δὴ</span> <span class='ocrx_word' id='word_1_665' title='bbox 1146 1338 1269 1373; x_wconf 78' lang='grc' dir='ltr'>οἴδαμεν,</span> <span class='ocrx_word' id='word_1_666' title='bbox 1285 1339 1327 1365; x_wconf 81' lang='grc' dir='ltr'>ὅτι</span> <span class='ocrx_word' id='word_1_667' title='bbox 1354 1339 1475 1373; x_wconf 81' lang='grc' dir='ltr'><strong>βασιλεῖς</strong></span> <span class='ocrx_word' id='word_1_668' title='bbox 1501 1338 1626 1375; x_wconf 78' lang='grc' dir='ltr'>Ἰσραὴλ,</span> <span class='ocrx_word' id='word_1_669' title='bbox 1652 1334 1773 1374; x_wconf 70' lang='grc' dir='ltr'>βασιλεῖς</span> <span class='ocrx_word' id='word_1_670' title='bbox 1794 1339 1885 1370; x_wconf 67' lang='grc' dir='ltr'>ἐλέους</span> 
     </span>
    </p>
   </div>
   <div class='ocr_carea' id='block_1_87' title="bbox 1098 1383 1884 1420">
    <p class='ocr_par' dir='ltr' id='par_1_87' title="bbox 1098 1383 1884 1420">
     <span class='ocr_line' id='line_1_87' title="bbox 1098 1383 1884 1420; baseline 0.004 -10"><span class='ocrx_word' id='word_1_671' title='bbox 1098 1384 1177 1410; x_wconf 81' lang='grc' dir='ltr'>εἰσιν.</span> <span class='ocrx_word' id='word_1_672' title='bbox 1192 1383 1370 1419; x_wconf 81' lang='grc' dir='ltr'>Ἐπιθώμεθα</span> <span class='ocrx_word' id='word_1_673' title='bbox 1385 1384 1418 1419; x_wconf 72' lang='grc' dir='ltr'>δὴ</span> <span class='ocrx_word' id='word_1_674' title='bbox 1433 1384 1552 1417; x_wconf 74' lang='grc' dir='ltr'>σάκκους</span> <span class='ocrx_word' id='word_1_675' title='bbox 1565 1385 1610 1412; x_wconf 77' lang='grc' dir='ltr'><strong>ἐπὶ</strong></span> <span class='ocrx_word' id='word_1_676' title='bbox 1619 1384 1668 1416; x_wconf 77' lang='grc' dir='ltr'>τὰς</span> <span class='ocrx_word' id='word_1_677' title='bbox 1678 1384 1783 1418; x_wconf 78' lang='grc' dir='ltr'>ὀσφύας</span> <span class='ocrx_word' id='word_1_678' title='bbox 1796 1384 1884 1420; x_wconf 78' lang='grc' dir='ltr'>ἡμῶν,</span> 
     </span>
    </p>
   </div>
   <div class='ocr_carea' id='block_1_88' title="bbox 1098 1429 1886 1465">
    <p class='ocr_par' dir='ltr' id='par_1_88' title="bbox 1098 1429 1886 1465">
     <span class='ocr_line' id='line_1_88' title="bbox 1098 1429 1886 1465; baseline 0.003 -11"><span class='ocrx_word' id='word_1_679' title='bbox 1098 1429 1145 1455; x_wconf 63' lang='grc' dir='ltr'><strong>καὶ¹</strong></span> <span class='ocrx_word' id='word_1_680' title='bbox 1161 1429 1267 1464; x_wconf 84' lang='grc' dir='ltr'><strong>σχοινία</strong></span> <span class='ocrx_word' id='word_1_681' title='bbox 1290 1429 1336 1455; x_wconf 71' lang='grc' dir='ltr'>ἐπὶ</span> <span class='ocrx_word' id='word_1_682' title='bbox 1351 1429 1400 1460; x_wconf 83' lang='grc' dir='ltr'><strong>τὰς</strong></span> <span class='ocrx_word' id='word_1_683' title='bbox 1417 1430 1540 1463; x_wconf 69' lang='grc' dir='ltr'>κεφαλὰς</span> <span class='ocrx_word' id='word_1_684' title='bbox 1555 1430 1646 1465; x_wconf 77' lang='grc' dir='ltr'>ἡμῶν,</span> <span class='ocrx_word' id='word_1_685' title='bbox 1667 1430 1716 1457; x_wconf 79' lang='grc' dir='ltr'><strong>καὶ</strong></span> <span class='ocrx_word' id='word_1_686' title='bbox 1732 1430 1886 1465; x_wconf 75' lang='grc' dir='ltr'><strong>ἐξέλθωμεν</strong></span> 
     </span>
    </p>
   </div>
   <div class='ocr_carea' id='block_1_89' title="bbox 1097 1472 1885 1510">
    <p class='ocr_par' dir='ltr' id='par_1_89' title="bbox 1097 1472 1885 1510">
     <span class='ocr_line' id='line_1_89' title="bbox 1097 1472 1885 1510; baseline 0.003 -11"><span class='ocrx_word' id='word_1_687' title='bbox 1097 1472 1167 1508; x_wconf 72' lang='grc' dir='ltr'>πρὸς</span> <span class='ocrx_word' id='word_1_688' title='bbox 1182 1472 1297 1507; x_wconf 77' lang='grc' dir='ltr'>βασιλέα</span> <span class='ocrx_word' id='word_1_689' title='bbox 1312 1473 1432 1510; x_wconf 87' lang='grc' dir='ltr'>Ἰσραὴλ,</span> <span class='ocrx_word' id='word_1_690' title='bbox 1458 1474 1533 1506; x_wconf 78' lang='grc' dir='ltr'>ὅπως</span> <span class='ocrx_word' id='word_1_691' title='bbox 1551 1474 1710 1510; x_wconf 83' lang='grc' dir='ltr'>ζωογονήσῃ</span> <span class='ocrx_word' id='word_1_692' title='bbox 1732 1474 1782 1506; x_wconf 80' lang='grc' dir='ltr'><strong>τὰς</strong></span> <span class='ocrx_word' id='word_1_693' title='bbox 1795 1474 1885 1509; x_wconf 76' lang='grc' dir='ltr'>ψυχὰς</span> 
     </span>
    </p>
   </div>
   <div class='ocr_carea' id='block_1_90' title="bbox 1098 1518 1886 1555">
    <p class='ocr_par' dir='ltr' id='par_1_90' title="bbox 1098 1518 1886 1555">
     <span class='ocr_line' id='line_1_90' title="bbox 1098 1518 1886 1555; baseline 0.003 -10"><span class='ocrx_word' id='word_1_694' title='bbox 1098 1518 1188 1553; x_wconf 79' lang='grc' dir='ltr'><strong>ἡμῶν.</strong></span> <span class='ocrx_word' id='word_1_695' title='bbox 1203 1519 1258 1546; x_wconf 80' lang='grc' dir='ltr'>Καὶ</span> <span class='ocrx_word' id='word_1_696' title='bbox 1278 1519 1411 1554; x_wconf 77' lang='grc' dir='ltr'><strong>ἐποίησαν</strong></span> <span class='ocrx_word' id='word_1_697' title='bbox 1433 1519 1529 1551; x_wconf 78' lang='grc' dir='ltr'>οὕτως,</span> <span class='ocrx_word' id='word_1_698' title='bbox 1545 1520 1591 1546; x_wconf 78' lang='grc' dir='ltr'>καὶ</span> <span class='ocrx_word' id='word_1_699' title='bbox 1619 1518 1701 1546; x_wconf 77' lang='grc' dir='ltr'>εἶπαν</span> <span class='ocrx_word' id='word_1_700' title='bbox 1725 1520 1764 1555; x_wconf 84' lang='grc' dir='ltr'><strong>τῷ</strong></span> <span class='ocrx_word' id='word_1_701' title='bbox 1781 1520 1886 1555; x_wconf 86' lang='grc' dir='ltr'>βασιλεῖ</span> 
     </span>
    </p>
   </div>
   <div class='ocr_carea' id='block_1_91' title="bbox 1104 1563 1885 1599">
    <p class='ocr_par' dir='ltr' id='par_1_91' title="bbox 1104 1563 1885 1599">
     <span class='ocr_line' id='line_1_91' title="bbox 1104 1563 1885 1599; baseline 0.001 -9"><span class='ocrx_word' id='word_1_702' title='bbox 1104 1564 1231 1599; x_wconf 79' lang='grc' dir='ltr'>Ὶσραήλ”</span> <span class='ocrx_word' id='word_1_703' title='bbox 1255 1564 1353 1596; x_wconf 85' lang='grc' dir='ltr'>Δοῦλός</span> <span class='ocrx_word' id='word_1_704' title='bbox 1369 1572 1415 1590; x_wconf 89' lang='grc' dir='ltr'>σου</span> <span class='ocrx_word' id='word_1_705' title='bbox 1430 1564 1488 1596; x_wconf 76' lang='grc' dir='ltr'><strong>υἱὸς</strong></span> <span class='ocrx_word' id='word_1_706' title='bbox 1509 1563 1589 1599; x_wconf 80' lang='grc' dir='ltr'><strong>Ἀδὲρ</strong></span> <span class='ocrx_word' id='word_1_707' title='bbox 1604 1563 1698 1598; x_wconf 79' lang='grc' dir='ltr'>λέγει,</span> <span class='ocrx_word' id='word_1_708' title='bbox 1721 1564 1838 1599; x_wconf 78' lang='grc' dir='ltr'>Ζήσεται</span> <span class='ocrx_word' id='word_1_709' title='bbox 1867 1565 1885 1599; x_wconf 74' lang='grc' dir='ltr'><strong>ἡ</strong></span> 
     </span>
    </p>
   </div>
   <div class='ocr_carea' id='block_1_92' title="bbox 1096 1607 1885 1645">
    <p class='ocr_par' dir='ltr' id='par_1_92' title="bbox 1096 1607 1885 1645">
     <span class='ocr_line' id='line_1_92' title="bbox 1096 1607 1885 1645; baseline 0 -10"><span class='ocrx_word' id='word_1_710' title='bbox 1096 1609 1169 1644; x_wconf 77' lang='grc' dir='ltr'>ψυχή</span> <span class='ocrx_word' id='word_1_711' title='bbox 1187 1617 1249 1644; x_wconf 86' lang='grc' dir='ltr'><strong>μου.</strong></span> <span class='ocrx_word' id='word_1_712' title='bbox 1264 1609 1319 1637; x_wconf 76' lang='grc' dir='ltr'>Καὶ</span> <span class='ocrx_word' id='word_1_713' title='bbox 1339 1607 1417 1638; x_wconf 81' lang='grc' dir='ltr'>εἶπεν</span> <span class='ocrx_word' id='word_1_714' title='bbox 1433 1610 1447 1636; x_wconf 97' lang='lat'><strong>6</strong></span> <span class='ocrx_word' id='word_1_715' title='bbox 1467 1609 1613 1644; x_wconf 78' lang='grc' dir='ltr'>βασιλεύς·</span> <span class='ocrx_word' id='word_1_716' title='bbox 1630 1610 1662 1636; x_wconf 76' lang='lat' dir='ltr'><strong>Ei</strong></span> <span class='ocrx_word' id='word_1_717' title='bbox 1683 1609 1724 1636; x_wconf 75' lang='grc' dir='ltr'><strong>ἔτι</strong></span> <span class='ocrx_word' id='word_1_718' title='bbox 1736 1610 1788 1645; x_wconf 61' lang='lat' dir='ltr'><strong>(ﬁ;</strong></span> <span class='ocrx_word' id='word_1_719' title='bbox 1805 1609 1885 1636; x_wconf 58' lang='grc' dir='ltr'>ἀδελκ-</span> 
     </span>
    </p>
   </div>
   <div class='ocr_carea' id='block_1_93' title="bbox 1097 1654 1886 1690">
    <p class='ocr_par' dir='ltr' id='par_1_93' title="bbox 1097 1654 1886 1690">
     <span class='ocr_line' id='line_1_93' title="bbox 1097 1654 1886 1690; baseline 0 -9"><span class='ocrx_word' id='word_1_720' title='bbox 1097 1654 1147 1688; x_wconf 76' lang='grc' dir='ltr'><strong>φύς</strong></span> <span class='ocrx_word' id='word_1_721' title='bbox 1165 1663 1227 1688; x_wconf 90' lang='grc' dir='ltr'><strong>μου.</strong></span> <span class='ocrx_word' id='word_1_722' title='bbox 1244 1654 1300 1681; x_wconf 82' lang='grc' dir='ltr'><strong>Καὶ</strong></span> <span class='ocrx_word' id='word_1_723' title='bbox 1314 1654 1411 1690; x_wconf 76' lang='grc' dir='ltr'>ἐξῆλθε</span> <span class='ocrx_word' id='word_1_724' title='bbox 1433 1654 1502 1690; x_wconf 79' lang='grc' dir='ltr'>πρὸς</span> <span class='ocrx_word' id='word_1_725' title='bbox 1523 1654 1605 1681; x_wconf 80' lang='grc' dir='ltr'>αὑτὸν</span> <span class='ocrx_word' id='word_1_726' title='bbox 1619 1655 1633 1681; x_wconf 88' lang='lat'><strong>6</strong></span> <span class='ocrx_word' id='word_1_727' title='bbox 1657 1655 1713 1686; x_wconf 78' lang='grc' dir='ltr'><strong>υἱὸς</strong></span> <span class='ocrx_word' id='word_1_728' title='bbox 1725 1655 1814 1690; x_wconf 73' lang='grc' dir='ltr'>Ἂδὲρ,</span> <span class='ocrx_word' id='word_1_729' title='bbox 1838 1654 1886 1683; x_wconf 81' lang='grc' dir='ltr'><strong>καὶ</strong></span> 
     </span>
    </p>
   </div>
   <div class='ocr_carea' id='block_1_94' title="bbox 1097 1697 1885 1735">
    <p class='ocr_par' dir='ltr' id='par_1_94' title="bbox 1097 1697 1885 1735">
     <span class='ocr_line' id='line_1_94' title="bbox 1097 1697 1885 1735; baseline 0 -9"><span class='ocrx_word' id='word_1_730' title='bbox 1097 1698 1294 1731; x_wconf 77' lang='grc' dir='ltr'><strong>ἁναὸιόάζουσι</strong></span> <span class='ocrx_word' id='word_1_731' title='bbox 1311 1699 1379 1735; x_wconf 67' lang='grc' dir='ltr'>πρὶς</span> <span class='ocrx_word' id='word_1_732' title='bbox 1406 1698 1488 1729; x_wconf 76' lang='grc' dir='ltr'>αὐτὸν</span> <span class='ocrx_word' id='word_1_733' title='bbox 1503 1699 1549 1726; x_wconf 73' lang='grc' dir='ltr'><strong>ἐπὶ</strong></span> <span class='ocrx_word' id='word_1_734' title='bbox 1575 1699 1606 1725; x_wconf 75' lang='grc' dir='ltr'><strong>τὸ</strong></span> <span class='ocrx_word' id='word_1_735' title='bbox 1629 1699 1716 1735; x_wconf 76' lang='grc' dir='ltr'>ἅρμα.</span> <span class='ocrx_word' id='word_1_736' title='bbox 1741 1700 1795 1727; x_wconf 74' lang='grc' dir='ltr'>Καὶ</span> <span class='ocrx_word' id='word_1_737' title='bbox 1822 1697 1885 1729; x_wconf 79' lang='grc' dir='ltr'>εἷπε</span> 
     </span>
    </p>
   </div>
   <div class='ocr_carea' id='block_1_95' title="bbox 1097 1744 1885 1780">
    <p class='ocr_par' dir='ltr' id='par_1_95' title="bbox 1097 1744 1885 1780">
     <span class='ocr_line' id='line_1_95' title="bbox 1097 1744 1885 1780; baseline 0.001 -9"><span class='ocrx_word' id='word_1_738' title='bbox 1097 1745 1166 1780; x_wconf 82' lang='grc' dir='ltr'>πρὸς</span> <span class='ocrx_word' id='word_1_739' title='bbox 1184 1745 1283 1772; x_wconf 76' lang='grc' dir='ltr'><strong>αὐτόν·</strong></span> <span class='ocrx_word' id='word_1_740' title='bbox 1311 1745 1367 1776; x_wconf 83' lang='grc' dir='ltr'><strong>Τὰς</strong></span> <span class='ocrx_word' id='word_1_741' title='bbox 1391 1744 1484 1776; x_wconf 85' lang='grc' dir='ltr'>πόλεις</span> <span class='ocrx_word' id='word_1_742' title='bbox 1505 1744 1538 1776; x_wconf 68' lang='grc' dir='ltr'>ἃς</span> <span class='ocrx_word' id='word_1_743' title='bbox 1560 1744 1656 1774; x_wconf 74' lang='grc' dir='ltr'>ἐλαϐεν</span> <span class='ocrx_word' id='word_1_744' title='bbox 1678 1746 1692 1771; x_wconf 88' lang='lat'><strong>6</strong></span> <span class='ocrx_word' id='word_1_745' title='bbox 1718 1745 1809 1780; x_wconf 83' lang='grc' dir='ltr'>πατήρ</span> <span class='ocrx_word' id='word_1_746' title='bbox 1833 1753 1885 1780; x_wconf 88' lang='grc' dir='ltr'><strong>μου</strong></span> 
     </span>
    </p>
   </div>
   <div class='ocr_carea' id='block_1_96' title="bbox 1087 1789 1885 1824">
    <p class='ocr_par' dir='ltr' id='par_1_96' title="bbox 1087 1789 1885 1824">
     <span class='ocr_line' id='line_1_96' title="bbox 1087 1789 1885 1824; baseline 0.004 -10"><span class='ocrx_word' id='word_1_747' title='bbox 1087 1789 1175 1824; x_wconf 74' lang='grc' dir='ltr'>’παρὰ</span> <span class='ocrx_word' id='word_1_748' title='bbox 1199 1789 1247 1815; x_wconf 83' lang='grc' dir='ltr'><strong>τοῦ</strong></span> <span class='ocrx_word' id='word_1_749' title='bbox 1271 1789 1374 1823; x_wconf 81' lang='grc' dir='ltr'>πατρός</span> <span class='ocrx_word' id='word_1_750' title='bbox 1394 1797 1453 1821; x_wconf 89' lang='grc' dir='ltr'>σου,</span> <span class='ocrx_word' id='word_1_751' title='bbox 1480 1789 1613 1816; x_wconf 77' lang='grc' dir='ltr'><strong>ἀποδώσω</strong></span> <span class='ocrx_word' id='word_1_752' title='bbox 1633 1797 1684 1822; x_wconf 87' lang='grc' dir='ltr'>σοι,</span> <span class='ocrx_word' id='word_1_753' title='bbox 1704 1790 1752 1816; x_wconf 80' lang='grc' dir='ltr'><strong>καὶ</strong></span> <span class='ocrx_word' id='word_1_754' title='bbox 1776 1790 1885 1823; x_wconf 77' lang='grc' dir='ltr'><strong>ἐξόδους</strong></span> 
     </span>
    </p>
   </div>
   <div class='ocr_carea' id='block_1_97' title="bbox 1097 1834 1885 1872">
    <p class='ocr_par' dir='ltr' id='par_1_97' title="bbox 1097 1834 1885 1872">
     <span class='ocr_line' id='line_1_97' title="bbox 1097 1834 1885 1872; baseline 0.001 -11"><span class='ocrx_word' id='word_1_755' title='bbox 1097 1834 1191 1870; x_wconf 83' lang='grc' dir='ltr'>Θήσεις</span> <span class='ocrx_word' id='word_1_756' title='bbox 1211 1834 1317 1870; x_wconf 81' lang='grc' dir='ltr'><strong>σεαυτῷ</strong></span> <span class='ocrx_word' id='word_1_757' title='bbox 1334 1835 1362 1861; x_wconf 76' lang='grc' dir='ltr'><strong>ὲν</strong></span> <span class='ocrx_word' id='word_1_758' title='bbox 1379 1834 1532 1870; x_wconf 79' lang='grc' dir='ltr'>Δαμασκῷ,</span> <span class='ocrx_word' id='word_1_759' title='bbox 1549 1834 1641 1866; x_wconf 83' lang='grc' dir='ltr'>καθὼς</span> <span class='ocrx_word' id='word_1_760' title='bbox 1667 1834 1744 1861; x_wconf 73' lang='grc' dir='ltr'>ἔθετο</span> <span class='ocrx_word' id='word_1_761' title='bbox 1757 1836 1772 1862; x_wconf 87' lang='lat'><strong>6</strong></span> <span class='ocrx_word' id='word_1_762' title='bbox 1794 1837 1885 1872; x_wconf 82' lang='grc' dir='ltr'>πατήρ</span> 
     </span>
    </p>
   </div>
   <div class='ocr_carea' id='block_1_98' title="bbox 1099 1879 1886 1916">
    <p class='ocr_par' dir='ltr' id='par_1_98' title="bbox 1099 1879 1886 1916">
     <span class='ocr_line' id='line_1_98' title="bbox 1099 1879 1886 1916; baseline 0.001 -9"><span class='ocrx_word' id='word_1_763' title='bbox 1099 1889 1150 1915; x_wconf 88' lang='grc' dir='ltr'>μου</span> <span class='ocrx_word' id='word_1_764' title='bbox 1169 1881 1198 1907; x_wconf 83' lang='grc' dir='ltr'><strong>ἐν</strong></span> <span class='ocrx_word' id='word_1_765' title='bbox 1215 1880 1366 1916; x_wconf 78' lang='grc' dir='ltr'>Σαμαρείᾳ.</span> <span class='ocrx_word' id='word_1_766' title='bbox 1384 1881 1439 1907; x_wconf 82' lang='grc' dir='ltr'><strong>Καὶ</strong></span> <span class='ocrx_word' id='word_1_767' title='bbox 1456 1879 1560 1906; x_wconf 80' lang='grc' dir='ltr'>διέθετο</span> <span class='ocrx_word' id='word_1_768' title='bbox 1581 1880 1656 1915; x_wconf 84' lang='grc' dir='ltr'>αὑτῷ</span> <span class='ocrx_word' id='word_1_769' title='bbox 1674 1880 1818 1916; x_wconf 80' lang='grc' dir='ltr'><strong>διαθήκην,</strong></span> <span class='ocrx_word' id='word_1_770' title='bbox 1837 1883 1886 1908; x_wconf 82' lang='grc' dir='ltr'><strong>καὶ</strong></span> 
     </span>
    </p>
   </div>
   <div class='ocr_carea' id='block_1_99' title="bbox 1097 1925 1884 1964">
    <p class='ocr_par' dir='ltr' id='par_1_99' title="bbox 1097 1925 1884 1964">
     <span class='ocr_line' id='line_1_99' title="bbox 1097 1925 1884 1964; baseline 0.003 -12"><span class='ocrx_word' id='word_1_771' title='bbox 1097 1926 1288 1960; x_wconf 78' lang='grc' dir='ltr'>ἐξαπέστειλεν</span> <span class='ocrx_word' id='word_1_772' title='bbox 1306 1926 1398 1953; x_wconf 69' lang='grc' dir='ltr'><strong>αὐτόν.</strong></span> <span class='ocrx_word' id='word_1_773' title='bbox 1418 1935 1428 1952; x_wconf 74' lang='grc' dir='ltr'><strong>ι</strong></span> <span class='ocrx_word' id='word_1_774' title='bbox 1443 1926 1498 1954; x_wconf 81' lang='lat' dir='ltr'><strong>Kal</strong></span> <span class='ocrx_word' id='word_1_775' title='bbox 1514 1927 1579 1961; x_wconf 83' lang='grc' dir='ltr'><strong>μετ’</strong></span> <span class='ocrx_word' id='word_1_776' title='bbox 1594 1927 1695 1962; x_wconf 74' lang='grc' dir='ltr'>ὀλίγαο</span> <span class='ocrx_word' id='word_1_777' title='bbox 1713 1937 1723 1953; x_wconf 74' lang='grc' dir='ltr'><strong>ι</strong></span> <span class='ocrx_word' id='word_1_778' title='bbox 1736 1925 1804 1954; x_wconf 68' lang='lat' dir='ltr'><strong>Eine</strong></span> <span class='ocrx_word' id='word_1_779' title='bbox 1817 1928 1884 1964; x_wconf 80' lang='grc' dir='ltr'>πρὸς</span> 
     </span>
    </p>
   </div>
   <div class='ocr_carea' id='block_1_100' title="bbox 1097 1970 1883 2007">
    <p class='ocr_par' dir='ltr' id='par_1_100' title="bbox 1097 1970 1883 2007">
     <span class='ocr_line' id='line_1_100' title="bbox 1097 1970 1883 2007; baseline 0.001 -9"><span class='ocrx_word' id='word_1_780' title='bbox 1097 1972 1179 1998; x_wconf 85' lang='grc' dir='ltr'>αὑτὸν</span> <span class='ocrx_word' id='word_1_781' title='bbox 1195 1973 1209 1998; x_wconf 93' lang='lat'><strong>6</strong></span> <span class='ocrx_word' id='word_1_782' title='bbox 1234 1971 1377 2007; x_wconf 78' lang='grc' dir='ltr'>ἄνθρωπος</span> <span class='ocrx_word' id='word_1_783' title='bbox 1402 1971 1448 1997; x_wconf 85' lang='grc' dir='ltr'><strong>τοῦ</strong></span> <span class='ocrx_word' id='word_1_784' title='bbox 1474 1970 1560 1997; x_wconf 79' lang='grc' dir='ltr'><strong>Θεοῦ·</strong></span> <span class='ocrx_word' id='word_1_785' title='bbox 1577 1970 1647 1998; x_wconf 80' lang='grc' dir='ltr'>Τάδε</span> <span class='ocrx_word' id='word_1_786' title='bbox 1674 1971 1747 2006; x_wconf 80' lang='grc' dir='ltr'>λέγει</span> <span class='ocrx_word' id='word_1_787' title='bbox 1764 1971 1883 2007; x_wconf 56' lang='grc' dir='ltr'>Κύρων</span> 
     </span>
    </p>
   </div>
   <div class='ocr_carea' id='block_1_101' title="bbox 1097 2016 1883 2053">
    <p class='ocr_par' dir='ltr' id='par_1_101' title="bbox 1097 2016 1883 2053">
     <span class='ocr_line' id='line_1_101' title="bbox 1097 2016 1883 2053; baseline 0.001 -10"><span class='ocrx_word' id='word_1_788' title='bbox 1097 2017 1169 2043; x_wconf 68' lang='lat' dir='ltr'><strong>Auiti.</strong></span> <span class='ocrx_word' id='word_1_789' title='bbox 1185 2017 1336 2053; x_wconf 73' lang='grc' dir='ltr'><strong>ἐξήνεγκας</strong></span> <span class='ocrx_word' id='word_1_790' title='bbox 1363 2017 1394 2047; x_wconf 67' lang='grc' dir='ltr'>σὺ</span> <span class='ocrx_word' id='word_1_791' title='bbox 1419 2016 1504 2053; x_wconf 81' lang='grc' dir='ltr'>ἄνδρα</span> <span class='ocrx_word' id='word_1_792' title='bbox 1519 2016 1641 2052; x_wconf 81' lang='grc' dir='ltr'>ὀλέθριον</span> <span class='ocrx_word' id='word_1_793' title='bbox 1655 2017 1688 2044; x_wconf 80' lang='grc' dir='ltr'>ὲκ</span> <span class='ocrx_word' id='word_1_794' title='bbox 1710 2017 1801 2052; x_wconf 80' lang='grc' dir='ltr'>χειρός</span> <span class='ocrx_word' id='word_1_795' title='bbox 1819 2027 1883 2052; x_wconf 88' lang='grc' dir='ltr'>μου,</span> 
     </span>
    </p>
   </div>
   <div class='ocr_carea' id='block_1_102' title="bbox 1097 2055 1885 2100">
    <p class='ocr_par' dir='ltr' id='par_1_102' title="bbox 1097 2055 1885 2100">
     <span class='ocr_line' id='line_1_102' title="bbox 1097 2055 1885 2100; baseline 0.001 -11"><span class='ocrx_word' id='word_1_796' title='bbox 1097 2055 1173 2089; x_wconf 51' lang='lat' dir='ltr'><strong>Esset!</strong></span> <span class='ocrx_word' id='word_1_797' title='bbox 1219 2063 1292 2098; x_wconf 75' lang='grc' dir='ltr'>ψυχή</span> <span class='ocrx_word' id='word_1_798' title='bbox 1315 2071 1362 2089; x_wconf 85' lang='grc' dir='ltr'>σου</span> <span class='ocrx_word' id='word_1_799' title='bbox 1377 2062 1439 2089; x_wconf 71' lang='grc' dir='ltr'>ἀντὶ</span> <span class='ocrx_word' id='word_1_800' title='bbox 1449 2063 1499 2098; x_wconf 79' lang='grc' dir='ltr'><strong>τῆς</strong></span> <span class='ocrx_word' id='word_1_801' title='bbox 1509 2062 1600 2100; x_wconf 75' lang='grc' dir='ltr'>ψυχῆς</span> <span class='ocrx_word' id='word_1_802' title='bbox 1622 2062 1716 2096; x_wconf 73' lang='grc' dir='ltr'><strong>αὑτοῦ,</strong></span> <span class='ocrx_word' id='word_1_803' title='bbox 1732 2063 1778 2089; x_wconf 80' lang='grc' dir='ltr'><strong>καὶ</strong></span> <span class='ocrx_word' id='word_1_804' title='bbox 1791 2065 1805 2090; x_wconf 89' lang='lat'><strong>6</strong></span> <span class='ocrx_word' id='word_1_805' title='bbox 1821 2063 1885 2096; x_wconf 75' lang='grc' dir='ltr'>λαός</span> 
     </span>
    </p>
   </div>
   <div class='ocr_carea' id='block_1_103' title="bbox 1097 2107 1487 2139">
    <p class='ocr_par' dir='ltr' id='par_1_103' title="bbox 1097 2107 1487 2139">
     <span class='ocr_line' id='line_1_103' title="bbox 1097 2107 1487 2139; baseline 0 -5"><span class='ocrx_word' id='word_1_806' title='bbox 1097 2116 1144 2134; x_wconf 87' lang='grc' dir='ltr'>σου</span> <span class='ocrx_word' id='word_1_807' title='bbox 1158 2108 1219 2134; x_wconf 75' lang='grc' dir='ltr'>ἀντὶ</span> <span class='ocrx_word' id='word_1_808' title='bbox 1232 2107 1279 2134; x_wconf 80' lang='grc' dir='ltr'><strong>τοῦ</strong></span> <span class='ocrx_word' id='word_1_809' title='bbox 1289 2107 1355 2134; x_wconf 85' lang='grc' dir='ltr'>λαοῦ</span> <span class='ocrx_word' id='word_1_810' title='bbox 1371 2107 1463 2139; x_wconf 80' lang='grc' dir='ltr'>αὑτοῦ.</span> <span class='ocrx_word' id='word_1_811' title='bbox 1478 2116 1487 2133; x_wconf 74' lang='grc' dir='ltr'><strong>ι</strong></span> 
     </span>
    </p>
   </div>
   <div class='ocr_carea' id='block_1_104' title="bbox 1135 2153 1884 2192">
    <p class='ocr_par' dir='ltr' id='par_1_104' title="bbox 1135 2153 1884 2192">
     <span class='ocr_line' id='line_1_104' title="bbox 1135 2153 1884 2192; baseline 0.003 -12"><span class='ocrx_word' id='word_1_812' title='bbox 1135 2163 1144 2180; x_wconf 79' lang='grc' dir='ltr'><strong>ι</strong></span> <span class='ocrx_word' id='word_1_813' title='bbox 1166 2153 1352 2189; x_wconf 75' lang='grc' dir='ltr'>Ἐξερευνήσω</span> <span class='ocrx_word' id='word_1_814' title='bbox 1367 2153 1414 2190; x_wconf 81' lang='grc' dir='ltr'><strong>τὴν</strong></span> <span class='ocrx_word' id='word_1_815' title='bbox 1430 2153 1610 2189; x_wconf 79' lang='grc' dir='ltr'>Ἰερουσαλὴμ</span> <span class='ocrx_word' id='word_1_816' title='bbox 1628 2154 1697 2192; x_wconf 75' lang='grc' dir='ltr'><strong>μετὰ</strong></span> <span class='ocrx_word' id='word_1_817' title='bbox 1713 2153 1821 2189; x_wconf 79' lang='grc' dir='ltr'><strong>λύχνου,</strong></span> <span class='ocrx_word' id='word_1_818' title='bbox 1837 2155 1884 2182; x_wconf 75' lang='grc' dir='ltr'><strong>καὶ</strong></span> 
     </span>
    </p>
   </div>
   <div class='ocr_carea' id='block_1_105' title="bbox 1097 2199 1884 2234">
    <p class='ocr_par' dir='ltr' id='par_1_105' title="bbox 1097 2199 1884 2234">
     <span class='ocr_line' id='line_1_105' title="bbox 1097 2199 1884 2234; baseline 0.001 -8"><span class='ocrx_word' id='word_1_819' title='bbox 1097 2199 1234 2234; x_wconf 80' lang='grc' dir='ltr'>ἐκδικήσω</span> <span class='ocrx_word' id='word_1_820' title='bbox 1257 2200 1303 2226; x_wconf 74' lang='grc' dir='ltr'><strong>ἐπὶ</strong></span> <span class='ocrx_word' id='word_1_821' title='bbox 1317 2199 1380 2231; x_wconf 80' lang='grc' dir='ltr'>τοὺς</span> <span class='ocrx_word' id='word_1_822' title='bbox 1401 2199 1502 2234; x_wconf 74' lang='grc' dir='ltr'>ἄνδρας</span> <span class='ocrx_word' id='word_1_823' title='bbox 1515 2199 1580 2231; x_wconf 77' lang='grc' dir='ltr'>τοὺς</span> <span class='ocrx_word' id='word_1_824' title='bbox 1597 2200 1835 2234; x_wconf 79' lang='grc' dir='ltr'>καταφρονοῦντας</span> <span class='ocrx_word' id='word_1_825' title='bbox 1850 2201 1884 2227; x_wconf 77' lang='grc' dir='ltr'><strong>τὰ</strong></span> 
     </span>
    </p>
   </div>
   <div class='ocr_carea' id='block_1_106' title="bbox 1097 2244 1407 2280">
    <p class='ocr_par' dir='ltr' id='par_1_106' title="bbox 1097 2244 1407 2280">
     <span class='ocr_line' id='line_1_106' title="bbox 1097 2244 1407 2280; baseline -0.003 -9"><span class='ocrx_word' id='word_1_826' title='bbox 1097 2245 1262 2280; x_wconf 82' lang='grc' dir='ltr'>φυλάγματα</span> <span class='ocrx_word' id='word_1_827' title='bbox 1278 2244 1380 2276; x_wconf 72' lang='grc' dir='ltr'><strong>αὐτῶν.</strong></span> <span class='ocrx_word' id='word_1_828' title='bbox 1398 2253 1407 2270; x_wconf 78' lang='grc' dir='ltr'><strong>ι</strong></span> 
     </span>
    </p>
   </div>
   <div class='ocr_carea' id='block_1_107' title="bbox 1134 2288 1883 2326">
    <p class='ocr_par' dir='ltr' id='par_1_107' title="bbox 1134 2288 1883 2326">
     <span class='ocr_line' id='line_1_107' title="bbox 1134 2288 1883 2326; baseline -0.001 -9"><span class='ocrx_word' id='word_1_829' title='bbox 1134 2301 1143 2317; x_wconf 79' lang='grc' dir='ltr'><strong>ι</strong></span> <span class='ocrx_word' id='word_1_830' title='bbox 1161 2290 1300 2323; x_wconf 74' lang='grc' dir='ltr'>’Δνοίξατε</span> <span class='ocrx_word' id='word_1_831' title='bbox 1315 2290 1365 2323; x_wconf 88' lang='grc' dir='ltr'>τὰς</span> <span class='ocrx_word' id='word_1_832' title='bbox 1384 2289 1528 2325; x_wconf 78' lang='grc' dir='ltr'>ἀποθήκας</span> <span class='ocrx_word' id='word_1_833' title='bbox 1539 2289 1638 2325; x_wconf 74' lang='grc' dir='ltr'>αὐτῆςο</span> <span class='ocrx_word' id='word_1_834' title='bbox 1654 2288 1819 2326; x_wconf 76' lang='grc' dir='ltr'>ιρευνήσατε</span> <span class='ocrx_word' id='word_1_835' title='bbox 1833 2291 1883 2317; x_wconf 63' lang='grc' dir='ltr'>αὖε</span> 
     </span>
    </p>
   </div>
   <div class='ocr_carea' id='block_1_108' title="bbox 1094 2335 1882 2372">
    <p class='ocr_par' dir='ltr' id='par_1_108' title="bbox 1094 2335 1882 2372">
     <span class='ocr_line' id='line_1_108' title="bbox 1094 2335 1882 2372; baseline -0.003 -8"><span class='ocrx_word' id='word_1_836' title='bbox 1094 2337 1144 2372; x_wconf 78' lang='grc' dir='ltr'><strong>τὴν</strong></span> <span class='ocrx_word' id='word_1_837' title='bbox 1162 2337 1199 2369; x_wconf 84' lang='grc' dir='ltr'>ὡς</span> <span class='ocrx_word' id='word_1_838' title='bbox 1215 2336 1357 2372; x_wconf 78' lang='grc' dir='ltr'>σπήλαιον,</span> <span class='ocrx_word' id='word_1_839' title='bbox 1375 2336 1423 2363; x_wconf 77' lang='grc' dir='ltr'>καὶ</span> <span class='ocrx_word' id='word_1_840' title='bbox 1437 2335 1650 2371; x_wconf 79' lang='grc' dir='ltr'>ἑξολοθρεύσατε</span> <span class='ocrx_word' id='word_1_841' title='bbox 1669 2335 1765 2370; x_wconf 82' lang='grc' dir='ltr'>αὐτὴν,</span> <span class='ocrx_word' id='word_1_842' title='bbox 1782 2336 1819 2371; x_wconf 81' lang='grc' dir='ltr'><strong>μὴ</strong></span> <span class='ocrx_word' id='word_1_843' title='bbox 1835 2344 1882 2370; x_wconf 87' lang='grc' dir='ltr'>γε-</span> 
     </span>
    </p>
   </div>
   <div class='ocr_carea' id='block_1_109' title="bbox 1094 2380 1495 2416">
    <p class='ocr_par' dir='ltr' id='par_1_109' title="bbox 1094 2380 1495 2416">
     <span class='ocr_line' id='line_1_109' title="bbox 1094 2380 1495 2416; baseline -0.002 -8"><span class='ocrx_word' id='word_1_844' title='bbox 1094 2380 1188 2408; x_wconf 78' lang='grc' dir='ltr'>νέσθαι</span> <span class='ocrx_word' id='word_1_845' title='bbox 1200 2382 1269 2416; x_wconf 79' lang='grc' dir='ltr'><strong>αὐτῇ</strong></span> <span class='ocrx_word' id='word_1_846' title='bbox 1285 2380 1441 2416; x_wconf 85' lang='grc' dir='ltr'>κατάλυμα.</span> <span class='ocrx_word' id='word_1_847' title='bbox 1460 2389 1470 2406; x_wconf 73' lang='grc' dir='ltr'><strong>ι</strong></span> <span class='ocrx_word' id='word_1_848' title='bbox 1488 2381 1495 2414; x_wconf 85' lang='grc' dir='ltr'><strong>Ι</strong></span> 
     </span>
    </p>
   </div>
   <div class='ocr_carea' id='block_1_110' title="bbox 1133 2425 1883 2462">
    <p class='ocr_par' dir='ltr' id='par_1_110' title="bbox 1133 2425 1883 2462">
     <span class='ocr_line' id='line_1_110' title="bbox 1133 2425 1883 2462; baseline 0 -9"><span class='ocrx_word' id='word_1_849' title='bbox 1133 2435 1143 2453; x_wconf 83' lang='grc'><strong><em>‹</em></strong></span> <span class='ocrx_word' id='word_1_850' title='bbox 1160 2427 1209 2462; x_wconf 81' lang='grc' dir='ltr'><strong>Γῆ,</strong></span> <span class='ocrx_word' id='word_1_851' title='bbox 1235 2427 1288 2462; x_wconf 80' lang='grc' dir='ltr'><strong>γῆ,</strong></span> <span class='ocrx_word' id='word_1_852' title='bbox 1312 2426 1429 2454; x_wconf 79' lang='grc' dir='ltr'>ἄκουσον</span> <span class='ocrx_word' id='word_1_853' title='bbox 1455 2425 1536 2460; x_wconf 89' lang='grc' dir='ltr'>λόγον</span> <span class='ocrx_word' id='word_1_854' title='bbox 1554 2425 1672 2461; x_wconf 79' lang='grc' dir='ltr'><strong>Κυρίου·</strong></span> <span class='ocrx_word' id='word_1_855' title='bbox 1702 2425 1810 2461; x_wconf 74' lang='grc' dir='ltr'>Γράψον</span> <span class='ocrx_word' id='word_1_856' title='bbox 1837 2426 1883 2453; x_wconf 76' lang='grc' dir='ltr'><strong>τὸν</strong></span> 
     </span>
    </p>
   </div>
   <div class='ocr_carea' id='block_1_111' title="bbox 1095 2471 1883 2508">
    <p class='ocr_par' dir='ltr' id='par_1_111' title="bbox 1095 2471 1883 2508">
     <span class='ocr_line' id='line_1_111' title="bbox 1095 2471 1883 2508; baseline 0.001 -10"><span class='ocrx_word' id='word_1_857' title='bbox 1095 2472 1180 2508; x_wconf 78' lang='grc' dir='ltr'>ἄνδρα</span> <span class='ocrx_word' id='word_1_858' title='bbox 1193 2471 1288 2498; x_wconf 79' lang='grc' dir='ltr'>τοῦτον</span> <span class='ocrx_word' id='word_1_859' title='bbox 1305 2472 1477 2508; x_wconf 79' lang='grc' dir='ltr'>ἐκκήρυκτον</span> <span class='ocrx_word' id='word_1_860' title='bbox 1492 2471 1663 2507; x_wconf 80' lang='grc' dir='ltr'>ἀνθρὼποις’</span> <span class='ocrx_word' id='word_1_861' title='bbox 1677 2471 1718 2497; x_wconf 84' lang='grc' dir='ltr'><strong>ὃτι</strong></span> <span class='ocrx_word' id='word_1_862' title='bbox 1733 2472 1763 2497; x_wconf 84' lang='grc' dir='ltr'><strong>οὺ</strong></span> <span class='ocrx_word' id='word_1_863' title='bbox 1781 2472 1818 2507; x_wconf 79' lang='grc' dir='ltr'><strong>μὴ</strong></span> <span class='ocrx_word' id='word_1_864' title='bbox 1833 2473 1883 2499; x_wconf 71' lang='grc' dir='ltr'>αὖα</span> 
     </span>
    </p>
   </div>
   <div class='ocr_carea' id='block_1_112' title="bbox 1095 2515 1882 2552">
    <p class='ocr_par' dir='ltr' id='par_1_112' title="bbox 1095 2515 1882 2552">
     <span class='ocr_line' id='line_1_112' title="bbox 1095 2515 1882 2552; baseline -0.001 -9"><span class='ocrx_word' id='word_1_865' title='bbox 1095 2517 1164 2552; x_wconf 81' lang='grc' dir='ltr'><strong>ξηθῇ</strong></span> <span class='ocrx_word' id='word_1_866' title='bbox 1181 2518 1213 2543; x_wconf 77' lang='grc' dir='ltr'>ἐκ</span> <span class='ocrx_word' id='word_1_867' title='bbox 1227 2516 1274 2548; x_wconf 74' lang='grc' dir='ltr'><strong>τοῦ</strong></span> <span class='ocrx_word' id='word_1_868' title='bbox 1291 2516 1450 2552; x_wconf 82' lang='grc' dir='ltr'>σπέρματος</span> <span class='ocrx_word' id='word_1_869' title='bbox 1471 2515 1555 2543; x_wconf 80' lang='grc' dir='ltr'>αὐτοῦ</span> <span class='ocrx_word' id='word_1_870' title='bbox 1573 2515 1644 2552; x_wconf 80' lang='grc' dir='ltr'>ἀνὴρ</span> <span class='ocrx_word' id='word_1_871' title='bbox 1669 2515 1822 2551; x_wconf 79' lang='grc' dir='ltr'>καθήμενος</span> <span class='ocrx_word' id='word_1_872' title='bbox 1837 2518 1882 2543; x_wconf 77' lang='grc' dir='ltr'><strong>ἐπὶ</strong></span> 
     </span>
    </p>
   </div>
   <div class='ocr_carea' id='block_1_113' title="bbox 1095 2561 1644 2598">
    <p class='ocr_par' dir='ltr' id='par_1_113' title="bbox 1095 2561 1644 2598">
     <span class='ocr_line' id='line_1_113' title="bbox 1095 2561 1644 2598; baseline 0 -10"><span class='ocrx_word' id='word_1_873' title='bbox 1095 2562 1191 2598; x_wconf 80' lang='grc' dir='ltr'>θρόνου</span> <span class='ocrx_word' id='word_1_874' title='bbox 1207 2562 1301 2594; x_wconf 65' lang='grc' dir='ltr'>Δαὸὶδ,</span> <span class='ocrx_word' id='word_1_875' title='bbox 1319 2562 1412 2598; x_wconf 79' lang='grc' dir='ltr'>ἄρχων</span> <span class='ocrx_word' id='word_1_876' title='bbox 1423 2563 1452 2589; x_wconf 77' lang='grc' dir='ltr'>ὲν</span> <span class='ocrx_word' id='word_1_877' title='bbox 1468 2561 1506 2598; x_wconf 79' lang='grc' dir='ltr'><strong>τῷ</strong></span> <span class='ocrx_word' id='word_1_878' title='bbox 1517 2561 1615 2590; x_wconf 86' lang='grc' dir='ltr'>Ίοὺδα.</span> <span class='ocrx_word' id='word_1_879' title='bbox 1635 2571 1644 2588; x_wconf 79' lang='grc' dir='ltr'><strong>ι</strong></span> 
     </span>
    </p>
   </div>
   <div class='ocr_carea' id='block_1_114' title="bbox 1130 2607 1881 2648">
    <p class='ocr_par' dir='ltr' id='par_1_114' title="bbox 1130 2607 1881 2648">
     <span class='ocr_line' id='line_1_114' title="bbox 1130 2607 1881 2648; baseline 0 -14"><span class='ocrx_word' id='word_1_880' title='bbox 1130 2608 1193 2634; x_wconf 80' lang='grc' dir='ltr'><strong>Ἐπὶ</strong></span> <span class='ocrx_word' id='word_1_881' title='bbox 1209 2609 1259 2643; x_wconf 80' lang='grc' dir='ltr'><strong>μὲν</strong></span> <span class='ocrx_word' id='word_1_882' title='bbox 1273 2608 1327 2634; x_wconf 84' lang='grc' dir='ltr'><strong>τῶν</strong></span> <span class='ocrx_word' id='word_1_883' title='bbox 1347 2607 1545 2648; x_wconf 77' lang='grc' dir='ltr'>ἐχοραινόντων</span> <span class='ocrx_word' id='word_1_884' title='bbox 1567 2609 1603 2643; x_wconf 59' lang='grc' dir='ltr'><strong>γῇ</strong></span> <span class='ocrx_word' id='word_1_885' title='bbox 1621 2607 1746 2644; x_wconf 78' lang='grc' dir='ltr'>ἀληθείᾳ,</span> <span class='ocrx_word' id='word_1_886' title='bbox 1762 2610 1810 2635; x_wconf 72' lang='grc' dir='ltr'><strong>καὶ</strong></span> <span class='ocrx_word' id='word_1_887' title='bbox 1832 2609 1881 2642; x_wconf 81' lang='grc' dir='ltr'><strong>ἐμ-</strong></span> 
     </span>
    </p>
   </div>
   <div class='ocr_carea' id='block_1_115' title="bbox 1095 2647 1883 2689">
    <p class='ocr_par' dir='ltr' id='par_1_115' title="bbox 1095 2647 1883 2689">
     <span class='ocr_line' id='line_1_115' title="bbox 1095 2647 1883 2689; baseline 0.001 -10"><span class='ocrx_word' id='word_1_888' title='bbox 1095 2653 1259 2686; x_wconf 83' lang='grc' dir='ltr'>ποδιζόντων</span> <span class='ocrx_word' id='word_1_889' title='bbox 1275 2655 1334 2686; x_wconf 81' lang='grc' dir='ltr'>ταῖς</span> <span class='ocrx_word' id='word_1_890' title='bbox 1352 2654 1474 2686; x_wconf 75' lang='grc' dir='ltr'>ἐντολαῖς</span> <span class='ocrx_word' id='word_1_891' title='bbox 1491 2652 1538 2680; x_wconf 80' lang='grc' dir='ltr'><strong>τοῦ</strong></span> <span class='ocrx_word' id='word_1_892' title='bbox 1554 2653 1633 2686; x_wconf 77' lang='grc' dir='ltr'>Θεοῦ,</span> <span class='ocrx_word' id='word_1_893' title='bbox 1650 2654 1679 2685; x_wconf 69' lang='grc' dir='ltr'>ἐξ</span> <span class='ocrx_word' id='word_1_894' title='bbox 1690 2647 1813 2689; x_wconf 68' lang='grc' dir='ltr'>ἀνάγκης</span> <span class='ocrx_word' id='word_1_895' title='bbox 1823 2655 1883 2680; x_wconf 75' lang='grc' dir='ltr'>ἐστὶ</span> 
     </span>
    </p>
   </div>
   <div class='ocr_carea' id='block_1_116' title="bbox 1095 2698 1881 2735">
    <p class='ocr_par' dir='ltr' id='par_1_116' title="bbox 1095 2698 1881 2735">
     <span class='ocr_line' id='line_1_116' title="bbox 1095 2698 1881 2735; baseline -0.001 -10"><span class='ocrx_word' id='word_1_896' title='bbox 1095 2700 1182 2726; x_wconf 80' lang='grc' dir='ltr'>ποιεῖν</span> <span class='ocrx_word' id='word_1_897' title='bbox 1201 2699 1272 2727; x_wconf 78' lang='grc' dir='ltr'>κατᾶ</span> <span class='ocrx_word' id='word_1_898' title='bbox 1293 2700 1324 2726; x_wconf 81' lang='grc' dir='ltr'>τὸ</span> <span class='ocrx_word' id='word_1_899' title='bbox 1348 2699 1513 2735; x_wconf 82' lang='grc' dir='ltr'>πρόσταγμα</span> <span class='ocrx_word' id='word_1_900' title='bbox 1533 2698 1580 2726; x_wconf 81' lang='grc' dir='ltr'><strong>τοῦ</strong></span> <span class='ocrx_word' id='word_1_901' title='bbox 1607 2699 1712 2732; x_wconf 81' lang='grc' dir='ltr'>Κυρίου</span> <span class='ocrx_word' id='word_1_902' title='bbox 1741 2699 1881 2730; x_wconf 72' lang='grc' dir='ltr'>εξπόντος·</span> 
     </span>
    </p>
   </div>
   <div class='ocr_carea' id='block_1_117' title="bbox 1101 2744 1883 2780">
    <p class='ocr_par' dir='ltr' id='par_1_117' title="bbox 1101 2744 1883 2780">
     <span class='ocr_line' id='line_1_117' title="bbox 1101 2744 1883 2780; baseline -0.003 -9"><span class='ocrx_word' id='word_1_903' title='bbox 1101 2745 1164 2771; x_wconf 76' lang='grc' dir='ltr'><strong>Ἐὰν</strong></span> <span class='ocrx_word' id='word_1_904' title='bbox 1177 2746 1190 2771; x_wconf 84' lang='grc' dir='ltr'><strong>ὁ</strong></span> <span class='ocrx_word' id='word_1_905' title='bbox 1205 2745 1344 2780; x_wconf 69' lang='grc' dir='ltr'><strong>ὀφθαλμός</strong></span> <span class='ocrx_word' id='word_1_906' title='bbox 1362 2754 1408 2771; x_wconf 84' lang='grc' dir='ltr'>σου</span> <span class='ocrx_word' id='word_1_907' title='bbox 1427 2745 1441 2771; x_wconf 89' lang='lat'><strong>6</strong></span> <span class='ocrx_word' id='word_1_908' title='bbox 1462 2744 1548 2778; x_wconf 69' lang='grc' dir='ltr'>δεξιὸς</span> <span class='ocrx_word' id='word_1_909' title='bbox 1562 2744 1724 2779; x_wconf 82' lang='grc' dir='ltr'>σκανδαλίσῃ</span> <span class='ocrx_word' id='word_1_910' title='bbox 1744 2753 1785 2774; x_wconf 84' lang='grc' dir='ltr'>σε.</span> <span class='ocrx_word' id='word_1_911' title='bbox 1808 2744 1883 2776; x_wconf 75' lang='grc' dir='ltr'>ἔξελε</span> 
     </span>
    </p>
   </div>
   <div class='ocr_carea' id='block_1_118' title="bbox 1096 2789 1884 2825">
    <p class='ocr_par' dir='ltr' id='par_1_118' title="bbox 1096 2789 1884 2825">
     <span class='ocr_line' id='line_1_118' title="bbox 1096 2789 1884 2825; baseline -0.001 -9"><span class='ocrx_word' id='word_1_912' title='bbox 1096 2791 1185 2822; x_wconf 66' lang='grc' dir='ltr'>αὐτὸν,</span> <span class='ocrx_word' id='word_1_913' title='bbox 1201 2791 1248 2816; x_wconf 78' lang='grc' dir='ltr'>καὶ</span> <span class='ocrx_word' id='word_1_914' title='bbox 1262 2791 1326 2825; x_wconf 68' lang='grc' dir='ltr'>βάλε</span> <span class='ocrx_word' id='word_1_915' title='bbox 1339 2791 1393 2818; x_wconf 78' lang='grc' dir='ltr'>ἀπὸ</span> <span class='ocrx_word' id='word_1_916' title='bbox 1412 2789 1474 2816; x_wconf 77' lang='grc' dir='ltr'>σοῦ.</span> <span class='ocrx_word' id='word_1_917' title='bbox 1493 2790 1525 2816; x_wconf 86' lang='grc' dir='ltr'><strong>Ἦ</strong></span> <span class='ocrx_word' id='word_1_918' title='bbox 1539 2790 1592 2824; x_wconf 76' lang='grc' dir='ltr'>γὰρ</span> <span class='ocrx_word' id='word_1_919' title='bbox 1607 2789 1654 2816; x_wconf 74' lang='grc' dir='ltr'><strong>ἐπὶ</strong></span> <span class='ocrx_word' id='word_1_920' title='bbox 1679 2789 1734 2816; x_wconf 84' lang='grc' dir='ltr'><strong>τῶν</strong></span> <span class='ocrx_word' id='word_1_921' title='bbox 1754 2789 1884 2816; x_wconf 74' lang='grc' dir='ltr'><strong>τοιούτων</strong></span> 
     </span>
    </p>
   </div>
   <div class='ocr_carea' id='block_1_119' title="bbox 1097 2834 1883 2872">
    <p class='ocr_par' dir='ltr' id='par_1_119' title="bbox 1097 2834 1883 2872">
     <span class='ocr_line' id='line_1_119' title="bbox 1097 2834 1883 2872; baseline -0.001 -10"><span class='ocrx_word' id='word_1_922' title='bbox 1097 2835 1285 2871; x_wconf 58' lang='grc' dir='ltr'>φιλανθρωπία</span> <span class='ocrx_word' id='word_1_923' title='bbox 1294 2836 1473 2872; x_wconf 67' lang='grc' dir='ltr'>παραπλησία</span> <span class='ocrx_word' id='word_1_924' title='bbox 1486 2835 1545 2862; x_wconf 75' lang='grc' dir='ltr'>ἐστὶ</span> <span class='ocrx_word' id='word_1_925' title='bbox 1556 2836 1588 2871; x_wconf 78' lang='grc' dir='ltr'><strong>τῇ</strong></span> <span class='ocrx_word' id='word_1_926' title='bbox 1603 2834 1757 2870; x_wconf 76' lang='grc' dir='ltr'>ἀπαιδεύτῳ</span> <span class='ocrx_word' id='word_1_927' title='bbox 1766 2835 1883 2870; x_wconf 69' lang='grc' dir='ltr'><strong>χρηστό-</strong></span> 
     </span>
    </p>
   </div>
  </div>
