2074 3115
197 108 264 142 1249

817 103 935 136 SACRA
953 95 1192 136 PAMLLELA."

1753 102 1821 135 1250

195 174 257 200 τητι
272 164 320 191 τοῦ
335 163 419 190 Σαοὺλ
429 163 475 190 ἐπὶ
487 161 533 188 τοῦ
546 161 666 196 Ἀγαγοῦ
678 161 712 196 ἣν
724 160 797 195 παρὰ
813 160 845 186 τὸ
861 159 906 186 τοῦ
923 160 980 186 Κυ-

1033 167 1116 194 quam
1131 158 1266 194 ejusmodi
1282 158 1440 186 hominibus
1453 156 1594 189 habueris,
1606 157 1698 184 stultm
1709 157 1748 184 illi
1764 157 1820 184 cle-

196 211 255 246 ρίου
272 209 485 244 διατεταγμένον
498 207 573 243 αὐτῷ
589 206 774 234 ἐπεδείκνυτο.

305 326 307 328 -
353 307 444 334 ΤΙΤΛ.
459 305 522 334 AB’.
541 320 574 326 —
587 305 656 339 Περί
669 305 821 339 ἀγγαρίας.

234 373 243 391 ι
269 364 405 391 Ἀδύνατοι
418 362 582 398 ἀμπελῶνας
604 360 711 389 ἀσεϐῶν
729 361 817 388 ἀσιτεῖ
830 360 876 387 καὶ
889 359 984 394 ἀμισθὶ

197 411 371 447 εἰργάσαντο.
392 418 401 434 ι

234 465 244 481 ί
265 455 358 486 Ὅστις
370 458 400 480 σε
415 449 582 488 ἀγγαρεύσει
597 448 683 486 μίλιον
701 450 741 483 ἓν,
755 450 842 483 ὕπαγε
859 446 917 484 μετ*
937 449 986 475 αὺ-

196 495 243 527 τοῦ
261 497 316 526 δύο.
338 508 347 524 ι

235 556 244 572 ι
268 546 297 572 ’0
311 543 460 578 οἰκοδομῶν
471 542 516 569 τὸν
528 540 602 569 οἶκον
615 541 696 568 αὗτοῦ
711 541 741 567 οὺ
757 540 826 575 μετὰ
848 538 984 566 δικαιοσύ-

198 600 257 626 νῃς,
271 589 319 617 καὶ
335 589 368 616 τὰ
379 587 491 623 ὑπερῷα
505 586 587 614 αὐτοῦ
598 587 648 613 οὐκ
662 587 691 612 ἐν
707 586 819 620 κρίματι
829 603 836 615 .
859 585 934 619 παρά
944 583 982 619 τῷ

198 636 311 670 πλησὶον
328 630 411 662 αὑτοῦ
432 634 545 670 ἐργᾶται
566 632 681 668 δωρεὰν,
700 632 747 659 καὶ
765 631 810 658 τὸν
823 630 918 665 μισθὸν
932 631 981 656 αὺ-

197 681 243 708 τοῦ
257 683 287 708 οὺ
301 681 338 716 μὴ
349 680 441 715 ἀποδῷ
453 679 538 714 αὐτῷ.
554 688 563 704 ι

236 737 244 753 ι
265 727 331 753 ’ἰδοὺ
346 727 360 753 ὸ
374 725 468 761 μισθὸς
484 725 539 756 τῶν
550 724 672 760 ἐργατῶν
688 723 743 750 τῶν
754 722 918 758 ἀμησάντων
934 721 984 753 τὰς

198 772 288 809 χώρας
303 771 390 806 ὑμῶν,
401 771 415 797 ό
424 769 643 805 ἀπεστερημένος
657 769 703 802 ἀφ’
715 768 801 803 ὑμῶν,
819 766 925 802 κράζει,
937 766 984 793 καὶ

1035 205 1145 232 mentite
1161 204 1259 232 similis
1274 208 1327 235 est,
1343 211 1396 238 qua
1412 203 1478 230 Saul
1501 207 1600 230 contra
1616 210 1698 237 quam
1713 203 1738 230 ei
1754 210 1822 237 pra:-

1035 253 1144 284 ceptum
1163 257 1178 276 a
1198 248 1313 276 Domino
1329 248 1428 281 fueral,
1442 256 1506 283 erga
1522 249 1597 283 Agag
1618 256 1686 276 usus
1700 253 1751 276 est.

1105 303 1172 331 ΤΙΤ.
1189 303 1309 330 XXXIX.
1326 319 1357 324 —
1370 303 1406 330 De
1419 304 1529 339 angaria
1538 302 1583 331 seu
1594 303 1745 331 adactioue.

1069 359 1120 386 Job
1136 367 1208 392 xxrv,
1227 359 1255 386 6.
1278 375 1313 380 -—
1340 359 1522 387 «imbecilles
1546 359 1693 395 impiorum
1723 361 1820 387 vineas

1035 408 1094 435 sine
1119 408 1183 435 cibo
1198 411 1225 434 et
1240 407 1365 435 mercede
1378 407 1534 434 coluerunt.
1551 415 1561 433 ι

1069 452 1169 479 Matth.
1186 460 1212 484 ν,
1226 452 1271 479 41.
1286 467 1322 472 -
1338 460 1349 477 ι
1369 451 1398 478 Si
1417 452 1482 486 quis
1505 451 1691 486 angariaverit
1707 456 1733 479 te
1747 449 1820 478 mille

1035 505 1146 533 passus,
1162 497 1230 524 vade
1247 505 1310 524 cum
1328 504 1361 524 eo
1379 497 1433 523 alia
1445 498 1508 524 duo.
1528 506 1538 523 ›
1590 503 1598 509 ·

1070 542 1164 569 Jeram.
1177 550 1245 574 uti,
1263 542 1307 569 15.
1321 556 1357 561 -
1375 550 1384 566 t
1402 541 1454 574 Qui
1475 541 1592 569 aedificat
1607 541 1719 569 domum
1741 548 1819 568 etiam
1834 555 1839 560 ν

1036 587 1064 615 in
1081 587 1228 622 injustitia,
1247 590 1274 614 et
1299 587 1444 614 cmnacula
1465 594 1517 614 sua
1537 594 1592 614 non
1609 587 1637 614 in
1653 586 1760 621 judicio
1779 595 1785 612 :
1805 595 1820 613 υ

1037 633 1162 668 proximo
1177 640 1228 660 suo
1245 639 1315 667 opus
1326 632 1413 667 gratis
1424 632 1521 667 exigit,
1538 638 1564 660 et
1586 632 1743 660 mercedem
1759 633 1820 666 ejus

1036 685 1093 705 non
1110 677 1199 704 reddit
1216 677 1252 703 ei.
1267 685 1276 702 ι

1071 722 1132 749 Jac.
1148 730 1175 754 ν,
1196 723 1222 749 ιι
1234 731 1281 747 -‹
1299 722 1367 749 Ecce
1383 729 1489 749 merces
1504 721 1696 756 operariorum
1714 725 1821 748 vestro-

1038 775 1110 799 rum,
1128 768 1175 802 qui
1188 771 1365 795 messuerunt
1387 767 1514 802 regiones
1528 770 1635 794 vestras
1646 782 1654 798 ι
1670 774 1731 800 qua:
1745 766 1821 792 frau-

198 818 225 844 ai
239 816 298 851 βοαὶ
314 816 369 843 τῶν
394 815 558 851 θερισάντων
574 815 613 845 εἰς
621 813 655 840 τὰ
671 811 728 841 ὦτα
750 812 853 846 Κυρίου
872 810 981 838 Σαὸαὼθ

1039 814 1102 840 data
1122 817 1165 841 est
1191 820 1207 839 a
1226 813 1325 845 vobis,
1350 813 1467 844 clamat,
1491 817 1518 840 et
1533 813 1639 839 clamor
1657 820 1753 839 eorum
1781 811 1822 838 iu-

199 856 380 897 είσεληλῦθει.
399 870 408 886 ι

297 914 389 940 ΤΙΤΛ.
405 914 449 940 Μ’.
463 923 499 933 -ι
509 912 578 947 Περὶ
590 913 740 947 αἰσχύνης
755 911 880 946 ἀγαθῆς.

237 979 246 995 ‹
265 969 401 999 Λαϐόντες
422 969 483 1004 Σὴμ
499 968 545 995 καί
567 967 655 1002 Ἰαφὲο
671 968 702 994 τὸ
727 967 843 1002 ίμάτιον,
859 967 985 994 ἐπέθεντο

199 1014 245 1040 ἐπὶ
258 1013 293 1040 τὰ
307 1013 354 1040 δύο
370 1013 443 1040 νῶτα
459 1012 559 1044 αὐτῶν,
572 1012 619 1039 καὶ
635 1012 820 1047 ἐπορεύθησαν
834 1012 985 1046 ὀπισθοφα-

199 1059 261 1090 νὼς,
275 1059 322 1086 καὶ
338 1058 525 1092 συνεκάλυψαν
539 1057 587 1092 τὴν
599 1057 738 1092 γύμνωσιν
752 1057 799 1083 τοῦ
817 1057 920 1093 πατρὸς
936 1057 986 1083 αὺυ

199 1104 263 1135 τῶν,
275 1105 320 1130 καὶ
333 1103 384 1139 τὴν
396 1103 535 1138 γύμνωσιν
548 1102 594 1129 τοῦ
608 1102 708 1138 πατρὸς
719 1102 806 1129 αὐτῶν
818 1102 868 1128 οὐκ
880 1100 959 1128 είδον.
973 1110 982 1127 ι

238 1159 246 1174 ι
269 1149 361 1175 Ἔστιν
382 1148 497 1183 αἰσχύνη
524 1147 664 1181 ἐπάγουσα
689 1147 835 1181 ἁμαρτίαν,
852 1147 900 1173 καὶ
913 1146 985 1173 ἐστιν

199 1194 314 1229 αἰσχύνη
333 1194 396 1227 δόξα
408 1194 454 1220 καὶ
468 1193 557 1229 χάρις.
580 1202 589 1218 ι

239 1249 247 1264 ι
265 1240 321 1273 Πρὸ
341 1239 455 1274 βροντῆς
483 1237 664 1265 κατασπεὺδει
693 1238 831 1273 ἀστραπὴ,
859 1238 905 1264 καὶ
933 1237 986 1272 πρὸ

199 1284 380 1319 αἰσχυντηροῦ
394 1283 587 1319 προελεύσεται
603 1283 692 1318 χάρις.
710 1292 719 1308 ι

239 1337 247 1354 ι
265 1328 428 1363 Αἰσχύνεσθε
457 1328 511 1355 ἀπὸ
536 1328 638 1363 πατρὸς
648 1328 694 1354 καὶ
710 1327 814 1362 μητρὸς
833 1327 895 1361 περὶ
916 1335 984 1362 πορ-

200 1373 284 1404 νείας,
297 1373 343 1400 καὶ
357 1372 410 1399 ἀπὸ
425 1373 575 1408 ἡγουμένου
592 1372 640 1398 καὶ
655 1371 786 1407 τυράννου
806 1371 898 1398 ἕνεκεν
919 1370 985 1404 ψεύ-

199 1419 275 1449 δους·
290 1418 344 1444 ἀπ’)
367 1418 461 1453 κριτοῦ
482 1418 527 1444 καὶ
548 1418 677 1453 ἄρχοντος
693 1417 756 1452 περὶ
781 1416 983 1452 πλημμελείας,

1036 859 1119 887 travit
1133 859 1159 886 in
1178 866 1260 886 aures
1278 858 1384 886 Domini
1404 858 1587 886 exercituum.
1606 866 1616 883 ›

1202 914 1271 941 ΤΙΤ.
1289 913 1345 941 XL.
1360 929 1396 935 -—
1409 914 1447 940 De
1459 912 1559 948 pudore
1574 912 1652 939 bono.

1071 970 1136 998 Gen.
1152 978 1189 1003 ιιι,
1211 970 1258 997 25.
1276 984 1311 990 -—
1337 979 1347 996 ‹
1365 969 1540 1004 Accipientcs
1565 968 1628 996 Scm
1650 971 1678 995 et
1702 966 1819 1002 Japbetb

1037 1016 1164 1051 pallium,
1183 1016 1374 1051 imposuerunt
1389 1014 1511 1042 humeris
1523 1013 1602 1041 suis:
1619 1017 1646 1040 et
1659 1013 1820 1040 incedentes

1035 1065 1206 1094 retrorsum,
1222 1063 1392 1096 operuerunt
1416 1059 1570 1087 nuditatem
1595 1059 1682 1093 patris
1710 1059 1763 1091 sui,
1793 1062 1820 1085 et

1037 1107 1190 1134 nuditatem
1208 1106 1294 1141 patris
1310 1106 1353 1133 sui
1369 1113 1424 1133 non
1441 1105 1584 1132 viderunt.
1601 1113 1610 1130 ι

1072 1150 1158 1179 Ecch'.
1175 1159 1211 1184 ιν,
1224 1150 1269 1178 2t.
1283 1165 1316 1170 ——
1331 1159 1340 1176 ‹
1354 1150 1402 1177 Est
1421 1148 1550 1177 confusio
1567 1149 1708 1177 adducens
1723 1156 1821 1185 peccas

1037 1200 1094 1222 tum
1110 1204 1118 1228 ;
1131 1199 1159 1223 et
1171 1200 1212 1223 cst
1229 1195 1355 1223 confusio
1370 1196 1459 1230 gloria
1473 1199 1500 1222 et
1515 1195 1614 1230 gratia.
1632 1203 1642 1220 ι

1072 1239 1157 1266 Eccli.
1172 1247 1257 1271 xxxu,
1274 1239 1317 1267 10.
1333 1250 1368 1260 -δ-
1384 1249 1393 1264 ι
1409 1239 1481 1267 Ante
1498 1239 1602 1266 tonitru
1615 1242 1745 1274 properat
1760 1239 1820 1266 ful-

1036 1293 1099 1320 gur,
1115 1290 1142 1312 et
1158 1291 1222 1313 ante
1238 1286 1431 1321 pudibundum
1445 1286 1531 1313 exibit
1550 1286 1649 1321 gratia.
1670 1295 1679 1312 ι

1073 1329 1155 1357 Eccli.
1170 1338 1227 1361 xu.
1242 1331 1286 1362 2i.
1300 1331 1395 1358 22-27.
1406 1345 1439 1350 ——
1460 1339 1469 1356 ε
1485 1330 1647 1358 Erubescite
1663 1338 1676 1357 a
1694 1334 1776 1365 patre
1793 1333 1820 1357 et

1037 1380 1125 1403 matre
1139 1376 1172 1402 de
1186 1375 1379 1407 fornicatione.
1389 1379 1417 1403 et
1430 1383 1445 1402 a
1461 1376 1626 1410 prmsidente
1637 1380 1664 1402 et
1678 1382 1693 1402 a
1710 1380 1820 1410 potente

1036 1418 1070 1445 dc
1086 1419 1231 1446 mendacio
1247 1428 1254 1446 :
1272 1427 1286 1446 a
1302 1420 1427 1455 principe
1442 1424 1469 1448 et
1481 1420 1575 1455 judice
1586 1421 1620 1448 de
1636 1420 1746 1453 delicto,
1764 1426 1791 1448 et
1804 1430 1818 1447 a

199 1464 247 1490 καὶ
260 1463 314 1490 ἀπὸ
325 1463 407 1490 τόπου
421 1461 451 1490 οὗ
476 1464 616 1498 παροικεῖς
643 1463 706 1498 περὶ
728 1462 846 1497 κλοπῆς,
861 1461 909 1488 καὶ
932 1462 981 1488 ἀπὲ

1036 1462 1096 1490 loco
1115 1463 1162 1490 ubi
1183 1463 1307 1495 habitas,
1322 1465 1356 1491 de
1371 1465 1444 1492 furto
1459 1473 1465 1492 :
1484 1469 1510 1492 et
1525 1471 1540 1491 a
1555 1464 1671 1492 veritate
1691 1462 1747 1498 Dei,
1764 1467 1789 1492 et
1804 1472 1819 1490 a

199 1508 328 1544 ἀληθείας
343 1508 420 1540 Θεοῦ,
435 1509 483 1534 καὶ
496 1508 550 1534 ἀπὸ
567 1507 700 1542 διαθήκης
710 1515 717 1523 ο
737 1508 784 1534 καὶ
801 1508 855 1534 ἀπὸ
878 1506 985 1542 πήξεως

199 1553 322 1587 ἀγκῶνος
336 1555 365 1579 ὲν
375 1553 477 1588 ἄρτοις,
493 1554 540 1579 καὶ
552 1553 606 1579 ἀπὸ
623 1553 807 1588 σκορακισμοῦ
819 1552 926 1587 λήψεως
939 1552 985 1578 καί¹

199 1598 308 1630 δόσεως,
337 1598 384 1624 καὶ
411 1598 465 1624 ἀπὸ
487 1597 684 1632 ἀσπαζομένων
713 1598 778 1633 περὶ
793 1598 915 1632 σιωπῆς·
931 1597 985 1624 ἀπὺ

199 1643 320 1678 ὁράσεως
334 1643 461 1677 γυναικὸς
475 1643 596 1678 ἑταίρας,
609 1643 656 1669 καὶ
670 1643 724 1670 ἀπὸ
741 1643 894 1678 συστροφῆς
906 1651 985 1678 προσ-

200 1689 275 1716 ώπου
308 1688 465 1723 συγγενοῦς,
492 1689 541 1715 καὶ
563 1688 617 1715 ἀπὸ
640 1689 830 1723 κατανοήσεως
857 1688 985 1721 γυναικὸς

200 1733 346 1769 ὑπάνδρου,
359 1734 406 1760 καὶ
417 1734 471 1760 ἀπὸ
485 1733 643 1769 περιεργίας
656 1734 801 1768 παιδίσκης
816 1734 899 1768 αὐτῆς
911 1741 918 1748 ⁸
930 1734 985 1760 ἀπὸ

200 1779 285 1814 φίλων
301 1779 364 1814 περὶ
381 1779 459 1813 λόγου
471 1779 633 1814 ὀνειδισμοῦ,
659 1779 705 1806 καὶ
727 1778 924 1813 ἀποκαλύψεως
939 1779 984 1805 λό-

199 1833 257 1859 γων
271 1825 395 1860 κρυφίων
405 1833 411 1839 ’
426 1825 473 1851 καὶ
487 1824 535 1859 ἔσῃ
548 1824 728 1860 αἰσχυντηρὸς
739 1824 777 1855 ὡς
787 1823 923 1858 ἀληθινὸς,
936 1824 984 1851 καὶ

159 1902 164 1913 ἴ
200 1871 334 1906 εὑρίσκων
351 1870 430 1906 χάριν
441 1870 529 1896 ἔναντι
545 1870 644 1901 παντὸς
659 1869 815 1904 ἀνθρώπου.
831 1878 840 1895 ι

268 1925 359 1952 ΤΙΤΛ.
371 1925 439 1951 MA'.
457 1938 491 1943 —
507 1923 576 1958 Περὶ
601 1924 751 1958 αἰσχύνης
769 1922 912 1957 πονηρᾶς.

238 1979 247 1996 t
268 1970 334 2005 Περὶ
349 1970 399 2005 τῆς
419 1969 508 2005 ψυχῆς
529 1977 577 1996 σου
595 1969 633 2005 μὴ
647 1969 805 2004 αἰσχυνθῇς.
835 1970 912 1996 Ἔστι
928 1969 981 2005 γὰρ

199 2014 314 2050 αἰσχύνη
327 2015 465 2049 ἐπάγουσα
479 2015 627 2050 ἁμαρτίαν,
638 2015 686 2041 καὶ
701 2014 773 2041 ἐστιν
786 2015 901 2050 αἰσχύνη
918 2015 981 2048 δόξα

199 2061 246 2087 καὶ
267 2060 346 2096 χάρις
355 2068 363 2076 ·
381 2061 428 2087 καὶ
444 2060 481 2095 μὴ
495 2060 580 2096 λάϐῃς
598 2061 742 2096 πρόσωπον
752 2061 823 2088 κατὰ
833 2061 882 2096 τῆς
893 2061 982 2096 ψυχῆς

200 2113 256 2138 σου,
269 2105 317 2132 καὶ
333 2104 371 2140 μὴ
385 2105 521 2141 ἐντραπῇς
535 2106 575 2138 εἰς
585 2106 687 2132 πτῶσιν
699 2114 755 2132 σου.
775 2115 784 2131 ι

235 2209 244 2225 ε
264 2199 340 2226 Ἐστι
352 2199 432 2235 χάριν
446 2198 577 2236 αἰσχύνης
590 2201 822 2237 ἐπαγγελλόμενος
835 2202 915 2238 φίλῳ,
933 2205 981 2231 καὶ

198 2245 331 2280 ἐκτήσατο
345 2245 426 2272 αὑτὸν
440 2245 546 2280 ἐχθρόν.
564 2255 574 2272 ι

235 2298 244 2315 ι
271 2289 365 2325 Ὀργὴ,
376 2290 423 2316 καὶ
441 2290 562 2317 ἀναίδεια
574 2310 581 2322 ,
596 2290 642 2317 καὶ
661 2290 776 2326 αἰσχύνη
791 2291 907 2327 μεγάλη,
933 2293 980 2320 ἐὰν

197 2335 264 2370 γυνὴ
279 2335 430 2372 ἐπιχορηγῇ
443 2335 482 2371 τῷ
493 2336 570 2371 ἀνδρὶ
583 2336 677 2371 αὐτῆς.
698 2346 708 2362 ι

234 2430 243 2447 t
262 2421 329 2457 Περὶ
341 2423 443 2450 τούτων
455 2423 493 2458 μὴ
509 2423 668 2460 αἰσχυνθῇς,
679 2424 727 2451 καὶ
744 2424 781 2460 μὴ
797 2424 882 2461 λάϐῃς
896 2426 979 2461 πρόσ-

195 2474 270 2492 ωπον
283 2466 329 2493 τοῦ
344 2467 525 2503 ἁμαρτάνειν·
539 2467 607 2504 Περὶ
620 2468 703 2504 νόμου
724 2468 853 2503 Ὑψίστου
869 2470 914 2496 καὶ
924 2470 979 2497 δια-

196 2509 293 2546 θήκης.
309 2512 431 2548 καὶπερὶ
448 2513 581 2548 κρίματος
604 2514 650 2541 τοῦ
664 2514 806 2541 δικαιῶσαι
821 2514 866 2542 τὸν
879 2515 976 2550 ἀσεϐῆ,

195 2556 259 2590 περὶ
272 2555 350 2590 λόγου
364 2558 492 2585 κοινωνοῦ
505 2558 551 2585 καὶ
570 2559 726 2594 ὁδοιπόρων,
742 2560 788 2586 καὶ
800 2561 863 2594 περὶ
879 2560 977 2593 δόσεως

195 2600 374 2635 κληρονομίας
389 2601 490 2637 ἐτέρων
500 2611 507 2617 ·
518 2604 583 2638 περί
594 2603 736 2639 ἀκριϐείας
746 2605 828 2639 ζυγοῦ
855 2606 900 2632 καὶ
916 2614 976 2633 στα-

194 2645 328 2680 θμῶν,καὶ
337 2646 401 2681 περὶ
414 2648 535 2682 κτήσεως
547 2648 652 2675 πολλῶν
662 2649 708 2676 καὶ
719 2650 814 2684 ὀλίγων
824 2659 830 2665 ·
843 2652 906 2687 περὶ
919 2651 976 2678 δια-

194 2691 277 2726 φόρου
292 2692 420 2726 πράσεως
434 2692 573 2728 ἐμπόρων,
587 2694 633 2720 καὶ
651 2694 715 2728 περὶ
738 2695 859 2727 παιδείας
875 2697 976 2724 τέκνων

194 2735 308 2770 πολλῶν,
325 2737 373 2764 καὶ
394 2737 488 2774 οἰκέτῃ
501 2738 611 2773 πονηρῷ
626 2739 745 2774 πλευρὰν
769 2741 893 2774 αἱμάξαι.
916 2743 976 2770 Ἐπί

191 2785 302 2820 γυναικὶ
333 2787 438 2821 πονηρᾷ
463 2786 546 2813 καλὸν
574 2787 710 2822 σφραγῖςι
735 2788 781 2814 καὶ
807 2789 872 2815 ὅπου
885 2792 975 2825 χεῖρες

1037 1512 1211 1541 testamento,
1226 1513 1251 1536 et
1267 1517 1280 1535 a
1297 1509 1398 1537 lixione
1406 1510 1493 1537 cubiti
1507 1511 1534 1537 in
1545 1510 1672 1545 panibus,
1684 1515 1712 1537 et
1724 1511 1759 1537 ab
1771 1511 1820 1537 ob-

1036 1554 1191 1582 fuseatione
1205 1555 1261 1581 dati
1288 1559 1315 1582 et
1333 1556 1460 1590 accepti:
1478 1563 1493 1582 a
1514 1555 1701 1584 salutantibus
1722 1556 1756 1583 de
1779 1557 1819 1583 si-

1036 1600 1140 1626 lentio:
1157 1607 1172 1626 a
1191 1605 1319 1634 respectu
1343 1600 1470 1627 mulieris
1487 1600 1656 1633 fornicarize,
1676 1607 1703 1629 et
1718 1608 1733 1628 a
1751 1602 1818 1629 sub-

1036 1644 1164 1671 versione
1187 1644 1278 1672 vultus
1304 1645 1425 1680 cognati,
1451 1648 1478 1672 et
1501 1652 1516 1672 a
1542 1646 1669 1674 contuitu
1694 1647 1818 1675 mulieris

1035 1689 1190 1723 conjuncta:
1206 1691 1278 1722 viro,
1295 1694 1322 1717 ct
1339 1697 1353 1716 a
1365 1690 1475 1718 curioso
1491 1695 1604 1726 aspectu
1618 1691 1718 1726 puella:
1735 1692 1816 1726 ejus;

1035 1736 1070 1762 ab
1097 1735 1195 1763 amicis
1219 1736 1253 1763 de
1276 1742 1404 1764 sermone
1420 1735 1592 1771 improperii,
1608 1740 1634 1764 et
1650 1736 1818 1764 revelatiozzc

1034 1780 1109 1807 verbi
1124 1780 1289 1808 absconditi.
1307 1780 1340 1808 Et
1359 1781 1415 1808 eris
1436 1781 1614 1815 pudibuttdus
1628 1785 1656 1809 et
1678 1789 1772 1814 verax,
1791 1784 1817 1809 et

1035 1825 1158 1854 invenies
1174 1825 1290 1861 gratiam
1306 1833 1399 1854 coram
1410 1826 1486 1854 omni
1500 1826 1621 1855 homine.
1638 1835 1649 1853 ι

1191 1921 1258 1951 ΤΙΤ.
1274 1922 1343 1950 XLI.
1358 1937 1393 1943 ——
1406 1923 1445 1950 De
1461 1923 1562 1958 pttdare
1574 1919 1655 1951 "talo.

1070 1969 1155 1996 Eccti.
1169 1977 1204 2001 tv,
1219 1969 1264 1996 20.
1278 1984 1313 1989 ———
1332 1976 1341 1994 ι
1357 1968 1395 1996 De
1410 1969 1501 1996 anima
1517 1973 1564 1996 tua
1581 1977 1615 1996 ne
1625 1968 1814 1997 confundaris‘.

1034 2015 1083 2042 Est
1097 2015 1171 2042 enim
1186 2014 1315 2041 confusio
1330 2013 1472 2042 adducens
1489 2019 1642 2049 peccatum,
1657 2019 1684 2042 et
1698 2020 1740 2042 est
1752 2023 1814 2043 cott-

1034 2059 1119 2090 fusio,
1136 2059 1223 2094 gloria
1239 2063 1267 2086 et
1287 2059 1384 2094 gratia.
1407 2058 1441 2085 Et
1465 2066 1500 2086 ne
1516 2059 1634 2094 accipias
1647 2059 1744 2087 faciem
1767 2061 1815 2088 ad:

996 2121 1020 2151 ο
1034 2113 1130 2134 versus
1153 2105 1273 2132 animam
1295 2108 1390 2138 tuam,
1413 2111 1463 2131 nec
1486 2106 1637 2133 reverearis
1649 2106 1675 2133 in
1697 2106 1814 2133 animam

1033 2156 1119 2180 tuam.
1134 2161 1144 2178 Ι

1067 2197 1154 2224 Ecclt.
1173 2204 1221 2230 xx,
1233 2196 1322 2224 ειη-
1339 2204 1349 2222 ι
1365 2196 1414 2224 Est
1435 2195 1482 2231 qui
1498 2203 1555 2232 prae
1573 2195 1736 2225 confusione
1751 2204 1814 2232 pro-

1031 2243 1117 2271 mittit
1132 2243 1231 2275 amieo,
1247 2243 1405 2270 etlucratus
1421 2246 1464 2270 est
1473 2250 1536 2270 eum
1551 2242 1702 2271 inimicum.
1717 2253 1727 2270 ι

1066 2288 1153 2315 Eccli.
1171 2296 1234 2321 xxv,
1250 2288 1296 2315 ‘32.
1311 2302 1344 2308 —
1363 2297 1372 2313 ι
1388 2287 1441 2320 lra,
1461 2292 1488 2316 et
1503 2289 1690 2322 irreverentia,
1709 2295 1737 2317 et
1747 2297 1814 2317 con-

1031 2334 1102 2362 fusio
1119 2342 1228 2369 magna.
1246 2335 1268 2362 si
1286 2334 1382 2362 mulier
1398 2335 1544 2370 primatum
1561 2339 1652 2363 teneat
1673 2343 1757 2370 supra
1771 2337 1813 2364 vi-

1029 2387 1090 2407 rum
1111 2378 1203 2408 suum.
1221 2389 1230 2406 ι

1062 2426 1147 2453 Eccli.
1164 2425 1229 2459 uti,
1249 2426 1305 2453 1-7.
1322 2441 1355 2447 -
1373 2435 1382 2452 ι
1398 2426 1437 2454 Ne
1452 2426 1486 2453 de
1503 2426 1546 2454 bis
1566 2425 1759 2458 confundaris.
1784 2432 1812 2454 et

1028 2478 1063 2499 ne
1075 2471 1199 2507 accipi’as
1213 2479 1360 2507 personam
1375 2476 1405 2499 ut
1420 2471 1586 2506 delinquas:
1603 2471 1641 2499 De
1652 2471 1711 2507 lege
1725 2471 1810 2500 Altis-

1027 2516 1104 2549 simi,
1121 2521 1149 2544 et
1167 2517 1200 2544 de
1217 2521 1392 2550 testamento,
1409 2521 1436 2545 et
1449 2518 1482 2545 de
1494 2516 1601 2551 judicio
1611 2516 1645 2544 ad
1658 2516 1809 2551 justiflcan-

1027 2562 1091 2590 dum
1109 2563 1242 2598 impium;
1261 2563 1294 2590 de
1313 2562 1396 2590 verbo
1419 2562 1558 2590 sociorum
1573 2567 1600 2590 et
1615 2563 1762 2595 viatorum,
1780 2567 1809 2591 et

1028 2608 1062 2636 de
1076 2607 1187 2636 datione
1213 2608 1382 2636 baereditatis
1406 2611 1576 2642 amicorum;
1597 2609 1632 2636 de
1651 2609 1809 2644 aequalitate

1028 2657 1138 2682 staterae
1154 2658 1182 2682 et
1205 2654 1378 2689 ponderum;
1394 2654 1429 2681 de
1452 2654 1637 2689 acquisitione
1658 2654 1807 2682 multorum

1026 2703 1053 2727 et
1068 2707 1218 2735 paucorum
1233 2709 1240 2733 ;
1258 2701 1290 2727 de
1312 2699 1422 2727 diversa
1439 2699 1578 2734 emptione
1593 2700 1806 2734 negotiatorum,

1025 2749 1053 2772 et
1070 2746 1102 2772 de
1119 2745 1205 2772 multa
1228 2745 1376 2780 disciplina
1391 2744 1522 2778 filiorum,
1539 2749 1566 2772 et
1583 2751 1664 2772 servo
1686 2745 1807 2778 pessimo

1026 2791 1099 2818 latus
1115 2791 1292 2826 sanguiuare.
1309 2790 1399 2830 Super
1415 2791 1556 2818 mulierem
1570 2797 1686 2825 nequam
1703 2790 1806 2819 bonum
