2074 3115
259 108 324 140 1251

847 110 878 140 S.
899 109 1058 140 JOANNIS
1071 109 1286 142 DAMASCENI

1820 115 1829 147 1
1837 117 1888 148 252

256 171 298 194 cst
311 167 431 202 signum.
446 165 498 194 Ubi
515 173 614 193 manus
627 166 710 202 378
726 167 816 194 multa:
832 173 906 200 sunt,
923 168 1038 195 claude:

1093 169 1199 200 πολλαὶ.
1225 170 1341 196 κλεῖσον.
1369 172 1401 198 Ὃ
1426 171 1473 198 ἐὰν
1490 171 1630 207 παραδῷς,
1646 172 1674 199 ἐν
1688 172 1810 208 ἀριθμῷ,
1841 177 1888 202 καὶ

255 215 282 237 ct
298 211 481 246 quodcunque
502 210 604 243 Ira-.les,
618 211 644 237 in
665 219 779 238 numero
801 216 829 239 et
851 213 990 248 pondere;
1018 219 1038 241 el

1099 214 1226 250 σταθμῷ·
1245 216 1292 242 καὶ
1305 216 1379 248 δόσις
1395 217 1442 243 καὶ
1452 217 1532 252 λῆψις
1550 218 1658 244 πάντων
1672 219 1700 244 ὲν
1716 220 1819 254 γραφῇ.
1839 228 1849 244 ι

255 257 350 284 datum
372 261 398 284 et
413 259 556 291 acceptum
572 256 700 283 omnium
719 258 855 286 describe.
873 268 883 285 ι

291 302 468 329 ΡΙιὶιοηὶε.-
491 300 627 328 Pudorem
648 301 728 328 aiunt
749 302 894 338 plerisque
927 303 1044 331 minime

256 348 402 382 profuisse.
423 355 432 372 ι

255 413 325 452 ΤΠ..
339 413 419 452 XLII.
432 428 467 433 —
482 413 519 440 De
533 413 703 448 petitionibus
721 414 840 450 iniquis:
856 421 880 442 et
900 417 971 452 quod
993 426 1040 444 ea:

291 450 541 486 minimeperagere
570 453 595 486 et
613 454 745 486 prazstare
776 450 912 486 oporteat,
933 452 1040 479 etiamsi

243 518 280 527 ἢν
291 489 374 510 muter
388 484 424 511 sit
435 492 493 519 qua:
505 491 549 511 eas
564 484 659 518 faciat.

235 535 333 566 ένίγ
350 538 413 573 Reg.
440 545 476 572 II,
493 539 526 566 t9
549 546 628 574 seqq.
644 554 680 560 —
704 548 713 565 ι
730 539 840 567 Positus
858 544 898 567 est
925 542 1040 570 thronus

255 584 338 611 matri
355 584 438 620 regis,
451 589 478 611 et
494 583 566 612 sedit
587 592 601 611 a
617 585 723 612 dextris
742 585 814 619 ejus,
834 585 958 621 dixitque
977 587 1016 614 illi
1031 596 1039 614 :

255 631 420 658 I’elilioncllt
442 638 524 657 unam
545 632 686 666 parvulam
702 638 754 667 ego
770 632 904 667 deprecor
916 640 931 659 a
954 638 990 665 te,
1007 640 1041 661 ne

254 680 362 704 avertas
379 675 478 702 faciem
496 683 595 703 meam.
613 675 645 703 Et
660 676 729 703 dixit
742 677 766 704 ei
783 685 829 704 rex
843 686 850 704 :
863 676 937 710 Pete,
953 683 1040 706 mater

254 728 313 748 mea
331 730 337 748 :
356 728 410 748 non
428 721 500 747 enim
517 726 644 748 aiertero
661 727 696 748 te.
710 720 778 754 Qua:
794 723 832 749 ait
847 730 853 748 :
871 722 957 751 Detur
971 723 1040 752 Abi-

253 774 299 793 sac
314 766 466 793 Suuamitis
478 765 570 793 Ornize
583 765 719 802 [Adonim]
734 767 812 794 fratri
831 772 878 795 tuo
899 769 926 795 in
943 769 1040 797 mulie-

253 819 320 838 rem.
338 811 370 838 Et
387 812 530 846 respondit
549 819 597 839 rex
614 812 756 846 Salomon,
772 818 798 841 et
815 814 854 841 ait
868 815 948 841 matri
962 823 1037 842 sum:

253 857 340 884 Eccur
355 858 479 892 postulas
490 857 592 885 Abisac
605 857 698 886 Ornize
712 859 737 885 in
752 859 915 887 mulierem?
929 859 1040 888 Postula

251 904 276 931 ei
291 908 317 931 et
329 911 453 938 regnum.
467 904 528 938 Ipse
545 905 618 932 enim
633 909 675 932 est
689 905 774 932 frater
791 913 866 933 meus
883 907 971 941 major
985 914 1038 941 me,

251 951 315 977 etei
329 948 463 976 Abiatliar
480 950 623 981 sacerdos,
637 954 664 977 et
681 950 732 985 ipsi
753 950 823 978 Joab
841 951 915 979 ﬁlius
933 951 1041 980 Sarvize

252 995 304 1022 dux
318 995 459 1023 exercitus
477 995 560 1022 amici
575 999 650 1022 sunt.
670 995 702 1022 Et
717 996 823 1030 juravit
845 1005 892 1024 rex
910 997 1039 1025 Salomon

251 1048 299 1075 per
324 1040 470 1067 Dominum
487 1041 604 1068 dicens:
630 1040 694 1068 Ilaec
719 1042 804 1070 faciat
827 1042 895 1070 mihi
914 1043 996 1077 Deus,
1013 1049 1040 1072 et

251 1087 309 1114 haec
324 1087 419 1119 addat,
435 1087 500 1122 quia
515 1091 614 1114 contra
639 1088 759 1115 animam
778 1096 855 1116 suam
872 1089 982 1117 locutus
997 1095 1041 1118 est

251 1132 349 1160 Oruias
364 1133 478 1160 verbum
501 1133 564 1161 hoc.
582 1133 616 1161 Et
641 1141 716 1161 nunc
737 1134 805 1161 vivit
828 1134 972 1168 Dominus,
992 1135 1038 1170 qui

251 1179 425 1213 praeparavit,
442 1182 470 1206 et
484 1179 577 1214 posuit
601 1187 644 1207 me
664 1187 747 1215 super
761 1180 860 1208 solium
886 1181 970 1215 David
992 1189 1040 1216 pa-

251 1225 302 1252 tris
319 1224 383 1257 mei,
400 1224 463 1259 quia
479 1224 562 1252 hodie
580 1225 723 1253 occidetur
738 1225 847 1254 Ornias.
865 1226 898 1253 Et
910 1227 996 1260 misit,
1013 1232 1039 1255 et

250 1277 313 1297 eum
343 1269 492 1298 interfecit.
519 1269 550 1297 Et
581 1275 708 1299 mortuus
736 1276 780 1299 est
811 1272 912 1300 Oruias
936 1273 964 1300 in
995 1273 1040 1301 die

252 1315 309 1342 illa.
326 1324 335 1340 ι

285 1444 384 1472 Matth.
408 1453 452 1478 xx,
469 1445 564 1473 20-23.
586 1461 619 1465 —
647 1456 657 1472 ε
674 1447 752 1474 Tunc
778 1448 897 1475 accessit
917 1448 950 1475 ad
978 1455 1039 1476 eum

251 1496 337 1518 mater
356 1490 474 1518 filiorum
487 1490 611 1519 Zebedaei
627 1499 689 1520 cum
711 1492 775 1519 filiis
791 1493 862 1524 suis,
876 1493 998 1521 adorans
1010 1499 1038 1522 et

251 1542 347 1572 petens
364 1536 470 1572 aliquid
485 1537 519 1564 ab
543 1545 585 1565 eo.
606 1537 658 1571 Qui
675 1537 744 1565 dixit
757 1538 799 1566 ei:
816 1538 889 1572 Quid
912 1539 974 1566 vis?
992 1541 1038 1567 Ait

250 1583 288 1610 illi
306 1592 312 1610 :
331 1582 366 1610 Ut
380 1582 494 1611 sedeant
509 1583 535 1610 bi
554 1584 607 1611 duo
627 1585 674 1611 filii
691 1584 754 1617 mei,
772 1593 845 1612 unus
862 1585 894 1612 ad
910 1585 1036 1613 dextram

251 1633 336 1662 tuam,
353 1633 380 1656 et
393 1637 464 1656 unus
477 1629 511 1656 ad
526 1630 670 1657 sinistram
688 1631 714 1657 in
728 1638 814 1666 regno
834 1637 893 1659 tuo.
911 1631 1038 1666 Respon-

249 1675 319 1701 dens
335 1678 426 1700 autem
447 1673 540 1705 .Icsus.
554 1674 611 1701 ait:
627 1674 748 1702 Nescitis
764 1675 830 1710 quid
857 1676 969 1711 petatis.
986 1676 1038 1704 Po-

250 1719 330 1746 testis
344 1719 438 1746 bibere
455 1720 581 1751 calicem,
598 1727 679 1754 quem
698 1727 749 1755 ego
767 1720 907 1749 bibiturus
922 1729 994 1755 sum,
1011 1725 1038 1750 et

251 1764 416 1799 baptismate
436 1765 569 1800 baptizari
588 1773 642 1799 quo
658 1773 709 1800 ego
722 1765 858 1801 baptizor.
876 1766 975 1799 Dicunt
990 1767 1014 1795 ei
1029 1777 1035 1794 :

250 1808 413 1837 Possumus.
426 1809 498 1837 Dicit
515 1809 573 1837 eis:
590 1809 710 1837 Calicem
729 1810 842 1844 quidem
858 1818 948 1838 meum
962 1811 1039 1839 bibe-

250 1853 298 1886 tis,
313 1858 341 1881 et
354 1854 521 1889 baptismate
536 1854 747 1889 baptizabimini
764 1863 770 1881 :
787 1854 886 1882 sedere
901 1859 991 1882 autem
1005 1855 1037 1882 ad

250 1899 390 1927 dexteram
419 1907 509 1927 meam
527 1903 553 1927 et
577 1900 610 1926 ad
638 1900 791 1933 sinistram,
811 1908 865 1927 non
882 1906 926 1928 est
948 1909 1038 1928 meum

250 1945 332 1979 dare;
351 1945 399 1974 sed
415 1946 517 1980 quibus
533 1950 659 1981 paratqu
674 1951 715 1974 est
731 1953 746 1972 a
759 1945 842 1974 Patre
858 1954 932 1975 meo.
953 1957 962 1973 ι

251 2054 318 2082 ΤΙΤ.
338 2054 428 2092 XLIII.
442 2070 476 2075 —
489 2055 525 2092 De
544 2054 696 2092 inexplebili
724 2055 869 2087 cupiditate
888 2063 896 2092 ς
919 2060 943 2082 et
968 2058 1038 2092 quod

320 2090 376 2117 sine
392 2090 447 2116 ulla
460 2090 586 2117 satietate
596 2090 676 2124 plura
689 2098 790 2124 semper
806 2091 966 2125 appetitum.

284 2146 365 2173 Prov.
380 2154 466 2178 xxvu,
481 2146 529 2174 9.0.
550 2161 584 2166 —
604 2155 613 2170 ε
629 2144 754 2172 Infernus
779 2149 807 2173 et
824 2146 947 2180 perditio
966 2155 1038 2175 nun-

1132 303 1187 338 Τὴν
1202 304 1268 332 αἰδὼ
1284 304 1351 339 φασὶ
1372 305 1409 341 μὴ
1425 305 1599 341 λυσιτελῆσαι
1625 305 1743 338 πολλοῖς.

1096 409 1186 438 ΤΙΤΛ.
1205 411 1271 446 ΜΒ’.
1288 426 1324 432 --
1345 412 1414 446 Περὶ
1433 412 1546 440 ἀδίκων
1573 413 1744 446 αἰτήσεων-⁸
1767 416 1817 443 καί
1839 417 1889 444 ὅτι

1129 446 1182 486 τὶές
1193 445 1316 486 ἀδίκους
1325 445 1474 486 dimicem,
1483 448 1519 474 οὺ
1529 447 1587 486 χρὴ
1599 445 1674 482 πρὸς
1688 449 1780 484 πέρας
1790 451 1886 486 ἄγειν,
1901 483 1903 485 ι

1130 480 1189 507 κᾶν
1200 481 1301 516 μήτηρ
1315 482 1392 517 τύχῃ
1410 482 1428 516 ή
1446 480 1504 517 τὴν
1515 480 1638 517 αἴτησιν·
1653 480 1830 520 ὰοιοὶσμὲνή.

1133 547 1143 564 t
1171 537 1266 572 Ἐτέθη
1289 537 1383 573 θρόνος
1399 539 1432 573 τῇ
1448 539 1532 573 μητρὶ
1557 537 1605 565 τοῦ
1621 538 1763 573 βασιλέως,
1789 541 1836 567 καὶ
1852 542 1886 568 ἐκ

1092 583 1187 618 δεξιῶν
1202 583 1285 610 αὐτοῦ
1302 583 1423 616 ἐκάθισε,
1441 584 1488 611 καὶ
1498 583 1575 611 εἶπεν
1587 585 1663 620 αὐτῷ
1673 593 1680 600 ·
1697 586 1809 621 Δῐτησιν
1819 587 1887 621 μίαν

1095 629 1196 665 μικρὰν
1211 628 1267 664 ἐγὼ
1282 628 1408 664 αἰτοῦμαι
1424 629 1499 665 παρὰ
1516 630 1578 657 σοῦ’
1605 630 1643 666 μὴ
1665 632 1842 668 ἀποστρέψῃς
1853 632 1884 659 τδ

1093 675 1239 710 πρόσωπόν
1254 683 1315 709 μου.
1332 675 1386 702 Καὶ
1400 674 1475 702 εἶπεν
1488 675 1556 710 αὐτῇ
1568 676 1582 702 6
1597 675 1740 710 βασιλεύς·
1755 676 1880 711 Δίτησαι,

1094 721 1186 756 μήτηρ
1202 721 1267 756 ἐμὴ,
1283 722 1325 747 ὅτι
1338 721 1388 748 οὐκ
1402 721 1567 757 ἀποστρέψω
1582 730 1621 749 σε.
1634 723 1742 758 Δοθήτω
1758 723 1790 758 δὴ
1808 724 1882 750 Ἀδι-

1094 766 1146 792 σὰκ
1171 767 1188 801 ἡ
1213 765 1374 801 Σουναμῖτις
1407 766 1500 802 Ὀρνίᾳ
1519 766 1573 802 [ΑΙ.
1604 767 1709 802 ’Δδονία
1730 772 1817 799 mnu
1831 776 1880 804 pro

1092 811 1185 846 num]
1202 811 1240 846 τῷ
1266 811 1374 847 ἀδελφῷ
1398 820 1446 838 σου
1461 813 1501 844 εἰς
1521 814 1648 846 γυναῖκα.
1666 813 1722 840 Καὶ
1742 814 1881 849 ἀπεκρίθη

1056 846 1077 874 Β
1091 858 1218 894 Σολομὼν
1233 859 1247 884 6
1264 846 1402 892 βασιλεὺς,
1419 857 1467 884 καὶ
1482 855 1542 884 εἷπε
1555 859 1589 893 τῇ
1604 859 1688 894 μητρὶ
1703 859 1787 885 αὐτοῦ
1798 868 1805 876 ο
1820 846 1880 886 ’Καί

1092 905 1136 932 ἵνα
1149 905 1175 931 τι
1187 905 1248 940 αίτῇ
1262 904 1311 939 τὴν
1327 903 1441 930 ’Λσισὰκ
1452 903 1491 938 τῷ
1508 903 1602 939 Ὀρνίᾳ
1616 904 1657 935 εἰς
1673 905 1789 938 γυναῖκα
1802 913 1809 937 ;
1825 905 1881 932 Καὶ

1091 950 1202 986 αἰτήσαι
1226 949 1301 984 αὐτῷ
1326 949 1375 984 τὴν
1393 949 1550 984 βασιλείαν
1581 949 1622 976 ὄτι
1636 946 1713 982 οὗτος
1731 951 1745 977 6
1768 950 1880 985 ἀδελφός

1092 1003 1142 1030 μου
1161 994 1261 1030 μείζων
1285 994 1354 1030 ὑπὲρ
1371 994 1432 1029 ἐμὲ,
1445 994 1492 1021 καὶ
1506 994 1578 1029 αὺτῷ
1601 994 1733 1030 ’Λὸιαθὰρ
1747 995 1762 1021 6
1777 996 1878 1031 ἱερεὺς,

1090 1041 1136 1067 καὶ
1153 1040 1228 1074 αὖτῷ
1246 1039 1325 1067 Ἰωὰό
1343 1040 1400 1071 υἱδς
1411 1040 1528 1075 Σαρουϊα
1541 1041 1556 1067 ὀ
1575 1040 1794 1076 ἀρχιστράτηγος
1806 1042 1880 1068 ἑταῖ-

1092 1093 1137 1120 ρος
1149 1084 1241 1111 αὑτοῦ.
1253 1084 1308 1111 Καὶ
1323 1084 1430 1120 ὤμοσεν
1443 1086 1457 1111 6
1469 1084 1594 1119 βασιλεὺς
1610 1085 1736 1120 Σολομὼν
1750 1085 1819 1112 κατὰ
1831 1086 1878 1113 τοῦ

1091 1129 1204 1164 Κυρίου,
1220 1128 1321 1162 λέγων·
1339 1130 1408 1157 Τάδε
1426 1130 1539 1164 ποιήσαι
1555 1138 1601 1164 μοι
1624 1131 1638 1157 6
1654 1131 1730 1162 Θεὸς,
1754 1131 1802 1158 καὶ
1816 1131 1878 1158 τάδε

1091 1174 1232 1209 προσθείη,
1245 1174 1285 1200 ὅτι
1302 1174 1373 1200 κατὰ
1391 1175 1440 1210 τῆς
1458 1175 1548 1210 ψυχῆς
1568 1175 1651 1202 αὑτοῦ
1666 1175 1797 1212 ἐλάλησεν
1815 1176 1878 1211 Ὀρ-

1090 1220 1149 1251 νίας
1161 1219 1206 1246 τὸν
1228 1219 1306 1253 λόγον
1319 1219 1424 1246 τοῦτον.
1442 1220 1497 1247 Καὶ
1518 1219 1567 1246 νῦν
1580 1219 1614 1256 ζῇ
1633 1220 1746 1255 Κύριος,
1760 1220 1790 1254 ὃς
1805 1221 1879 1256 ήτοί-

1092 1273 1172 1300 μασε,
1185 1265 1232 1291 καὶ
1244 1265 1318 1292 ἔθετό
1335 1274 1368 1300 με
1381 1265 1427 1292 ἐπὶ
1442 1265 1488 1292 τὸν
1505 1265 1601 1301 θρόνον
1618 1265 1701 1293 Δασὶδ
1716 1266 1763 1293 τοῦ
1775 1267 1878 1301 πατρός

1092 1317 1153 1344 μου,
1169 1310 1210 1336 ὅτι
1240 1310 1358 1345 σήμερον
1381 1310 1604 1345 θανατωθήσεται
1631 1311 1750 1346 Ὀρνίας.
1770 1312 1825 1338 Καὶ
1835 1311 1879 1343 ἑξ-

1091 1355 1261 1388 απέστειλεν,
1277 1356 1324 1382 καὶ
1340 1355 1444 1382 ἀνεῖλεν
1453 1355 1546 1388 αὐτὸν,
1562 1356 1609 1383 καὶ
1621 1356 1757 1383 ἀπέθανεν
1771 1356 1878 1393 ὀρνίας

1091 1401 1120 1426 ἐν
1135 1402 1168 1436 τῇ
1183 1401 1275 1437 ἡμέρᾳ
1291 1401 1393 1438 ἐκείνῃ.
1409 1411 1419 1427 ι

1130 1454 1139 1470 ι
1159 1445 1225 1471 Τότε
1240 1445 1393 1480 προσῆλθεν
1405 1445 1481 1481 αὐτῷ
1494 1446 1511 1481 ή
1533 1446 1627 1482 μήτηρ
1645 1445 1700 1473 τῶν
1717 1445 1783 1473 υἱῶν
1796 1446 1878 1473 Ζεϐε-

1090 1490 1166 1516 δαίου
1183 1487 1253 1525 μετὰ
1266 1490 1321 1518 τῶν
1334 1491 1400 1518 υίῶν
1412 1491 1508 1526 αὐτῆς,
1524 1491 1715 1526 προσκυνοῦσα
1729 1493 1775 1518 καὶ
1788 1492 1879 1519 αἰτοῦ-

1090 1535 1125 1562 σά
1136 1544 1164 1562 τι
1179 1537 1243 1571 παρ’
1260 1536 1353 1563 αὑτοῦ.
1373 1537 1402 1563 ’0
1425 1537 1454 1564 δὲ
1467 1534 1545 1564 εἶπεν
1564 1538 1633 1573 αὐτῇ
1645 1544 1651 1552 ·
1667 1537 1700 1564 Τί
1719 1537 1822 1570 θέλειςς
1845 1537 1878 1564 'H

1087 1580 1116 1607 δὲ
1126 1579 1219 1607 εἶπεν·
1238 1581 1296 1608 Ἵνα
1313 1581 1464 1609 καθίσωσιν
1477 1578 1550 1609 οὗτοι
1564 1583 1590 1608 οἱ
1612 1581 1660 1608 δύο
1682 1582 1735 1609 υίοί
1750 1590 1813 1618 μου,
1838 1580 1879 1614 εἷς

1088 1627 1120 1652 ἐκ
1129 1626 1223 1659 δεξιῶν
1240 1636 1299 1660 σου,
1319 1628 1367 1654 καὶ¹
1384 1625 1425 1659 εἷς
1440 1627 1469 1660 ἐξ
1482 1627 1631 1662 εὐωνύμων
1648 1636 1695 1655 σου
1709 1628 1738 1654 ὲν
1757 1629 1789 1664 τῇ
1805 1628 1880 1662 βασι-

1088 1672 1148 1708 λείᾳ
1159 1681 1215 1700 σου.
1229 1673 1284 1699 Καὶ
1298 1673 1458 1708 ἀποκριθεὶς
1466 1674 1481 1700 6
1497 1673 1600 1709 Ἰησοῦς
1612 1671 1704 1700 εἶπεν·
1721 1674 1777 1700 οὐκ
1789 1673 1878 1700 οἴδατε

1088 1718 1114 1744 τί
1127 1717 1256 1745 αἰτεῖσθε.
1275 1718 1395 1746 Δύνασθε
1408 1718 1496 1745 πίνειν
1509 1718 1540 1745 τὸ
1553 1719 1683 1754 ποτήριον
1696 1718 1711 1745 ὃ
1724 1718 1781 1753 ἐγὼ
1796 1718 1877 1749 πίνω,

1089 1763 1136 1789 καὶ
1147 1762 1299 1798 βάπτισμα.
1318 1763 1332 1789 ὃ
1347 1763 1524 1798 βαπτίζομαι,
1537 1763 1732 1799 βαπτισθῆναι;
1745 1763 1878 1798 Λέγουσιν

1089 1808 1180 1844 αὐτῷ·
1199 1809 1353 1843 Δυνάμεθα.
1380 1808 1461 1842 Λέγει
1484 1809 1594 1840 αὐτοῖς·
1616 1809 1651 1835 Τὸ
1682 1809 1733 1844 μὲν
1748 1809 1878 1844 ποτήριόν

1091 1862 1141 1889 μου
1161 1853 1267 1884 πίεσθε,
1281 1854 1328 1880 καὶ
1346 1853 1375 1880 τὸ
1395 1854 1538 1889 βάπτισμα
1554 1853 1773 1889 βαπτισθήσεσθε
1783 1862 1791 1870 ·
1807 1853 1838 1881 τὸ
1848 1853 1879 1880 δὲ

1089 1899 1199 1936 καθίσαι
1215 1899 1246 1926 ὲκ
1264 1899 1359 1932 δεξιῶν
1371 1908 1434 1934 μου,
1454 1900 1502 1927 καὶ
1517 1900 1547 1934 ἐξ
1574 1900 1723 1936 εὐωνύμων
1747 1909 1809 1936 μου,
1827 1900 1878 1927 οὐκ

1089 1945 1161 1971 ἔστιν
1175 1944 1241 1979 ὲμδν
1251 1944 1350 1978 δοῦναι,
1373 1944 1431 1972 ἀλλ’
1451 1943 1492 1977 οἷς
1511 1946 1665 1980 ἡτοιμάσθτι
1681 1945 1735 1972 ὑπὸ
1748 1946 1796 1972 τοῦ
1819 1946 1876 1972 Πα-

1089 1991 1152 2025 τρός
1168 1998 1229 2025 μου.
1251 2000 1260 2016 ι

1090 2055 1181 2083 ΤΙΤΛ.
1205 2055 1272 2092 ΜΓ.
1287 2071 1321 2076 --
1335 2057 1404 2091 Περὶ
1425 2057 1616 2092 ἀπληστίας·
1637 2058 1686 2085 καὶ
1710 2059 1754 2085 ὅτι
1778 2058 1877 2092 ἀπλή-

1125 2098 1205 2122 στως
1218 2091 1328 2125 ἔχομεν
1338 2092 1412 2125 πρὸς
1429 2091 1486 2125 τὴν
1501 2093 1553 2120 τοῦ
1569 2093 1712 2126 πλείονος
1729 2093 1840 2127 ὄρεξιν,

1129 2156 1138 2171 ι
1155 2146 1239 2182 ᾍδης
1251 2148 1297 2174 καὶ
1326 2147 1448 2175 ἀπώλεια
1465 2149 1516 2175 οὐκ
1531 2148 1720 2184 ἐμπίπλαται·
1746 2149 1878 2181 ὡσαύτως

250 2199 333 2226 quam
343 2192 508 2226 explentur:
525 2191 567 2218 sic
580 2194 609 2218 et
620 2190 692 2217 oculi
706 2190 847 2218 hominum
864 2191 1037 2222 insatiabiles

1091 2190 1138 2218 καὶ
1154 2192 1177 2217 οἱ
1191 2191 1326 2227 ὀφθαλμοὶ
1339 2192 1393 2219 τῶν
1404 2192 1556 2228 ἀνθρώπων
1567 2193 1711 2229 ἄπληστοι.
1729 2202 1739 2219 ι

250 2240 326 2264 sunt.
339 2245 348 2262 ι

284 2282 374 2310 Eccle.
387 2291 406 2314 ι,
422 2282 449 2309 8.
462 2297 497 2301 —
514 2292 523 2307 ε
540 2281 600 2309 Non
617 2281 764 2309 satiabitur
780 2283 878 2312 oculus
895 2284 970 2317 visu,
987 2292 1036 2313 nec

249 2330 326 2357 auris
344 2329 505 2364 implebitur
522 2329 631 2356 auditu.
653 2339 662 2355 ι

287 2375 371 2402 Eccli.
388 2382 492 2408 xxxvn,
506 2375 551 2403 51.
566 2390 600 2396 -
628 2384 637 2401 ι
656 2375 774 2412 Propter
795 2376 1034 2404 insatiabilitalem

249 2421 329 2448 multi
345 2422 498 2455 perierunt.
517 2429 526 2446 ι

286 2467 421 2502 Theologi.
433 2481 468 2487 —
486 2467 660 2502 Inexplebilis
684 2469 808 2503 corporis
830 2468 968 2504 cupiditas
987 2467 1036 2495 ho-

249 2514 339 2541 mines
356 2513 461 2548 alioqui
478 2513 617 2548 sapientes
632 2521 728 2541 errore
744 2514 844 2541 mentis
860 2509 972 2540 inlicere
988 2520 1037 2548 po-

249 2563 314 2590 test.
331 2562 359 2586 et
373 2558 497 2586 deterius
514 2559 616 2586 sentire
627 2559 718 2593 Cogit:
739 2558 874 2585 rationem
894 2558 1034 2590 nimirum,

249 2613 304 2632 non
320 2613 401 2633 secus
414 2611 446 2632 ac
460 2604 590 2640 petulans
605 2605 718 2640 quidam
733 2612 832 2639 equus,
846 2611 940 2633 secum
956 2604 1015 2632 abri
1025 2619 1032 2624 -

250 2658 338 2684 piens.

288 2706 423 2740 Ejusdem.
441 2721 475 2728 --
492 2707 616 2735 Humana
630 2710 727 2735 natura
745 2707 779 2735 ad
803 2707 883 2743 plura
896 2707 1031 2743 cupienda

251 2751 315 2785 vigil
330 2755 357 2778 et
372 2753 507 2781 insomnis
521 2758 575 2781 est.

287 2797 418 2826 Philonis.
432 2815 467 2820 —-
480 2799 567 2828 Malus
582 2800 666 2829 rebus
682 2800 808 2836 plurimis
828 2808 935 2836 semper
961 2800 1034 2828 indi-

1128 2286 1138 2302 ‹
1157 2277 1214 2303 Οὐκ
1229 2276 1451 2312 ἐμπλησθήσεται
1462 2278 1601 2313 ὀφθαλμὸς
1613 2279 1661 2305 τοῦ
1681 2279 1764 2315 όρᾷν,
1785 2278 1833 2308 καὶ
1849 2281 1881 2307 οὗ

1091 2321 1300 2356 πληρωθήσεται
1315 2320 1362 2354 οὖς
1377 2322 1432 2348 ἀπὸ
1447 2323 1617 2358 ἀκροάσεως.
1636 2332 1646 2349 ι

1129 2377 1138 2392 ι
1157 2367 1195 2393 Δι’
1208 2367 1361 2402 ἀπληστίαν
1378 2368 1471 2396 πολλοὶ
1491 2369 1681 2404 ἐτελεύτησαν.
1705 2379 1714 2396 ι

1131 2469 1282 2503 ’Δπληστία
1299 2469 1436 2505 σώματος,
1450 2469 1571 2502 καὶτοὺς
1587 2470 1620 2497 τὰ
1631 2470 1697 2498 ἄλλα
1717 2471 1815 2505 σοφοὺς
1831 2471 1878 2497 ἑκ-

1093 2514 1198 2549 μαίνειν
1209 2513 1330 2547 δύναται,
1347 2514 1394 2541 καὶ
1406 2516 1496 2550 χεῖρον
1514 2517 1624 2551 φρονεῖν
1642 2515 1777 2550 βιάζεται,
1794 2515 1878 2542 καοά-

1091 2569 1143 2596 περ
1158 2560 1286 2596 ὑδριστὴς
1301 2560 1401 2594 πῶλος,
1417 2561 1463 2588 τὸν
1477 2561 1606 2597 λογισμὸν
1619 2562 1840 2598 συναρπάζουσιν..

1127 2707 1245 2740 Ἀῦπνός
1264 2707 1321 2734 ἔστι
1351 2707 1400 2734 καὶ
1413 2707 1562 2744 ἁκοίμητος
1580 2708 1648 2745 πρὸς
1661 2708 1712 2744 τὴν
1725 2706 1771 2735 τοῦ
1786 2706 1880 2734 πλείο-

1090 2764 1134 2787 νος
1151 2754 1295 2788 ἐπιθυμίαν
1306 2754 1322 2788 ὴ
1338 2753 1494 2789 ἀνθρωπίνη
1506 2754 1598 2789 φύσις.

1130 2800 1159 2826 '0
1179 2798 1280 2834 φαῦλος
1295 2797 1339 2825 ἀεὶ
1354 2798 1495 2834 πολυδεὴς,
1513 2799 1558 2826 ἀεὶ
1572 2799 1657 2827 διψῶν
1679 2799 1734 2826 τῶν
1748 2797 1881 2826 ἁπάντων
