  <div class='ocr_page' id='page_1' title='image "/cluster/home/n/w/nwhite01/storage/ocr_20150623/95/njp.32101077772844/634.png"; bbox 0 0 2074 3115; ppageno 0'>
   <div class='ocr_carea' id='block_1_1' title="bbox 215 115 284 147">
    <p class='ocr_par' dir='ltr' id='par_1_1' title="bbox 215 115 284 147">
     <span class='ocr_line' id='line_1_1' title="bbox 215 115 284 147; baseline 0 -1"><span class='ocrx_word' id='word_1_1' title='bbox 215 115 284 147; x_wconf 78' lang='grc'><strong>1253</strong></span> 
     </span>
    </p>
   </div>
   <div class='ocr_carea' id='block_1_2' title="bbox 846 109 1229 149">
    <p class='ocr_par' dir='ltr' id='par_1_2' title="bbox 846 109 1229 149">
     <span class='ocr_line' id='line_1_2' title="bbox 846 109 1229 149; baseline 0.005 -3"><span class='ocrx_word' id='word_1_2' title='bbox 846 114 964 146; x_wconf 74' lang='lat' dir='ltr'><strong>SACRA</strong></span> <span class='ocrx_word' id='word_1_3' title='bbox 984 109 1229 149; x_wconf 62' lang='lat' dir='ltr'><strong>mnuum.&quot;</strong></span> 
     </span>
    </p>
   </div>
   <div class='ocr_carea' id='block_1_3' title="bbox 1773 121 1840 152">
    <p class='ocr_par' dir='ltr' id='par_1_3' title="bbox 1773 121 1840 152">
     <span class='ocr_line' id='line_1_3' title="bbox 1773 121 1840 152; baseline -0.015 0"><span class='ocrx_word' id='word_1_4' title='bbox 1773 121 1840 152; x_wconf 63' lang='lat' dir='ltr'><strong>12M</strong></span> 
     </span>
    </p>
   </div>
   <div class='ocr_carea' id='block_1_4' title="bbox 209 171 992 213">
    <p class='ocr_par' dir='ltr' id='par_1_4' title="bbox 209 171 992 209">
     <span class='ocr_line' id='line_1_4' title="bbox 209 171 992 209; baseline -0.003 -9"><span class='ocrx_word' id='word_1_5' title='bbox 209 172 347 208; x_wconf 76' lang='grc' dir='ltr'><strong>ἀπλήστου</strong></span> <span class='ocrx_word' id='word_1_6' title='bbox 363 172 410 199; x_wconf 76' lang='grc' dir='ltr'><strong>καὶ</strong></span> <span class='ocrx_word' id='word_1_7' title='bbox 428 172 577 207; x_wconf 77' lang='grc' dir='ltr'><strong>ἀκορέστου</strong></span> <span class='ocrx_word' id='word_1_8' title='bbox 593 171 673 207; x_wconf 81' lang='grc' dir='ltr'>χάριν</span> <span class='ocrx_word' id='word_1_9' title='bbox 696 172 844 208; x_wconf 73' lang='grc' dir='ltr'><strong>ἐπιθυμίας</strong></span> <span class='ocrx_word' id='word_1_10' title='bbox 855 194 862 206; x_wconf 88' lang='grc'><strong>,</strong></span> <span class='ocrx_word' id='word_1_11' title='bbox 877 172 894 209; x_wconf 79' lang='grc' dir='ltr'>ἢ</span> <span class='ocrx_word' id='word_1_12' title='bbox 913 172 992 208; x_wconf 58' lang='grc' dir='ltr'>πυρὸς</span> 
     </span>
    </p>
   </div>
   <div class='ocr_carea' id='block_1_5' title="bbox 1037 171 1843 213">
    <p class='ocr_par' dir='ltr' id='par_1_5' title="bbox 1052 173 1843 213">
     <span class='ocr_line' id='line_1_5' title="bbox 1052 173 1843 213; baseline 0.009 -15"><span class='ocrx_word' id='word_1_13' title='bbox 1052 176 1116 207; x_wconf 82' lang='lat' dir='ltr'><strong>get:</strong></span> <span class='ocrx_word' id='word_1_14' title='bbox 1136 181 1247 208; x_wconf 82' lang='lat' dir='ltr'><strong>semper</strong></span> <span class='ocrx_word' id='word_1_15' title='bbox 1267 173 1327 202; x_wconf 87' lang='lat' dir='ltr'><strong>sitit</strong></span> <span class='ocrx_word' id='word_1_16' title='bbox 1344 177 1461 209; x_wconf 77' lang='lat' dir='ltr'><strong>propter</strong></span> <span class='ocrx_word' id='word_1_17' title='bbox 1488 176 1682 211; x_wconf 76' lang='lat' dir='ltr'><strong>tncxplcbilem</strong></span> <span class='ocrx_word' id='word_1_18' title='bbox 1704 178 1843 213; x_wconf 66' lang='lat' dir='ltr'><strong>cupiditao</strong></span> 
     </span>
    </p>
   </div>
   <div class='ocr_carea' id='block_1_6' title="bbox 209 217 827 254">
    <p class='ocr_par' dir='ltr' id='par_1_6' title="bbox 209 217 827 254">
     <span class='ocr_line' id='line_1_6' title="bbox 209 217 827 254; baseline -0.002 -9"><span class='ocrx_word' id='word_1_19' title='bbox 209 218 289 254; x_wconf 82' lang='grc' dir='ltr'>δίκην</span> <span class='ocrx_word' id='word_1_20' title='bbox 301 217 388 245; x_wconf 77' lang='grc' dir='ltr'>πάντα</span> <span class='ocrx_word' id='word_1_21' title='bbox 404 218 491 254; x_wconf 82' lang='grc' dir='ltr'>μικρά</span> <span class='ocrx_word' id='word_1_22' title='bbox 505 226 544 249; x_wconf 83' lang='grc' dir='ltr'>τε,</span> <span class='ocrx_word' id='word_1_23' title='bbox 559 218 606 244; x_wconf 77' lang='grc' dir='ltr'><strong>καὶ</strong></span> <span class='ocrx_word' id='word_1_24' title='bbox 622 218 727 253; x_wconf 81' lang='grc' dir='ltr'>μεγάλα</span> <span class='ocrx_word' id='word_1_25' title='bbox 744 218 827 244; x_wconf 83' lang='grc' dir='ltr'>πίνει.</span> 
     </span>
    </p>
   </div>
   <div class='ocr_carea' id='block_1_7' title="bbox 363 327 829 362">
    <p class='ocr_par' dir='ltr' id='par_1_7' title="bbox 363 327 829 362">
     <span class='ocr_line' id='line_1_7' title="bbox 363 327 829 362; baseline 0 -7"><span class='ocrx_word' id='word_1_26' title='bbox 363 329 454 356; x_wconf 87' lang='lat' dir='ltr'><strong>TlTA.</strong></span> <span class='ocrx_word' id='word_1_27' title='bbox 472 328 537 356; x_wconf 73' lang='lat' dir='ltr'><strong>MA’.</strong></span> <span class='ocrx_word' id='word_1_28' title='bbox 553 343 588 348; x_wconf 95' lang='lat'><strong>—-</strong></span> <span class='ocrx_word' id='word_1_29' title='bbox 602 327 671 362; x_wconf 80' lang='grc' dir='ltr'>Περὶ</span> <span class='ocrx_word' id='word_1_30' title='bbox 688 327 829 362; x_wconf 66' lang='grc' dir='ltr'><strong>ἀδελφῶν</strong></span> 
     </span>
    </p>
   </div>
   <div class='ocr_carea' id='block_1_8' title="bbox 196 382 998 420">
    <p class='ocr_par' dir='ltr' id='par_1_8' title="bbox 196 382 998 420">
     <span class='ocr_line' id='line_1_8' title="bbox 196 382 998 420; baseline 0.002 -11"><span class='ocrx_word' id='word_1_31' title='bbox 196 406 200 408; x_wconf 71' lang='lat'><strong><em>_</em></strong></span> <span class='ocrx_word' id='word_1_32' title='bbox 247 393 256 410; x_wconf 72' lang='grc' dir='ltr'>α</span> <span class='ocrx_word' id='word_1_33' title='bbox 273 383 310 410; x_wconf 70' lang='grc' dir='ltr'>Οὐ</span> <span class='ocrx_word' id='word_1_34' title='bbox 341 384 470 419; x_wconf 71' lang='grc' dir='ltr'>μισήσεις</span> <span class='ocrx_word' id='word_1_35' title='bbox 493 383 539 410; x_wconf 69' lang='grc' dir='ltr'>τὸν</span> <span class='ocrx_word' id='word_1_36' title='bbox 564 382 680 418; x_wconf 81' lang='grc' dir='ltr'>ἀδελφόν</span> <span class='ocrx_word' id='word_1_37' title='bbox 703 392 751 410; x_wconf 83' lang='grc' dir='ltr'><strong>σου</strong></span> <span class='ocrx_word' id='word_1_38' title='bbox 778 384 807 410; x_wconf 76' lang='grc' dir='ltr'>ὲν</span> <span class='ocrx_word' id='word_1_39' title='bbox 834 384 868 419; x_wconf 82' lang='grc' dir='ltr'><strong>τῇ</strong></span> <span class='ocrx_word' id='word_1_40' title='bbox 892 383 998 420; x_wconf 76' lang='grc' dir='ltr'>διανοίᾳ</span> 
     </span>
    </p>
   </div>
   <div class='ocr_carea' id='block_1_9' title="bbox 209 437 999 510">
    <p class='ocr_par' dir='ltr' id='par_1_9' title="bbox 209 437 999 510">
     <span class='ocr_line' id='line_1_9' title="bbox 209 437 999 510; baseline 0.003 -10"><span class='ocrx_word' id='word_1_41' title='bbox 209 437 269 500; x_wconf 48' lang='grc' dir='ltr'><strong>ϐοΐ.</strong></span> <span class='ocrx_word' id='word_1_42' title='bbox 280 437 346 501; x_wconf 57' lang='grc' dir='ltr'><strong>’ἱδοὺ</strong></span> <span class='ocrx_word' id='word_1_43' title='bbox 361 474 393 510; x_wconf 82' lang='grc' dir='ltr'><strong>δὴ</strong></span> <span class='ocrx_word' id='word_1_44' title='bbox 402 474 428 501; x_wconf 85' lang='grc' dir='ltr'>τί</span> <span class='ocrx_word' id='word_1_45' title='bbox 442 474 533 507; x_wconf 83' lang='grc' dir='ltr'>καλὸν,</span> <span class='ocrx_word' id='word_1_46' title='bbox 550 474 566 510; x_wconf 80' lang='grc' dir='ltr'>ἤ</span> <span class='ocrx_word' id='word_1_47' title='bbox 582 474 609 501; x_wconf 82' lang='grc' dir='ltr'>τί</span> <span class='ocrx_word' id='word_1_48' title='bbox 619 474 747 510; x_wconf 74' lang='grc' dir='ltr'>τερπνὸν,</span> <span class='ocrx_word' id='word_1_49' title='bbox 761 474 819 504; x_wconf 78' lang='grc' dir='ltr'>ἀλλ’</span> <span class='ocrx_word' id='word_1_50' title='bbox 833 475 850 510; x_wconf 84' lang='grc' dir='ltr'><strong>ἢ</strong></span> <span class='ocrx_word' id='word_1_51' title='bbox 862 475 891 502; x_wconf 79' lang='grc' dir='ltr'><strong>τὺ</strong></span> <span class='ocrx_word' id='word_1_52' title='bbox 905 484 999 502; x_wconf 80' lang='grc' dir='ltr'>κατοι-</span> 
     </span>
    </p>
   </div>
   <div class='ocr_carea' id='block_1_10' title="bbox 208 520 648 554">
    <p class='ocr_par' dir='ltr' id='par_1_10' title="bbox 208 520 648 554">
     <span class='ocr_line' id='line_1_10' title="bbox 208 520 648 554; baseline 0 -8"><span class='ocrx_word' id='word_1_53' title='bbox 208 521 266 546; x_wconf 82' lang='grc' dir='ltr'>κεῖν</span> <span class='ocrx_word' id='word_1_54' title='bbox 282 520 413 554; x_wconf 81' lang='grc' dir='ltr'>ἀδελφοὺς</span> <span class='ocrx_word' id='word_1_55' title='bbox 429 520 476 547; x_wconf 74' lang='grc' dir='ltr'><strong>ἐπὶ</strong></span> <span class='ocrx_word' id='word_1_56' title='bbox 488 521 520 547; x_wconf 80' lang='grc' dir='ltr'>τὸ</span> <span class='ocrx_word' id='word_1_57' title='bbox 539 520 617 548; x_wconf 82' lang='grc' dir='ltr'><strong>αὑτό.</strong></span> <span class='ocrx_word' id='word_1_58' title='bbox 638 530 648 546; x_wconf 84' lang='grc'><strong>›</strong></span> 
     </span>
    </p>
   </div>
   <div class='ocr_carea' id='block_1_11' title="bbox 246 565 876 602">
    <p class='ocr_par' dir='ltr' id='par_1_11' title="bbox 246 565 876 602">
     <span class='ocr_line' id='line_1_11' title="bbox 246 565 876 602; baseline 0.002 -11"><span class='ocrx_word' id='word_1_59' title='bbox 246 575 255 591; x_wconf 78' lang='grc' dir='ltr'><strong>ι</strong></span> <span class='ocrx_word' id='word_1_60' title='bbox 281 565 403 600; x_wconf 71' lang='grc' dir='ltr'>’Λδελφοὶ</span> <span class='ocrx_word' id='word_1_61' title='bbox 420 566 448 592; x_wconf 77' lang='grc' dir='ltr'>ὲν</span> <span class='ocrx_word' id='word_1_62' title='bbox 461 566 567 602; x_wconf 82' lang='grc' dir='ltr'><strong>ἀνάγκῃ</strong></span> <span class='ocrx_word' id='word_1_63' title='bbox 578 567 709 602; x_wconf 79' lang='grc' dir='ltr'>χρήσιμοι</span> <span class='ocrx_word' id='word_1_64' title='bbox 719 567 850 594; x_wconf 79' lang='grc' dir='ltr'><strong>ἔστωσαν.</strong></span> <span class='ocrx_word' id='word_1_65' title='bbox 867 576 876 592; x_wconf 74' lang='grc' dir='ltr'><strong>ι</strong></span> 
     </span>
    </p>
   </div>
   <div class='ocr_carea' id='block_1_12' title="bbox 247 652 998 689">
    <p class='ocr_par' dir='ltr' id='par_1_12' title="bbox 247 652 998 689">
     <span class='ocr_line' id='line_1_12' title="bbox 247 652 998 689; baseline 0 -10"><span class='ocrx_word' id='word_1_66' title='bbox 247 663 256 679; x_wconf 76' lang='grc' dir='ltr'><strong>ι</strong></span> <span class='ocrx_word' id='word_1_67' title='bbox 280 653 406 688; x_wconf 70' lang='grc' dir='ltr'><strong>Ἀδελφδς</strong></span> <span class='ocrx_word' id='word_1_68' title='bbox 430 653 482 680; x_wconf 77' lang='grc' dir='ltr'>ὑπὸ</span> <span class='ocrx_word' id='word_1_69' title='bbox 508 653 624 688; x_wconf 77' lang='grc' dir='ltr'>ἀδελφοῦ</span> <span class='ocrx_word' id='word_1_70' title='bbox 653 653 844 689; x_wconf 83' lang='grc' dir='ltr'>βοηθοὺμενος,</span> <span class='ocrx_word' id='word_1_71' title='bbox 866 653 905 684; x_wconf 83' lang='grc' dir='ltr'><strong>ὼς</strong></span> <span class='ocrx_word' id='word_1_72' title='bbox 921 652 998 685; x_wconf 82' lang='grc' dir='ltr'>πόλις</span> 
     </span>
    </p>
   </div>
   <div class='ocr_carea' id='block_1_13' title="bbox 210 699 998 735">
    <p class='ocr_par' dir='ltr' id='par_1_13' title="bbox 210 699 998 735">
     <span class='ocr_line' id='line_1_13' title="bbox 210 699 998 735; baseline 0 -9"><span class='ocrx_word' id='word_1_73' title='bbox 210 700 376 735; x_wconf 76' lang='grc' dir='ltr'>ίσχυρὰ,καὶ</span> <span class='ocrx_word' id='word_1_74' title='bbox 388 699 488 735; x_wconf 75' lang='grc' dir='ltr'><strong>ὑψηλή.</strong></span> <span class='ocrx_word' id='word_1_75' title='bbox 509 699 607 735; x_wconf 78' lang='grc' dir='ltr'>’ἰσχύει</span> <span class='ocrx_word' id='word_1_76' title='bbox 627 700 656 726; x_wconf 76' lang='grc' dir='ltr'><strong>δὲ</strong></span> <span class='ocrx_word' id='word_1_77' title='bbox 677 699 773 734; x_wconf 82' lang='grc' dir='ltr'>ὥσπερ</span> <span class='ocrx_word' id='word_1_78' title='bbox 796 699 998 734; x_wconf 76' lang='grc' dir='ltr'>τεθεμελιωμέ-</span> 
     </span>
    </p>
   </div>
   <div class='ocr_carea' id='block_1_14' title="bbox 208 745 443 780">
    <p class='ocr_par' dir='ltr' id='par_1_14' title="bbox 208 745 443 780">
     <span class='ocr_line' id='line_1_14' title="bbox 208 745 443 780; baseline -0.004 -9"><span class='ocrx_word' id='word_1_79' title='bbox 208 754 252 772; x_wconf 83' lang='grc' dir='ltr'><strong>νον</strong></span> <span class='ocrx_word' id='word_1_80' title='bbox 269 745 360 780; x_wconf 77' lang='grc' dir='ltr'>βασὶλε</span> <span class='ocrx_word' id='word_1_81' title='bbox 366 753 414 772; x_wconf 85' lang='grc' dir='ltr'>ιον,</span> <span class='ocrx_word' id='word_1_82' title='bbox 434 754 443 770; x_wconf 73' lang='grc' dir='ltr'><strong>ι</strong></span> 
     </span>
    </p>
   </div>
   <div class='ocr_carea' id='block_1_15' title="bbox 245 789 995 825">
    <p class='ocr_par' dir='ltr' id='par_1_15' title="bbox 245 789 995 825">
     <span class='ocr_line' id='line_1_15' title="bbox 245 789 995 825; baseline 0.001 -10"><span class='ocrx_word' id='word_1_83' title='bbox 245 799 254 815; x_wconf 75' lang='grc' dir='ltr'><strong>ι</strong></span> <span class='ocrx_word' id='word_1_84' title='bbox 273 790 328 822; x_wconf 79' lang='grc' dir='ltr'><strong>Πᾶς</strong></span> <span class='ocrx_word' id='word_1_85' title='bbox 348 791 362 816; x_wconf 84' lang='grc' dir='ltr'><strong>ὸ</strong></span> <span class='ocrx_word' id='word_1_86' title='bbox 383 790 497 824; x_wconf 56' lang='grc' dir='ltr'>ἀδελφὴν</span> <span class='ocrx_word' id='word_1_87' title='bbox 521 789 626 825; x_wconf 75' lang='grc' dir='ltr'>πτωχὸν</span> <span class='ocrx_word' id='word_1_88' title='bbox 652 790 750 825; x_wconf 82' lang='grc' dir='ltr'><strong>μισῶν,</strong></span> <span class='ocrx_word' id='word_1_89' title='bbox 773 789 865 825; x_wconf 78' lang='grc' dir='ltr'>φιλίας</span> <span class='ocrx_word' id='word_1_90' title='bbox 886 789 995 825; x_wconf 80' lang='grc' dir='ltr'>μακράν</span> 
     </span>
    </p>
   </div>
   <div class='ocr_carea' id='block_1_16' title="bbox 208 837 323 862">
    <p class='ocr_par' dir='ltr' id='par_1_16' title="bbox 208 837 323 862">
     <span class='ocr_line' id='line_1_16' title="bbox 208 837 323 862; baseline 0 0"><span class='ocrx_word' id='word_1_91' title='bbox 208 837 291 862; x_wconf 81' lang='grc' dir='ltr'><strong>ἐστιν.</strong></span> <span class='ocrx_word' id='word_1_92' title='bbox 314 845 323 861; x_wconf 74' lang='grc' dir='ltr'><strong>ι</strong></span> 
     </span>
    </p>
   </div>
   <div class='ocr_carea' id='block_1_17' title="bbox 245 881 996 918">
    <p class='ocr_par' dir='ltr' id='par_1_17' title="bbox 245 881 996 918">
     <span class='ocr_line' id='line_1_17' title="bbox 245 881 996 918; baseline 0.003 -11"><span class='ocrx_word' id='word_1_93' title='bbox 245 891 254 907; x_wconf 75' lang='grc' dir='ltr'><strong>ε</strong></span> <span class='ocrx_word' id='word_1_94' title='bbox 273 881 413 917; x_wconf 77' lang='grc' dir='ltr'>Κρείστων</span> <span class='ocrx_word' id='word_1_95' title='bbox 440 881 517 917; x_wconf 80' lang='grc' dir='ltr'>φίλος</span> <span class='ocrx_word' id='word_1_96' title='bbox 542 882 636 917; x_wconf 70' lang='grc' dir='ltr'><strong>ἐγγὺς,</strong></span> <span class='ocrx_word' id='word_1_97' title='bbox 660 883 677 918; x_wconf 84' lang='grc' dir='ltr'>ἢ</span> <span class='ocrx_word' id='word_1_98' title='bbox 699 882 814 917; x_wconf 77' lang='grc' dir='ltr'>ἀδελφὸς</span> <span class='ocrx_word' id='word_1_99' title='bbox 831 883 941 918; x_wconf 77' lang='grc' dir='ltr'>μακρὰν</span> <span class='ocrx_word' id='word_1_100' title='bbox 956 883 996 909; x_wconf 88' lang='grc' dir='ltr'><strong>οἰ-</strong></span> 
     </span>
    </p>
   </div>
   <div class='ocr_carea' id='block_1_18' title="bbox 208 935 300 954">
    <p class='ocr_par' dir='ltr' id='par_1_18' title="bbox 208 935 300 954">
     <span class='ocr_line' id='line_1_18' title="bbox 208 935 300 954; baseline 0 -2"><span class='ocrx_word' id='word_1_101' title='bbox 208 935 273 954; x_wconf 81' lang='grc' dir='ltr'><strong>κων.</strong></span> <span class='ocrx_word' id='word_1_102' title='bbox 291 936 300 952; x_wconf 73' lang='grc'><strong>1</strong></span> 
     </span>
    </p>
   </div>
   <div class='ocr_carea' id='block_1_19' title="bbox 246 972 907 1008">
    <p class='ocr_par' dir='ltr' id='par_1_19' title="bbox 246 972 907 1008">
     <span class='ocr_line' id='line_1_19' title="bbox 246 972 907 1008; baseline 0.002 -10"><span class='ocrx_word' id='word_1_103' title='bbox 246 982 255 998; x_wconf 77' lang='grc' dir='ltr'><strong>ι</strong></span> <span class='ocrx_word' id='word_1_104' title='bbox 279 972 400 1006; x_wconf 71' lang='grc' dir='ltr'>’Δδελφοὶ</span> <span class='ocrx_word' id='word_1_105' title='bbox 417 972 463 998; x_wconf 74' lang='grc' dir='ltr'>καὶ</span> <span class='ocrx_word' id='word_1_106' title='bbox 480 972 590 1007; x_wconf 75' lang='grc' dir='ltr'>βοήθεια</span> <span class='ocrx_word' id='word_1_107' title='bbox 603 972 631 999; x_wconf 74' lang='grc' dir='ltr'>ὲν</span> <span class='ocrx_word' id='word_1_108' title='bbox 648 972 735 1008; x_wconf 82' lang='grc' dir='ltr'>καιρῷ</span> <span class='ocrx_word' id='word_1_109' title='bbox 751 973 879 1008; x_wconf 79' lang='grc' dir='ltr'>θλίψεως.</span> <span class='ocrx_word' id='word_1_110' title='bbox 898 982 907 999; x_wconf 78' lang='grc' dir='ltr'><strong>ι</strong></span> 
     </span>
    </p>
   </div>
   <div class='ocr_carea' id='block_1_20' title="bbox 244 1060 996 1096">
    <p class='ocr_par' dir='ltr' id='par_1_20' title="bbox 244 1060 996 1096">
     <span class='ocr_line' id='line_1_20' title="bbox 244 1060 996 1096; baseline -0.001 -9"><span class='ocrx_word' id='word_1_111' title='bbox 244 1071 253 1086; x_wconf 80' lang='grc' dir='ltr'><strong>ι</strong></span> <span class='ocrx_word' id='word_1_112' title='bbox 275 1061 322 1096; x_wconf 85' lang='grc' dir='ltr'><strong>Μὴ</strong></span> <span class='ocrx_word' id='word_1_113' title='bbox 347 1060 464 1096; x_wconf 81' lang='grc' dir='ltr'><strong>ἀλλάξῃς</strong></span> <span class='ocrx_word' id='word_1_114' title='bbox 485 1060 600 1095; x_wconf 65' lang='grc' dir='ltr'>ἀδελφὸν</span> <span class='ocrx_word' id='word_1_115' title='bbox 615 1061 726 1096; x_wconf 87' lang='grc' dir='ltr'>γνήσιον</span> <span class='ocrx_word' id='word_1_116' title='bbox 755 1061 783 1087; x_wconf 76' lang='grc' dir='ltr'>ὲν</span> <span class='ocrx_word' id='word_1_117' title='bbox 810 1060 915 1096; x_wconf 86' lang='grc' dir='ltr'>χρυσίῳ</span> <span class='ocrx_word' id='word_1_118' title='bbox 930 1060 996 1087; x_wconf 87' lang='grc' dir='ltr'>Σου-</span> 
     </span>
    </p>
   </div>
   <div class='ocr_carea' id='block_1_21' title="bbox 207 1103 296 1138">
    <p class='ocr_par' dir='ltr' id='par_1_21' title="bbox 207 1103 296 1138">
     <span class='ocr_line' id='line_1_21' title="bbox 207 1103 296 1138; baseline 0 -10"><span class='ocrx_word' id='word_1_119' title='bbox 207 1103 266 1138; x_wconf 80' lang='grc' dir='ltr'>φίρ.</span> <span class='ocrx_word' id='word_1_120' title='bbox 287 1112 296 1128; x_wconf 78' lang='grc' dir='ltr'><strong>ι</strong></span> 
     </span>
    </p>
   </div>
   <div class='ocr_carea' id='block_1_22' title="bbox 207 1157 996 1201">
    <p class='ocr_par' dir='ltr' id='par_1_22' title="bbox 207 1157 996 1201">
     <span class='ocr_line' id='line_1_22' title="bbox 207 1157 996 1201; baseline 0.004 -17"><span class='ocrx_word' id='word_1_121' title='bbox 207 1159 296 1184; x_wconf 76' lang='lat' dir='ltr'><strong>Tl&#39;l‘.\.</strong></span> <span class='ocrx_word' id='word_1_122' title='bbox 312 1157 378 1186; x_wconf 87' lang='lat' dir='ltr'><strong>ME’.</strong></span> <span class='ocrx_word' id='word_1_123' title='bbox 396 1173 429 1178; x_wconf 98' lang='lat'><strong>—</strong></span> <span class='ocrx_word' id='word_1_124' title='bbox 448 1158 518 1193; x_wconf 73' lang='grc' dir='ltr'>Περὶ</span> <span class='ocrx_word' id='word_1_125' title='bbox 541 1159 724 1201; x_wconf 62' lang='grc' dir='ltr'><strong>αὶζούντων,</strong></span> <span class='ocrx_word' id='word_1_126' title='bbox 751 1159 848 1194; x_wconf 76' lang='grc' dir='ltr'>ἤγουν</span> <span class='ocrx_word' id='word_1_127' title='bbox 868 1166 996 1194; x_wconf 66' lang='grc' dir='ltr'>προσαιο</span> 
     </span>
    </p>
   </div>
   <div class='ocr_carea' id='block_1_23' title="bbox 531 1201 674 1220">
    <p class='ocr_par' dir='ltr' id='par_1_23' title="bbox 531 1201 674 1220">
     <span class='ocr_line' id='line_1_23' title="bbox 531 1201 674 1220; baseline 0 0"><span class='ocrx_word' id='word_1_128' title='bbox 531 1201 674 1220; x_wconf 81' lang='grc' dir='ltr'><strong>τουντων.</strong></span> 
     </span>
    </p>
   </div>
   <div class='ocr_carea' id='block_1_24' title="bbox 245 1247 994 1286">
    <p class='ocr_par' dir='ltr' id='par_1_24' title="bbox 245 1247 994 1286">
     <span class='ocr_line' id='line_1_24' title="bbox 245 1247 994 1286; baseline 0.003 -11"><span class='ocrx_word' id='word_1_129' title='bbox 245 1259 254 1274; x_wconf 82' lang='grc' dir='ltr'><strong>ι</strong></span> <span class='ocrx_word' id='word_1_130' title='bbox 273 1249 384 1281; x_wconf 79' lang='grc' dir='ltr'><strong>Τέκνον,</strong></span> <span class='ocrx_word' id='word_1_131' title='bbox 398 1247 472 1283; x_wconf 80' lang='grc' dir='ltr'>ζωὴν</span> <span class='ocrx_word' id='word_1_132' title='bbox 486 1249 655 1284; x_wconf 79' lang='grc' dir='ltr'><strong>ὲπαιτήσεως</strong></span> <span class='ocrx_word' id='word_1_133' title='bbox 671 1249 709 1284; x_wconf 83' lang='grc' dir='ltr'>μὴ</span> <span class='ocrx_word' id='word_1_134' title='bbox 730 1249 841 1285; x_wconf 71' lang='grc' dir='ltr'><strong>βιὼπῃς.</strong></span> <span class='ocrx_word' id='word_1_135' title='bbox 859 1251 994 1286; x_wconf 81' lang='grc' dir='ltr'>Κρεῖσσον</span> 
     </span>
    </p>
   </div>
   <div class='ocr_carea' id='block_1_25' title="bbox 205 1294 994 1330">
    <p class='ocr_par' dir='ltr' id='par_1_25' title="bbox 205 1294 994 1330">
     <span class='ocr_line' id='line_1_25' title="bbox 205 1294 994 1330; baseline 0.004 -10"><span class='ocrx_word' id='word_1_136' title='bbox 205 1295 258 1330; x_wconf 72' lang='grc' dir='ltr'><strong>γὰρ</strong></span> <span class='ocrx_word' id='word_1_137' title='bbox 273 1294 428 1326; x_wconf 78' lang='grc' dir='ltr'><strong>ἀποθανεῖν,</strong></span> <span class='ocrx_word' id='word_1_138' title='bbox 450 1295 466 1329; x_wconf 88' lang='grc' dir='ltr'><strong>ἧ</strong></span> <span class='ocrx_word' id='word_1_139' title='bbox 496 1295 628 1321; x_wconf 79' lang='grc' dir='ltr'>ἐπαιτεῖν.</span> <span class='ocrx_word' id='word_1_140' title='bbox 659 1295 703 1322; x_wconf 86' lang='grc' dir='ltr'>Ἐν</span> <span class='ocrx_word' id='word_1_141' title='bbox 727 1295 843 1330; x_wconf 85' lang='grc' dir='ltr'>στόματι</span> <span class='ocrx_word' id='word_1_142' title='bbox 866 1296 994 1329; x_wconf 83' lang='grc' dir='ltr'>ἀναιδοῢς</span> 
     </span>
    </p>
   </div>
   <div class='ocr_carea' id='block_1_26' title="bbox 206 1339 994 1377">
    <p class='ocr_par' dir='ltr' id='par_1_26' title="bbox 206 1339 994 1377">
     <span class='ocr_line' id='line_1_26' title="bbox 206 1339 994 1377; baseline 0.001 -11"><span class='ocrx_word' id='word_1_143' title='bbox 206 1340 423 1375; x_wconf 75' lang='grc' dir='ltr'>γλυκανθήσεται</span> <span class='ocrx_word' id='word_1_144' title='bbox 439 1341 613 1375; x_wconf 46' lang='grc' dir='ltr'><strong>νὲπαιτήσεως</strong></span> <span class='ocrx_word' id='word_1_145' title='bbox 636 1339 719 1372; x_wconf 73' lang='grc' dir='ltr'>δόσις,</span> <span class='ocrx_word' id='word_1_146' title='bbox 738 1340 786 1367; x_wconf 71' lang='grc' dir='ltr'><strong>καὶ</strong></span> <span class='ocrx_word' id='word_1_147' title='bbox 799 1341 828 1367; x_wconf 82' lang='grc' dir='ltr'>ἐν</span> <span class='ocrx_word' id='word_1_148' title='bbox 842 1340 932 1377; x_wconf 69' lang='grc' dir='ltr'>κοιλίᾳ</span> <span class='ocrx_word' id='word_1_149' title='bbox 947 1341 994 1367; x_wconf 76' lang='grc' dir='ltr'><strong>αὐο</strong></span> 
     </span>
    </p>
   </div>
   <div class='ocr_carea' id='block_1_27' title="bbox 206 1386 513 1422">
    <p class='ocr_par' dir='ltr' id='par_1_27' title="bbox 206 1386 513 1422">
     <span class='ocr_line' id='line_1_27' title="bbox 206 1386 513 1422; baseline 0.003 -11"><span class='ocrx_word' id='word_1_150' title='bbox 206 1386 252 1412; x_wconf 82' lang='grc' dir='ltr'><strong>τοῦ</strong></span> <span class='ocrx_word' id='word_1_151' title='bbox 267 1386 321 1421; x_wconf 83' lang='grc' dir='ltr'><strong>πῦρ</strong></span> <span class='ocrx_word' id='word_1_152' title='bbox 336 1387 483 1422; x_wconf 74' lang='grc' dir='ltr'>καήσεται.</span> <span class='ocrx_word' id='word_1_153' title='bbox 504 1396 513 1412; x_wconf 72' lang='grc' dir='ltr'><strong>ι</strong></span> 
     </span>
    </p>
   </div>
   <div class='ocr_carea' id='block_1_28' title="bbox 322 1443 876 1479">
    <p class='ocr_par' dir='ltr' id='par_1_28' title="bbox 322 1443 876 1479">
     <span class='ocr_line' id='line_1_28' title="bbox 322 1443 876 1479; baseline 0.004 -10"><span class='ocrx_word' id='word_1_154' title='bbox 322 1444 411 1470; x_wconf 80' lang='grc' dir='ltr'>ΤῙΤΛ.</span> <span class='ocrx_word' id='word_1_155' title='bbox 427 1443 502 1477; x_wconf 61' lang='grc' dir='ltr'><strong>Μετ’,</strong></span> <span class='ocrx_word' id='word_1_156' title='bbox 514 1459 548 1464; x_wconf 94' lang='lat'><strong>—-</strong></span> <span class='ocrx_word' id='word_1_157' title='bbox 564 1445 632 1477; x_wconf 73' lang='grc' dir='ltr'>Περὶ</span> <span class='ocrx_word' id='word_1_158' title='bbox 648 1444 876 1479; x_wconf 72' lang='grc' dir='ltr'>αἰσχρολογίας.</span> 
     </span>
    </p>
   </div>
   <div class='ocr_carea' id='block_1_29' title="bbox 244 1499 867 1536">
    <p class='ocr_par' dir='ltr' id='par_1_29' title="bbox 244 1499 867 1536">
     <span class='ocr_line' id='line_1_29' title="bbox 244 1499 867 1536; baseline 0.002 -11"><span class='ocrx_word' id='word_1_159' title='bbox 244 1509 252 1524; x_wconf 85' lang='grc' dir='ltr'><strong>ι</strong></span> <span class='ocrx_word' id='word_1_160' title='bbox 269 1499 426 1535; x_wconf 77' lang='grc' dir='ltr'>Φοείρουσιν</span> <span class='ocrx_word' id='word_1_161' title='bbox 436 1499 488 1535; x_wconf 75' lang='grc' dir='ltr'><strong>ἢθη</strong></span> <span class='ocrx_word' id='word_1_162' title='bbox 500 1500 607 1535; x_wconf 74' lang='grc' dir='ltr'>χρηστὰ</span> <span class='ocrx_word' id='word_1_163' title='bbox 621 1500 725 1536; x_wconf 82' lang='grc' dir='ltr'>ὁμιλίαι</span> <span class='ocrx_word' id='word_1_164' title='bbox 743 1502 838 1529; x_wconf 85' lang='grc' dir='ltr'>κακαί.</span> <span class='ocrx_word' id='word_1_165' title='bbox 858 1511 867 1526; x_wconf 79' lang='grc' dir='ltr'><strong>ι</strong></span> 
     </span>
    </p>
   </div>
   <div class='ocr_carea' id='block_1_30' title="bbox 243 1586 994 1622">
    <p class='ocr_par' dir='ltr' id='par_1_30' title="bbox 243 1586 994 1622">
     <span class='ocr_line' id='line_1_30' title="bbox 243 1586 994 1622; baseline 0.004 -10"><span class='ocrx_word' id='word_1_166' title='bbox 243 1596 252 1613; x_wconf 78' lang='grc' dir='ltr'><strong>ι</strong></span> <span class='ocrx_word' id='word_1_167' title='bbox 269 1588 326 1618; x_wconf 78' lang='grc' dir='ltr'><strong>Πᾶς</strong></span> <span class='ocrx_word' id='word_1_168' title='bbox 340 1586 418 1620; x_wconf 81' lang='grc' dir='ltr'>λόγος</span> <span class='ocrx_word' id='word_1_169' title='bbox 434 1586 537 1621; x_wconf 78' lang='grc' dir='ltr'>σαπρὸς</span> <span class='ocrx_word' id='word_1_170' title='bbox 554 1586 591 1621; x_wconf 84' lang='grc' dir='ltr'>μὴ</span> <span class='ocrx_word' id='word_1_171' title='bbox 607 1587 799 1622; x_wconf 80' lang='grc' dir='ltr'><strong>ἐκπορευέσθω</strong></span> <span class='ocrx_word' id='word_1_172' title='bbox 816 1588 848 1614; x_wconf 74' lang='grc' dir='ltr'><strong>ἐκ</strong></span> <span class='ocrx_word' id='word_1_173' title='bbox 864 1588 912 1614; x_wconf 83' lang='grc' dir='ltr'>τοῦ</span> <span class='ocrx_word' id='word_1_174' title='bbox 934 1588 994 1615; x_wconf 78' lang='grc' dir='ltr'><strong>στό-</strong></span> 
     </span>
    </p>
   </div>
   <div class='ocr_carea' id='block_1_31' title="bbox 207 1631 993 1669">
    <p class='ocr_par' dir='ltr' id='par_1_31' title="bbox 207 1631 993 1669">
     <span class='ocr_line' id='line_1_31' title="bbox 207 1631 993 1669; baseline 0.001 -10"><span class='ocrx_word' id='word_1_175' title='bbox 207 1641 290 1668; x_wconf 81' lang='grc' dir='ltr'>ματος</span> <span class='ocrx_word' id='word_1_176' title='bbox 306 1631 394 1666; x_wconf 81' lang='grc' dir='ltr'>ὑμῶν,</span> <span class='ocrx_word' id='word_1_177' title='bbox 411 1631 468 1658; x_wconf 82' lang='grc' dir='ltr'>ἀλλ’</span> <span class='ocrx_word' id='word_1_178' title='bbox 482 1631 509 1657; x_wconf 78' lang='grc' dir='ltr'><strong>εί</strong></span> <span class='ocrx_word' id='word_1_179' title='bbox 521 1640 563 1662; x_wconf 83' lang='grc' dir='ltr'>τις</span> <span class='ocrx_word' id='word_1_180' title='bbox 573 1632 674 1666; x_wconf 79' lang='grc' dir='ltr'><strong>ἀγαθὸς</strong></span> <span class='ocrx_word' id='word_1_181' title='bbox 696 1632 764 1668; x_wconf 75' lang='grc' dir='ltr'>πρὸς</span> <span class='ocrx_word' id='word_1_182' title='bbox 785 1633 929 1669; x_wconf 75' lang='grc' dir='ltr'>οἰκοδομὴν</span> <span class='ocrx_word' id='word_1_183' title='bbox 943 1633 993 1669; x_wconf 86' lang='grc' dir='ltr'><strong>τῆς</strong></span> 
     </span>
    </p>
   </div>
   <div class='ocr_carea' id='block_1_32' title="bbox 206 1677 776 1715">
    <p class='ocr_par' dir='ltr' id='par_1_32' title="bbox 206 1677 776 1715">
     <span class='ocr_line' id='line_1_32' title="bbox 206 1677 776 1715; baseline -0.002 -11"><span class='ocrx_word' id='word_1_184' title='bbox 206 1678 310 1715; x_wconf 82' lang='grc' dir='ltr'><strong>χρείας,</strong></span> <span class='ocrx_word' id='word_1_185' title='bbox 326 1678 368 1704; x_wconf 81' lang='grc' dir='ltr'><strong>ἵνα</strong></span> <span class='ocrx_word' id='word_1_186' title='bbox 379 1677 416 1711; x_wconf 81' lang='grc' dir='ltr'><strong>δῷ</strong></span> <span class='ocrx_word' id='word_1_187' title='bbox 432 1677 512 1712; x_wconf 79' lang='grc' dir='ltr'>χάριν</span> <span class='ocrx_word' id='word_1_188' title='bbox 526 1678 581 1708; x_wconf 77' lang='grc' dir='ltr'>τοῖς</span> <span class='ocrx_word' id='word_1_189' title='bbox 594 1677 750 1705; x_wconf 74' lang='grc' dir='ltr'>ἀκούουσιν.</span> <span class='ocrx_word' id='word_1_190' title='bbox 767 1687 776 1703; x_wconf 76' lang='grc' dir='ltr'><strong>ι</strong></span> 
     </span>
    </p>
   </div>
   <div class='ocr_carea' id='block_1_33' title="bbox 243 1722 992 1762">
    <p class='ocr_par' dir='ltr' id='par_1_33' title="bbox 243 1722 992 1762">
     <span class='ocr_line' id='line_1_33' title="bbox 243 1722 992 1762; baseline 0.003 -12"><span class='ocrx_word' id='word_1_191' title='bbox 243 1734 251 1749; x_wconf 74' lang='grc' dir='ltr'><strong>ι</strong></span> <span class='ocrx_word' id='word_1_192' title='bbox 270 1723 420 1758; x_wconf 79' lang='grc' dir='ltr'><strong>Αῑσχρότης</strong></span> <span class='ocrx_word' id='word_1_193' title='bbox 438 1723 485 1749; x_wconf 77' lang='grc' dir='ltr'>καὶ</span> <span class='ocrx_word' id='word_1_194' title='bbox 501 1722 666 1757; x_wconf 75' lang='grc' dir='ltr'><strong>μωρολογία,</strong></span> <span class='ocrx_word' id='word_1_195' title='bbox 683 1723 698 1758; x_wconf 88' lang='grc' dir='ltr'>ἢ</span> <span class='ocrx_word' id='word_1_196' title='bbox 715 1723 893 1758; x_wconf 78' lang='grc' dir='ltr'>εὐτραπελία,</span> <span class='ocrx_word' id='word_1_197' title='bbox 908 1725 942 1752; x_wconf 83' lang='grc' dir='ltr'>τὰ</span> <span class='ocrx_word' id='word_1_198' title='bbox 955 1726 992 1762; x_wconf 84' lang='grc' dir='ltr'>μὴ</span> 
     </span>
    </p>
   </div>
   <div class='ocr_carea' id='block_1_34' title="bbox 205 1769 992 1807">
    <p class='ocr_par' dir='ltr' id='par_1_34' title="bbox 205 1769 992 1807">
     <span class='ocr_line' id='line_1_34' title="bbox 205 1769 992 1807; baseline 0.003 -11"><span class='ocrx_word' id='word_1_199' title='bbox 205 1771 349 1805; x_wconf 77' lang='grc' dir='ltr'>ἀνήκοντα,</span> <span class='ocrx_word' id='word_1_200' title='bbox 368 1769 435 1804; x_wconf 83' lang='grc' dir='ltr'>μηδὲ</span> <span class='ocrx_word' id='word_1_201' title='bbox 447 1769 674 1804; x_wconf 75' lang='grc' dir='ltr'>ὀνομαζέσθωσαν</span> <span class='ocrx_word' id='word_1_202' title='bbox 689 1770 717 1796; x_wconf 78' lang='grc' dir='ltr'>ὲν</span> <span class='ocrx_word' id='word_1_203' title='bbox 733 1770 807 1805; x_wconf 81' lang='grc' dir='ltr'>ὑμῖν,</span> <span class='ocrx_word' id='word_1_204' title='bbox 821 1771 912 1803; x_wconf 84' lang='grc' dir='ltr'>καθὼς</span> <span class='ocrx_word' id='word_1_205' title='bbox 926 1772 992 1807; x_wconf 81' lang='grc' dir='ltr'>πρέ-</span> 
     </span>
    </p>
   </div>
   <div class='ocr_carea' id='block_1_35' title="bbox 206 1815 397 1849">
    <p class='ocr_par' dir='ltr' id='par_1_35' title="bbox 206 1815 397 1849">
     <span class='ocr_line' id='line_1_35' title="bbox 206 1815 397 1849; baseline -0.01 -8"><span class='ocrx_word' id='word_1_206' title='bbox 206 1823 251 1841; x_wconf 86' lang='grc' dir='ltr'>πει</span> <span class='ocrx_word' id='word_1_207' title='bbox 266 1815 365 1849; x_wconf 79' lang='grc' dir='ltr'>ἁγίοις.</span> <span class='ocrx_word' id='word_1_208' title='bbox 388 1823 397 1839; x_wconf 71' lang='grc' dir='ltr'><strong>ι</strong></span> 
     </span>
    </p>
   </div>
   <div class='ocr_carea' id='block_1_36' title="bbox 241 1903 990 1940">
    <p class='ocr_par' dir='ltr' id='par_1_36' title="bbox 241 1903 990 1940">
     <span class='ocr_line' id='line_1_36' title="bbox 241 1903 990 1940; baseline 0.001 -9"><span class='ocrx_word' id='word_1_209' title='bbox 241 1914 250 1931; x_wconf 75' lang='grc' dir='ltr'><strong>ι</strong></span> <span class='ocrx_word' id='word_1_210' title='bbox 268 1903 449 1939; x_wconf 75' lang='grc' dir='ltr'>Δίσχρολογία</span> <span class='ocrx_word' id='word_1_211' title='bbox 477 1903 515 1939; x_wconf 85' lang='grc' dir='ltr'>μὴ</span> <span class='ocrx_word' id='word_1_212' title='bbox 549 1903 700 1939; x_wconf 68' lang='grc' dir='ltr'>ὲξερχέςθω</span> <span class='ocrx_word' id='word_1_213' title='bbox 727 1905 759 1931; x_wconf 80' lang='grc' dir='ltr'><strong>ὲκ</strong></span> <span class='ocrx_word' id='word_1_214' title='bbox 785 1904 830 1931; x_wconf 77' lang='grc' dir='ltr'>τοῦ</span> <span class='ocrx_word' id='word_1_215' title='bbox 854 1905 990 1940; x_wconf 79' lang='grc' dir='ltr'><strong>στόματος</strong></span> 
     </span>
    </p>
   </div>
   <div class='ocr_carea' id='block_1_37' title="bbox 204 1949 322 1976">
    <p class='ocr_par' dir='ltr' id='par_1_37' title="bbox 204 1949 322 1976">
     <span class='ocr_line' id='line_1_37' title="bbox 204 1949 322 1976; baseline 0 -1"><span class='ocrx_word' id='word_1_216' title='bbox 204 1949 291 1976; x_wconf 73' lang='grc' dir='ltr'>ὑμῶν.</span> <span class='ocrx_word' id='word_1_217' title='bbox 312 1958 322 1975; x_wconf 74' lang='grc' dir='ltr'><strong>ι</strong></span> 
     </span>
    </p>
   </div>
   <div class='ocr_carea' id='block_1_38' title="bbox 223 1957 989 2032">
    <p class='ocr_par' dir='ltr' id='par_1_38' title="bbox 223 1957 989 2032">
     <span class='ocr_line' id='line_1_38' title="bbox 223 1957 989 2032; baseline 0.004 -12"><span class='ocrx_word' id='word_1_218' title='bbox 223 1957 291 2020; x_wconf 38' lang='grc' dir='ltr'>ι</span> <span class='ocrx_word' id='word_1_219' title='bbox 304 1958 358 2021; x_wconf 58' lang='grc' dir='ltr'><strong>’ζῶν</strong></span> <span class='ocrx_word' id='word_1_220' title='bbox 373 1994 459 2029; x_wconf 87' lang='grc' dir='ltr'>λόγων</span> <span class='ocrx_word' id='word_1_221' title='bbox 477 1994 603 2030; x_wconf 82' lang='grc' dir='ltr'>συνήθεια</span> <span class='ocrx_word' id='word_1_222' title='bbox 613 1995 671 2027; x_wconf 81' lang='grc' dir='ltr'><strong>ὁδός</strong></span> <span class='ocrx_word' id='word_1_223' title='bbox 683 1996 757 2021; x_wconf 80' lang='grc' dir='ltr'>ἐστιν</span> <span class='ocrx_word' id='word_1_224' title='bbox 775 1995 822 2021; x_wconf 76' lang='grc' dir='ltr'><strong>ἐπὶ</strong></span> <span class='ocrx_word' id='word_1_225' title='bbox 849 1996 882 2023; x_wconf 82' lang='grc' dir='ltr'><strong>τὰ</strong></span> <span class='ocrx_word' id='word_1_226' title='bbox 899 1996 989 2032; x_wconf 82' lang='grc' dir='ltr'>πράγ-</span> 
     </span>
    </p>
   </div>
   <div class='ocr_carea' id='block_1_39' title="bbox 205 2039 990 2079">
    <p class='ocr_par' dir='ltr' id='par_1_39' title="bbox 205 2039 990 2079">
     <span class='ocr_line' id='line_1_39' title="bbox 205 2039 990 2079; baseline 0.005 -13"><span class='ocrx_word' id='word_1_227' title='bbox 205 2048 288 2076; x_wconf 84' lang='grc' dir='ltr'>ματα.</span> <span class='ocrx_word' id='word_1_228' title='bbox 308 2039 354 2066; x_wconf 78' lang='grc' dir='ltr'><strong>Διὸ</strong></span> <span class='ocrx_word' id='word_1_229' title='bbox 367 2040 441 2076; x_wconf 80' lang='grc' dir='ltr'><strong>πάσῃ</strong></span> <span class='ocrx_word' id='word_1_230' title='bbox 456 2040 561 2076; x_wconf 85' lang='grc' dir='ltr'>φυλακῇ</span> <span class='ocrx_word' id='word_1_231' title='bbox 574 2040 623 2076; x_wconf 78' lang='grc' dir='ltr'><strong>τὴν</strong></span> <span class='ocrx_word' id='word_1_232' title='bbox 632 2040 720 2076; x_wconf 77' lang='grc' dir='ltr'>ψυχὴν</span> <span class='ocrx_word' id='word_1_233' title='bbox 735 2050 768 2076; x_wconf 86' lang='grc' dir='ltr'><strong>τη</strong></span> <span class='ocrx_word' id='word_1_234' title='bbox 774 2042 878 2077; x_wconf 84' lang='grc' dir='ltr'>ρητέον,</span> <span class='ocrx_word' id='word_1_235' title='bbox 896 2043 934 2079; x_wconf 78' lang='grc' dir='ltr'>μὴ</span> <span class='ocrx_word' id='word_1_236' title='bbox 945 2043 990 2070; x_wconf 84' lang='grc' dir='ltr'>διὰ</span> 
     </span>
    </p>
   </div>
   <div class='ocr_carea' id='block_1_40' title="bbox 203 2085 989 2123">
    <p class='ocr_par' dir='ltr' id='par_1_40' title="bbox 203 2085 989 2123">
     <span class='ocr_line' id='line_1_40' title="bbox 203 2085 989 2123; baseline 0.003 -11"><span class='ocrx_word' id='word_1_237' title='bbox 203 2085 253 2120; x_wconf 83' lang='grc' dir='ltr'><strong>τῆς</strong></span> <span class='ocrx_word' id='word_1_238' title='bbox 269 2085 322 2112; x_wconf 83' lang='grc' dir='ltr'>τῶν</span> <span class='ocrx_word' id='word_1_239' title='bbox 340 2085 428 2119; x_wconf 86' lang='grc' dir='ltr'>λόγων</span> <span class='ocrx_word' id='word_1_240' title='bbox 448 2086 544 2121; x_wconf 81' lang='grc' dir='ltr'><strong>ἡδονῆς</strong></span> <span class='ocrx_word' id='word_1_241' title='bbox 573 2086 790 2121; x_wconf 81' lang='grc' dir='ltr'>παραδεξάμενοί</span> <span class='ocrx_word' id='word_1_242' title='bbox 803 2095 840 2119; x_wconf 87' lang='grc' dir='ltr'>τι,</span> <span class='ocrx_word' id='word_1_243' title='bbox 862 2086 989 2123; x_wconf 82' lang='grc' dir='ltr'>λάθωμεν</span> 
     </span>
    </p>
   </div>
   <div class='ocr_carea' id='block_1_41' title="bbox 203 2130 989 2168">
    <p class='ocr_par' dir='ltr' id='par_1_41' title="bbox 203 2130 989 2168">
     <span class='ocr_line' id='line_1_41' title="bbox 203 2130 989 2168; baseline 0.005 -12"><span class='ocrx_word' id='word_1_244' title='bbox 203 2130 257 2156; x_wconf 87' lang='grc' dir='ltr'><strong>τῶν</strong></span> <span class='ocrx_word' id='word_1_245' title='bbox 269 2130 397 2165; x_wconf 85' lang='grc' dir='ltr'>χειρόνων</span> <span class='ocrx_word' id='word_1_246' title='bbox 410 2150 417 2163; x_wconf 88' lang='grc'><strong>,</strong></span> <span class='ocrx_word' id='word_1_247' title='bbox 437 2131 531 2166; x_wconf 81' lang='grc' dir='ltr'>ὥσπερ</span> <span class='ocrx_word' id='word_1_248' title='bbox 553 2131 775 2167; x_wconf 71' lang='grc' dir='ltr'>καταδηλητὴρια</span> <span class='ocrx_word' id='word_1_249' title='bbox 792 2132 862 2167; x_wconf 83' lang='grc' dir='ltr'>μετὰ</span> <span class='ocrx_word' id='word_1_250' title='bbox 875 2133 923 2160; x_wconf 81' lang='grc' dir='ltr'><strong>τοῦ</strong></span> <span class='ocrx_word' id='word_1_251' title='bbox 939 2132 989 2168; x_wconf 81' lang='grc' dir='ltr'><strong>μὲ-</strong></span> 
     </span>
    </p>
   </div>
   <div class='ocr_carea' id='block_1_42' title="bbox 203 2175 471 2212">
    <p class='ocr_par' dir='ltr' id='par_1_42' title="bbox 203 2175 471 2212">
     <span class='ocr_line' id='line_1_42' title="bbox 203 2175 471 2212; baseline 0.007 -11"><span class='ocrx_word' id='word_1_252' title='bbox 203 2175 275 2207; x_wconf 84' lang='grc' dir='ltr'>λιτος</span> <span class='ocrx_word' id='word_1_253' title='bbox 286 2176 471 2212; x_wconf 79' lang='grc' dir='ltr'>προσιέμενοι.</span> 
     </span>
    </p>
   </div>
   <div class='ocr_carea' id='block_1_43' title="bbox 239 2274 986 2313">
    <p class='ocr_par' dir='ltr' id='par_1_43' title="bbox 239 2274 986 2313">
     <span class='ocr_line' id='line_1_43' title="bbox 239 2274 986 2313; baseline 0.004 -11"><span class='ocrx_word' id='word_1_254' title='bbox 239 2274 332 2302; x_wconf 81' lang='grc' dir='ltr'><strong>Κακοῦ</strong></span> <span class='ocrx_word' id='word_1_255' title='bbox 346 2276 444 2312; x_wconf 81' lang='grc' dir='ltr'>μελέτη</span> <span class='ocrx_word' id='word_1_256' title='bbox 459 2276 548 2313; x_wconf 84' lang='grc' dir='ltr'>χρόνῳ</span> <span class='ocrx_word' id='word_1_257' title='bbox 570 2276 751 2311; x_wconf 77' lang='grc' dir='ltr'>βεϐαιωθεῖσα</span> <span class='ocrx_word' id='word_1_258' title='bbox 766 2277 890 2309; x_wconf 81' lang='grc' dir='ltr'><strong>δυσίατός</strong></span> <span class='ocrx_word' id='word_1_259' title='bbox 902 2278 986 2312; x_wconf 80' lang='grc' dir='ltr'>ἐστιν,</span> 
     </span>
    </p>
   </div>
   <div class='ocr_carea' id='block_1_44' title="bbox 203 2321 989 2357">
    <p class='ocr_par' dir='ltr' id='par_1_44' title="bbox 203 2321 989 2357">
     <span class='ocr_line' id='line_1_44' title="bbox 203 2321 989 2357; baseline 0.004 -9"><span class='ocrx_word' id='word_1_260' title='bbox 203 2321 220 2356; x_wconf 81' lang='grc' dir='ltr'>ἢ</span> <span class='ocrx_word' id='word_1_261' title='bbox 234 2322 280 2348; x_wconf 71' lang='grc' dir='ltr'>καὶ</span> <span class='ocrx_word' id='word_1_262' title='bbox 304 2322 445 2354; x_wconf 81' lang='grc' dir='ltr'>παντελῶς</span> <span class='ocrx_word' id='word_1_263' title='bbox 467 2323 506 2354; x_wconf 85' lang='grc' dir='ltr'><strong>είς</strong></span> <span class='ocrx_word' id='word_1_264' title='bbox 522 2322 603 2357; x_wconf 79' lang='grc' dir='ltr'>φύσιν</span> <span class='ocrx_word' id='word_1_265' title='bbox 623 2323 661 2354; x_wconf 84' lang='grc' dir='ltr'><strong>ὡς</strong></span> <span class='ocrx_word' id='word_1_266' title='bbox 684 2322 716 2349; x_wconf 71' lang='grc' dir='ltr'><strong>τὰ</strong></span> <span class='ocrx_word' id='word_1_267' title='bbox 741 2323 826 2350; x_wconf 85' lang='grc' dir='ltr'>πολλὰ</span> <span class='ocrx_word' id='word_1_268' title='bbox 847 2323 894 2350; x_wconf 79' lang='grc' dir='ltr'>τοῦ</span> <span class='ocrx_word' id='word_1_269' title='bbox 911 2323 989 2356; x_wconf 79' lang='grc' dir='ltr'>ἔθους</span> 
     </span>
    </p>
   </div>
   <div class='ocr_carea' id='block_1_45' title="bbox 205 2367 415 2402">
    <p class='ocr_par' dir='ltr' id='par_1_45' title="bbox 205 2367 415 2402">
     <span class='ocr_line' id='line_1_45' title="bbox 205 2367 415 2402; baseline 0.01 -9"><span class='ocrx_word' id='word_1_270' title='bbox 205 2367 415 2402; x_wconf 77' lang='grc' dir='ltr'>μεθισταμένου.</span> 
     </span>
    </p>
   </div>
   <div class='ocr_carea' id='block_1_46' title="bbox 243 2500 951 2540">
    <p class='ocr_par' dir='ltr' id='par_1_46' title="bbox 243 2500 951 2540">
     <span class='ocr_line' id='line_1_46' title="bbox 243 2500 951 2540; baseline 0.007 -12"><span class='ocrx_word' id='word_1_271' title='bbox 243 2501 326 2540; x_wconf 58' lang='grc' dir='ltr'><strong>Κηρεῖ)</strong></span> <span class='ocrx_word' id='word_1_272' title='bbox 343 2503 379 2529; x_wconf 80' lang='grc' dir='ltr'><strong>τὰ</strong></span> <span class='ocrx_word' id='word_1_273' title='bbox 390 2500 449 2531; x_wconf 79' lang='grc' dir='ltr'><strong>ὦτα</strong></span> <span class='ocrx_word' id='word_1_274' title='bbox 465 2505 584 2540; x_wconf 74' lang='grc' dir='ltr'><em>φράσσε</em></span> <span class='ocrx_word' id='word_1_275' title='bbox 597 2505 671 2540; x_wconf 63' lang='grc' dir='ltr'><strong>πριὲς</strong></span> <span class='ocrx_word' id='word_1_276' title='bbox 682 2505 818 2539; x_wconf 77' lang='grc' dir='ltr'>φαύλους</span> <span class='ocrx_word' id='word_1_277' title='bbox 830 2506 951 2540; x_wconf 77' lang='grc' dir='ltr'><strong>λόγους,</strong></span> 
     </span>
    </p>
   </div>
   <div class='ocr_carea' id='block_1_47' title="bbox 245 2537 858 2575">
    <p class='ocr_par' dir='ltr' id='par_1_47' title="bbox 245 2537 858 2575">
     <span class='ocr_line' id='line_1_47' title="bbox 245 2537 858 2575; baseline 0.008 -13"><span class='ocrx_word' id='word_1_278' title='bbox 245 2537 338 2571; x_wconf 79' lang='grc' dir='ltr'><em>’ῼδῶν</em></span> <span class='ocrx_word' id='word_1_279' title='bbox 353 2546 385 2564; x_wconf 85' lang='grc' dir='ltr'>τε</span> <span class='ocrx_word' id='word_1_280' title='bbox 399 2537 532 2572; x_wconf 50' lang='grc' dir='ltr'><strong>τερπνῶν</strong></span> <span class='ocrx_word' id='word_1_281' title='bbox 545 2537 656 2574; x_wconf 63' lang='grc' dir='ltr'>ἐκμελῆ</span> <span class='ocrx_word' id='word_1_282' title='bbox 675 2537 858 2575; x_wconf 69' lang='grc' dir='ltr'>λυγίσμιιτα.</span> 
     </span>
    </p>
   </div>
   <div class='ocr_carea' id='block_1_48' title="bbox 239 2583 988 2621">
    <p class='ocr_par' dir='ltr' id='par_1_48' title="bbox 239 2583 988 2621">
     <span class='ocr_line' id='line_1_48' title="bbox 239 2583 988 2621; baseline 0.008 -13"><span class='ocrx_word' id='word_1_283' title='bbox 239 2583 352 2617; x_wconf 69' lang='grc' dir='ltr'>Αἰσχροὶ</span> <span class='ocrx_word' id='word_1_284' title='bbox 380 2584 428 2610; x_wconf 64' lang='grc' dir='ltr'><strong>καὶ</strong></span> <span class='ocrx_word' id='word_1_285' title='bbox 457 2585 564 2617; x_wconf 81' lang='grc' dir='ltr'>είκαϊοι,</span> <span class='ocrx_word' id='word_1_286' title='bbox 575 2586 599 2611; x_wconf 79' lang='lat' dir='ltr'><strong>ot</strong></span> <span class='ocrx_word' id='word_1_287' title='bbox 614 2585 643 2611; x_wconf 85' lang='grc' dir='ltr'>ὲν</span> <span class='ocrx_word' id='word_1_288' title='bbox 664 2586 721 2616; x_wconf 83' lang='grc' dir='ltr'>τοῖς</span> <span class='ocrx_word' id='word_1_289' title='bbox 738 2586 862 2620; x_wconf 77' lang='grc' dir='ltr'>ματαίοις</span> <span class='ocrx_word' id='word_1_290' title='bbox 877 2587 988 2621; x_wconf 79' lang='grc' dir='ltr'>εὐφυΐαν</span> 
     </span>
    </p>
   </div>
   <div class='ocr_carea' id='block_1_49' title="bbox 206 2629 988 2666">
    <p class='ocr_par' dir='ltr' id='par_1_49' title="bbox 206 2629 988 2666">
     <span class='ocr_line' id='line_1_49' title="bbox 206 2629 988 2666; baseline 0.009 -12"><span class='ocrx_word' id='word_1_291' title='bbox 206 2629 449 2662; x_wconf 80' lang='grc' dir='ltr'>ἀνεπιδεικνύντες,</span> <span class='ocrx_word' id='word_1_292' title='bbox 463 2630 570 2665; x_wconf 78' lang='grc' dir='ltr'>βραδεῖς</span> <span class='ocrx_word' id='word_1_293' title='bbox 585 2631 634 2666; x_wconf 78' lang='grc' dir='ltr'>μὲν</span> <span class='ocrx_word' id='word_1_294' title='bbox 647 2631 723 2663; x_wconf 74' lang='grc' dir='ltr'>ὄντες</span> <span class='ocrx_word' id='word_1_295' title='bbox 737 2632 770 2658; x_wconf 81' lang='grc' dir='ltr'><strong>τὰ</strong></span> <span class='ocrx_word' id='word_1_296' title='bbox 781 2632 850 2659; x_wconf 77' lang='grc' dir='ltr'>καλὰ</span> <span class='ocrx_word' id='word_1_297' title='bbox 865 2634 988 2661; x_wconf 69' lang='grc' dir='ltr'>παιδεύε-</span> 
     </span>
    </p>
   </div>
   <div class='ocr_carea' id='block_1_50' title="bbox 206 2675 988 2716">
    <p class='ocr_par' dir='ltr' id='par_1_50' title="bbox 206 2675 988 2716">
     <span class='ocr_line' id='line_1_50' title="bbox 206 2675 988 2716; baseline 0.008 -15"><span class='ocrx_word' id='word_1_298' title='bbox 206 2675 277 2706; x_wconf 82' lang='grc' dir='ltr'>σθαι,</span> <span class='ocrx_word' id='word_1_299' title='bbox 296 2675 329 2701; x_wconf 84' lang='grc' dir='ltr'><strong>τὰ</strong></span> <span class='ocrx_word' id='word_1_300' title='bbox 344 2675 372 2702; x_wconf 80' lang='grc' dir='ltr'><strong>δὲ</strong></span> <span class='ocrx_word' id='word_1_301' title='bbox 388 2677 496 2703; x_wconf 77' lang='grc' dir='ltr'>ἐναντία</span> <span class='ocrx_word' id='word_1_302' title='bbox 513 2677 659 2712; x_wconf 79' lang='grc' dir='ltr'>μανθάνειν</span> <span class='ocrx_word' id='word_1_303' title='bbox 672 2676 796 2709; x_wconf 72' lang='grc' dir='ltr'><strong>ὀξύτατοι</strong></span> <span class='ocrx_word' id='word_1_304' title='bbox 816 2679 863 2705; x_wconf 64' lang='grc' dir='ltr'><strong>καὶ</strong></span> <span class='ocrx_word' id='word_1_305' title='bbox 878 2688 988 2716; x_wconf 84' lang='grc' dir='ltr'>προχει-</span> 
     </span>
    </p>
   </div>
   <div class='ocr_carea' id='block_1_51' title="bbox 207 2718 326 2753">
    <p class='ocr_par' dir='ltr' id='par_1_51' title="bbox 207 2718 326 2753">
     <span class='ocr_line' id='line_1_51' title="bbox 207 2718 326 2753; baseline 0.017 -9"><span class='ocrx_word' id='word_1_306' title='bbox 207 2718 326 2753; x_wconf 68' lang='grc' dir='ltr'>ρότατοι.</span> 
     </span>
    </p>
   </div>
   <div class='ocr_carea' id='block_1_52' title="bbox 243 2806 985 2848">
    <p class='ocr_par' dir='ltr' id='par_1_52' title="bbox 243 2806 985 2848">
     <span class='ocr_line' id='line_1_52' title="bbox 243 2806 985 2848; baseline 0.011 -15"><span class='ocrx_word' id='word_1_307' title='bbox 243 2806 438 2843; x_wconf 67' lang='grc' dir='ltr'>Αῐπχρολογίας</span> <span class='ocrx_word' id='word_1_308' title='bbox 453 2809 543 2840; x_wconf 75' lang='grc' dir='ltr'><strong>αὐτοῖς</strong></span> <span class='ocrx_word' id='word_1_309' title='bbox 560 2818 588 2836; x_wconf 80' lang='grc' dir='ltr'>τε</span> <span class='ocrx_word' id='word_1_310' title='bbox 606 2810 670 2845; x_wconf 81' lang='grc' dir='ltr'>ἡμῖν</span> <span class='ocrx_word' id='word_1_311' title='bbox 684 2811 823 2843; x_wconf 73' lang='grc' dir='ltr'>παντελῶς</span> <span class='ocrx_word' id='word_1_312' title='bbox 844 2813 985 2848; x_wconf 72' lang='grc' dir='ltr'>ἀφεκτέον,</span> 
     </span>
    </p>
   </div>
   <div class='ocr_carea' id='block_1_53' title="bbox 1053 218 1843 258">
    <p class='ocr_par' dir='ltr' id='par_1_53' title="bbox 1053 218 1843 258">
     <span class='ocr_line' id='line_1_53' title="bbox 1053 218 1843 258; baseline 0.009 -15"><span class='ocrx_word' id='word_1_313' title='bbox 1053 221 1119 249; x_wconf 85' lang='lat' dir='ltr'><strong>tem,</strong></span> <span class='ocrx_word' id='word_1_314' title='bbox 1138 226 1191 252; x_wconf 86' lang='lat' dir='ltr'><strong>qua</strong></span> <span class='ocrx_word' id='word_1_315' title='bbox 1210 218 1284 245; x_wconf 85' lang='lat' dir='ltr'><strong>velut</strong></span> <span class='ocrx_word' id='word_1_316' title='bbox 1309 219 1380 254; x_wconf 81' lang='lat' dir='ltr'><strong>ignis</strong></span> <span class='ocrx_word' id='word_1_317' title='bbox 1404 220 1432 247; x_wconf 91' lang='lat' dir='ltr'><strong>in</strong></span> <span class='ocrx_word' id='word_1_318' title='bbox 1445 221 1549 254; x_wconf 85' lang='lat' dir='ltr'><strong>omnia,</strong></span> <span class='ocrx_word' id='word_1_319' title='bbox 1569 226 1623 250; x_wconf 83' lang='lat' dir='ltr'><strong>tam</strong></span> <span class='ocrx_word' id='word_1_320' title='bbox 1648 231 1733 258; x_wconf 87' lang='lat' dir='ltr'><strong>parva</strong></span> <span class='ocrx_word' id='word_1_321' title='bbox 1761 231 1843 258; x_wconf 87' lang='lat' dir='ltr'><strong>quam</strong></span> 
     </span>
    </p>
   </div>
   <div class='ocr_carea' id='block_1_54' title="bbox 1053 268 1332 298">
    <p class='ocr_par' dir='ltr' id='par_1_54' title="bbox 1053 268 1332 298">
     <span class='ocr_line' id='line_1_54' title="bbox 1053 268 1332 298; baseline 0.007 -9"><span class='ocrx_word' id='word_1_322' title='bbox 1053 270 1162 298; x_wconf 77' lang='lat' dir='ltr'><strong>magna,</strong></span> <span class='ocrx_word' id='word_1_323' title='bbox 1178 268 1332 298; x_wconf 77' lang='lat' dir='ltr'><strong>grassatur.</strong></span> 
     </span>
    </p>
   </div>
   <div class='ocr_carea' id='block_1_55' title="bbox 1173 330 1718 369">
    <p class='ocr_par' dir='ltr' id='par_1_55' title="bbox 1173 330 1718 369">
     <span class='ocr_line' id='line_1_55' title="bbox 1173 330 1718 369; baseline 0.011 -13"><span class='ocrx_word' id='word_1_324' title='bbox 1173 330 1256 366; x_wconf 78' lang='lat'><strong>379</strong></span> <span class='ocrx_word' id='word_1_325' title='bbox 1278 330 1346 357; x_wconf 82' lang='lat' dir='ltr'><strong>Tl&#39;l&#39;.</strong></span> <span class='ocrx_word' id='word_1_326' title='bbox 1361 331 1456 359; x_wconf 77' lang='lat' dir='ltr'><strong>XLIV.</strong></span> <span class='ocrx_word' id='word_1_327' title='bbox 1471 349 1506 354; x_wconf 94' lang='lat'><em>—</em></span> <span class='ocrx_word' id='word_1_328' title='bbox 1521 333 1561 362; x_wconf 82' lang='lat' dir='ltr'><strong>De</strong></span> <span class='ocrx_word' id='word_1_329' title='bbox 1575 334 1718 369; x_wconf 72' lang='lat' dir='ltr'><strong>fratribus.</strong></span> 
     </span>
    </p>
   </div>
   <div class='ocr_carea' id='block_1_56' title="bbox 1086 385 1844 419">
    <p class='ocr_par' dir='ltr' id='par_1_56' title="bbox 1086 385 1844 419">
     <span class='ocr_line' id='line_1_56' title="bbox 1086 385 1844 419; baseline 0.008 -7"><span class='ocrx_word' id='word_1_330' title='bbox 1086 385 1172 413; x_wconf 74' lang='lat' dir='ltr'><strong>Leuit.</strong></span> <span class='ocrx_word' id='word_1_331' title='bbox 1188 393 1244 417; x_wconf 79' lang='lat' dir='ltr'><strong>nx,</strong></span> <span class='ocrx_word' id='word_1_332' title='bbox 1264 385 1307 412; x_wconf 86' lang='grc'><strong>17.</strong></span> <span class='ocrx_word' id='word_1_333' title='bbox 1320 399 1356 406; x_wconf 81' lang='lat'>—</span> <span class='ocrx_word' id='word_1_334' title='bbox 1373 395 1382 412; x_wconf 77' lang='grc' dir='ltr'><strong>ι</strong></span> <span class='ocrx_word' id='word_1_335' title='bbox 1400 385 1461 414; x_wconf 80' lang='lat' dir='ltr'><strong>Non</strong></span> <span class='ocrx_word' id='word_1_336' title='bbox 1479 388 1573 417; x_wconf 87' lang='lat' dir='ltr'><strong>oderis</strong></span> <span class='ocrx_word' id='word_1_337' title='bbox 1593 389 1706 417; x_wconf 76' lang='lat' dir='ltr'><strong>fratrem</strong></span> <span class='ocrx_word' id='word_1_338' title='bbox 1722 393 1800 418; x_wconf 88' lang='lat' dir='ltr'><strong>tuum</strong></span> <span class='ocrx_word' id='word_1_339' title='bbox 1818 392 1844 419; x_wconf 92' lang='lat' dir='ltr'><strong>in</strong></span> 
     </span>
    </p>
   </div>
   <div class='ocr_carea' id='block_1_57' title="bbox 1050 435 1238 459">
    <p class='ocr_par' dir='ltr' id='par_1_57' title="bbox 1050 435 1238 459">
     <span class='ocr_line' id='line_1_57' title="bbox 1050 435 1238 459; baseline -0.005 0"><span class='ocrx_word' id='word_1_340' title='bbox 1050 437 1142 459; x_wconf 88' lang='lat' dir='ltr'><strong>mente</strong></span> <span class='ocrx_word' id='word_1_341' title='bbox 1153 435 1210 459; x_wconf 88' lang='lat' dir='ltr'><strong>tua.</strong></span> <span class='ocrx_word' id='word_1_342' title='bbox 1229 441 1238 458; x_wconf 83' lang='grc'><strong>›</strong></span> 
     </span>
    </p>
   </div>
   <div class='ocr_carea' id='block_1_58' title="bbox 1085 478 1842 518">
    <p class='ocr_par' dir='ltr' id='par_1_58' title="bbox 1085 478 1842 518">
     <span class='ocr_line' id='line_1_58' title="bbox 1085 478 1842 518; baseline 0.008 -14"><span class='ocrx_word' id='word_1_343' title='bbox 1085 478 1161 505; x_wconf 80' lang='lat' dir='ltr'><strong>Psal.</strong></span> <span class='ocrx_word' id='word_1_344' title='bbox 1174 485 1278 512; x_wconf 77' lang='lat' dir='ltr'><strong>cxxxu,</strong></span> <span class='ocrx_word' id='word_1_345' title='bbox 1298 480 1372 508; x_wconf 83' lang='grc'><strong>1.-</strong></span> <span class='ocrx_word' id='word_1_346' title='bbox 1388 490 1398 507; x_wconf 79' lang='grc' dir='ltr'><strong>ι</strong></span> <span class='ocrx_word' id='word_1_347' title='bbox 1414 479 1484 509; x_wconf 86' lang='lat' dir='ltr'><strong>Ecce</strong></span> <span class='ocrx_word' id='word_1_348' title='bbox 1501 489 1584 517; x_wconf 84' lang='lat' dir='ltr'><strong>quam</strong></span> <span class='ocrx_word' id='word_1_349' title='bbox 1597 481 1749 514; x_wconf 85' lang='lat' dir='ltr'><strong>bonum,et</strong></span> <span class='ocrx_word' id='word_1_350' title='bbox 1760 490 1842 518; x_wconf 87' lang='lat' dir='ltr'><strong>quam</strong></span> 
     </span>
    </p>
   </div>
   <div class='ocr_carea' id='block_1_59' title="bbox 1047 523 1660 558">
    <p class='ocr_par' dir='ltr' id='par_1_59' title="bbox 1047 523 1660 558">
     <span class='ocr_line' id='line_1_59' title="bbox 1047 523 1660 558; baseline 0.003 -8"><span class='ocrx_word' id='word_1_351' title='bbox 1047 523 1212 558; x_wconf 83' lang='lat' dir='ltr'><strong>jucundum,</strong></span> <span class='ocrx_word' id='word_1_352' title='bbox 1225 524 1352 553; x_wconf 77' lang='lat' dir='ltr'><strong>habitare</strong></span> <span class='ocrx_word' id='word_1_353' title='bbox 1365 525 1466 554; x_wconf 80' lang='lat' dir='ltr'><strong>fratres</strong></span> <span class='ocrx_word' id='word_1_354' title='bbox 1486 527 1513 554; x_wconf 93' lang='lat' dir='ltr'><strong>in</strong></span> <span class='ocrx_word' id='word_1_355' title='bbox 1531 534 1629 554; x_wconf 86' lang='lat' dir='ltr'><strong>unum.</strong></span> <span class='ocrx_word' id='word_1_356' title='bbox 1651 536 1660 552; x_wconf 81' lang='grc'><strong>›</strong></span> 
     </span>
    </p>
   </div>
   <div class='ocr_carea' id='block_1_60' title="bbox 1087 568 1842 603">
    <p class='ocr_par' dir='ltr' id='par_1_60' title="bbox 1087 568 1842 603">
     <span class='ocr_line' id='line_1_60' title="bbox 1087 568 1842 603; baseline 0.008 -8"><span class='ocrx_word' id='word_1_357' title='bbox 1087 568 1167 596; x_wconf 85' lang='lat' dir='ltr'><strong>Prov.</strong></span> <span class='ocrx_word' id='word_1_358' title='bbox 1188 577 1260 603; x_wconf 78' lang='lat' dir='ltr'><strong>xvu,</strong></span> <span class='ocrx_word' id='word_1_359' title='bbox 1283 570 1328 598; x_wconf 74' lang='lat' dir='ltr'><strong>t7.</strong></span> <span class='ocrx_word' id='word_1_360' title='bbox 1348 586 1384 591; x_wconf 89' lang='lat'>—</span> <span class='ocrx_word' id='word_1_361' title='bbox 1407 580 1417 598; x_wconf 79' lang='grc' dir='ltr'><strong>ι</strong></span> <span class='ocrx_word' id='word_1_362' title='bbox 1444 571 1557 600; x_wconf 77' lang='lat' dir='ltr'><strong>Fratres</strong></span> <span class='ocrx_word' id='word_1_363' title='bbox 1577 572 1605 599; x_wconf 90' lang='lat' dir='ltr'><strong>in</strong></span> <span class='ocrx_word' id='word_1_364' title='bbox 1628 573 1842 601; x_wconf 71' lang='lat' dir='ltr'><strong>necessitatibus</strong></span> 
     </span>
    </p>
   </div>
   <div class='ocr_carea' id='block_1_61' title="bbox 1049 614 1243 642">
    <p class='ocr_par' dir='ltr' id='par_1_61' title="bbox 1049 614 1243 642">
     <span class='ocr_line' id='line_1_61' title="bbox 1049 614 1243 642; baseline 0.005 -1"><span class='ocrx_word' id='word_1_365' title='bbox 1049 614 1132 642; x_wconf 88' lang='lat' dir='ltr'><strong>utiles</strong></span> <span class='ocrx_word' id='word_1_366' title='bbox 1150 614 1216 642; x_wconf 84' lang='lat' dir='ltr'><strong>sint.</strong></span> <span class='ocrx_word' id='word_1_367' title='bbox 1234 624 1243 641; x_wconf 72' lang='grc' dir='ltr'><strong>ι</strong></span> 
     </span>
    </p>
   </div>
   <div class='ocr_carea' id='block_1_62' title="bbox 1084 660 1842 698">
    <p class='ocr_par' dir='ltr' id='par_1_62' title="bbox 1084 660 1842 698">
     <span class='ocr_line' id='line_1_62' title="bbox 1084 660 1842 698; baseline 0.005 -11"><span class='ocrx_word' id='word_1_368' title='bbox 1084 660 1164 688; x_wconf 84' lang='lat' dir='ltr'><strong>Prov.</strong></span> <span class='ocrx_word' id='word_1_369' title='bbox 1180 661 1313 695; x_wconf 75' lang='lat' dir='ltr'><strong>xvut,19.</strong></span> <span class='ocrx_word' id='word_1_370' title='bbox 1324 675 1359 682; x_wconf 82' lang='lat'><strong>—-</strong></span> <span class='ocrx_word' id='word_1_371' title='bbox 1369 670 1378 687; x_wconf 81' lang='grc' dir='ltr'><strong>ι</strong></span> <span class='ocrx_word' id='word_1_372' title='bbox 1391 660 1488 690; x_wconf 83' lang='lat' dir='ltr'><strong>Frater</strong></span> <span class='ocrx_word' id='word_1_373' title='bbox 1501 662 1548 697; x_wconf 90' lang='lat' dir='ltr'><strong>qui</strong></span> <span class='ocrx_word' id='word_1_374' title='bbox 1561 663 1707 698; x_wconf 83' lang='lat' dir='ltr'><strong>adjuvatur</strong></span> <span class='ocrx_word' id='word_1_375' title='bbox 1719 671 1734 691; x_wconf 87' lang='lat' dir='ltr'><strong>a</strong></span> <span class='ocrx_word' id='word_1_376' title='bbox 1747 664 1842 696; x_wconf 76' lang='lat' dir='ltr'><strong>fratre,</strong></span> 
     </span>
    </p>
   </div>
   <div class='ocr_carea' id='block_1_63' title="bbox 1048 706 1841 740">
    <p class='ocr_par' dir='ltr' id='par_1_63' title="bbox 1048 706 1841 740">
     <span class='ocr_line' id='line_1_63' title="bbox 1048 706 1841 740; baseline 0.006 -8"><span class='ocrx_word' id='word_1_377' title='bbox 1048 706 1130 740; x_wconf 86' lang='lat' dir='ltr'><strong>quasi</strong></span> <span class='ocrx_word' id='word_1_378' title='bbox 1143 707 1242 734; x_wconf 75' lang='lat' dir='ltr'><strong>civitas</strong></span> <span class='ocrx_word' id='word_1_379' title='bbox 1259 708 1336 734; x_wconf 87' lang='lat' dir='ltr'><strong>lirma</strong></span> <span class='ocrx_word' id='word_1_380' title='bbox 1352 711 1379 735; x_wconf 91' lang='lat' dir='ltr'><strong>et</strong></span> <span class='ocrx_word' id='word_1_381' title='bbox 1390 708 1501 736; x_wconf 77' lang='lat' dir='ltr'><strong>excelsa</strong></span> <span class='ocrx_word' id='word_1_382' title='bbox 1518 717 1524 735; x_wconf 93' lang='lat'>:</span> <span class='ocrx_word' id='word_1_383' title='bbox 1541 708 1622 737; x_wconf 79' lang='lat' dir='ltr'><strong>fortis</strong></span> <span class='ocrx_word' id='word_1_384' title='bbox 1638 713 1729 737; x_wconf 89' lang='lat' dir='ltr'><strong>autem</strong></span> <span class='ocrx_word' id='word_1_385' title='bbox 1746 714 1787 739; x_wconf 84' lang='lat' dir='ltr'><strong>est</strong></span> <span class='ocrx_word' id='word_1_386' title='bbox 1803 713 1841 737; x_wconf 90' lang='lat' dir='ltr'><strong>uti</strong></span> 
     </span>
    </p>
   </div>
   <div class='ocr_carea' id='block_1_64' title="bbox 1048 751 1292 786">
    <p class='ocr_par' dir='ltr' id='par_1_64' title="bbox 1048 751 1292 786">
     <span class='ocr_line' id='line_1_64' title="bbox 1048 751 1292 786; baseline 0.008 -9"><span class='ocrx_word' id='word_1_387' title='bbox 1048 751 1123 786; x_wconf 80' lang='lat' dir='ltr'><strong>regia</strong></span> <span class='ocrx_word' id='word_1_388' title='bbox 1143 751 1266 780; x_wconf 83' lang='lat' dir='ltr'><strong>fundata.</strong></span> <span class='ocrx_word' id='word_1_389' title='bbox 1283 762 1292 779; x_wconf 71' lang='grc' dir='ltr'><strong>ι</strong></span> 
     </span>
    </p>
   </div>
   <div class='ocr_carea' id='block_1_65' title="bbox 1085 797 1840 837">
    <p class='ocr_par' dir='ltr' id='par_1_65' title="bbox 1085 797 1840 837">
     <span class='ocr_line' id='line_1_65' title="bbox 1085 797 1840 837; baseline 0.008 -13"><span class='ocrx_word' id='word_1_390' title='bbox 1085 797 1164 825; x_wconf 81' lang='lat' dir='ltr'><strong>Prov.</strong></span> <span class='ocrx_word' id='word_1_391' title='bbox 1179 807 1235 831; x_wconf 78' lang='lat' dir='ltr'><strong>xu.</strong></span> <span class='ocrx_word' id='word_1_392' title='bbox 1255 801 1281 827; x_wconf 84' lang='lat'><strong>7.</strong></span> <span class='ocrx_word' id='word_1_393' title='bbox 1295 815 1331 821; x_wconf 88' lang='lat'><strong>——</strong></span> <span class='ocrx_word' id='word_1_394' title='bbox 1348 811 1357 827; x_wconf 72' lang='grc' dir='ltr'><strong>ι</strong></span> <span class='ocrx_word' id='word_1_395' title='bbox 1376 801 1472 829; x_wconf 88' lang='lat' dir='ltr'><strong>Omnis</strong></span> <span class='ocrx_word' id='word_1_396' title='bbox 1487 801 1533 837; x_wconf 87' lang='lat' dir='ltr'><strong>qui</strong></span> <span class='ocrx_word' id='word_1_397' title='bbox 1554 809 1703 837; x_wconf 80' lang='lat' dir='ltr'><strong>pauperem</strong></span> <span class='ocrx_word' id='word_1_398' title='bbox 1728 803 1840 830; x_wconf 77' lang='lat' dir='ltr'><strong>fratrem</strong></span> 
     </span>
    </p>
   </div>
   <div class='ocr_carea' id='block_1_66' title="bbox 1013 845 1714 884">
    <p class='ocr_par' dir='ltr' id='par_1_66' title="bbox 1013 845 1714 884">
     <span class='ocr_line' id='line_1_66' title="bbox 1013 845 1714 884; baseline 0.006 -12"><span class='ocrx_word' id='word_1_399' title='bbox 1013 855 1034 882; x_wconf 75' lang='grc' dir='ltr'><strong><em>Β</em></strong></span> <span class='ocrx_word' id='word_1_400' title='bbox 1048 845 1112 872; x_wconf 90' lang='lat' dir='ltr'><strong>odio</strong></span> <span class='ocrx_word' id='word_1_401' title='bbox 1126 845 1219 878; x_wconf 84' lang='lat' dir='ltr'><strong>habet,</strong></span> <span class='ocrx_word' id='word_1_402' title='bbox 1235 847 1269 874; x_wconf 87' lang='lat' dir='ltr'><strong>ab</strong></span> <span class='ocrx_word' id='word_1_403' title='bbox 1286 848 1408 875; x_wconf 85' lang='lat' dir='ltr'><strong>amicitia</strong></span> <span class='ocrx_word' id='word_1_404' title='bbox 1424 848 1505 884; x_wconf 78' lang='lat' dir='ltr'><strong>longe</strong></span> <span class='ocrx_word' id='word_1_405' title='bbox 1523 852 1647 876; x_wconf 79' lang='lat' dir='ltr'><strong>remotus</strong></span> <span class='ocrx_word' id='word_1_406' title='bbox 1661 851 1714 876; x_wconf 87' lang='lat' dir='ltr'><strong>est.</strong></span> 
     </span>
    </p>
   </div>
   <div class='ocr_carea' id='block_1_67' title="bbox 1083 889 1838 929">
    <p class='ocr_par' dir='ltr' id='par_1_67' title="bbox 1083 889 1838 929">
     <span class='ocr_line' id='line_1_67' title="bbox 1083 889 1838 929; baseline 0.008 -12"><span class='ocrx_word' id='word_1_407' title='bbox 1083 889 1162 918; x_wconf 83' lang='lat' dir='ltr'><strong><em>Prov.</em></strong></span> <span class='ocrx_word' id='word_1_408' title='bbox 1183 899 1270 924; x_wconf 74' lang='lat' dir='ltr'><strong>xsvn,</strong></span> <span class='ocrx_word' id='word_1_409' title='bbox 1288 893 1332 920; x_wconf 81' lang='grc'><strong>10.</strong></span> <span class='ocrx_word' id='word_1_410' title='bbox 1346 907 1382 912; x_wconf 88' lang='lat'><strong>——</strong></span> <span class='ocrx_word' id='word_1_411' title='bbox 1397 902 1407 919; x_wconf 74' lang='grc' dir='ltr'><strong>ι</strong></span> <span class='ocrx_word' id='word_1_412' title='bbox 1422 892 1520 920; x_wconf 85' lang='lat' dir='ltr'><strong>Melior</strong></span> <span class='ocrx_word' id='word_1_413' title='bbox 1539 897 1582 921; x_wconf 90' lang='lat' dir='ltr'><strong>est</strong></span> <span class='ocrx_word' id='word_1_414' title='bbox 1596 893 1707 922; x_wconf 83' lang='lat' dir='ltr'><strong>vicinus</strong></span> <span class='ocrx_word' id='word_1_415' title='bbox 1723 895 1838 929; x_wconf 84' lang='lat' dir='ltr'><strong>amicus,</strong></span> 
     </span>
    </p>
   </div>
   <div class='ocr_carea' id='block_1_68' title="bbox 1047 936 1512 973">
    <p class='ocr_par' dir='ltr' id='par_1_68' title="bbox 1047 936 1512 973">
     <span class='ocr_line' id='line_1_68' title="bbox 1047 936 1512 973; baseline 0.009 -11"><span class='ocrx_word' id='word_1_416' title='bbox 1047 942 1129 970; x_wconf 84' lang='lat' dir='ltr'><strong>quam</strong></span> <span class='ocrx_word' id='word_1_417' title='bbox 1148 936 1234 964; x_wconf 81' lang='lat' dir='ltr'><strong>frater</strong></span> <span class='ocrx_word' id='word_1_418' title='bbox 1248 937 1327 973; x_wconf 76' lang='lat' dir='ltr'><strong>longe</strong></span> <span class='ocrx_word' id='word_1_419' title='bbox 1341 938 1481 966; x_wconf 82' lang='lat' dir='ltr'><strong>habitans.</strong></span> <span class='ocrx_word' id='word_1_420' title='bbox 1502 948 1512 965; x_wconf 72' lang='grc' dir='ltr'><strong>ι</strong></span> 
     </span>
    </p>
   </div>
   <div class='ocr_carea' id='block_1_69' title="bbox 1082 980 1839 1019">
    <p class='ocr_par' dir='ltr' id='par_1_69' title="bbox 1082 980 1839 1019">
     <span class='ocr_line' id='line_1_69' title="bbox 1082 980 1839 1019; baseline 0.011 -12"><span class='ocrx_word' id='word_1_421' title='bbox 1082 980 1168 1009; x_wconf 77' lang='lat' dir='ltr'><strong>Eccli.</strong></span> <span class='ocrx_word' id='word_1_422' title='bbox 1185 989 1230 1015; x_wconf 77' lang='grc' dir='ltr'>ιι,</span> <span class='ocrx_word' id='word_1_423' title='bbox 1247 981 1292 1008; x_wconf 76' lang='grc'><strong>24.</strong></span> <span class='ocrx_word' id='word_1_424' title='bbox 1307 998 1341 1002; x_wconf 94' lang='grc'><strong><em>-</em></strong></span> <span class='ocrx_word' id='word_1_425' title='bbox 1360 991 1370 1008; x_wconf 88' lang='grc'><em>‹</em></span> <span class='ocrx_word' id='word_1_426' title='bbox 1386 981 1499 1011; x_wconf 84' lang='lat' dir='ltr'><strong>Fratres</strong></span> <span class='ocrx_word' id='word_1_427' title='bbox 1526 983 1697 1019; x_wconf 75' lang='lat' dir='ltr'><strong>adiutorium</strong></span> <span class='ocrx_word' id='word_1_428' title='bbox 1720 989 1786 1014; x_wconf 90' lang='lat' dir='ltr'><strong>sunt</strong></span> <span class='ocrx_word' id='word_1_429' title='bbox 1810 987 1839 1015; x_wconf 90' lang='lat' dir='ltr'><strong>in</strong></span> 
     </span>
    </p>
   </div>
   <div class='ocr_carea' id='block_1_70' title="bbox 1047 1026 1335 1056">
    <p class='ocr_par' dir='ltr' id='par_1_70' title="bbox 1047 1026 1335 1056">
     <span class='ocr_line' id='line_1_70' title="bbox 1047 1026 1335 1056; baseline 0.003 -3"><span class='ocrx_word' id='word_1_430' title='bbox 1047 1026 1091 1053; x_wconf 90' lang='lat' dir='ltr'><strong>die</strong></span> <span class='ocrx_word' id='word_1_431' title='bbox 1107 1027 1305 1056; x_wconf 73' lang='lat' dir='ltr'><strong>tribulationis.</strong></span> <span class='ocrx_word' id='word_1_432' title='bbox 1325 1037 1335 1054; x_wconf 67' lang='grc' dir='ltr'><strong>ι</strong></span> 
     </span>
    </p>
   </div>
   <div class='ocr_carea' id='block_1_71' title="bbox 1083 1069 1837 1103">
    <p class='ocr_par' dir='ltr' id='par_1_71' title="bbox 1083 1069 1837 1103">
     <span class='ocr_line' id='line_1_71' title="bbox 1083 1069 1837 1103; baseline 0.008 -6"><span class='ocrx_word' id='word_1_433' title='bbox 1083 1069 1168 1098; x_wconf 73' lang='grc' dir='ltr'>Εσειὶ.</span> <span class='ocrx_word' id='word_1_434' title='bbox 1188 1079 1238 1103; x_wconf 85' lang='lat' dir='ltr'><strong>vn.</strong></span> <span class='ocrx_word' id='word_1_435' title='bbox 1267 1072 1359 1099; x_wconf 69' lang='lat'><strong>18.—</strong></span> <span class='ocrx_word' id='word_1_436' title='bbox 1386 1082 1396 1098; x_wconf 74' lang='grc' dir='ltr'><strong>ι</strong></span> <span class='ocrx_word' id='word_1_437' title='bbox 1418 1072 1457 1101; x_wconf 87' lang='lat' dir='ltr'><strong>Ne</strong></span> <span class='ocrx_word' id='word_1_438' title='bbox 1480 1074 1697 1103; x_wconf 83' lang='lat' dir='ltr'><strong>commutaveris</strong></span> <span class='ocrx_word' id='word_1_439' title='bbox 1725 1074 1837 1103; x_wconf 85' lang='lat' dir='ltr'><strong>fratrem</strong></span> 
     </span>
    </p>
   </div>
   <div class='ocr_carea' id='block_1_72' title="bbox 1030 1116 1435 1153">
    <p class='ocr_par' dir='ltr' id='par_1_72' title="bbox 1030 1116 1435 1153">
     <span class='ocr_line' id='line_1_72' title="bbox 1030 1116 1435 1153; baseline 0.002 -9"><span class='ocrx_word' id='word_1_440' title='bbox 1030 1116 1185 1144; x_wconf 74' lang='lat' dir='ltr'><strong>sincerum</strong></span> <span class='ocrx_word' id='word_1_441' title='bbox 1207 1124 1274 1144; x_wconf 90' lang='lat' dir='ltr'><strong>auro</strong></span> <span class='ocrx_word' id='word_1_442' title='bbox 1291 1117 1404 1153; x_wconf 89' lang='lat' dir='ltr'><strong>Sopbir.</strong></span> <span class='ocrx_word' id='word_1_443' title='bbox 1425 1127 1435 1144; x_wconf 77' lang='grc' dir='ltr'><strong>ι</strong></span> 
     </span>
    </p>
   </div>
   <div class='ocr_carea' id='block_1_73' title="bbox 1186 1174 1696 1206">
    <p class='ocr_par' dir='ltr' id='par_1_73' title="bbox 1186 1174 1696 1206">
     <span class='ocr_line' id='line_1_73' title="bbox 1186 1174 1696 1206; baseline 0.008 -4"><span class='ocrx_word' id='word_1_444' title='bbox 1186 1174 1254 1202; x_wconf 88' lang='grc' dir='ltr'><strong>ΤΙΤ.</strong></span> <span class='ocrx_word' id='word_1_445' title='bbox 1271 1175 1354 1203; x_wconf 83' lang='lat' dir='ltr'><strong>XLV.</strong></span> <span class='ocrx_word' id='word_1_446' title='bbox 1366 1191 1402 1196; x_wconf 95' lang='lat'><strong>—-</strong></span> <span class='ocrx_word' id='word_1_447' title='bbox 1416 1176 1455 1204; x_wconf 80' lang='lat' dir='ltr'><strong>De</strong></span> <span class='ocrx_word' id='word_1_448' title='bbox 1474 1177 1696 1206; x_wconf 68' lang='lat' dir='ltr'><strong>mendicantibus.</strong></span> 
     </span>
    </p>
   </div>
   <div class='ocr_carea' id='block_1_74' title="bbox 1080 1258 1836 1302">
    <p class='ocr_par' dir='ltr' id='par_1_74' title="bbox 1080 1258 1836 1302">
     <span class='ocr_line' id='line_1_74' title="bbox 1080 1258 1836 1302; baseline 0.012 -17"><span class='ocrx_word' id='word_1_449' title='bbox 1080 1258 1165 1286; x_wconf 84' lang='lat' dir='ltr'><strong>Eccli.</strong></span> <span class='ocrx_word' id='word_1_450' title='bbox 1183 1269 1227 1293; x_wconf 75' lang='grc' dir='ltr'><strong>ιι,</strong></span> <span class='ocrx_word' id='word_1_451' title='bbox 1242 1261 1288 1295; x_wconf 72' lang='grc'><strong>28,</strong></span> <span class='ocrx_word' id='word_1_452' title='bbox 1306 1262 1351 1290; x_wconf 76' lang='lat'><strong>50.</strong></span> <span class='ocrx_word' id='word_1_453' title='bbox 1364 1277 1399 1283; x_wconf 96' lang='lat'><strong><em>—</em></strong></span> <span class='ocrx_word' id='word_1_454' title='bbox 1413 1273 1423 1290; x_wconf 72' lang='grc' dir='ltr'><strong>ι</strong></span> <span class='ocrx_word' id='word_1_455' title='bbox 1438 1263 1503 1297; x_wconf 88' lang='lat' dir='ltr'><strong>Fili,</strong></span> <span class='ocrx_word' id='word_1_456' title='bbox 1521 1272 1557 1293; x_wconf 85' lang='lat' dir='ltr'><strong>ne</strong></span> <span class='ocrx_word' id='word_1_457' title='bbox 1570 1265 1654 1293; x_wconf 87' lang='lat' dir='ltr'><strong>vitam</strong></span> <span class='ocrx_word' id='word_1_458' title='bbox 1671 1273 1737 1302; x_wconf 76' lang='lat' dir='ltr'><strong>agas</strong></span> <span class='ocrx_word' id='word_1_459' title='bbox 1760 1275 1836 1294; x_wconf 83' lang='lat' dir='ltr'><strong>men-</strong></span> 
     </span>
    </p>
   </div>
   <div class='ocr_carea' id='block_1_75' title="bbox 1044 1302 1838 1344">
    <p class='ocr_par' dir='ltr' id='par_1_75' title="bbox 1044 1302 1838 1344">
     <span class='ocr_line' id='line_1_75' title="bbox 1044 1302 1838 1344; baseline 0.011 -15"><span class='ocrx_word' id='word_1_460' title='bbox 1044 1302 1111 1331; x_wconf 89' lang='lat' dir='ltr'><strong>dici.</strong></span> <span class='ocrx_word' id='word_1_461' title='bbox 1126 1304 1225 1333; x_wconf 85' lang='lat' dir='ltr'><strong>Melius</strong></span> <span class='ocrx_word' id='word_1_462' title='bbox 1241 1310 1284 1334; x_wconf 90' lang='lat' dir='ltr'><strong>est</strong></span> <span class='ocrx_word' id='word_1_463' title='bbox 1307 1307 1380 1335; x_wconf 89' lang='lat' dir='ltr'><strong>enim</strong></span> <span class='ocrx_word' id='word_1_464' title='bbox 1406 1309 1486 1342; x_wconf 89' lang='lat' dir='ltr'><strong>mori,</strong></span> <span class='ocrx_word' id='word_1_465' title='bbox 1509 1316 1591 1344; x_wconf 85' lang='lat' dir='ltr'><strong>quam</strong></span> <span class='ocrx_word' id='word_1_466' title='bbox 1619 1311 1788 1338; x_wconf 80' lang='lat' dir='ltr'><strong>mendicare.</strong></span> <span class='ocrx_word' id='word_1_467' title='bbox 1806 1310 1838 1337; x_wconf 89' lang='lat' dir='ltr'><strong>ln</strong></span> 
     </span>
    </p>
   </div>
   <div class='ocr_carea' id='block_1_76' title="bbox 1044 1349 1829 1385">
    <p class='ocr_par' dir='ltr' id='par_1_76' title="bbox 1044 1349 1829 1385">
     <span class='ocr_line' id='line_1_76' title="bbox 1044 1349 1829 1385; baseline 0.013 -10"><span class='ocrx_word' id='word_1_468' title='bbox 1044 1356 1093 1377; x_wconf 91' lang='lat' dir='ltr'><strong>ore</strong></span> <span class='ocrx_word' id='word_1_469' title='bbox 1118 1349 1288 1385; x_wconf 80' lang='lat' dir='ltr'><strong>impudentis</strong></span> <span class='ocrx_word' id='word_1_470' title='bbox 1315 1353 1529 1382; x_wconf 88' lang='lat' dir='ltr'><strong>condulcabitur</strong></span> <span class='ocrx_word' id='word_1_471' title='bbox 1548 1355 1762 1385; x_wconf 82' lang='lat' dir='ltr'><strong>mendicationis</strong></span> <span class='ocrx_word' id='word_1_472' title='bbox 1786 1358 1829 1384; x_wconf 93' lang='lat' dir='ltr'><strong>do-</strong></span> 
     </span>
    </p>
   </div>
   <div class='ocr_carea' id='block_1_77' title="bbox 1045 1395 1647 1433">
    <p class='ocr_par' dir='ltr' id='par_1_77' title="bbox 1045 1395 1647 1433">
     <span class='ocr_line' id='line_1_77' title="bbox 1045 1395 1647 1433; baseline 0.012 -13"><span class='ocrx_word' id='word_1_473' title='bbox 1045 1400 1120 1427; x_wconf 87' lang='lat' dir='ltr'><strong>num,</strong></span> <span class='ocrx_word' id='word_1_474' title='bbox 1134 1398 1161 1421; x_wconf 92' lang='lat' dir='ltr'><strong>ct</strong></span> <span class='ocrx_word' id='word_1_475' title='bbox 1178 1395 1204 1422; x_wconf 93' lang='lat' dir='ltr'><strong>in</strong></span> <span class='ocrx_word' id='word_1_476' title='bbox 1220 1400 1317 1424; x_wconf 86' lang='lat' dir='ltr'><strong>ventre</strong></span> <span class='ocrx_word' id='word_1_477' title='bbox 1331 1397 1392 1432; x_wconf 86' lang='lat' dir='ltr'><strong>ejus</strong></span> <span class='ocrx_word' id='word_1_478' title='bbox 1410 1398 1482 1433; x_wconf 77' lang='lat' dir='ltr'><strong>ignis</strong></span> <span class='ocrx_word' id='word_1_479' title='bbox 1497 1399 1616 1427; x_wconf 87' lang='lat' dir='ltr'><strong>ardebit.</strong></span> <span class='ocrx_word' id='word_1_480' title='bbox 1637 1409 1647 1426; x_wconf 73' lang='grc' dir='ltr'><strong>ι</strong></span> 
     </span>
    </p>
   </div>
   <div class='ocr_carea' id='block_1_78' title="bbox 1202 1449 1674 1491">
    <p class='ocr_par' dir='ltr' id='par_1_78' title="bbox 1202 1449 1674 1491">
     <span class='ocr_line' id='line_1_78' title="bbox 1202 1449 1674 1491; baseline 0.017 -15"><span class='ocrx_word' id='word_1_481' title='bbox 1202 1449 1270 1478; x_wconf 87' lang='lat' dir='ltr'><strong>TlT.</strong></span> <span class='ocrx_word' id='word_1_482' title='bbox 1287 1451 1381 1480; x_wconf 81' lang='lat' dir='ltr'><strong>XLVI.</strong></span> <span class='ocrx_word' id='word_1_483' title='bbox 1396 1468 1432 1473; x_wconf 91' lang='lat'><strong><em>—</em></strong></span> <span class='ocrx_word' id='word_1_484' title='bbox 1447 1454 1486 1481; x_wconf 78' lang='lat' dir='ltr'><strong>De</strong></span> <span class='ocrx_word' id='word_1_485' title='bbox 1502 1455 1674 1491; x_wconf 74' lang='lat' dir='ltr'><strong>turpiloquio.</strong></span> 
     </span>
    </p>
   </div>
   <div class='ocr_carea' id='block_1_79' title="bbox 1005 1503 1838 1551">
    <p class='ocr_par' dir='ltr' id='par_1_79' title="bbox 1005 1503 1838 1551">
     <span class='ocr_line' id='line_1_79' title="bbox 1005 1503 1838 1551; baseline 0.017 -22"><span class='ocrx_word' id='word_1_486' title='bbox 1005 1522 1027 1551; x_wconf 64' lang='grc' dir='ltr'>α</span> <span class='ocrx_word' id='word_1_487' title='bbox 1080 1503 1170 1551; x_wconf 58' lang='lat' dir='ltr'><strong>iCor.</strong></span> <span class='ocrx_word' id='word_1_488' title='bbox 1193 1514 1239 1539; x_wconf 76' lang='lat' dir='ltr'><strong>xv,</strong></span> <span class='ocrx_word' id='word_1_489' title='bbox 1263 1508 1308 1535; x_wconf 75' lang='lat'><strong>53.</strong></span> <span class='ocrx_word' id='word_1_490' title='bbox 1330 1523 1365 1528; x_wconf 89' lang='lat'><em>—</em></span> <span class='ocrx_word' id='word_1_491' title='bbox 1384 1518 1394 1535; x_wconf 85' lang='grc'><strong><em>‹</em></strong></span> <span class='ocrx_word' id='word_1_492' title='bbox 1417 1510 1605 1547; x_wconf 88' lang='lat' dir='ltr'><strong>Corrumpunt</strong></span> <span class='ocrx_word' id='word_1_493' title='bbox 1630 1513 1719 1542; x_wconf 90' lang='lat' dir='ltr'><strong>bonos</strong></span> <span class='ocrx_word' id='word_1_494' title='bbox 1743 1522 1838 1543; x_wconf 85' lang='lat' dir='ltr'><strong>mores</strong></span> 
     </span>
    </p>
   </div>
   <div class='ocr_carea' id='block_1_80' title="bbox 1044 1550 1320 1586">
    <p class='ocr_par' dir='ltr' id='par_1_80' title="bbox 1044 1550 1320 1586">
     <span class='ocr_line' id='line_1_80' title="bbox 1044 1550 1320 1586; baseline 0.011 -10"><span class='ocrx_word' id='word_1_495' title='bbox 1044 1550 1183 1585; x_wconf 87' lang='lat' dir='ltr'><strong>colloquia</strong></span> <span class='ocrx_word' id='word_1_496' title='bbox 1200 1559 1294 1586; x_wconf 85' lang='lat' dir='ltr'><strong>prava.</strong></span> <span class='ocrx_word' id='word_1_497' title='bbox 1311 1562 1320 1578; x_wconf 73' lang='grc' dir='ltr'><strong>ι</strong></span> 
     </span>
    </p>
   </div>
   <div class='ocr_carea' id='block_1_81' title="bbox 1080 1594 1837 1634">
    <p class='ocr_par' dir='ltr' id='par_1_81' title="bbox 1080 1594 1837 1634">
     <span class='ocr_line' id='line_1_81' title="bbox 1080 1594 1837 1634; baseline 0.015 -13"><span class='ocrx_word' id='word_1_498' title='bbox 1080 1594 1175 1629; x_wconf 74' lang='grc' dir='ltr'>ΕρΙιεε.</span> <span class='ocrx_word' id='word_1_499' title='bbox 1189 1604 1225 1628; x_wconf 82' lang='grc' dir='ltr'><strong>ιν,</strong></span> <span class='ocrx_word' id='word_1_500' title='bbox 1244 1597 1287 1624; x_wconf 81' lang='grc'><strong>19.</strong></span> <span class='ocrx_word' id='word_1_501' title='bbox 1301 1612 1336 1618; x_wconf 93' lang='grc'><strong><em>-</em></strong></span> <span class='ocrx_word' id='word_1_502' title='bbox 1357 1608 1367 1624; x_wconf 86' lang='grc'><strong><em>‹</em></strong></span> <span class='ocrx_word' id='word_1_503' title='bbox 1383 1598 1480 1628; x_wconf 86' lang='lat' dir='ltr'><strong>Omnis</strong></span> <span class='ocrx_word' id='word_1_504' title='bbox 1502 1608 1595 1629; x_wconf 87' lang='lat' dir='ltr'><strong>sermo</strong></span> <span class='ocrx_word' id='word_1_505' title='bbox 1616 1603 1704 1631; x_wconf 86' lang='lat' dir='ltr'><strong>malus</strong></span> <span class='ocrx_word' id='word_1_506' title='bbox 1728 1603 1762 1632; x_wconf 90' lang='lat' dir='ltr'><strong>de</strong></span> <span class='ocrx_word' id='word_1_507' title='bbox 1787 1612 1837 1634; x_wconf 88' lang='lat' dir='ltr'><strong>ore</strong></span> 
     </span>
    </p>
   </div>
   <div class='ocr_carea' id='block_1_82' title="bbox 1044 1643 1835 1681">
    <p class='ocr_par' dir='ltr' id='par_1_82' title="bbox 1044 1643 1835 1681">
     <span class='ocr_line' id='line_1_82' title="bbox 1044 1643 1835 1681; baseline 0.011 -13"><span class='ocrx_word' id='word_1_508' title='bbox 1044 1645 1135 1668; x_wconf 82' lang='lat' dir='ltr'><strong>vestro</strong></span> <span class='ocrx_word' id='word_1_509' title='bbox 1151 1649 1205 1669; x_wconf 88' lang='lat' dir='ltr'><strong>non</strong></span> <span class='ocrx_word' id='word_1_510' title='bbox 1222 1643 1354 1677; x_wconf 86' lang='lat' dir='ltr'><strong>procedat</strong></span> <span class='ocrx_word' id='word_1_511' title='bbox 1369 1653 1376 1671; x_wconf 75' lang='grc' dir='ltr'><em>τ</em></span> <span class='ocrx_word' id='word_1_512' title='bbox 1393 1645 1439 1672; x_wconf 89' lang='lat' dir='ltr'><strong>sed</strong></span> <span class='ocrx_word' id='word_1_513' title='bbox 1456 1646 1480 1673; x_wconf 89' lang='lat' dir='ltr'><strong>si</strong></span> <span class='ocrx_word' id='word_1_514' title='bbox 1501 1647 1676 1681; x_wconf 60' lang='lat' dir='ltr'><strong>quis&quot;bonus</strong></span> <span class='ocrx_word' id='word_1_515' title='bbox 1690 1648 1724 1676; x_wconf 85' lang='lat' dir='ltr'><strong>ad</strong></span> <span class='ocrx_word' id='word_1_516' title='bbox 1748 1649 1835 1678; x_wconf 64' lang='lat' dir='ltr'><strong>aedili-</strong></span> 
     </span>
    </p>
   </div>
   <div class='ocr_carea' id='block_1_83' title="bbox 1043 1686 1838 1728">
    <p class='ocr_par' dir='ltr' id='par_1_83' title="bbox 1043 1686 1838 1728">
     <span class='ocr_line' id='line_1_83' title="bbox 1043 1686 1838 1728; baseline 0.014 -16"><span class='ocrx_word' id='word_1_517' title='bbox 1043 1686 1179 1715; x_wconf 87' lang='lat' dir='ltr'><strong>cationcm</strong></span> <span class='ocrx_word' id='word_1_518' title='bbox 1202 1688 1395 1723; x_wconf 85' lang='lat' dir='ltr'><strong>necessitatis,</strong></span> <span class='ocrx_word' id='word_1_519' title='bbox 1421 1694 1451 1718; x_wconf 90' lang='lat' dir='ltr'><strong>ut</strong></span> <span class='ocrx_word' id='word_1_520' title='bbox 1478 1690 1524 1719; x_wconf 90' lang='lat' dir='ltr'><strong>det</strong></span> <span class='ocrx_word' id='word_1_521' title='bbox 1549 1693 1666 1728; x_wconf 72' lang='lat' dir='ltr'><strong>gratiam</strong></span> <span class='ocrx_word' id='word_1_522' title='bbox 1694 1695 1838 1723; x_wconf 85' lang='lat' dir='ltr'><strong>audienti-</strong></span> 
     </span>
    </p>
   </div>
   <div class='ocr_carea' id='block_1_84' title="bbox 1043 1730 1135 1758">
    <p class='ocr_par' dir='ltr' id='par_1_84' title="bbox 1043 1730 1135 1758">
     <span class='ocr_line' id='line_1_84' title="bbox 1043 1730 1135 1758; baseline -0.022 0"><span class='ocrx_word' id='word_1_523' title='bbox 1043 1730 1105 1758; x_wconf 83' lang='lat' dir='ltr'><strong>bus.</strong></span> <span class='ocrx_word' id='word_1_524' title='bbox 1125 1740 1135 1756; x_wconf 67' lang='grc' dir='ltr'><strong>ι</strong></span> 
     </span>
    </p>
   </div>
   <div class='ocr_carea' id='block_1_85' title="bbox 1079 1776 1833 1819">
    <p class='ocr_par' dir='ltr' id='par_1_85' title="bbox 1079 1776 1833 1819">
     <span class='ocr_line' id='line_1_85' title="bbox 1079 1776 1833 1819; baseline 0.016 -17"><span class='ocrx_word' id='word_1_525' title='bbox 1079 1776 1173 1810; x_wconf 75' lang='grc' dir='ltr'>ΕρΙιεε.</span> <span class='ocrx_word' id='word_1_526' title='bbox 1187 1785 1214 1810; x_wconf 83' lang='lat' dir='ltr'><strong>v,</strong></span> <span class='ocrx_word' id='word_1_527' title='bbox 1231 1779 1257 1806; x_wconf 71' lang='grc'><strong>4.</strong></span> <span class='ocrx_word' id='word_1_528' title='bbox 1271 1793 1307 1799; x_wconf 87' lang='grc'><strong>-</strong></span> <span class='ocrx_word' id='word_1_529' title='bbox 1324 1789 1333 1805; x_wconf 81' lang='grc' dir='ltr'><strong>ι</strong></span> <span class='ocrx_word' id='word_1_530' title='bbox 1347 1779 1513 1816; x_wconf 90' lang='lat' dir='ltr'><strong>Turpitudo,</strong></span> <span class='ocrx_word' id='word_1_531' title='bbox 1530 1784 1558 1810; x_wconf 88' lang='lat' dir='ltr'><strong>et</strong></span> <span class='ocrx_word' id='word_1_532' title='bbox 1577 1783 1789 1819; x_wconf 83' lang='lat' dir='ltr'><strong>stultiloquium,</strong></span> <span class='ocrx_word' id='word_1_533' title='bbox 1806 1791 1833 1814; x_wconf 88' lang='lat' dir='ltr'><strong>et</strong></span> 
     </span>
    </p>
   </div>
   <div class='ocr_carea' id='block_1_86' title="bbox 1042 1822 1825 1862">
    <p class='ocr_par' dir='ltr' id='par_1_86' title="bbox 1042 1822 1825 1862">
     <span class='ocr_line' id='line_1_86' title="bbox 1042 1822 1825 1862; baseline 0.015 -14"><span class='ocrx_word' id='word_1_534' title='bbox 1042 1822 1207 1856; x_wconf 87' lang='lat' dir='ltr'><strong>scurrilitas,</strong></span> <span class='ocrx_word' id='word_1_535' title='bbox 1222 1831 1282 1860; x_wconf 67' lang='lat' dir='ltr'><strong>qum</strong></span> <span class='ocrx_word' id='word_1_536' title='bbox 1292 1825 1325 1852; x_wconf 86' lang='lat' dir='ltr'><strong>ad</strong></span> <span class='ocrx_word' id='word_1_537' title='bbox 1338 1833 1395 1853; x_wconf 91' lang='lat' dir='ltr'><strong>rem</strong></span> <span class='ocrx_word' id='word_1_538' title='bbox 1410 1834 1465 1854; x_wconf 93' lang='lat' dir='ltr'><strong>non</strong></span> <span class='ocrx_word' id='word_1_539' title='bbox 1479 1828 1629 1862; x_wconf 90' lang='lat' dir='ltr'><strong>pertinent,</strong></span> <span class='ocrx_word' id='word_1_540' title='bbox 1642 1837 1677 1857; x_wconf 93' lang='lat' dir='ltr'><strong>ne</strong></span> <span class='ocrx_word' id='word_1_541' title='bbox 1686 1832 1825 1860; x_wconf 87' lang='lat' dir='ltr'><strong>nominen-</strong></span> 
     </span>
    </p>
   </div>
   <div class='ocr_carea' id='block_1_87' title="bbox 1041 1868 1582 1904">
    <p class='ocr_par' dir='ltr' id='par_1_87' title="bbox 1041 1868 1582 1904">
     <span class='ocr_line' id='line_1_87' title="bbox 1041 1868 1582 1904; baseline 0.011 -10"><span class='ocrx_word' id='word_1_542' title='bbox 1041 1871 1086 1895; x_wconf 90' lang='lat' dir='ltr'><strong>tur</strong></span> <span class='ocrx_word' id='word_1_543' title='bbox 1101 1868 1127 1895; x_wconf 92' lang='lat' dir='ltr'><strong>in</strong></span> <span class='ocrx_word' id='word_1_544' title='bbox 1145 1869 1235 1904; x_wconf 85' lang='lat' dir='ltr'><strong>vobis,</strong></span> <span class='ocrx_word' id='word_1_545' title='bbox 1254 1871 1326 1899; x_wconf 89' lang='lat' dir='ltr'><strong>sicut</strong></span> <span class='ocrx_word' id='word_1_546' title='bbox 1337 1872 1417 1900; x_wconf 88' lang='lat' dir='ltr'><strong>decet</strong></span> <span class='ocrx_word' id='word_1_547' title='bbox 1431 1877 1555 1903; x_wconf 86' lang='lat' dir='ltr'><strong>sanctos.</strong></span> <span class='ocrx_word' id='word_1_548' title='bbox 1572 1884 1582 1900; x_wconf 75' lang='grc' dir='ltr'><strong>ι</strong></span> 
     </span>
    </p>
   </div>
   <div class='ocr_carea' id='block_1_88' title="bbox 1077 1912 1831 1953">
    <p class='ocr_par' dir='ltr' id='par_1_88' title="bbox 1077 1912 1831 1953">
     <span class='ocr_line' id='line_1_88' title="bbox 1077 1912 1831 1953; baseline 0.015 -13"><span class='ocrx_word' id='word_1_549' title='bbox 1077 1912 1181 1942; x_wconf 74' lang='lat' dir='ltr'><strong>Colon.</strong></span> <span class='ocrx_word' id='word_1_550' title='bbox 1203 1923 1243 1948; x_wconf 85' lang='lat' dir='ltr'><strong>Ill,</strong></span> <span class='ocrx_word' id='word_1_551' title='bbox 1259 1915 1286 1943; x_wconf 93' lang='lat'><strong>8.</strong></span> <span class='ocrx_word' id='word_1_552' title='bbox 1299 1930 1336 1938; x_wconf 90' lang='lat'><strong><em>—</em></strong></span> <span class='ocrx_word' id='word_1_553' title='bbox 1362 1926 1371 1943; x_wconf 79' lang='grc' dir='ltr'><strong>ι</strong></span> <span class='ocrx_word' id='word_1_554' title='bbox 1387 1916 1489 1953; x_wconf 87' lang='lat' dir='ltr'><strong>Turpis</strong></span> <span class='ocrx_word' id='word_1_555' title='bbox 1506 1925 1598 1948; x_wconf 81' lang='lat' dir='ltr'><strong>sermo</strong></span> <span class='ocrx_word' id='word_1_556' title='bbox 1615 1927 1671 1949; x_wconf 88' lang='lat' dir='ltr'><strong>non</strong></span> <span class='ocrx_word' id='word_1_557' title='bbox 1695 1927 1774 1950; x_wconf 81' lang='lat' dir='ltr'><strong>exeat</strong></span> <span class='ocrx_word' id='word_1_558' title='bbox 1797 1922 1831 1950; x_wconf 87' lang='lat' dir='ltr'><strong>de</strong></span> 
     </span>
    </p>
   </div>
   <div class='ocr_carea' id='block_1_89' title="bbox 1041 1964 1235 1987">
    <p class='ocr_par' dir='ltr' id='par_1_89' title="bbox 1041 1964 1235 1987">
     <span class='ocr_line' id='line_1_89' title="bbox 1041 1964 1235 1987; baseline 0.005 -2"><span class='ocrx_word' id='word_1_559' title='bbox 1041 1965 1088 1985; x_wconf 93' lang='lat' dir='ltr'><strong>ore</strong></span> <span class='ocrx_word' id='word_1_560' title='bbox 1105 1964 1207 1987; x_wconf 72' lang='grc' dir='ltr'>νεειτο.</span> <span class='ocrx_word' id='word_1_561' title='bbox 1225 1969 1235 1986; x_wconf 78' lang='grc' dir='ltr'><strong>Ι</strong></span> 
     </span>
    </p>
   </div>
   <div class='ocr_carea' id='block_1_90' title="bbox 1075 2001 1831 2041">
    <p class='ocr_par' dir='ltr' id='par_1_90' title="bbox 1075 2001 1831 2041">
     <span class='ocr_line' id='line_1_90' title="bbox 1075 2001 1831 2041; baseline 0.017 -13"><span class='ocrx_word' id='word_1_562' title='bbox 1075 2001 1158 2030; x_wconf 80' lang='lat' dir='ltr'><strong>Basil.</strong></span> <span class='ocrx_word' id='word_1_563' title='bbox 1181 2003 1267 2031; x_wconf 70' lang='lat' dir='ltr'><strong>Serm.</strong></span> <span class='ocrx_word' id='word_1_564' title='bbox 1285 2005 1320 2031; x_wconf 87' lang='lat' dir='ltr'><strong>ad</strong></span> <span class='ocrx_word' id='word_1_565' title='bbox 1337 2005 1400 2040; x_wconf 82' lang='lat' dir='ltr'><strong>jun.</strong></span> <span class='ocrx_word' id='word_1_566' title='bbox 1415 2021 1451 2027; x_wconf 85' lang='lat'><strong>-—</strong></span> <span class='ocrx_word' id='word_1_567' title='bbox 1466 2006 1631 2038; x_wconf 88' lang='lat' dir='ltr'><strong>Sermonum</strong></span> <span class='ocrx_word' id='word_1_568' title='bbox 1659 2013 1831 2041; x_wconf 82' lang='lat' dir='ltr'><strong>consuetudo</strong></span> 
     </span>
    </p>
   </div>
   <div class='ocr_carea' id='block_1_91' title="bbox 1040 2047 1830 2093">
    <p class='ocr_par' dir='ltr' id='par_1_91' title="bbox 1040 2047 1830 2093">
     <span class='ocr_line' id='line_1_91' title="bbox 1040 2047 1830 2093; baseline 0.015 -18"><span class='ocrx_word' id='word_1_569' title='bbox 1040 2047 1074 2076; x_wconf 89' lang='lat' dir='ltr'><strong>ad</strong></span> <span class='ocrx_word' id='word_1_570' title='bbox 1088 2055 1131 2076; x_wconf 89' lang='lat' dir='ltr'><strong>res</strong></span> <span class='ocrx_word' id='word_1_571' title='bbox 1148 2048 1224 2083; x_wconf 87' lang='lat' dir='ltr'><strong>ipsas</strong></span> <span class='ocrx_word' id='word_1_572' title='bbox 1237 2050 1310 2078; x_wconf 89' lang='lat' dir='ltr'><strong>viam</strong></span> <span class='ocrx_word' id='word_1_573' title='bbox 1336 2052 1440 2086; x_wconf 84' lang='lat' dir='ltr'><strong>pandit.</strong></span> <span class='ocrx_word' id='word_1_574' title='bbox 1458 2053 1594 2086; x_wconf 88' lang='lat' dir='ltr'><strong>Quocirca</strong></span> <span class='ocrx_word' id='word_1_575' title='bbox 1615 2056 1830 2093; x_wconf 74' lang='lat' dir='ltr'><strong>diligentissime</strong></span> 
     </span>
    </p>
   </div>
   <div class='ocr_carea' id='block_1_92' title="bbox 1039 2094 1829 2135">
    <p class='ocr_par' dir='ltr' id='par_1_92' title="bbox 1039 2094 1829 2135">
     <span class='ocr_line' id='line_1_92' title="bbox 1039 2094 1829 2135; baseline 0.015 -15"><span class='ocrx_word' id='word_1_576' title='bbox 1039 2094 1245 2123; x_wconf 84' lang='lat' dir='ltr'><strong>conservandus</strong></span> <span class='ocrx_word' id='word_1_577' title='bbox 1260 2100 1302 2123; x_wconf 88' lang='lat' dir='ltr'><strong>est</strong></span> <span class='ocrx_word' id='word_1_578' title='bbox 1318 2096 1426 2126; x_wconf 89' lang='lat' dir='ltr'><strong>animus</strong></span> <span class='ocrx_word' id='word_1_579' title='bbox 1439 2117 1447 2130; x_wconf 87' lang='lat'><strong>,</strong></span> <span class='ocrx_word' id='word_1_580' title='bbox 1470 2107 1505 2127; x_wconf 89' lang='lat' dir='ltr'><strong>ne</strong></span> <span class='ocrx_word' id='word_1_581' title='bbox 1529 2108 1577 2135; x_wconf 88' lang='lat' dir='ltr'><strong>per</strong></span> <span class='ocrx_word' id='word_1_582' title='bbox 1601 2109 1761 2131; x_wconf 87' lang='lat' dir='ltr'><strong>sermonum</strong></span> <span class='ocrx_word' id='word_1_583' title='bbox 1780 2113 1829 2132; x_wconf 85' lang='lat' dir='ltr'><strong>vo-</strong></span> 
     </span>
    </p>
   </div>
   <div class='ocr_carea' id='block_1_93' title="bbox 1040 2139 1827 2182">
    <p class='ocr_par' dir='ltr' id='par_1_93' title="bbox 1040 2139 1827 2182">
     <span class='ocr_line' id='line_1_93' title="bbox 1040 2139 1827 2182; baseline 0.017 -18"><span class='ocrx_word' id='word_1_584' title='bbox 1040 2139 1180 2173; x_wconf 86' lang='lat' dir='ltr'><strong>luptatem,</strong></span> <span class='ocrx_word' id='word_1_585' title='bbox 1199 2139 1263 2166; x_wconf 88' lang='lat' dir='ltr'><strong>mali</strong></span> <span class='ocrx_word' id='word_1_586' title='bbox 1278 2140 1418 2176; x_wconf 85' lang='lat' dir='ltr'><strong>quidpiam</strong></span> <span class='ocrx_word' id='word_1_587' title='bbox 1436 2142 1625 2178; x_wconf 88' lang='lat' dir='ltr'><strong>imprudentes</strong></span> <span class='ocrx_word' id='word_1_588' title='bbox 1636 2147 1827 2182; x_wconf 80' lang='lat' dir='ltr'><strong>excipiamus;</strong></span> 
     </span>
    </p>
   </div>
   <div class='ocr_carea' id='block_1_94' title="bbox 1003 2185 1829 2223">
    <p class='ocr_par' dir='ltr' id='par_1_94' title="bbox 1003 2185 1829 2223">
     <span class='ocr_line' id='line_1_94' title="bbox 1003 2185 1829 2223; baseline 0.016 -14"><span class='ocrx_word' id='word_1_589' title='bbox 1003 2186 1026 2214; x_wconf 82' lang='grc' dir='ltr'><strong>Ι)</strong></span> <span class='ocrx_word' id='word_1_590' title='bbox 1040 2191 1094 2211; x_wconf 86' lang='lat' dir='ltr'><strong>non</strong></span> <span class='ocrx_word' id='word_1_591' title='bbox 1117 2191 1198 2213; x_wconf 88' lang='lat' dir='ltr'><strong>secus</strong></span> <span class='ocrx_word' id='word_1_592' title='bbox 1213 2192 1245 2213; x_wconf 87' lang='lat' dir='ltr'><strong>ac</strong></span> <span class='ocrx_word' id='word_1_593' title='bbox 1262 2185 1286 2214; x_wconf 89' lang='lat' dir='ltr'><strong>si</strong></span> <span class='ocrx_word' id='word_1_594' title='bbox 1309 2187 1399 2215; x_wconf 79' lang='lat' dir='ltr'><strong>toxica</strong></span> <span class='ocrx_word' id='word_1_595' title='bbox 1414 2189 1496 2217; x_wconf 89' lang='lat' dir='ltr'><strong>melle</strong></span> <span class='ocrx_word' id='word_1_596' title='bbox 1515 2190 1640 2219; x_wconf 89' lang='lat' dir='ltr'><strong>delibuta</strong></span> <span class='ocrx_word' id='word_1_597' title='bbox 1669 2192 1829 2223; x_wconf 83' lang='lat' dir='ltr'><strong>admittere-</strong></span> 
     </span>
    </p>
   </div>
   <div class='ocr_carea' id='block_1_95' title="bbox 1040 2237 1113 2258">
    <p class='ocr_par' dir='ltr' id='par_1_95' title="bbox 1040 2237 1113 2258">
     <span class='ocr_line' id='line_1_95' title="bbox 1040 2237 1113 2258; baseline 0 -2"><span class='ocrx_word' id='word_1_598' title='bbox 1040 2237 1113 2258; x_wconf 85' lang='lat' dir='ltr'><strong>mus.</strong></span> 
     </span>
    </p>
   </div>
   <div class='ocr_carea' id='block_1_96' title="bbox 1075 2265 1827 2319">
    <p class='ocr_par' dir='ltr' id='par_1_96' title="bbox 1075 2265 1827 2319">
     <span class='ocr_line' id='line_1_96' title="bbox 1075 2265 1827 2319; baseline 0.015 -18"><span class='ocrx_word' id='word_1_599' title='bbox 1075 2275 1210 2309; x_wconf 74' lang='lat' dir='ltr'><strong>Ejusdem.</strong></span> <span class='ocrx_word' id='word_1_600' title='bbox 1223 2277 1332 2305; x_wconf 86' lang='lat' dir='ltr'><strong>—Mali</strong></span> <span class='ocrx_word' id='word_1_601' title='bbox 1348 2265 1470 2307; x_wconf 86' lang='lat' dir='ltr'><strong>studium</strong></span> <span class='ocrx_word' id='word_1_602' title='bbox 1494 2280 1677 2311; x_wconf 86' lang='lat' dir='ltr'><strong>diuturnitate</strong></span> <span class='ocrx_word' id='word_1_603' title='bbox 1695 2285 1827 2319; x_wconf 91' lang='lat' dir='ltr'><strong>temporis</strong></span> 
     </span>
    </p>
   </div>
   <div class='ocr_carea' id='block_1_97' title="bbox 1039 2321 1826 2363">
    <p class='ocr_par' dir='ltr' id='par_1_97' title="bbox 1039 2321 1826 2363">
     <span class='ocr_line' id='line_1_97' title="bbox 1039 2321 1826 2363; baseline 0.013 -16"><span class='ocrx_word' id='word_1_604' title='bbox 1039 2321 1244 2355; x_wconf 84' lang='lat' dir='ltr'><strong>conﬁrmatum,</strong></span> <span class='ocrx_word' id='word_1_605' title='bbox 1258 2323 1302 2350; x_wconf 82' lang='lat' dir='ltr'><strong>vix</strong></span> <span class='ocrx_word' id='word_1_606' title='bbox 1315 2332 1447 2359; x_wconf 88' lang='lat' dir='ltr'><strong>unquam,</strong></span> <span class='ocrx_word' id='word_1_607' title='bbox 1460 2333 1492 2354; x_wconf 88' lang='lat' dir='ltr'><strong>ac</strong></span> <span class='ocrx_word' id='word_1_608' title='bbox 1504 2335 1539 2354; x_wconf 88' lang='lat' dir='ltr'><strong>ne</strong></span> <span class='ocrx_word' id='word_1_609' title='bbox 1553 2327 1597 2355; x_wconf 86' lang='lat' dir='ltr'><strong>vix</strong></span> <span class='ocrx_word' id='word_1_610' title='bbox 1613 2329 1723 2363; x_wconf 69' lang='lat' dir='ltr'><strong>Quidam</strong></span> <span class='ocrx_word' id='word_1_611' title='bbox 1734 2333 1826 2359; x_wconf 86' lang='lat' dir='ltr'><strong>curari</strong></span> 
     </span>
    </p>
   </div>
   <div class='ocr_carea' id='block_1_98' title="bbox 1039 2369 1824 2407">
    <p class='ocr_par' dir='ltr' id='par_1_98' title="bbox 1039 2369 1824 2407">
     <span class='ocr_line' id='line_1_98' title="bbox 1039 2369 1824 2407; baseline 0.011 -13"><span class='ocrx_word' id='word_1_612' title='bbox 1039 2371 1139 2402; x_wconf 80' lang='lat' dir='ltr'><strong>potest,</strong></span> <span class='ocrx_word' id='word_1_613' title='bbox 1162 2369 1362 2398; x_wconf 84' lang='lat' dir='ltr'><strong>consuetudine</strong></span> <span class='ocrx_word' id='word_1_614' title='bbox 1379 2371 1544 2407; x_wconf 87' lang='lat' dir='ltr'><strong>plerumque</strong></span> <span class='ocrx_word' id='word_1_615' title='bbox 1572 2374 1599 2401; x_wconf 88' lang='lat' dir='ltr'><strong>in</strong></span> <span class='ocrx_word' id='word_1_616' title='bbox 1626 2379 1753 2402; x_wconf 87' lang='lat' dir='ltr'><strong>naturam</strong></span> <span class='ocrx_word' id='word_1_617' title='bbox 1776 2378 1824 2403; x_wconf 80' lang='lat' dir='ltr'><strong>nii-</strong></span> 
     </span>
    </p>
   </div>
   <div class='ocr_carea' id='block_1_99' title="bbox 1039 2417 1144 2447">
    <p class='ocr_par' dir='ltr' id='par_1_99' title="bbox 1039 2417 1144 2447">
     <span class='ocr_line' id='line_1_99' title="bbox 1039 2417 1144 2447; baseline 0.01 -8"><span class='ocrx_word' id='word_1_618' title='bbox 1039 2417 1144 2447; x_wconf 74' lang='lat' dir='ltr'><strong>grante.</strong></span> 
     </span>
    </p>
   </div>
   <div class='ocr_carea' id='block_1_100' title="bbox 1232 2458 1633 2495">
    <p class='ocr_par' dir='ltr' id='par_1_100' title="bbox 1232 2458 1633 2495">
     <span class='ocr_line' id='line_1_100' title="bbox 1232 2458 1633 2495; baseline 0.015 -10"><span class='ocrx_word' id='word_1_619' title='bbox 1232 2458 1260 2486; x_wconf 90' lang='lat' dir='ltr'><strong>S.</strong></span> <span class='ocrx_word' id='word_1_620' title='bbox 1275 2459 1352 2495; x_wconf 84' lang='lat' dir='ltr'><strong>Greg.</strong></span> <span class='ocrx_word' id='word_1_621' title='bbox 1369 2461 1441 2490; x_wconf 76' lang='lat' dir='ltr'><strong>Naz.</strong></span> <span class='ocrx_word' id='word_1_622' title='bbox 1457 2462 1573 2491; x_wconf 68' lang='lat' dir='ltr'><strong>Telum.</strong></span> <span class='ocrx_word' id='word_1_623' title='bbox 1588 2464 1633 2491; x_wconf 81' lang='grc'><strong>17.</strong></span> 
     </span>
    </p>
   </div>
   <div class='ocr_carea' id='block_1_101' title="bbox 1128 2502 1626 2540">
    <p class='ocr_par' dir='ltr' id='par_1_101' title="bbox 1128 2502 1626 2540">
     <span class='ocr_line' id='line_1_101' title="bbox 1128 2502 1626 2540; baseline 0.014 -12"><span class='ocrx_word' id='word_1_624' title='bbox 1128 2502 1242 2540; x_wconf 69' lang='lat' dir='ltr'><strong>Occlude</strong></span> <span class='ocrx_word' id='word_1_625' title='bbox 1255 2512 1314 2531; x_wconf 80' lang='lat' dir='ltr'><strong>cera</strong></span> <span class='ocrx_word' id='word_1_626' title='bbox 1330 2506 1451 2540; x_wconf 77' lang='lat' dir='ltr'><strong>turpibus</strong></span> <span class='ocrx_word' id='word_1_627' title='bbox 1465 2508 1549 2534; x_wconf 77' lang='lat' dir='ltr'><strong>verbis</strong></span> <span class='ocrx_word' id='word_1_628' title='bbox 1566 2513 1626 2536; x_wconf 81' lang='lat' dir='ltr'><strong>tuas</strong></span> 
     </span>
    </p>
   </div>
   <div class='ocr_carea' id='block_1_102' title="bbox 1127 2538 1695 2574">
    <p class='ocr_par' dir='ltr' id='par_1_102' title="bbox 1127 2538 1695 2574">
     <span class='ocr_line' id='line_1_102' title="bbox 1127 2538 1695 2574; baseline 0.012 -10"><span class='ocrx_word' id='word_1_629' title='bbox 1127 2538 1222 2572; x_wconf 76' lang='lat' dir='ltr'><strong>Aurea,</strong></span> <span class='ocrx_word' id='word_1_630' title='bbox 1235 2541 1358 2574; x_wconf 75' lang='lat' dir='ltr'><strong>sonisque</strong></span> <span class='ocrx_word' id='word_1_631' title='bbox 1374 2538 1499 2568; x_wconf 69' lang='lat' dir='ltr'><strong>cantuum</strong></span> <span class='ocrx_word' id='word_1_632' title='bbox 1517 2543 1695 2572; x_wconf 77' lang='lat' dir='ltr'><strong>mollissimis.</strong></span> 
     </span>
    </p>
   </div>
   <div class='ocr_carea' id='block_1_103' title="bbox 1075 2576 1825 2624">
    <p class='ocr_par' dir='ltr' id='par_1_103' title="bbox 1075 2576 1825 2624">
     <span class='ocr_line' id='line_1_103' title="bbox 1075 2576 1825 2624; baseline 0.013 -15"><span class='ocrx_word' id='word_1_633' title='bbox 1075 2583 1203 2610; x_wconf 80' lang='lat' dir='ltr'><strong>Philonis.</strong></span> <span class='ocrx_word' id='word_1_634' title='bbox 1220 2576 1375 2620; x_wconf 33' lang='lat' dir='ltr'><strong>—’Turpes</strong></span> <span class='ocrx_word' id='word_1_635' title='bbox 1392 2591 1420 2614; x_wconf 85' lang='lat' dir='ltr'><strong>et</strong></span> <span class='ocrx_word' id='word_1_636' title='bbox 1434 2588 1497 2614; x_wconf 90' lang='lat' dir='ltr'><strong>vani</strong></span> <span class='ocrx_word' id='word_1_637' title='bbox 1516 2594 1581 2615; x_wconf 88' lang='lat' dir='ltr'><strong>sunt</strong></span> <span class='ocrx_word' id='word_1_638' title='bbox 1600 2589 1652 2621; x_wconf 83' lang='lat' dir='ltr'><strong>illi,</strong></span> <span class='ocrx_word' id='word_1_639' title='bbox 1670 2590 1716 2624; x_wconf 90' lang='lat' dir='ltr'><strong>qui</strong></span> <span class='ocrx_word' id='word_1_640' title='bbox 1735 2590 1763 2618; x_wconf 91' lang='lat' dir='ltr'><strong>in</strong></span> <span class='ocrx_word' id='word_1_641' title='bbox 1783 2599 1825 2619; x_wconf 86' lang='lat' dir='ltr'><strong>re-</strong></span> 
     </span>
    </p>
   </div>
   <div class='ocr_carea' id='block_1_104' title="bbox 1038 2628 1824 2667">
    <p class='ocr_par' dir='ltr' id='par_1_104' title="bbox 1038 2628 1824 2667">
     <span class='ocr_line' id='line_1_104' title="bbox 1038 2628 1824 2667; baseline 0.014 -13"><span class='ocrx_word' id='word_1_642' title='bbox 1038 2628 1090 2656; x_wconf 79' lang='lat' dir='ltr'><strong>bus</strong></span> <span class='ocrx_word' id='word_1_643' title='bbox 1110 2630 1189 2656; x_wconf 84' lang='lat' dir='ltr'><strong>vanis</strong></span> <span class='ocrx_word' id='word_1_644' title='bbox 1207 2629 1308 2665; x_wconf 74' lang='lat' dir='ltr'><strong>ingenii</strong></span> <span class='ocrx_word' id='word_1_645' title='bbox 1329 2632 1469 2666; x_wconf 86' lang='lat' dir='ltr'><strong>specimen</strong></span> <span class='ocrx_word' id='word_1_646' title='bbox 1489 2633 1584 2667; x_wconf 89' lang='lat' dir='ltr'><strong>edunt,</strong></span> <span class='ocrx_word' id='word_1_647' title='bbox 1604 2639 1631 2662; x_wconf 89' lang='lat' dir='ltr'><strong>et</strong></span> <span class='ocrx_word' id='word_1_648' title='bbox 1654 2643 1714 2663; x_wconf 92' lang='lat' dir='ltr'><strong>cum</strong></span> <span class='ocrx_word' id='word_1_649' title='bbox 1731 2636 1764 2666; x_wconf 82' lang='lat' dir='ltr'><strong>ad</strong></span> <span class='ocrx_word' id='word_1_650' title='bbox 1780 2645 1824 2665; x_wconf 87' lang='lat' dir='ltr'><strong>res</strong></span> 
     </span>
    </p>
   </div>
   <div class='ocr_carea' id='block_1_105' title="bbox 1038 2675 1824 2718">
    <p class='ocr_par' dir='ltr' id='par_1_105' title="bbox 1038 2675 1824 2718">
     <span class='ocr_line' id='line_1_105' title="bbox 1038 2675 1824 2718; baseline 0.014 -18"><span class='ocrx_word' id='word_1_651' title='bbox 1038 2675 1185 2710; x_wconf 73' lang='lat' dir='ltr'><strong>przeclaras</strong></span> <span class='ocrx_word' id='word_1_652' title='bbox 1203 2676 1383 2705; x_wconf 86' lang='lat' dir='ltr'><strong>addiscendas</strong></span> <span class='ocrx_word' id='word_1_653' title='bbox 1400 2679 1470 2706; x_wconf 88' lang='lat' dir='ltr'><strong>tardi</strong></span> <span class='ocrx_word' id='word_1_654' title='bbox 1488 2681 1554 2712; x_wconf 89' lang='lat' dir='ltr'><strong>sint,</strong></span> <span class='ocrx_word' id='word_1_655' title='bbox 1569 2685 1666 2709; x_wconf 85' lang='lat' dir='ltr'><strong>contra</strong></span> <span class='ocrx_word' id='word_1_656' title='bbox 1682 2683 1715 2710; x_wconf 90' lang='lat' dir='ltr'><strong>ad</strong></span> <span class='ocrx_word' id='word_1_657' title='bbox 1730 2686 1824 2718; x_wconf 80' lang='lat' dir='ltr'><strong>turpes</strong></span> 
     </span>
    </p>
   </div>
   <div class='ocr_carea' id='block_1_106' title="bbox 1038 2721 1824 2764">
    <p class='ocr_par' dir='ltr' id='par_1_106' title="bbox 1038 2721 1824 2764">
     <span class='ocr_line' id='line_1_106' title="bbox 1038 2721 1824 2764; baseline 0.013 -17"><span class='ocrx_word' id='word_1_658' title='bbox 1038 2721 1235 2757; x_wconf 83' lang='lat' dir='ltr'><strong>perpetrandas</strong></span> <span class='ocrx_word' id='word_1_659' title='bbox 1257 2723 1417 2752; x_wconf 89' lang='lat' dir='ltr'><strong>celerrimos</strong></span> <span class='ocrx_word' id='word_1_660' title='bbox 1446 2733 1476 2753; x_wconf 90' lang='lat' dir='ltr'><strong>se</strong></span> <span class='ocrx_word' id='word_1_661' title='bbox 1501 2730 1528 2754; x_wconf 89' lang='lat' dir='ltr'><strong>et</strong></span> <span class='ocrx_word' id='word_1_662' title='bbox 1554 2726 1730 2757; x_wconf 87' lang='lat' dir='ltr'><strong>acutissimos</strong></span> <span class='ocrx_word' id='word_1_663' title='bbox 1752 2736 1824 2764; x_wconf 59' lang='lat' dir='ltr'><strong>prm-</strong></span> 
     </span>
    </p>
   </div>
   <div class='ocr_carea' id='block_1_107' title="bbox 993 2766 1113 2795">
    <p class='ocr_par' dir='ltr' id='par_1_107' title="bbox 993 2766 1113 2795">
     <span class='ocr_line' id='line_1_107' title="bbox 993 2766 1113 2795; baseline 0.017 -2"><span class='ocrx_word' id='word_1_664' title='bbox 993 2766 998 2771; x_wconf 81' lang='grc'><strong>”</strong></span> <span class='ocrx_word' id='word_1_665' title='bbox 1039 2767 1113 2795; x_wconf 89' lang='lat' dir='ltr'><strong>hent.</strong></span> 
     </span>
    </p>
   </div>
   <div class='ocr_carea' id='block_1_108' title="bbox 1073 2814 1825 2855">
    <p class='ocr_par' dir='ltr' id='par_1_108' title="bbox 1073 2814 1825 2855">
     <span class='ocr_line' id='line_1_108' title="bbox 1073 2814 1825 2855; baseline 0.017 -14"><span class='ocrx_word' id='word_1_666' title='bbox 1073 2814 1156 2842; x_wconf 87' lang='lat' dir='ltr'><strong>Clem.</strong></span> <span class='ocrx_word' id='word_1_667' title='bbox 1169 2816 1274 2854; x_wconf 75' lang='lat' dir='ltr'><strong>Pwdag.</strong></span> <span class='ocrx_word' id='word_1_668' title='bbox 1291 2825 1321 2854; x_wconf 84' lang='grc' dir='ltr'><strong>ιι,</strong></span> <span class='ocrx_word' id='word_1_669' title='bbox 1342 2826 1404 2855; x_wconf 87' lang='lat' dir='ltr'><strong>cap.</strong></span> <span class='ocrx_word' id='word_1_670' title='bbox 1422 2820 1448 2849; x_wconf 88' lang='lat'><strong>6.</strong></span> <span class='ocrx_word' id='word_1_671' title='bbox 1462 2835 1496 2842; x_wconf 91' lang='lat'><strong>—-</strong></span> <span class='ocrx_word' id='word_1_672' title='bbox 1510 2821 1553 2851; x_wconf 82' lang='lat' dir='ltr'><strong>Ab</strong></span> <span class='ocrx_word' id='word_1_673' title='bbox 1573 2822 1744 2854; x_wconf 81' lang='lat' dir='ltr'><strong>obscenitate</strong></span> <span class='ocrx_word' id='word_1_674' title='bbox 1766 2831 1825 2853; x_wconf 55' lang='lat' dir='ltr'><strong>sera</strong></span> 
     </span>
    </p>
   </div>
  </div>
