2074 3115
252 83 319 118 12ὶῶ

847 85 878 113 s.
896 81 1055 114 10mins
1076 80 1291 117 DAMASCENI

1817 87 1885 120 1256

249 140 339 168 innuis
351 144 405 167 nou
418 140 470 175 ipsi
481 142 589 167 tantum
602 139 734 167 debemus
754 140 904 172 abstinere,
917 141 964 167 sed
978 141 1031 167 illo:

1091 142 1139 167 καὶ
1164 143 1228 174 τοὺς
1253 143 1411 178 χρωμένους
1429 144 1498 179 αὐτῇ
1517 143 1737 178 ὲπιστομιστέον,
1761 145 1809 171 καὶ
1821 146 1883 180 ὄψει

249 195 368 222 qltoquc,
391 187 438 221 qui
462 193 494 213 ea
511 191 638 218 utuntur,
668 182 863 221 compﬁmere,
885 193 941 213 tum
960 195 1036 221 aspe-

249 234 323 260 riore
349 233 458 263 obtutu,
482 235 541 257 tum
556 231 656 265 _vultus
681 233 846 263 aversione.
873 237 930 259 tum
955 234 1037 260 etiam

249 279 374 313 sanniis,
402 282 459 306 tum
485 277 596 306 demum
619 280 721 315 smpius
750 280 950 308 vehementiori
979 289 1038 309 ser-

248 333 339 353 mone.

285 370 355 398 Ibid.
371 386 408 392 —
432 371 615 400 Petulantiam
636 371 664 398 in
693 372 869 400 sermonibus
892 372 1036 404 adbibere,

248 415 300 442 hoc
316 415 390 449 facit,
406 421 435 443 ut
451 416 582 451 deinceps
598 416 626 443 in
645 416 728 444 rebus
744 415 811 451 ipsis
829 424 877 445 nos
894 417 1038 446 inhoneste

246 468 386 496 geramus.

281 505 353 533 Ibid.
367 507 531 534 -—Prorsus
551 500 744 534 abstinendum
764 511 807 535 est
821 515 837 534 a
854 507 975 543 turpium
994 515 1038 535 re-

247 560 307 579 rum
331 553 488 587 auditione,
514 553 700 588 obscenisque
730 554 918 587 spectaculis;
950 554 1037 580 multo

246 598 334 633 magis
365 605 429 625 vero
451 598 486 626 ab
511 597 667 625 inhonestis
696 598 778 625 rebus
804 606 889 632 puros
909 607 961 626 nos
975 606 1036 627 esse

245 648 362 678 oportet.
382 644 435 671 iter
455 643 489 671 ad
511 643 712 678 impudentiam
729 649 771 671 est
787 645 923 672 sermonis
938 645 1037 672 obsce-

245 689 329 721 nitas,
345 693 372 716 et
389 689 451 716 ﬂuis
468 688 612 722 utriusque
632 693 676 716 est
691 688 842 716 obscenum
861 689 980 716 facinus.

283 733 617 769 Didymi.~—Periculum
642 741 715 769 saepe
741 734 820 762 θῆαι-ι
844 735 934 769 turpia
952 735 1035 763 verba

245 779 353 807 audire.

1090 187 1252 223 δριμυτέρα,
1274 189 1323 215 καὶ
1339 189 1485 224 προσώπου
1511 190 1682 226 ἀποστροφῇ,
1698 191 1746 217 καὶ
1760 191 1799 226 τῷ
1813 192 1884 219 ἀπο-

1090 235 1276 269 μυκτηρισμῴ
1287 235 1456 270 καλουμένῳ,
1474 236 1603 268 πολλάκις
1623 236 1652 263 δὲ
1666 237 1714 263 καὶ
1730 236 1802 272 λόγῳ
1817 237 1882 273 θρα-

1090 278 1208 313 συτέρῳ.

1124 368 1162 394 Τὸ
1173 369 1202 395 ἐν
1215 370 1272 400 τοῖς
1284 369 1414 404 ὀνόμασιν
1427 370 1566 403 ἀτακτεῖν,
1581 371 1698 406 μελέτην
1708 372 1820 407 ἐμποιεῖ
1832 373 1880 400 τοῦ

1089 415 1135 440 καὶ
1151 415 1190 446 εἰς
1206 415 1239 441 τὰ
1249 414 1318 450 ἔργα
1336 416 1479 452 ἀκοσμεῖν.
1695 419 1702 424 “

1123 503 1215 539 ιίάντη
1231 504 1363 539 ἀφεκτέον
1379 505 1500 541 αἰσχρῶν
1511 506 1694 542 ἀκουσμάτων
1713 508 1760 535 καὶ
1772 508 1878 545 θεαμά-

1087 557 1142 575 των
1151 557 1158 566 ·
1175 550 1242 576 πολὺ
1258 550 1287 576 δὲ
1301 549 1383 577 πλέον
1395 551 1485 586 έργων
1497 552 1620 587 αἰσχρῶν
1637 553 1832 590 καθαρευτέον,
1842 571 1878 578 -—

1094 594 1167 626 Ὁδὸς
1184 595 1227 620 ἐπ’
1256 595 1447 631 ἀναισχυντίαν
1471 597 1488 632 ή
1513 598 1701 634 αἰσχρολογία,
1726 600 1774 627 καί
1798 601 1878 633 τέλος

1087 640 1188 674 ἀμφοῖν
1201 640 1217 675 ἡ
1230 641 1420 676 αἰσχρουργία.

1121 729 1251 756 Κίνδυνον
1279 730 1357 766 φέρει
1387 730 1516 764 πολλάκις
1541 735 1572 760 τὸ
1593 734 1754 771 δυσφήμους
1779 735 1876 770 λόγους

1085 775 1203 803 ἀκούειν.

245 834 432 877 ΤΙΤηΧίᾼἿΙι
445 851 480 856 ——
496 836 578 877 380
595 835 634 877 De
657 835 855 877 nmiedictiorle,
882 844 928 863 seu
946 836 1029 870 jusle,

1085 833 1175 877 Tl'l‘A.
1191 834 1257 877 ΙξιΖι.
1277 849 1313 854 -
1326 835 1397 877 IIIng
1417 835 1492 877 ἀρᾶς
1503 837 1635 877 etii-61105
1649 837 1669 872 ἢ
1689 838 1801 877 domum
1823 839 1876 865 ἐπ-

279 871 324 897 seti
343 871 440 905 injuste
454 873 578 904 prolata;
596 876 622 898 et
642 871 712 906 quod
733 871 882 898 benedicere
901 876 1031 905 oporteat,

280 913 332 932 non
349 906 517 932 maledicere.

278 960 358 988 Prov.
383 961 499 993 “vni.
515 975 551 981 —
576 970 585 986 ‹
606 960 683 988 Sicut
705 961 834 989 volucres
853 962 978 994 avolant,
1006 967 1033 989 et

243 1014 381 1042 passeres,
409 1006 450 1034 sic
472 1005 651 1034 maledictum
680 1006 781 1034 frustra
807 1007 945 1042 prolatum
976 1015 1032 1034 non

242 1051 426 1086 superveniet.
446 1060 456 1076 ι
560 1090 562 1092 _

280 1096 362 1124 Eccli.
376 1105 413 1129 ιν,
427 1096 455 1124 5.
475 1111 512 1117 —-
528 1105 537 1122 ι
554 1095 594 1124 Ne
609 1097 660 1125 des
686 1097 775 1124 locum
800 1096 917 1128 homini.
940 1102 968 1124 ut
982 1097 1030 1125 tibi

242 1143 396 1170 maledicat.
415 1142 605 1170 Maledicentis
633 1143 707 1171 enim
730 1143 778 1170 tibi
801 1143 830 1170 in
850 1143 1032 1170 amaritudine

240 1189 350 1221 animae,
382 1189 604 1224 deprecationem
637 1189 712 1216 illius
741 1188 872 1216 exaudiet
894 1188 941 1224 qui
966 1188 1033 1215 fecit

240 1242 315 1262 eum.
333 1244 342 1260 ι

277 1280 360 1307 Εοείἰ.
389 1288 416 1307 ιιι
431 1301 438 1313 ,
468 1280 511 1307 il.
534 1295 569 1300 —
594 1290 602 1306 ι
621 1280 774 1308 Maledictio
792 1280 889 1308 matris
906 1279 1029 1308 eradicat

239 1325 428 1353 fundamenta.
447 1335 457 1352 ι
624 1322 626 1324 ’

275 1367 426 1411 Βοιη.,ιιιι,
453 1372 497 1400 II.
515 1386 552 1393 —
583 1370 766 1399 (Benedicite
796 1371 1028 1406 persequentibus

239 1426 287 1446 vos
300 1427 307 1445 :
323 1417 487 1451 benedicite,
503 1423 530 1446 et
547 1418 634 1445 nolite
649 1417 824 1445 maledicere.
840 1427 849 1443 ι

272 1463 332 1490 Jac.
351 1471 392 1496 nl,
413 1463 488 1490 8-12.
510 1478 546 1482 -
573 1473 582 1489 ι
599 1459 706 1498 Lingua
730 1463 882 1497 inquietum
911 1462 1027 1496 malum,

239 1509 318 1544 plena
331 1515 436 1536 veneno
451 1507 604 1535 mortifero.
621 1507 650 1534 lu
665 1508 724 1542 ipsa
738 1507 930 1535 benedicimus
942 1508 1027 1535 Deum
1042 1498 1064 1528 α

238 1559 265 1581 et
282 1557 406 1588 patrem,
427 1556 455 1580 ct
480 1553 509 1579 in
532 1552 591 1587 ipsa
610 1551 804 1580 maledicimus
821 1551 960 1583 homines,
980 1552 1028 1588 qui

237 1599 271 1626 ad
288 1597 498 1626 similitudinem
523 1597 570 1625 Dei
598 1596 665 1624 facti
693 1601 770 1624 sunt.
788 1597 825 1624 De
850 1597 948 1625 eodem
964 1605 1029 1632 pro-

236 1646 308 1674 cedit
326 1646 482 1674 benedictio
493 1649 520 1673 et
535 1645 702 1672 maledictio.
719 1645 909 1680 Nonoportet,
926 1646 1027 1675 fratres

236 1693 301 1723 mei.
316 1691 373 1718 lucc
385 1692 423 1717 ita
435 1691 504 1718 ﬁeri.
523 1690 618 1725 Neque
634 1690 695 1718 fons
720 1690 753 1718 de
775 1691 873 1718 eodem
892 1691 1027 1719 foramine

235 1740 347 1764 emanat
360 1736 468 1764 dulcem
485 1739 512 1764 et
530 1743 655 1763 amaram
678 1743 788 1771 aquam.
814 1735 955 1771 Nunquid,
971 1737 1027 1764 fra-

236 1788 292 1809 tres
307 1782 371 1817 mei,
388 1786 478 1817 potest
488 1781 557 1809 ﬁcus
572 1788 641 1810 uvas
656 1781 758 1814 facere,
775 1786 822 1809 aut
833 1782 897 1810 Vitis
914 1782 1002 1811 ficus?
1014 1791 1024 1808 ι

235 1887 303 1916 Tl'l.
323 1887 440 1915 XLVIII.
467 1903 503 1908 —
528 1882 567 1915 De
594 1888 749 1915 remissione
779 1894 968 1923 peccatorum;
1000 1895 1026 1917 et

321 1922 415 1958 quibus
430 1923 562 1958 possimus
577 1924 663 1951 modis
686 1922 787 1951 veniam
803 1925 937 1959 consequi.

268 2010 319 2037 Job
336 2010 431 2043 ".15.
456 2025 492 2030 ——
510 2020 519 2036 ι
539 2009 614 2038 Exue
637 2011 745 2045 sordes,
771 2015 798 2039 et
823 2019 857 2040 ne
881 2013 1024 2046 timueris;

234 2057 355 2084 laborem
379 2061 456 2084 tuum
477 2057 552 2084 solve
577 2061 707 2092 tanquam
725 2057 839 2084 ﬂuctum
856 2062 1026 2093 praetereun-

234 2107 299 2136 tem,
314 2106 341 2129 et
354 2110 409 2130 non
428 2101 551 2136 timebis;
565 2103 630 2137 quia
652 2103 743 2130 oratio
759 2108 805 2130 tua
819 2103 872 2130 erit
887 2103 963 2131 sicut
978 2104 1024 2131 lu-

233 2149 310 2175 cifer.
329 2157 339 2174 ι

270 2156 310 2176 er.
329 2157 339 2174 ι

267 2193 349 2220 Prov.
361 2201 419 2226 xm,
435 2193 462 2221 8.
473 2208 509 2213 —
526 2201 535 2219 ι
550 2192 713 2228 Redemptio
725 2193 824 2221 anima:
840 2194 900 2227 viri,
919 2194 1022 2224 divitiae

232 2246 331 2274 ipsms.
355 2247 365 2265 ι

266 2295 347 2322 Prov.
365 2302 409 2335 xv,
424 2294 469 2322 27.
481 2309 516 2314 —
531 2304 540 2321 ι
557 2290 746 2327 Misericordia
762 2302 789 2324 et
803 2295 856 2324 lidc
867 2303 1023 2333 purgantur

231 2344 356 2377 peccata.
374 2349 385 2367 ι

263 2398 364 2427 Jerem.
381 2407 409 2432 v,
429 2399 455 2428 1.
471 2415 507 2420 -
523 2409 532 2426 ι
554 2400 583 2427 Si
600 2404 643 2428 est
662 2400 709 2436 qui
724 2400 808 2427 faciat
831 2399 982 2435 judicium,
995 2403 1023 2427 et

231 2450 336 2483 quaerat
352 2446 445 2480 fidem,
461 2447 598 2482 propitius
620 2447 673 2482 ipsi
686 2453 745 2478 ero,
762 2446 830 2473 dicit
849 2445 994 2474 Dominus.
1010 2454 1019 2471 ι

266 2494 331 2529 Sap.
346 2501 398 2527 m,
418 2494 461 2522 I9.
482 2509 510 2514 —
526 2504 535 2520 ι
554 2494 637 2521 Bona)
653 2493 712 2528 spei
733 2492 824 2520 fecisti
840 2492 913 2520 tilios
934 2496 997 2519 tuos
1014 2502 1020 2519 ί

230 2540 295 2576 quia
307 2539 357 2569 das
372 2540 399 2567 in
415 2539 537 2575 peccatis
557 2539 760 2575 pmnitentiam.
778 2549 787 2565 ι

267 2596 352 2624 Eccli.
376 2603 417 2629 ιιι,
441 2596 534 2623 23.-
549 2605 558 2622 ι
577 2595 669 2632 Ignem
695 2596 837 2624 ardentem
865 2593 1020 2630 exstinguit

230 2651 300 2678 aqua
319 2652 325 2670 :
340 2647 367 2670 et
386 2643 560 2678 eleemosyna
575 2643 668 2678 expiat
683 2646 805 2678 peccata.
825 2651 834 2668 ι

267 2698 352 2726 Echi.
374 2707 470 2733 uvm,
483 2699 510 2727 2.
528 2715 563 2720 -
575 2708 585 2726 ι
604 2699 725 2728 Remitte
740 2700 871 2736 injuriam
892 2701 1018 2737 proximo

230 2745 290 2776 tuo,
317 2749 344 2771 et
372 2750 438 2774 tunc
470 2746 631 2782 deprecanti
657 2746 708 2775 tibi
738 2751 851 2783 peccata
884 2752 931 2775 tua
961 2747 1017 2776 sol-

231 2794 339 2818 ventur.
359 2800 367 2816 )

1118 868 1268 938 Ζέἕέὸναιῖς
1279 876 1286 884 ·
1300 870 1350 897 καὶ
1365 868 1410 898 ὅτι
1430 868 1668 906 χρὴ-εὐλιήαεῖπνε,⁷
1678 873 1727 900 καί
1741 868 1875 908 μὴ’κατ-

1123 967 1131 983 ι
1152 958 1257 993 Ὥσπερ
1275 959 1357 994 δρνεα
1372 960 1390 987 ἃ
1405 960 1547 995 πέτανται,
1564 962 1611 989 καὶ
1627 964 1763 1000 στρουθοὶ,
1787 964 1875 996 οὕτως

1083 1003 1138 1038 ἀρὰ
1155 1004 1259 1039 ματαία
1275 1005 1324 1032 οὐκ
1340 1006 1517 1034 ἐπελεύσεται
1532 1008 1631 1036 οὐδενί.
1651 1018 1660 1035 ι

1121 1104 1130 1120 ι
1151 1091 1197 1131 Μὴ
1213 1095 1265 1131 δῷς
1283 1097 1368 1124 τύπον
1381 1097 1517 1134 ἀνθρώπῳ
1527 1094 1700 1136 καταρᾶσθαι
1714 1110 1753 1129 σε.
1779 1097 1871 1130 Κατα-

1083 1140 1207 1175 ρωμένου
1226 1141 1280 1178 γάρ
1296 1150 1326 1169 σε
1345 1143 1444 1179 πικρίᾳ
1460 1144 1551 1180 ψυχῆς
1573 1145 1667 1180 αὐτοῦ,
1689 1147 1739 1182 τῆς
1754 1147 1873 1181 δεήσεως

1082 1185 1165 1212 αὑτοῦ
1179 1187 1369 1215 εἰσακούσεται
1383 1190 1397 1215 ὁ
1410 1190 1528 1224 ποιήσας
1541 1191 1632 1219 αὐτόν.
1654 1201 1664 1218 ι

1118 1290 1128 1307 ί
1144 1282 1260 1318 Κατάρα
1280 1283 1383 1318 μητρὸς
1398 1284 1504 1319 ἐκριζοί
1518 1284 1643 1320 Θεμέλια.
1659 1290 1669 1312 ι

1114 1378 1126 1410 ρ
1144 1369 1289 1404 Εὐλογεῖτε
1307 1371 1370 1403 τοὺς
1380 1371 1530 1404 διώκοντας
1549 1373 1638 1408 ὑμᾶς·
1655 1374 1806 1410 εὐλογεῖτε,
1822 1378 1870 1405 καὶ

1079 1415 1118 1451 μὴ
1133 1415 1301 1452 καταρᾶσθε.
1317 1426 1326 1442 ι

1117 1469 1127 1486 ‹
1153 1461 1185 1488 Ἡ
1197 1454 1309 1494 γλῶσσα
1319 1461 1507 1497 ἀκατάσχετον
1520 1463 1615 1495 κακὸν,
1629 1464 1716 1500 μεστὴ
1732 1465 1772 1491 ἰοῦ
1789 1465 1871 1494 θαναε

1080 1506 1210 1542 τηφὸρου.
1233 1507 1277 1534 Ἑν
1290 1507 1359 1543 αὐτῇ
1369 1507 1534 1543 εὐλογοῦμεν
1549 1508 1594 1535 τὸν
1608 1509 1676 1536 Θεὸν
1690 1511 1736 1537 καὶ
1750 1511 1868 1546 πατέραε

1080 1552 1129 1579 καὶ
1145 1553 1175 1579 ἐν
1193 1553 1262 1588 αὐτῇ
1278 1553 1469 1589 καταρώμεθα
1481 1554 1544 1586 τοὺς
1556 1554 1717 1590 ἀνθρώπους
1731 1556 1794 1588 τοὺς
1808 1550 1870 1584 καθί

1079 1595 1209 1632 ὁμοίωσιν
1225 1594 1293 1624 Θεοῦ
1308 1599 1518 1634 γεγενημένους.
1538 1599 1585 1626 Ἐκ
1602 1600 1650 1627 τοῦ
1667 1601 1751 1628 αὐτοῦ
1766 1602 1869 1638 indth

1079 1651 1124 1677 τος
1140 1643 1282 1679 ἐξέρχεται
1306 1645 1416 1680 εὐλογία
1431 1646 1476 1672 καὶ
1491 1646 1609 1682 κατάρα..
1627 1648 1664 1674 οὐ
1679 1651 1744 1684 χρὴ,
1761 1646 1870 1684 ἀδελφοί

1082 1698 1133 1724 μου
1146 1710 1154 1723 ,
1171 1689 1257 1717 ταῦτα
1282 1689 1370 1722 οὕτως
1396 1691 1528 1725 γίνεσθαι,
1555 1693 1623 1728 μήτε
1639 1693 1655 1727 ἡ
1670 1694 1746 1729 πηγὴ
1772 1695 1804 1721 ὲκ
1820 1695 1870 1730 τῆς

1080 1734 1165 1770 αὐτῆς
1180 1735 1250 1771 ὀπῆς
1259 1733 1290 1762 τὸ
1303 1735 1402 1771 γλυκὺ,
1419 1737 1467 1764 καὶ
1481 1737 1511 1765 τὸ
1530 1739 1629 1774 πικρὸν
1643 1738 1732 1774 βρύει.
1752 1739 1799 1776 Μὴ
1821 1740 1869 1767 δύ-

1080 1785 1170 1816 ναται,
1181 1783 1291 1818 ἀδελφοί
1307 1792 1369 1819 μου,
1383 1785 1452 1820 συκῆ
1470 1785 1563 1817 ὲλαίας
1578 1786 1699 1821 ποιῆσαι,
1715 1787 1731 1822 ἢ
1746 1787 1870 1822 ἄμπελος

1080 1835 1150 1854 συκα
1163 1836 1170 1860 ;
1187 1837 1196 1854 ι

1078 1894 1170 1921 ΤΙΤΛ.
1195 1894 1265 1922 ΜΗ¹.
1293 1910 1328 1915 -
1350 1896 1420 1931 Περί
1445 1895 1582 1930 ἀφέσεως
1608 1897 1777 1931 ἁμαρτιῶνδ
1793 1899 1869 1926 κατὰ

1112 1930 1220 1962 ποίους
1251 1931 1382 1964 τρόπους
1404 1930 1556 1966 δυνάμεθα
1584 1930 1687 1966 τυχεῖν
1711 1933 1864 1968 συγχωρή-

1113 1972 1199 1998 σεως.

1114 2029 1124 2046 ‹
1144 2020 1274 2048 "meum
1289 2021 1386 2057 ῥύπον,
1398 2021 1446 2048 καὶ
1455 2021 1486 2049 οὐ
1503 2023 1540 2058 μὴ
1554 2023 1688 2060 φοϐηθῇς,
1698 2024 1746 2051 καὶ.
1758 2025 1804 2051 τδν
1818 2024 1867 2051 κό-

1077 2074 1127 2092 πον
1151 2074 1199 2092 σου
1227 2066 1367 2100 ἑπίλυσαι,
1395 2067 1490 2104 ὥσπερ
1507 2068 1582 2104 κῦμα
1608 2069 1754 2104 παρελθὸν,
1770 2070 1818 2097 καὶ
1833 2069 1867 2097 οὐ

1077 2110 1236 2147 πτοηθήσῃ·
1255 2111 1296 2138 ὃτι
1313 2113 1379 2148 εὐχή
1400 2121 1448 2139 σου
1462 2113 1557 2149 ὥσπερ
1572 2113 1722 2149 ἑωσφόρος.
1743 2123 1753 2140 ι

1111 2211 1120 2227 ι
1137 2201 1243 2237 Λύτρον
1257 2200 1347 2236 ψυχῆς
1365 2201 1472 2237 ἀνδρὸς,
1486 2202 1501 2228 ὁ
1514 2201 1579 2233 ἴδιος
1591 2201 1716 2234 πλοῦτος.
1735 2211 1745 2228 ι

1111 2302 1120 2319 ι
1146 2292 1359 2328 Ἐλεημοσύναις
1387 2294 1434 2320 καὶ
1472 2294 1597 2321 πίστεσιν
1629 2289 1864 2329 ἀποκαθαίρονται

1074 2338 1218 2374 ἁμαρτίαι.
1235 2348 1245 2364 ›

1112 2405 1121 2421 ι
1135 2396 1167 2422 Et
1181 2395 1239 2422 εστι
1259 2396 1344 2422 ποιῶν
1368 2389 1465 2431 κρῖμα,
1489 2395 1536 2422 καὶ
1554 2394 1645 2431 ζητῶν
1669 2385 1772 2430 πίστιν)
1789 2395 1866 2428 Eleo;

1074 2439 1227 2474 γενήσομαι
1238 2439 1324 2474 αὐτῷ,
1338 2440 1415 2474 λέγει
1433 2439 1545 2475 Κύριος,
1565 2449 1574 2466 ι

1111 2504 1120 2520 ι
1141 2494 1291 2526 Emam;
1309 2494 1441 2530 ἐποίησας
1457 2496 1521 2526 τοὺς
1538 2495 1615 2526 υἱούς
1641 2503 1699 2526 σου.
1717 2495 1758 2522 ὅτι
1784 2495 1863 2528 δίδως

1072 2541 1118 2568 ἐπὶ
1131 2541 1311 2577 ἁμαρτήμασι
1326 2542 1480 2576 μετάνοιαν,
1501 2548 1512 2567 r

1110 2608 1119 2625 ι
1140 2599 1200 2635 Πῦρ
1218 2598 1413 2635 φλογιςόμενον
1428 2598 1576 2626 ἀποσϐέσει
1589 2599 1671 2634 ὕδωρ,
1686 2598 1734 2626 καὶ
1747 2597 1862 2633 iisquae-

1072 2645 1139 2680 σύνη
1157 2645 1329 2679 ἐξιλάσκεται
1343 2645 1490 2681 ἁμαρτιας.
1508 2655 1517 2672 ι

1109 2712 1118 2730 ι
1141 2704 1225 2739 Ἀφες
1239 2704 1363 2740 ἀδίκημα
1387 2704 1426 2740 τῷ
1440 2704 1554 2741 πλησίον
1572 2713 1630 2737 σου,
1652 2705 1700 2732 καὶ
1720 2704 1780 2731 τότε
1794 2701 1864 2737 Geni

1070 2749 1162 2781 θὶντος
1174 2757 1220 2777 σου
1235 2750 1264 2776 αἰ
1278 2749 1411 2785 ἁμαρτίαι
1426 2758 1474 2777 σου
1486 2749 1660 2785 λυθήσονται.
1677 2756 1688 2777 ε
