2074 3115
219 122 284 158 1257

256 193 265 209 ι
287 183 318 210 '0
333 181 423 218 τιμῶν
435 181 553 225 πατέρα,
573 181 725 213 ὲξιλάσεται
741 179 889 215 ἁμαρτίας.
910 189 918 205 ι

258 283 269 300 ι
285 273 401 301 Εὑδοκία
425 273 541 309 Κυρίου,
566 273 720 308 ἀποστῆναι
745 272 799 299 ἀπὸ
822 270 940 302 ἀδικίας,
966 270 1012 296 καὶ

221 319 366 355 ἐξιλασμδς
383 319 536 354 ἀποστῆναι
551 318 606 345 ἀπὸ
622 319 770 354 ἁμαρτιας.
790 327 800 344 ι

259 422 269 440 ι
291 412 354 439 Ἐὰν
371 411 459 446 ἀφῆτε
484 412 541 442 τοῖς
565 410 718 445 ἀνθρώποις
738 409 786 436 τὰ.
800 407 1015 444 παραπτώματα

219 458 319 490 αὐτῶν,
337 457 438 492 ἀφήσει
450 456 498 484 καὶ
512 456 576 490 ὑμῖν
587 456 602 482 ὁ
618 455 712 490 Πατὴρ
727 454 804 490 ὑμῶν
816 452 830 478 ὁ
848 453 983 488 οὐράνιος·
999 460 1009 476 ³

256 560 265 576 ι
292 551 322 577 Ὀ
336 549 503 584 ἐπιστρέψας
525 547 686 584 ἁμαρτωλὸν
705 548 736 573 ἐκ
754 545 856 580 πλάνης
876 544 936 571 ὀδοῦ
961 543 1011 570 αὐ-

218 596 277 629 τοῦ,
295 596 376 622 σώσει
391 595 479 630 ψυχὴν
493 595 526 621 ὲκ
545 593 672 626 Θανάτου,
700 592 748 618 καὶ
771 590 886 625 καλύψει
908 589 1011 625 πλῆθος

219 641 374 677 ἁμαρτιῶν.
397 650 406 667 ι

218 719 310 747 ΤΙΤΛ.
327 718 396 746 ΜΘ⁹.
406 733 440 738 -
449 716 519 751 Περὶ
535 714 736 751 ἀπογνώσεως
749 721 756 728 ·
769 713 814 739 ὅτι
828 713 868 751 οὺ.
877 711 925 738 δεῖ
933 711 1011 746 ἡμᾶς
1028 714 1032 717 ’

315 753 371 788 τῆς
382 747 498 780 ἐαυτῶφῖ
520 747 742 786 ἀπογινώσκειν
757 747 915 782 σωτηρίας.

258 829 267 846 ι
284 818 426 850 Πεποιθὼς
440 817 501 853 ἔσῃ,
517 817 558 844 ὃτι
572 824 614 842 σοι
630 815 703 842 ἐστιν
722 813 809 845 ὲλπίς.
828 823 837 839 ι

821 121 938 150 SACRA
959 120 1192 159 PABALLELA.

1024 182 1047 210 Α
1099 178 1184 206 Eccli.
1200 186 1241 211 ιιι,
1258 179 1284 205 3.
1297 193 1331 198 —
1349 187 1357 203 ι
1375 177 1428 211 Qui
1456 177 1572 206 honorat
1597 183 1715 213 patrem.
1734 178 1856 213 expiabit

1789 119 1856 153 1253

1065 228 1188 258 peccata.
1206 233 1214 249 ι

1098 268 1183 296 Eccli.
1199 276 1280 302 xxxv,
1306 269 1334 296 5.
1352 277 1412 294 -ι
1437 267 1645 303 Bcneplacitum
1674 266 1784 295 Domini
1811 271 1854 295 est

1063 314 1202 342 abstinere
1218 314 1254 341 ab
1272 313 1419 348 iniustitia,
1436 317 1464 340 et
1484 311 1655 348 propitiatio,
1678 311 1819 340 abstinere
1838 319 1853 339 a

1063 363 1186 394 peccato.
1207 368 1216 385 ι

1097 403 1197 431 Matth.
1224 411 1260 434 τι.
1286 403 1330 430 14.
1356 418 1390 423 -—
1418 411 1428 428 ‹
1446 402 1476 429 Si
1501 401 1666 431 dimiseritis
1693 402 1853 430 hominibus

1063 453 1175 485 peccata
1190 457 1297 483 eorum,
1319 448 1441 476 dimittet
1461 452 1489 476 et
1505 446 1588 475 Pater
1613 453 1702 476 vester
1730 448 1853 476 caelestis

1062 495 1162 523 delicta
1174 499 1276 523 vestra.
1295 505 1305 521 ι

1097 540 1159 568 Jac.
1177 549 1203 574 v,
1218 541 1265 568 20.
1281 556 1315 561 —
1331 550 1340 566 ι
1356 541 1408 573 Qui
1425 540 1549 568 converti
1565 540 1661 568 fecerit
1677 544 1852 576 peccatorem

1064 587 1098 615 ab
1111 595 1204 615 errore
1217 588 1267 616 via:
1278 595 1345 621 suae,
1358 587 1478 615 salvabit
1494 587 1616 614 animam
1631 587 1694 623 ejus
1707 594 1741 615 ex
1752 591 1850 619 morte,

1062 637 1090 660 et
1105 633 1210 668 operiet
1222 633 1426 661 multitudinem
1442 635 1631 667 peccatorum.
1651 640 1663 658 ι

1063 710 1130 738 TlT.
1149 709 1244 737 XLlX.
1261 726 1296 730 —
1312 709 1348 737 De
1373 709 1557 744 desperatione
1581 716 1590 736 :
1614 713 1639 736 et
1657 709 1729 744 quod
1753 709 1851 738 salutis

1187 750 1284 773 nostra:
1295 752 1365 780 spem
1379 745 1493 779 abjicere
1509 752 1561 771 non
1574 743 1725 772 debeamus.

1097 802 1146 831 Job
1176 810 1213 836 ιι,
1232 802 1274 830 l8.
1290 818 1324 822 —
1338 812 1347 828 ‹
1362 801 1437 829 Bono
1450 801 1506 829 eris
1523 801 1626 834 animo.
1646 800 1710 836 quia
1723 808 1788 837 spes
1802 800 1852 830 tibi

1026 863 1047 890 Β
1062 853 1112 877 est.
1134 858 1142 874 ι

255 922 265 938 ι
283 913 316 938 Οἱ
329 903 533 946 ἆπηλπισμένοι
547 908 602 934 τῶν
614 905 663 934 ἀνθ
669 905 778 942 ρώπων,
797 903 1006 940 ὲμπλησϐήσον-

214 967 261 985 ται
279 956 460 992 εὐφροσύνης.
482 963 493 981 ι

250 1003 344 1034 Οὐδεὶς
357 1001 432 1036 φόϐῳ
446 999 501 1027 τῶν
514 999 669 1034 στερήσεων
683 997 718 1024 τὰ
737 996 827 1031 ἀγαθὰ
841 994 1004 1023 ἀπωθεῖται.

216 1049 294 1077 οὓτω
307 1048 362 1083 γὰρ
373 1046 406 1073 ἂν
415 1045 492 1072 οὐδὲν
510 1044 564 1071 τῶν
579 1042 757 1079 ἀνθρωπίνων
782 1041 909 1076 συνέστη,
924 1041 949 1066 εί
964 1039 1006 1073 ἐφ’

216 1096 325 1130 ἑκάστῳ
337 1093 392 1120 τῶν
415 1090 641 1126 σπουδαζομένων
660 1089 709 1120 τὰς
724 1087 874 1122 ἀποτυχίας
888 1085 1007 1120 ἐλογιζό-

218 1141 297 1178 μεθα.
312 1140 482 1176 Παράκειται
497 1137 551 1173 γὰρ
577 1137 611 1172 τῇ
627 1135 751 1171 γεωργίᾳ
765 1135 782 1170 ἡ
809 1132 921 1168 ἀφορία,
945 1133 1006 1164 ταῖς

217 1187 364 1223 ἐμπορίαις
382 1186 411 1212 δὲ
426 1184 461 1212 τὰ
477 1182 606 1217 ναυάγια,
624 1183 681 1213 τοῖς
699 1181 801 1216 γάμοις
826 1179 855 1206 αἱ
883 1180 1004 1214 χηρεῖαι,

216 1235 276 1265 ταῖς
302 1231 509 1268 παιδοτροφίαις
538 1229 566 1257 al
594 1227 804 1257 ἀποτεκνώσεις.
837 1223 907 1251 Ἀλλ’
931 1223 1005 1268 ὅμως

217 1267 471 1314 ὲγχειροῦμενντοῖς
488 1275 590 1310 ἔργοις,
607 1274 666 1305 ταῖς
682 1270 878 1308 χρηστοτέραις
899 1267 1007 1295 ἐλπίσιν

217 1324 432 1361 ἔπερειδὸμενοι,
447 1323 496 1358 τὴν
512 1321 540 1348 δὲ
551 1320 606 1346 τῶν
618 1318 800 1346 ἐλπισθέντων
814 1315 926 1343 ἔκϐασιν
939 1316 1007 1343 ἀνα-

216 1371 336 1402 τιθέντες
349 1369 387 1404 τῷ
397 1369 433 1396 τὰ
447 1368 569 1404 ἡμέτερα
585 1364 770 1400 οἰκονομοῦντι
787 1362 857 1398 Θεῷ.

252 1460 321 1488 Οὔτε
336 1461 351 1487 ὁ
368 1460 405 1496 μὴ
426 1458 557 1495 ῥᾳθυμῶν
583 1458 622 1489 είς
655 1456 811 1491 ἀπόγνωσιν
839 1454 873 1481 ἂν
892 1452 1007 1488 ἐμπέσοι

217 1508 293 1539 ποτὲ,
324 1507 386 1533 οὔτε
409 1507 423 1532 ὀ
448 1505 615 1541 τρεφόμενος
656 1502 746 1529 ἐλπίσι
781 1501 928 1536 χρησταῖς,
960 1499 1008 1525 καὶ

219 1554 257 1588 μὴ
268 1552 466 1587 ἀπογινώσκων
491 1550 599 1583 ἑαυτοῦ,
623 1549 663 1580 εἰς
702 1547 839 1583 ῥᾳθυμίαν
863 1545 1007 1580 δυνήσεται

218 1599 359 1633 ἐμπεσεῖν.

251 1675 343 1702 ΤΙΤΛ.
353 1674 436 1701 N’.—
447 1672 516 1706 Περὶ
532 1670 717 1705 ἁναθέματος
729 1668 777 1695 καὶ
791 1667 970 1702 ἀφορισμοῦ.
998 1703 1000 1707 Ι

261 1741 271 1757 ι
283 1731 340 1757 υὺκ
348 1730 476 1760 εἰσοίσεις
490 1727 628 1763 βδέλυγμα
641 1727 679 1757 εἰς
689 1725 734 1751 τὸν
747 1723 820 1750 οἶκόν
832 1731 889 1756 σου,
901 1723 948 1750 καὶ
959 1722 1007 1758 ἔσῃ

217 1779 343 1813 ἀνάθεμα
358 1777 453 1812 ὥσπερ
467 1775 558 1803 τοῦτο.
582 1772 804 1810 Προσοχθίσματι
825 1766 1007 1806 προσοχῦιεῖς,

217 1825 266 1852 καὶ
282 1823 447 1859 βδελύγματι
477 1820 607 1856 βδελύξῃ,
626 1819 667 1845 ὅτι
694 1817 819 1852 ἀνάθεμα
841 1817 925 1842 ἐστιν.
947 1825 956 1842 ι
974 1831 1009 1835 -

221 1871 298 1905 ιούχ
311 1869 488 1905 εὑρεθήσεται
515 1867 544 1893 ὲν
567 1867 601 1902 τῇ
634 1864 705 1900 χειρί
729 1872 775 1889 σου
797 1862 872 1889 οὐδὲν
892 1862 945 1888 ἀπὸ
960 1862 1007 1888 τοῦ

220 1916 402 1951 ἀναθέματος,
422 1923 430 1940 ι

258 2006 341 2035 (Elim:
367 2005 470 2042 Κύριος
499 2004 568 2037 πρὸς
585 2003 706 2036 ἰησοῦψ
728 2001 766 2028 Οὺ
794 2002 921 2029 δύνανται
955 2002 1008 2029 υἱοὶ

225 2054 335 2090 Ἰσραὴλ
345 2052 493 2086 ὑποστῆναι
503 2050 573 2077 κατὰ
582 2051 726 2085 πρόσωπον
734 2050 787 2075 τῶν
796 2048 900 2084 ἐχθρῶν
908 2048 1007 2080 αὐτῶν,

218 2103 259 2128 ὅτι
270 2099 439 2134 ἐγενήθησαν
451 2097 585 2131 ἀνάθεμα.
601 2096 639 2122 Οὐ
651 2095 797 2130 προσθήσω
813 2094 853 2120 ἔτι
862 2093 920 2129 μεθ’
931 2093 1008 2128 ὑμῶν

219 2144 299 2177 εἶναι,
317 2146 364 2171 ἐὰν
382 2145 418 2179 μὴ
433 2143 548 2179 ὲξάρητε
565 2144 594 2168 τὸ
612 2141 734 2176 ἀνάθεμα
761 2141 791 2174 ἐξ
807 2140 884 2175 ὑμῶν
906 2139 1006 2166 αὐτῶν.

225 2190 357 2222 Ἀναστὰς
372 2189 485 2223 ἁγίασον
502 2189 548 2214 τὺν
570 2187 636 2214 λαὸν
648 2210 650 2213 ,
662 2188 702 2218 είς
716 2187 765 2222 τὴν
786 2185 899 2221 αὕριονι
917 2185 963 2211 καὶ
979 2184 1008 2216 ὂς

221 2214 585 2271 έιξέιξέιέὸῇ-ιέᾴρὰγκυριου,
611 2214 852 2267 καταιίαυίλήσεται
872 2231 901 2257 ὲν
928 2214 1006 2265 πυρὶ,
1025 2214 1046 2242 D

223 2284 269 2311 καὶ
296 2283 385 2309 πάντα
414 2282 464 2307 ὅσα
482 2280 555 2306 ἐστὶν
569 2278 643 2314 αὑτῷ
656 2299 663 2311 ,
679 2279 720 2304 ὃτι
737 2277 843 2312 παρέὸη
855 2276 903 2312 τὴν
916 2276 1008 2311 διαθή-

221 2338 273 2364 κην
287 2328 400 2364 Κυρίου,
417 2327 463 2353 καὶ
478 2325 605 2360 ἐποίησεν
619 2325 749 2359 ἀνόμημα
762 2323 791 2348 ὲν
813 2322 932 2357 Ἰσραήλ.
953 2321 1008 2348 Καὶ

182 2373 187 2377 ’
219 2375 354 2410 ὥρορισεν
387 2373 490 2408 Ἰησοῦς
518 2371 548 2398 τὸ
574 2369 656 2406 πρωῒ,
678 2370 724 2395 καὶ
748 2366 809 2394 εἶπε
834 2367 873 2402 τῷ
903 2367 989 2401 Ἀχάρ

225 2419 399 2454 Ἀνάγγειλόν
419 2427 474 2454 μοι,
505 2417 531 2444 τί
551 2416 692 2450 ἐποίησας.
717 2414 772 2441 Καὶ
797 2412 872 2439 εἶπεν
904 2412 1006 2447 Ἀχάρ·

220 2463 296 2491 Εἶδον
322 2466 351 2491 ὲν
377 2465 411 2499 τῇ
441 2463 566 2499 προνομῇ
591 2461 672 2496 ψιλὴν
694 2459 820 2493 ποικίλην
840 2457 937 2492 καλὴν,
961 2457 1008 2483 καὶ

219 2510 344 2537 διακόσια
356 2510 493 2545 δίδραχμα
516 2508 659 2544 ἀργυρίου,
685 2507 733 2534 καὶ
761 2505 886 2540 γλῶσσαν
905 2504 1008 2539 χρυσῆν

221 2555 389 2590 πεντήκοντα
419 2554 586 2589 διδράχμων,
615 2551 662 2578 καὶ
687 2550 782 2577 ἔλαϐον
803 2557 810 2565 ⁸
825 2549 871 2575 καὶ
891 2548 945 2575 ίδοὺ
961 2557 1008 2574 κε-

220 2599 366 2634 κρυμμένα
394 2599 462 2626 εἰσὶν
478 2599 505 2624 ὲν
518 2599 553 2634 τῇ
564 2598 616 2633 -γῇ,
632 2596 688 2624 Καὶ
709 2595 904 2630 ἐλιθοὸόλησαν
927 2594 1008 2620 αὐτὸν

221 2647 266 2674 καὶ
280 2645 383 2676 πάντας
395 2645 458 2676 τοὺς
472 2644 566 2671 αὐτοῦ.
580 2653 590 2669 ι

220 2713 313 2741 ΤΙΤΛ.
329 2713 395 2740 NA'.
411 2711 525 2745 -Περί
540 2711 681 2746 ἀμίκτων,
703 2710 752 2736 καί
769 2709 828 2736 τῶν
841 2707 1007 2742 ἁκοινωνή-

382 2756 438 2780 τως
463 2748 596 2782 ἐχόντων
615 2746 689 2780 πρὸς
707 2745 838 2778 ἄλληλα.

258 2813 269 2831 ι
283 2804 316 2831 Τί
330 2804 361 2831 τὸ
373 2804 474 2840 ἄχυρον
489 2803 556 2838 πρὸς
571 2802 615 2829 τὸν
631 2803 721 2834 σῖτον;
741 2810 748 2825 ι

258 2859 268 2879 ι
284 2851 316 2877 Τί
331 2851 492 2886 κοινωνήσει
519 2849 599 2880 λύκος
623 2847 718 2884 ἀμνῷ;
735 2846 820 2878 οὕτως
847 2846 1008 2881 ἁμαρτωλὸς

361 2898 493 2928 ΡΑτιιοιη
512 2897 571 2928 Gn.
589 2896 677 2928 Χριῆ

1097 894 1154 922 Isa.
1170 903 1245 927 xxrx.
1263 895 1306 922 19,
1321 908 1356 914 -
1369 904 1378 919 ‹
1392 893 1524 920 Homines
1535 900 1652 928 quorum
1665 893 1741 921 salus
1756 892 1851 929 deplo-

1061 945 1122 968 rata
1138 946 1207 974 erat,
1223 941 1412 976 implebuntur
1427 940 1532 967 laetitia.
1551 949 1560 965 ι

1095 987 1182 1015 Βαεὶί.
1203 986 1315 1014 Επίιογι.
1336 986 1371 1014 ad
1393 986 1466 1021 bapt.
1479 1000 1515 1006 —
1531 985 1617 1013 Nemo
1641 985 1714 1013 bona
1740 985 1850 1021 projicit

1060 1041 1156 1062 eorum
1175 1033 1389 1061 amittendorum
1409 1036 1494 1060 metu.
1510 1031 1578 1059 Nam
1595 1031 1646 1059 hoc
1669 1034 1751 1066 pacto
1774 1032 1850 1059 nulla

1061 1088 1106 1109 res
1118 1080 1238 1108 humana
1255 1080 1430 1112 consisteret,
1451 1079 1475 1107 si
1493 1079 1521 1106 in
1544 1077 1663 1114 singulis
1683 1077 1766 1105 rebus
1780 1085 1850 1113 quas

1060 1125 1263 1161 persequimur,
1291 1125 1415 1160 jacturas
1441 1124 1695 1153 consideraremus.
1722 1123 1851 1158 Agricul~

1061 1173 1130 1197 tura:
1139 1169 1212 1197 enim
1228 1169 1359 1197 sterilitas
1371 1169 1505 1202 imminet,
1520 1172 1684 1197 mercatura:
1694 1168 1848 1203 naufragia.

1061 1215 1200 1251 coniugiis
1222 1214 1381 1246 viduitates,
1397 1214 1610 1242 educationibus
1636 1214 1756 1241 ﬁliorum
1774 1214 1850 1241 orbi-

1061 1265 1143 1289 tates.
1158 1260 1252 1288 Nihilo
1268 1265 1361 1288 tamen
1383 1260 1464 1296 381
1480 1260 1572 1288 secius
1598 1267 1644 1289 res
1665 1259 1850 1295 aggredimur,

1061 1314 1170 1342 semper
1184 1306 1295 1342 quidem
1310 1305 1416 1333 laetiora
1437 1305 1517 1333 nobis
1545 1305 1707 1341 pollicentes
1729 1314 1736 1332 :
1757 1312 1850 1332 rerum

1062 1361 1126 1382 vero
1139 1360 1209 1389 quas
1223 1359 1377 1388 speramus,
1388 1355 1518 1380 eventum
1533 1351 1568 1379 ad
1583 1358 1675 1379 rerum
1690 1354 1851 1379 nostrarum

1061 1398 1278 1434 dispensatorem
1301 1397 1383 1424 Deum
1409 1396 1567 1425 referimus.

1100 1442 1240 1478 Chryaost.
1258 1458 1292 1463 —
1307 1441 1402 1478 Neque
1418 1443 1440 1471 is
1455 1443 1501 1478 qui
1519 1443 1668 1479 abignavia
1683 1448 1710 1471 et
1725 1444 1852 1472 socordia

1058 1493 1182 1518 remotus
1197 1492 1250 1520 est,
1265 1490 1294 1516 in
1322 1489 1541 1524 desperationem
1565 1497 1684 1524 unquam
1722 1490 1826 1518 incidet
1842 1499 1851 1518 :

1021 1538 1044 1569 α
1059 1541 1108 1561 nec
1123 1533 1168 1568 qui
1185 1533 1245 1560 lat-ta
1258 1540 1305 1567 spe
1319 1533 1448 1565 iactatur,
1469 1533 1502 1561 de
1516 1540 1564 1561 sua
1580 1533 1669 1562 salute
1686 1542 1740 1562 non
1756 1535 1854 1571 despe-

1059 1586 1134 1612 rans,
1151 1579 1177 1605 iu
1193 1578 1344 1606 socordiam
1370 1585 1489 1612 unquam
1519 1578 1571 1605 labi
1599 1580 1738 1613 potuerit.

1111 1662 1179 1691 TIT.
1195 1662 1304 1690 L.—De
1315 1664 1482 1691 anathemate
1498 1669 1522 1691 et
1536 1665 1818 1693 ercommuuicatiane.

1096 1719 1174 1747 Deut.
1192 1727 1244 1752 vn,
1260 1719 1306 1752 26,
1321 1718 1366 1746 2'1.
1383 1732 1418 1739 -ι
1435 1728 1444 1745 ι
1465 1719 1523 1747 Νοιι
1553 1719 1655 1747 iul‘eres
1671 1720 1852 1748 abominatio-

1059 1773 1120 1793 nem
1138 1766 1163 1793 in
1180 1765 1290 1793 domum
1321 1769 1405 1799 tuam,
1423 1773 1457 1792 ne
1472 1765 1522 1793 llas
1539 1767 1700 1797 anathema.
1732 1767 1801 1794 sicut
1825 1772 1853 1794 et

1059 1811 1126 1839 illud
1155 1815 1207 1839 est.
1236 1811 1425 1839 Detestatione
1450 1811 1647 1844 detestaberis,
1663 1815 1690 1838 et
1707 1811 1852 1839 abomina-

1060 1858 1133 1886 tione
1145 1857 1360 1890 abominaberis,
1385 1857 1516 1892 quoniam
1544 1857 1689 1884 anathema
1714 1861 1767 1885 est.
1788 1867 1798 1883 ι
1816 1872 1852 1879 -

1062 1914 1071 1930 ε
1091 1903 1151 1932 Νοιι
1167 1904 1321 1931 inveniatur
1336 1904 1363 1930 in
1378 1911 1460 1930 manu
1490 1907 1537 1930 tua
1566 1902 1714 1937 quidquam
1730 1902 1765 1930 de
1780 1909 1848 1929 ana-

1060 1950 1189 1978 themate.
1205 1959 1214 1975 ι

1095 1996 1175 2023 Iosue
1194 2003 1242 2029 vn,
1261 1995 1354 2023 12-25.
1370 2010 1405 2014 —
1422 2003 1431 2020 ι
1448 1993 1522 2021 Dixit
1544 1994 1674 2022 Dominus
1690 1993 1723 2020 ad
1737 1993 1849 2021 Jesum:

1061 2041 1119 2069 Non
1136 2044 1270 2076 poterunt
1295 2040 1341 2067 lilii
1371 2039 1455 2067 Israel
1480 2039 1629 2067 subsistere
1657 2043 1722 2066 ante
1751 2038 1850 2066 faciem

1060 2087 1234 2114 inimicorum
1250 2094 1382 2119 suorum;
1399 2085 1527 2121 quoniam
1544 2084 1609 2112 facti
1618 2090 1682 2112 sunt
1693 2086 1851 2119 anathema.

1060 2132 1119 2160 Non
1135 2132 1263 2167 adjiciam
1276 2132 1347 2159 ultra
1369 2139 1430 2159 esse
1443 2131 1595 2164 vobiscum,
1612 2131 1664 2159 nisi
1680 2130 1850 2158 abstuleritis

1062 2179 1207 2206 anathema
1229 2185 1262 2205 ex
1285 2177 1362 2204 volpis
1388 2177 1463 2212 ipsis.
1497 2175 1619 2211 Surgens
1646 2176 1788 2212 sanctilica
1804 2183 1852 2211 po-

1061 2223 1152 2260 pulum
1169 2224 1195 2250 in
1225 2223 1377 2250 crastinum
1420 2226 1448 2250 ct
1459 2222 1504 2257 qui
1534 2222 1726 2257 deprehensus
1755 2211 1850 2254 inerit,

1059 2270 1235 2297 comburetur
1266 2269 1321 2304 igni
1335 2289 1342 2302 ,
1358 2273 1386 2296 et
1407 2268 1498 2296 omnia
1524 2275 1694 2302 quaecunque
1721 2271 1786 2294 sunt
1800 2268 1823 2294 ei
1841 2275 1849 2299 ;

1060 2315 1192 2350 quoniam
1209 2319 1397 2350 transgressus
1412 2318 1453 2341 est
1469 2317 1662 2341 testamentum
1686 2311 1806 2344 Domini,
1822 2318 1849 2338 et

1060 2360 1125 2388 fecit
1155 2360 1326 2395 iniquitatem
1355 2360 1382 2387 in
1405 2358 1499 2388 Israel.
1524 2360 1558 2386 Et
1582 2358 1701 2386 diluculo
1731 2358 1848 2385 surrexit

1058 2405 1148 2440 Iesus,
1162 2411 1189 2434 et
1203 2405 1273 2433 dixit
1288 2406 1379 2433 Achar
1395 2415 1402 2431 :
1419 2405 1558 2433 Anuuntia
1573 2405 1640 2432 mihi
1656 2403 1722 2439 quid
1748 2401 1850 2430 fecisti.

1063 2453 1096 2480 Et
1110 2452 1180 2479 dixit
1196 2452 1304 2479 Achar:
1323 2451 1384 2478 Vidi
1400 2452 1426 2478 in
1443 2451 1535 2486 praeda
1552 2454 1654 2478 vestem
1671 2448 1772 2476 variam
1789 2449 1849 2483 pul-

1059 2499 1164 2530 chram,
1180 2502 1208 2525 et
1222 2498 1338 2525 ducenta
1351 2498 1527 2525 didrachmas
1549 2496 1667 2531 argenti,
1684 2499 1711 2523 et
1728 2494 1847 2529 linguam

1060 2551 1143 2571 unam
1166 2551 1276 2571 auream
1293 2543 1492 2578 quinquaginta
1507 2542 1745 2574 didrachmarum,
1761 2544 1788 2568 et
1802 2547 1848 2567 ac-

1059 2589 1119 2624 cepi
1138 2597 1144 2615 :
1161 2593 1188 2616 et
1203 2596 1267 2617 ecce
1283 2589 1440 2617 abscondita
1470 2591 1535 2616 sunt
1551 2588 1577 2614 in
1593 2591 1677 2615 terra.
1695 2585 1728 2613 Et
1741 2584 1848 2621 lapida-

1060 2639 1159 2663 vcrunt
1177 2643 1252 2669 eum,
1267 2639 1294 2663 et
1309 2642 1405 2663 omnes
1421 2635 1466 2670 qui
1484 2634 1570 2669 ipsius
1586 2637 1676 2661 erant.
1695 2642 1706 2660 ι

1059 2704 1128 2732 ΤΙΤ.
1146 2703 1265 2731 1ι1.--ι)ε
1278 2704 1310 2731 iis
1324 2712 1383 2739 (ινιτ
1397 2703 1500 2730 mtstert'
1519 2710 1570 2729 non
1581 2705 1702 2737 possunt,
1714 2709 1761 2728 nec
1776 2708 1849 2727 com-

1261 2740 1384 2767 mercium
1401 2740 1467 2766 inter
1482 2746 1509 2765 se
1522 2738 1627 2765 habere.

1095 2798 1192 2825 Jerem.
1208 2806 1285 2828 xxiii.
1303 2797 1386 2825 28.—-
1403 2807 1411 2823 ι
1432 2797 1502 2830 Quid
1533 2797 1617 2832 palea:
1633 2795 1666 2823 ad
1681 2795 1803 2822 triticum
1818 2793 1849 2820 τι

1099 2844 1187 2872 Ε‹·ιίὶ.
1201 2852 1262 2878 χιιι,
1278 2843 1305 2880 '5’,
1320 2845 1407 2874 2|."
1426 2854 1435 2871 ι
1454 2843 1524 2877 Quid
1540 2841 1757 2873 communicabit
1773 2841 1852 2875 lupus
1903 2847 1904 2850 η
1921 2836 1939 2844 "

1656 2888 1692 2920 40
